3924 6968
525 375 528 380 .
585 331 691 387 9(τὸ

1869 319 2111 378 LEONIS
2145 318 2444 376 ALLA'I‘II‘
3649 328 3723 405 an

585 450 697 502 nire
734 441 1056 514 serpentibus
1086 441 1224 496 idem
1255 441 1390 513 quod
1421 440 1582 509 pullis
1623 437 1965 492 hirundinum
2001 454 2145 490 non-

2249 451 2346 496 τας
2363 451 2376 464 ·
2410 434 2502 486 καὶ
2523 433 2647 496 τοὺς
2675 432 2876 497 ἰδόντας
2898 435 3058 489 αὐτόν
3079 450 3090 461 ·
3112 437 3209 489 καὶ
3230 434 3428 490 ὅτιτῶν
3453 437 3602 493 ἄλλων
3615 440 3728 504 ζώων

585 539 719 592 nulli
747 538 926 598 aiunt;
943 535 1108 590 oculis
1130 536 1267 589 enim
1289 542 1583 601 serpentum
1609 532 1877 595 laceratis,
1895 529 2144 584 subnasci

2249 525 2296 578 εἴ
2323 543 2374 578 τι
2408 525 2500 578 καὶ⁸
2530 525 2724 594 ἅψαιτο
2770 525 2863 578 τοῦ
2909 525 3047 591 ζὼου
3080 527 3396 598 ἁνηρμένου,
3426 531 3512 582 καὶ
3536 531 3644 585 αὐτὸ
3664 551 3726 588 τε-

585 628 720 682 alios
744 626 1011 696 referunt;
1043 626 1229 679 caudae
1263 626 1424 678 etiam
1454 623 1666 676 lacertis
1707 631 1861 692 atque
1887 619 2142 690 serpenti-

585 720 682 771 bus
712 728 998 787 amputata
1031 729 1396 770 renascuntur.
1426 712 1766 775 Plinius,lib.
1800 727 1875 774 x1,
1900 727 2020 780 cap.
2054 710 2142 774 '57,

591 811 898 880 Serpentum
913 809 1102 863 catulis
1119 819 1168 863 et
1195 808 1536 862 hirundinum
1559 805 1738 876 pullis,
1756 805 1801 858 si
1831 803 1946 872 quis
1971 808 2142 864 eruat,

589 905 792 958 renasci
823 903 1060 956 tradunt.

659 993 792 1048 ibid.
809 994 916 1047 Kat
931 992 1278 1061 νηστεύσας
1292 988 1533 1060 ἡμέρας.
1562 988 1900 1045 Aristoteles.
1917 985 1991 1040 De
2018 985 2143 1040 hist.

588 1086 752 1139 anim.
785 1087 820 1139 ι.
849 1099 968 1149 viii,
1010 1100 1058 1138 c.
1094 1083 1147 1149 4,
1179 1082 1270 1136 diu
1294 1091 1346 1135 et
1375 1088 1652 1149 serpentes
1684 1087 1739 1132 et
1760 1077 2047 1148 pbalangia
2073 1075 2150 1130 vi-

585 1193 714 1231 vere
757 1192 914 1247 posse
951 1175 1069 1230 sine
1106 1174 1228 1228 cibo
1286 1172 1535 1234 afﬁrmat,
1573 1169 1716 1240 quod
1754 1184 1819 1223 ex
1869 1167 1958 1231 iis,
2008 1182 2148 1237 quos

588 1268 1017 1338 pharmacopolae
1064 1266 1215 1319 alunt
1245 1266 1588 1333 perspicuum
1636 1269 1740 1317 est.
1793 1261 2145 1332 Epiphanius.

589 1363 643 1415 in
686 1361 920 1431 Physiol.
949 1374 1000 1412 c.
1026 1359 1130 1411 13:
1165 1358 1333 1410 Ὅταν
1365 1355 1639 1427 γηράσκῃ,
1673 1355 2031 1425 ἁμϐλύνονται
2057 1353 2150 1405 αὺ-

588 1451 680 1505 τοῦ
713 1453 761 1504 οἱ
792 1450 1074 1519 ὀφθαλμοὶ,
1106 1449 1198 1500 καὶ
1229 1447 1322 1500 ἐὰν
1369 1446 1679 1509 ἀνανεάζειν
1724 1443 1910 1500 ἑαυτὸν
1955 1445 2148 1517 βούλη-

587 1561 696 1606 ται,
723 1541 968 1612 νηστεύει
995 1542 1203 1611 ἡμέρας
1231 1539 1654 1610 τεσσαράκοντα,
1675 1538 1778 1612 Eoo;
1805 1537 1870 1592 ἂν
1896 1538 1956 1590 τὸ
1981 1537 2150 1608 δέμας

590 1634 752 1689 αὑτοῦ
779 1611 1088 1705 ίχαυνωθῇ,
1129 1633 1222 1686 καὶ
1269 1633 1512 1704 εὑρίσκει
1569 1611 1792 1701 πέτραν,
1840 1633 1934 1685 καὶ
1984 1635 2150 1703 ῥαγα-

589 1726 832 1780 δαστεύει
853 1743 866 1756 ο
907 1724 1188 1798 προκύψας
1219 1722 1276 1777 δὲ
1313 1724 1400 1777 διὰ
1442 1724 1539 1795 τῆς
1566 1723 1704 1795 ὀπῆς
1733 1724 1950 1777 ὠθεῖται
1980 1723 2150 1794 περά-

2242 616 2406 687 λευτᾷ
2431 615 2651 680 εὐθέως,
2681 633 2776 669 και
2800 617 2887 669 διὰ
2909 617 3068 671 τοῦτο
3102 620 3212 672 πᾶν
3244 619 3398 673 αὑτοῦ
3427 622 3483 674 τὸ
3507 623 3727 692 vivoan

2243 707 2414 762 ἄλλων
2459 707 2662 778 Θηρίων
2710 709 2877 776 ἐγγὺς
2920 704 3061 762 εἶναι
3092 709 3426 778 φυλάττεται.
3473 711 3642 770 Eadem
3669 733 3728 773 τε.

2247 799 2352 853 fert
2385 797 2583 862 Hortis.
2631 799 2722 853 lib.
2777 815 2816 862 ι,
2851 814 2972 868 cap.
3008 800 3062 863 1,
3111 807 3166 854 et
3203 801 3296 856 lib.
3335 817 3391 864 ll,
3421 817 3532 872 cap.
3557 804 3641 872 61;
3666 809 3728 861 Al-

2245 891 2432 946 bertus
2475 891 2718 961 Magnus.
2751 891 2844 944 lib.
2875 907 2982 945 xxv
3012 890 3088 944 De
3115 894 3302 956 auim.,
3321 897 3573 948 nominum
3599 897 3730 954 diver-

2245 983 2402 1038 sitate
2447 983 2725 1052 deceptus,
2760 983 3074 1039 basiliscum
3098 985 3510 1052 congeminando
3547 990 3657 1044 duas
3682 993 3728 1045 il-

2246 1073 2351 1128 lius
2405 1073 2615 1142 species
2691 1074 2936 1130 diversas
2986 1075 3300 1140 constituit;
3371 1077 3607 1146 siquidem
3652 1082 3730 1137 duo

2245 1166 2422 1232 capita
2476 1163 2623 1226 facit,
2661 1163 2889 1218 alterum
2923 1164 2992 1220 de
3047 1165 3318 1232 basilisca,
3351 1168 3557 1222 alterum
3582 1171 3637 1226 de
3672 1189 3733 1226 ar-

2245 1269 2420 1317 mene.
2446 1254 2723 1311 Avicenna
2746 1255 2980 1323 dubitat,
3007 1259 3152 1313 sitne
3174 1257 3311 1313 idem
3338 1276 3544 1330 serpens
3566 1277 3733 1320 armeue

2249 1362 2372 1400 cum
2406 1347 2682 1411 basilisco.
2731 1349 2816 1402 vel
2847 1350 3122 1406 diversus.
3174 1349 3424 1406 Nicolaus
3464 1351 3732 1413 Leonicenus

2249 1453 2524 1493 armenem
2553 1446 2609 1494 et
2637 1440 2951 1496 basiliscum
2984 1442 3200 1496 unicam
3220 1459 3342 1498 esse
3362 1446 3573 1513 speciem
3599 1457 3733 1502 etnon

2249 1531 2387 1586 duas
2417 1533 2602 1588 multis
2648 1535 2988 1604 argumentis
3039 1549 3103 1590 ac
3145 1536 3440 1592 rationibus
3467 1539 3644 1607 probat,
3674 1557 3734 1596 re-

2247 1620 2491 1697 fellitque
2541 1623 2841 1686 Albertum,
2873 1631 2928 1679 et
2972 1624 3328 1689 Avicennam,
3367 1635 3419 1680 et
3441 1629 3731 1696 quorumda

2251 1715 2477 1769 aliorum
2510 1717 2841 1786 opinionem,
2869 1717 2962 1786 qui
3009 1732 3285 1772 armenem
3315 1734 3472 1772 unum
3500 1735 3604 1773 cum
3627 1732 3734 1776 cato-

591 1833 702 1880 σαι,
751 1817 846 1869 καὶ
891 1783 1139 1870 subduci
1169 1783 1249 1868 ab
1295 1783 1533 1885 γῆραςί⁷
1558 1783 1984 1870 καί-ἁποὸαλὼν
2020 1783 2150 1868 αδτό

2252 1807 2407 1877 blepa
2453 1783 3166 1879 coristituebantiDecepti,
3205 1819 3261 1864 ut
3287 1819 3434 1878 puto,
3480 1814 3733 1866 auctoritate

588 1909 868 1981 τερπωλὴν
906 1908 1131 1980 παρέχει
1166 1907 1480 1964 νεανίσκων.

663 1999 819 2068 Ibid.,
851 2002 949 2054 lin.
982 2001 1068 2055 l0.
1121 1999 1233 2052 Καὶ
1263 1999 1591 2068 εἰσέρχεται
1621 2001 1709 2066 εὶς
1731 2001 1868 2069 par.
1919 1997 2152 2070 Serpen-

590 2101 674 2150 tes
705 2105 974 2150 senectam
1016 2109 1214 2148 exuere
1261 2094 1509 2148 scribunt
1535 2093 1874 2158 Aristoteles,
1908 2093 1985 2147 De
2025 2094 2148 2149 hist.

591 2187 752 2241 anim.
805 2185 896 2239 lib.
947 2200 1066 2247 vui.
1108 2200 1158 2240 c.
1197 2185 1293 2250 l7;
1330 2184 1600 2248 Ailianus,
1648 2185 1683 2239 l.
1715 2200 1788 2248 Ix,
1821 2200 1870 2240 c.
1921 2186 2021 2254 16;
2057 2185 2151 2239 Ni-

591 2278 815 2338 cander,
871 2278 924 2331 in
977 2276 1279 2341 Tlteriacis;
1333 2277 1624 2348 Virgilius,
1683 2293 1720 2330 ιι
1773 2277 1957 2347 Georg.
2011 2287 2065 2333 et
2111 2295 2150 2332 ιι

593 2368 847 2434 linem;
888 2367 1134 2431 Nonnus,
1166 2368 1518 2439 Dionysiacon
1566 2369 1601 2422 1.
1635 2384 1753 2435 xu;
1791 2368 2064 2430 Simmias.
2097 2371 2150 2424 in

592 2458 755 2524 Ala.;
792 2458 1060 2514 Tlieodor.
1111 2460 1147 2514 Ι.
1182 2474 1198 2512 ι
1234 2458 1583 2528 Therapeut.;
1625 2457 1854 2520 Plinius,
1888 2460 1923 2514 l.
1951 2475 2068 2523 viti,
2099 2475 2148 2515 c.

589 2552 659 2604 27
687 2570 700 2604 :
733 2550 931 2620 Anguis
961 2549 1188 2620 Iiyberno
1219 2551 1324 2603 situ
1357 2550 1657 2604 membrana
1679 2553 1909 2620 corporis
1930 2551 2152 2604 obducta

593 2642 823 2711 [cuniculi
854 2657 1005 2694 succo
1035 2641 1458 2707 impedimentum
1501 2641 1635 2693 illud
1667 2643 1830 2703 exuit,
1857 2640 2152 2710 nitidusque

591 2743 792 2788 uernat.
844 2732 1003 2788 Exuit
1033 2742 1206 2785 autem
1241 2748 1273 2784 a
1310 2732 1476 2800 capite
1517 2733 1766 2800 primum,
1802 2749 1892 2786 nec
1935 2733 2152 2787 celerius

591 2843 750 2899 quam
781 2843 882 2880 uno
909 2826 1012 2887 die,
1047 2843 1108 2878 ac
1141 2834 1287 2878 nocte
1317 2823 1594 2892 replicans.
1623 2835 1680 2877 ut
1705 2839 1854 2879 extra
1877 2827 1971 2895 ﬁat
1993 2842 2153 2879 mem-

595 2919 782 2977 brana.
834 2914 970 2986 quod
1019 2915 1192 2984 fuerat
1238 2914 1414 2976 intus;
1468 2912 1665 2980 llorus,
1699 2914 1734 2969 l.
1787 2930 1822 2978 I,
1873 2931 1921 2970 c.
1953 2915 2009 2968 Ξ.
2045 2913 2154 2970 Nec

597 3008 769 3078 parcit
810 3005 995 3060 hacin
1031 3021 1088 3060 re
1131 3003 1384 3059 Cardano
1427 3001 1686 3074 Scaliger,
1721 3020 1899 3060 exere.
1937 3005 2055 3068 l89,
2094 3022 2148 3061 n.

592 3099 653 3162 .5,
691 3098 785 3154 sed
819 3112 1037 3152 causam
1077 3096 1362 3151 adductam
1396 3112 1563 3166 quare
1585 3106 1862 3166 serpentes
1901 3109 2150 3152 senectu-

595 3198 703 3246 tem
759 3196 962 3242 exuant
1019 3195 1238 3256 propter
1293 3187 1591 3240 siccitatem
1638 3186 1903 3241 duntaxat
1958 3187 2153 3243 refellit

593 3281 841 3350 exemplo
871 3279 1158 3341 stellionis,
1191 3278 1283 3348 qui
1311 3291 1419 3332 non
1451 3285 1536 3333 est
1585 3279 1768 3334 siccus
1803 3287 1858 3333 et
1897 3280 2066 3343 exuit,
2100 3288 2156 3335 et

596 3375 851 3428 arborum
896 3372 1208 3434 sicciorum,
1241 3371 1332 3441 qui
1371 3371 1626 3426 corticem
1669 3372 1874 3425 nullum
1905 3379 2151 3440 mutant;

596 3467 1001 3529 cantharidum,
1032 3480 1154 3534 qua:
1185 3464 1323 3518 inter
1351 3463 1556 3518 insecta
1580 3463 1898 3518 siccissimte
1923 3472 2070 3528 sunt,
2102 3471 2154 3518 et

596 3561 852 3614 cimicnm
888 3558 1209 3620 volantium,
1241 3571 1378 3626 quos
1411 3555 1526 3626 ipse
1564 3571 1623 3611 se
1654 3557 1842 3627 igneos
1871 3565 2153 3626 expertum

597 3665 722 3706 esse
757 3652 974 3704 fatetur.

671 3742 829 3804 Ibid.,
866 3743 964 3795 lin.
995 3741 1080 3796 l5.
1104 3743 1288 3795 Ὅταν
1318 3741 1387 3795 δὲ
1419 3739 1674 3809 διψήσῃ.
1705 3738 1782 3795 De
1803 3740 2006 3809 vipera,
2035 3754 2154 3808 quae

455 3842 490 3866 ἀ
595 3849 864 3889 venenum
910 3835 1126 3903 exspuit
1159 3834 1285 3888 dum
1328 3849 1451 3888 cum
1493 3847 1731 3886 muraena
1783 3831 2148 3902 congreditur,

598 3927 736 3983 idem
755 3928 1000 3981 scribunt
1021 3927 1300 3996 Oppianus
1326 3927 1576 3981 Ἀλιευτ.
1597 3943 1613 3980 ι
1634 3944 1649 3993 ;
1671 3925 1824 3982 Phile
1841 3926 1896 3980 in
1910 3924 1937 3979 I
1943 3925 2110 3980 ambis
2130 3942 2151 3990 ;

597 4017 833 4070 Achilles
864 4016 1074 4078 Tatius.
1109 4025 1164 4070 et
1200 4017 1312 4071 alii.

667 4108 827 4171 Ibid.,
867 4109 961 4162 lin.
998 4108 1084 4164 l9.
1116 4109 1177 4162 Ὀ
1207 4108 1276 4162 δὲ
1295 4110 1664 4175 βασιλίσκος
1688 4111 1798 4164 ιόν.
1830 4110 2152 4165 Basiliscum

595 4208 650 4256 et
670 4200 868 4254 olfactu
902 4209 1202 4262 necantem,
1238 4208 1290 4254 et
1319 4201 1586 4255 hominem
1616 4202 1661 4257 si
1689 4202 1914 4271 aspiciat
1942 4209 2151 4255 tantum

597 4294 908 4349 interimere
940 4295 1073 4347 dicit
1118 4292 1346 4354 Plinius.
1384 4295 1476 4347 lib.
1513 4310 1659 4360 xxix,
1691 4309 1810 4364 cap.
1856 4294 1911 4357 4,
1957 4294 2012 4348 in
2044 4311 2153 4364 quo

597 4387 717 4440 loco
767 4401 864 4455 pro
914 4385 1133 4454 olfactu,
1187 4386 1364 4456 aﬂlatu
1412 4387 1754 4441 restituerem
1785 4402 1850 4441 ex
1875 4387 2151 4441 communi

2251 1899 2433 1965 Plinii,
2479 1901 2570 1971 qui
2611 1901 2705 1956 lib.
2748 1918 2866 1964 vui,
2900 1903 3068 1973 capit.
3102 1901 3193 1966 21,
3227 1903 3321 1965 ait,
3355 1905 3730 1974 quemadmodum

2251 1991 2587 2056 basiliscum,
2613 1992 2685 2045 ita
2712 1999 2767 2048 et
2793 1994 3134 2062 catoblepam
3161 1993 3242 2047 vel
3262 1993 3374 2047 solo
3391 2003 3586 2063 aspectu
3610 1995 3731 2047 homi-

2252 2098 2349 2137 nes
2405 2091 2569 2154 atque
2599 2084 2706 2139 alia
2734 2086 2986 2140 animalia
3013 2086 3342 2140 interimere.
3379 2085 3521 2141 Mons
3545 2087 3648 2139 item
3669 2089 3729 2157 qui

2251 2170 2530 2243 Narsingae
2582 2189 2806 2244 regnum
2858 2174 3059 2228 dividit
3107 2190 3137 2228 a
3170 2173 3448 2230 Malabaris
3479 2175 3646 2229 multas
3669 2176 3731 2228 alit

2254 2265 2417 2332 feras,
2453 2267 2593 2320 inter
2621 2283 2758 2337 quas
2783 2268 2957 2322 alatos
2989 2284 3202 2338 angues
3239 2267 3512 2323 arboribus
3535 2268 3733 2322 insisten-

2253 2364 2358 2420 tes,
2391 2373 2530 2428 quos
2561 2359 2714 2413 aiunt
2755 2361 2874 2415 solo
2904 2360 3122 2424 afflatu;
3150 2362 3233 2416 vel
3280 2363 3435 2416 etiam
3466 2362 3645 2424 obtutu,
3668 2378 3732 2416 eos

2251 2450 2343 2518 qui
2397 2452 2620 2520 propius
2671 2451 2937 2506 accedunt
2988 2453 3313 2532 interficere.
3363 2453 3525 2508 Julius
3553 2453 3733 2522 Scaliger

2253 2539 2306 2592 in
2340 2537 2668 2608 Cardanum,
2705 2545 2928 2597 exeruit.
2952 2543 3079 2598 249.
3114 2544 3297 2610 refert,
3324 2561 3379 2600 se
3427 2545 3596 2615 legisse
3631 2545 3730 2612 apud

2253 2634 2580 2688 recentiores
2604 2633 2784 2689 Romae
2804 2633 2984 2690 Leone
3007 2638 3264 2706 pontifice
3295 2637 3512 2690 maximo
3534 2636 3590 2690 ad
3610 2637 3731 2688 aedem

2251 2723 2431 2780 Lucina
2468 2725 2570 2781 sub
2600 2727 2802 2782 fornice
2829 2729 3166 2783 stabulatum
3197 2745 3318 2784 esse
3349 2729 3642 2790 basiliscum,
3665 2743 3731 2782 cu—

2248 2818 2340 2889 jus
2370 2819 2546 2873 afflatu
2583 2836 2772 2889 magna
2807 2821 2892 2875 lue
2925 2821 3120 2876 affecta
3159 2820 3329 2877 Roma
3361 2822 3535 2882 “fuerit.
3560 2836 3733 2888 eumque

2253 2908 2396 2963 illico
2452 2909 2723 2978 pontificis
2777 2911 3030 2980 precibus
3077 2912 3421 2967 exstinctum.
3482 2908 3730 2963 Basiliscum

2252 3018 2362 3056 non
2393 3002 2656 3056 incantari
2686 3011 2937 3058 testatum
2959 3011 3043 3058 est
3064 3005 3240 3059 sacris
3259 3003 3466 3058 Litteris
3489 3023 3500 3056 :
3521 3001 3628 3055 Ecce
3649 3017 3729 3070 ego,

2253 3094 2419 3163 inquit
2455 3093 2727 3160 Dominus,
2753 3097 2955 3149 mittam
2991 3099 3137 3151 uobis
3164 3108 3413 3167 serpentes
3437 3098 3625 3168 regulos,
3647 3098 3729 3166 qui-

2253 3184 2345 3238 bus
2372 3202 2472 3240 non
2492 3195 2567 3241 est
2595 3187 2900 3254 incantatio,
2920 3199 2968 3242 et
2992 3191 3300 3245 mordebant
3326 3192 3454 3244 vos‘.
3483 3189 3726 3256 Quinetiam

2252 3275 2469 3345 quidam
2500 3278 3181 3337 credideruntbasiliscuni
3217 3283 3582 3337 incantamenta
3599 3280 3727 3335 discu-

2252 3382 2384 3432 tere.
2419 3383 2472 3427 et
2501 3373 2571 3428 ab
2601 3375 2686 3430 bis
2722 3375 2833 3446 jam
2869 3385 3062 3448 captos
3097 3381 3234 3434 alios
3282 3387 3538 3450 serpentes
3565 3378 3668 3434 solvi
3689 3386 3726 3430 et

2253 3465 2491 3521 liberari.
2539 3465 2724 3521 Obiter
2768 3469 3004 3522 notanda
3036 3470 3124 3525 est
3172 3471 3257 3526 hic
3290 3471 3550 3541 Augustini
3593 3468 3723 3540 Euga-

2251 3557 2366 3613 bini
2410 3561 2700 3625 sententia,
2754 3561 2846 3632 qui
2893 3563 2946 3616 in
2993 3561 3322 3633 Cosmopieia
3370 3571 3629 3634 serpentem
3660 3562 3722 3632 qui

2253 3648 2416 3704 Evam
2466 3653 2674 3724 decepit
2732 3653 2902 3710 fuisse
2949 3656 3271 3712 basiliscum
3315 3667 3502 3720 censet.
3539 3667 3588 3711 ut
3621 3657 3721 3710 sicut

2252 3742 2520 3807 diabolus,
2551 3748 2641 3815 qui
2673 3748 2898 3802 tentavit
2928 3748 3121 3816 Evam,
3156 3753 3403 3822 princeps
3430 3751 3576 3805 fuisse
3596 3748 3721 3802 credi-

2254 3840 2342 3886 tur
2375 3835 2698 3902 dzeiuonum,
2729 3838 2803 3891 ita
2844 3855 2976 3896 usus
3009 3841 3081 3896 sit
3124 3852 3181 3896 ut
3216 3858 3410 3912 organo
3439 3857 3496 3895 eo
3519 3847 3718 3908 serpente.

2253 3927 2345 3996 qui
2407 3928 2649 3981 omnium
2707 3939 3022 4000 serpentum
3088 3942 3342 4002 tanquam
3398 3949 3482 3988 rex
3535 3932 3716 3985 habetur.

2253 4015 2408 4071 llunc
2436 4035 2564 4072 vero
2597 4035 2718 4076 esse
2761 4022 3099 4086 basiliscum,
3133 4034 3185 4080 et
3232 4040 3418 4079 nomen
3454 4024 3598 4092 ipsum
3623 4017 3717 4072 indi-

2252 4119 2359 4170 cat,
2390 4119 2443 4166 et
2489 4127 2608 4182 qua:
2653 4113 2720 4168 de
2776 4115 3081 4170 incredibili
3131 4119 3248 4188 ejus
3298 4119 3361 4171 ad
3409 4115 3654 4171 nocendum
3677 4111 3712 4163 vi

2251 4199 2457 4256 Plinius
2484 4211 2537 4256 et
2568 4203 2786 4260 Solinus
2820 4207 3060 4263 tradunt.
3655 4192 3657 4195 l

2326 4293 2484 4359 lbid.,
2516 4296 2607 4349 lin.
2640 4296 2728 4350 22.
2776 4297 3109 4366 Ἰστοροῦσι
3135 4301 3201 4354 δὲ
3231 4302 3421 4356 αὐτόν.
3453 4297 3657 4368 Origenes
3675 4291 3708 4344 in

2253 4393 2441 4440 catena
2488 4386 2671 4442 Graeca
2703 4389 2757 4441 in
2809 4388 3027 4456 Jerem.,
3061 4408 3182 4463 cap.
3213 4393 3278 4446 49
3309 4413 3320 4447 :
3347 4393 3446 4445 Kal
3485 4391 3607 4457 ὄφεις
3643 4384 3714 4452 γάρ

597 4487 881 4532 auctorum
936 4478 1224 4540 sententia,
1273 4478 1364 4547 qui
1423 4477 1600 4532 afllatu
1646 4494 1802 4532 suum
1834 4479 1982 4535 virus
2036 4479 2148 4533 cir-

2255 4479 2518 4543 ἰοϐόλὶους
2563 4481 3023 4547 εῑκατακλείσεις,
3073 4486 3194 4555 ὕψει
3229 4487 3351 4549 τοὺς
3401 4483 3604 4541 ἀσθενεῖς

597 4585 979 4640 cususpargere
1005 4569 1215 4631 dicunt,
1245 4577 1298 4623 et
1331 4570 1504 4638 ipsius
1537 4569 1690 4623 Plinii
1725 4570 1925 4631 verbis,
1966 4571 2000 4623 Ι.
2031 4585 2150 4632 vni.

597 4677 646 4715 c.
681 4661 742 4714 21
771 4680 782 4715 :
807 4659 999 4715 Eadem
1021 4671 1069 4715 et
1099 4660 1332 4714 basilisci
1357 4661 1605 4728 serpentis
1637 4669 1713 4714 est
1748 4661 1840 4714 vis.
1866 4660 2155 4730 Cyrenaica

595 4751 730 4804 [tunc
755 4761 961 4820 generat
1002 4753 1291 4820 provincia,
1334 4767 1407 4804 xii
1455 4767 1556 4803 non
1595 4751 1821 4820 amplius
1869 4753 2153 4821 digitorum

599 4842 970 4912 magnitudine,
1007 4843 1232 4896 candida
1279 4845 1330 4896 in
1363 4845 1532 4912 capite
1564 4845 1793 4907 macula,
1841 4852 1898 4897 ut
1926 4845 2154 4916 quodam

595 4933 891 4987 diademate
932 4935 1201 5003 insignem.
1252 4933 1419 4987 Sibilo
1466 4950 1639 4988 omnes
1675 4935 1825 5004 fugat
1870 4947 2151 5005 serpentes,

597 5044 686 5081 nec
727 5028 866 5095 ﬂexu
901 5028 1176 5095 multiplici
1207 5036 1261 5080 ut
1306 5027 1518 5096 reliqua:
1559 5045 1745 5098 corpus
1789 5029 2031 5098 impellit,
2062 5030 2152 5083 sed

596 5119 763 5172 celsus
800 5129 850 5173 et
892 5129 1090 5173 erectus
1136 5119 1189 5172 in
1237 5120 1403 5173 medio
1434 5121 1689 5174 incedens.
1743 5118 1909 5174 Necat
1939 5121 2153 5188 frutices

597 5227 698 5265 non
732 5221 998 5265 contactos
1029 5210 1200 5274 modo,
1249 5229 1420 5266 verum
1465 5224 1513 5266 et
1561 5212 1761 5282 aﬂlatos
1788 5228 1806 5265 :
1833 5214 2005 5265 exurit
2037 5213 2154 5266 lter-

595 5299 688 5354 bas
715 5317 732 5354 :
762 5305 954 5370 rumpit
985 5319 1141 5365 saxa,
1187 5303 1310 5356 talis
1342 5305 1416 5357 vis
1445 5305 1583 5356 malo
1623 5313 1718 5358 est.
1764 5303 2020 5366 Galenus.
2055 5305 2150 5358 lib.

599 5391 674 5445 De
702 5391 954 5447 Theriaca
981 5393 1049 5447 ad
1097 5393 1345 5448 Pisonem
1379 5412 1390 5448 :
1441 5392 1498 5448 '0
1529 5394 1625 5464 μὲν
1671 5393 1778 5464 γὰρ
1821 5394 2149 5464 βασιλίσκος.

600 5483 754 5536 Ἐστι
786 5485 894 5556 γὰρ
935 5485 994 5536 τὸ
1023 5485 1206 5556 θηρίον
1231 5486 1546 5551 ὑπόξανθον,
1582 5488 1674 5540 καὶ
1714 5487 1806 5538 ἐπὶ
1847 5490 1912 5558 τῇ
1945 5486 2149 5558 κεφαλῇ

596 5576 743 5644 τρεῖς
793 5576 1062 5645 ὑπεροχὰς
1111 5577 1270 5647 ἔχων,
1319 5578 1393 5642 ὥς
1451 5596 1633 5647 φασιν,
1681 5579 1762 5631 ὅτι
1798 5578 1890 5630 καὶ
1940 5577 2153 5649 ὁραθεὶς

598 5668 754 5741 μόνον
783 5669 875 5719 καὶ
905 5671 1163 5740 συρίττων
1194 5670 1474 5736 ἀκουσθεὶς
1497 5674 1706 5742 ἀναιρεῖ
1733 5672 1856 5734 τοὺς
1882 5670 2148 5726 ἀκούσαν-

609 5787 612 5790 ⁴
665 5766 707 5797 ⁸⁸
737 5763 935 5819 Jerem.
974 5780 1091 5831 vtil,
1123 5765 1210 5819 l7.

2254 4569 2361 4623 τῶν
2397 4571 2774 4643 δυνατωτέρων
2803 4573 2908 4626 ἀπὸ
2935 4575 3091 4646 λιμοῦ
3121 4576 3552 4646 κατεσθιομένους,
3580 4556 3711 4629 ἕωςοῦ

2252 4662 2281 4713 ὁ
2309 4662 2522 4715 πάντων
2552 4663 2895 4734 ἰσχυρότατος
2918 4665 3024 4736 πλη
3033 4666 3225 4738 ρωθεὶς
3256 4667 3353 4720 ὑπὸ
3376 4667 3470 4718 τῶν
3491 4663 3626 4730 ὄφεων
3646 4653 3709 4713 οὓς

2253 4753 2607 4824 κατεδήδοκεν
2652 4756 2680 4807 ὁ
2725 4755 3052 4828 καλούμενος
3101 4760 3318 4830 γένηται
3362 4754 3633 4827 βασιλίσκος,
3659 4745 3708 4796 ἱὸν

2253 4843 2391 4914 ἔχων
2439 4847 2503 4898 ἐκ
2550 4845 2716 4917 μόνης
2772 4846 2899 4910 θέας
2959 4853 3298 4923 καρποφόρον
3345 4848 3532 4919 δένδρον
3576 4837 3704 4910 ξηραί·

2253 4951 2429 4989 νοντα.
2471 4934 2823 5006 Epiphanius,
2868 4938 3086 4994 Advers.
3126 4941 3305 4995 limes.
3349 4941 3432 4992 lib.
3465 4951 3498 5001 ι,
3529 4941 3629 4987 tom.
3656 4925 3701 4984 ΙΙ,

2254 5026 2446 5081 haeres.
2477 5028 2567 5091 22,
2601 5037 2786 5084 narrat
2816 5029 2957 5085 hanc
2991 5047 3020 5085 a
3066 5033 3338 5086 veteribus
3365 5027 3598 5084 historiam
3621 5029 3702 5088 ρω-

2253 5119 2418 5173 ditam
2447 5135 2567 5175 esse
2599 5139 2612 5175 :
2651 5120 2783 5177 Cum
2811 5124 2982 5192 plures
3007 5125 3286 5196 aliquando
3311 5121 3495 5192 aspides
3528 5120 3571 5171 in
3593 5125 3699 5167 ansis

2253 5209 2412 5279 ﬁctile
2470 5228 2559 5267 vas
2612 5214 2891 5284 conjectie,
2949 5227 2996 5270 et
3031 5219 3082 5271 in
3115 5216 3447 5287 fundamentis
3470 5207 3696 5280 angularia!

2252 5311 2476 5371 quatuor
2505 5305 2752 5376 cujusque
2783 5307 3046 5362 idolorum
3104 5312 3274 5380 templi
3301 5311 3350 5362 in
3387 5306 3579 5377 .Egyplo
3600 5298 3696 5362 ἀφ’)

2252 5393 2369 5447 sita:
2397 5405 2586 5458 essent,
2618 5412 2681 5449 ea:
2709 5398 2773 5451 iis
2801 5399 3069 5468 aspidibus
3089 5418 3203 5473 qum
3223 5402 3399 5472 fortior
3423 5405 3521 5450 erat
3537 5393 3578 5444 in
3605 5385 3694 5439 alia!

2250 5494 2460 5556 invasit,
2498 5511 2685 5565 easque
2719 5499 3001 5558 devoravit,
3022 5516 3136 5570 quae
3156 5517 3267 5554 cum
3295 5497 3397 5552 sola
3428 5486 3693 5546 remansisstl.

2250 5590 2423 5651 etquo
2454 5599 2506 5636 se
2537 5585 2696 5638 aleret
2725 5587 2931 5642 haberet
2975 5591 3124 5655 nihil,
3159 5593 3210 5644 in
3247 5606 3298 5645 se
3325 5589 3469 5656 ipsam
3495 5583 3644 5634 retorta
3663 5574 3696 5620 tl

2252 5687 2284 5725 α
2305 5672 2475 5726 cauda
2503 5674 2759 5740 paulatim
2785 5676 3038 5732 arrodcns
3074 5691 3220 5749 parte
3240 5697 3290 5735 se
3306 5678 3581 5745 aliquatenus
3608 5671 3693 5714 cor-
