1962 3484
103 178 161 205 965

598 178 631 205 IN
651 177 836 205 EUbTATllll
857 176 1092 205 HEXAEMERON
1113 177 1229 206 NOTAE.

1668 177 1721 206 966

104 237 180 271 poris
200 236 308 269 depasta
328 241 376 268 est,
400 235 464 263 adeo
485 241 578 262 utnon
600 236 713 269 amplius
727 235 827 268 integra
845 233 890 260 sed
904 235 927 264 Α
941 234 1052 269 signito,
1076 239 1152 270 tergo
1167 234 1294 265 caeruleo,
1314 233 1401 260 cauda
1423 233 1560 261 turbinata
1578 238 1660 269 atque
1676 237 1719 263 in-

104 281 220 308 dimidia
252 281 293 307 sui
320 285 394 315 parte
416 281 540 307 mutilata
564 280 736 315 permanserit
757 288 766 307 :
788 280 887 306 idcirco

105 326 345 362 Aspidogorgonem
360 335 417 353 eam
433 327 609 361 appellarunt.
635 326 680 353 Sic
703 325 774 360 apud
804 325 887 359 Spar-

104 373 211 399 tianum
225 372 251 399 in
263 372 400 399 Antonino
414 372 472 404 Pio,
487 372 562 399 Visus
576 378 613 399 est
628 372 655 399 in
666 371 766 398 Arabia
776 372 886 405 jubatus

105 418 201 452 anguis
211 417 297 451 major
309 417 404 449 solitis,
416 419 460 452 qui
471 426 498 445 se
510 427 525 444 a
537 418 623 445 cauda
634 417 747 444 medium
763 417 883 444 comedit.

106 463 213 499 Stepius
226 472 267 491 me
283 464 391 490 memini
406 465 524 496 audisse.
543 469 569 492 et
581 465 678 500 vulgus
689 465 747 492 sine
763 465 817 491 ulla
830 465 885 491 haz-

103 509 233 536 sitatione
250 509 373 542 allirmat,
390 509 544 536 basiliscum
567 510 642 537 nasci
656 517 687 537 ex
708 517 759 537 ovo
771 510 844 544 galli,
861 511 884 537 si

104 555 214 590 quando
238 562 253 581 a
274 555 379 587 rubeta,
402 563 450 582 seu
474 556 574 583 bulone
596 556 679 583 fotum
705 556 750 583 sit.
770 556 840 583 Sane
857 556 884 582 id

103 602 164 629 sine
182 602 263 629 dubio
278 607 381 629 certum
395 605 447 632 est,
463 605 489 628 et
500 602 666 637 experientia
677 602 797 636 quotidie
810 602 885 628 vide-

101 655 165 674 mus
181 647 266 682 gallos
280 647 336 681 jam
353 650 431 674 aetate
448 646 571 674 defessos
584 655 645 674 cum
661 647 883 677 veneris.virium

101 693 302 724 imbecillitate,
335 700 423 727 neque
446 693 563 720 fructum
589 701 677 727 neque
698 701 775 721 usum
799 694 884 721 ullum

101 738 234 769 habeant,
249 746 328 765 ovum
342 746 447 773 parere,
462 738 611 766 orbiculata
622 730 720 774 ﬁgura,
738 740 829 767 colore
845 740 885 766 Iu-

101 788 160 816 teo,
184 784 349 817 ﬂavescenti,
375 785 473 812 lurido.
501 784 534 811 Et
558 785 634 818 mihi,
666 785 729 812 dum
758 785 885 814 Lucaniae

99 839 190 861 eram.
205 835 343 859 ostensum
361 831 420 863 fuit,
445 832 471 859 in
489 840 543 867 quo
558 837 656 867 praeter
678 833 760 861 hosce
778 834 883 862 colores

99 878 281 905 circumcirca
307 877 390 913 lignra
402 880 523 912 quasdam
540 887 573 906 ex
590 879 692 906 cortice
703 880 761 907 ovis
783 879 882 907 exube-

99 932 168 951 rans
193 925 376 958 spectabatur,
401 929 528 959 tactuque
549 925 649 959 optime
671 925 882 960 dignoscebatur

98 970 187 998 variis
207 969 320 998 ﬂexibus
339 971 525 1005 contortisque
546 970 619 1005 gyris
643 971 669 998 in
695 971 808 998 formam
825 979 881 999 ser-

99 1016 192 1051 pentis
216 1015 362 1047 desinens,
386 1016 553 1050 relatumque
576 1014 628 1042 fuit
650 1023 731 1043 ovum
756 1016 822 1043 illud
848 1024 882 1044 ex

98 1062 174 1097 gallo
188 1065 291 1089 natum.
312 1060 382 1095 Ἐγὼ
398 1061 426 1087 δέ
444 1069 483 1087 τοι
499 1061 529 1087 οὺ
541 1061 716 1096 ταχυπειθής,
732 1069 775 1089 me
787 1069 881 1089 eorum

99 1108 236 1136 inscitiam
251 1108 340 1134 mirari
356 1107 497 1140 dicebam;
513 1107 570 1134 lieri
587 1107 658 1134 enim
677 1115 766 1142 posse,
783 1111 812 1134 ut
823 1108 881 1143 gal-

99 1154 144 1180 lus
167 1157 290 1188 pareret:
307 1153 344 1179 illi
371 1153 591 1187 reprehensionis
605 1153 775 1188 impatientes
790 1154 881 1189 plures

99 1199 240 1226 adducunt
255 1202 339 1226 testes
354 1199 415 1226 aliis
427 1199 505 1226 annis
518 1199 543 1225 id
555 1200 636 1226 etiam
657 1199 793 1232 evenisse,
806 1204 833 1227 et
850 1200 882 1227 il-

98 1245 141 1273 los
157 1253 217 1273 esse
233 1249 316 1272 testes
328 1245 354 1271 in
373 1245 422 1271 hoc
438 1245 569 1276 oculatus.
582 1249 608 1271 et
625 1244 675 1272 lide
689 1245 795 1280 dignos.
812 1245 881 1273 Dum

99 1292 190 1318 adhuc
205 1291 352 1323 obstarem,
370 1295 397 1317 et
419 1290 496 1325 quasi
519 1298 613 1317 eorum
633 1290 694 1318 ﬁdei
710 1296 882 1327 contemptor

99 1339 201 1365 abirem
218 1346 347 1369 aversus,
363 1337 527 1365 contrahunt
543 1343 655 1370 vestem,
671 1339 751 1374 vique
772 1343 880 1374 raptum

99 1389 210 1416 cogunt,
228 1389 257 1411 ut
281 1392 333 1411 una
357 1384 543 1419 procederem.
569 1384 638 1417 Quid
661 1385 797 1412 facerem?
815 1379 880 1420 pro;

99 1431 181 1461 cessi,
206 1433 314 1457 domum
341 1431 367 1457 in
393 1438 446 1465 quo
461 1431 548 1465 gallus
573 1435 642 1462 erat,
681 1431 834 1464 invisimus,
854 1435 881 1459 et

99 1483 178 1502 ovum
196 1475 267 1502 unde
283 1475 449 1502 abstulerant
470 1476 618 1510 deponunt.
634 1476 727 1504 Gallus
742 1477 787 1511 qui
808 1476 881 1505 vidc-

99 1522 179 1548 batur
200 1522 292 1549 nescio
308 1522 444 1557 quomodo
462 1523 599 1551 turbatus.
614 1523 704 1550 statim
723 1524 814 1558 agnito
825 1523 880 1550 fetu

97 1567 241 1598 acclamat,
266 1568 393 1600 accurrit,
420 1572 509 1595 rostro
528 1567 606 1602 quasi
627 1568 801 1599 deosculans,
830 1569 881 1595 alis

96 1614 227 1648 expansis
254 1614 444 1649 superinsedit.
475 1613 655 1641 Discedimns.
679 1614 744 1641 Post
770 1614 879 1641 tertium

96 1659 170 1687 diem
187 1659 286 1687 accedo
301 1664 411 1687 vocatus
423 1669 428 1686 :
439 1659 526 1694 gallus
540 1667 620 1687 ovum
637 1659 754 1693 fovebat,
768 1659 820 1686 cibi
832 1667 880 1694 po-

96 1710 197 1740 tusque
214 1707 371 1738 immemor;
396 1713 534 1741 nunquam
556 1706 601 1733 illo
621 1705 711 1732 triduo
726 1705 821 1733 cistam
837 1713 880 1733 re-

96 1752 226 1786 liquerat.
253 1751 289 1778 Eo
314 1752 409 1784 minis},
438 1751 588 1785 baculoque
611 1751 723 1785 depulso
747 1759 827 1778 ovum
852 1751 879 1778 in

97 1797 236 1823 fornacem
256 1796 391 1830 abjicitur.
416 1795 527 1823 Pariunt
551 1796 643 1830 itaque
660 1796 733 1831 galli,
757 1799 784 1823 et
802 1796 879 1822 incu-

95 1843 175 1870 bant.
190 1841 289 1869 Verum
310 1850 342 1868 an
359 1850 391 1869 ex
413 1842 457 1868 illa
477 1842 651 1869 incubatione
675 1841 819 1869 basiliscus
838 1841 879 1876 gi-

96 1888 243 1924 gneretur?
267 1887 386 1915 Dicerem
407 1888 516 1922 aliquod
532 1887 642 1919 animal,
659 1887 741 1922 idque
762 1895 879 1914 veneno-

96 1941 159 1961 sum
174 1934 291 1968 prodire,
315 1941 378 1960 cum
401 1934 489 1969 putris
504 1934 548 1960 illa
566 1934 689 1964 materia,
705 1941 765 1968 quae
783 1933 809 1960 in
827 1940 879 1961 ovo

97 1979 173 2012 latet,
197 1984 324 2007 concreta
339 1980 365 2006 id
388 1980 485 2007 habeat
509 1980 582 2015 quod
606 1979 706 2006 similia
735 1979 877 2014 producat,

96 2033 158 2061 qua!
171 2029 198 2053 et
214 2026 277 2061 galli
294 2026 391 2059 halitu,
414 2026 455 2053 vel
471 2026 582 2053 alterius
601 2025 748 2053 animantis
763 2025 877 2052 animari

96 2080 178 2107 posse
197 2080 249 2099 non
265 2073 369 2104 dubito,
386 2076 414 2099 ut
427 2072 550 2099 videmus
567 2073 593 2099 in
611 2073 654 2104 iis,
670 2080 730 2107 qua:
743 2080 776 2099 ex
789 2072 877 2107 putri-

96 2119 141 2146 dis
166 2119 325 2154 corporibus
352 2124 528 2146 enascuntur.
554 2120 644 2152 Quare
671 2123 697 2146 et
724 2127 773 2146 sua
799 2118 878 2146 laude

97 2164 209 2200 dignum
224 2164 460 2200 estdigyptiorum
477 2165 626 2197 inventum,
642 2166 687 2201 qui
704 2166 764 2193 ovis
778 2165 877 2193 Ibidem

96 2209 271 2243 insidiantur,
288 2216 447 2246 repertaque
462 2211 599 2246 frangunt.
616 2219 650 2238 ne
668 2211 778 2238 noxium
798 2211 877 2246 quid-

94 2258 168 2293 piam
178 2258 239 2285 indc
249 2258 336 2285 trahat
345 2258 486 2293 originem,
503 2259 569 2289 sive,
579 2263 608 2284 ut
616 2258 666 2293 ipsi
674 2258 876 2291 existimabant,

94 2304 252 2332 basiliscus.
282 2304 388 2331 Etenim
406 2313 467 2331 cum
482 2305 567 2333 ibidcs
583 2309 739 2332 venatorum
755 2304 876 2331 venatio-

95 2350 178 2377 nibus
195 2350 339 2384 gaudeant,
364 2350 589 2385 serpcntibusque
605 2350 793 2383 inl'erciantur,
810 2350 876 2377 nulli

94 2397 208 2423 dubium
225 2396 368 2431 aliquando
392 2405 426 2423 ex
448 2404 541 2423 em'um
556 2397 615 2423 ovis
638 2396 796 2432 pestiferum
811 2396 876 2432 quid

94 2443 276 2470 nasciturum.
301 2442 418 2470 Consule
443 2442 673 2478 Theophylactum
697 2442 874 2474 Simocatum,

95 2487 130 2520 ρ.
157 2493 224 2519 nat.,
240 2491 337 2522 quast.
360 2487 402 2519 l4,
425 2488 498 2522 Ποίῳ
518 2487 589 2522 λόγῳ
606 2486 640 2513 τὰ
667 2486 721 2513 τῶν
739 2487 818 2513 ἴϐεων
834 2486 875 2513 ibi

94 2533 276 2569 εὐχερέστατα
293 2533 413 2560 τίκτουσι
433 2533 604 2568 βασιλίσκους
620 2533 713 2568 δφεις;
732 2533 818 2560 Aliam
834 2538 876 2560 ta-

94 2589 157 2608 men
172 2580 291 2607 basilisci
305 2580 504 2615 generationem
526 2583 620 2606 narrat
641 2580 684 2607 hic
706 2580 875 2607 Eustathius.

94 2627 231 2662 Quidquid
248 2630 336 2654 tamen
349 2627 394 2658 sit.
407 2626 530 2654 historici
547 2627 656 2654 tradunt
671 2627 732 2654 illos
748 2627 775 2653 in
785 2626 875 2653 Africa

93 2674 230 2708 generari,
244 2676 271 2700 et
291 2672 402 2700 torridis
421 2673 474 2700 illis
491 2672 648 2707 regionibus
669 2672 797 2700 nidulari.
822 2671 876 2699 Be-

95 2720 146 2747 lert
160 2719 277 2746 Levinus
287 2718 424 2749 Lemnius,
435 2719 473 2746 De
483 2721 577 2746 σοι-ιλιι.
595 2724 651 2746 nat.
669 2720 762 2745 mirae.
774 2719 822 2746 lib.
837 2727 874 2752 tv,

93 2774 153 2802 cap.
172 2766 215 2798 η,
234 2768 261 2793 in
284 2766 402 2794 Saxonia
426 2767 544 2794 basilisci
567 2766 704 2801 quoddam
726 2774 810 2801 genus
827 2766 875 2793 sil-

94 2816 184 2839 vestre
198 2812 299 2846 passim
324 2811 456 2847 conspici.
482 2811 570 2846 capite
591 2812 758 2842 acuminato.
783 2812 876 2838 colore

93 2857 172 2889 ﬂavo,
187 2859 354 2893 longitudine
369 2858 531 2890 dodrantali,
543 2858 671 2886 inusitata
682 2858 874 2890 crassitudine,

94 2910 187 2933 \cnlrc
211 2907 357 2937 tnaculosu,
383 2907 527 2941 multisun
553 2906 674 2933 candidis
703 2905 809 2941 punctis
834 2906 874 2931 in-

898 912 919 939 Β

893 1595 916 1626 α

940 287 1024 307 curva
1037 300 1045 312 ,
1072 281 1146 307 hiatu
1173 281 1299 314 rictuque
1321 280 1378 307 oris
1400 288 1449 315 pro
1464 280 1588 316 corporis
1605 289 1707 317 propor

937 326 1011 353 tione
1027 326 1169 354 immenso.
1187 326 1266 359 Quod
1282 326 1352 353 inter
1364 330 1504 361 serpentes
1523 327 1624 362 potius,
1637 336 1719 363 quam

936 371 1080 400 basiliscos
1095 372 1265 400 referendum
1290 377 1342 404 est,
1365 380 1427 399 cum
1447 380 1497 400 nec
1514 373 1599 400 halitu
1625 379 1714 400 conta-

935 417 1015 453 gione
1031 418 1158 450 alliciant,
1175 426 1225 445 nec
1240 422 1352 453 aspectu
1368 419 1636 447 necent-adorientes
1648 421 1719 453 agri-

935 465 1019 497 colas,
1038 465 1064 491 ni
1080 465 1198 500 regionis
1219 465 1293 492 illius
1310 465 1395 500 frigus
1410 467 1537 500 aerisque
1560 471 1634 493 certa
1651 472 1717 494 tem-

934 511 1023 546 peries
1038 519 1171 538 venenum
1187 511 1253 538 illud
1276 511 1312 538 ita
1329 519 1512 547 compescere,
1534 512 1719 548 impedireque

934 565 968 585 ne
988 558 1143 585 elIundatur
1167 557 1299 584 allirmare
1314 557 1439 585 velimus.
1466 557 1543 591 Quod
1568 559 1595 585 in
1613 559 1719 587 adustis

934 604 1088 638 regionibus
1113 604 1332 638 torrentibusque
1354 611 1407 630 non
1422 604 1554 631 eveniret.
1568 603 1718 640 Oppianus,

934 647 981 674 lib.
1007 655 1014 674 ι
1038 648 1171 681 Ἁλιευτ,
1188 648 1271 682 piscis
1293 647 1435 683 cujusdam
1462 648 1581 676 basilisci
1609 658 1720 679 nomine

934 694 1069 721 meminit.

969 739 1049 770 Ibid..
1066 739 1113 766 lin.
1128 739 1174 766 ‘28.
1197 739 1251 766 Ἰὸν
1264 739 1342 773 ἔχων
1361 739 1506 774 χαλεπώτ.
1521 739 1558 767 Ea
1573 740 1654 776 hujus
1670 750 1717 770 ve-

934 784 997 811 neni
1023 784 1074 816 vis,
1095 788 1126 810 ut
1151 792 1206 811 non
1232 784 1319 812 solum
1340 788 1414 812 tactu
1438 786 1574 819 absumat,
1594 787 1642 813 sed
1657 794 1718 814 eam

934 830 1016 856 etiam
1029 829 1111 857 rebus
1128 837 1142 856 a
1158 837 1187 857 se
1204 830 1374 865 consumptis
1389 831 1514 865 pestilere
1528 839 1625 866 repens
1643 833 1719 868 inge-

936 880 986 906 rat,
1004 876 1037 901 ita
1052 880 1080 901 ut
1098 879 1124 902 et
1141 875 1192 903 illae
1206 876 1288 903 etiam
1305 884 1438 903 venenum
1456 883 1586 912 spargant
1600 883 1627 905 et
1646 878 1717 905 inte-

933 922 1043 948 ritnant.
1057 921 1171 954 Plinius,
1188 922 1235 949 lib.
1251 930 1310 954 vut,
1326 931 1387 958 cap.
1407 923 1439 950 21
1461 933 1467 951 :
1485 924 1619 951 Creditum
1633 933 1719 959 quon-

932 967 995 994 dam
1017 968 1049 994 e1:
1072 976 1136 1003 equo
1152 969 1236 995 occiso
1259 968 1348 1001 hasta,
1365 973 1389 996 et
1408 978 1454 1004 per
1468 978 1526 997 eam
1548 970 1673 998 subeunte
1693 972 1718 998 vi

934 1022 985 1041 non
1005 1014 1115 1049 equitem
1136 1014 1212 1041 modo
1237 1014 1281 1041 sed
1309 1023 1401 1050 equum
1416 1024 1516 1050 quoque
1538 1016 1716 1052 absumptum.

933 1060 1070 1093 Elianus,
1096 1062 1143 1089 lib.
1167 1070 1184 1088 tt
1208 1062 1246 1089 De
1267 1062 1330 1089 hist.
1348 1064 1441 1094 anint.,
1458 1071 1518 1097 cap.
1538 1063 1564 1094 5,
1583 1064 1614 1090 Ει
1630 1063 1658 1090 δὲ
1671 1064 1718 1091 ἄν-

933 1106 1041 1141 θρωπος
1063 1106 1171 1141 κατέχει
1197 1106 1305 1141 ῥάϐδον,
1323 1104 1380 1133 εἶτα
1395 1107 1496 1142 ταύτην
1508 1108 1611 1139 ἐκεῖνος
1635 1108 1716 1145 δάκῃ,

931 1151 1061 1187 τέθνηκεν
1073 1153 1087 1179 ὁ
1099 1152 1192 1188 κύριος
1207 1152 1257 1188 τῆς
1273 1152 1365 1187 λύγου.

970 1195 1050 1227 Ibid.,
1076 1196 1124 1223 lin.
1150 1196 1194 1223 29.
1228 1197 1274 1230 Ὧς
1299 1197 1348 1224 καὶ
1376 1198 1434 1225 ἀπὸ
1457 1198 1564 1233 μόνου.
1586 1198 1716 1234 Superius

932 1240 1062 1274 diximus,
1080 1242 1236 1270 basiliscum
1252 1243 1311 1271 solo
1330 1244 1472 1271 oculorum
1494 1249 1605 1280 aspectu
1628 1246 1716 1273 homi-

932 1287 1013 1315 nibus
1037 1296 1128 1316 necem
1155 1289 1266 1321 inl'crre.
1291 1291 1374 1318 variis
1394 1290 1515 1318 historiis
1531 1291 1556 1318 id
1574 1292 1717 1319 referet-ti—

932 1333 992 1360 bus.
1008 1333 1171 1362 Franciscus
1186 1334 1332 1367 Vallesius,
1347 1336 1385 1363 De
1402 1345 1478 1363 sacra
1496 1337 1641 1373 p/tilosoplt.
1654 1346 1714 1373 cap.

932 1378 977 1412 68,
993 1380 1049 1407 haec
1064 1380 1187 1408 fabulosa
1203 1389 1264 1409 esse
1280 1382 1429 1414 contendit,
1443 1391 1493 1410 nec
1509 1391 1589 1418 posse
1617 1384 1715 1411 adduci

932 1430 962 1452 ut
980 1427 1082 1454 credat.
1098 1426 1175 1460 Quod
1196 1428 1298 1455 dictum
1320 1436 1400 1463 quam
1416 1429 1452 1456 sit
1472 1430 1499 1456 in
1515 1430 1574 1457 viro
1596 1430 1716 1465 philoso-

931 1472 985 1507 pho
1004 1473 1136 1508 ineptum,
1153 1483 1208 1501 non
1230 1479 1272 1502 est
1288 1483 1356 1510 opus
1373 1476 1467 1503 multis
1487 1478 1634 1511 explic'tre,
1652 1485 1715 1504 cum

932 1519 1082 1548 rationibus
1093 1525 1119 1547 et
1133 1522 1320 1556 expcrientiis,
1336 1530 1389 1549 non
1404 1523 1564 1558 pertinacia,
1577 1531 1629 1550 non
1643 1525 1716 1560 igna-

932 1564 974 1591 via
990 1566 1018 1592 in
1039 1566 1119 1593 rebus
1134 1567 1254 1603 physicis
1268 1568 1401 1603 agendum
1417 1570 1461 1596 sit.
1477 1568 1533 1596 Nec
1551 1570 1656 1598 videtur
1671 1579 1715 1598 sa-

932 1612 1030 1645 pientis
1048 1613 1074 1639 id
1089 1621 1160 1645 esse,
1190 1614 1253 1641 dum
1281 1622 1310 1642 se
1335 1616 1448 1650 opponit
1472 1616 1616 1643 dilIicultas
1631 1625 1713 1651 quam

931 1665 987 1684 non
1002 1658 1136 1694 intelligit,
1153 1659 1226 1686 illico
1240 1664 1369 1695 tanquam
1386 1661 1520 1692 fabulosa,
1537 1670 1597 1696 qua:
1608 1662 1643 1689 ab
1653 1663 1714 1690 aliis

930 1711 985 1731 uno
1014 1711 1149 1732 consensu
1177 1705 1323 1738 dicuntur,
1354 1706 1475 1741 rejicere.
1512 1707 1564 1735 Sed
1592 1713 1622 1734 ut
1655 1708 1713 1735 hate
1752 1703 1755 1706 ’

930 1750 1044 1785 quaestio
1068 1751 1165 1778 habeat
1190 1752 1278 1779 lucem
1303 1753 1432 1787 aliquam,
1450 1754 1647 1781 consideranda
1671 1760 1713 1783 est

930 1804 1012 1824 causa
1035 1805 1095 1832 qua:
1119 1797 1266 1825 Vallesium
1291 1799 1414 1833 itnpnlit,
1443 1804 1473 1826 ut
1498 1800 1554 1827 haec
1585 1805 1712 1835 tanquam

930 1839 997 1866 falsa
1012 1839 1163 1867 damnaret.
1180 1840 1246 1867 Cum
1260 1841 1332 1868 enirn
1357 1846 1449 1877 ageret
1467 1843 1501 1869 de
1520 1842 1712 1874 lascinatione,

929 1892 980 1912 nec
1005 1892 1099 1912 eorum
1116 1885 1270 1920 opinionem
1289 1886 1370 1913 vellet
1390 1887 1544 1920 admittere,
1564 1889 1611 1923 qui
1631 1888 1714 1915 fasci-

929 1931 1066 1958 nationem
1076 1931 1132 1958 lieri
1147 1931 1275 1959 dicebant
1285 1933 1446 1961 exeuntibus
1457 1934 1566 1961 visoriis
1582 1935 1676 1965 radiis,
1686 1938 1713 1961 et

929 1984 989 2004 cum
1006 1977 1048 2004 his
1064 1977 1163 2004 delerri
1180 1985 1294 2012 vapores
1303 1986 1532 2014 venenosos,quas
1546 1980 1640 2015 opinio
1656 1988 1710 2008 non

928 2022 1069 2050 videbatur
1083 2023 1121 2050 illi
1138 2024 1302 2056 communis,
1315 2025 1361 2052 sed
1377 2029 1480 2052 tantum
1493 2025 1710 2058 Platonicorum,

930 2076 964 2096 ne
980 2073 1131 2104 cogeretur,
1148 2070 1272 2104 quamvis
1285 2070 1342 2105 ipse
1353 2070 1380 2097 id
1395 2078 1448 2098 non
1467 2071 1593 2107 attingat,
1611 2073 1637 2099 in
1651 2081 1710 2100 eam

929 2116 968 2143 ire
992 2115 1164 2148 sententiam,
1185 2116 1208 2144 si
1231 2117 1353 2144 basilisci
1373 2125 1542 2145 venenosum
1571 2124 1711 2154 aspectum

928 2162 1099 2194 concederet,
1131 2162 1252 2190 fabulosa
1277 2170 1338 2190 esse
1353 2171 1412 2202 quae
1436 2163 1469 2191 de
1492 2164 1619 2192 basilisco
1642 2165 1711 2192 tanti

927 2207 979 2234 viri
1006 2207 1176 2235 tradiderunt
1200 2208 1349 2236 contendit.
1374 2208 1451 2242 Quod
1471 2210 1595 2244 quamvis
1617 2215 1712 2238 contra

893 2264 915 2291 ι)
929 2254 1083 2282 Aristotelis
1096 2255 1259 2281 sententiam
1270 2254 1364 2282 nescio
1381 2256 1519 2289 quomodo
1536 2255 1626 2284 facere
1639 2257 1710 2284 vide-

931 2304 984 2332 tur,
1005 2304 1095 2326 tamen
1121 2307 1171 2326 nec
1194 2299 1393 2327 Platonicorum
1408 2301 1500 2335 opinio
1522 2301 1710 2333 conﬁrmatur,

929 2353 980 2373 nec
995 2345 1235 2381 Peripateticorum
1260 2346 1402 2373 refellitur.
1427 2346 1575 2374 Basiliscus
1594 2355 1711 2382 namque

929 2400 983 2420 non
1001 2393 1147 2420 emissione
1161 2392 1310 2423 radiorum,
1323 2393 1423 2427 quibus
1441 2396 1570 2427 tanquam
1580 2393 1711 2420 vehiculis

929 2446 1063 2466 venenum
1087 2443 1114 2465 et
1134 2445 1205 2465 noxa
1220 2438 1278 2465 \‘iso
1293 2438 1442 2470 deferatur,
1460 2438 1507 2465 sed
1524 2438 1636 2466 humido
1648 2447 1711 2466 ocu-

929 2483 1027 2516 lorum,
1043 2483 1071 2510 in
1086 2491 1141 2518 quo
1155 2488 1283 2519 tanquam
1301 2483 1425 2519 subjecto
1446 2491 1580 2511 venenum
1599 2488 1651 2516 est,
1669 2484 1711 2511 in—

929 2530 985 2556 ﬁcit
1000 2537 1074 2562 aera,
1089 2534 1116 2557 et
1130 2537 1178 2565 per
1195 2529 1269 2556 illum
1291 2529 1439 2561 hominem,
1454 2534 1481 2556 et
1501 2534 1627 2565 aspectus
1647 2533 1711 2556 tan-

929 2579 987 2602 tum
1003 2575 1150 2610 requiritur
1172 2579 1200 2602 ut
1217 2574 1317 2610 dirigat
1337 2575 1402 2602 illud
1422 2583 1555 2602 venenum
1578 2574 1605 2602 in
1619 2574 1709 2601 homi-

929 2630 990 2650 nem
1015 2630 1095 2656 quem
1116 2622 1197 2649 videt.
1224 2620 1296 2648 Nulli
1324 2621 1395 2649 enim
1413 2621 1524 2648 dubium
1541 2628 1603 2648 esse
1618 2620 1708 2651 debet,

929 2670 981 2697 hoc
997 2670 1097 2697 animal
1113 2678 1191 2697 suum
1204 2670 1373 2705 pestilentem
1388 2670 1512 2702 halitum,
1534 2677 1588 2696 non
1603 2673 1708 2696 tantum

929 2725 1009 2753 quem
1028 2725 1074 2745 ore
1097 2717 1192 2752 spirat,
1214 2717 1259 2745 sed
1275 2720 1301 2744 et
1318 2724 1398 2752 quem
1422 2719 1480 2743 toto
1495 2723 1608 2751 corpore
1626 2716 1709 2743 exha-

928 2765 976 2793 lat.
1003 2764 1141 2792 eil'underc
1166 2764 1343 2791 circumcirca
1368 2771 1416 2798 per
1440 2767 1524 2789 totum
1549 2770 1638 2790 aerem
1653 2770 1709 2789 am-

928 2811 1056 2841 bientem,
1081 2818 1196 2845 eumque
1215 2810 1334 2838 inlicere.
1355 2809 1492 2844 Singulari
1514 2813 1603 2835 tamen
1625 2809 1707 2836 modo

928 2858 1067 2885 oculorum
1083 2862 1168 2889 motu,
1185 2863 1273 2883 aerem
1290 2863 1471 2886 commovere,
1487 2859 1514 2882 et
1530 2855 1706 2889 perniciosio-

929 2913 983 2931 rcm
1000 2904 1120 2931 reddere.
1142 2903 1193 2930 Sed
1210 2903 1291 2929 multa
1311 2903 1432 2930 fabulosa
1457 2906 1483 2930 et
1501 2901 1561 2929 ﬁcta
1578 2901 1704 2932 Vallesio,

2 3131 1660 3465 ἡ
