3924 6968
619 322 725 380 967

1950 317 2192 375 LEONIS
2231 317 2506 373 ALLA'I‘II
3675 325 3752 380 963

619 441 800 503 etiam,
826 436 958 507 proh
989 436 1172 491 nefas!
1203 452 1267 492 ex
1300 437 1470 492 sacris
1498 435 1817 507 Scripturis,
1851 437 1994 506 quod
2018 453 2177 506 quam

2284 453 2375 508 ρος
2391 435 2448 488 ἐν
2463 434 2639 504 εὐδινῇ
2658 433 2978 487 καταστάσει
2995 432 3402 505 φυλαττομένου.
3425 430 3611 507 Ἀμέλει
3622 437 3700 492 οὐκ
3709 442 3753 494 ἄν

623 533 792 601 pium,
815 545 977 600 quam
999 537 1194 593 tutum,
1219 545 1378 600 quam
1400 529 1768 585 Christianum
1797 530 1888 583 alii
1914 529 2179 600 judicent.

624 620 814 675 Melius
857 629 942 675 est
988 621 1261 676 inscitiam
1309 621 1464 676 fateri
1514 636 1692 685 suam,
1743 636 1906 691 quam
1958 621 2047 674 ubi
2098 636 2184 675 res

623 711 768 778 ipsas
826 725 931 765 non
977 711 1215 776 noveris,
1266 711 1508 766 scientia:
1547 711 1933 782 sapientiaeque
1993 710 2182 764 obtutu

623 800 836 857 inﬁcias
899 801 978 856 ire
1013 821 1026 856 :
1060 811 1114 857 et
1145 818 1266 872 qua:
1294 799 1528 872 Spiritus
1559 809 1782 856 sanctus
1821 802 1936 870 ipse
1963 800 2186 854 dictavit

621 891 865 962 negando
890 893 945 946 in
979 907 1196 948 sensum
1230 891 1394 946 alium
1423 891 1766 973 detorquere.

691 980 852 1048 lbid.,
882 983 979 1037 lin.
1010 977 1098 1037 3t).
1144 983 1198 1036 Ὀ
1231 983 1298 1036 δὲ
1323 983 1633 1050 κάνθαρος.
1666 981 1742 1035 lta
1783 982 1944 1036 etiam
1980 979 2182 1046 Horus,

605 1072 717 1127 'lib.
785 1091 824 1136 ι,
878 1088 999 1144 cap.
1051 1073 1150 1140 10,
1200 1073 1319 1144 βοὸς
1377 1074 1675 1144 άφόδευμα.
1748 1072 1944 1129 Suidas
2005 1084 2182 1130 tamen

621 1165 764 1220 δνου.
793 1165 1004 1220 Plinius
1039 1181 1106 1221 ex
1139 1165 1384 1236 Virgilio,
1427 1164 1678 1236 Virgilius
1699 1167 2042 1235 juvencorum
2075 1184 2186 1221 cor-

620 1271 744 1323 pore
777 1257 1101 1320 exanimato,
1141 1257 1274 1310 sicut
1295 1273 1543 1326 equorum
1565 1271 1766 1326 vespas,
1797 1267 1950 1326 atque
1979 1259 2187 1314 crabro-

622 1365 732 1412 nes,
762 1350 897 1402 sicut
942 1351 1211 1403 asinorum
1252 1348 1547 1402 scarabaeos
1585 1357 1820 1402 mutante
1857 1359 2076 1428 natura,
2121 1366 2185 1404 ea:

621 1440 745 1493 aliis
777 1440 1016 1510 qua’dant
1054 1442 1107 1493 in
1132 1440 1262 1494 alia.
1306 1439 1439 1494 Vide
1475 1440 1835 1509 Epiphanium
1863 1441 1916 1495 in
1947 1441 2181 1496 Ancirot.

619 1532 870 1588 Clemens
892 1533 1017 1587 item
1061 1532 1256 1602 ngot.
1286 1549 1363 1595 vi,
1407 1533 1651 1588 homines
1687 1534 2050 1602 voluptatibus
2092 1533 2187 1589 im-

623 1624 846 1693 pensius
884 1623 1115 1689 deditos,
1149 1631 1204 1680 et
1251 1624 1555 1689 immersos,
1592 1639 1656 1678 ac
1699 1625 1880 1680 ebrios
1926 1633 2182 1696 tanquam

621 1711 914 1766 cantharos
941 1713 997 1766 in
1025 1721 1263 1767 stercore
1293 1713 1525 1766 volutari
1554 1714 1763 1768 scribit.

2285 528 2414 590 ἴδοις
2428 525 2630 597 ὄμϐρον
2659 526 2722 578 ἐκ
2737 525 2909 596 νεφῶν
2923 525 3263 595 ἀπορρυέντα
3287 527 3406 595 παρ’
3419 526 3529 578 ὅσον
3546 528 3697 595 χρόνον
3711 533 3754 584 ἐκ

2282 617 2389 669 τῶν
2409 617 2710 688 μυρμήκων
2729 618 2758 668 ὁ
2773 618 2915 679 σῖτος
2930 616 3306 688 προϐέϐληται.
3326 614 3508 682 Borus,
3524 617 3604 672 lib.
3627 635 3751 692 ηερ.

2283 708 2371 767 52.
2391 709 2486 772 ait,
2503 707 2756 764 formicas
2771 712 2826 765 in
2844 711 3072 766 hiemem
3089 713 3191 765 sibi
3209 714 3355 769 cibos
3371 730 3628 787 congerere
3639 733 3682 774 et
3698 738 3754 776 eo-

2283 816 2403 854 rum
2417 801 2653 856 studium
2679 802 2733 856 in
2754 803 2996 872 parando
3029 803 3131 858 sibi
3158 803 3299 865 cibo.
3314 813 3366 860 et
3390 809 3666 878 colligendis
3682 813 3754 867 [ru-

2282 892 2460 946 ctibus
2483 893 3108 963 expressitAristoteles,
3138 895 3229 950 lib.
3252 912 3324 962 ix,
3355 914 3466 968 cap.
3490 900 3568 953 38.
3585 900 3753 967 Plinius,

2283 982 2375 1036 lib.
2413 999 2488 1045 ιι,
2531 999 2651 1054 cap.
2693 984 2782 1048 50,
2811 1001 2873 1039 ex
2898 985 3211 1047 Aristotele.
3258 987 3459 1041 Semina
3489 1007 3649 1045 arroso
3671 1011 3756 1047 con-

2282 1073 2436 1138 dunt,
2489 1090 2553 1128 ne
2597 1091 2781 1128 rursus
2824 1077 2879 1130 in
2915 1076 3096 1146 fruges
3136 1088 3316 1130 exeant
3351 1095 3376 1132 e
3411 1089 3557 1135 terra.
3602 1083 3758 1152 Maiora

2283 1167 2352 1220 ad
2382 1168 2654 1220 introitum
2691 1167 2952 1222 dividunt.
3003 1167 3305 1238 Hadefacta
3344 1171 3494 1226 imbre
3528 1175 3758 1242 proferunt,

2283 1270 2436 1330 atque
2463 1260 2682 1316 siccant.
2709 1260 3008 1329 Operantur
3032 1269 3081 1313 et
3101 1274 3255 1314 noctu
3273 1263 3418 1330 plena
3442 1265 3570 1319 luna.
3602 1265 3759 1321 Eadm

2282 1350 2562 1406 interlunio
2583 1363 2806 1408 cessant.
2824 1352 2952 1406 lam
2978 1354 3036 1407 in
3052 1369 3204 1419 opere
3222 1355 3308 1423 qui
3336 1355 3508 1408 labor!
3530 1373 3628 1426 quae
3645 1360 3758 1412 seds-

2283 1438 2446 1492 lilas!
2481 1439 2750 1504 Elianus,
2787 1442 2880 1495 lib.
2915 1455 2977 1506 ιι,
3019 1457 3142 1511 cap.
3171 1440 3275 1508 25;
3308 1441 3550 1514 Georgius
3582 1445 3758 1512 Pisides,

2283 1528 2362 1584 Dc
2392 1531 2573 1584 mundi
2601 1533 2843 1601 api/icio;
2872 1531 3233 1604 Epiphanius,
3271 1534 3324 1586 in
3353 1532 3756 1610 Physiologo.cap.

2282 1638 2452 1688 XVIII;
2504 1631 2695 1678 auctor
2745 1624 2988 1694 epistola:
3027 1624 3096 1678 ad
3148 1623 3468 1694 praesidium,
3518 1625 3602 1681 Dio
3641 1629 3763 1701 Chry-

2283 1724 2576 1780 sostomus,
2603 1716 2848 1771 oratione
2870 1717 3096 1786 politica
3128 1717 3182 1770 in
3212 1718 3486 1780 concione,
3511 1720 3604 1771 Kal
3631 1721 3759 1790 μέντοι

693 1805 825 1859 Ibid.
855 1805 1220 1873 Κυκλοτερὲς
1233 1804 1456 1875 σχῆμα.
1489 1805 1687 1868 Horus,
1718 1807 1811 1860 lib.
1846 1822 1884 1871 ι,
1923 1822 2043 1878 cap.
2074 1807 2138 1862 10
2166 1826 2177 1862 :

2285 1809 2376 1861 καὶ
2415 1807 2707 1879 μύρμηκας
2735 1784 2887 1862 πάνυ-
2905 1808 3081 1880 ἡδέως
3122 1809 3247 1863 ἰδεῖν
3277 1810 3434 1874 ἐστιν,
3455 1811 3585 1876 ὅπως
3607 1784 3684 1883 μὲν
3715 1819 3760 1868 ol-

620 1895 854 1949 Πλάσσει
887 1895 1221 1966 σφαιροειδὲς
1255 1896 1726 1968 παραπλήσιοντῷ
1755 1898 1943 1970 κόσμῳ
1977 1899 2181 1970 σχῆμα,

619 1987 646 2038 ὃ
675 1990 739 2040 ὲκ
766 1987 873 2040 τῶν
905 1988 1165 2042 ὀπισθίων
1209 1987 1388 2058 μερῶν
1415 1988 1638 2052 κυλίσας
1666 1989 1773 2042 ἀπὸ
1815 1991 2078 2063 ἀνατολῆς
2105 1994 2185 2054 εἰς

617 2079 767 2132 δύσιν
799 2079 958 2144 αὐτὸς
984 2077 1118 2151 πρὸς
1149 2080 1407 2151 ἀνατολὴν
1437 2080 1641 2150 βλέπει,
1669 2081 1755 2134 ἵνα
1789 2082 1972 2154 ἁποδῷ
2007 2083 2068 2136 τὸ
2091 2085 2182 2138 τοῦ

618 2171 821 2241 κόσμου
871 2173 1074 2243 σχῆμα.
1109 2170 1375 2243 Georgius
1413 2171 1645 2236 Pisides,
1690 2172 1766 2226 De
1807 2174 1994 2228 mundi
2031 2176 2185 2245 opiﬁ-

618 2264 735 2327 cio;
771 2261 1053 2328 Elianus,
1081 2264 1177 2320 lib.
1225 2281 1281 2328 ι,
1325 2280 1446 2335 cap.
1482 2265 1589 2320 15:
1633 2265 1690 2318 Ὀ
1726 2266 1992 2339 κάνθαρος
2015 2267 2183 2340 ἄθηλυ

616 2354 754 2418 ζῶόν
787 2357 919 2410 ἐστι.
949 2357 1165 2429 Σπείρει
1184 2357 1239 2409 δὶ
1266 2359 1344 2422 είς
1363 2358 1461 2428 τὴν
1481 2360 1710 2429 σφαῖραν
1733 2360 1796 2430 ἢν
1813 2359 1981 2412 κυλίει
1997 2377 2011 2390 ο
2039 2359 2183 2414 ὀκτὼ

616 2445 673 2499 δὲ
737 2447 830 2500 καὶ
879 2447 1049 2500 εἴκοσι
1084 2446 1304 2518 ἡμερῶν
1363 2446 1516 2501 τοῦτο
1565 2448 1791 2520 δράσας,
1849 2451 1943 2504 καὶ
1978 2449 2182 2520 θάλψας

615 2538 806 2610 αὐτὴν,
823 2535 938 2592 εἷτα
960 2539 1139 2610 μέντοι
1157 2543 1223 2610 τῇ
1247 2540 1339 2592 ἐπὶ
1361 2540 1583 2604 ταύταις
1598 2542 1824 2612 προάγει
1839 2542 1928 2596 τὸν
1949 2543 2178 2600 νεοττόν.

685 2629 843 2695 lbid.,
871 2630 968 2685 lin.
1002 2630 1091 2710 51.
1139 2631 1292 2683 Φασὶ
1317 2629 1385 2683 δὲ
1414 2632 1620 2686 αὐτόν.
1656 2630 1696 2684 F
1700 2642 1816 2686 orte
1853 2631 1920 2687 ad
1965 2633 2066 2688 hoc
2097 2649 2181 2688 re—

616 2721 793 2788 spexit
833 2721 1177 2785 Aristoteles,
1229 2720 1306 2774 De
1351 2721 1476 2776 hist.
1518 2723 1685 2776 anim.
1721 2724 1815 2778 lib.
1860 2741 1911 2789 v,
1939 2739 2060 2795 cap.
2089 2725 2176 2791 19,

616 2808 887 2866 δεον-ιιὺωί
917 2813 1156 2882 pilularii
1189 2813 1244 2865 in
1272 2813 1396 2881 ﬁmo
1435 2829 1586 2883 quem
1633 2814 1838 2868 volvunt
1881 2815 2180 2871 conduntur

613 2920 706 2974 per
743 2905 960 2959 hiemem
1005 2920 1289 2976 parvosque
1335 2905 1642 2959 vermiculos
1683 2907 1922 2976 pariunt,
1971 2924 2035 2963 ea:
2061 2910 2179 2980 qui-

613 2997 710 3050 bus
740 2996 841 3064 ipsi
861 3008 1223 3066 procreantur.

681 3108 840 3174 lbid.,
876 3110 972 3163 lin.
1000 3107 1088 3163 52.
1124 3109 1205 3162 οὐ
1248 3107 1356 3178 γὰρ
1381 3105 1570 3176 θῆλυς
1598 3105 1777 3176 ὑπὰρ.
1813 3107 2010 3173 Hortis,
2055 3108 2175 3164 loco
2201 3130 2242 3188 α

613 3203 779 3256 citato
808 3201 882 3255 De
927 3199 1050 3254 hist.
1083 3199 1242 3253 anim.
1278 3197 1372 3254 lib.
1409 3215 1465 3264 ι,
1509 3214 1629 3270 cap.
1664 3200 1760 3264 15,
1792 3201 1982 3256 scribit
2003 3200 2172 3273 Egy-

613 3293 848 3364 ptiorum
865 3291 1153 3347 bellatores
1171 3291 1224 3346 in
1253 3290 1469 3345 aunulis
1491 3290 1820 3361 insculptum
1839 3293 2169 3348 scarabaum

611 3393 858 3461 gestasse
887 3384 952 3439 ad
989 3382 1402 3455 signiﬁcandum
1431 3383 1563 3438 solis
1597 3384 1842 3439 maribus
1871 3400 1968 3453 pro
1997 3386 2170 3456 patria

611 3493 735 3533 esse
764 3477 1093 3540 bellandum,
1117 3475 1262 3546 quod
1306 3476 1614 3531 scarabaeus
1658 3484 1810 3532 caret
1843 3477 2057 3534 femina.
2080 3481 2172 3532 Al-

611 3569 852 3637 γυπτίων
907 3567 962 3620 δὲ
1008 3568 1058 3620 οἱ
1097 3567 1322 3638 μάχιμοι
1371 3567 1462 3620 ἐπὶ
1520 3566 1628 3620 τῶν
1688 3566 1984 3621 δακτυλίων
2028 3564 2170 3640 εἶχον

611 3659 1048 3734 ὲγγεγλυμμένον
1092 3657 1380 3728 κάνθαρον,
1420 3658 1786 3728 αἰνιττομένου
1813 3659 1907 3714 τοῦ
1943 3661 2170 3731 νομοθέ-

611 3772 704 3808 του
736 3752 844 3805 δεῖν
876 3751 1108 3823 ἄρρενας
1152 3744 1290 3801 εἶναι
1321 3746 1528 3809 πάντας
1565 3747 1740 3816 πάντη
1770 3746 1896 3810 τοὺς
1935 3748 2171 3819 μαχομέ-

611 3863 734 3909 νους
767 3843 906 3914 ὑπὲρ
938 3841 1035 3912 τῆς
1062 3839 1264 3911 χώρας.
1309 3838 1458 3892 Ἐπεὶ
1486 3839 1580 3893 καὶ
1605 3841 1634 3892 ὁ
1658 3838 1923 3912 κάνθαρος
1953 3839 2171 3911 θηλείας

612 3935 824 4006 φύσεως
849 3933 909 3985 οὺ
941 3929 1274 4002 μετείληχεν.

679 4024 812 4082 lbid.
847 4022 953 4077 Kal
986 4023 1039 4074 οι
1073 4021 1375 4089 Αἰγύπτιοι
1406 4018 1505 4072 διὰ
1544 4018 1677 4086 τήν.
1730 4019 1928 4075 Praeter
1960 4019 2172 4077 Plutar-

550 4135 553 4139 ·
610 4120 773 4176 chum
801 4124 856 4170 et
889 4111 1186 4174 Amanum,
1228 4109 1494 4164 Eusebius
1529 4109 1622 4162 lib.
1653 4125 1710 4162 ιιι
1762 4109 1840 4164 De
1880 4120 2165 4180 prwparat.

609 4211 840 4281 evangel.
873 4209 1013 4264 idem
1065 4208 1219 4262 adert
1245 4223 1308 4263 ex
1341 4207 1434 4260 lib.
1467 4206 1730 4278 Porphyr.
1761 4206 1901 4275 Περὶ
1924 4205 2030 4274 τῆς
2053 4207 2171 4260 τῶν

608 4305 893 4373 ἐμψύχων
906 4299 1156 4370 ἀποχῆς.
1179 4298 1461 4368 Αἰγύπτιοι
1490 4298 1546 4351 δὲ
1571 4298 1872 4368 ὲσέφθησαν
1891 4299 1965 4362 ὡς
1989 4300 2171 4354 εἰκόνα

609 4397 761 4468 ἡλίου
808 4395 1078 4465 ἔμψυχον,
1119 4393 1174 4445 in
1206 4407 1365 4462 quem
1410 4390 1672 4445 acerrime
1715 4390 1989 4446 invehitur
2028 4390 2169 4445 Pisi-

2283 1901 2436 1954 κοῦσι
2465 1902 2582 1972 μετ’
2608 1901 2850 1972 ἀλλήλων
2887 1901 3149 1965 εὐκόλως,
3181 1902 3326 1964 ὅπως
3353 1902 3405 1955 δὲ
3442 1903 3636 1969 ἐξίασιν,
3658 1907 3758 1971 ὅπως

2280 1993 2335 2046 δὲ
2356 1993 2424 2046 τὰ
2453 1993 2592 2065 βάρη
2620 1993 3146 2064 μεταλαμϐάνουσιν,
3176 1994 3320 2058 ὅπως
3347 1994 3400 2047 δὲ
3425 1997 3757 2068 παραχωροῦσιν

2281 2084 2528 2156 ἀλλήλοις
2563 2084 2670 2138 τῶν
2705 2084 2856 2137 ὁδῶν.
2894 2082 2967 2138 De
3009 2084 3361 2139 formicarum
3391 2086 3442 2140 in
3478 2088 3637 2140 labore
3667 2091 3756 2143 assi-

2280 2177 2487 2233 duitate
2505 2192 2612 2232 non
2628 2174 2919 2246 injucunda
2937 2185 3023 2230 est
3039 2176 3332 2247 Aphthonii
3351 2178 3584 2248 sophistae
3604 2179 3754 2234 fabella.

2350 2268 2510 2335 lbid.,
2554 2270 2650 2323 lin.
2689 2269 2778 2324 45.
2817 2268 3058 2323 Βδέλλα
3094 2269 3530 2336 σκωληκοειὲιές.
3569 2269 3629 2325 De
3655 2272 3758 2324 hiru-

2279 2361 2500 2418 dinibus
2543 2361 2908 2426 Dioscorides,
2949 2361 3048 2416 lib.
3097 2377 3176 2425 τι,
3209 2377 3326 2433 cap.
3367 2361 3451 2426 32,
3480 2371 3527 2417 et
3557 2363 3758 2434 Apsyrtus

2280 2455 2418 2524 apud
2449 2454 2662 2509 collect.
2693 2452 2972 2523 Geoponic.
2998 2453 3096 2508 lib.
3134 2470 3244 2510 xvi.

2346 2544 2504 2609 lbid.,
2537 2545 2631 2600 lin.
2663 2545 2751 2599 54.
2796 2544 2915 2599 Τῶν
2944 2544 3016 2598 δὲ
3043 2547 3238 2615 ὄφεων
3268 2547 3361 2599 καὶ
3393 2545 3515 2602 τῶν.
3545 2545 3758 2616 Theophy-

2276 2636 2452 2691 lactus
2484 2634 2792 2690 Simocatus
2818 2636 2872 2690 in
2909 2635 3120 2702 Quwst.
3153 2638 3495 2704 naturalibus,
3522 2638 3757 2704 σαπείη,

2276 2727 2342 2783 de
2376 2728 2536 2791 ibide,
2569 2728 2789 2781 ’Ἡδεται
2812 2727 2962 2780 τουτὶ
2982 2728 3047 2781 τὸ
3073 2729 3261 2799 ὄρνεον
3285 2730 3402 2783 τινὰ
3424 2728 3604 2799 δυσώδη
3633 2729 3756 2781 σιτού-

2280 2837 2436 2890 μενον
2457 2837 2469 2847 ’
2487 2818 2662 2890 χαίρει
2687 2818 2741 2872 δὲ
2766 2820 2999 2890 μάλιστα
3017 2822 3112 2874 καὶ
3127 2824 3248 2884 ταῖς
3271 2821 3375 2874 τῶν
3393 2819 3586 2874 ἰοϐόλων
3598 2822 3757 2889 ἄγραις,

2276 2910 2714 2982 πολυϐορώτατον
2737 2912 2817 2966 δν.
2863 2911 3022 2965 Ἀλλὰ
3052 2913 3148 2967 καὶ
3184 2915 3293 2976 τοῖς
3312 2912 3489 2983 ὄφεσιν
3517 2912 3622 2975 ῖΰις,
3646 2911 3760 2964 καθά-

2276 3017 2381 3072 περ
2419 3001 2447 3053 6
2488 2999 2814 3071 βασιλίσκος,
2860 3001 3141 3072 πολέμιον.
3194 3002 3285 3055 Διὸ
3335 3004 3423 3055 κα1⁵
3469 3002 3616 3070 πτερὰ
3646 3000 3758 3053 ῑόεων

2277 3092 2510 3164 πολέμια
2550 3092 2754 3161 ὄφεσιν.
2803 3093 3158 3166 Ἑμφορείται
3183 3093 3240 3146 δὲ
3287 3092 3492 3164 σαρκῶν
3519 3091 3660 3160 ὄφεων
3694 3091 3758 3143 καὶ

2277 3185 2568 3257 σκορπίων,
2599 3187 2692 3240 καὶ
2725 3185 2954 3257 γέγηθεν
2983 3187 3080 3239 ἐπὶ
3107 3185 3277 3258 ταύτῃ
3305 3187 3367 3257 τῇ
3391 3187 3534 3257 Θήρᾳ.
3566 3184 3670 3239 Vide
3689 3182 3757 3237 Pe-

2276 3284 2418 3330 trum
2431 3275 2771 3338 Damianum.
2797 3277 2887 3330 lib.
2906 3292 2965 3339 ii,
2983 3291 3110 3346 cap.
3129 3277 3214 3332 18.
3237 3276 3339 3330 Sed
3357 3276 3556 3332 deibide
3571 3275 3752 3329 inferius.

2343 3364 2476 3422 Ibid.
2523 3368 2650 3435 Τοῖς
2690 3368 2760 3422 δὲ
2807 3367 3151 3438 κεράσταις.
3207 3368 3472 3431 ιΕΙὶιιιιιιε,
3509 3369 3576 3422 De
3618 3369 3751 3420 histor.

2276 3458 2497 3514 animal.
2532 3459 2626 3514 lib.
2659 3475 2713 3523 ι,
2753 3473 2872 3530 cap.
2915 3459 3002 3524 14,
3030 3461 3252 3529 Ὄφεῶν
3280 3477 3338 3513 τε
3365 3460 3451 3513 καὶ
3478 3458 3670 3512 Sans-.6»;
3689 3456 3754 3526 θη-

2277 3552 2406 3624 ρίων
2435 3551 2594 3615 αὑτός
2633 3554 2779 3606 ἐστιν
2811 3552 3075 3624 ἔχθιστος.
3109 3555 3226 3607 (lux
3263 3552 3328 3608 ἂν
3355 3551 3477 3621 γοῦν
3512 3551 3644 3606 αὐτὸν
3672 3549 3751 3601 δια-

2274 3642 2431 3715 λάθῃ,
2467 3641 2589 3696 οὒτε
2635 3643 2774 3712 ὄφις,
2804 3643 2925 3697 οὔτε
2969 3647 3255 3717 σκορπίος,
3297 3645 3414 3698 οὔτε
3445 3645 3540 3715 μὴν
3577 3639 3752 3710 πονηρᾶς

2276 3733 2406 3806 ὕλης
2431 3733 2558 3789 ἄλλο
2577 3753 2629 3788 τι
2659 3735 2896 3791 εκτοκον.

2345 3828 2505 3892 lbid.,
2545 3827 2641 3881 lin.
2675 3827 2762 3882 57.
2798 3830 2970 3881 Ἔστι
2999 3826 3070 3880 δὲ
3113 3828 3290 3882 τοῦτο
3335 3839 3510 3895 συμπ.
3545 3822 3747 3881 Ᾰίιὶεηιις,

2275 3921 2369 3974 lib.
2401 3937 2436 3974 ιι
2468 3921 2543 3975 De
2570 3920 2693 3975 hist.
2729 3921 3054 3992 anim.,cap.
3090 3921 3164 3976 42
3196 3940 3209 3977 :
3241 3919 3444 3992 Νεκρὸν
3468 3918 3516 3971 δὲ
3540 3915 3746 3986 ἄνθρωπον

2277 4011 2429 4083 ἱέραξ
2461 4009 2602 4075 ἰδὼν,
2627 4011 2900 4065 ἐπιϐάλλει
2936 4011 3040 4080 γῆς
3068 4013 3147 4084 τῷ
3176 4011 3384 4082 άτάφῳ.
3411 4010 3511 4063 Καὶ
3534 4005 3655 4059 τοῦτο
3676 3999 3745 4070 μὲν

2273 4102 2332 4154 οὐ
2373 4101 2581 4156 κελεύει
2629 4101 2776 4172 αὐτῷ
2812 4104 2840 4154 ὁ
2886 4101 3082 4165 Σόλων,
3112 4101 3189 4165 ὡς
3230 4100 3526 4172 Ἀθηναίους
3561 4092 3741 4148 ἐκέλευσε

2272 4192 2404 4264 δρᾷν
2422 4209 2434 4222 ·
2462 4193 2582 4246 οὐδὲ
2611 4189 2858 4262 σώματος
2894 4190 2989 4262 (ita
3025 4191 3174 4245 enim
3205 4191 3437 4261 corrigO)
3465 4187 3644 4256 ἅψεται.
3664 4178 3740 4232 Ml-

2273 4299 2353 4335 νει
2384 4281 2440 4334 δὲ
2479 4281 2735 4350 ἄγευστος
2781 4282 2875 4334 καὶ
2914 4280 3076 4334 ποτοῦ
3125 4281 3220 4334 ἐὰν
3248 4283 3328 4344 είς
3364 4278 3551 4333 αὔλακα
3583 4275 3740 4339 ἐποχευσ

2273 4371 2403 4445 τεύῃ
2432 4367 2511 4437 εἷς
2538 4371 2818 4443 ἄνθρωπος
2837 4388 2850 4402 ⁸
2891 4371 3220 4426 πεπίστευκε
3245 4372 3351 4442 γάρ
3376 4369 3522 4424 αὐτὸν
3551 4361 3741 4428 πονούμε-

609 4451 728 4552 des,
755 4451 1034 4542 De'niun‘d.
1059 4451 1254 4554 cpi/ie;
1279 4480 1506 4548 Plinius,
1530 4483 1623 4537 lib.
1651 4498 1780 4546 xxx,
1803 4497 1923 4552 cap.
1948 4484 2032 4548 11,
2062 4500 2172 4539 sca-

2279 4482 2362 4518 νον
2381 4463 2608 4536 ζημιοῦν
2625 4463 3016 4536 ὑφαιρούμενος
3030 4466 3094 4516 ὲκ
3111 4463 3213 4534 τῆς
3238 4464 3438 4516 ἐκείνου
3455 4458 3612 4531 χρείας
3629 4451 3737 4517 ὕδωρ·

611 4580 847 4635 rabaium
895 4580 988 4649 qui
1034 4577 1231 4649 pilulas
1275 4575 1464 4638 volvit,
1519 4573 1739 4644 Propter
1775 4575 1910 4628 hunc
1952 4574 2173 4645 Αἶρε]ρή

612 4689 806 4744 magna
839 4687 962 4740 pars
1011 4669 1306 4725 scarabazos
1351 4669 1490 4722 inter
1521 4669 1736 4720 numina
1779 4666 1926 4729 colit,
1964 4669 2172 4720 curiosa

614 4761 831 4829 Apionis
881 4759 1326 4828 interpretatione,
1375 4774 1478 4827 qua
1524 4756 1740 4825 colligat
1778 4756 1906 4809 solis
1957 4771 2169 4824 operum

611 4848 1009 4905 similitudinem
1035 4849 1154 4902 huic
1178 4847 1399 4900 animali
1424 4863 1535 4900 esse
1559 4846 1626 4899 ad
1657 4845 1982 4900 excusandas
2006 4848 2171 4915 gentis

611 4959 723 4996 sua:
767 4943 922 4996 ritus.
965 4939 1141 4994 Horus
1178 4948 1435 5009 praeterea
1472 4938 1629 4992 aliam
1671 4937 1834 5007 hujus
1870 4939 2172 4992 veneratio-

612 5032 700 5088 nis
734 5046 956 5088 causam
1007 5029 1203 5094 reddit,
1241 5027 1385 5098 quod
1422 5026 1630 5082 scilicet
1679 5041 1858 5082 mares
1896 5027 2007 5082 sint
2057 5041 2172 5081 om-

612 5139 709 5179 nes
764 5122 1046 5187 scarabaei,
1084 5122 1230 5176 nulla
1269 5119 1487 5176 femina.
1519 5117 1652 5173 Vide
1685 5117 2032 5188 Rodiginum,
2073 5119 2167 5174 lib.

611 5233 732 5280 vm.
771 5233 894 5288 cap.
928 5217 981 5271 5.

679 5307 839 5374 lbid.,
876 5308 1074 5364 lin.59.
1099 5309 1164 5361 Ol
1183 5305 1250 5360 δὲ
1272 5307 1575 5376 μύρμηκες
1593 5304 1718 5356 τόν.
1738 5301 1992 5367 Basilius,
2020 5301 2167 5358 hom.

610 5402 662 5460 9.
697 5401 839 5457 inter
863 5401 1069 5471 reliqua
1097 5417 1111 5454 :
1139 5398 1426 5452 Διακόπτει
1463 5395 1570 5467 γὰρ
1604 5396 1725 5458 ταῖς
1761 5393 1952 5447 ἑαυτοῦ
1981 5393 2172 5464 χηλαῖς

609 5493 718 5546 τῶν
766 5492 994 5564 καρπῶν
1029 5491 1090 5544 τὸ
1149 5491 1490 5562 μεσαίτατον,
1539 5489 1615 5552 ὡς
1656 5487 1721 5541 ἂν
1767 5486 1842 5559 μὴ
1884 5486 2172 5555 ὲκφυέντες

611 5581 870 5652 ἄχρηστοι
907 5583 1042 5654 πρὸς
1075 5582 1278 5653 τροφὴν
1316 5580 1463 5651 αὐτῷ
1497 5580 1768 5648 γένοιντο·
1794 5577 1889 5631 καὶ
1927 5575 2172 5646 διαψύχει

611 5673 847 5737 τούτους,
887 5675 1013 5728 ὅταν
1036 5674 1287 5745 αἴσθηται
1324 5673 1499 5726 αὐτῶν
1528 5672 1846 5744 διαϐρόχων,
1876 5669 1968 5724 καὶ
1999 5669 2096 5722 οὐκ
2117 5670 2174 5722 ἐν

613 5767 776 5823 παντὶ
801 5764 1089 5836 προσάλλει
1105 5765 1297 5835 καιρῷ,
1319 5765 1432 5817 ἀλλ’
1449 5765 1572 5818 ὅταν
1601 5761 1957 5834 προαίσθηται
1982 5760 2074 5814 τοῦ
2091 5761 2172 5815 άέ-

2275 4559 2337 4610 Εἰ
2385 4558 2441 4612 δὲ
2494 4558 2710 4622 πλείους
2758 4557 3072 4629 ὲπάρδοιεν,
3120 4555 3377 4626 ἀφθονίαν
3421 4554 3507 4608 τοῦ
3546 4549 3739 4623 ῥεύματος

2271 4648 2411 4721 ὁρῶν
2451 4648 2526 4713 ῶς
2570 4648 2882 4720 φιλοτησίας
2919 4646 3062 4714 τινὸς
3094 4647 3151 4716 ἐξ
3201 4647 3374 4702 αὐτῶν
3403 4637 3738 4718 μεταλαμῦἀνειτ

2271 4742 2366 4796 καὶ
2393 4740 2534 4795 πίνει
2563 4741 2750 4811 ἡδέως.

2338 4833 2458 4888 Col.
2493 4832 2617 4895 749.
2641 4833 2737 4888 lin.
2761 4833 2815 4887 4.
2844 4830 3002 4886 Μετὰ
3023 4831 3091 4885 δὲ
3119 4830 3235 4900 τὴν
3261 4827 3365 4884 τοῦ
3387 4830 3603 4895 κόσμου.
3631 4817 3736 4872 Sient

2269 4926 2337 4981 de
2373 4926 2643 4996 principio
2678 4933 2732 4980 et
2769 4925 3045 4981 creatione
3073 4925 3233 4993 hujus
3262 4921 3440 4977 mundi
3484 4901 3735 4977 varizapud

2271 5021 2413 5084 illos,
2445 5020 2644 5090 quibus
2685 5019 2869 5073 lumen
2894 5016 3168 5090 Evangelii
3207 5032 3315 5071 non
3353 5010 3557 5071 affulsit,
3581 5011 3736 5058 contro-

2271 5128 2442 5169 versae
2473 5110 2750 5167 sententiae
2779 5109 2951 5174 fuere,
2987 5126 3109 5180 quae
3147 5124 3334 5164 omnes
3359 5121 3387 5158 a
3424 5095 3734 5189 veritate

2269 5214 2498 5272 rarunt;
2535 5205 2607 5258 ita
2637 5213 2689 5259 et
2728 5205 2783 5258 in
2814 5205 3089 5259 creatione
3135 5201 3366 5258 hominis
3405 5194 3528 5250 varii
3558 5181 3733 5243 dissidiit

2271 5300 2593 5368 semetipsos
2637 5306 2920 5352 vexarunt.
2969 5293 3196 5363 Quidam
3234 5293 3372 5349 cnim
3417 5296 3628 5343 naturam
3666 5275 3732 5368 Ιξιι·

2270 5405 2486 5444 manam
2515 5396 2770 5443 aeternam
2793 5396 3222 5442 .assevcrarunt:
3255 5385 3340 5438 alii
3366 5382 3574 5452 primum
3609 5361 3727 5467 inill-

2271 5485 2379 5538 tica
2415 5490 2573 5537 natos
2605 5481 2773 5536 fuisse
2814 5481 3097 5545 homines;
3130 5479 3217 5534 alii
3260 5479 3309 5531 in
3340 5469 3580 5556 Arcadia;
3603 5459 3669 5556 alii
3691 5464 3732 5556 7""

2271 5572 2524 5644 Egypto.
2549 5566 2944 5634 Theodore-tus,
2973 5566 3139 5624 στανδ.
3162 5569 3330 5636 affect.
3353 5563 3437 5616 lib.
3460 5574 3486 5609 ν
3503 5571 3517 5622 ἓ
3533 5551 3733 5644 διξδίίψς

2276 5631 2481 5718 Hiiior.
2516 5663 2608 5718 lib.
2643 5677 2707 5727 ιι,
2735 5631 3007 5715 diuturna:
3025 5631 3374 5716 contentionis
3413 5647 3538 5702 inter
3559 5631 3735 5706 Scythas

2273 5768 2326 5816 et
2370 5755 2653 5828 Egyptios
2689 5753 2756 5809 de
2793 5755 3008 5826 generis
3036 5758 3296 5810 vetustate
3330 5736 3575 5801 meminit;
3598 5733 3640 5782 et
3667 5730 3733 5775 εο·
