3924 6968
567 248 669 309 971

1837 247 2085 307 LEONIS
2124 244 2401 302 ALLATli
3636 256 3721 315 972

566 369 619 415 et
644 358 833 416 Patres
880 359 1111 416 Basilius
1168 357 1425 433 Magnus,
1472 359 1766 433 Gregorius
1810 358 2125 431 Nyssenus.
2158 372 2197 430 Α
2230 356 2588 411 abhorruisse
2615 347 2904 427 aliquando
2931 358 3161 424 videtur,
3182 358 3470 416 Comment.
3495 379 3628 431 super
3642 366 3725 422 Ec-

567 452 798 510 Basilius
851 450 1165 516 Seleucius,
1207 452 1524 517 Nemesius,
1571 453 1915 515 Ambrosius,
1956 450 2128 509 Geor-

564 545 685 616 gius
707 543 937 606 Pisides,
967 544 1037 597 ita
1069 555 1126 598 ut
1154 544 1376 600 minime
1405 559 1583 615 opera:
1613 545 1845 615 pretium
1873 545 1943 599 sit
1971 545 2127 615 plura

568 636 625 691 in
652 635 843 690 horum
872 632 1139 688 dictorum
1198 635 1609 706 explicationem
1648 650 1961 704 congerere.
1996 634 2131 692 Vide

566 736 821 800 praeterea
866 727 1129 784 Galenum
1186 729 1263 783 De
1303 745 1401 782 usu
1448 730 1700 799 partium,
1748 728 2127 801 Theophilum,

564 823 859 885 Meti-tium,
885 822 1154 877 Andream
1180 820 1482 877 Vessalium
1512 833 1566 877 et
1594 823 1751 877 alios.

634 914 749 970 Col.
767 914 889 979 749,
923 914 1018 968 lin.
1049 914 1138 968 ‘23.
1168 912 1277 967 Τὸν
1298 912 1609 982 ἄνθρωπον
1634 915 1702 968 ἐκ
1727 913 1836 984 τῆς
1867 913 1998 985 γῆς.
2020 913 2131 968 Nu-

564 1006 850 1079 gacissime
883 1006 938 1061 in
971 1006 1072 1060 hac
1106 1020 1166 1061 re
1208 1005 1442 1060 delirant
1484 1003 1875 1071 Mahumetani,
1913 1007 2006 1076 qui
2048 1008 2131 1061 di-

565 1106 695 1152 cunt
731 1096 900 1153 Deum
939 1110 1154 1151 creasse
1205 1095 1466 1149 mundum
1509 1111 1575 1150 ex
1624 1096 1846 1166 pulvere
1888 1096 2128 1151 omnium

565 1189 825 1257 colorum,
858 1198 913 1244 et
945 1188 1208 1243 Adamum
1243 1203 1309 1242 ex
1340 1187 1468 1241 limo
1496 1188 1674 1242 omnis
1703 1188 1918 1258 generis
1951 1195 2128 1243 terra-

561 1297 702 1338 rum.
735 1280 868 1337 Nam
920 1280 966 1336 si
1018 1280 1247 1336 fuissent
1299 1279 1461 1334 unius
1511 1278 1863 1349 ejusdemque
1907 1280 2127 1343 coloris,

561 1388 753 1431 omnes
781 1388 869 1428 res
904 1373 1133 1427 invicem
1179 1371 1384 1428 similes
1435 1371 1646 1427 futuras
1684 1371 1871 1436 fuisse,
1906 1387 2005 1427 nec
2034 1372 2130 1425 ho-

562 1469 762 1522 minem
797 1480 963 1520 unum
993 1466 1061 1520 ab
1089 1464 1299 1519 alterno
1332 1465 1539 1520 secerni
1580 1465 1841 1534 potuisse.
1882 1462 2127 1519 Ridicula

560 1564 688 1621 item
732 1569 813 1619 est
863 1561 1179 1617 Mohametis
1206 1560 1451 1617 doctrina
1503 1561 1571 1615 de
1614 1560 1822 1616 factura
1867 1560 2127 1619 hominis.

558 1671 665 1728 qua
695 1656 827 1711 dicit
870 1656 1144 1711 hominem
1193 1670 1259 1711 ex
1290 1654 1476 1723 humo,
1512 1655 1657 1711 stilla
1691 1655 1995 1711 hirundinis
2016 1655 2131 1711 sive

2233 445 2498 509 elesiast.;
2529 443 2841 515 Cajetanus,
2878 449 2930 501 in
2953 448 3145 518 psalm.
3180 463 3383 518 csxsv;
3418 452 3721 523 Augustinus,

2236 538 2328 592 lib.
2371 553 2408 590 ιι
2440 535 2519 590 De
2556 535 2739 592 Cenes.
2772 538 2842 591 ad
2893 538 3018 603 litt.,
3058 553 3180 609 cup.
3239 540 3325 607 18,
3363 550 3414 595 et
3454 540 3643 598 Euhir.
3671 551 3723 601 ad

2234 627 2596 691 Laurentium,
2629 644 2748 699 cap.
2779 629 2869 684 58.
2921 627 3193 686 Refellunt
3236 646 3351 685 eam
3399 631 3605 692 Basilius
3641 638 3722 695 Ila-

2233 734 2394 791 gnus,
2428 719 2574 775 hom.
2593 720 2626 775 5
2654 721 2708 774 in
2736 719 3013 788 Hexaem.,
3033 732 3088 776 et
3117 721 3489 787 Damascenus,
3507 725 3589 779 lib.
3615 742 3647 780 ιι
3671 728 3728 783 De

2234 811 2337 878 ﬁde
2359 811 2588 877 orthod.,
2608 827 2728 884 cap.
2764 812 2818 867 6.
2852 812 2993 880 Quid
3031 813 3105 868 sit
3136 814 3191 868 in
3224 815 3327 868 hac
3358 830 3413 870 re
3445 818 3725 876 sentiendum

2232 904 2434 971 Optime
2465 902 2697 973 explicat
2731 902 2789 957 S.
2825 902 3086 970 Thomas,
3119 920 3138 958 ι
3179 912 3342 975 part.,
3392 916 3566 977 quiest.
3592 910 3664 977 '10,
3687 926 3727 967 et

2234 1010 2406 1063 nuper
2425 995 2494 1049 de
2527 995 2629 1050 hac
2656 995 2845 1051 eadem
2870 1011 2930 1052 re
2957 997 3225 1068 singulari
3263 999 3472 1067 pietate,
3507 1010 3556 1055 et
3587 1004 3729 1058 erudi-

2235 1087 2382 1141 tione
2400 1087 2504 1153 vir,
2531 1094 2585 1141 et
2612 1087 2716 1142 mei
2757 1087 3125 1144 amicissimus
3145 1087 3320 1144 Julius
3348 1090 3515 1146 Caesar
3533 1091 3727 1164 Lagaila.

2235 1177 2475 1231 libellum
2504 1178 2571 1232 de
2601 1177 2705 1233 hac
2724 1194 2784 1234 re
2807 1180 3134 1248 scripserat;
3163 1196 3322 1250 quem
3351 1197 3446 1252 ego
3472 1183 3536 1237 ob
3558 1186 3730 1257 elegan-

2234 1268 2386 1331 tiam,
2427 1274 2483 1322 et
2532 1266 2792 1323 doctrina:
2827 1269 3199 1339 peripatetica:
3236 1285 3490 1325 summam
3511 1276 3729 1341 peritiam,

2231 1358 2359 1413 dum
2383 1357 2756 1430 Haidelbergte
2776 1375 3171 1425 commorarer,
3192 1362 3424 1417 maxime
3445 1363 3731 1438 philosopho.

2232 1465 2353 1504 rum
2374 1449 2926 1519 desiderioedendum
2948 1454 3162 1509 curavi.
3181 1451 3351 1520 Quem
3373 1456 3557 1524 adesis,
3580 1459 3729 1525 lector,

2232 1544 2279 1597 si
2309 1560 2458 1614 purae
2492 1545 2850 1616 philosophia
2879 1543 3124 1601 fontibus
3154 1546 3466 1612 delectaris;
3508 1550 3550 1604 si
3586 1560 3729 1608 nostra

2234 1634 2613 1706 haectempora
2635 1636 3037 1706 antiquioribus
3082 1636 3210 1705 illis,
3268 1653 3365 1696 nec
3409 1638 3725 1697 inferioralit-

558 1723 921 1821 sanguisuga,
948 1754 1001 1803 et
1030 1746 1448 1802 manducatione
1477 1747 1658 1801 fictum
1691 1763 1829 1803 esse.
1864 1746 2009 1803 Ordo
2035 1749 2127 1817 qui
2161 1723 2204 1784 Β
2234 1728 2538 1821 ίθτίεξηθίξ-
2557 1727 2982 1821 ερείιξιξρηίιηιε
3018 1729 3365 1795 οδεευΐίοη,
3399 1747 3492 1786 "cc
3518 1734 3730 1790 m€|h0dis

554 1842 878 1897 observatur
914 1853 1078 1909 super
1116 1838 1183 1895 iis
1233 1839 1385 1909 quia
1420 1837 1708 1893 Saracenis
1751 1839 1821 1893 ad
1863 1838 2129 1893 Christia-

555 1949 682 1989 nam
724 1931 883 1986 lidem
933 1946 992 1987 se
1038 1937 1398 1986 convertunt:
1440 1929 1846 2001 Ἀναθεματίζω
1875 1930 1970 2002 τὴν
1999 1932 2129 2004 περὶ

554 2025 652 2096 τῆς
702 2022 948 2086 uideam;
980 2020 1073 2074 τοῦ
1132 2018 1418 2092 ἀνθρώπου
1456 2021 1801 2076 διδασκαλίαν
1833 2020 1923 2075 τοῦ
1965 2022 2129 2075 Μωά-

559 2116 674 2187 μεδ,
711 2118 767 2169 ὲν
865 2130 1049 2186 φησιν,
1094 2113 1175 2167 "art
1225 2113 1466 2185 ἐπλάσθη
1501 2115 1530 2166 ὁ
1570 2112 1851 2186 ἄνθρωπος
1878 2113 1985 2167 ἀπὸ
2020 2114 2127 2185 χὼ·-

559 2225 723 2280 ματος
764 2206 857 2259 καὶ
890 2205 1171 2273 σταχόνος,
1211 2205 1304 2258 καὶ
1338 2203 1587 2276 βδελλῶν,
1623 2204 1718 2258 καὶ
1753 2206 2124 2276 μασσήματος.

554 2302 621 2357 Ει
645 2299 969 2372 Euthymius
998 2298 1056 2351 in
1110 2296 1408 2366 l'anoplia:
1472 2296 1569 2351 Ἐκ
1596 2296 1817 2369 βδέλλης
1846 2296 2128 2369 ἄνθρακι-ον

554 2391 799 2463 γίνεσθαι
842 2390 1008 2458 λέγει.
1052 2387 1214 2443 Ἀλλὰ
1260 2387 1377 2453 πῶς
1424 2390 1489 2443 ὲκ
1562 2388 1653 2444 τοῦ
1704 2389 2025 2460 ἀτιμοτάτου
2067 2388 2129 2442 τὸ

551 2484 899 2558 τιμιώτατον,
924 2482 1019 2536 καὶ
1044 2482 1108 2533 ὲκ
1135 2479 1227 2534 τοῦ
1246 2479 1444 2549 ἀλόγου
1470 2479 1532 2534 τὸ
1560 2478 1793 2549 λογικὸν,
1827 2479 1922 2533 καὶ
1947 2479 2010 2532 ὲκ
2034 2477 2127 2532 τοῦ

554 2578 787 2650 φευκξοῦ
823 2579 883 2632 τὸ
910 2577 1132 2643 εὐκτόν;
1163 2575 1275 2631 Nec
1298 2575 1482 2631 minus
1511 2573 1907 2629 Mahumetanis
1930 2573 2123 2629 absur-

553 2674 657 2729 dus
682 2670 1012 2727 Franciscus
1040 2669 1324 2740 Georgius,
1347 2668 1449 2738 .qui
1481 2667 1549 2723 de
1574 2668 1703 2723 limo
1733 2675 1890 2723 terrae
1935 2674 2008 2721 ita
2033 2683 2129 2722 ex-

552 2766 739 2837 plicet,
765 2772 825 2818 ut
850 2762 1161 2828 concludat,
1189 2760 1424 2814 animam
1449 2766 1658 2814 tantum
1673 2774 1795 2815 esse
1815 2758 2087 2814 hominem
2110 2775 2125 2824 ;

553 2861 626 2916 ita
657 2859 800 2914 enim
829 2856 945 2911 ait:
989 2854 1260 2910 Formarit
1302 2850 1444 2907 Deus
1480 2852 1738 2906 hominem
1778 2867 2036 2921 pulverem
2063 2849 2127 2905 de

554 2966 716 3016 terra,
749 2950 802 3004 id
827 2959 925 3012 est,
960 2948 1136 3003 induit
1150 2964 1271 3002 eum
1302 2956 1437 3001 veste
1462 2955 1652 3012 terrea,
1676 2960 1862 3013 corpus
1890 2942 2126 2998 videlicet

553 3057 833 3103 terrenum.
881 3040 1067 3095 Primo
1107 3041 1246 3094 enim
1286 3037 1424 3092 Deus
1473 3036 1695 3091 decreuit
1737 3035 1997 3090 hominem
2041 3034 2127 3104 fa-

550 3156 699 3205 cere;
733 3147 911 3208 postea
952 3135 1142 3190 creavit
1164 3150 1280 3188 eum
1296 3133 1353 3185 in
1374 3131 1536 3194 cmlo;
1562 3131 1714 3185 tertio
1738 3130 1984 3200 formavit
2008 3145 2126 3183 cor-

551 3251 648 3305 pus
675 3232 787 3302 ejus
816 3228 975 3285 veluti
998 3238 1208 3284 uestem.
1242 3224 1374 3291 Quae
1413 3222 1677 3279 sententia
1707 3221 2126 3293 reprehensione

554 3343 664 3381 non
715 3331 905 3388 caret,
950 3321 1003 3375 in
1045 3317 1280 3374 concilio
1325 3313 1617 3370 Viennensi
1673 3313 1946 3367 damnata.
1990 3308 2127 3367 Vide

552 3419 711 3488 plura
743 3414 905 3483 hujus
933 3409 1209 3465 Francisci
1237 3413 1562 3476 nugamenta
1601 3403 1743 3475 apud
1785 3402 1998 3458 Sixtum
2030 3400 2127 3458 Se-

555 3524 799 3574 nensem,
832 3504 1084 3560 Biblioth.
1120 3511 1290 3556 sanet.
1310 3499 1403 3554 lib.
1436 3514 1475 3553 ι.
1511 3497 1845 3567 Augustinus
1871 3505 2126 3567 praeterea

544 3602 649 3657 lib.
695 3616 731 3654 ιι
754 3598 830 3653 De
847 3593 1031 3652 Genes.
1069 3593 1285 3663 allegor.
1310 3590 1492 3655 docet,
1522 3604 1727 3659 corpus
1756 3588 1990 3644 hominis
2015 3602 2125 3643 non

552 3693 723 3748 fuisse
762 3688 1045 3746 conditum
1088 3693 1213 3739 ante
1256 3682 1450 3737 anima:
1484 3680 1836 3743 creationem,
1879 3679 1974 3735 sed
2018 3694 2124 3733 una

551 3800 676 3840 cum
719 3783 835 3854 ipsa
887 3779 1068 3835 anima
1117 3776 1172 3832 in
1214 3775 1405 3831 eodem
1451 3772 1614 3830 simul
1653 3780 1914 3843 tempore.
1969 3769 2124 3838 Quod

554 3858 742 3949 postea
790 3872 1097 3944 reprobavit
1126 3869 1220 3924 lib.
1276 3884 1291 3922 ι
1341 3866 1595 3931 Retract.,
1643 3879 1763 3935 cap.
1825 3864 1911 3918 10.
1967 3863 2123 3919 Jcse-

552 3970 715 4039 phus,
758 3967 931 4036 Antiq.
963 3962 1093 4017 Jud.
1128 3962 1221 4016 lib.
1255 3976 1292 4020 ι.
1325 3976 1444 4031 cap.
1486 3959 1542 4025 2,
1572 3957 1834 4012 Adamum
1867 3956 1944 4011 ait
1973 3970 2126 4012 crea-

554 4071 669 4115 tum
699 4075 730 4114 e
762 4057 883 4114 rufa
914 4059 1078 4111 humo
1118 4054 1458 4119 fermentata,
1482 4050 1605 4107 talis
1624 4050 1778 4106 enim
1814 4058 1896 4105 est
1924 4050 2123 4103 intacta

554 4161 702 4203 terra
739 4155 793 4204 et
844 4160 1006 4212 vera;
1061 4144 1287 4213 ideoque
1338 4151 1589 4197 vocatum
1636 4140 1904 4196 Adamum
1964 4140 2121 4211 quasi

554 4240 737 4296 rufum
768 4260 781 4295 :
818 4240 876 4293 '0
902 4237 958 4291 δὲ
986 4236 1270 4308 ἄνθρωπος
1292 4226 1443 4299 οὗτος
1477 4232 1716 4304 ’Ἄδαμος
1761 4229 1990 4303 ἐκλήθη·
2028 4248 2124 4302 ση-

556 4332 736 4406 μαίνει
768 4332 825 4386 δὲ
854 4329 1010 4383 τοῦτο
1036 4326 1175 4383 κατὰ
1199 4326 1444 4395 γλῶτταν
1473 4325 1570 4396 τὴν
1600 4323 1863 4397 Ἐϐραίων
1894 4322 2120 4395 πυρρὸν,

2234 1832 2298 1871 ac
2327 1816 2572 1872 scientiis
2593 1817 2918 1888 ignobiliora
2952 1833 3289 1890 cegnoscere
3326 1822 3541 1891 appetis.

2302 1907 2463 1975 lbid.,
2493 1910 2590 1965 lin.
2623 1910 2715 1965 24.
2753 1911 2865 1965 Τοῦ
2898 1912 3294 1979 παραδείσου.
3321 1911 3475 1968 Plura
3518 1914 3636 1984 apud
3663 1914 3730 1970 Pa-

2235 2011 2345 2060 tres
2381 2004 2449 2060 dc
2492 2004 2750 2075 paradiso
2794 2006 3117 2074 voluptatis,
3180 2006 3443 2077 variaeque
3470 2006 3531 2061 de
3573 2023 3629 2063 eo
3651 2024 3729 2063 non

2232 2102 2443 2150 tantum
2479 2095 2623 2167 apud
2659 2097 2934 2168 antiquos,
2965 2096 3065 2153 sed
3098 2106 3154 2153 et
3197 2101 3513 2155 recentiores
3554 2101 3732 2170 scripto-

2233 2204 2345 2255 res,
2376 2187 2721 2244 difﬁcultates
2745 2189 3103 2244 elucubratas.
3135 2189 3285 2244 Multi
3322 2192 3442 2246 item
3468 2190 3616 2248 libros
3630 2193 3732 2248 inte-

2233 2297 2358 2353 gros
2384 2281 2451 2337 de
2496 2282 2601 2339 hoc
2622 2283 2874 2354 paradiso
2921 2284 3269 2356 conscriptos
3296 2285 3349 2339 in
3375 2284 3553 2355 vulgus
3594 2285 3730 2341 edide-

2234 2381 2381 2438 runt,
2414 2374 2469 2429 in
2509 2375 2709 2442 quibus
2745 2383 2830 2431 sat
2860 2375 3036 2446 plura.

2310 2463 2448 2519 Ibid.
2485 2464 2842 2534 Ἐπίμοχθον
2884 2464 3068 2532 αὐτῷ.
3130 2464 3345 2522 Deirius
3379 2483 3430 2521 in
3464 2483 3568 2537 cap.
3595 2467 3731 2522 tttGe-

2234 2572 2345 2614 nes.
2377 2573 2397 2610 :
2442 2554 2509 2611 In
2564 2557 2816 2625 paradiso
2865 2557 3135 2612 innocenti
3196 2558 3397 2613 Adamo
3452 2559 3588 2614 tellus
3621 2578 3730 2631 tange

2234 2650 2411 2704 omnia
2447 2651 2849 2720 suppeditasset,
2902 2651 3064 2706 levem
3109 2668 3230 2706 cum
3276 2653 3523 2722 uoluptate
3569 2668 3730 2723 operai

2233 2740 2549 2809 impendenti
2567 2758 2585 2794 :
2601 2742 2881 2809 peccatori,
2904 2754 2951 2795 et
2972 2753 3130 2796 extra
3151 2743 3453 2814 paradisum
3478 2744 3630 2800 eadem
3646 2762 3729 2799 ntr-

2236 2836 2377 2906 ligna
2407 2836 2588 2889 nutrix
2616 2835 2829 2888 inarata
2859 2834 3016 2900 nihil,
3065 2846 3228 2891 arata
3263 2853 3413 2906 parce
3444 2838 3667 2910 quadam,
3691 2852 3727 2890 et

2232 2927 2543 2999 quibusdam
2592 2928 2720 2983 locis
2751 2927 3024 2983 redditura
3061 2928 3423 2984 denuntiatur.
3463 2928 3520 2983 Et
3548 2929 3727 2985 Basilius

2235 3017 2619 3086 Seleuciensis,
2660 3028 2799 3075 orat.
2838 3020 2873 3073 2
2901 3020 2979 3074 De
3016 3019 3197 3075 Adam
3226 3038 3247 3077 :
3288 3022 3725 3094 Ἐπικατάρατοςή

2151 3086 2194 3145 C
2226 3112 2299 3183 γῆ
2332 3114 2389 3167 ἐν
2418 3115 2529 3177 τοῖς
2571 3112 2754 3185 ἔργοις
2786 3129 2899 3165 σου.
2933 3114 3161 3185 Τρυφῆς
3197 3114 3397 3187 ἐφάνης
3425 3086 3623 3179 avdito;

2228 3204 2358 3275 περὶ
2383 3204 2485 3276 γῆν
2518 3203 2736 3277 ἱδρῶσιν
2775 3203 3035 3273 ὑπάρξεις
3096 3206 3418 3278 κατάρατος,
3463 3206 3545 3260 καὶ
3591 3206 3725 3267 πόνοις

2230 3296 2507 3368 μετρήσας
2539 3295 2641 3367 τῆς
2672 3295 2816 3367 ζωῆς
2857 3311 2949 3347 σου
2984 3294 3078 3348 τὸν
3108 3297 3318 3369 χρόνον,
3351 3298 3508 3366 τάφον
3531 3296 3723 3368 εὑρήσεις

2227 3388 2322 3445 τοῦ
2377 3390 2489 3461 βίον
2523 3391 2783 3462 διάδοχον.

2303 3479 2462 3546 lbid.,
2485 3481 2581 3537 lin.
2606 3480 2697 3536 29.
2737 3481 3049 3549 Γνωρίσας
3083 3476 3201 3536 οὖν
3241 3482 3371 3548 τήν.
3422 3480 3720 3535 Babhinorunt

2229 3569 2448 3641 quidam
2470 3580 2694 3625 censent
2725 3569 2843 3626 Eva:
2881 3587 3076 3627 zonam
3125 3574 3185 3627 in
3236 3572 3481 3644 paradiso
3519 3573 3717 3628 solutam.

2230 3663 2607 3733 Adamumque
2633 3678 2854 3733 operam
2881 3663 3068 3718 liberis
3093 3664 3314 3720 dedisse
3340 3665 3511 3721 statim
3532 3671 3581 3718 ut
3602 3660 3657 3716 ad
3675 3660 3723 3714 il-

2232 3757 2343 3811 lum
2378 3756 2609 3812 adducta
2640 3763 2725 3813 est
2755 3756 2885 3811 Eva.
2934 3757 3089 3823 Quod
3126 3758 3435 3814 insinuatur
3454 3758 3591 3814 etiam
3614 3755 3717 3809 lib.t

2229 3848 2621 3922 Sibyllinorum
2648 3851 2994 3905 oraculorum
3022 3852 3175 3907 circa
3226 3852 3553 3923 principium.
3585 3847 3715 3903 Caba-

2223 3944 2365 3997 lista:
2397 3943 2762 3999 insulsissime
2788 3951 3040 3999 asserunt
3071 3943 3266 4014 genios
3292 3944 3473 3999 noxios
3500 3940 3615 3994 lititlt
3645 3953 3713 4007 ap-

2232 4035 2461 4106 pellatos
2490 4037 2699 4106 genitos
2728 4035 2898 4090 fuisse
2928 4051 2995 4090 ex
3038 4035 3306 4106 profluvio
3331 4035 3537 4091 seminis
3554 4031 3712 4091 Adsmi,

2227 4137 2519 4198 antequam
2540 4142 2661 4180 cum
2692 4114 2801 4181 Eva
2832 4141 2999 4181 uxore
3027 4126 3464 4198 congrederetur,
3491 4131 3539 4178 et
3570 4118 3714 4176 habere

2226 4217 2447 4288 quidem
2473 4231 2568 4273 eos
2591 4232 2792 4285 corpus
2810 4218 3095 4288 palpabile,
3112 4227 3169 4275 et
3191 4219 3439 4275 sensibus
3458 4215 3713 4285 subjectum.

2228 4308 2324 4362 sed
2350 4322 2596 4372 aereum,
2623 4307 2824 4363 subtile
2855 4316 2908 4362 et
2943 4308 3256 4364 evanidum.
3284 4308 3472 4363 Eorum
3499 4307 3633 4361 vitam
3649 4318 3715 4357 an-

552 4400 847 4496 ἐπειδήπερ
873 4422 982 4477 ἀπὸ
1004 4422 1103 4491 τῆς
1130 4419 1342 4489 πυρρᾶς
1370 4417 1472 4489 γῆς
1498 4416 1832 4489 φυραθείσης
1860 4414 2119 4485 ἐγεγόνει.

2228 4416 2423 4455 norum
2456 4400 2603 4455 mille
2646 4406 2895 4455 statuunt
2939 4401 3198 4470 vegetari,
3233 4409 3288 4456 et
3325 4412 3583 4457 senescere
3606 4408 3715 4449 more

553 4516 787 4587 Τοιαύτη
808 4515 915 4585 γάρ
941 4515 1084 4566 ἐστιν
1109 4513 1141 4582 ἡ
1168 4508 1432 4581 παρθένος
1454 4511 1523 4579 γῆ
1546 4508 1639 4562 καὶ
1663 4506 1909 4579 ἀληθινή.

627 4607 762 4663 ibid.
792 4604 904 4659 Kal
946 4602 1090 4668 δοὺς
1135 4597 1315 4664 αὐτῷ.
1371 4594 1448 4651 Ita
1490 4605 1548 4651 ut
1588 4597 1690 4651 hoc
1742 4595 1861 4650 solo
1909 4595 2113 4657 animo,

554 4699 782 4755 rationis
811 4697 1073 4752 duntaxat
1105 4700 1354 4760 compote
1400 4702 1430 4742 a
1460 4688 1669 4744 caeteris
1701 4687 1845 4754 aliis,
1890 4687 2009 4742 sive
2035 4686 2120 4740 his

556 4790 912 4848 inferioribus
950 4790 1065 4843 sive
1108 4781 1508 4855 superioribus,
1536 4779 1808 4835 creaturis
1866 4777 2118 4845 diﬂ‘erat;

548 4888 613 4942 in
642 4899 815 4955 eoque
870 4896 1028 4938 suum
1065 4893 1226 4932 omne
1258 4876 1516 4938 decus,et
1543 4871 1920 4928 excellentiam
1951 4869 2114 4926 sitam

558 4985 840 5051 agnoscat.
860 4970 1018 5041 Quod
1057 4971 1126 5024 ab
1163 4969 1384 5024 homine
1411 4966 1458 5022 si
1490 4963 1699 5026 demas.
1727 4976 1997 5032 nusquam
2033 4960 2119 5015 vel

557 5068 855 5135 brutis,vel
887 5064 1187 5129 vermibus,
1210 5062 1293 5117 vel
1323 5057 1547 5131 plantis,
1571 5056 1653 5111 vel
1682 5053 1952 5125 lapidibus
1987 5052 2121 5123 ipsis

553 5163 811 5234 superior
847 5155 1147 5229 erit.gQuin
1186 5152 1429 5209 omnium
1471 5148 1903 5211 infelicissimus,
1942 5155 1996 5202 et
2021 5148 2122 5201 mi-

554 5255 823 5311 serrimus
854 5254 1023 5308 vitam
1056 5255 1260 5320 ageret.
1294 5242 1416 5299 Non
1460 5240 1680 5296 defuere
1734 5246 1938 5305 tamen,
1975 5236 2122 5307 iique

555 5344 995 5417 praestantissimi
1027 5341 1156 5403 viri,
1194 5338 1288 5409 qui
1332 5336 1570 5391 animum
1602 5331 2025 5385 ratiocinantem
2053 5328 2125 5383 si-

556 5440 801 5506 deribus,
830 5438 1107 5505 rebusque
1145 5432 1272 5487 aliis
1330 5428 1701 5498 assignarunt.
1758 5421 1923 5477 veluti
1968 5418 2123 5475 Philo

554 5531 801 5598 Judteus,
834 5531 931 5586 lib.
967 5527 1044 5583 De
1087 5525 1308 5582 somniis
1351 5530 1404 5576 ct
1438 5522 1513 5574 De
1545 5516 1689 5587 'upif.
1740 5530 1832 5570 sex
1879 5514 2121 5575 dierum;

558 5624 842 5693 Origenes,
867 5630 1003 5678 tom.
1032 5638 1067 5685 t,
1098 5618 1406 5675 Comment.
1437 5614 1491 5666 in
1527 5609 1691 5665 Joan.
1715 5615 1770 5665 et
1792 5608 1968 5678 primo
1984 5604 2123 5673 Περὶ

556 5714 780 5789 ἀρχῶν,
815 5729 933 5783 cap.
991 5713 1039 5764 7.
1079 5711 1439 5779 Hieronymus
1466 5706 1534 5759 ab
1575 5704 1675 5759 hac
1706 5700 1972 5758 sententia
2015 5713 2123 5754 non

2224 4495 2556 4564 reliquorum
2573 4491 2872 4557 hominum,
2888 4496 3173 4564 propagari
3200 4507 3386 4548 eorum
3415 4490 3614 4562 Speciem
3628 4485 3713 4557 pol-

2227 4585 2526 4641 lutionibus
2540 4584 2848 4650 nocturnis,
2892 4592 2947 4640 et
2967 4582 3228 4642 Venereis
3255 4584 3486 4640 virorum
3510 4576 3711 4639 somniis;

2225 4694 2347 4732 cum
2383 4678 2492 4733 sint
2538 4677 2815 4732 libidinosi
2865 4677 3157 4747 plurimum
3189 4674 3442 4732 delectari
3468 4676 3708 4729 menstruo-

2226 4786 2345 4827 rum
2408 4768 2666 4832 lluxihus,
2726 4768 2927 4838 quibus
2974 4769 3143 4822 robur
3195 4774 3490 4830 assumunt,
3537 4763 3709 4828 ideoque

2226 4872 2390 4917 noctu
2420 4860 2687 4916 accubare
2714 4859 3028 4929 juvenibus,
3062 4858 3306 4924 titillare,
3342 4857 3547 4928 spiritus
3591 4844 3709 4904 semi-

2226 4954 2379 5010 nales
2409 4953 2670 5017 excitare,
2716 4952 2959 5007 relaxare
2993 4965 3124 5006 vasa
3186 4950 3479 5010 seminalia,
3532 4954 3581 4999 ut
3619 4952 3704 4994 sese

2220 5046 2312 5101 his
2342 5043 2736 5116 pollutionihus
2770 5043 3034 5098 reﬁciam.
3084 5040 3217 5107 Quis
3245 5055 3352 5095 non
3383 5028 3515 5093 videt
3547 5026 3708 5100 nugas?

2223 5140 2332 5194 Alii
2356 5138 2508 5203 item,
2524 5152 2664 5208 quos
2691 5145 2745 5193 et
2776 5144 2975 5191 nostra:
2994 5134 3331 5205 tempestatis
3362 5125 3575 5186 haeretici
3594 5135 3704 5176 nono

2226 5231 2363 5286 nulli
2394 5238 2724 5300 sequuntur,
2762 5228 2945 5283 statim
2978 5233 3102 5297 post
3127 5234 3425 5296 peccatum.
3458 5217 3548 5274 Alii
3573 5230 3624 5269 es
3644 5223 3707 5300 re-

2227 5323 2360 5379 riori
2386 5299 2663 5391 opinione,
2720 5324 2844 5389 post
2881 5316 3252 5386 expulsionem
3306 5329 3337 5368 e
3380 5307 3616 5382 paradiso.
3646 5299 3705 5391 ita

2228 5384 2489 5476 lrenaeus,
2521 5411 2618 5466 lib.
2761 5423 2883 5478 cap.
2909 5384 3010 5469 ‘53;
3029 5404 3343 5476 Procopius,
3369 5416 3481 5471 cap.
3510 5411 3554 5449 tv
3578 5395 3619 5445 in
3637 5384 3706 5442 Ge-

2226 5522 2376 5571 nes.;
2420 5502 2777 5574 Epiphanius,
2808 5499 2901 5556 lib.
2938 5514 2999 5553 tu
3042 5497 3242 5553 Contra
3283 5495 3482 5552 ha'res.,
3517 5481 3706 5540 Justh

2227 5599 2442 5669 dialogo
2473 5595 2673 5651 Contra
2704 5591 3050 5663 Tryphonem.
3088 5587 3332 5656 Quandiu
3360 5584 3490 5639 enim
3520 5579 3565 5630 in
3592 5580 3708 5669 para-

2226 5694 2346 5749 diso
2375 5658 2560 5754 ‘fucre,
2614 5687 2853 5757 virgines
2888 5682 3252 5755 permansisse
3298 5672 3572 5734 existimant
3606 5658 3705 5715 Ter.
