1962 3484
103 132 156 161 975

618 130 651 157 IN
672 129 856 158 EUSTATHll
875 127 1111 156 HEXAEMERON
1124 127 1238 156 ΝΟΤᾹΞ.

1680 125 1731 155 974

102 190 246 221 tullianus.
264 190 312 218 lib.
332 189 368 217 De
381 190 483 217 ueland.
495 189 603 225 virgin.,
616 197 677 225 cap.
690 189 725 221 5;
752 188 887 223 Hierony-
902 191 925 219 Α
941 187 1060 222 probari.
1084 186 1227 213 Reclamat
1245 185 1371 213 Justinus
1391 185 1490 220 Marlyr
1506 184 1537 211 ad
1555 183 1732 212 Orthodoxos

102 245 176 270 mus.
189 237 289 265 Contra
303 237 490 269 loninianum;
500 236 674 269 Ambrosius,
690 236 738 263 lib.
752 235 790 262 De
806 235 891 262 instit.

101 285 249 321 virginum;
267 284 394 318 Basilius,
410 285 491 320 epist.
504 284 537 312 ad
550 283 701 314 Letorium,
713 282 752 309 De
767 290 827 309 vera
842 281 894 308 vir-

100 331 229 365 ginitute;
249 330 449 366 Chrysostom.,
468 330 543 358 hom.
559 330 593 357 18
617 329 644 356 in
663 327 768 360 Cenes.;
789 327 892 354 Marius

101 376 208 410 Victor,
225 377 272 404 lib.
300 385 318 403 ιι
347 375 494 408 iuCenes.;
523 376 704 411 Augustinus,
730 375 778 402 lib.
805 376 835 400 ιιι
854 373 892 400 De

100 423 195 450 Cenes.
214 423 249 450 ad
261 423 326 454 litt;
340 423 457 453 Dclrius,
472 423 500 449 in
519 422 611 449 Cenes.
627 429 689 456 cap.
709 429 746 448 tv.
772 419 827 448 Nec
841 420 892 447 ali-

100 475 146 498 ter
162 470 245 498 sentit
267 469 428 505 Procopius.
446 469 479 496 Et
493 470 521 496 in
534 469 629 502 Cyrilli
649 467 890 503 Hierosolymitani

101 514 242 543 catechesi
262 514 305 548 l2,
321 515 357 542 ita
369 514 554 551 reponendum
567 514 690 541 nonnulli
700 513 888 540 contendunt:

99 561 217 588 Accessit
231 560 267 587 ad
281 561 415 588 mulierem
429 561 515 588 adhuc
529 561 664 596 uirginem.
685 559 757 586 Nam
768 564 826 594 post
845 568 890 586 ca-

98 616 159 634 sum
172 608 200 634 in
225 608 362 642 paradiso,
383 611 444 634 tunc
459 608 574 642 primunt
589 607 710 642 cognouit
734 606 827 634 Evam.
857 605 890 632 Et

97 654 154 681 hoc
171 653 309 682 Eustathii
330 654 390 681 loco
404 654 606 689 cognoscimus,
634 653 738 689 primos
753 653 887 684 homines,

98 699 190 734 quoad
206 699 315 726 fuerunt
330 699 358 726 iu
378 699 517 734 paradiso.
540 699 660 734 virgines
679 699 772 726 fuisse.
796 698 887 725 Prima

99 745 172 772 enim
190 752 284 772 eorum
311 745 469 772 commistio
484 750 547 780 post
563 752 703 779 egressum
726 752 741 772 c
761 745 887 779 paradiso

98 795 341 819 commemoratur.
361 790 499 826 Recteque
530 791 683 818 Metltodius
710 791 737 817 in
765 791 834 817 libro
850 790 887 817 De

97 838 152 872 ﬁne
167 837 259 864 mundi
274 846 283 865 :
297 837 405 869 ’1στέον,
425 838 476 869 ὃτι,
497 837 650 869 ἐξελθόντες
665 837 709 863 ὅτε
737 836 822 871 Ἀδὰμ
840 836 887 862 καὶ

944 234 1040 268 quaest.
1071 232 1133 265 119,
1155 233 1182 260 in
1210 240 1264 267 qua
1289 233 1425 259 fruetuum
1449 235 1476 259 et
1504 231 1627 258 carnium
1651 238 1731 257 usum

944 279 1020 307 Abcli
1035 284 1061 307 et
1073 279 1158 306 Caino
1180 279 1317 307 concedit.
1514 299 1516 301 -

979 325 1060 358 lbid.,
1084 326 1132 353 lin.
1152 326 1197 353 5‘2.
1215 321 1407 360 Προσήνεγκέ
1434 324 1468 351 δὲ
1482 325 1582 351 Ἀϐελ.
1609 322 1731 351 Primum

944 371 998 399 Deo
1020 372 1132 399 Abelem
1159 372 1254 400 litasse
1285 377 1327 400 est
1349 372 1504 399 communis
1529 371 1586 398 fere
1607 371 1730 397 omnium

942 419 1042 453 opinio.
1059 418 1145 446 Judaei
1164 418 1269 447 Adamo
1284 419 1311 446 id
1328 419 1463 450 tribuunt,
1482 422 1509 445 et
1524 424 1586 445 eum
1613 417 1730 452 primum

941 465 1037 493 bovem
1066 466 1249 498 sacriﬁcasse,
1266 470 1293 493 et
1308 466 1390 493 ritum
1414 465 1490 491 illum
1507 464 1578 492 ﬁlios
1592 463 1728 491 docuisse.

941 511 1080 540 Gilbertus
1094 511 1298 542 Genehrardus.
1318 511 1442 539 Cltranol.
1463 511 1510 539 lib.
1527 519 1546 538 ι.

977 558 1056 589 lbid.,
1071 558 1119 585 lin.
1135 558 1179 586 55.
1195 559 1249 585 Kal
1265 559 1283 593 ἡ
1294 558 1386 585 θυσία
1406 557 1510 585 αὑτοῦ.
1527 556 1606 590 Quod
1626 556 1732 583 scilicet

940 603 1002 638 igne
1013 604 1047 631 de
1062 604 1138 631 cadis
1150 604 1270 632 demisso
1285 604 1451 632 oblationem
1463 604 1523 638 ejus
1534 603 1729 638 absumpserit,

938 651 1016 679 Caini
1044 651 1173 678 intactam
1188 651 1340 686 reliquerit.
1354 652 1393 679 Ita
1417 651 1578 687 Procopius,
1594 651 1731 685 Hierony-

938 705 1015 730 mus;
1042 697 1160 733 Cyrillus
1186 698 1212 724 in
1249 697 1341 725 Cenes.
1372 705 1431 733 cap.
1463 706 1489 725 Iv
1513 701 1539 725 et
1564 697 1684 733 Glapbyr
1704 698 1731 724 in

939 741 1030 770 Cenes.
1046 743 1106 770 libr.
1139 752 1162 776 ι;
1186 743 1304 771 Faustus
1326 743 1498 780 Rbegiensis,
1525 744 1572 771 lib.
1591 752 1609 770 ιι
1626 743 1665 770 De
1683 743 1729 771 lib.

938 789 1036 820 arbit.,
1060 797 1121 824 cap.
1145 791 1171 822 li,
1190 794 1216 817 et
1232 790 1277 817 alii
1295 799 1302 818 :
1318 790 1391 825 quod
1411 794 1437 818 et
1453 794 1667 818 consentaneum
1688 795 1731 817 est

938 836 1007 863 mori
1022 836 1124 863 divino.
1143 836 1662 873 Levit.tx,94;1ud.v1,21;1Paralip.
1673 845 1729 870 nt,

96 883 156 911 Εὕα
171 884 203 910 ὲκ
223 883 270 910 τοῦ
286 883 459 920 παραδείσου,
480 883 607 919 παρθένοι
627 882 783 917 ἐτύγχανον.
799 883 843 909 Ἐν
856 882 884 909 δὲ

941 881 966 915 2;
977 882 1007 909 11
1019 882 1136 917 Parnlip.
1147 892 1200 916 vn;
1214 883 1263 910 III
1271 884 1442 919 Reg.xvmet
1450 893 1552 913 xxxvut
1562 893 1570 917 ;
1580 884 1612 911 11
1621 884 1732 911 Macha-

96 930 138 966 τῷ
149 930 303 967 τριακοστῷ
316 930 369 956 ἔτει
383 930 432 965 τῆς
446 929 535 962 ἐξόδου
552 929 642 956 αὐτῶν
658 929 705 955 τοῦ
720 929 882 965 παραδείσου

96 978 210 1004 τέτοκεν
237 977 306 1004 Κὰἳν
320 976 364 1003 τὸν
380 976 551 1013 πρωτότοκον
570 976 618 1002 καὶ
635 976 685 1012 τὴν
702 975 819 1011 ἀδελφὴν
836 976 885 1001 αὺ-

95 1023 145 1050 τοῦ
163 1023 321 1059 Καλμάναν.
333 1023 401 1051 Nota
413 1027 455 1051 est
470 1023 534 1050 item
546 1030 628 1057 super
649 1023 700 1049 hac
717 1030 747 1049 re
761 1022 885 1056 Gregorii

95 1069 214 1105 Nysseni
231 1070 377 1102 sententia,
387 1070 433 1105 qui
450 1069 489 1097 De
505 1070 592 1104 opiﬁc.
610 1069 735 1101 hominis,
759 1076 820 1103 cap.
838 1068 883 1100 24,

96 1116 138 1143 ait
153 1125 161 1142 :
176 1115 254 1149 Quod
277 1116 416 1152 generatio
432 1116 526 1151 prolis,
550 1121 576 1143 et
593 1115 751 1151 propagatio
772 1115 884 1143 humani

95 1163 217 1197 generis,
244 1163 266 1190 si
290 1162 371 1197 primi
401 1166 527 1198 parentes
550 1170 605 1189 non
634 1165 801 1197 peccassent,
831 1169 885 1188 non

95 1208 196 1236 ﬁnisset
212 1217 261 1244 per
274 1209 387 1241 coitum,
405 1209 452 1236 sed
467 1208 585 1236 fuissent
604 1208 775 1244 multiplicati
791 1208 883 1235 multi-

96 1253 255 1289 plicationis
273 1253 354 1281 modo
377 1253 496 1288 quodam
516 1253 729 1289 perfectissimo,
754 1253 884 1288 quemad-

96 1300 210 1328 modum
221 1301 309 1336 angeli
326 1310 333 1327 :
350 1300 488 1335 generatio
505 1307 622 1335 namque
634 1300 702 1332 haec,
720 1307 781 1335 quae
797 1300 825 1326 ﬁt
837 1307 886 1334 per

97 1346 286 1378 concubitum,
299 1353 348 1381 per
358 1349 499 1381 peccatum
512 1350 553 1374 est
563 1345 727 1373 introducta.
738 1345 810 1373 Idem
821 1353 884 1373 sen-

97 1392 133 1419 tit
146 1391 225 1419 .loan.
244 1391 446 1428 Chrysostom.,
462 1392 536 1419 hom.
551 1392 584 1420 18
600 1392 626 1418 in
643 1390 756 1423 Cenem;
783 1391 886 1419 Proco-

97 1439 162 1474 pius
176 1438 203 1465 in
218 1437 310 1465 Cenes.
324 1446 385 1473 cap.
401 1446 443 1470 iv;
465 1437 659 1470 Damascenus,
680 1438 726 1465 lib.
739 1447 766 1466 tv
781 1437 819 1465 De
834 1438 885 1473 ﬁde

99 1484 216 1517 orlhod.,
236 1492 295 1520 cap.
321 1484 376 1518 25;
402 1484 564 1520 Euthytuius
592 1484 619 1511 in
645 1484 741 1519 psalm.
769 1493 802 1518 1.;
829 1485 885 1512 Au-

98 1530 227 1566 gustinus
241 1530 268 1557 in
287 1530 378 1557 Cenes.
408 1529 477 1562 Quid
494 1534 584 1557 autent
603 1531 630 1557 in
651 1530 702 1557 hac
719 1538 747 1558 re
762 1534 885 1557 statuen-
898 1548 922 1579 α

98 1577 164 1604 dum
180 1577 227 1609 sit,
242 1576 393 1605 S.Thomas
406 1577 522 1612 explicat
536 1577 621 1612 prima
638 1580 719 1612 part.,
731 1581 827 1612 quaest.
839 1576 884 1610 98,

99 1629 153 1651 art.
166 1623 195 1656 2,
210 1627 238 1651 et
253 1631 315 1651 cum
335 1631 369 1651 eo
383 1624 475 1659 plures
487 1624 532 1650 alii
546 1623 683 1651 doctores.

133 1668 195 1698 Col.
202 1670 266 1702 7:39,
278 1670 327 1697 lin.
334 1670 379 1698 ‘29.
387 1670 472 1704 Υίοὺς
480 1670 534 1697 δύο
542 1669 714 1705 ἐγέννησεν.
722 1668 781 1696 Non
790 1668 887 1704 gemel-

100 1714 153 1747 los,
161 1719 191 1742 tit
203 1724 264 1743 cum
276 1716 401 1744 rabbinis
412 1716 514 1752 colligit
526 1724 593 1743 ausu
603 1715 749 1743 temerario
757 1714 887 1743 Calvinus

101 1759 227 1796 ambigua
252 1759 380 1788 Methodii
404 1761 520 1788 lectione
549 1760 690 1796 deceptus,
706 1760 754 1789 sed
778 1760 887 1788 diverso

99 1811 191 1841 partu.
208 1814 263 1834 uno
280 1807 384 1835 scilicet
411 1806 488 1839 Cain,
502 1807 569 1834 Abel
598 1808 684 1834 altero
700 1816 707 1834 :
724 1807 804 1835 verba
834 1806 887 1834 Mc-

97 1853 186 1881 thodii
202 1858 265 1881 sunt
281 1854 341 1881 :‘Ev
358 1854 386 1880 δὲ
404 1854 442 1889 τῷ
462 1853 613 1889 τριακοστῷ
628 1854 716 1889 χρόνῳ
731 1854 780 1890 τῆς
797 1853 886 1886 ἐξόδου

96 1900 190 1927 αὐτῶν
205 1900 252 1927 τοῦ
266 1901 428 1936 παραδείσου
441 1900 552 1927 τέτοκαν
564 1901 634 1928 Κάῖν
647 1900 691 1927 τὸν
705 1900 885 1936 πρωτότοκον,

97 1946 147 1974 καὶ
161 1946 211 1982 τὴν
228 1947 344 1983 ἀδελφὴν
362 1947 444 1974 αὑτοῦ
469 1946 628 1981 Καλμάναν.
647 1947 702 1973 Ka‘t
717 1947 786 1982 μετὰ
808 1955 886 1982 τρια-

97 1992 196 2020 κοστὸν
208 1993 300 2028 ἓτερον
319 1993 379 2024 ἔτος
394 1993 523 2029 ἐγέννησε
535 1993 581 2020 τὸν
597 1992 679 2019 Ἀϐελ
696 1993 744 2019 σὺν
761 1994 793 2028 τῇ
815 1993 887 2028 Λεμ-

98 2039 168 2075 6όρᾳ
183 2041 215 2075 τῇ
226 2039 326 2076 ἀδελφῇ
337 2039 429 2067 αὑτοῦ.
444 2038 508 2072 Qua:
522 2039 584 2074 quis
599 2047 654 2066 non
669 2039 741 2066 videt
752 2039 887 2066 diversam

98 2094 114 2113 a
132 2086 245 2113 Calvino
261 2086 424 2114 sententiam
455 2086 617 2113 continere?

138 2132 217 2165 lbid.,
236 2132 285 2161 lin.
306 2132 351 2159 30.
370 2132 425 2159 Τὸν
438 2131 522 2159 Κάῑν.
540 2132 628 2167 Hujus
645 2132 764 2160 nominis
777 2135 886 2168 etymon

97 2182 127 2205 et
137 2178 285 2206 declaratio
296 2179 411 2207 habetur
425 2180 451 2206 in
467 2179 534 2214 ipsis
548 2179 634 2206 sacris
649 2178 758 2206 Litteris
775 2187 782 2205 :
800 2178 834 2205 Et
842 2187 886 2213 pe-

936 927 1051 954 bteorum
1062 936 1080 955 I.
1098 928 1232 957 Lutlterus
1243 935 1268 957 et
1279 930 1409 958 Calvinus
1420 931 1542 958 veritatis
1552 930 1731 958 iufeusissimi

936 974 1038 1006 hostes.
1050 979 1074 1001 ct
1088 982 1228 1002 sacrarum
1248 975 1451 1012 Scripturarum
1476 977 1684 1009 obtrectatores,
1702 976 1729 1003 id

937 1023 1072 1046 tantorum
1086 1019 1196 1048 Patrum
1207 1022 1368 1050 auctoritate
1383 1022 1518 1049 ﬁrmatum
1543 1027 1642 1058 negant
1656 1022 1729 1058 inju-

936 1067 981 1098 rii,
994 1067 1154 1103 fabulasqlte
1167 1068 1295 1098 Judaicas
1307 1078 1368 1098 esse
1381 1071 1563 1106 nugacissime
1577 1074 1728 1098 autumant.

972 1112 1039 1140 Ibid.
1061 1113 1087 1139 Ὀ
1103 1114 1137 1140 δὲ
1157 1114 1233 1141 Κάππα
1252 1114 1378 1149 πρῶτος.
1393 1116 1537 1144 Verissima
1554 1125 1620 1144 sane
1634 1125 1729 1148 causa.

936 1162 964 1184 et
978 1158 1168 1187 efﬁcacissima
1184 1160 1218 1187 ad
1236 1161 1427 1196 explicandum
1455 1170 1539 1197 quare
1555 1163 1627 1191 Deus
1643 1165 1726 1191 sacri-

938 1204 1028 1231 ﬁcium
1056 1206 1146 1240 potitus
1163 1206 1256 1234 Abelis
1279 1216 1360 1243 quam
1378 1208 1456 1236 Caini
1475 1211 1632 1244 aspexerit;
1648 1211 1729 1238 aliam

938 1249 1015 1276 all‘ert
1029 1249 1174 1286 .losepbus,
1191 1253 1249 1286 scd,
1265 1257 1293 1280 ut
1307 1258 1430 1289 apparet,
1447 1263 1502 1282 non
1517 1256 1595 1283 multi
1611 1257 1728 1289 roboris.

938 1295 1061 1330 maleque
1084 1297 1197 1332 ab.ipso
1216 1299 1370 1334 conﬁctam,
1384 1301 1510 1329 videlicet
1525 1303 1597 1337 quod
1621 1303 1729 1331 sacriﬁ-

937 1341 1009 1368 cium
1034 1343 1127 1371 Abelis
1151 1348 1248 1379 sponte
1270 1350 1374 1373 natura:
1389 1348 1488 1382 genitis
1508 1353 1657 1382 constaret,
1679 1357 1729 1377 sua

938 1395 1003 1415 vero
1032 1388 1100 1416 Cain
1142 1390 1223 1418 homo
1248 1399 1348 1420 avarus
1373 1397 1400 1420 et
1427 1393 1580 1422 industrius
1604 1402 1653 1429 per
1675 1395 1727 1422 vim

937 1434 1083 1469 quamdam
1095 1443 1110 1462 a
1123 1440 1220 1463 natura
1231 1441 1393 1466 extorserat.
1412 1439 1498 1467 Θῦσαι
1517 1440 1555 1476 τῷ
1571 1440 1630 1476 Θεῷ
1649 1441 1728 1473 δόξαν

937 1480 1039 1512 αὐτοῖς,
1052 1482 1066 1507 ὁ
1084 1481 1132 1516 μὲν
1149 1483 1218 1509 Κάϊν
1233 1483 1286 1510 ἀπὸ
1302 1484 1352 1519 τῆς
1363 1486 1500 1521 γεωργίας
1511 1488 1559 1513 καὶ
1574 1487 1628 1514 τῶν
1638 1488 1728 1522 φυτῶν

938 1527 1061 1563 καρποὺς
1080 1528 1243 1564 ἀπήνεγκεν,
1268 1530 1379 1563 ’Ἄϐελος
1393 1532 1421 1559 δὲ
1439 1532 1519 1567 γάλα,
1537 1534 1584 1560 καὶ
1598 1534 1631 1561 τὰ
1652 1543 1728 1571 πρω-

937 1574 1035 1600 τότοκα
1059 1574 1113 1601 τῶν
1142 1575 1368 1611 βοσκημάτων.¹0
1391 1578 1457 1611 Θεὸς
1480 1579 1509 1606 δὲ
1528 1580 1611 1617 ταύτῃ
1628 1581 1728 1616 μᾶλλον

937 1620 1029 1655 ἥδεται
1056 1621 1089 1655 τῇ
1114 1620 1202 1657 θυσίᾳ,
1229 1624 1284 1655 τοῖς
1307 1624 1480 1659 αὐτομάτοις,
1497 1627 1629 1654 καὶκατὰ
1647 1629 1727 1663 φύσιν

937 1665 1060 1700 γεγονόσι
1078 1665 1248 1702 τιμώμενος,
1270 1668 1327 1695 ἀλλ’
1355 1670 1415 1706 οὐχὶ
1443 1673 1500 1703 τοῖς
1525 1674 1585 1699 κατ’
1606 1674 1728 1702 ἐπίνοιαν

938 1712 1081 1746 ἀνθρώπου
1098 1712 1258 1740 πλεονέκτου
1272 1715 1343 1742 κατὰ
1359 1715 1419 1750 βίαν
1432 1718 1592 1752 πεφυκόσιν.
1610 1718 1727 1747 Basilius

939 1759 1081 1787 Seleucius
1097 1761 1221 1788 oratione
1246 1761 1279 1789 de
1290 1761 1357 1789 Cain
1379 1767 1406 1790 et
1421 1763 1504 1792 Abele
1518 1766 1551 1792 ad
1564 1773 1619 1792 rem
1635 1768 1727 1798 εΚάῐν

940 1805 988 1841 μὲν
1002 1805 1056 1841 γὰρ
1071 1806 1119 1842 τὴν
1134 1806 1229 1833 θυσίαν
1245 1807 1346 1843 ζημίαν
1361 1809 1510 1845 ἡγούμενος
1524 1812 1555 1838 ἐκ
1571 1811 1624 1839 τῶν
1638 1812 1725 1840 ἀδοκί-

940 1860 998 1886 μων
1015 1851 1063 1887 τὴν
1079 1852 1161 1888 τιμὴν
1175 1852 1213 1888 τῷ
1237 1853 1384 1890 τιμωμένῳ
1407 1855 1588 1892 προσεκόμιζε
1606 1858 1727 1885 νενοθευυ

940 1896 1006 1932 μένῃ
1028 1896 1124 1932 γνώμῃ
1145 1897 1194 1932 τὴν
1211 1898 1292 1933 τιμὴν
1308 1899 1487 1934 καπηλειὴυν·
1508 1902 1521 1928 ό
1536 1902 1562 1928 δὲ
1582 1902 1663 1929 Ἀΰελ
1678 1905 1728 1940 οὐχ

938 1942 1023 1974 οὕτως
1033 1951 1039 1958 ·
1057 1943 1117 1975 ὅλος
1132 1943 1160 1970 δὲ
1182 1944 1228 1971 τοῦ
1255 1944 1341 1981 δώρου
1356 1947 1500 1982 γενόμενος
1519 1948 1660 1985 εἰλικρινεῖ
1671 1951 1727 1977 δια-

938 1989 998 2026 νοίᾳ
1015 1990 1160 2027 θεραπεύει
1173 1991 1218 2019 τὸν
1233 1993 1391 2028 Κρείττονα.
1411 1994 1466 2020 Kal.
1482 1995 1527 2021 τὸν
1546 1996 1595 2030 τῆς
1611 1997 1727 2033 ποίμνης

938 2037 1037 2073 δοτῆρα
1057 2039 1113 2070 τοῖς
1128 2039 1177 2074 τῆς
1194 2038 1312 2075 ποίμνης
1328 2040 1479 2076 ἐξαιρέτοις
1493 2042 1584 2077 ἐτίμα,
1598 2044 1647 2078 τῆς
1659 2043 1728 2078 γνώ-

940 2092 994 2118 μης
1006 2083 1055 2119 τὴν
1068 2085 1169 2120 ἀρετὴν
1180 2085 1323 2112 συνάπτων
1336 2087 1392 2118 τοῖς
1406 2086 1512 2123 δώροις,
1525 2088 1570 2115 καὶ
1583 2089 1667 2125 αὐτὴν
1678 2090 1728 2126 τὴν

938 2129 1027 2165 ψυχὴν
1067 2131 1286 2167 συμπροσφέρων
1317 2132 1356 2167 τῷ
1380 2132 1526 2169 δεχομένῳ.
1553 2134 1584 2162 Et
1607 2135 1728 2171 Cyrillus

939 2176 1138 2205 Alexandrinus
1165 2178 1295 2214 Glapltyr.
1315 2180 1344 2206 iu
1367 2179 1459 2207 Cenes.
1484 2181 1533 2208 lib.
1560 2190 1567 2209 I
1588 2184 1727 2219 εἈγειδὴ

97 2225 167 2258 perit
193 2223 270 2257 Cain,
293 2224 394 2255 dicens,
413 2225 523 2252 Possedi
549 2224 678 2252 hominem
693 2233 739 2260 per
759 2224 883 2252 Deum“.

941 2221 984 2250 οὖν
998 2225 1012 2250 ό
1029 2224 1078 2259 μὲν
1093 2225 1164 2260 ἱερός
1183 2234 1212 2251 τε
1230 2226 1277 2252 καὶ
1292 2226 1429 2262 πάνσοφος
1445 2228 1528 2255 ’Δϐελ
1544 2229 1579 2256 τὰ
1595 2230 1644 2265 τῆς
1660 2231 1726 2266 ἀγέ-

99 2272 190 2305 Quare
213 2280 267 2300 non
289 2278 363 2300 recte
389 2272 533 2305 Eusebius.
553 2273 600 2301 lib.
625 2281 644 2300 ιι
671 2273 709 2299 De
741 2277 884 2307 prwparat.

97 2328 203 2355 evang.,
227 2327 287 2355 cap.
306 2320 333 2352 ι,
355 2318 422 2347 Cain
447 2320 642 2354 interpretatur
660 2319 797 2350 invidiam,
812 2318 884 2353 quod

99 2365 206 2393 scilicet
232 2365 310 2397 Cain,
334 2365 425 2394 fratris
455 2367 496 2394 sui
519 2365 646 2393 sacriﬁcii
669 2372 734 2399 ergo
749 2364 884 2396 invidens.

96 2419 161 2439 eum
180 2403 329 2439 occiderit.

133 2457 202 2485 Ibid.
219 2457 274 2485 Kal
289 2459 305 2484 ό
316 2456 375 2492 μὲν
388 2456 462 2484 Κάιν
474 2454 524 2491 ἦν.
544 2455 663 2483 Joannes
687 2456 808 2483 Zonaras
832 2456 886 2482 An-

97 2504 201 2530 nalium
220 2508 286 2530 tom.
302 2502 313 2530 l
326 2513 332 2530 :
350 2503 405 2530 Καὶ
416 2504 430 2529 ό
444 2503 491 2538 μὲν
500 2502 581 2529 Ἀὃελ
593 2503 690 2538 νομεὺς
700 2500 734 2538 ἦν
750 2502 884 2537 ποιμνίου,

97 2551 145 2577 καὶ
168 2551 268 2586 ἀρετῆς
295 2550 475 2585 ὲπεμέλετο,ό
487 2550 515 2576 δὲ
533 2549 601 2576 nan
617 2549 748 2586 ἐγεώργει
768 2549 816 2585 τὴν
835 2549 886 2584 γῆν

98 2597 281 2633 πονηρότατος
292 2596 339 2624 ὤν.
356 2596 407 2623 llic
421 2596 572 2623 notandum
588 2596 713 2623 carnrium
729 2603 806 2624 esum
824 2599 886 2623 ante

98 2643 232 2670 diluvium
250 2651 303 2670 non
325 2643 411 2671 fuisse
432 2646 582 2677 receptum.
601 2642 698 2670 Cenes.
720 2650 780 2676 cap.
798 2650 834 2669 ιιι.
855 2641 886 2667 Et

98 2689 232 2721 oleribus,
251 2689 397 2723 herbisque
415 2697 500 2723 genus
516 2688 663 2716 humanum
681 2692 743 2715 ante
753 2688 885 2715 diluvium

97 2736 224 2771 potuisse
244 2736 393 2763 sustentari
409 2735 539 2763 facillimo
554 2735 663 2771 negotio
676 2738 767 2770 posset
779 2743 812 2762 ex
825 2742 885 2761 ver-

95 2782 140 2811 bis
148 2781 251 2809 Iuliani
262 2782 409 2817 Apostataa,
421 2790 481 2818 qua:
495 2781 577 2810 refert
588 2781 687 2826 Suida's
700 2782 727 2809 iu
736 2780 884 2813 Herodoto,

135 2860 157 2875 "
177 2860 243 2887 Gen.
264 2868 298 2893 tv,
322 2860 346 2887 1.

938 2269 1126 2305 ληςὰπόλεκτα
1141 2271 1187 2297 καὶ
1201 2272 1357 2309 ἀριστίνδην
1370 2274 1593 2310 ἐγκεκρυμμένοι·
1609 2277 1726 2312 Ἤνεγκε

937 2317 1002 2352 γὰρ,
1014 2318 1105 2353 φησὶν,
1116 2318 1170 2344 ἀπὸ
1180 2318 1234 2345 τῶν
1249 2320 1428 2356 πρωτοτόκων
1440 2321 1494 2347 τῶν
1509 2321 1602 2357 ἀμνῶν
1616 2324 1661 2350 καὶ
1673 2323 1728 2351 ἀπὸ

937 2362 991 2389 τῶν
1002 2364 1121 2402 στεάτων
1133 2364 1232 2397 αὐτῶν,
1244 2366 1366 2392 τουτέστι
1378 2366 1412 2392 τὰ
1425 2367 1586 2403 προῦχοντα,
1595 2369 1642 2396 καὶ
1656 2370 1727 2402 ἐξαί-

939 2417 1014 2446 ρετα·
1032 2411 1079 2438 καὶ
1092 2411 1136 2437 τὸν
1152 2411 1202 2447 τῆς
1219 2412 1373 2448 ἱερουργίας
1385 2414 1435 2440 οὐκ
1453 2415 1589 2449 ἀγνοήσας
1614 2416 1725 2451 τρόπον,

938 2456 1077 2491 παρετίθει
1099 2457 1132 2483 τὰ
1151 2457 1268 2484 στέατα·
1297 2458 1367 2485 Κάῖν
1394 2459 1422 2485 δὲ
1446 2459 1494 2495 οὐχ
1520 2460 1600 2493 οὕτω,
1618 2462 1683 2489 πολὺ
1698 2462 1727 2490 δὲ

937 2502 997 2529 λίαν
1022 2503 1184 2539 ἀτημελῶς·
1207 2505 1241 2532 τὰ
1263 2506 1313 2541 μὲν
1328 2506 1383 2542 γὰρ
1398 2507 1438 2533 ὅτι
1455 2507 1570 2542 μάλιστα
1589 2509 1642 2535 τῶν
1660 2509 1726 2543 ὡρί-

940 2557 996 2583 μων
1012 2549 1137 2585 ἐκπρεπῆ
1152 2551 1212 2582 ταῖς
1233 2550 1310 2583 ἰδίαις
1332 2551 1472 2588 ἐχαρίζετο
1484 2556 1614 2589 τρυφαῑς’
1634 2554 1728 2582 ἐλύπει

937 2594 965 2621 δὲ
983 2596 1037 2626 τοῖς
1053 2595 1188 2631 δευτέροις
1202 2597 1246 2623 τὸν
1259 2597 1305 2624 ἐπὶ
1318 2598 1426 2625 πάντων
1440 2600 1516 2626 Θεόν.

974 2640 1053 2671 lbid.,
1068 2641 1116 2668 lin.
1134 2641 1178 2668 56,
1197 2642 1358 2676 ὀρτισθεὶς
1374 2644 1423 2670 ἐπὶ
1446 2646 1549 2678 τούτῳ.
1573 2646 1726 2674 Mctltodius

938 2686 1096 2715 Palarensis
1123 2688 1215 2716 Abelis
1239 2689 1340 2717 caedem
1366 2698 1438 2719 anno
1460 2693 1649 2721 ducentesimo
1665 2695 1726 2722 vita:

938 2733 1034 2760 Adami
1051 2734 1209 2769 contigisse,
1226 2738 1252 2762 et
1276 2736 1416 2771 planctum
1432 2738 1528 2765 Adami
1553 2743 1580 2766 et
1595 2739 1656 2767 Erae
1679 2747 1727 2775 per

938 2783 1047 2807 centum
1065 2779 1149 2809 fuisse
1165 2784 1343 2816 protractum,
1358 2784 1463 2812 scribit.
1493 2785 1538 2821 Τῷ
1551 2786 1578 2813 δὲ
1593 2786 1729 2814 διακοσιο-

236 3123 1684 3406 Ψ
