3924 6968
574 283 680 342 975

1890 281 2136 339 LEONIS
2173 283 2449 339 ALI-ATﬂ

3644 293 3727 348 976

579 399 684 472 ,τῷ
710 400 818 453 ἔτει
858 399 956 468 τῆς
994 397 1139 469 ζῶης
1170 398 1262 451 τοῦ
1301 399 1471 470 Ἀδὰμ
1492 400 1775 455 ἀπέκτεινε
1807 402 1947 455 Κάῖν
1977 404 2136 456 Ἅϐελ

2309 404 2470 468 lbid.,
2506 404 2599 458 lin.
2649 404 2737 458 45.
2769 401 2998 471 Πρῶτος
3026 404 3094 456 δὲ
3116 403 3280 458 Kdzr.
3301 401 3516 463 Joannes
3533 405 3730 467 Zonaras

571 492 662 547 τὸν
710 491 934 561 ἀδελφὸν
985 489 1171 544 αὑτοῦ.
1216 490 1324 544 Καὶ
1362 492 1623 563 ἐποίησαν
1664 494 1753 547 τὸν
1777 496 2001 549 κοπετὸν
2025 497 2054 549 ὅ
2082 514 2140 550 τε

587 583 756 653 Ἀδὰμ
801 583 895 635 καὶ
944 580 1058 634 Εὕα
1107 582 1192 634 ἐπ’
1223 580 1382 634 αὑτοῦ
1424 584 1517 636 ἐπὶ
1547 585 1773 656 χρόνους
1808 584 1872 656 ρ’.
1904 583 2139 656 Idquue

573 675 966 731 Constantinus
986 673 1262 730 Manasses
1302 676 1356 728 in
1377 674 1572 728 Annal.
1602 676 1809 730 luctum
1833 677 2141 735 inconsola-

575 769 735 823 bilem
765 766 1124 837 nuncupavit,
1156 766 1346 829 πένθος
1375 767 1774 839 ἀπαράκλητον.

642 857 758 912 Col.
788 858 918 921 τις),
957 858 1053 911 lin.
1079 856 1169 909 58.
1204 856 1266 908 '0
1293 855 1362 909 δὲ
1389 856 1631 925 πολλὴν
1676 859 2136 927 περινοστήσας.

576 951 837 1016 Zonaras,
862 951 1057 1005 Annal.
1083 959 1213 1004 tom.
1244 948 1265 1001 ι
1299 969 1312 1003 :
1343 950 1401 1002 Ὁ
1430 948 1487 1003 δὲ
1505 950 1774 1022 φθονήσας
1803 953 1895 1006 ἐπὶ
1917 955 1982 1025 τῇ
2017 970 2143 1025 προ-

575 1045 793 1115 τιμήσει
830 1041 1031 1096 κτείνει
1055 1040 1214 1094 αὐτὸν
1244 1040 1337 1093 καὶ⁵
1369 1040 1641 1110 ἐπάρατος
1660 1041 1866 1110 γίνεται
1893 1041 1970 1113 τῷ
2001 1042 2139 1113 Θεῷ,

574 1134 667 1187 καὶ
703 1134 928 1195 στένειν,
953 1133 1047 1186 καὶ
1069 1132 1289 1202 τρέμειν
1312 1131 1777 1187 καταδεδίκασται.
1829 1134 2142 1206 Ἐκὸληθεὶς

573 1225 629 1278 δὲ
667 1223 777 1277 ἀπὸ
803 1222 895 1276 τοῦ
931 1221 1219 1293 προσώπου
1248 1220 1338 1274 τοῦ
1375 1220 1531 1286 Θεοῦ,
1556 1222 1613 1276 ἐν
1640 1225 1710 1294 γῇ
1739 1222 1876 1276 Ναϊδ
1907 1222 2140 1295 ᾤκησεν,

572 1315 702 1370 ἔνθα
743 1315 837 1369 καὶ
884 1314 1075 1376 παῖδας
1115 1313 1376 1381 ἐγείνατο.
1410 1312 1803 1369 Constantinus
1836 1314 2138 1377 Manasses,

574 1409 629 1461 in
663 1406 999 1460 Annalibus:
1030 1405 1304 1458 Ἐντεῦθεν
1327 1407 1464 1459 Κὰῖν
1512 1405 1753 1470 ἐλασθεὶς
1788 1406 1886 1476 τῆς
1921 1405 2142 1478 πρώτης

574 1501 865 1573 παροικίας
876 1540 891 1564 ,

570 1594 681 1649 Καὶ
724 1592 843 1662 γῆν
885 1590 1123 1662 πολλὴν
1157 1589 1490 1662 ἐπιδραμὼιτ
1518 1589 1707 1657 ἔπηξε
1728 1589 1833 1655 τὰς
1864 1590 2140 1662 αὐλαίας,

576 1659 757 1717 Ἔνθα
784 1659 976 1716 καλὸν
1019 1660 1141 1725 τοῖς
1186 1659 1510 1729 ὀφθαλμοῖς
1544 1661 1776 1714 ἐκείνου
1817 1660 2138 1728 κατεφάνη.

574 1756 638 1809 Et
668 1754 958 1824 Josephus,
989 1750 1168 1822 Antiq.
1204 1750 1420 1806 Judaic.
1461 1752 1554 1806 lib.
1596 1767 1634 1816 l,
1676 1766 1798 1821 cap.
1828 1753 1902 1807 ὃς
1938 1752 2143 1823 Πολλὴν

571 1848 628 1901 δὲ
659 1843 899 1899 ἐπελθὼν
928 1845 1051 1915 γῆν,
1084 1842 1325 1917 ¹ἱδρύεται
1372 1843 1509 1914 μετὰ
1554 1844 1649 1913 τῆς
1692 1844 1947 1912 γυναικὸς
1998 1845 2138 1898 Κάῐν

573 1939 746 1992 Ναΐδα
796 1938 957 1990 τόπον
995 1935 1136 1989 οὕτω
1167 1935 1515 2005 καλούμενον,
1545 1937 1637 1989 καὶ
1689 1935 1872 1989 αὐτόθι
1914 1938 2140 1990 ποιεῖται

573 2030 672 2099 τὴν
719 2027 1050 2096 κατοίκησιν,
1107 2024 1233 2078 ἔνθα
1296 2025 1387 2079 καὶ
1430 2024 1615 2088 παῖδες
1662 2025 1925 2093 ἐγένοντο.
1959 2024 2142 2079 Prima

576 2123 739 2193 igitur
783 2121 935 2175 orbis
984 2130 1251 2174 terrarum
1284 2118 1476 2174 civitas
1512 2115 1785 2172 chocbia
1816 2118 1917 2172 fuit
1953 2132 1983 2171 a
2005 2118 2141 2173 Cain

574 2220 874 2270 exstructa.
891 2211 1123 2267 Berosus
1142 2209 1360 2264 lictitius
1378 2208 1469 2263 lib.
1488 2208 1564 2263 De
1596 2208 1934 2277 (corporibus,
1964 2208 2141 2265 Henn-

575 2308 751 2361 cliiam
800 2305 1073 2361 civitatem
1107 2303 1295 2358 scribit
1327 2317 1449 2358 esse
1489 2302 1762 2356 conditam
1805 2303 1952 2357 circa
1978 2301 2140 2356 Liba-

576 2417 703 2455 num
764 2405 1025 2460 montem,
1062 2396 1155 2465 qui
1187 2403 1272 2450 est
1311 2395 1377 2449 ad
1409 2395 1675 2450 orientem
1734 2396 2141 2465 comparatione

575 2490 812 2562 regionis
860 2487 1226 2553 Damascenzr,
1261 2486 1540 2558 fuisseque
1600 2486 1991 2556 amplissimam
2046 2504 2139 2541 ur-

574 2584 718 2645 hem,
770 2587 823 2636 et
867 2579 1251 2634 habitationem
1306 2578 1603 2650 gigantum.
1678 2576 1773 2633 His
1824 2578 1973 2632 addit
2022 2580 2138 2632 An-

577 2674 721 2733 nius,
777 2687 877 2726 suo
931 2673 1093 2725 etiam
1147 2677 1391 2738 tempore
1446 2670 1593 2724 illius
1649 2667 1890 2725 civitatis
1942 2667 2139 2723 dirutae

576 2763 725 2817 cerni
756 2762 811 2815 in
842 2772 1021 2816 monte
1051 2759 1259 2815 Libano
1281 2760 1516 2814 maxima
1555 2768 1609 2815 et
1654 2761 1894 2831 ingentia
1944 2759 2139 2814 funda-

575 2861 779 2917 menta,
802 2860 856 2906 et
885 2853 1045 2923 vulgo
1078 2852 1146 2906 ab
1179 2851 1373 2906 incolis
1406 2852 1553 2908 illius
1590 2852 1827 2923 regionis
1865 2854 2139 2907 nominari

575 2945 850 2998 civitatem
910 2943 1067 3008 Cain,
1120 2952 1285 3013 atque
1342 2942 1397 2997 id
1439 2958 1497 2999 se
1531 2958 1598 2997 ex
1640 2943 2034 2999 mercatoribus
2088 2954 2140 2998 et

576 3036 1005 3106 pcregrinis,qui
1039 3035 1093 3088 in
1127 3034 1332 3089 Libano
1372 3045 1425 3089 et
1449 3034 1713 3098 Damasco
1735 3036 1935 3092 versati
1962 3045 2136 3100 erant,

578 3130 874 3198 accepisse.
933 3126 1297 3197 Hieronymus
1353 3134 1534 3181 tamen
1566 3135 1619 3182 ct
1663 3128 1753 3181 alii
1785 3129 1943 3183 aliter
1969 3128 2142 3199 expli»
2169 3106 2211 3163 ο

577 3227 721 3282 cant,
764 3217 879 3272 Nod
922 3234 1029 3272 non
1057 3233 1179 3273 esse
1219 3234 1414 3273 nomen
1445 3220 1724 3290 proprium
1764 3220 1889 3283 loci,
1924 3221 2020 3276 sed
2049 3236 2143 3291 ap-

577 3311 887 3381 pellativum
916 3310 1108 3366 Latine
1138 3310 1706 3384 signiﬁcans,vagum,
1732 3311 2025 3378 ﬂuctuans,
2056 3314 2141 3369 in-

577 3401 792 3466 stabile,
828 3415 891 3454 ae
919 3401 1066 3457 sedis
1105 3402 1344 3456 incertae.

647 3492 804 3559 lbid.,
847 3493 941 3546 lin.
991 3493 1079 3548 40.
1133 3494 1241 3547 Καὶ
1294 3492 1499 3549 πᾶσαν
1542 3495 1833 3564 ἀῤῥητοπ.
1873 3494 2142 3567 Iosephus

576 3585 668 3639 lib.
705 3602 720 3639 l
766 3584 1024 3654 Antiquil.
1056 3584 1298 3650 Judaic.,
1336 3602 1455 3657 cap.
1485 3587 1519 3641 5
1551 3605 1562 3640 :
1595 3588 1708 3640 Οὐκ
1758 3588 1850 3640 ἐπὶ
1895 3589 2145 3661 νουθεσίᾳ

573 3678 633 3732 δέ
653 3678 751 3749 τὴν
780 3678 1000 3731 κόλασιν
1028 3677 1234 3743 ἐλαϐεν,
1262 3680 1373 3732 ἀλλ’
1420 3680 1505 3732 ἐπ’
1534 3679 1756 3751 αὐξήσει
1800 3680 1900 3751 τῆς
1926 3683 2140 3747 κακίας,

572 3769 766 3841 ήδονὴν
800 3771 895 3841 μὲν
924 3772 1102 3824 πᾶσαν
1131 3772 1436 3843 ἐκπορίζων
1470 3770 1632 3825 αὐτοῦ
1671 3772 1749 3843 τῷ
1778 3772 2008 3845 σώματι,
2040 3776 2144 3829 κᾶν

577 3858 695 3929 μεθ’
726 3858 934 3930 ὕϐρεως
963 3860 1068 3911 τῶν
1098 3861 1359 3913 συνόντων
1390 3861 1484 3933 δέῃ
1530 3860 1731 3931 ταύτην
1760 3860 1931 3934 ἔχειν’
1964 3862 2141 3928 αὔξων

572 3950 627 4002 δὲ
661 3951 750 4004 τὸν
776 3947 921 4003 οἶκον
950 3951 1140 4023 πλήθει
1187 3954 1481 4023 χρημάτων
1520 3953 1576 4018 ἐξ
1614 3956 1865 4026 ἁρπαγῆς
1900 3957 1991 4010 καὶ
2024 3958 2143 4028 βίας

572 4043 710 4113 πρὸς
732 4043 925 4114 ἡδονὴν
955 4045 1047 4098 καὶ
1071 4044 1323 4117 λῃστείαν
1356 4047 1482 4108 τοὺς
1510 4047 1933 4117 ἐντυγχάνοντας
1963 4066 2140 4120 παρα-

571 4135 1098 4199 καλῶν,διδόισκαλος
1122 4135 1301 4200 αὐτοῖς
1329 4137 1578 4209 πονηρῶν
1606 4138 1846 4209 ὑπῆρχεν
1866 4139 2142 4210 ἐπιτηδευ-

574 4225 779 4296 μάτων.
808 4224 1086 4281 Manasses
1120 4227 1171 4279 in
1207 4226 1440 4280 Annal.:

569 4316 681 4370 Καὶ
709 4316 937 4385 πρῶτος
971 4317 1263 4388 ἐπενόησε
1294 4320 1501 4384 πόλεις
1530 4320 2000 4388 ὅχυροπύργους.

566 4389 844 4455 Νηχύτου
865 4387 1185 4457 γενομένου
1201 4389 1268 4441 δὲ
1291 4388 1396 4441 τοῦ
1426 4387 1636 4457 γένοὺς
1665 4389 1783 4443 τῶν
1795 4387 2136 4458 ἀνθρώπων,

580 4458 833 4530 ξοδίταις
864 4458 1534 4530 ἐπετίθετοηλῃοῖτείαις
1561 4460 1869 4530 ἐπεχείρει,

580 4526 928 4592 Ἐσκύλευε,
962 4526 1299 4596 διήρπαζεν,
1329 4528 1569 4597 ἔκραινε
1598 4526 1799 4598 χεῖρας
1832 4531 2062 4600 φόνοις.

565 4615 684 4671 Non
716 4616 906 4683 Caino,
967 4618 1062 4674 sed
1102 4621 1222 4687 ejus
1263 4618 1389 4673 ﬁliis
1428 4629 1480 4673 et
1525 4619 1738 4675 ﬁliabus
1786 4619 2134 4691 ﬂagitiosam,

567 4724 630 4761 ac
665 4707 954 4763 nefandam
992 4710 1266 4764 libidinem
1304 4712 1444 4764 hanc
1481 4709 1788 4767 Methodius
1820 4710 2134 4767 Patarensis

565 4799 773 4852 tribuit.
810 4798 900 4869 Τῷ
937 4800 995 4853 δὲ
1026 4800 1458 4873 πεντακοσιοστῷ
1483 4802 1658 4874 χρόνῳ
1691 4804 1789 4874 τῆς
1820 4809 1868 4857 α’
1900 4804 2135 4875 χιλιάδος

563 4891 611 4941 οἱ
667 4891 771 4943 υίοὶ
811 4889 904 4943 τοῦ
958 4891 1094 4943 Κάῖν
1138 4890 1580 4963 κατεστρώννυον
1612 4891 1709 4957 τὰς
1742 4896 2001 4960 γυναῖκας
2026 4895 2135 4948 τῶν

562 4982 804 5052 ἀδελφῶν
826 4983 1020 5037 αὐτῶν.
1049 4984 1212 5047 Γνοὺς
1227 4983 1283 5037 δὲ
1305 4983 1475 5038 ταῦτα
1496 4988 1523 5038 ὁ
1549 4985 1671 5037 Ἀὂὲ
1680 5003 1719 5056 μ
1739 4985 1981 5057 ἐλυπήθη
2006 4987 2135 5055 σφό-

559 5074 680 5147 δρα.
722 5077 810 5129 Ἐν
853 5077 907 5129 δὲ
946 5076 1025 5147 τῷ
1062 5078 1422 5147 ἐξακοσιοστῷ
1450 5078 1558 5132 ἔτει
1590 5080 1688 5150 τῆς
1714 5080 1935 5151 πρώτης
1961 5081 2134 5152 χιλιά-

558 5166 647 5230 δος
670 5167 869 5239 οἴστρῳ
900 5169 1099 5241 ἔρωτος
1120 5170 1373 5240 πορνείας
1397 5171 1452 5223 αἱ
1477 5170 1680 5223 τούτων
1702 5174 1956 5239 γυναῖκες
2006 5191 2132 5227 κατ-

557 5259 857 5332 εσχέθησαν
894 5264 988 5316 καὶ
1017 5264 1097 5325 είς
1128 5260 1321 5331 μανίαν
1350 5261 1685 5333 ἐτράπησαν,
1716 5264 1809 5315 καὶ
1841 5267 1953 5328 τοῖς
1984 5265 2132 5329 ἰδίοις

556 5350 811 5423 ἀνδράσιν
837 5352 929 5407 an
955 5352 1199 5422 γυναιξὶν
1227 5353 1544 5425 ἐκέχρηντο,
1568 5354 1659 5406 καὶ
1681 5354 1902 5423 γέγονεν
1917 5356 2129 5427 ἀληθῶς

558 5443 833 5515 προῦπτος
889 5446 1117 5517 αἰσχύνη
1168 5449 1281 5508 τοῖς
1325 5446 1509 5516 ὁρῶσι.
1543 5444 1632 5516 Τῷ
1694 5446 1749 5499 δὲ
1810 5447 2127 5502 ὀκτακοσιο-

558 5536 670 5605 στῷ
710 5539 883 5609 χρόνῳ
927 5540 1025 5610 τῆς
1071 5540 1216 5612 ζωῆς
1272 5541 1365 5593 τοῦ
1429 5540 1598 5611 Ἀδὰμ
1653 5541 2022 5596 κατεπλὰτυνε
2067 5543 2127 5595 τὸ

557 5630 715 5700 μῖσος
743 5629 842 5697 τῆς
873 5632 1126 5701 πορνείας
1154 5634 1211 5685 ἐν
1242 5635 1306 5703 τῇ
1341 5636 1409 5703 γῇ
1434 5633 1536 5686 ὑπὸ
1562 5632 1668 5686 τῶν
1695 5632 1825 5685 υἱῶν
1849 5632 1938 5686 τοῦ
1975 5631 2129 5686 ἀδελ-

554 5716 814 5785 φοκτόνου
847 5721 1003 5773 Κάῖν.

2242 497 2437 551 Annal.
2459 507 2587 552 tom.
2608 494 2627 547 Ι
2647 514 2661 551 :
2687 489 2855 559 Οὗτος
2882 497 3050 568 μέτρα
3072 514 3131 549 τε
3155 498 3251 550 καὶ
3272 497 3730 573 στάθμιαέπενόησε,

2242 590 2335 643 καὶ
2362 588 2574 659 πρῶτος
2606 589 2766 661 ὅρους
2808 587 3042 659 ἐπήξατο
3070 587 3175 658 γῆς
3205 589 3455 660 πονηρίας
3475 589 3732 665 καθηγητὴς

2240 680 2659 751 χρηματισθεὶς,
2688 680 2780 734 καὶ
2829 681 2978 734 πόλιν
3021 681 3103 744 είς
3142 678 3309 750 ὄνομα
3342 680 3433 733 τοῦ
3451 684 3731 753 πρωτοτόκου

2243 773 2358 827 υίοῦ
2381 773 2543 827 αὑτοῦ
2583 772 2747 838 Ἑνὼς
2779 772 3144 844 ᾠκοδόμησεν.
3161 771 3424 843 Iosephus
3453 773 3569 829 item
3589 775 3735 833 iuren-

2242 864 2442 919 tionem
2504 865 2800 934 ponderum
2851 875 2905 920 et
2952 878 3326 919 mensurarum
3372 873 3620 936 acceptam
3656 868 3735 923 fert

2242 956 2337 1010 lib.
2368 971 2385 1009 ι
2418 956 2701 1027 Αηιίᾳιιίιη
2732 971 2855 1026 cap.
2877 957 2911 1010 '5
2979 956 3093 1010 Kal.
3128 956 3225 1027 τὴν
3258 956 3644 1028 ἀπραγμοσύνην
3664 960 3736 1031 μὲν

2241 1040 2277 1120 ᾖ
2304 1047 2565 1121 πρότερον
2598 1048 2831 1111 συνέζων
2859 1049 2910 1101 oi.
2931 1047 3207 1119 ἄνθρωποι
3236 1046 3439 1117 μέτρων
3468 1050 3652 1121 ἐπινοίᾳ
3667 1054 3737 1104 καὶ

2243 1136 2496 1207 σταθμῶν
2524 1140 2909 1209 μετεστήσατο,
2937 1136 3198 1207 ἀκέραιον
3223 1137 3400 1200 αὐτοῖς
3430 1138 3544 1191 ὄντα
3559 1138 3636 1193 τὸν
3657 1140 3738 1211 βίον

2241 1231 2308 1283 ἐκ
2358 1230 2459 1301 τῆς
2488 1229 2690 1283 τούτων
2735 1227 2990 1299 ἀμαθίας,
3025 1229 3119 1283 καὶ
3162 1228 3516 1301 μεγαλόψυχον
3543 1231 3612 1295 είς
3637 1250 3739 1285 πανο

2240 1322 2463 1395 ουργίας
2509 1320 2749 1392 ἀγαγών.
2802 1321 3122 1391 EutrOpius,
3181 1321 3280 1375 lib.
3314 1337 3353 1383 ι,
3387 1321 3532 1376 initio
3557 1322 3740 1392 (haesitat

2243 1420 2422 1467 tamen
2473 1410 2900 1481 Cbristophorus
2953 1409 3271 1467 Roﬁniacus
3320 1411 3373 1465 in
3419 1407 3608 1465 Comm.
3641 1412 3739 1469 bist.

2243 1517 2372 1556 num
2418 1517 2543 1558 vera
2584 1509 2715 1557 sunt
2741 1516 2862 1571 quae
2896 1500 2963 1555 de
2991 1500 3200 1556 exteris
3234 1501 3395 1555 rebus
3424 1500 3627 1555 admista
3645 1511 3739 1557 sunt

2242 1591 2547 1661 Eutropio:
2589 1605 2715 1646 nam
2769 1591 2818 1646 is
2872 1591 3019 1646 solas
3080 1588 3367 1647 Romanas.
3412 1599 3467 1646 ut
3496 1591 3739 1647 doctissimi

2245 1685 2541 1755 scriptores
2572 1691 2864 1749 testantur,
2879 1681 3211 1754 contexuit),
3234 1697 3299 1738 eo
3328 1690 3552 1752 tempore
3568 1698 3740 1738 menso-

2176 1753 2218 1809 B
2249 1792 2340 1832 ras
2360 1753 2438 1832 vet
2469 1775 2709 1846 pondera
2760 1775 2979 1829 inventa
3017 1774 3205 1838 tradit,
3236 1789 3343 1843 quo
3391 1772 3524 1843 apud
3558 1772 3740 1827 Albanos

2248 1868 2471 1930 Procas,
2506 1867 2647 1937 apud
2680 1866 2898 1922 Iudaeos
2918 1866 3033 1920 Aza
3065 1871 3381 1936 regnarunt.
3407 1864 3505 1919 Atii
3527 1862 3739 1919 Palamedi

2249 1957 2614 2014 inventionem
2671 1958 2812 2011 hanc
2856 1956 3255 2026 ascripserunt,
3287 1970 3317 2008 a
3347 1954 3532 2025 quibus
3552 1969 3642 2008 non
3664 1953 3740 2009 dis-

2249 2050 2413 2106 sentit
2461 2048 2690 2119 Gorgias
2744 2047 3046 2104 Leontinus
3096 2049 3344 2103 oratione
3400 2048 3635 2118 apologet.
3674 2063 3741 2117 pro

2246 2139 2535 2195 Palamede
2565 2156 2578 2191 :
2620 2138 2714 2203 Τίς
2743 2137 2852 2211 γὰρ
2874 2139 2939 2193 ἂν
2970 2138 3199 2208 ἐποίησε
3217 2139 3304 2192 τὸν
3343 2135 3639 2209 ἀνθρώπινον
3664 2135 3742 2206 βίον

2245 2229 2478 2300 πόριμον
2509 2228 2566 2295 ἐξ
2601 2229 2826 2301 ἀπόρου,
2866 2231 2961 2283 καὶ
3014 2227 3425 2299 κεκοσμημένον
3462 2226 3515 2293 ἐξ
3540 2227 3739 2295 ἀκόσμου.

2246 2319 2426 2384 τάξεις
2468 2336 2530 2372 τε
2564 2318 2863 2390 πολεμικὰς
2896 2318 3075 2391 εὑρὼν
3110 2319 3362 2390 μέγιστον
3392 2320 3467 2380 είς
3491 2316 3743 2384 πλεονεκτή-

2248 2430 2419 2484 ματα,
2455 2413 2653 2484 νόμους
2683 2429 2743 2465 τε
2771 2414 3076 2483 γραπτοὺς,
3102 2412 3347 2483 φύλακάς
3377 2428 3433 2464 τε
3467 2410 3550 2464 τοῦ
3567 2410 3741 2469 δικαίου,

2247 2506 2551 2578 γράμματά
2574 2524 2633 2559 τε
2662 2506 2880 2577 μνήμης
2910 2504 3168 2576 ὄργανον,
3190 2504 3360 2575 μέτρα
3380 2520 3434 2556 τε
3458 2502 3543 2557 καὶ
3567 2500 3740 2571 σταθμὰ,

2248 2598 2593 2668 συναλλαγῶν
2631 2598 2893 2671 εὐπόρους
2920 2596 3237 2667 διαλλαγὰς,
3262 2596 3479 2669 ἀριθμόν
3504 2613 3556 2648 τε
3582 2596 3743 2667 χρημά-

2246 2707 2353 2743 των
2389 2688 2629 2759 φύλακα,
2665 2686 2904 2759 πυρσούς
2946 2703 3005 2740 τε
3031 2679 3379 2758 κρατίστους,
3410 2686 3497 2739 καὶ
3523 2686 3742 2755 ταχίστους

2247 2780 2529 2849 ἀγγέλους,
2562 2778 2792 2843 πεσσούς
2824 2795 2883 2832 τε
2926 2777 3125 2850 σχολῆς
3158 2778 3358 2832 ἄλυπον
3408 2777 3676 2849 διατριϐήν;
3697 2775 3741 2827 Et

2245 2871 2556 2928 Alcidamas
2608 2871 2909 2927 acerrimus
2958 2868 3275 2930 Palamedis
3321 2878 3583 2925 accusator
3618 2869 3662 2922 in
3696 2882 3741 2921 ea

2246 2978 2410 3035 quam
2446 2970 2637 3019 contra
2675 2962 3019 3017 Palamedem
3063 2960 3396 3032 conscripsit
3423 2960 3638 3015 oratione
3666 2957 3741 3011 etsi

2247 3069 2429 3109 rerum
2463 3054 2714 3116 aliarum,
2744 3052 2801 3107 in
2829 3052 3029 3122 quibus
3061 3051 3437 3107 inventoribus
3465 3051 3570 3104 laus
3606 3048 3739 3115 aliqua

2245 3156 2348 3213 est,
2395 3148 2499 3218 ipsi
2542 3147 2791 3216 deneget,
2836 3153 2891 3201 et
2942 3145 3083 3200 alios
3138 3143 3423 3199 Palamede
3470 3141 3739 3212 antiquiores

2244 3246 2656 3304 commemorat,
2715 3238 2913 3308 quibus
2959 3237 3203 3291 humana
3235 3246 3427 3290 natura
3457 3234 3642 3290 inventa
3673 3231 3738 3285 illa

2243 3331 2423 3395 debet,
2457 3315 2638 3386 tamen
2670 3330 2812 3386 hanc
2847 3344 3237 3385 mensurarum
3289 3339 3344 3384 et
3386 3325 3645 3398 ponderum
3680 3322 3739 3377 in-

2245 3424 2552 3479 ventionem
2604 3422 2879 3478 Palamedi
2928 3437 3041 3477 non
3082 3422 3316 3494 denegat
3343 3440 3357 3476 :
3382 3419 3554 3491 Μὲτρα
3592 3416 3637 3469 δὲ
3671 3413 3737 3467 καὶ

2246 3518 2459 3590 σταθμὰ
2490 3518 2697 3590 ἐξεῦρε,
2733 3519 3018 3591 καπήλοις,
3049 3519 3147 3572 καὶ
3196 3517 3466 3590 ἀγοραίοις
3498 3511 3736 3585 ἀνθρώπως

2244 3611 2457 3675 ἀπάτας
2514 3611 2609 3664 καὶ
2654 3611 2956 3682 ἐπιορκίας,
2984 3611 3217 3675 πεττούς
3246 3627 3309 3679 γε
3342 3610 3441 3681 μὴν
3466 3610 3563 3670 τοῖς
3595 3602 3735 3674 ἀργοῖέ

2244 3702 2350 3755 τῶν
2400 3701 2604 3774 ἀνδρῶν
2667 3703 2845 3774 ἔριδας
2896 3702 2990 3756 καὶ
3044 3702 3333 3775 λοιδορίας.
3365 3701 3467 3754 Καὶ
3505 3696 3664 3757 κύὸους
3686 3686 3732 3745 αὖ

2248 3793 2496 3863 μέγιστον
2544 3793 2706 3847 κακὸν
2756 3792 3011 3859 ἐδίδαξεν,
3043 3796 3159 3855 τοῖς
3198 3793 3295 3862 μὲν
3327 3788 3576 3861 ἡττηθεῖσι
3605 3782 3732 3843 λύπας

2244 3888 2338 3941 καὶ
2379 3885 2444 3958 ξη
2454 3887 2600 3957 μίας,
2628 3889 2737 3949 τοῖς
2762 3887 2816 3939 δὲ
2849 3886 3041 3939 νικῶσι
3088 3885 3436 3955 καταγέλωτα
3464 3882 3547 3935 καὶ
3567 3876 3727 3937 ὀνειδοῷ

2245 3979 2310 4032 Ει
2356 3977 2562 4032 Gellius
2604 3977 2868 4033 referente
2918 3978 3093 4031 Plinio
3156 3980 3193 4032 l.
3231 3994 3324 4039 vu,
3371 3993 3419 4030 c.
3456 3974 3533 4034 56,
3562 3967 3727 4025 ididem

2245 4070 2474 4125 Pliidoni
2513 4070 2714 4141 Argivo
2765 4070 2975 4131 tribuit,
3008 4071 3092 4125 cui
3133 4070 3414 4125 sententia:
3443 4076 3492 4121 et
3524 4060 3729 4117 Eusebius

2244 4165 2299 4219 in
2331 4163 2683 4234 Chronologia
2716 4162 3109 4232 subscripsisse
3160 4162 3386 4216 videtur.
3433 4156 3603 4213 Strabo
3637 4152 3724 4205 item

2244 4257 2335 4312 lib.
2364 4273 2456 4312 Vill
2500 4256 2663 4324 hujus
2706 4255 2972 4319 meminit,
2996 4264 3049 4310 et
3084 4255 3231 4311 illius
3274 4252 3576 4309 inventionis
3606 4266 3617 4302 :
3651 4242 3727 4297 Καὶ

2245 4351 2418 4421 μέτρα
2449 4347 2637 4419 ἐξεῦρε
2668 4346 2735 4399 τὰ
2768 4346 3023 4416 φειδώνια
3067 4347 3164 4400 καὶ
3199 4346 3479 4417 σταθμοὺς,
3516 4342 3593 4395 καὶ
3616 4337 3725 4407 νόμι-

2174 4455 2213 4507 ι)
2245 4461 2356 4513 σμα
2388 4439 2816 4512 κεχαραγμένον,
2847 4439 2906 4492 τό
2936 4456 2994 4491 τε
3034 4439 3163 4492 ἄλλο
3208 4438 3302 4493 καὶ
3333 4438 3391 4491 τὸ
3424 4430 3668 4507 ἀργυροῦν
3689 4436 3725 4479 τι

2238 4533 2450 4594 Pollux,
2489 4533 2583 4585 lib.
2609 4547 2703 4594 vn,
2751 4544 2872 4599 cap.
2914 4528 2979 4582 56
3009 4546 3023 4582 :
3048 4528 3146 4599 Είη
3179 4527 3246 4581 ἂν
3279 4527 3369 4581 καὶ
3401 4522 3573 4594 φείδων
3596 4535 3637 4570 τι
3658 4515 3725 4580 ἀγ·

2238 4628 2382 4694 γεῖον
2422 4622 2674 4694 ἐλαιηρὸν
2707 4621 2814 4674 ἀπὸ
2846 4620 2954 4673 τῶν
2984 4618 3308 4689 φειδωνείων
3342 4617 3534 4688 μέτρων
3565 4610 3723 4675 ὠνομαο

2239 4715 2469 4786 σμένων,
2507 4714 2646 4785 ὑπὲρ
2682 4706 2754 4765 ὧν
2787 4714 2844 4765 ἐν
2881 4711 3108 4782 Ἀργείῳ
3150 4707 3389 4780 πολιτείᾳ
3427 4696 3721 4778 Ἀριστοτέλης

2235 4809 2402 4878 λέγει,
2442 4816 2496 4864 et
2538 4810 2591 4863 in
2626 4806 2863 4861 Seholiis
2912 4804 3221 4860 Pindaricis
3265 4805 3377 4859 haec
3408 4798 3716 4871 reperiuntur:

2233 4901 2429 4955 Φείδων
2460 4917 2543 4964 τις
2574 4897 2857 4970 Κορίνθιος
2888 4893 3013 4969 εὗρε
3045 4897 3219 4969 μέτρα
3246 4897 3337 4951 καὶ
3359 4890 3581 4963 σταθμά·
3600 4895 3716 4937 voca-

2234 5000 2325 5047 tur
2357 4999 2537 5048 autem
2567 4990 2912 5053 Corinthius,
2944 5006 3055 5045 non
3085 4991 3212 5060 quia
3242 4988 3482 5045 Corinthi
3506 4990 3638 5040 natus
3654 4991 3716 5031 es-

2234 5092 2335 5147 set,
2369 5084 2463 5141 sed
2493 5084 2639 5154 quod
2674 5083 2746 5137 ibi
2791 5089 3057 5137 maneret.
3101 5081 3177 5137 Ex
3219 5083 3303 5136 bis
3331 5086 3546 5151 quatuor
3570 5074 3613 5127 in
3636 5081 3715 5123 uno

2232 5175 2505 5231 versiculo
2533 5175 2719 5245 lapsus
2746 5168 3008 5228 Roﬁniaci
3039 5174 3418 5244 deprehendes.
3447 5166 3644 5224 Primum
3666 5173 3711 5211 ex

2233 5267 2494 5329 Phidone,
2523 5266 2848 5322 Plizedoncm
2883 5265 3012 5322 facit
3039 5266 3092 5321 in
3130 5264 3409 5321 Strabone.
3444 5254 3707 5316 Secundum.

2231 5360 2395 5414 alium
2429 5360 2575 5414 hunc
2609 5369 2770 5429 atque
2814 5359 3091 5414 diversum
3140 5360 3207 5413 ab
3258 5374 3321 5413 eo
3367 5355 3512 5423 cujus
3557 5341 3707 5404 menti"

2230 5450 2371 5520 apud
2411 5449 2649 5504 Plinium
2679 5460 2785 5515 est,
2817 5453 3123 5514 constituit,
3156 5466 3278 5505 cum
3321 5449 3387 5503 sit
3432 5444 3572 5499 idem.
3613 5433 3707 5490 Te"

2229 5545 2364 5596 tium
2390 5541 2554 5612 hujus
2590 5542 2726 5620 artis
2757 5551 3035 5599 auctorem
3066 5541 3322 5613 appellari
3352 5554 3378 5593 a
3407 5534 3634 5591 Strabone
3650 5522 3708 5577 af-

2229 5636 2426 5699 ﬁrmat,
2461 5650 2585 5690 cum
2621 5651 2722 5691 nec
2757 5652 2947 5691 verum
2998 5636 3051 5690 id
3102 5633 3283 5699 fuerit,
3317 5646 3409 5687 nec
3437 5625 3603 5682 Strabo
3628 5633 3705 5671 un-

2227 5744 2387 5799 quam
2443 5727 2754 5783 somniavit.
2806 5726 3004 5781 Earum
3040 5728 3184 5783 enim
3216 5731 3578 5781 mensurarum,
3615 5719 3708 5780 quae
