3952 6204
210 268 317 325 977

1193 272 1259 327 IN
1302 271 1676 331 EUSTATHII
1711 271 2191 329 HEXAEMEBON
2229 272 2460 330 ΝΟΤᾹΕ.

3361 277 3465 334 978

209 387 282 442 ab
308 385 436 456 ejus
482 386 705 442 nomine
750 387 1030 446 Phidouiaa
1081 400 1297 447 vocatae
1330 399 1481 467 sunt,
1538 391 1791 447 inventor
1819 400 1863 454 Α
1894 401 2015 450 sent
2047 394 2297 449 eumdem
2341 407 2580 465 superna
2623 400 2796 449 matre
2826 401 3037 458 natum,
3078 410 3240 466 quam
3284 398 3467 467 perhi-

208 478 461 546 exstitit;
485 478 540 534 id
571 487 626 534 et
656 480 885 551 scripsit
910 480 1131 549 Strabo,
1165 485 1460 554 ceterique
1491 483 1789 554 scriptores

210 569 567 626 conﬁrmant.
605 569 876 641 Quartum
907 587 974 627 ex
1014 572 1237 644 Argivo,
1288 574 1594 630 Elidensem
1636 575 1787 631 facit.

210 659 473 728 Quamvis
503 661 647 715 enim
679 668 734 717 et
756 662 957 738 Argos,
985 673 1039 719 et
1066 662 1181 721 Elis
1209 666 1263 721 in
1289 665 1701 738 Peloponneso:
1738 677 1792 722 at

207 762 480 826 quantum
514 753 756 810 distant?
808 736 833 769 ⁸

280 846 402 903 Col.
416 845 538 913 749,
562 847 658 903 lin.
672 847 879 904 i5.Kai
900 849 1078 921 ὄρους
1091 851 1207 921 γῆς
1219 852 1563 910 ἐπεν.ϐεἰηο
1574 870 1792 926 quoque

208 936 473 1003 limitum,
506 939 599 1008 qui
626 939 774 1009 agris
799 940 962 996 ﬁnem
989 942 1372 1011 decernerent,
1389 953 1444 1001 et
1474 946 1690 1002 urbium
1719 962 1789 1002 ar-

209 1027 618 1085 diﬁcandarum
636 1033 869 1103 primam
887 1035 1152 1092 rationem
1172 1047 1451 1109 acceptam
1472 1040 1673 1095 ferunt.
1696 1038 1762 1095 Jo
1778 1068 1793 1081 -

210 1121 422 1192 sephus
449 1123 629 1193 Antiq.
658 1123 751 1180 lib.
790 1140 829 1188 ι,
864 1140 986 1199 cap.
1017 1129 1052 1182 5
1077 1146 1090 1183 :
1132 1130 1330 1201 Ὄρους
1361 1148 1422 1184 τε
1453 1131 1559 1202 γῆς
1581 1132 1795 1204 πρῶτος

211 1215 389 1280 ἔθετο,
426 1216 522 1271 καὶ
562 1216 718 1271 πόλιν
744 1218 1019 1291 ἐδείματο,
1065 1221 1160 1274 καὶ
1204 1223 1438 1293 τείχεσιν
1481 1225 1792 1297 ὠχύρωσεν,

209 1302 296 1366 εἰς
324 1301 492 1356 ταὺτὸ
519 1304 789 1360 συνελθεῖν
824 1309 949 1372 τοὺς
975 1309 1206 1374 οἰκείους
1236 1314 1676 1383 καταναγκάσας,
1703 1315 1796 1368 καὶ

209 1392 314 1464 τὴν
362 1392 519 1447 πόλιν
549 1393 607 1448 δὲ
643 1396 845 1470 ταύτην
878 1398 986 1453 ἀπὸ
1034 1399 1265 1455 Ἐνώσου
1300 1404 1394 1457 τοῦ
1423 1406 1795 1475 πρεσϐυτάτου

211 1483 408 1549 παιδὸς
455 1484 692 1541 Ἐνὼσαν
724 1490 1000 1545 ἐκάλεσεν.
1038 1491 1373 1562 Theophilus
1396 1495 1794 1561 Antiochenus,

209 1576 314 1631 lib.
346 1592 385 1633 ιι
406 1578 477 1632 ad
521 1578 835 1651 Autolyeum
863 1599 882 1637 :
926 1583 985 1637 ’0
1030 1579 1122 1638 οὖν
1154 1585 1294 1639 Κάῖν
1324 1588 1419 1642 καὶ
1448 1589 1611 1652 αὐτὸς
1641 1589 1798 1661 ἔσχεν

208 1664 329 1722 υῑὸν
357 1667 527 1740 ὄνομα
543 1670 732 1742 Ἑνὼχ,
753 1673 848 1727 καὶ
864 1674 1178 1747 ᾠκοδόμησε
1207 1677 1380 1742 πόλιν,
1417 1681 1484 1751 ἦν
1509 1682 1798 1753 ἐπωνόμα-

212 1775 309 1812 σεν
335 1760 428 1813 ἐπὶ
447 1760 524 1832 τῷ
546 1763 770 1834 ὀνόματι
796 1765 890 1819 τοῦ
917 1745 1050 1821 υἱοῦ-
1067 1745 1231 1823 αὖτοῦ
1270 1745 1456 1843 Ἑνώχ.
1508 1773 1639 1827 Ἀπὸ
1676 1745 1795 1828 τότε
1830 1745 1869 1799 Β

214 1848 362 1922 ἀρχὴ
404 1851 620 1919 ἐγένετο
649 1853 742 1909 τοῦ
795 1856 1188 1928 οἰκοδομεῖσθαι
1247 1862 1448 1927 πόλεις,
1504 1864 1598 1918 καὶ
1634 1864 1793 1919 τοῦτο

212 1942 325 1999 πρὸ
363 1946 767 2019 κατακλυσμοῦ,
816 1950 914 2022 οὐχ
950 1952 1024 2015 ὼς
1041 1953 1287 2026 Ὅμηρος
1322 1955 1572 2026 ψεύδεται
1605 1956 1792 2026 λέγων·

292 2039 376 2092 Οὺ
394 2037 502 2109 γάρ
516 2054 607 2093 πω
624 2045 953 2099 πεπόλιστο
977 2048 1154 2113 πόλις
1162 2050 1441 2117 μερόπων
1455 2051 1793 2119 ἀνθρώπων.

292 2127 431 2183 Ibid.
454 2170 471 2196 ,
521 2131 621 2188 lin.
657 2133 748 2188 48.
803 2133 858 2189 '0
886 2135 955 2190 δὲ
1009 2138 1181 2209 Ἀδὰμ
1205 2140 1423 2210 μένων.
1465 2141 1630 2200 Filias
1662 2144 1797 2199 duas

212 2220 494 2278 Adamum
536 2240 878 2296 procreasse,
923 2229 1161 2286 Azuram
1208 2243 1262 2289 et
1287 2236 1507 2305 Asvam,
1543 2239 1791 2303 tradunt,

214 2311 313 2365 alii
354 2314 669 2373 Calmanam
704 2325 757 2373 et
788 2317 1140 2379 Lemboram.
1193 2324 1554 2396 Epiphanius,
1601 2328 1794 2386 haeres.

211 2403 310 2468 39,
343 2420 411 2461 ex
437 2404 678 2467 Jobilzeis
721 2410 888 2467 refert
930 2415 1169 2471 Azuram
1207 2415 1359 2474 Sethi
1388 2419 1562 2476 fuisse
1597 2423 1792 2491 conju-

212 2511 365 2566 gem.
400 2496 602 2554 Asvam
633 2515 785 2568 vero,
821 2505 934 2560 sive
987 2505 1209 2576 Savam,
1259 2517 1319 2564 ut
1368 2510 1495 2581 ipse"
1541 2514 1794 2584 appellat.

214 2589 401 2647 Caini.
453 2591 736 2649 Cedrenus
790 2599 1038 2654 eamdem
1081 2600 1249 2656 Setho
1309 2604 1578 2675 assignat,
1634 2622 1797 2675 quam

215 2681 423 2735 Asvatn
478 2692 656 2740 vocat.
713 2685 1022 2746 Methodius
1079 2691 1396 2751 Patarensis
1433 2697 1563 2749 :‘Ev
1614 2695 1671 2749 δὲ
1721 2698 1800 2768 τῷ

215 2777 531 2848 τριακοστῷ
569 2780 746 2852 χρόνῳ
778 2783 874 2854 τῆς
919 2782 1098 2848 ἐξόδου
1137 2786 1316 2840 αὐτῶν
1348 2787 1443 2841 τοῦ
1472 2789 1798 2861 παραδείσου

217 2867 454 2924 τέτοκαν
483 2871 622 2926 Κάῖν
650 2874 739 2927 τὸν
760 2877 1103 2947 πρωτότοκον
1129 2880 1224 2932 καὶ
1250 2880 1348 2951 τὴν
1373 2880 1609 2953 ἀδελφὴν
1634 2883 1798 2938 αὑτοῦ

216 2960 546 3032 Καλμάναν.
582 2966 694 3020 Καὶ
738 2964 875 3039 μετὰ
917 2972 1233 3042 τριακοστὸν
1277 2973 1461 3043 ἕτερον
1497 2974 1616 3036 ἔτος
1651 2976 1802 3043 ἐγέν-

216 3070 356 3125 νησε
385 3054 476 3108 τὸν
504 3056 668 3111 ’Δϐελ
697 3061 794 3113 σὺν
823 3063 887 3132 τῇ
920 3061 1179 3134 Λεμϐόρᾳ
1204 3065 1269 3134 τῇ
1297 3063 1496 3136 ἀδελφῇ
1526 3066 1712 3121 αὐτοῦ.

294 3145 458 3213 lbid.,
498 3148 703 3206 lin.49.
746 3152 842 3207 Ἐν
877 3148 966 3219 οἶς
1000 3154 1320 3223 ἐξαίρετος.
1356 3156 1650 3227 Josephus,
1692 3163 1801 3212 An-

219 3240 410 3309 liquit.
439 3242 535 3297 lib.
571 3259 609 3307 ι,
643 3259 762 3315 cap.
797 3247 831 3301 5
866 3264 879 3303 ;
911 3248 1158 3302 Γίνονται
1189 3251 1285 3320 μὲν
1304 3245 1398 3304 οὖν
1425 3251 1607 3314 παῖδες
1636 3251 1800 3312 αὐτοῦ

215 3330 376 3386 ἄλλοι
408 3349 467 3386 τε
493 3335 587 3388 καὶ
613 3335 849 3401 πλείους,
873 3340 968 3393 καὶ
988 3340 1180 3410 Σῆθος.
1223 3342 1382 3395 Ἀλλὰ
1416 3344 1543 3413 περὶ
1571 3343 1669 3414 μὲν
1694 3344 1801 3397 τῶν

215 3424 404 3479 ἄλλων
434 3429 644 3500 μακρὸν
669 3430 736 3485 ἂν
767 3430 852 3502 εἴη
879 3432 1057 3501 λέγειν
1079 3451 1092 3464 ο
1122 3436 1455 3506 πειράσομαι
1487 3435 1541 3488 δὲ
1570 3436 1706 3505 μόνα
1736 3438 1801 3490 τὰ

212 3518 333 3572 τῶν
358 3520 471 3573 ἀπὸ
502 3521 673 3593 Σήθου
698 3523 942 3579 διελθεῖν.
960 3527 1200 3597 Τραφεὶς
1229 3527 1337 3599 γὰρ
1363 3524 1532 3591 οὗτος,
1550 3530 1643 3582 καὶ
1664 3544 1802 3599 παρ-

215 3610 398 3664 ελθὼν
434 3613 515 3677 εἰς
548 3613 784 3686 ἡλικίαν,
827 3618 929 3689 ἥδη
963 3619 1030 3672 τὰ
1071 3619 1211 3674 καλὰ
1254 3621 1459 3692 κρίνειν
1487 3620 1798 3693 δυνάμενος,

214 3702 432 3774 ἀρετὴν
484 3705 832 3777 ἐπετήδευσε,
885 3711 979 3763 καὶ
1024 3712 1312 3784 γενόμενος
1352 3713 1513 3779 αὐτὸς
1560 3715 1797 3785 ἄριστος,

219 3784 685 3862 μιμητὰς“αὖτοῦ
729 3798 856 3861 τοὺς
904 3800 1204 3868 ἀπογόνους
1250 3788 1558 3858 κατέλιπεν.
1607 3806 1669 3857 Οἱ
1719 3805 1795 3865 δὲ,

216 3882 429 3946 πάντες
459 3882 651 3953 ἀγαθοὶ
675 3886 868 3956 φύντες
893 3890 995 3960 γῆν
1019 3907 1078 3943 τε
1094 3891 1257 3962 αὐτὴν
1287 3893 1638 3947 ἀστασίαστοι
1660 3913 1798 3950 κατ-

215 3972 564 4042 ἐὶκήσαντεςι
610 3974 1003 4049 εὐδαιμόνησαν
1023 4019 1038 4045 ,
1072 3980 1298 4051 μηδενὸς
1330 3983 1510 4048 αὐτοῖς
1546 3984 1672 4055 ἄχρι
1714 4003 1801 4038 τε-

216 4064 422 4134 λευτῆς
459 4066 715 4123 δυσκόλου
752 4072 1171 4141 προσπεσόντος.
1203 4073 1403 4128 Eadem
1435 4075 1598 4130 habet
1625 4076 1800 4131 Zona-

218 4173 343 4225 ras,
378 4158 576 4215 Annal.
621 4167 755 4216 tom.
801 4161 842 4215 1.
868 4160 918 4219 Is
971 4163 1156 4235 itaque
1188 4176 1240 4221 et
1278 4166 1401 4220 vitae
1436 4168 1798 4223 sanctimonia

218 4251 487 4322 insignis,
522 4260 577 4307 et
611 4254 872 4308 virtutum
914 4257 1157 4310 omnium
1202 4258 1501 4315 honoribus
1531 4260 1799 4315 condeco-

220 4350 411 4406 ratus,
432 4344 652 4414 pietatis
682 4343 854 4399 divini
888 4346 1130 4404 nominis
1162 4347 1467 4416 studiosus,
1498 4349 1633 4404 Deus
1660 4350 1797 4421 ipse,

1892 486 2025 542 bent
2044 485 2370 542 convenisse
2391 500 2517 539 cum
2541 499 2781 556 superno
2804 494 2960 557 patre
2982 495 3041 541 ut
3067 488 3193 544 inde
3218 489 3468 545 divinum

1892 593 2078 633 semen
2102 578 2253 633 aliud
2278 585 2601 651 nasceretur
2646 586 2907 650 tanquam
2958 579 3192 635 ﬁliorum
3233 580 3347 637 Dei.
3390 579 3467 638 De

1891 686 2125 742 quorum
2171 685 2311 725 vana
2355 669 2614 739 opinione
2656 671 2782 727 vide
2832 671 2897 727 D.
2952 672 3184 743 August.
3229 674 3324 731 lib.
3387 674 3468 730 De

1892 759 2206 821 Iueresibus,
2264 758 2331 813 ad
2375 758 2831 824 Quodvultdeum.
2884 761 3099 820 Delrius
3168 771 3371 827 tamen,
3409 765 3463 819 in

1894 854 2001 907 ﬁne
2032 867 2155 923 cap.
2193 869 2245 906 tv
2284 851 2496 918 Genes.,
2529 853 2710 922 rejicit
2749 854 2890 910 hanc
2930 856 3239 928 opinionem
3288 867 3466 912 tanto-

1895 961 2015 1001 rum
2065 944 2286 1000 Patrum
2339 944 2671 1002 testimoniis
2724 946 3017 1005 ﬁrmatam.
3068 949 3306 1015 Domini,
3363 949 3466 1005 lle-

1896 1038 2093 1102 braiee,
2131 1038 2332 1109 inquit,
2370 1048 2449 1093 est
2483 1048 2982 1107 tetragrammaton,
3014 1041 3153 1112 quod
3183 1042 3284 1097 soli
3314 1058 3467 1097 sem-

1893 1145 1985 1197 per
2033 1128 2137 1184 Deo
2177 1129 2588 1200 datum:quare
2625 1147 2895 1202 nunquam
2936 1132 3192 1186 tributum
3230 1132 3464 1194 Enoclra,

1897 1229 1991 1277 aut
2017 1222 2148 1291 ﬁliis
2175 1220 2329 1285 eius;
2358 1221 2475 1276 ideo
2501 1239 2604 1276 non
2633 1233 2755 1277 sunt
2784 1224 3032 1278 audiendi
3064 1223 3213 1295 (nota
3242 1224 3341 1278 viri
3378 1238 3466 1280 re-

1897 1312 2079 1384 ligiosi
2112 1313 2168 1368 in
2203 1322 2425 1370 sanctos
2469 1313 2663 1369 Patres
2706 1314 3089 1385 reverentiam)
3119 1331 3301 1385 graves
3329 1313 3467 1367 alio-

1898 1406 2022 1475 quin
2049 1406 2359 1475 scriptores,
2390 1405 2645 1477 Cyrillus,
2684 1406 3059 1472 Theodorelus,
3090 1406 3392 1473 Emisenns,
3415 1415 3466 1461 et

1900 1495 2118 1562 Suidas,
2147 1504 2237 1566 qui
2263 1506 2526 1568 exponunt
2554 1508 2676 1552 tunc
2706 1498 2938 1563 Enocho,
2974 1508 3184 1569 propter
3212 1499 3467 1568 insignem

1898 1590 2163 1656 pietatem,
2183 1587 2297 1653 Dei,
2315 1597 2362 1642 et
2380 1588 2588 1654 liberis,
2621 1590 2853 1654 ﬁliorum
2883 1589 2979 1644 Dei
3016 1605 3203 1643 nomen
3236 1588 3421 1642 datum
3449 1604 3467 1641 :

1899 1678 2087 1750 quibus
2118 1680 2317 1734 resistit
2348 1678 2599 1735 Hebrwns
2629 1690 2921 1735 contextus.
2956 1680 3172 1751 Derepit
3197 1697 3304 1747 eos,
3332 1680 3469 1751 quod

1900 1787 2000 1823 non
2043 1769 2333 1826 distinxere
2368 1772 2508 1825 inter
2535 1770 2765 1835 Heloim,
2818 1771 2954 1841 quod
3006 1782 3084 1825 est
3123 1788 3237 1840 cap.
3299 1788 3373 1837 v1,
3414 1773 3466 1833 Ι,

1898 1873 1946 1917 et
1978 1863 2240 1933 ine/fabile
2274 1880 2461 1919 nomen
2488 1864 2625 1934 quod
2654 1864 2737 1917 hic
2760 1864 3009 1934 positum.

1970 1952 2129 2011 lbid..
2156 1954 2251 2009 lin.
2294 1954 2382 2011 52.
2415 1952 2603 2022 Οὗτος
2635 1956 2746 2025 γὰρ
2774 1955 3026 2025 πρῶτος.
3064 1953 3264 2010 Suidas
3292 1973 3305 2008 :
3337 1955 3469 2009 Θεὸν

1899 2046 2008 2118 γὰρ
2036 2045 2126 2101 τὸν
2157 2047 2265 2118 Σὴθ
2294 2048 2343 2101 οἱ
2375 2048 2493 2102 τότε
2527 2047 2803 2119 ἄνθρωποι
2836 2048 3259 2120 προσηγόρευον,
3290 2047 3377 2101 διὰ
3408 2049 3470 2099 τὸ

1901 2138 2250 2210 ἐξευρηκέναι
2280 2140 2349 2193 τά
2379 2157 2437 2192 τε
2476 2139 2737 2211 Ἑϐραϊκὰ
2775 2140 3101 2213 γράμματα,
3125 2140 3222 2202 τὰς
3267 2155 3325 2191 τε
3361 2137 3470 2190 τῶν

1901 2231 2144 2303 ἀστέρων
2185 2232 2497 2302 ὀνομασίας,
2529 2234 2621 2286 καὶ
2657 2232 2793 2302 πρὸς
2832 2232 3038 2296 τούτοις
3068 2232 3268 2302 πολλὴν
3316 2230 3470 2283 εὐσέ-

1902 2323 2053 2377 ϐειαν
2077 2321 2239 2377 αὑτοῦ
2275 2322 2670 2394 θαυμάσαντες,
2697 2322 2773 2386 ὣς
2808 2339 2871 2391 γε
2905 2324 2996 2376 καὶ
3030 2322 3242 2394 πρῶτος
3272 2324 3471 2381 ἐπικα-

1900 2412 2107 2466 λεῖσθαι
2133 2413 2265 2477 Θεὸς
2299 2417 2391 2468 καὶ
2423 2412 2802 2485 ὀνομάζεσθαι.
2841 2414 3119 2469 Manasses
3151 2414 3206 2466 in
3238 2412 3470 2468 Λητωίς

1901 2506 2005 2560 Τὸν
2032 2505 2140 2569 Σὴο
2169 2509 2352 2570 αὐτοῖς
2378 2507 2468 2560 τὸν
2497 2507 2703 2561 δίκαιον
2732 2507 2864 2570 Θεὸς
2889 2506 3276 2577 ἀντιδωρεῖται.

1978 2602 2081 2666 Ὃς
2094 2600 2314 2668 ἔθηκεν
2329 2600 2588 2669 ὀνόματα
2601 2600 2725 2666 τοῖς
2739 2602 3040 2669 οὐρανίοις
3057 2599 3318 2667 ἄστροις.

1902 2692 2203 2749 Alexander
2248 2692 2553 2763 Polyhistor
2589 2693 2727 2762 apud
2764 2692 3074 2755 Eusebium,
3112 2691 3190 2745 De
3212 2706 3473 2760 praepara-

1903 2787 2042 2839 tione
2074 2786 2299 2856 evangel.
2337 2785 2465 2856 cap.’
2489 2784 2990 2852 ult.,etJosephus,
3014 2783 3196 2854 Antiq.
3216 2784 3309 2838 lib.
3329 2801 3369 2850 ι,
3397 2786 3474 2837 di-

1902 2882 2033 2931 cunt
2054 2876 2423 2930 Abrahamum
2441 2877 2672 2946 primum
2689 2874 2961 2947 [Egyptiis
2981 2876 3288 2945 astrologiae
3302 2883 3472 2929 artem

1904 2968 2203 3036 aperuisse,
2232 2967 2429 3022 deinde
2458 2982 2487 3021 a
2517 2966 2787 3022 Chaldaeis
2825 2967 2879 3021 in
2915 2965 3174 3022 Graeciam
3211 2968 3472 3031 ﬂuxisse;

1828 3095 1868 3147 C
1905 3057 1971 3112 de
2008 3058 2209 3126 quibus
2251 3058 2500 3111 inferius.
2531 3054 2804 3126 Josephus
2836 3066 3015 3112 tamen
3047 3058 3327 3111 inventum
3370 3057 3472 3111 hoc

1907 3151 2073 3208 Setho
2107 3152 2318 3206 tribuit.
2355 3150 2525 3220 Cujus
2558 3167 2691 3207 sane
2713 3152 2911 3206 divinae
2933 3152 3070 3206 artis
3103 3152 3479 3215 inventionem

1904 3259 1935 3307 a
1977 3243 2242 3314 profanis,
2289 3243 2539 3314 profanis
2581 3244 2894 3297 hominibus
2938 3246 3140 3298 ascribi
3203 3245 3333 3314 quid
3370 3245 3471 3296 mi-

1903 3335 2065 3414 rum?
2108 3334 2317 3389 Plinius
2364 3335 2461 3390 lib.
2503 3350 2600 3398 VII,
2633 3348 2757 3404 cap.
2798 3334 2890 3397 56,
2932 3335 3287 3405 Aslrologiam
3318 3336 3474 3388 Atlas

1903 3426 2082 3498 Libya:
2112 3428 2279 3498 ﬁlius,
2310 3438 2368 3482 ut
2407 3428 2503 3483 alii
2533 3427 2798 3500 Ᾱῑθῃριὶί,
2828 3438 2884 3480 ut
2920 3427 3017 3480 alii
3047 3428 3279 3498 Assyrii.
3315 3427 3471 3483 Ideo-

1904 3535 2009 3588 que
2030 3520 2226 3575 cmlum
2255 3520 2501 3575 humeris
2530 3529 2775 3591 gestasse
2803 3518 3167 3574 tradiderunt.
3202 3517 3471 3575 Diodorus

1905 3611 2174 3684 Egyptiis
2229 3614 2536 3676 exordium,
2570 3612 2791 3667 Servius
2817 3611 2850 3664 6
2876 3608 3084 3680 Virgilii
3116 3609 3312 3679 Ecloga
3341 3610 3471 3665 Pro-

1906 3704 2115 3759 metheo
2172 3703 2422 3760 sideralis
2481 3702 2647 3771 hujus
2697 3700 2940 3755 scientiae
2996 3698 3207 3753 tribuit.
3265 3698 3470 3753 Catena

1901 3796 2085 3851 Grazca
2114 3797 2167 3849 in
2196 3794 2433 3849 Exedunt
2463 3811 2479 3849 :
2509 3793 2677 3864 Ἑνὼχ
2709 3793 2921 3864 πρῶτος
2957 3790 3122 3861 ἔμαθε
3149 3791 3470 3863 γράμματα,

1903 3888 1996 3942 καὶ
2022 3886 2226 3958 ἔγραψε
2253 3889 2323 3942 τὰ
2358 3890 2556 3959 σημεῖα
2584 3884 2678 3939 τοῦ
2707 3882 2937 3940 οὐρανοῦ
2984 3885 3079 3937 καὶ
3118 3883 3215 3947 τὰς
3244 3883 3470 3954 τροπὰς,

1902 3977 1995 4030 καὶ
2028 3977 2150 4040 τοὺς
2184 3977 2377 4048 μῆνας.

1974 4068 2132 4135 lbid.,
2169 4070 2265 4123 lin.
2301 4068 2393 4123 55.
2418 4067 2681 4122 Μέλλων
2701 4067 2811 4136 γὰρ
2834 4064 3144 4133 τελευτᾷν.
3179 4065 3469 4135 Josephus.

1902 4163 2081 4233 Antiq.
2117 4162 2211 4217 lib.
2245 4176 2421 4232 t,cap.
2450 4162 2517 4215 '5:
2548 4160 2748 4231 Σοφίαν
2774 4177 2833 4213 τε
2867 4161 2965 4230 τὴν
3000 4161 3129 4231 περὶ
3154 4160 3224 4213 τὰ
3247 4160 3472 4231 οὐράνια

1900 4258 1991 4311 καὶ
2022 4255 2119 4328 τὴν
2137 4255 2327 4309 τούτου
2355 4255 2711 4326 διακόσμησιν
2743 4255 3060 4321 ἐπενόησαν.
3100 4253 3269 4324 ’Υπὲρ
3295 4252 3352 4306 δὲ
3375 4253 3470 4306 τοῦ

1904 4348 1978 4418 μὴ
2020 4348 2301 4416 διαφυγεῖν
2337 4346 2463 4408 τοὺς
2496 4344 2814 4415 ἀνθρώπους
2856 4344 2926 4398 τὰ
2963 4344 3260 4416 εὑρημένα,
3313 4344 3469 4415 μηδὲ,

219 4444 289 4489 ιιι
314 4432 501 4489 videre
529 4442 614 4490 est
643 4449 707 4490 ex
746 4433 912 4491 Suida
946 4444 1002 4493 et
1027 4438 1171 4502 aliis,
1207 4441 1403 4495 meruit
1432 4441 1712 4510 appellari,
1742 4449 1794 4495 et

1903 4440 2028 4507 πρὶν
2049 4440 2128 4502 είς
2148 4438 2347 4506 γνῶσιν
2364 4436 2557 4498 ἐλθεῖν,
2576 4435 2865 4508 φθαρῆναι,
2888 4452 3029 4506 προῃ
3038 4435 3261 4505 ρηκότος
3282 4435 3473 4502 ἀφανι-

216 4527 326 4582 ﬁlii
373 4527 530 4597 ejus,
576 4528 678 4598 ﬁlii
720 4528 839 4595 Dei,
889 4546 999 4586 non
1046 4539 1256 4585 tantum
1288 4536 1415 4602 quia
1452 4549 1680 4602 corpore
1713 4549 1801 4586 ro-

214 4619 415 4687 busto,
450 4634 699 4690 procero,
728 4627 784 4676 et
816 4621 1051 4691 eleganti
1080 4632 1257 4687 erant,
1290 4630 1344 4678 et
1382 4623 1607 4693 reliquis
1633 4624 1797 4678 etiam

212 4729 413 4771 rerum
438 4714 800 4768 humanarum
828 4715 1168 4772 excellentiis
1194 4714 1354 4786 longe
1377 4717 1591 4771 caeteris
1611 4725 1799 4772 essent

216 4804 583 4878 insigniores.
624 4804 761 4861 Vide
801 4803 1086 4877 Cyrillum,
1131 4806 1230 4862 lib.
1285 4822 1338 4861 ιχ
1389 4816 1572 4862 contra
1618 4807 1799 4862 Julia-

215 4913 390 4963 νικας
436 4905 491 4954 et
517 4897 584 4953 de
607 4897 717 4955 illis
744 4899 923 4955 locum
950 4899 1101 4954 illum
1133 4914 1306 4955 sacra:
1340 4896 1658 4970 Scriptnree,
1695 4899 1800 4955 Vi-

214 4992 412 5045 dentes
442 4989 543 5060 ﬁlii
577 4989 676 5044 Dei
711 4990 857 5060 filias
887 4991 1161 5045 hominum
1185 4990 1252 5054 ⁸ο,
1277 4998 1410 5055 ctc.,
1444 5007 1567 5047 esse
1600 4992 1800 5048 intelli-

213 5084 465 5154 gendum
505 5082 782 5138 existimat
815 5082 1266 5154 Chrysostomus.
1313 5083 1460 5138 hom.
1505 5083 1576 5137 22
1615 5084 1670 5139 in
1698 5082 1796 5140 Ge-

216 5190 380 5238 nes.;
406 5174 767 5245 Augustinus,
808 5175 901 5230 lib.
948 5190 1015 5229 xv
1044 5174 1121 5229 De
1147 5176 1356 5230 civitate
1396 5175 1509 5239 Dei,
1543 5190 1663 5246 cap.
1691 5175 1795 5243 23;

218 5265 632 5330 Theodoretus,
661 5275 853 5337 quaest.
884 5266 954 5320 i7
981 5267 1035 5320 in
1061 5267 1283 5329 Genes.;
1316 5266 1557 5323 Joannes
1586 5269 1799 5324 Cassia-

216 5374 353 5423 nus,
391 5359 578 5414 collat.
609 5358 664 5423 8,
688 5374 790 5429 cap
836 5358 938 5426 2t;
974 5358 1236 5430 Cyrinus,
1268 5360 1363 5416 lib.
1397 5377 1449 5414 Ix
1482 5372 1665 5415 contra
1693 5360 1799 5414 Ju-

217 5454 464 5516 lianum;
496 5449 791 5521 Rnpertus,
820 5453 919 5507 lib.
944 5469 996 5507 IV
1022 5454 1073 5507 in
1103 5452 1267 5508 Cenes
1298 5493 1314 5517 ,
1338 5469 1458 5524 cap.
1492 5454 1558 5508 12
1601 5464 1655 5510 et
1682 5456 1794 5509 alii.

215 5544 401 5611 Quem
431 5544 641 5600 utinam
672 5558 782 5599 non
812 5544 1082 5612 fabulosa,
1116 5556 1171 5602 et
1198 5546 1451 5602 haeretica
1486 5549 1797 5611 dignatione

219 5638 478 5694 Sethiani
512 5638 751 5695 haeretici
789 5639 1171 5697 honorasscnt.
1205 5640 1322 5697 Non
1358 5642 1500 5698 cnim
1535 5641 1799 5698 aﬁirmas-

297 5738 345 5771 ⁸⁸
367 5733 506 5792 Gen.
541 5750 616 5800 vt,
643 5733 697 5789 2.

1903 4530 2036 4601 σμὸν
2082 4527 2311 4599 Ἀδάμου
2362 4526 2470 4580 τῶν
2499 4526 2634 4580 ὅλων
2663 4526 2879 4580 ἔσεσθαι
2910 4525 3003 4578 τὸν
3039 4527 3135 4596 μὲν
3167 4526 3286 4580 κατ’
3319 4527 3472 4595 ἰσχὺν

1904 4619 2093 4691 πυρὸς,
2134 4620 2224 4673 τὸν
2258 4618 2446 4691 ἕτερον
2487 4618 2544 4671 δὲ
2589 4619 2733 4672 κατὰ
2763 4617 2884 4687 βίαν
2907 4618 3000 4670 καὶ
3026 4616 3229 4687 πλῆθος
3262 4616 3468 4680 ὓδατος.

1903 4713 2099 4785 στήλας
2127 4712 2220 4767 δύο
2251 4712 2632 4784 ποιησάμενοι,
2676 4713 2774 4781 τὴν
2816 4710 2913 4781 μὲν
2947 4712 3012 4763 ἐκ
3046 4709 3284 4772 πλίνθου,
3311 4710 3409 4780 τὴν
3430 4709 3472 4761 δ’

1901 4805 2093 4875 ἑτέραν
2133 4791 2205 4857 ὲκ
2238 4803 2428 4866 λίθων,
2473 4800 2808 4873 ἀμφοτέραις
2853 4800 3159 4873 ἐνέγραψαν
3200 4801 3266 4853 τὰ
3292 4801 3469 4869 ,εὑρη-

1905 4898 2061 4968 μέτα,
2088 4898 2196 4963 ἴνα,
2225 4898 2332 4954 ’καὶ
2361 4896 2765 4969 τῆςπὲκνθίνης
2806 4894 3194 4967 ἆίξανῑῖνὲΐέρής
3220 4891 3471 4974 {tangi};

1902 4992 2225 5062 ἐπομϐρίας,
2261 4994 2294 5062 ἡ
2324 4991 2497 5062 λιθίνη
2546 4991 2779 5061 μείνασα
2827 4991 3084 5060 παράσχῃ
3129 4987 3317 5058 μαθεῖν
3360 4989 3468 5047 τοῖς

1902 5081 2206 5153 ἀνθρώποις
2236 5083 2307 5138 τὰ
2328 5083 2774 5154 ἐγγεγραμμένα,
2805 5081 3041 5152 δηλοῦσα
3067 5082 3161 5135 καὶ
3194 5078 3468 5148 πλινθίνην

1898 5175 1942 5227 δ’
1972 5175 2062 5227 ὑπ’
2094 5175 2274 5229 αὐτῶν
2319 5175 2662 5245 ἀνατεθῆναι.
2712 5175 2879 5228 Μένει
2922 5174 2967 5227 δ’
3009 5174 3136 5243 ἄχρι
3174 5170 3268 5224 τοῦ
3310 5170 3469 5241 δεῦρο

1899 5267 2039 5321 κατὰ
2086 5267 2185 5339 τὴν
2234 5267 2489 5337 Συριάδα.
2540 5266 2738 5321 Eadem
2786 5265 2899 5320 fere
2946 5264 3211 5326 Zonaras,
3266 5264 3464 5318 Annal.

1901 5370 2031 5415 tom.
2064 5360 2107 5422 Ι,
2133 5358 2332 5428 quibus
2356 5359 2640 5412 columnas
2680 5359 2845 5412 hasce
2884 5371 2915 5409 a
2949 5357 3119 5411 Setho
3157 5357 3271 5412 sive
3302 5359 3464 5412 etiam

1901 5450 2021 5518 ejus
2058 5449 2355 5520 nepotibus
2391 5448 2686 5517 superstite
2711 5446 2921 5503 Αίιέιηιο
2952 5446 3122 5502 fuisse
3159 5454 3467 5501 exstructas

1903 5543 2251 5598 manifestum
2303 5548 2405 5595 est.
2453 5539 2728 5595 Marianos
2760 5538 2960 5595 SCL‘lllS
2998 5556 3107 5594 non
3138 5540 3208 5594 ab
3238 5538 3466 5596 Adamo.

1903 5636 1996 5691 sed
2031 5635 2096 5692 ab
2124 5635 2433 5692 Abrahamo
2467 5641 2814 5692 constructas
2854 5635 3036 5690 refert.
3084 5634 3398 5691 GeneLrarC
3421 5650 3473 5691 is
