3924 6968
479 302 582 359 979

1834 307 2078 364 LEONlS
2111 309 2383 367 ALLATll

3625 322 3739 378 980

477 426 874 497 Chronograph.
908 425 1004 484 lib.
1038 442 1078 490 ι,
1111 441 1207 482 eas
1237 427 1400 483 modo
1428 429 1668 491 tabulas,
1702 429 1866 484 modo
1893 439 2052 484 vocat
2081 436 2126 490 Α
2156 434 2293 486 mine
2336 433 2426 485 ubi
2474 444 2799 504 regnaretur.
2846 437 3060 491 condita
3119 448 3196 492 est
3253 441 3459 495 civitas.
3521 441 3737 497 Tertius

475 518 794 583 columnas;
820 517 1036 573 tandem
1063 519 1252 575 scribit
1305 536 1398 576 eas
1425 521 1594 577 fuisse
1625 520 1858 586 tabulas,
1893 539 2054 577 unam

473 623 678 664 aeneam
715 616 910 663 contra
953 626 1110 678 aqua:
1155 613 1471 677 illuviones,
1507 615 1733 670 alteram
1766 616 2056 670 lateritiam

473 708 662 754 contra
695 700 838 771 ignis
855 702 1350 774 conflagrationes;
1387 707 1440 761 in
1472 722 1704 777 quarum
1729 709 1903 777 prima
1927 708 2056 764 libe-

473 791 619 845 rales
653 801 800 849 artes
833 796 1135 864 praesertim
1167 797 1472 852 doctrinam
1507 800 1575 854 de
1601 800 1730 865 Deo,
1755 810 1809 856 et
1842 803 2054 858 mathe-

473 883 692 946 matica,
742 886 796 940 in
847 887 1020 942 altera
1064 890 1487 958 promissionem
1517 893 1584 946 de
1623 894 1854 957 semine,
1888 894 1940 949 id
1970 905 2056 950 est

471 975 712 1040 Christo,
769 978 899 1032 Adae
949 978 1174 1046 factam,
1232 982 1500 1047 (velatam,
1549 987 1922 1054 scripserunt;
1957 985 2053 1043 sed

471 1073 728 1123 auctores
761 1071 905 1125 unde
936 1070 1051 1127 haec
1081 1073 1277 1127 habeat
1303 1073 1688 1131 Genehrardus
1710 1092 1820 1132 non
1843 1077 2048 1143 laudat,

469 1174 608 1229 quos
638 1169 770 1230 puto
800 1178 910 1217 non
944 1165 1148 1219 multos
1177 1173 1416 1230 exstare,
1457 1175 1511 1221 et
1545 1167 1591 1223 si
1622 1169 1750 1240 quis
1777 1169 1868 1223 ille
1901 1178 2050 1226 esset

471 1268 576 1304 non
607 1255 906 1322 probabilia
938 1256 1206 1323 dicerent,
1238 1273 1338 1314 nec
1369 1258 1425 1312 in
1454 1259 1682 1315 historia
1719 1269 1832 1316 tuta
1859 1271 1914 1318 et
1939 1263 2048 1332 pri-

469 1362 616 1398 mum
647 1357 839 1402 contra
865 1347 1277 1404 Genebrardum
1314 1353 1633 1407 necessario
1667 1353 2046 1410 aflirmandum

465 1447 570 1503 est,
610 1439 664 1492 in
697 1439 805 1494 illis
837 1439 1039 1496 tabulis
1068 1441 1181 1497 sive
1211 1443 1486 1499 columnis
1520 1445 1708 1498 caalata
1739 1459 1846 1500 non
1879 1445 2048 1502 fuisse

465 1529 704 1594 diversa,
730 1538 784 1584 et
816 1531 921 1584 alia
960 1547 1024 1585 ac
1054 1533 1200 1589 alia:
1233 1535 1325 1590 sed
1357 1551 1478 1604 qua:
1514 1537 1568 1590 in
1601 1551 1734 1602 una,
1772 1537 1960 1592 eadem
1992 1546 2046 1594 et

465 1621 520 1676 in
552 1623 677 1677 alia.
719 1623 919 1682 Demus
947 1627 1093 1682 enim
1123 1629 1270 1698 quod
1297 1635 1350 1683 et
1385 1627 1452 1685 de
1484 1629 1614 1695 Deo,
1653 1638 1706 1686 et
1744 1630 2045 1685 mathema-

464 1715 594 1778 tica,
633 1726 687 1771 et
726 1717 793 1773 de
825 1720 1192 1789 promissione
1230 1723 1479 1786 seminis,
1513 1722 1657 1792 quod
1683 1730 1829 1779 esset
1862 1723 2040 1777 adhuc

2159 522 2388 587 Caidad,
2423 543 2574 593 quem
2599 529 2776 597 genuit
2811 527 3031 582 Enoch:
3071 541 3291 600 quartus
3324 531 3545 596 Haniel,
3582 551 3738 603 quem

2155 617 2332 684 genuit
2381 615 2590 671 Gaidad
2626 635 2645 673 :
2700 620 2914 690 quintus
2964 619 3287 688 Mathusael,
3346 641 3495 694 quem
3555 627 3737 693 genuit

2156 707 2357 762 Maniet
2379 726 2396 763 :
2420 720 2599 765 sextus
2634 710 2881 778 Lamech,
2913 729 3061 783 quem
3092 715 3268 802 qenuit
3297 713 3620 775 Mathusael,
3646 717 3740 783 qui

2153 803 2404 868 septimus
2429 813 2505 857 est
2538 803 2602 857 ab
2630 805 2804 858 Adam
2833 821 2926 876 per
2953 804 3109 860 Cain.
3135 806 3555 862 Generationem
3587 806 3734 860 hanc

2154 892 2370 962 vulgata
2417 892 2585 947 editio
2631 897 2735 950 etsi
2776 905 2986 950 mutato
3031 897 3250 952 nomine
3303 898 3464 953 habet
3513 913 3641 968 cap.
3681 914 3733 952 tv

2155 982 2378 1039 Geues.:
2407 984 2574 1040 Porro
2604 987 2709 1056 ipsi
2742 986 2955 1042 Ilenoch
2986 999 3143 1044 natus
3166 998 3242 1043 est
3280 988 3431 1052 Irad,
3463 988 3599 1042 Irad
3634 1006 3734 1042 au-

2153 1083 2254 1128 tem
2276 1077 2452 1145 genuit
2477 1075 2752 1140 Melaniael,
2772 1076 3028 1132 Melwiael
3057 1081 3231 1150 genuit
3255 1078 3580 1144 Hathusnel,
3606 1079 3732 1133 lla-

2152 1167 2356 1223 thusael
2398 1185 2515 1223 vero
2555 1174 2732 1241 genuit
2779 1169 3038 1237 Lamech;
3065 1182 3116 1224 et
3146 1170 3370 1226 Lamech
3402 1172 3581 1235 duxit,
3617 1181 3728 1226 etc.

2151 1258 2502 1332 Septuaginta
2551 1263 2735 1331 legunt
2781 1265 3131 1319 Μαθουσάλα.
3175 1264 3532 1320 Levissimam
3580 1265 3730 1319 hanc

2147 1356 2502 1426 exscriptoris
2525 1355 2729 1426 πλάνην
2747 1354 3176 1426 agnovitCatena
3200 1355 3383 1410 Graeca
3409 1358 3460 1410 in
3491 1355 3688 1411 Cenes.
3710 1374 3729 1410 :

2147 1447 2306 1521 Παρὰ
2343 1452 2455 1512 τοῖς
2513 1448 2910 1520 Ἑόδομήκοντα
2951 1447 3275 1502 Μαθουσὰλα
3310 1451 3506 1503 κεῖται.
3549 1440 3732 1503 Τόὖτο

2145 1539 2201 1593 δὲ
2240 1539 2412 1610 πλάνη
2457 1538 2696 1610 γραφική
2736 1539 2901 1592 ἐστιν.
2946 1538 3004 1590 '0
3042 1538 3150 1610 γὰρ
3177 1538 3504 1592 Μαθουσάλα
3532 1541 3596 1591 ἐκ
3625 1539 3731 1602 τῆς

2149 1631 2486 1700 συνεστώσης
2531 1631 2721 1698 γενεᾶς
2762 1631 2878 1682 ἐστι
2923 1629 3016 1683 τοῦ
3068 1631 3194 1700 Σήθ.
3251 1631 3306 1684 ’0
3342 1630 3450 1703 ’,ἀρ
3485 1631 3596 1682 ἀπὺ
3629 1631 3730 1684 τοῦ

2145 1723 2287 1776 Κὰῖν
2325 1722 2654 1777 Μαθουσάλια
2697 1722 2962 1789 καλεῖται,
3007 1722 3084 1786 ὡς
3117 1721 3400 1794 ἐξώριπαι
3436 1721 3580 1794 μετὰ
3616 1722 3731 1775 τῶν

461 1807 679 1863 difficile
728 1811 981 1881 probatu,
1028 1813 1351 1882 scripserint
1400 1817 1453 1869 in
1502 1831 1653 1871 aenea
1688 1834 1703 1872 :
1734 1817 2045 1872 necessario
2075 1783 2118 1839 Β
2146 1815 2365 1869 λοιπῶν.

472 1907 652 1954 tamen
687 1900 964 1958 fatendum
997 1914 1100 1968 est,
1139 1905 1254 1960 haec
1282 1905 1472 1961 eadem
1513 1915 1569 1962 et
1599 1907 1654 1962 in
1689 1907 1924 1964 lateritia
1951 1908 2047 1963 de.

471 1993 784 2063 scripsisse,
812 2003 867 2051 et
896 2014 1006 2052 non
1045 1999 1284 2053 diversa.
1327 1997 1589 2055 Sciebant
1627 2001 1891 2056 mundum
1933 2002 2046 2056 col-

468 2086 773 2156 Iapsurum,
818 2089 970 2144 dubii
1015 2106 1083 2144 an
1132 2093 1291 2161 aquis
1335 2092 1679 2158 immersum,
1711 2096 1796 2150 vel
1827 2095 2044 2166 ignibus

459 2179 858 2252 conflagratum
893 2202 907 2238 :
935 2190 994 2237 ut
1040 2183 1348 2239 doctrinam
1401 2194 1706 2251 servarent,
1738 2195 1791 2243 et
1824 2189 2044 2258 utrique

462 2271 808 2327 incommodo
859 2275 1216 2332 subvenirent
1263 2285 1559 2333 exstruunt
1613 2279 1712 2334 bas
1761 2279 1898 2334 duas
1949 2295 2041 2335 co-

457 2367 696 2427 lumnas.
739 2369 966 2424 alteram
1012 2386 1076 2426 ex
1121 2387 1251 2435 aere,
1289 2373 1373 2428 vel
1415 2381 1473 2426 ut
1514 2373 1691 2443 placet
1725 2383 1914 2428 nostro
1942 2390 2042 2427 au-

453 2459 618 2519 ctori,
675 2457 1052 2530 digniorisquc
1107 2470 1251 2517 nota:
1302 2464 1688 2534 scriptoribus,
1739 2480 1804 2519 ex
1838 2465 2036 2534 lapide,

455 2551 680 2605 alteram
710 2568 779 2605 ex
810 2555 1102 2609 coctilibus
1135 2556 1436 2611 laterculis.
1489 2555 1581 2611 Sic
1626 2556 1770 2612 enim
1811 2572 1917 2612 sere
1956 2558 2036 2612 vel

452 2642 635 2713 lapide
665 2645 845 2714 aquis,
891 2645 1172 2703 laterculis
1204 2647 1314 2717 igni
1349 2647 1689 2714 resisterent,
1733 2659 1785 2702 et
1829 2649 1908 2703 sic
1938 2648 2038 2702 do-

451 2735 688 2789 ctrinam
728 2735 1054 2792 mandarent
1097 2739 1164 2793 ad
1211 2749 1484 2808 posteros.
1527 2740 1669 2806 Quid
1720 2740 1886 2810 igitur
1927 2741 2034 2797 illis

453 2825 752 2895 profuisset
803 2829 850 2883 si
898 2828 1113 2884 diversa
1155 2830 1550 2900 scripsissent?
1585 2832 1869 2898 Quomodo
1910 2836 2034 2906 igne

455 2915 603 2971 illato
635 2932 755 2986 qme
787 2925 946 2971 erant
1001 2919 1057 2973 in
1101 2920 1316 2990 lapide,
1365 2922 1525 2991 aquis
1573 2922 1761 2979 effusis
1811 2941 1932 2996 qua:
1978 2927 2032 2982 in

451 3008 729 3064 laterculis
769 3012 1233 3066 conservassem?
1272 3011 1422 3067 Dicet
1457 3013 1690 3072 fortasse
1723 3016 2032 3072 Genehrar-

449 3099 573 3166 dus,
608 3099 732 3155 illos
756 3115 865 3154 non
895 3101 1112 3166 dubios,
1143 3104 1237 3158 sed
1267 3113 1450 3161 certos
1471 3105 1538 3162 de
1562 3107 1724 3163 modo
1745 3116 1797 3164 et
1819 3110 2029 3167 ratione
2054 3129 2102 3192 ε

448 3195 941 3249 consummationis
976 3196 1166 3250 mundi
1195 3197 1480 3255 columnas
1505 3200 1770 3256 erexisse.
1801 3201 2029 3258 Frustra

450 3283 617 3352 igitur
649 3285 865 3342 diversa
912 3288 1005 3341 illa
1050 3289 1431 3344 columnarum
1478 3295 1764 3354 materies:
1812 3304 1866 3350 et
1900 3312 2028 3361 una,

446 3391 568 3444 quae
591 3377 779 3432 mundi
802 3379 1018 3433 excidio
1051 3380 1343 3436 incolumis
1366 3391 1551 3452 posset
1568 3401 1878 3456 superesse,
1897 3389 2030 3445 satis

449 3464 678 3533 fuisset;
714 3467 830 3532 sed,
852 3470 980 3539 quia
1021 3469 1214 3524 incerti
1255 3476 1536 3530 materiam
1570 3477 1711 3532 hanc
1741 3479 1826 3532 vel
1869 3479 2030 3534 aliam

448 3559 662 3615 incerto
690 3563 875 3628 modo,
917 3573 970 3618 et
999 3565 1200 3621 rationi
1235 3569 1434 3623 excidii
1471 3581 1871 3640 prwpararutit.
1917 3571 2031 3626 Pli-

448 3652 597 3715 nius,
631 3652 727 3707 lib.
760 3669 856 3718 vn,
890 3669 1013 3725 cap.
1046 3655 1134 3717 56,
1171 3673 1236 3712 ex
1275 3659 1514 3730 Epigene
1545 3661 1612 3716 de
1640 3661 1725 3716 his
1758 3663 2030 3719 columnis

447 3745 563 3801 haec
620 3745 831 3800 habet:
867 3746 914 3800 Ε
970 3748 1175 3805 diverso
1231 3751 1482 3823 Epigenes
1528 3753 1668 3822 apud
1705 3754 2028 3826 Babylonios

445 3853 617 3893 occxx
685 3857 950 3894 annorum
1014 3842 1403 3899 observationes
1464 3845 1698 3900 siderum
1753 3847 2027 3902 coctilibus

445 3931 718 3986 laterculis
756 3933 1041 4003 inscriptas
1085 3936 1256 4002 docet,
1286 3938 1465 4006 gravis
1497 3948 1684 3992 auctor
1710 3938 1764 3991 in
1797 3939 1984 4006 primis
2009 3953 2028 3991 :

443 4025 534 4093 qui
573 4025 850 4078 minimum
883 4025 1133 4090 Berosus,
1167 4038 1215 4081 et
1255 4026 1584 4083 Critodemus
1625 4045 1899 4084 cccc.an
1931 4047 2028 4084 an-

444 4134 654 4173 norum.
690 4117 774 4171 Ea:
804 4135 904 4189 quo
929 4130 1145 4190 apparet
1173 4131 1400 4176 internus
1427 4122 1727 4178 litterarum
1757 4141 1904 4178 usus.

511 4210 632 4266 Col.
666 4211 788 4274 752,
822 4213 920 4270 lin.
967 4213 1052 4269 il.
1109 4213 1425 4283 Ἐγέννησε
1477 4214 1546 4268 δὲ
1596 4219 1629 4270 ό
1671 4215 1838 4270 Κάϊν.
1876 4215 2026 4270 Hanc

443 4301 600 4357 Caini
634 4305 881 4361 sobolem
917 4307 1071 4361 multi
1105 4307 1255 4376 parvi
1282 4308 1576 4372 duxerunt,
1614 4324 1736 4363 cum
1770 4309 1823 4362 in
1857 4323 2028 4378 aqua-

444 4412 565 4449 rum
600 4397 958 4453 inundatione
989 4400 1204 4469 penitus
1241 4400 1527 4470 absumpta
1561 4400 1652 4463 sit,
1704 4399 1934 4470 ideoque
1968 4401 2021 4454 in

2215 1903 2348 1959 Ibid.
2371 1902 2480 1959 Καὶ
2501 1907 2532 1958 ό
2557 1903 2755 1974 Λάμεχ
2788 1902 3254 1973 6:30.1'heophilns
3283 1904 3350 1958 ad
3374 1905 3725 1975 Autolycum.

2144 1997 2237 2051 lib.
2271 2013 2310 2051 tt
2350 2015 2362 2050 :
2393 1997 2450 2050 ὐ
2479 1997 2536 2049 δὲ
2566 1998 2756 2068 Λάμεχ
2779 1997 2969 2051 ἔλαϐεν
2995 1998 3171 2068 ἐαυτῷ
3198 1997 3290 2050 δύο
3313 2000 3605 2066 γυναῖκας,
3635 1994 3727 2062 αἷς

2140 2089 2377 2160 ὀνόματα
2420 2089 2546 2142 Ἀδᾶ
2583 2091 2676 2143 καὶ
2717 2089 2876 2144 Σελᾶ.
2907 2091 3132 2143 Ἔκτοτε
3183 2091 3324 2162 ἀρχὴ
3362 2091 3586 2159 ἐγένετο
3630 2091 3729 2161 τῆς

2141 2180 2482 2251 πολυμιξίας,
2513 2180 2650 2234 ἀλλὰ
2677 2183 2770 2235 καὶ
2798 2182 2899 2252 τῆς
2942 2183 3226 2254 μουσικῆς.
3259 2181 3547 2253 Nugantur
3595 2184 3721 2236 rabo

2139 2273 2275 2338 bini,
2301 2273 2392 2343 qui
2434 2273 2626 2327 volunt
2649 2275 2802 2344 prius
2824 2275 2891 2328 ab
2915 2289 2982 2329 eo
3015 2275 3165 2328 viros
3196 2283 3438 2336 necatos,
3470 2281 3601 2344 post
3629 2274 3724 2328 ad-

2137 2365 2334 2420 ductas
2378 2381 2595 2420 uxores.
2629 2365 2843 2421 Primus
2879 2365 3103 2420 Lamech
3151 2375 3271 2420 ante
3313 2366 3576 2420 diluvium
3610 2368 3722 2424 fors

2135 2468 2185 2511 et
2214 2458 2434 2511 ultimus
2471 2458 2827 2529 polygamiam
2889 2475 3073 2521 ausus,
3105 2468 3154 2511 et
3200 2475 3357 2511 unum
3403 2475 3627 2512 carnem
3668 2460 3719 2511 is:

2134 2547 2270 2602 duas
2301 2564 2491 2602 uxores
2520 2546 2720 2613 divisit,
2762 2549 2837 2602 ait
2877 2546 3097 2602 Hieron.
3152 2548 3244 2602 lib.
3280 2565 3294 2602 ι
3328 2548 3529 2603 Contra
3563 2548 3715 2604 lori-

2134 2641 2397 2706 nianum;
2458 2648 2511 2695 et
2545 2639 2797 2704 Tertull.,
2832 2640 2924 2694 lib.
2975 2639 3052 2693 De
3069 2640 3271 2694 exhort.
3299 2651 3460 2706 cast.,
3489 2655 3617 2711 cap.
3643 2641 3711 2696 5:

2133 2730 2350 2785 Primus
2386 2741 2488 2785 tres
2529 2732 2583 2784 in
2615 2747 2777 2784 unam
2805 2747 3013 2785 carnem
3035 2731 3223 2799 effecit.
3252 2729 3504 2786 Peccavit
3529 2731 3714 2802 itaque

2131 2823 2392 2888 Lamech,
2417 2838 2526 2878 non
2559 2823 2686 2893 quia
2709 2824 2892 2892 plures
2933 2838 3131 2878 uxores
3171 2823 3378 2885 habuit,
3432 2823 3529 2877 sed
3585 2824 3714 2894 quia

2131 2917 2315 2988 plures
2346 2932 2454 2971 uno
2478 2924 2737 2985 tempore.
2761 2914 2901 2985 Lege
2946 2914 3133 2979 Delrii,
3163 2930 3282 2985 cap.
3310 2931 3361 2968 Iv
3390 2913 3546 2978 Gem,
3571 2917 3714 2986 npti-

2130 3024 2273 3063 mam
2307 3009 2840 3064 animadversionem
2891 3006 2946 3060 in
2998 3022 3240 3061 errorem
3281 3007 3606 3061 Tertulliani
3639 3007 3712 3062 De

2132 3101 2496 3173 manogamia.
2515 3099 2898 3156 Gencbrardus
2917 3099 3082 3155 refert
3107 3115 3170 3155 ex
3196 3098 3710 3164 rabbinis,Lamech

2135 3194 2441 3249 venationis
2463 3195 2771 3264 exemplum
2796 3194 3028 3265 posteris
3050 3194 3358 3263 reliquisse,
3381 3209 3532 3246 arma
3560 3195 3710 3248 inve-

2133 3288 2300 3353 nisse,
2329 3295 2383 3344 et
2416 3289 2738 3353 fabricasse,
2769 3275 2972 3359 quibus
3001 3289 3181 3343 caedes
3213 3287 3422 3342 fierent.
3457 3286 3708 3356 Ioseph,

2133 3379 2227 3435 lib.
2265 3398 2282 3435 ι
2313 3380 2518 3451 Antiq.,
2567 3396 2686 3450 cap.
2713 3381 2767 3443 '5,
2797 3380 2986 3435 scribit
3025 3379 3172 3434 hunc
3208 3394 3488 3434 sacrarum
3522 3394 3708 3432 rerum

2129 3473 2364 3543 peritum
2401 3489 2459 3528 se
2511 3473 2770 3528 luiturum
2824 3487 3015 3544 pmnas
3077 3472 3394 3542 praedixisse
3454 3473 3710 3525 fraternae

2129 3565 2295 3621 catdis
2340 3581 2370 3619 a
2404 3565 2578 3621 Caino
2630 3565 2805 3632 factae,
2855 3565 3002 3620 haud
3051 3565 3217 3620 dubie
3259 3563 3486 3618 diluvio.
3537 3564 3706 3624 Idem,

2131 3649 2537 3712 Genebrardus.

2203 3747 2364 3813 lbid.,
2385 3748 2480 3801 lin.
2504 3747 2589 3801 l5.
2617 3747 2716 3801 Ἐκ
2732 3745 2848 3816 μὲν
2876 3744 2984 3813 τῆς
3005 3743 3207 3799 Ἀδάν.
3232 3741 3346 3797 Non
3376 3743 3491 3812 ipse
3517 3749 3709 3813 pasto-

2130 3842 2269 3896 ritia:
2302 3841 2434 3894 artis
2463 3839 2746 3893 institutor
2792 3837 2876 3894 vel
2924 3845 3115 3891 auctor
3149 3856 3162 3891 :
3201 3833 3295 3891 sed
3353 3849 3485 3888 nece
3519 3833 3712 3888 Abelis

2131 3935 2570 3997 intermortuam,
2593 3941 2647 3986 et
2673 3931 2828 4000 quasi
2861 3931 3092 4000 sopitam
3123 3945 3224 3984 suo
3256 3927 3437 3981 studio
3459 3926 3711 3995 ingenio-

2127 4043 2234 4098 que
2263 4027 2524 4087 restitnit,
2551 4032 2606 4079 et
2636 4024 2752 4094 ipse
2773 4039 2990 4093 gregem
3021 4024 3183 4092 pavit.
3201 4020 3707 4076 Tabernaculorum

2129 4120 2257 4175 item
2283 4133 2441 4172 usum
2469 4115 2690 4186 adjecit.
2714 4113 3049 4187 Theophilus
3068 4114 3136 4167 ad
3160 4111 3475 4176 Autol.,lib.
3502 4126 3542 4166 ιι
3563 4130 3577 4166 :
3598 4109 3710 4162 Καὶ

2129 4215 2157 4265 ὁ
2196 4212 2294 4282 μὲν
2310 4209 2473 4281 Ἀϐὴλ
2501 4211 2720 4278 ἐγένετο
2753 4206 2892 4277 ἀνὴρ
2926 4208 2983 4260 ὲν
3023 4209 3193 4277 σκηνῇ
3229 4205 3636 4276 κτηνοτρὸφων.

2200 4303 2360 4366 lbid.,
2393 4303 2488 4355 lin.
2524 4303 2611 4356 16.
2643 4301 2752 4356 Καὶ
2783 4302 2888 4354 τὸν
2917 4299 3169 4355 Ἰουϐάνί.
3219 4297 3469 4355 Psalterii
3522 4307 3578 4352 et
3628 4297 3710 4349 ci-

2131 4397 2295 4451 thara:
2323 4411 2480 4451 nsum
2515 4395 2786 4449 invenisse
2807 4392 3026 4447 tradunt
3048 4399 3242 4463 prazter
3255 4407 3440 4446 sacras
3469 4390 3709 4445 Litteras

441 4504 504 4540 ca
532 4504 639 4543 non
668 4491 1004 4545 conveniunt
1029 4502 1317 4556 auctores;
1342 4494 1393 4546 in
1416 4509 1479 4547 ea
1506 4502 1685 4547 tamen
1713 4491 2019 4546 enarranda

2140 4488 2416 4558 Iosephus,
2435 4486 2770 4556 Theophilus
2801 4485 3023 4538 d.loco:
3058 4481 3263 4536 Ἰουϐἁλ
3292 4481 3348 4534 δέ
3372 4485 3521 4534 ἐστιν
3543 4483 3572 4534 ὁ
3610 4499 3708 4533 κα-

447 4591 636 4636 uoster
673 4581 994 4639 Eustathius
1012 4595 1234 4640 secutus
1269 4593 1354 4639 est
1381 4585 1600 4639 divinas
1631 4584 1885 4648 Litteras,
1903 4601 2024 4654 quae

445 4691 554 4730 non
592 4675 698 4727 alia
729 4675 965 4738 ratione,
1003 4676 1107 4729 nisi
1141 4691 1306 4745 parva
1339 4676 1618 4730 nominum
1653 4675 1897 4730 formulze
1921 4677 2024 4730 im-

444 4767 746 4822 mutatione
777 4776 1205 4838 prosequuntur.

517 4861 676 4924 lbid.,
714 4860 809 4916 lin.
842 4861 930 4915 15.
967 4862 1074 4915 Καὶ
1111 4858 1289 4926 οὗτος
1319 4861 1426 4915 τὸν
1455 4860 1676 4930 Λάμεχ.
1717 4859 2010 4916 Gcnebrar-

441 4950 546 5007 dus
577 4951 654 5005 ait
686 4966 782 5006 eos
824 4965 1033 5014 errare,
1091 4953 1183 5022 qui
1219 4951 1454 5007 Lamcch
1492 4953 1660 5006 filium
1707 4951 2023 5006 Mathusala:

440 5041 719 5113 accipiunt
749 5059 762 5102 :
798 5041 1067 5097 rationem
1103 5049 1285 5097 tamen
1334 5058 1505 5110 quare
1553 5041 1606 5096 id
1641 5042 1787 5096 dicat
1817 5045 2020 5097 nullam

440 5135 686 5201 adducit.
731 5131 932 5187 Errant
970 5149 1102 5205 ergo
1147 5137 1366 5189 rnaximi
1410 5137 1613 5205 quique
1648 5134 1860 5198 Patres,
1897 5152 2019 5188 cum

429 5231 498 5284 iis
541 5225 884 5287 Eustathius,
904 5223 1238 5293 Theophilus
1271 5224 1338 5278 ad
1373 5227 1687 5295 Autolycum
1722 5226 1813 5281 lib.
1839 5243 1872 5280 Il
1896 5244 1906 5278 :
1934 5227 2023 5296 Τῷ

426 5321 481 5381 δὲ
531 5317 702 5388 Ἑνὼχ
738 5317 1002 5389 ἐγεννήθη
1040 5319 1154 5380 υἱὸς
1194 5318 1418 5389 ὀνόματι
1451 5319 1740 5383 Γαῖδᾶς,ὂς
1767 5320 2022 5392 ἐγέννησε

427 5409 520 5462 τὸν
561 5409 893 5480 καλούμενον
919 5409 1092 5480 Μεὴλ,
1129 5409 1221 5462 καὶ
1255 5408 1408 5481 Μεὴλ
1432 5409 1521 5462 τὸν
1554 5409 1903 5472 Μαθουσάλα,
1931 5413 2024 5465 καὶ

430 5502 765 5555 Maeonaan
809 5503 898 5555 τὸν
945 5503 1153 5574 Λάμεχ.
1208 5501 1264 5556 Ὀ
1303 5492 1366 5556 ’δὲ
1416 5505 1606 5574 Λάμεχ
1653 5504 1842 5558 ἔλαϐεν
1875 5504 2024 5576 αὐτῷ

435 5590 524 5645 seu
556 5597 838 5661 γυναῖκας.
879 5596 1095 5650 Erravit
1127 5595 1493 5667 Augustinus,
1528 5598 1622 5652 lib.
1673 5615 1740 5651 xv
1779 5598 1856 5652 De
1896 5600 2024 5653 οἱὼς

435 5694 540 5740 .‘ate
577 5683 692 5750 Dei,
729 5701 850 5757 cap.
873 5688 943 5741 ‘20
975 5705 986 5739 :
1032 5688 1234 5741 ﬂorum
1270 5705 1447 5757 regum
1477 5691 1680 5760 primus
1710 5708 1822 5746 esse
1852 5693 2022 5762 potuit

436 5793 546 5846 ὅνδε
579 5776 710 5835 Cain
750 5795 765 5831 :
803 5780 1056 5834 secundus
1085 5781 1228 5844 ﬁlius
1260 5781 1370 5842 eius
1409 5781 1608 5846 Enorh,
1646 5784 1697 5838 in
1736 5785 1885 5848 cujus
1926 5802 2021 5840 no-

2128 4581 2378 4648 ταδείξας
2406 4579 2709 4650 ψαλτήριον
2740 4578 2835 4631 καὶ
2868 4578 3121 4649 κιθάραν.
3144 4575 3217 4630 De
3242 4575 3327 4628 his
3360 4573 3705 4630 Methodius:

2127 4678 2168 4728 Τ
2172 4675 2216 4746 ᾧ
2260 4672 2652 4746 τριακοσιοστῷ
2679 4671 3093 4742 τεσσαρακοστῴ
3113 4671 3214 4742 τῆς
3251 4670 3510 4740 δευτέρας
3545 4669 3711 4741 χιλιά-

2125 4772 2211 4831 δος
2246 4767 2354 4819 ἔτει
2382 4765 2754 4836 ἐπανέστησαν
2779 4763 3094 4833 κακότεχνοι
3129 4762 3338 4833 ἄνδρες,
3365 4778 3504 4831 πονῇ
3516 4762 3707 4832 ροίκαὶ

2123 4860 2452 4930 παράνομοι,
2490 4858 2714 4928 πλήρεις
2745 4855 2975 4927 ἀνομίας
3024 4858 3088 4908 ὲκ
3113 4854 3222 4906 τῶν
3249 4853 3382 4906 υἱῶν
3412 4853 3507 4905 τοῦ
3543 4855 3703 4914 Κάῖν,

2138 4953 2206 5004 ἰο
2225 4951 2342 5021 ιὸὴλ
2369 4952 2459 5003 καὶ
2492 4948 2774 5018 Θουκιδὴλ,
2805 4949 2970 5000 τέκνα
2998 4945 3090 5000 τοῦ
3130 4947 3318 5016 Λάμεχ
3361 4945 3456 4997 τοῦ
3477 4943 3702 5014 τυφλοῦ,

2125 5041 2218 5096 τοῦ
2245 5042 2662 5104 ἀποκτείναντος
2696 5040 2785 5093 τὸν
2814 5039 2974 5100 Κάῖν,
2997 5031 3072 5092 ὧν
3104 5040 3194 5093 καὶ
3219 5039 3514 5109 κυριεύσας
3543 5038 3572 5088 ὀ
3596 5037 3702 5090 6t!!-

2126 5134 2280 5198 ϐολος
2309 5134 2656 5206 ἐτροπώσατο
2681 5135 2876 5197 αὐτοὺς
2907 5131 3052 5186 ἅπαν
3085 5128 3225 5194 εἶδος
3252 5133 3513 5203 μουσικὸν
3543 5147 3703 5185 κατα-

2129 5227 2419 5288 σκευάσας.
2464 5224 2670 5279 llorum
2707 5240 2864 5278 usum
2905 5224 3048 5279 sicut
3084 5232 3136 5278 et
3164 5223 3396 5276 aliorum
3455 5225 3701 5277 nationes

2126 5319 2460 5374 recentiores
2487 5317 2623 5380 suis,
2648 5317 2731 5372 vel
2762 5316 2886 5370 aliis
2909 5315 3010 5371 sibi
3034 5315 3282 5386 cognatis
3304 5315 3694 5384 ascripserunt.

2126 5409 2229 5464 Alii
2257 5409 2400 5464 enim
2431 5407 2746 5478 Amphioni,
2778 5409 2868 5461 alii
2909 5407 3147 5477 Orpheo,
3180 5407 3399 5477 quidam
3440 5406 3698 5477 Apollini.

2125 5512 2180 5560 et
2205 5504 2295 5558 alii
2325 5502 2448 5558 aliis
2501 5502 2868 5558 inventionem
2901 5500 3045 5554 hanc
3099 5507 3379 5570 acceptam
3433 5500 3696 5554 referunt.

2125 5596 2461 5667 Theophilus
2517 5595 2757 5650 ibidem:
2791 5594 2950 5647 Ἀλλὰ
3004 5594 3109 5665 μὴν
3157 5595 3248 5647 καὶ
3295 5592 3363 5646 τὰ
3421 5593 3555 5664 ’περὶ⁵
3610 5592 3699 5661 τῆς

2129 5690 2392 5762 μουσικῆς
2426 5689 2772 5760 ὲφλυὰρησάν
2817 5705 2960 5751 τινες
2992 5687 3221 5759 εὑρετὴν
3267 5686 3578 5740 Ἀπόλλωνα
3618 5703 3702 5752 γε-

2126 5783 2383 5850 γενῆσθαι
2406 5800 2415 5812 ’
2453 5782 2598 5839 ἄλλοι
2624 5783 2679 5836 δὲ
2705 5781 2906 5847 Ὀρφέα
2936 5781 3041 5834 ἀπὸ
3062 5781 3159 5845 τῆς
3194 5780 3298 5834 τῶν
3318 5779 3548 5845 ὀρνίθων
3578 5781 3702 5845 ἡδυ-
