1962 3484
121 129 172 156 981

116 185 221 221 (paulo;
234 185 320 221 ’ψασὶν
337 186 509 223 ἐξευρηκέναι
527 189 576 224 τὴν
604 191 745 225 μουσικήν.
767 192 852 223 Κενὸς
871 192 900 218 δὲ

116 233 165 278 καὶ
180 233 318 278 nemo“
335 233 411 267 λάγος
422 226 510 262 αὐξῶν
523 236 668 263 δείκνυται.
684 237 760 263 Μετὰ
771 237 825 273 γὰρ
841 238 902 264 πολ-

116 273 214 315 λξῖἐτῆ
229 279 275 305 τοῦ
291 279 483 315 κατακλυσμοῦ
499 278 572 308 οὗτοι
586 283 717 316 ἐγένοντο.
728 283 808 310 Plura
818 284 851 311 de
861 285 902 312 his

120 324 273 360 Polydorus
283 323 414 360 Virgilius
427 325 464 352 De
483 326 580 355 iuvent.
601 336 699 355 rerum.
712 328 843 356 Dicuntur
854 337 903 356 au-

119 375 214 399 tem-et
238 371 265 398 hi
281 379 361 399 suum
378 372 497 400 musices
514 373 653 401 inventum
674 375 901 409 quemadmodum

118 421 146 444 et
163 417 210 444 ﬁlii
227 417 302 444 Sethi
313 425 355 450 ea,
370 426 430 453 qua:
446 418 479 446 de
494 419 613 447 siderum
636 422 755 449 motihus
781 426 808 449 et
819 422 902 450 disci-

119 464 192 499 plina
211 468 379 498 repererant,
394 464 421 491 in
439 464 575 493 columnis
591 467 714 495 cmlasse.

153 508 212 536 Col.
221 508 284 541 752,
296 509 343 536 liu.
355 509 399 536 l7.
408 510 460 537 Ἐκ
473 510 567 544 δὲτῆς
574 511 683 546 Σελὰμ.
693 512 843 548 Sculptura:
852 513 902 541 iuit

119 560 224 586 auctor,
242 554 365 582 fabrilem
381 560 466 583 artem
484 557 597 588 invenit,
610 559 717 585 metalla
729 559 832 590 eﬁ‘odit.
852 567 900 588 eo-

119 609 180 628 rum
202 609 281 628 usum
304 603 420 636 aperuit.
440 602 608 638 Theophilus
633 603 733 632 ibidem
751 614 757 632 :
773 605 856 632 Θόΰελ
872 606 901 632 δὲ

119 646 227 681 ἐγένετο
252 648 431 683 σφυροκόπες,
452 649 567 684 χαλκεὺς
593 649 693 685 χαλκοῦ
716 651 761 677 καὶ
781 652 900 688 σιδήρου.

120 692 207 727 llujus
229 693 298 720 artis
324 695 396 721 uacti
421 696 591 723 occasionem
615 697 749 729 homines,
767 702 796 725 ut
823 698 901 727 Philo

118 743 146 767 et
164 738 298 775 Iosephus
313 740 494 773 tradiderunt,
514 742 603 777 primo
618 743 783 779 sculptilium
797 750 824 772 et
844 745 901 772 ido-

119 787 207 814 lorum
225 786 388 822 imaginibus
403 788 551 816 adorandis
566 797 594 816 se
615 790 757 817 dederunt.
776 791 900 819 Secundo

120 832 235 864 ferrum,
251 836 277 859 et
287 841 324 860 αις
341 833 408 860 rude
423 833 449 860 in
463 833 525 860 belli
539 833 718 862 instrumenta
738 837 898 869 exacuendi,

119 883 148 905 et
164 878 353 905 conformandi
376 884 501 907 auctores
521 880 615 913 fuere;
630 887 775 917 utrumque
798 887 902 911 naturae

119 925 244 951 humana:
256 924 527 959 perniciosissimum.

155 969 212 997 Ibid
227 989 235 1001 ,
252 971 300 997 lin.
317 970 360 997 l9.
384 971 415 997 '0
432 970 466 996 δὲ
485 970 577 1005 Ἀδὰμ
592 971 694 1006 ζήσας.
708 972 796 1001 Editio
810 974 901 1002 Graeca

120 1014 300 1049 Septuaginta
320 1015 501 1051 Interpretum
523 1016 551 1043 in
576 1019 769 1046 enumerandis
793 1020 903 1047 humani

119 1060 226 1094 generis
242 1064 384 1088 auctorum
409 1061 488 1089 annis
508 1069 570 1089 cum
594 1062 727 1090 llebraica
746 1063 902 1093 Judaaorum

118 1114 173 1132 non
187 1104 327 1140 couv'enit;
339 1115 432 1134 eorum
440 1107 619 1136 differentiam
635 1110 726 1144 plures
738 1114 901 1141 tractarunt.

120 1152 189 1180 Vide
214 1154 285 1188 apud
306 1153 412 1181 Sixtum
440 1154 599 1186 Senensem,
617 1155 755 1183 Pererium
781 1161 808 1184 et
824 1158 902 1186 alios.

120 1198 207 1225 (ἐι-ωεὶ
224 1202 332 1225 centum
357 1206 445 1226 annos
462 1200 523 1234 plus
539 1200 662 1227 tribuunt
678 1210 758 1236 quam
786 1202 902 1236 Hebraei,

121 1249 218 1278 praeter
233 1244 358 1272 Lamechi
374 1252 471 1278 annos,
491 1246 537 1273 ubi
561 1254 607 1274 sex
625 1247 704 1274 annis
732 1252 835 1275 tantum
862 1249 903 1276 di-

120 1294 209 1323 stant,
224 1295 249 1318 et
265 1290 372 1325 Noethi,
386 1292 413 1319 in
433 1293 533 1327 quibus
549 1293 767 1328 quingentesimo
782 1300 807 1323 et
825 1304 902 1323 sexa-

119 1337 228 1371 gesimo
255 1338 364 1365 omnino
385 1339 562 1366 conveniunt.
589 1339 626 1367 De
646 1341 784 1375 sepultura
807 1342 902 1371 Adami

119 1388 251 1411 constans
274 1389 316 1411 est
333 1384 504 1412 Hebraeorum
530 1386 653 1418 traditio.
669 1387 802 1415 Adamum
829 1397 901 1416 mor-

120 1434 197 1457 tuum
220 1434 247 1457 et
270 1430 404 1465 sepultum
428 1431 457 1458 in
485 1436 558 1459 terra
592 1432 672 1460 Israel
702 1441 786 1469 prope
808 1442 902 1470 agrum

121 1476 329 1508 Damascenum,
344 1477 381 1504 ibi
408 1477 480 1504 enim
510 1477 598 1505 fuerat
627 1484 796 1514 procreatus,
814 1481 850 1508 ibi
876 1486 902 1509 et

122 1525 208 1549 vitam
225 1523 354 1551 traduxit.
371 1523 424 1550 Alii
441 1531 474 1551 ex
490 1523 580 1552 Josuae
596 1533 622 1552 iv
636 1526 711 1553 aiunt
728 1527 802 1554 illuxit
815 1529 905 1563 sepul—

120 1573 178 1594 tum
196 1568 223 1595 in
240 1567 340 1595 Ebron.
364 1567 524 1596 Nostrorum
542 1575 630 1597 tamen
647 1572 780 1599 sententia
800 1579 851 1605 est.
876 1574 903 1602 in

121 1618 214 1641 monte
235 1613 359 1649 Gclgota,
388 1614 415 1641 in
440 1623 494 1649 quo
519 1614 649 1644 Dominus
677 1618 825 1647 cruciﬁxus
843 1619 902 1647 fuit.

121 1658 251 1694 Origenes
274 1663 355 1687 tract.
369 1659 403 1686 35
420 1660 445 1686 in
465 1659 596 1693 Marcum,
624 1660 791 1696 Epiphanius
809 1665 834 1691 in
853 1666 905 1693 ﬁne

123 1705 246 1736 Pancrii,
261 1705 428 1733 Athanasius
444 1706 481 1733 De
496 1707 617 1740 passione
630 1706 746 1741 Domini,
762 1709 904 1747 Theophy-

123 1751 212 1779 luctus
234 1752 261 1778 in
277 1750 364 1778 Math.
382 1759 468 1783 xxvlt,
482 1751 643 1787 Euthymius
659 1753 735 1787 ibid.,
751 1754 904 1790 Cyprianus

120 1804 247 1825 sermone
263 1798 299 1825 De
313 1799 511 1831 resurrectione,
534 1798 696 1827 Ambrosius
714 1800 760 1827 lib.
779 1810 805 1834 v,
822 1803 902 1837 epist.

121 1845 202 1875 19.et
217 1845 291 1872 alibi.

156 1888 236 1922 Ibid},
251 1891 298 1918 lin.
316 1890 361 1918 2|.
376 1890 468 1924 Ἐνὼς
481 1891 515 1918 δὲ
528 1891 593 1924 υἱὸς
603 1891 667 1919 τοῦ.
683 1891 804 1921 Paternaa
817 1894 904 1929 pieta-

121 1936 156 1963 tis
181 1936 293 1972 vestigia
311 1937 492 1972 amplexatus,
515 1937 636 1972 proniori
664 1939 753 1966 animo
776 1939 858 1967 Deum
875 1941 903 1968 in

120 1989 201 2016 quem
211 1990 260 2010 sua
276 1983 367 2011 omnia
383 1983 653 2019 referebat,publice,
665 1992 714 2012 nec
729 1986 902 2014 tenebrarum

122 2028 271 2055 involucris
295 2028 429 2061 adoravit,
455 2029 554 2057 avitam
583 2030 741 2065 religionem
770 2032 900 2059 retinens.

121 2073 215 2101 Latius
230 2073 287 2101 hinc
302 2075 476 2110 prosequitur
489 2074 620 2103 Vatablus
633 2080 778 2104 comment.
788 2077 815 2103 in
830 2077 902 2104 hunc

119 2119 222 2147 larum.
234 2119 304 2147 Ante
321 2119 403 2151 Enos,
416 2121 512 2153 Adam,
524 2121 601 2153 Abel,
619 2121 684 2148 Seth
709 2125 736 2148 et
758 2121 840 2149 Deum
856 2130 903 2149 eo-

123 2165 212 2197 luere,
224 2170 246 2192 et
264 2166 408 2194 sacriﬁciis
422 2167 520 2194 oblatis
535 2166 681 2202 propitium
693 2167 745 2194 sibi
759 2168 900 2195 reddidere

120 2210 193 2243 Quin
208 2210 326 2245 Cyrillus
343 2212 388 2238 lib.
406 2220 414 2238 ι
431 2212 529 2239 Contra
542 2212 691 2244 lulianum,
722 2214 826 2244 scribit,
852 2214 901 2241 ho-

120 2256 211 2284 mines
228 2258 261 2282 ah
272 2256 370 2288 Adam,
390 2265 475 2292 usque
491 2258 523 2284 ad
544 2257 605 2285 Sem
628 2257 712 2285 lilium
729 2257 795 2291 Noe,
816 2258 900 2286 Deum

119 2302 290 2330 conditorem
314 2303 443 2335 coluisse,
461 2311 511 2330 nec
537 2304 619 2330 ullum
647 2304 806 2339 reprehendi
829 2305 900 2340 quod

120 2353 185 2375 ante
200 2348 330 2375 diluvium
346 2348 399 2376 diis
423 2349 529 2382 alienis,
552 2349 593 2376 vel
613 2349 780 2376 dzemouibus
794 2350 901 2378 deditus

119 2394 259 2421 obtulerit.
279 2393 316 2421 De
332 2395 489 2422 solemniori
515 2398 604 2422 autem
621 2396 695 2422 cultu
718 2395 805 2422 locum
828 2396 902 2423 hunc

119 2441 309 2476 intelligimus.
319 2441 423 2469 Etcum
436 2442 525 2469 caeteri
538 2442 636 2470 artium
650 2442 813 2474 inventione,
821 2443 901 2471 rebus

119 2489 198 2516 hisce
214 2489 331 2516 terrenis
356 2489 559 2521 incumbentes,
580 2489 684 2516 lucrum
711 2493 738 2516 et
760 2490 902 2516 commoda

118 2538 316 2570 praepararent,
330 2533 402 2561 Enos
416 2534 473 2569 ipse
490 2534 587 2568 spretis
603 2534 740 2566 omnibus,
754 2534 837 2561 Deum
850 2534 902 2562 sibi

120 2582 211 2609 solum
227 2588 282 2616 prae
296 2581 402 2608 caeteris
427 2581 601 2616 praepositum
624 2581 756 2612 adoravit,
772 2581 829 2609 suis
847 2581 902 2609 for-

119 2627 197 2654 tunis
212 2627 239 2654 in
254 2634 287 2654 eo
308 2627 457 2655 collocatis.
480 2626 519 2653 llli
536 2634 579 2654 res
591 2626 624 2653 ad
642 2627 711 2654 hanc
725 2628 807 2654 vitam
825 2628 904 2655 utiles

120 2673 328 2707 cxcogitabant,
349 2672 377 2699 hi
392 2673 425 2699 ad
443 2672 572 2699 futuram.
588 2672 677 2705 Quare
690 2672 717 2699 hi
730 2672 777 2699 Dei
788 2673 848 2707 ﬁlii,
865 2673 901 2700 illi

119 2719 175 2755 ﬁlii
191 2719 336 2746 hominum.
353 2718 653 2746 Eusebius'Emissenus
668 2718 769 2746 Catena
780 2719 806 2745 in
820 2719 903 2746 Gem:

126 2765 174 2791 Ἐν
193 2764 232 2800 τῷ
249 2764 382 2801 Ἐἦραῖκῷ
400 2765 448 2800 οὐχ
462 2764 532 2791 οὕτω
545 2764 629 2798 λέγει,
645 2764 702 2790 ἀλλ’
718 2764 803 2796 οὕτως
814 2774 821 2780 ·
840 2765 905 2791 Ἥλ-

123 2820 204 2838 πισεν
235 2811 420 2840 ἐπικαλεῖσθαι
440 2811 480 2846 τῷ
505 2810 614 2845 ὀνόματι
636 2811 736 2846 Κυρίου
758 2810 805 2837 τοῦ
826 2811 902 2838 Θεοῦ⁸

122 2858 260 2884 τουτέστιν
276 2857 338 2889 Υἱὸς
358 2857 423 2883 Θεοῦ
438 2857 561 2891 λέγεσθαι
582 2857 627 2883 καὶ
645 2857 719 2889 Θεός.
737 2858 765 2883 ιιι
786 2856 837 2891 γὰρ
854 2857 904 2883 ἀπὸ

629 130 661 158 IN
682 131 869 160 EUSTATlill
890 132 1126 161 HEXAEHERON
1144 132 1257 162 ΝΟΤᾸΞ.

1680 135 1732 164 982

915 195 936 222 Α
951 192 997 218 τοῦ
1011 192 1064 227 Σὴθ
1082 192 1180 219 δίκαιοι
1198 192 1349 226 γεγόνασιν,
1364 192 1424 219 ὅοεν
1439 193 1453 227 ή
1470 192 1563 228 Γραῳὴ
1579 194 1660 228 ἑαυτῇ
1667 194 1731 220 ἀκο-

952 237 1082 265 λουθοῦσα
1096 238 1164 273 μετὰ
1174 237 1259 264 ταῦτά
1273 246 1362 273 φησιν·
1381 248 1389 263 ‹
1405 237 1479 264 Ε’δον
1494 239 1518 264 οἱ
1537 239 1589 264 υἱοὶ
1600 239 1645 265 τοῦ
1664 239 1731 266 Θεοῦ

950 283 1000 315 τὰς
1015 283 1165 319 θυγατέρας
1179 284 1233 310 τῶν
1248 283 1406 318 ἀνθρώπων,
1418 294 1426 309 ι
1446 284 1580 310 τουτέστιν
1593 285 1729 315 οῑβίκαιοι.

952 330 989 356 Οὐ
1007 330 1060 365 γὰρ
1074 328 1107 365 ἦν
1120 329 1243 365 ἐπιμιξία
1257 330 1311 356 τῶν
1328 330 1392 356 υἱῶν
1407 330 1460 365 Σὴθ
1476 330 1541 366 πρὸς
1558 330 1670 365 etiam?)
1687 331 1731 357 τοῦ

952 376 1020 402 Κὰῖν
1025 397 1031 403 .

986 420 1066 453 lbid.,
1081 421 1128 448 lin.
1144 421 1189 448 27.
1206 421 1260 448 Τοῦ
1276 421 1310 447 δὲ
1323 421 1417 455 Ἰάρεδ
1439 422 1512 454 υἱός.
1528 422 1658 453 Zonaras,
1678 423 1732 449 An-

951 466 1006 493 nal.
1025 471 1089 493 tom.
1106 466 1114 492 Ι
1132 467 1323 502 εΕὺηρέστησε
1343 467 1371 494 δὲ
1392 467 1476 502 Ἑνὼχ
1497 466 1534 502 τῷ
1555 468 1658 503 Κυρίῳ,
1686 468 1732 494 καὶ

953 513 1093 549 μετετέθη,
1112 512 1157 540 καὶ
1173 513 1222 548 οὐχ
1242 513 1381 549 εὑρίσκετο
1395 513 1462 540 ἑτῶν
1482 512 1600 547 γεγονὼς
1624 522 1732 548 τριακο-

953 558 1017 585 σίων
1031 558 1160 593 ὲξήκοντα
1174 557 1220 584 καὶ
1236 557 1326 584 πέντε.
1340 557 1460 584 Primum
1484 557 1527 584 hic
1541 557 1732 585 advertendum

952 603 1145 639 Hieronymum
1165 603 1246 630 veluti
1265 603 1394 631 memoria
1422 603 1525 638 lapsun‘.
1549 604 1637 630 notari
1652 611 1666 630 a
1683 602 1733 631 Pe-

952 651 1023 677 rerio
1043 650 1069 676 in
1082 648 1186 681 Genes.,
1205 650 1252 676 lib.
1269 657 1306 677 vn
1320 649 1358 684 (id
1379 649 1460 684 quod,
1486 653 1515 676 ut
1538 649 1594 684 ipse
1615 650 1662 681 ait,
1676 657 1734 677 ma-

951 697 1012 731 guis
1024 697 1101 728 viris,
1117 696 1160 723 vel
1182 696 1265 723 nimia
1289 695 1427 723 memoriae
1443 695 1550 727 ﬁducia,
1567 696 1608 723 vel
1628 696 1680 723 alia
1705 697 1732 723 in

951 750 980 770 re
1010 743 1100 770 studio
1124 750 1244 777 curaque
1266 742 1439 770 vehementer
1458 742 1568 769 intentis
1594 750 1649 769 non
1670 750 1732 770 raro

951 788 1104 824 contingit);
1114 789 1136 816 si
1151 788 1258 825 quidem
1273 789 1343 824 quod
1359 789 1410 816 hoe
1425 789 1485 816 loco
1499 788 1638 824 Scriptura
1653 789 1734 815 tradit

952 834 986 862 de
1000 834 1104 868 Enoch,
1119 834 1164 869 qui
1177 834 1308 869 septimus
1327 834 1378 861 fuit
1395 834 1429 861 ab
1446 834 1560 865 Adamo,
1576 834 1634 869 ipse
1654 834 1732 860 attri-

918 868 938 896 Β
954 880 1012 907 buit
1026 880 1099 907 Enos
1124 868 1178 907 ﬁlio
1195 868 1271 912 Seth,
1287 880 1381 907 Adami
1396 880 1497 915 nepoti.
1518 878 1563 907 Sic
1578 868 1649 907 enim
1664 880 1734 906 scri—

953 927 1001 954 bit.
1015 927 1061 954 lib.
1079 935 1087 953 ι
1110 926 1238 954 Adversus
1261 926 1432 954 Iovinianum
1448 935 1456 954 :
1478 925 1538 953 Non
1561 935 1619 954 reor
1635 926 1734 954 idcirco

953 973 1113 1000 translatum
1127 973 1226 1004 Enoch,
1243 972 1310 1008 quod
1326 981 1433 1000 uxorem
1447 973 1579 1004 habuerit,
1597 973 1641 999 sed
1664 971 1734 1007 quod

952 1019 1053 1052 primus
1065 1018 1221 1045 invocaverit
1249 1018 1342 1050 Deum,
1364 1023 1388 1044 et
1404 1017 1541 1044 crediderit
1565 1018 1592 1044 in
1611 1017 1734 1044 Salvato-

953 1072 1017 1090 rem.
1034 1064 1067 1090 At
1084 1064 1200 1099 primum
1213 1063 1343 1096 omnium,
1355 1065 1402 1099 qui
1416 1071 1513 1091 nomen
1531 1063 1635 1090 Domini
1651 1063 1734 1098 coepit

954 1110 1080 1138 invocare
1092 1118 1145 1138 non
1160 1110 1261 1143 Enoch,
1277 1110 1323 1138 sed
1338 1110 1410 1138 Enos
1426 1109 1508 1138 fuisse
1518 1117 1578 1145 cap.
1594 1118 1630 1142 tv,
1641 1109 1734 1137 Cenes.

957 1155 1040 1182 tradit
1057 1155 1175 1191 Moyses.
1203 1155 1356 1183 Secundum
1375 1162 1382 1180 :
1405 1154 1555 1190 Procopius
1581 1153 1685 1182 Gazeus
1700 1162 1735 1182 ex.

953 1202 1042 1229 verbis
1052 1201 1194 1236 Scriptura,-
1207 1205 1282 1237 putat
1294 1201 1384 1228 Enoch
1396 1205 1458 1228 ante
1473 1201 1557 1228 fuisse
1570 1199 1734 1234 improlum,

953 1253 977 1275 et
991 1247 1162 1282 ﬂagitiosum,
1179 1247 1226 1275 sed
1247 1251 1338 1281 postea
1355 1246 1434 1281 digna
1451 1249 1477 1273 et
1490 1244 1609 1281 perfecta
1621 1252 1733 1272 suorum

953 1293 1086 1321 scelerum
1102 1293 1262 1328 pmniteutia
1275 1299 1329 1318 non
1345 1295 1449 1318 tantum
1463 1290 1624 1318 emendasse
1638 1289 1732 1319 vitam,

954 1339 999 1366 sed
1015 1338 1082 1365 adeo
1107 1338 1161 1365 Deo
1186 1338 1331 1372 placuisse,
1348 1341 1377 1363 ut
1403 1339 1553 1363 mereretur
1576 1335 1670 1362 mortis
1686 1342 1734 1360 ex-

953 1392 1016 1419 pers
1042 1384 1068 1411 in
1093 1384 1197 1411 felicem
1219 1383 1280 1411 vitae
1307 1387 1409 1411 statum
1433 1381 1584 1409 transferri.
1611 1379 1732 1407 Tertiqu

953 1430 1119 1457 Abenezram
1141 1436 1201 1456 eum
1241 1428 1301 1455 aliis
1317 1425 1653 1455 contendissezEnochum
1663 1433 1734 1452 mor-

955 1480 1030 1503 tuum
1048 1484 1119 1508 esse,
1133 1480 1159 1503 et
1177 1475 1213 1502 ita
1233 1474 1382 1510 Scriptura:
1403 1475 1491 1501 locum
1519 1471 1732 1508 intelligendum,

919 1535 939 1563 ο
958 1522 1049 1549 multis
1064 1522 1227 1553 rationibus,
1241 1521 1288 1549 sed
1300 1525 1401 1548 temere
1409 1524 1524 1547 conatur
1534 1520 1733 1547 demonstrare.

956 1568 1028 1596 Mera
1045 1567 1169 1602 prodigia
1182 1571 1256 1600 sunt,
1271 1570 1297 1593 et
1312 1566 1398 1593 aniles
1416 1565 1522 1598 fabulae,
1540 1573 1599 1600 qua:
1614 1564 1733 1592 hmretici

955 1615 989 1642 de
1005 1618 1092 1641 morte
1109 1612 1212 1640 Enochi
1230 1612 1410 1639 tradiderunt.
1434 1611 1573 1638 Enochum
1597 1618 1651 1637 non
1673 1617 1734 1638 esse

955 1664 1092 1687 mortuum
1117 1659 1288 1694 separatione
1312 1658 1408 1685 anima:
1428 1665 1443 1684 a
1465 1665 1578 1692 corpore
1598 1657 1713 1684 violenta
1726 1676 1732 1687 ,

956 1707 1003 1735 sed
1015 1707 1069 1734 alio
1084 1714 1154 1734 novo
1172 1707 1263 1738 modo,
1277 1713 1372 1741 nempe
1389 1711 1469 1733 exuta
1482 1709 1585 1732 tantum
1600 1706 1734 1739 corrupti-

955 1754 1002 1781 bili
1025 1757 1132 1786 natura,
1148 1757 1176 1781 et
1195 1752 1349 1780 absolutum
1372 1759 1387 1779 a
1410 1752 1527 1779 miseriis
1544 1750 1623 1785 hujus
1642 1751 1734 1779 sa:culi

954 1800 1061 1835 placida
1076 1799 1193 1835 quadam
1207 1806 1239 1826 ex
1256 1799 1307 1825 hoc
1329 1799 1430 1826 mundo
1445 1798 1617 1832 migratione.
1634 1797 1667 1824 Et
1691 1797 1735 1824 ad-

954 1845 1031 1877 dunt,
1057 1853 1087 1872 se
1108 1845 1181 1879 loqui
1203 1845 1236 1871 de
1258 1843 1315 1876 tali,
1330 1844 1418 1878 qualis
1444 1843 1538 1870 fuisset
1557 1843 1689 1870 transitus
1706 1844 1733 1869 in

954 1895 1024 1918 statu
1052 1891 1223 1923 innocentiae,
1240 1895 1268 1917 et
1290 1890 1379 1925 qualis
1405 1890 1512 1918 futurus
1534 1897 1640 1921 eorum,
1665 1895 1733 1924 quo:

953 1937 1011 1965 dies
1028 1938 1141 1965 ultimus
1156 1937 1320 1972 superstites
1339 1937 1473 1969 inveniet;
1490 1940 1572 1971 atque
1585 1937 1621 1963 ita
1637 1936 1663 1963 in
1681 1942 1735 1963 ta:-

953 1984 1047 2011 lestem
1065 1984 1179 2018 patriam
1203 1983 1295 2010 Euoch
1315 1983 1475 2011 translatum
1494 1982 1588 2014 fuisse,
1602 1990 1654 2009 non
1671 1982 1733 2017 qui-

953 2030 1013 2057 dem
1025 2029 1145 2056 futurum
1155 2029 1209 2056 illic
1219 2028 1378 2063 participem
1395 2028 1487 2063 gloria:
1502 2028 1631 2059 cmlestis,
1649 2036 1678 2055 se
1687 2027 1734 2054 ab-'

953 2076 1070 2103 solutum
1088 2076 1219 2102 duntaxat
1236 2083 1250 2101 τι
1268 2074 1385 2102 miseriis
1394 2074 1496 2105 smculi,
1513 2075 1597 2102 donec
1609 2074 1734 2102 Christus

953 2122 979 2149 in
990 2122 1087 2149 ccelum
1097 2120 1265 2148 ascenderet.
1276 2120 1406 2147 Martinus
1415 2121 1477 2147 item
1495 2120 1651 2149 Borrhaius.
1661 2120 1734 2154 ejus‘

953 2168 1013 2195 dem
1032 2167 1124 2194 farinae
1143 2167 1232 2193 homo.
1248 2166 1346 2193 fatetur
1367 2165 1505 2192 Euochum
1518 2173 1580 2192 vere
1597 2169 1734 2191 mortuum

918 2213 1041 2248 nquoad
1071 2221 1170 2247 corpus
1198 2220 1273 2239 more
1298 2217 1468 2243 cacterorum,
1484 2212 1530 2239 sed
1554 2212 1661 2246 sepulto
1674 2219 1734 2238 cor-

952 2267 1018 2294 pore
1043 2259 1131 2294 quoad
1166 2259 1282 2286 animam
1317 2262 1427 2293 propter
1459 2258 1518 2284 ίίιΙυί
1549 2257 1733 2293 praestantiam

953 2305 1115 2333 translatum
1143 2305 1168 2331 in
1186 2305 1296 2336 cmlum,
1320 2308 1347 2331 et
1368 2304 1429 2330 ideo
1446 2304 1497 2330 diri
1520 2312 1571 2330 non
1587 2307 1731 2330 mortuum.

953 2350 1150 2384 Antiquissima
1166 2353 1255 2376 tamen
1280 2349 1407 2376 Ecclesiae
1422 2349 1541 2378 traditio,
1559 2353 1585 2375 et
1601 2348 1732 2374 Christia-

953 2404 1050 2423 norum
1062 2396 1183 2423 omnium
1195 2395 1347 2430 persuasio,
1360 2399 1387 2422 ct
1403 2403 1518 2421 concors
1534 2394 1642 2420 l’atrum
1656 2394 1734 2420 theo-

954 2443 1075 2478 logorum
1099 2441 1251 2471 sententia.
1282 2442 1448 2468 contrarium
1472 2441 1563 2467 sentit.
1588 2439 1663 2466 Illam
1688 2447 1735 2466 cx-

954 2496 1047 2524 presse
1075 2487 1185 2514 tradunt
1202 2488 1325 2515 Clemens
1350 2486 1487 2513 Romanus
1507 2487 1550 2513 lib.
1576 2494 1592 2512 v
1620 2485 1733 2513 Coltslil.

954 2539 1038 2569 apost.
1050 2555 1057 2565 ,
1074 2542 1133 2569 cap.
1152 2534 1184 2567 6-,
1212 2533 1339 2565 lreuazus,
1354 2534 1401 2561 lib.
1416 2542 1454 2565 iv,
1474 2541 1534 2568 cap.
1550 2533 1600 2565 5t);
1628 2532 1735 2559 Tertul-

955 2580 1054 2612 lianus,
1070 2579 1116 2605 lih.
1134 2578 1171 2604 De
1196 2587 1295 2605 resurr.
1312 2587 1396 2611 carn.,
1412 2587 1472 2613 cap.
1497 2578 1548 2610 58;
1571 2578 1733 2613 Cyprianus,

954 2627 1002 2653 lib.
1022 2626 1058 2652 De
1073 2625 1136 2652 Sion
1150 2629 1174 2651 et
1189 2624 1270 2655 Sina;
1297 2624 1462 2660 Epiphanius
1476 2624 1503 2651 in
1518 2625 1649 2651 Ancurata
1661 2631 1670 2655 ,'
1683 2623 1735 2650 Ne-

955 2671 1067 2701 uzesius,
1084 2670 1133 2698 lilI.
1149 2670 1186 2696 De
1203 2674 1256 2697 nat.
1284 2669 1394 2701 Itomin..
1411 2677 1470 2704 cap.
1485 2670 1522 2702 4;
1544 2668 1733 2705 Hieronymus,

955 2717 1002 2743 lib.
1015 2724 1045 2742 ιιι
1058 2715 1158 2742 Contra
1173 2715 1276 2750 Pelag;
1300 2715 1479 2750 Augustinus,
1493 2715 1538 2742 lib.
1552 2723 1587 2742 xv
1606 2714 1645 2741 De
1664 2715 1733 2742 civit.

955 2762 1014 2795 Dei,
1030 2769 1090 2796 cap.
1106 2761 1156 2792 29;
1176 2761 1399 2797 Chrysoslomus,
1420 2761 1493 2789 hom.
1509 2762 1540 2789 5-1
1556 2762 1582 2789 in
1598 2761 1688 2789 Cenes.
1708 2766 1734 2789 et

957 2809 983 2835 iu
999 2816 1058 2843 cap.
1082 2817 1109 2835 ιι
1129 2809 1163 2835 ad
1187 2808 1328 2840 Ilebrreos;
1348 2807 1508 2843 Ephremius
1522 2807 1734 2843 Thcopolitauus

959 2852 1110 2890 patiiurt-ha
1130 2856 1198 2890 apud
1216 2854 1340 2883 Photiqu
1356 2856 1382 2882 in
1394 2855 1513 2886 BiMinL,
1526 2855 1584 2881 rod.
1602 2855 1662 2881 9.28.
1681 2854 1735 2880 Nec

236 3126 1684 3398 ’Ψ
