3924 6968
573 293 678 349 983

571 436 730 492 aliter
754 435 916 491 sentit
935 433 1198 504 Iosephus
1231 435 1433 506 Antiq.,
1457 435 1610 500 l.b.t,
1633 451 1750 508 cap.
1782 437 1816 491 4
1846 453 1858 488 :
1903 437 2129 507 Ἀνεχώ-

573 545 704 600 ρησε
736 527 874 599 πρὸς
895 527 957 580 τὸ
983 527 1155 592 Θεῖον,
1181 529 1300 582 ὅθεν
1337 529 1456 582 οὐδὲ
1483 529 1734 600 τελευτὴν
1757 529 1918 583 αὑτοῦ
1943 531 2128 598 ἀναγεο

569 619 826 688 γράψασι.
857 617 1016 673 Liber
1037 620 1330 690 inscriptus
1354 619 1612 674 Μεθοδίου
1637 621 1919 691 Πατάρων.
1942 621 2034 673 καὶ
2061 622 2124 673 ἐκ

567 709 658 762 τοῦ
698 708 1078 782 βιϐλιογράφου
1113 712 1337 776 Λέοντος
1383 711 1476 765 τοῦ
1524 711 1829 782 φιλοσόφου,
1879 713 1954 766 ait
1985 720 2123 766 tem-

567 817 695 872 pore
727 802 1049 857 Antichristi
1102 803 1244 858 hunc
1289 819 1394 857 una
1445 820 1566 858 cum
1615 803 1762 868 Elia,
1809 813 1862 860 et
1913 803 2121 859 Joanne

566 895 815 965 tbeologo
849 893 1188 960 mittendum,
1225 898 1291 949 ad
1325 911 1448 950 eum
1479 895 1910 968 redarguendutn
1933 913 1946 948 :
1972 897 2030 952 Ὀ
2061 897 2118 952 δὲ

565 987 766 1056 ἀγαθὸς
805 989 900 1042 καὶ
921 988 1292 1060 φιλάνθρωπος
1317 989 1449 1054 Θεὸς
1473 989 1628 1062 ἡμῶν
1661 989 1778 1043 οὐδὲ
1809 992 1868 1043 ἐν
1899 990 1976 1061 τῷ
1995 991 2115 1044 τότε

563 1079 736 1154 καιρῷ
754 1081 1152 1151 καταλιμπανεῖ
1177 1082 1266 1136 τὸν
1295 1083 1494 1154 κόσμον
1525 1081 1646 1155 δίχα
1663 1083 1803 1146 τινὸς
1818 1081 2115 1154 κηρύσσον-

560 1187 668 1234 τος.
723 1172 1031 1226 Ἀποστελεῖ
1077 1172 1274 1243 ἄνδρας
1292 1175 1460 1244 τρεῖς,
1495 1173 1586 1225 δύο
1622 1175 1686 1226 ὲκ
1736 1173 1962 1244 νεφέλης
2021 1175 2114 1229 καὶ

559 1263 715 1317 ἄλλον
745 1265 809 1318 ἐκ
840 1265 938 1334 τῆς
963 1265 1064 1335 γῆς
1087 1281 1098 1293 ·
1153 1264 1258 1316 εἰσὶ
1284 1264 1339 1317 δὲ
1369 1258 1512 1318 οὗτοι
1549 1263 1739 1335 Ἑνὼχ,
1773 1265 1981 1328 Ἠλίας,
2020 1268 2113 1318 καὶ

571 1357 822 1429 Ἰωάννης
849 1358 877 1410 ὁ
909 1356 1172 1424 θεολόγος,
1209 1357 1454 1426 λέγοντες
1483 1373 1499 1388 ο
1531 1357 1732 1422 Πλάνος
1757 1359 1896 1411 ἐστί’
1927 1357 2112 1428 μηδεὶς

556 1450 704 1519 αὐτῷ
736 1448 1017 1522 πιστεύσῃ.
1063 1449 1170 1501 Καὶ
1199 1449 1410 1519 ἀναιρεί
1439 1451 1633 1513 αὐτοὺς
1658 1453 1715 1503 ὲν
1748 1451 1891 1520 φόνῳ
1917 1449 2111 1520 μαχαί-

559 1556 677 1611 ρας.
713 1539 807 1592 καὶ
857 1539 1143 1594 πεσοῦνται
1173 1538 1240 1592 τὰ
1275 1540 1500 1611 σώματα
1531 1539 1708 1598 αὐτῶν
1757 1540 1846 1593 ἐπὶ
1876 1539 1976 1610 τῆς
2008 1540 2109 1612 γῆς

553 1636 700 1702 τρεῖς
741 1633 952 1705 ἡμέρας
983 1635 1074 1688 καὶ
1099 1634 1269 1704 ἥμισυ
1297 1652 1310 1665 ·
1355 1635 1448 1688 καὶ
1476 1633 1776 1706 εἰσέρχεται
1806 1634 1884 1696 εἰς
1913 1633 2108 1696 αὐτοὺς

553 1729 768 1799 πνεῦμα
794 1729 959 1799 ζωῆς,
989 1732 1081 1783 καὶ
1109 1731 1421 1802 ἀνέρχονται
1471 1733 1550 1796 εἰς
1589 1732 1678 1784 τὸν
1717 1731 1938 1802 οὐρανὸν
1969 1731 2104 1784 πάν-

551 1838 658 1872 των
689 1819 956 1892 ὁρώντων,
1007 1821 1097 1874 καὶ
1131 1821 1424 1893 κράζοντες
1457 1823 1546 1876 τὸν
1597 1823 1748 1878 θεόν.
1798 1824 1908 1877 Καὶ
1956 1823 2111 1877 κολο-

550 1909 712 1963 Cibo-5'.
745 1912 773 1963 ὁ
805 1910 1068 1981 ’Υψιστος
1107 1912 1206 1975 τὰς
1236 1911 1448 1984 ἡμέρας
1476 1911 1708 1976 ὲκείνας,
1743 1913 1830 1965 ἴνα
1863 1913 1934 1984 μὴ
1964 1915 2110 1966 πᾶσα

550 2001 580 2069 ἡ
610 1999 819 2068 φάλαγξ
840 2001 1020 2073 ἐκείνη
1052 2000 1158 2054 τῶν
1189 2001 1358 2070 ἀγεων
1387 2001 1628 2074 ὲκλείψῃ,
1661 2001 1754 2056 καὶ
1782 2001 2108 2072 σωθήσονται

549 2095 597 2146 οἱ
633 2093 954 2163 ἀγαπῶντες
979 2093 1071 2148 τὸν
1098 2093 1249 2148 Θεόν.
1291 2093 1494 2150 Eadem
1541 2095 1704 2150 habet
1751 2093 1983 2164 Prosper
2013 2094 2104 2148 lib.

548 2184 626 2239 De
661 2185 863 2255 prorid.
901 2185 1020 2252 Dei,
1051 2201 1170 2256 cap.
1195 2185 1246 2240 6.
1277 2185 1497 2252 lneptus
1524 2186 1704 2257 itaque
1731 2194 1815 2242 est
1845 2183 2109 2258 Hierony-

548 2293 671 2334 mus
687 2275 952 2344 Oleaster,
972 2293 1094 2334 cum
1119 2278 1251 2334 dicit
1283 2298 1296 2334 :
1325 2279 1451 2335 licet
1473 2277 1680 2334 Hebraei
1703 2277 2105 2342 dicant,Enoch

545 2386 668 2427 esse
706 2379 1003 2437 mortuum,
1045 2371 1148 2426 sibi
1198 2378 1380 2427 tamen
1417 2372 1588 2428 videri
1633 2371 1968 2444 probabilius
1995 2388 2104 2428 non

543 2478 666 2518 esse
697 2471 995 2519 mortuum.
1039 2462 1278 2520 Tandem
1318 2465 1488 2520 multa
1523 2465 1834 2521 fabulantur
1863 2465 2102 2520 haeretici

543 2554 611 2608 de
637 2555 762 2609 loco
789 2570 856 2611 ex
886 2572 994 2626 quo
1056 2565 1242 2627 raptus
1276 2567 1379 2613 est.
1433 2556 1700 2614 Lutberus
1733 2559 1844 2612 vult
1887 2568 2099 2628 raptum

542 2645 786 2701 suaviter
815 2645 878 2730 in
895 2647 1140 2716 gramine
1169 2648 1524 2706 dormientem
1545 2651 1696 2704 nullo
1724 2649 1962 2703 conscio.
1983 2647 2100 2703 Sel-

541 2751 774 2792 necerus
829 2737 1040 2800 scribit,
1079 2739 1391 2808 vigilantem
1447 2755 1632 2794 coram
1683 2746 1796 2792 tota
1835 2737 2096 2804 Ecclesia,

540 2828 626 2882 vel
648 2828 933 2898 praecipuis
963 2829 1286 2898 patriarcbis
1319 2846 1332 2881 :
1367 2830 1611 2901 Alioquin
1642 2830 1776 2883 umle
1805 2831 2095 2896 scivissem,

541 2921 640 2983 ait,
663 2929 869 2988 raptum
891 2937 922 2972 a
951 2919 1056 2974 Deo
1080 2923 1106 2976 7
1139 2919 1478 2977 Probabilior
1504 2930 1588 2977 est
1615 2922 1883 2977 sententia
1909 2919 2094 2989 Delrii,

539 3008 656 3080 qui,
698 3009 1004 3077 Fateamur,
1051 3010 1248 3080 inquit,
1303 3027 1396 3066 nos
1447 3015 1641 3068 nescire
1689 3030 1790 3084 quo
1847 3025 2092 3082 tempore,

539 3101 676 3164 loco,
717 3100 870 3155 modo
923 3109 973 3154 et
1021 3116 1199 3154 coram
1226 3101 1411 3172 quibus
1467 3111 1648 3172 raptus
1678 3103 1854 3171 fuerit.
1887 3101 2092 3156 Scimus

539 3199 751 3262 raptum
793 3195 1061 3257 virentem,
1109 3203 1159 3248 et
1187 3211 1220 3248 a
1246 3193 1374 3248 Deo.
1417 3193 1496 3248 An
1541 3209 1672 3249 vero
1709 3194 1848 3249 idem
1907 3194 2092 3250 Enoch

539 3284 838 3340 translatus
867 3283 938 3340 sit
976 3284 1294 3349 moriturus,
1327 3291 1380 3340 et
1409 3301 1568 3356 quem
1603 3287 1658 3342 in
1701 3287 1878 3342 locum
1911 3298 2091 3344 trans-

536 3377 681 3430 latus
728 3377 818 3438 sit,
859 3385 1039 3431 utrum
1090 3379 1147 3433 in
1200 3377 1514 3448 paradisum
1573 3389 1907 3440 terrestrem,
1953 3381 2094 3436 unde

533 3467 744 3534 ejectus
781 3473 866 3520 est
896 3467 1090 3536 Adam,
1141 3479 1196 3524 et
1225 3485 1392 3540 quare
1446 3472 1764 3536 translatus,
1811 3480 1864 3527 et
1895 3487 1963 3526 an
2013 3473 2096 3536 sic

535 3561 832 3615 translatus
863 3561 1040 3615 videat
1064 3563 1357 3617 essentiam
1409 3563 1524 3628 Dei,
1550 3573 1604 3618 et
1653 3578 1720 3618 an
1754 3563 1951 3618 librum
1992 3565 2092 3617 ali-

531 3663 695 3723 quem
727 3652 1008 3724 scripserit
1043 3654 1231 3710 multis
1272 3663 1566 3726 pertractat
1614 3655 1868 3711 Pererins
1914 3653 2092 3710 inCe-

531 3761 666 3812 nes.,
695 3745 790 3800 lib.
824 3763 922 3811 vn,
945 3755 1000 3802 et
1023 3745 1236 3802 Delrius
1260 3747 1314 3803 in
1342 3749 1544 3804 dictum
1581 3749 1758 3804 locum
1795 3748 1978 3805 Cenes.
2005 3751 2090 3804 di-

532 3839 836 3896 sertissime
885 3839 1134 3904 discutit,
1187 3852 1241 3897 et
1285 3843 1398 3896 alii.
1450 3841 1670 3897 Librum
1726 3843 1846 3911 ejus
1905 3844 2088 3898 laudat

530 3925 792 4003 Origenes
823 3933 968 3988 hom.
999 3932 1069 3988 29
1112 3935 1168 3988 in
1199 3933 1362 3990 Num.
1382 3951 1402 4000 ;
1447 3933 1830 3999 Tertulliauus,
1884 3936 1978 3991 lib.
2012 3935 2087 3989 De

529 4022 861 4091 idololatria,
893 4024 965 4080 De
986 4024 1246 4094 pudicitia
1277 4033 1332 4081 et
1361 4025 1438 4082 De
1471 4027 1616 4080 cultu
1651 4028 1928 4098 virginum.
1965 4025 2086 4082 Ori-

527 4129 694 4188 genes
743 4117 1072 4188 Anacepltal.
1105 4117 1198 4173 lib.
1244 4134 1297 4172 ιν
1331 4117 1403 4172 De
1449 4120 1740 4189 principiis.
1785 4119 2085 4174 Damnatur

529 4217 590 4264 ut
643 4209 1003 4280 apocryphus.
1055 4209 1416 4282 Hieronymus
1462 4210 1638 4266 Catul.
1697 4215 1876 4283 script.
1923 4213 2084 4268 eccle—

527 4303 705 4366 siast.,
743 4303 820 4358 vel
854 4302 958 4357 hoc
1007 4317 1117 4357 uno
1141 4301 1294 4358 Judre
1329 4305 1558 4374 apostoli
1597 4305 1878 4374 epistolam
1911 4321 1941 4359 a
1974 4307 2084 4376 ple-

527 4391 712 4459 risque
743 4390 893 4460 rejici
922 4391 1108 4454 tradit,
1152 4392 1280 4463 quia
1313 4393 1380 4448 de
1412 4393 1548 4448 libro
1591 4393 1796 4462 Enocb,
1827 4396 1920 4466 qui
1952 4411 2082 4466 apo-

525 4483 762 4553 cryplius
793 4491 900 4545 est,
940 4484 995 4538 in
1027 4500 1092 4538 ea
1129 4487 1358 4540 assumit
1387 4487 1776 4544 testimonium.
1823 4488 1977 4544 Alius
1998 4496 2083 4544 est

523 4573 612 4628 hic
639 4574 708 4628 ab
737 4573 960 4630 Enocbo
985 4575 1141 4632 Caiui
1165 4575 1296 4641 lilio,
1326 4578 1486 4646 cujus
1517 4595 1682 4649 supra
1712 4581 2078 4638 meminimus.

593 4663 842 4730 Col.752,
876 4666 970 4722 lin.
1002 4668 1092 4722 ‘28.
1136 4668 1189 4720 '0
1219 4666 1288 4720 δὲ
1315 4667 1443 4734 υἱὸς
1457 4669 1661 4724 αὑτοῦ.
1684 4669 1916 4736 Quidam
1936 4671 2081 4724 hunc

523 4755 666 4810 sicut
691 4766 744 4810 et
775 4769 982 4828 patrem
1007 4757 1191 4812 animo
1232 4768 1287 4814 et
1309 4775 1538 4829 corpore
1563 4762 1885 4816 translatum
1912 4761 2081 4818 fuisse

521 4844 880 4910 tradiderunt,
909 4848 1022 4912 alii,
1041 4857 1094 4903 et
1116 4848 1318 4914 verius,
1337 4849 1456 4918 ipso
1481 4865 1624 4905 anno
1645 4849 1830 4906 diluvii
1856 4853 2076 4908 obiisse.

521 4932 832 4990 Secundum
861 4937 1156 4992 editionem
1183 4937 1536 5010 Septuaginta
1567 4943 1726 4998 annis
1757 4945 2082 5012 quatuor-de-

521 5027 626 5082 cim
657 5034 781 5096 post
801 5026 1060 5081 diluvium
1091 5029 1246 5094 vixit,
1272 5031 1415 5100 quod
1439 5039 1521 5088 est
1549 5035 1868 5099 absurdum,
1899 5043 1954 5090 et
1979 5038 2078 5090 mi-

520 5135 662 5175 rum.
691 5118 802 5174 Ποῦ
831 5118 1060 5191 διεσώθη
1106 5123 1163 5174 ὲν
1191 5121 1268 5192 τῷ
1300 5123 1698 5197 κατακλυσμῷῗ
1731 5125 1805 5181 De
1839 5131 2079 5184 celeber-

519 5215 656 5268 rima
688 5214 788 5267 hac
819 5215 1118 5284 quaestione
1145 5217 1373 5270 consule
1402 5215 1788 5288 Hieronymum
1832 5219 1885 5273 in
1916 5221 2076 5286 Quie-

515 5307 676 5359 stion.
713 5303 1014 5370 Hebraicis,
1045 5309 1408 5378 Augustinum
1442 5307 1520 5362 De
1547 5309 1690 5364 civit.
1727 5309 1841 5377 Dei,
1876 5312 1969 5368 lib.
2010 5331 2078 5368 xv

513 5407 565 5451 et
591 5415 712 5454 siti.
745 5397 1011 5472 Georgius
1041 5399 1328 5472 Syncellus
1360 5401 1416 5456 in
1449 5400 1705 5459 Chronico
1728 5420 1747 5458 :
1779 5405 1948 5463 Τοῦτο
1977 5409 2079 5462 οὐκ

514 5485 572 5542 εὖ
600 5489 744 5560 ἔχειν
781 5491 944 5544 δοκεῖ.
977 5491 1222 5547 Ἔσονται
1263 5493 1371 5566 γὰρ
1400 5495 1541 5550 κατὰ
1578 5496 1763 5550 τοῦτον
1795 5499 1884 5553 τὸν
1923 5500 2077 5570 λόγον

516 5581 568 5632 αἱ
611 5579 716 5631 ἀνὰ
745 5581 1262 5654 πάσαςἘκκλησίας
1281 5585 1374 5640 τε)ὖ
1399 5588 1549 5643 ’Θεοῦ
1599 5591 1740 5662 ἱεραὶ
1775 5591 1944 5662 βίϐλοι
1977 5595 2075 5665 τῆς

519 5669 785 5731 ῐένέσεως
825 5671 1232 5745 διεφθαρμέναι,
1277 5678 1334 5730 αἶ
1366 5677 1488 5744 ἓξθ⁹
1532 5680 1624 5752 ἔτη
1678 5683 1944 5755 ἱστοροῦσι
1985 5685 2074 5740 τοῦ

511 5760 859 5820 Σιέαθουσάλα.
895 5765 1083 5822 Ἔσται
1112 5767 1168 5819 δὲ
1195 5769 1286 5822 καὶ
1322 5768 1488 5840 Ίάρεδ
1522 5775 1958 5851 μακροϐιώτερος
1982 5781 2075 5834 αὑ.

1927 295 2170 356 LEONlS
2209 299 2480 356 ALLA'l'll

3631 315 3718 368 981'

2157 444 2201 501 Α
2230 437 2320 490 τοῦ
2350 437 2442 507 ἐτη
2473 443 2576 504 κγ’,
2611 435 2735 506 ἓξβ¹
2761 434 2927 508 ζήσας
2961 435 3071 508 ἔτη,
3117 437 3250 510 ὅπερ
3273 437 3433 492 οὐδενὶ
3472 447 3713 515 cnumcri;-

2229 547 2405 601 νηται.
2433 529 2630 601 Διόπερ
2653 530 2712 582 οὐ
2751 527 2856 600 χρὴ
2881 528 2969 582 διὸ.
2992 531 3052 582 τίο
3082 521 3242 599 φάναι
3276 532 3620 588 συναπολέσθαι
3644 539 3715 590 αὖ·

2225 619 2314 673 τὸν
2338 623 2446 684 τοῖς
2491 623 2547 673 ἐν
2588 619 2664 690 τῷ
2704 621 3088 692 κατακλυσμῷ.
3119 621 3204 674 διά
3225 619 3374 674 τοῦτο
3398 623 3519 694 ἓμθ⁰
3543 625 3620 698 έτη
3645 628 3714 698 βε·

2225 709 2500 763 διωκέναι.
2531 710 2688 763 Ἀλλὰ
2713 710 2832 764 οὐδὲ
2855 711 2932 782 τῷ
2967 711 3271 784 Ἀφρικανῷ
3298 714 3566 786 πειθόμεθα
3585 737 3716 789 προσ-

2221 801 2418 856 τιθέντι
2441 804 2508 856 τὰ
2529 803 2666 856 αὐτὰ
2690 810 2736 856 κ’
2763 803 2875 875 ἔτη,
2909 805 2999 857 καὶ
3203 805 3400 874 λέγοντι
3426 806 3511 860 τοῦ
3545 811 3715 866 Μαθου-

2224 894 2377 957 σαλα,
2399 894 2675 962 magae
2706 895 2904 948 Λοιπὸν
2926 892 3017 950 οὖν
3049 899 3298 968 κρεῖσσον
3325 893 3454 952 εἶναι
3480 900 3606 954 δοκεῖ
3624 909 3712 968 ταῖς

2221 985 2342 1037 καθ’
2379 985 2506 1056 ὃλην
2541 986 2636 1058 τὴν
2679 987 3000 1059 οἰκουμένην
3037 987 3327 1058 ἑπομένους
3370 991 3523 1060 ἱεραῖς
3557 993 3714 1064 βίϐλος

2219 1073 2340 1141 ἳξθν
2361 1076 2455 1146 τῆς
2475 1075 2616 1148 ζωῆς
2642 1077 2818 1147 λέγειν
2837 1078 3186 1133 Μαθουσάλαο
3241 1082 3286 1134 εἰ
3315 1081 3369 1134 δὲ
3395 1083 3477 1135 τὸν
3503 1088 3714 1140 κατακλυ-

2219 1164 2352 1234 σμὸν
2389 1167 2760 1240 ὑπερϐέϐηκεν
2786 1169 2928 1222 ἔτεσι
2965 1174 3046 1231 ιε’,
3070 1169 3164 1222 τοῦ
3189 1169 3318 1222 Θεοῦ
3344 1173 3566 1226 κάκεῖνον
3597 1176 3713 1240 ἴσως,

2215 1254 2288 1320 ὡς
2331 1255 2421 1309 τὸν
2464 1257 2652 1330 Ἑνὼχ,
2696 1259 3099 1331 περισώσαντος
3141 1260 3462 1332 παραδόξως,
3505 1264 3608 1318 καθ’
3645 1267 3716 1330 οὓς

2213 1347 2322 1406 οἶδε
2359 1355 2608 1426 τρόπους,
2634 1356 2726 1410 καὶ
2763 1357 2979 1420 τόπους.

2285 1445 2444 1514 Ibid.,
2477 1447 2564 1500 lin.
2604 1448 2689 1502 52.
2729 1450 2918 1513 Τούτῳ
2940 1448 3017 1515 τῷ
3044 1448 3266 1520 Λάμεχ.
3303 1448 3422 1506 Haec
3449 1451 3511 1507 ad
3535 1453 3713 1508 verbum

2213 1536 2463 1590 versibus
2503 1538 2770 1606 expressit
2803 1535 3204 1594 Constantinus
3237 1538 3501 1596 Manasses
3539 1541 3586 1594 in
3624 1542 3712 1594 Au-

2211 1626 2320 1679 nal.
2354 1642 2370 1680 :

2149 1804 2186 1858 Β
2211 1733 2320 1791 Ἦν
2361 1736 2428 1791 δέ
2471 1755 2558 1805 τίς
2605 1739 2732 1794 Νῶε
2783 1739 3013 1809 δίκαιος
3049 1743 3120 1796 ἐν
3151 1759 3274 1808 τοις
3311 1760 3410 1796 του
3438 1741 3551 1858 Σὴθ
3584 1745 3712 1814 ἐγχύ-

3556 1831 3660 1858 mm

3556 1831 3629 1865 νοι

2174 1831 2186 1922 ῗ
2219 1880 2462 1945 Ἔνατος
2489 1879 2557 1932 ἐκ
2591 1881 2694 1936 τοῦ
2722 1879 3065 1951 σπέρματος
3091 1881 3266 1952 Ἀδὰμ
3288 1881 3391 1935 τοῦ
3423 1811 3713 2021 :tplwlt’cgfld-

3517 1969 3660 2019 στου,

3517 1969 3660 2019 στου,

2216 2021 2332 2090 Ὃς,
2363 2018 2581 2086 μετιὼν
2616 2016 2723 2085 τῆς
2751 2020 2966 2089 ἀρετῆς
2989 2020 3116 2090 ,τὴν
3147 2016 3608 2090 ἐννομοπραπίιάν,

2207 2089 2316 2142 Καὶ
2347 2089 2456 2156 τὴν
2497 2090 2715 2142 κακίαν
2743 2091 2810 2143 ἐκ
2842 2089 3048 2161 ψυχῆς
3093 2089 3462 2162 ἀποστυπιῖιν,
3497 2091 3582 2162 καὶ
3607 2093 3714 2159 est"

2213 2227 2358 2293 Τοὺς
2395 2229 2815 2298 φαυλουρτοὺς
2857 2231 2954 2284 καὶ
3003 2229 3324 2296 δυσσεϐεῖς
3359 2160 3710 2316 estigiis

3388 2318 3422 2352 ις
3491 2299 3657 2360 νίζειν.

2216 2367 2370 2421 Ἐπεὶ
2395 2367 2446 2421 δ’
2467 2371 2576 2423 οὐκ
2603 2370 2670 2423 ἔτι
2680 2373 2836 2424 ειοεν
2860 2370 3084 2438 αὐτοὺς
3104 2371 3221 2425 τῶν
3245 2303 3708 2510 φαύὲξαῗβῗπὸσςςέ-

3343 2479 3346 2482 .
3524 2457 3560 2492 σ
3591 2456 3654 2501 at,

3524 2456 3654 2501 auat,

2203 2505 2468 2580 Meréo'tn
2487 2507 2604 2580 μὲν
2631 2509 2750 2564 ἀπὸ
2787 2508 2892 2577 τῆς
2918 2509 3050 2580 τῆς,
3089 2510 3238 2565 ἔνθα
3266 2509 3332 2580 τὸ
3363 2505 3572 2578 πρῶέον
3592 2510 3705 2576 ἔριν

2200 2577 2572 2649 Μέτοικοςίδὲ
2593 2577 3314 2649 γενόμενος’ἀλλοδαποῖς
3343 2577 3410 2634 ἐκ
3441 2581 3599 2648 ὅροις,

2207 2646 2324 2718 Thr
2349 2646 2740 2718 Αἰξμνουμένηκ
2769 2650 3016 2704 κιϐωτὸν
3040 2651 3270 2718 ὡρίσθη
3292 2646 3626 2715 texto-ﬁetu,

2198 2716 2308 2790 Kal
2337 2716 2482 2790 ζῶον
2505 2716 2668 2772 ἅπαν
2693 2721 2762 2772 ἐν
2789 2719 2941 2787 αὐτῇ
2965 2716 3339 2790 χερσόῢγρσν
3361 2721 3626 2790 ἐγκλεῖσαι

2213 2787 2306 2852 Ὡς
2337 2787 2575 2856 σπέρμα
2619 2786 3067 2859 χρηματίσαὼἠ
3117 2786 3508 2932 καὶζώπιθρωὶ
3523 2789 3611 2843 τοῦ
3635 2786 3705 2858 τέ-

3512 2878 3650 2926 γους.

3512 2878 3650 2926 γους.

2196 2967 2252 3023 1η
2289 2971 2486 3040 quibus
2521 2971 2656 3027 mira
2695 2970 2961 3026 Manassis
3003 2971 3362 3026 liallucinatio
3399 2969 3700 3040 deprehendi-

2197 3070 2301 3114 tur.
2325 3061 2446 3133 .Noe
2473 3065 2614 3118 enim
2657 3080 2862 3118 nonum
2910 3065 2978 3118 ab
3021 3063 3236 3118 Adamo
3278 3064 3558 3125 constituit,
3590 3060 3702 3116 Scri-

2120 3151 2160 3206 C
2195 3154 2370 3224 pturis
2399 3155 2673 3217 omnibus.
2718 3156 3224 3227 cbronicorumque
3269 3155 3596 3226 scriptoribus
3631 3167 3696 3206 re-

2195 3246 2581 3301 clamantibus.
2619 3245 2798 3312 Quare
2825 3247 3203 3316 reponendum
3242 3247 3424 3318 judico
3444 3247 3632 3306 δέκατος
3653 3245 3700 3294 ἐκ

2191 3334 2284 3388 τοῦ
2311 3337 2638 3409 σπέρματος.
2669 3337 2780 3392 Nec
2823 3337 2878 3391 in
2907 3339 3000 3392 illo
3029 3339 3338 3394 audiendus
3376 3348 3472 3402 est,
3509 3352 3612 3390 cum
3637 3333 3698 3388 di-

2193 3427 2270 3480 cit
2320 3426 2432 3483 Noe
2462 3429 2514 3482 in
2557 3444 2737 3484 arcam
2774 3429 2974 3484 animal
3005 3444 3170 3484 omne
3197 3440 3460 3485 terrenum
3486 3436 3533 3482 et
3565 3439 3696 3496 aqua-

2192 3517 2301 3582 tile,
2347 3519 2694 3590 χερσόῦγρον,
2729 3519 3040 3583 inclusisse,
3077 3529 3138 3574 ut
3165 3535 3347 3576 semen
3369 3519 3484 3574 inde
3503 3518 3697 3572 animan-

2193 3611 2328 3664 tium
2363 3617 2625 3666 servaret.
2666 3609 2809 3667 Usus
2835 3611 2978 3666 enim
3013 3626 3162 3666 arcte
3185 3612 3432 3674 terrenis,
3456 3625 3549 3662 non
3567 3620 3697 3674 aqua-

2190 3701 2380 3755 tilibus
2408 3711 2524 3756 erat
2569 3705 2929 3758 necessarius.
2975 3702 3255 3757 Eximium
3287 3702 3397 3756 Noe
3426 3699 3694 3772 prieconium

2187 3789 2358 3845 babes
2391 3789 2536 3860 apud
2559 3791 3030 3861 Cbrysostomum,
3066 3792 3224 3848 hom.
3255 3792 3325 3846 εδ
3368 3793 3421 3844 in
3449 3789 3603 3843 Cenes.
3631 3784 3694 3839 Si-

2187 3879 2384 3950 byllam
2413 3878 2632 3935 Oracul.
2667 3881 2790 3935 libr.
2822 3897 2860 3942 ι,
2891 3880 3156 3937 Basiliam
3187 3882 3560 3938 Seleuciensem
3584 3883 3691 3930 orat.

2187 3970 2212 4023 1
2252 3977 2306 4024 et
2330 3969 2366 4022 2
2400 3969 2469 4024 de
2495 3969 2626 4034 Noe,
2663 3982 2716 4024 et
2745 3971 2902 4028 alios.

2250 4055 2410 4118 lbid.,
2443 4058 2537 4112 lin.
2567 4058 2656 4113 55.
2689 4059 2850 4126 Ἄχρι
2875 4059 2981 4129 γὰρ
3010 4059 3272 4130 ἑϐδόμης
3297 4057 3507 4128 aerane.
3537 4053 3690 4109 Eadem

2183 4145 2345 4204 habet
2375 4146 2644 4219 Iosephus
2675 4155 2711 4203 Ι.
2746 4166 2760 4203 ι
2792 4150 2992 4222 Αιιεὶιι..
3025 4167 3150 4222 cap.
3189 4154 3245 4217 4;
3283 4151 3510 4206 Zonaras
3537 4146 3686 4202 Annal.

2181 4237 2281 4293 lib.
2317 4254 2356 4293 ι.
2401 4236 2512 4294 Nec
2539 4239 2791 4296 dissentit
2828 4240 3209 4300 Tlteodoretns
3236 4245 3288 4298 in
3330 4241 3504 4298 Cenes.
3532 4244 3685 4309 quiest.

2180 4329 2280 4396 47;
2321 4329 2625 4388 Methodius
2668 4351 2683 4390 :
2729 4334 2819 4404 Τῷ
2860 4335 2918 4388 δὲ
2971 4335 3372 4406 ἑπτακοσιοστιρ
3410 4326 3686 4403 ἐνενηκοστῷ

2181 4419 2292 4474 ἔτει
2333 4422 2435 4492 τῆς
2472 4423 2644 4496 Ἰάρεο
2680 4423 2844 4495 ζωῆς,
2890 4427 3008 4496 ἦτοι
3045 4428 3146 4497 τῆς
3195 4427 3442 4497 δευτέρας
3483 4419 3684 4494 χιλιάδος,

2114 4503 2157 4558 D
2186 4513 2478 4583 προσέθετο
2508 4518 2537 4568 ὁ
2578 4517 2810 4588 πονηρὸς
2853 4519 2947 4572 καὶ
2979 4517 3220 4591 ὀλέθριος
3251 4519 3480 4581 διάϐολος
3515 4513 3686 4581 πολέμῳ

2181 4608 2436 4677 πορνείας
2479 4608 2821 4680 προσψαῦσαι
2851 4614 2962 4674 τοῖς
2997 4611 3134 4674 υἱοῖς
3167 4611 3295 4682 Σὴθ,
3328 4613 3404 4673 εἰς
3447 4609 3533 4670 τὰς
3551 4605 3683 4670 θυγα-

2180 4697 2342 4768 τέρας
2370 4699 2526 4764 Κάῖν,
2563 4701 2658 4754 καὶ
2687 4702 2976 4766 ἐξωθεισας
3000 4704 3189 4775 ἔρριψε
3221 4704 3347 4766 τοὺς
3373 4701 3599 4770 γίγαντας
3621 4696 3682 4756 εἰς

2179 4789 2396 4862 ὄλεθρον
2423 4793 2520 4862 τῆς
2553 4793 2842 4866 ἁμαρτίας.
2884 4797 2992 4850 Καὶ
3026 4796 3268 4868 ὠργίσθη
3303 4794 3451 4866 θυμῷ
3477 4788 3682 4861 Κύριοςό

2179 4881 2328 4948 Θεός.
2355 4885 2464 4938 Καὶ
2489 4887 2546 4938 ἐν
2572 4884 2648 4956 τῷ
2685 4883 2826 4938 τέλει
2854 4887 2954 4957 τῆς
2985 4887 3244 4960 δευτέρας
3267 4886 3488 4958 χιλιάδος
3515 4881 3680 4950 ἐγένετο

2181 4973 2565 5046 κατακλυσμὸς
2592 4974 2698 5028 τῶν
2727 4977 2956 5042 ὑδάτων,
2987 4981 3080 5033 καὶ
3110 4979 3374 5050 ἠφανίσθη
3407 4979 3539 5031 πᾶσα
3563 4976 3589 5044 ή
3614 4971 3678 5039 δη·

2183 5061 2437 5131 μιουργία
2465 5079 2522 5115 τε
2577 5063 2671 5117 καὶ
2697 5062 3000 5130 διάπλασις.
3031 5064 3137 5122 Sed
3158 5083 3221 5123 ea
3251 5083 3367 5138 quae
3392 5067 3473 5122 hic
3501 5062 3676 5120 tradun-

2181 5159 2267 5204 tur
2300 5166 2331 5206 a
2371 5150 2645 5208 Methodio
2694 5153 2834 5212 falsa
2870 5173 3014 5220 esse,
3047 5167 3104 5214 et
3136 5160 3211 5215 illi
3258 5160 3444 5223 aliicta,
3500 5160 3676 5212 censent

2179 5243 2445 5305 nonnulli,
2479 5259 2667 5300 errore
2719 5248 2856 5304 satis
2891 5249 3174 5319 explorato
3225 5260 3468 5320 certoque
3490 5247 3675 5303 chrono-

2180 5334 2351 5404 logiie.
2385 5332 2618 5399 Incesta,
2664 5339 2954 5404 adulteria,
2992 5341 3219 5406 scelera,
3252 5342 3547 5411 impietates,
3571 5333 3674 5388 alia-

2179 5439 2283 5494 que
2312 5425 2592 5480 hominum
2627 5427 2844 5484 illorum
2875 5429 2996 5487 fuse
3038 5432 3378 5504 prosequitur
3401 5426 3563 5483 Enoch
3599 5421 3669 5477 lib.

2185 5531 2223 5576 ι,
2245 5514 2376 5586 Περὶ
2411 5514 2520 5568 τῶν
2549 5517 2882 5590 ἐγρηγόρων.
2916 5521 2998 5576 Ad
3032 5523 3310 5593 septimam
3339 5519 3518 5576 etenim
3541 5525 3670 5584 gene-

2179 5605 2439 5660 rationem
2495 5606 2605 5660 vita
2655 5608 2825 5664 Adam
2875 5623 3149 5680 protracta
3197 5628 3375 5668 omnes
3413 5609 3472 5662 ad
3501 5605 3666 5660 cultum

2181 5695 2296 5762 Dei,
2322 5708 2376 5753 et
2397 5699 2584 5762 verbo,
2607 5707 2659 5754 et
2689 5715 2852 5771 opere
2868 5705 3186 5759 instruendo
3211 5702 3556 5774 compellebat.
3578 5692 3664 5748 Far

2176 5791 2322 5844 enim
2371 5797 2454 5846 es:
2506 5790 2752 5859 credere,
2799 5807 2921 5848 eum
2968 5812 3075 5852 non
3125 5805 3325 5853 tantum
3371 5789 3662 5860 propriorum
