3952 6204
295 262 404 326 985

1320 273 1388 329 IN
1424 270 1794 330 EUSTA'IHII
1834 270 2305 329 HEXAEMERON
2336 270 2565 327 ΝΟΤᾸΞ.

3420 267 3528 331 986

294 387 552 457 lapsuum
584 386 900 457 pmnitentia
927 388 1160 454 tristem,
1201 405 1390 445 verum
1420 401 1476 445 et
1507 389 1738 444 aliorum
1764 387 1864 442 'de-
1892 398 1934 449 Α
1965 388 2108 446 diuis
2154 388 2302 445 mille
2344 387 2780 458 octingentorum
2834 385 3166 453 cubitorum,
3219 385 3530 445 latitudinis

294 480 447 536 lictis
476 480 631 550 quasi
675 479 911 536 stimulis
953 481 1280 551 quibusdam
1312 491 1492 537 actum
1530 482 1722 537 intime
1754 478 1861 537 fre-

294 571 527 633 muisse,
550 581 603 626 et
630 570 886 642 lacrymis
908 572 1205 643 supplicem
1241 573 1308 628 ad
1342 571 1512 628 Deum
1539 572 1862 642 delinquen-

296 665 449 720 tibus
478 664 697 732 Optimis
728 667 949 721 monitis
980 668 1353 732 succurrisse,
1379 667 1568 737 sicque
1605 673 1859 720 naturam

292 755 590 811 humanam
630 755 884 820 debilem,
916 763 970 812 et
999 758 1345 830 languentem
1385 756 1612 828 ope'Dei
1647 758 1859 811 instau-

289 863 471 904 rasse.
498 847 628 915 Quae
668 847 922 914 felicitas,
953 848 1082 904 dum
1121 860 1173 905 et
1196 850 1328 915 vita,
1357 858 1411 905 et
1441 848 1684 921 spiritus,
1720 848 1861 903 inte-

291 956 392 1010 gra
416 940 653 997 duravit.
685 940 976 1013 Postquam
1011 942 1266 1005 decessit,
1294 943 1540 997 homines
1571 940 1859 995 amandata

292 1032 625 1089 verecundia
673 1033 915 1103 quotidie
960 1032 1026 1087 ad
1069 1035 1296 1104 majora,
1328 1043 1383 1089 et
1419 1032 1737 1088 scelestiora
1780 1030 1861 1084 fa—

288 1125 485 1179 cinora
515 1126 800 1196 prolapsos
829 1140 938 1180 non
966 1134 1072 1203 est
1104 1128 1322 1181 tnirum.
1365 1124 1593 1192 Quando
1630 1134 1682 1180 et
1730 1132 1859 1178 tunc

288 1214 392 1270 ﬁlii
426 1214 517 1271 Dei
552 1215 768 1271 ﬁliabus
796 1214 1076 1270 hominum
1125 1232 1184 1271 se
1209 1217 1529 1286 junxerunt.
1564 1214 1861 1270 Posteritas

288 1308 507 1364 scilicet
535 1306 666 1363 Seth
718 1307 915 1379 pietate
947 1308 1176 1363 celebris
1211 1315 1265 1362 et
1309 1307 1419 1362 Deo
1447 1322 1658 1363 summe
1693 1306 1858 1360 chara

286 1401 653 1469 conjunxerat
684 1414 744 1456 se
798 1415 921 1455 cum
965 1400 1282 1469 posteritate
1305 1398 1459 1453 Caini
1494 1399 1658 1469 impia
1685 1407 1738 1453 et
1764 1413 1859 1452 nc-

284 1509 480 1565 quam.
513 1492 681 1576 Quasi
719 1492 926 1548 diceret
954 1492 1147 1549 iisdem
1175 1492 1470 1547 sceleribus
1516 1507 1580 1546 ac
1605 1479 1858 1546 facinori-

282 1585 397 1641 bus
426 1585 700 1654 complexa
728 1598 916 1640 eorum
950 1586 1134 1648 vitam,
1162 1600 1222 1639 se
1252 1584 1568 1648 immiscuit,
1600 1591 1653 1640 et
1684 1585 1737 1638 in
1762 1599 1856 1638 ea-

283 1677 416 1732 dem
466 1677 594 1733 vitia
625 1677 877 1748 prolapsa
909 1686 1010 1732 est.
1032 1676 1166 1732 Vide
1204 1676 1498 1733 Chronicon
1538 1676 1855 1731 Alexandri-

285 1788 441 1826 num.

364 1864 479 1919 Col.
505 1863 627 1929 752,
650 1864 744 1919 lin.
766 1863 854 1920 59.
870 1863 963 1931 Ὠς
977 1860 1091 1919 οὖν
1104 1867 1137 1918 ὁ
1149 1863 1292 1917 Νῶε.
1311 1861 1578 1932 Iosephus
1596 1861 1848 1931 Antiquit.

284 1958 386 2011 lib.
424 1973 462 2020 ι,
492 1972 612 2026 cap.
637 1957 670 2010 4
702 1977 715 2012 :
765 1957 823 2010 Ὀ
855 1957 1044 2027 Νῶχος
1075 1957 1131 2009 δὲ
1153 1960 1263 2020 τοῖς
1294 1955 1385 2009 ὑπ’
1418 1954 1593 2008 αὐτῶν
1619 1970 1852 2025 πραττο-

287 2049 474 2120 μένοις
512 2049 892 2118 δυσχεραίνων,
921 2050 1013 2103 καὶ
1052 2048 1303 2119 ἀλγηρῶς
1332 2047 1488 2117 ἔχων,
1529 2046 1739 2100 ἔπειθεν
1762 2048 1853 2101 ἐπὶ

279 2142 348 2195 τὸ
378 2143 620 2212 κρεῖττον
643 2141 738 2212 τὴν
759 2141 991 2195 διάνοιαν
1017 2139 1110 2192 καὶ
1137 2139 1235 2203 τὰς
1254 2140 1476 2210 πράξεις
1507 2138 1850 2209 μεταφέρειν.

293 2234 473 2306 Ὁρῶν
514 2234 557 2288 δ’
589 2235 688 2287 οὐκ
722 2232 1034 2295 ἐνδιδόντας.
1070 2231 1182 2285 ἀλλ’
1219 2232 1450 2303 ἰσχυρῶς
1481 2231 1585 2284 ὑπὸ
1609 2232 1707 2301 τῆς
1733 2230 1853 2302 ἡδο-

278 2327 385 2397 νῆς
416 2326 523 2380 τῶν
555 2326 739 2380 κακῶν
771 2324 1228 2397 κεκρατημένους,
1273 2325 1368 2376 καὶ
1409 2323 1591 2386 δείσας
1638 2322 1711 2393 μὴ
1756 2340 1853 2392 φο-

280 2419 549 2474 νεύσωσιν
574 2417 733 2471 αὑτὸν
758 2417 892 2489 μετᾶ
923 2416 1215 2485 γυναικῶν,
1245 2417 1339 2468 καὶ
1369 2414 1590 2476 τέκνων,
1618 2414 1712 2468 καὶ
1740 2413 1850 2467 τῶν

280 2510 499 2574 τούτοις
543 2509 820 2575 συνοίκων,
867 2507 1171 2579 ἐξεχώρησε
1216 2506 1315 2576 τῆς
1359 2506 1480 2577 γῆς.
1520 2507 1577 2559 Ὁ
1619 2506 1674 2559 δὲ
1719 2505 1850 2570 Θεὸς

280 2602 477 2658 τοῦτον
532 2601 631 2673 μὲν
676 2601 777 2672 τῆς
813 2598 1159 2669 δικαιοσύνης
1202 2598 1487 2668 ἠγάπησε·
1530 2597 1848 2663 κατεδίκαζε

278 2695 343 2748 δὲ
376 2695 477 2748 οὐκ
507 2696 679 2747 ἐκεῖνο
714 2692 870 2765 μόνον
912 2691 1009 2761 τῆς
1039 2690 1256 2753 κακίας.
1297 2688 1432 2743 ἀλλὰ
1464 2688 1557 2742 καὶ
1588 2689 1696 2742 πᾶν
1727 2688 1849 2742 ὅσον

278 2781 353 2856 ἦν
386 2783 720 2855 ἀνθρώπινον
746 2782 865 2835 τότε
894 2781 1049 2846 δόξαν
1077 2778 1224 2849 αὐτῷ
1250 2778 1553 2849 διαψθεῖραι
1579 2776 1674 2831 καὶ
1697 2776 1851 2847 ποιῆ-

283 2894 381 2931 σαι
432 2875 588 2945 γένος
635 2874 820 2946 ἕτερον
860 2871 1119 2944 πονηρίας
1157 2870 1414 2941 καθαρὸν,
1464 2869 1849 2939 ἐπιτεμόμενος

279 2969 470 3029 αὐτῶν
501 2970 591 3023 τὸν
622 2968 753 3040 βίον,
786 2968 877 3021 καὶ
907 2968 1132 3037 ποιήσας
1162 2964 1294 3018 ἑτῶν
1326 2965 1423 3035 οὐχ
1454 2964 1554 3017 ὅσα
1586 2963 1849 3034 πρότερον

278 3063 447 3127 ἔζων,
482 3061 595 3116 ἀλλ’
628 3059 819 3115 ἑκατὸν
850 3058 1072 3121 εἴκοσιν,
1119 3059 1198 3120 είς
1235 3056 1506 3110 θάλασσαν
1551 3054 1648 3127 τὴν
1692 3056 1849 3125 ἠπει-

280 3170 381 3225 ρον
416 3149 703 3221 μετείῦαλε.
730 3150 839 3205 Καὶ
859 3150 908 3202 οἱ
940 3149 1037 3219 μὲν
1064 3145 1237 3210 οὕτως
1249 3144 1602 3215 ἀφανίζονται
1629 3145 1848 3207 πάντες.

278 3241 477 3311 Νῶχος
498 3241 555 3294 δὲ
582 3240 808 3304 σώζεται
839 3238 1016 3308 μόνον,
1046 3235 1382 3307 ὑποθεμένου
1408 3234 1654 3307 μηχανὴν
1682 3234 1849 3306 αὐτῷ,

276 3334 382 3387 καὶ
426 3332 590 3403 πόρον
628 3333 762 3404 πρὸς
794 3333 1068 3403 σωτηρίαν
1100 3329 1192 3383 τοῦ
1227 3328 1363 3382 Θεοῦ
1401 3330 1674 3400 τοιαύτην.

360 3426 526 3489 lbid.,
574 3426 674 3480 lin.
723 3424 814 3479 41.
856 3426 964 3479 Kal
1017 3421 1367 3492 προστάττει
1421 3420 1599 3486 αὐτῷ.
1647 3418 1851 3474 Μοιιίιιι

280 3522 474 3591 itaque
501 3518 768 3589 jussuque
814 3516 909 3574 Dei
962 3533 1088 3572 arca
1137 3523 1418 3573 exstructa
1468 3523 1571 3571 est.
1607 3513 1852 3584 Nugatur

274 3629 420 3684 ergo
452 3611 657 3683 pseudo
692 3612 926 3667 Berosus
961 3609 1269 3674 Annianus,
1293 3610 1384 3680 qui
1410 3610 1506 3674 ait,
1540 3607 1651 3662 Noe
1674 3615 1852 3662 astro-

280 3706 445 3776 logiae
491 3703 919 3759 scientissimum
968 3717 1035 3757 ex
1086 3708 1355 3756 astrorum
1403 3699 1743 3771 inspectione
1799 3706 1851 3753 ct

276 3795 667 3851 observatione
712 3793 1030 3865 praevidisse
1066 3792 1351 3855 diluvium,
1390 3806 1491 3846 nec
1534 3790 1703 3845 tutior
1744 3788 1852 3843 An-

280 3887 416 3942 nius
447 3905 461 3940 :
495 3883 639 3939 Alibi
658 3884 968 3954 scripsimus
1000 3894 1155 3955 atque
1200 3883 1557 3954 probavimus,
1596 3882 1706 3937 lucc
1746 3881 1850 3936 duo

280 3977 448 4032 simul
488 3975 618 4030 dare
651 3974 1048 4029 inundationem
1080 3984 1339 4029 terrarum
1362 3992 1394 4028 a
1424 3974 1601 4028 causis
1632 3982 1851 4028 natura-

282 4072 428 4126 libus
451 4069 785 4139 processisse,
814 4085 944 4139 quas
972 4068 1195 4123 studiosi
1222 4070 1277 4122 in
1303 4076 1689 4121 monumentum
1714 4067 1851 4121 exci-

278 4162 497 4225 derunt,
528 4170 578 4216 et
599 4178 632 4214 a
655 4161 834 4215 divina
853 4160 1180 4230 providentia
1210 4159 1370 4214 simul
1396 4159 1461 4212 ab
1483 4167 1678 4213 wterno
1706 4157 1849 4212 ordi-

277 4263 493 4315 natam,
520 4258 577 4305 ut
604 4268 705 4321 quo
738 4251 1067 4319 potissimum
1108 4262 1334 4319 tempore
1361 4249 1592 4304 homines
1620 4247 1851 4303 demere-

1878 3097 1923 3157 C

1961 487 2354 544 trecentorum,
2388 480 2694 536 altitudinis
2728 488 2944 535 centum
2983 480 3282 551 octoginta,
3328 482 3532 539 vastis-

1961 573 2153 629 simam
2201 588 2334 630 sane
2378 573 2595 637 molem,
2645 572 2691 629 si
2740 573 2807 628 ad
2850 573 3065 629 cubitos
3101 574 3392 640 solemnes,
3428 590 3528 634 seu

1960 680 2277 721 communes
2330 664 2561 721 reducas
2604 685 2620 720 :
2676 665 2781 722 hoc
2819 674 2928 731 est,
2967 668 3133 723 duum
3186 668 3417 723 millium
3460 672 3530 726 'et

1961 756 2669 828 scptingentorumpedum
2727 758 2782 813 in
2830 758 3074 830 longum,
3104 759 3528 830 quadringento-

1959 849 2627 938 rum-etquinquaginta
2669 850 2727 906 in
2764 851 2965 915 latum;
2996 851 3224 908 altitudo
3263 852 3527 909 ducento-

1958 929 2494 1013 rum—septuaginta.
2544 942 2697 998 Hanc
2747 944 3073 1000 sententiam
3134 959 3256 999 cum
3312 944 3525 1007 Isidoro

1958 1035 2141 1090 Clario
2179 1035 2426 1106 sequitur
2459 1033 2695 1102 Delrius,
2743 1036 2869 1107 quia
2915 1035 3197 1107 profitetur
3236 1034 3520 1107 Origenes,

1958 1144 2079 1199 quae
2126 1131 2431 1185 traditurus
2478 1129 2547 1186 de
2582 1145 2708 1185 arca
2757 1131 3024 1199 majorum
3074 1130 3364 1188 traditione
3418 1134 3514 1189 ba-

1958 1221 2165 1286 buisse,
2188 1232 2238 1278 et
2265 1223 2389 1293 quia
2408 1239 2514 1277 non
2538 1223 2812 1293 displicuit
2840 1223 3128 1292 Augustin.
3151 1224 3186 1278 l.
3208 1240 3223 1278 ι
3243 1224 3445 1289 Quasi.
3464 1224 3523 1279 in

1957 1310 2085 1366 Gen.
2122 1320 2176 1366 et
2212 1314 2361 1377 alibi,
2394 1314 2484 1383 qui
2517 1313 2881 1383 objectionem
2932 1314 3078 1368 illam
3106 1315 3174 1369 de
3222 1331 3362 1370 arca:
3401 1330 3519 1369 ma-

1956 1406 2238 1477 gnitudine
2267 1417 2425 1460 vocat
2456 1406 2853 1477 ineptissimam
2881 1409 3232 1474 calumniam,
3267 1417 3323 1462 et
3357 1411 3520 1465 solvit

1958 1498 2316 1554 similitudine
2343 1500 2559 1553 urbium
2586 1500 2875 1568 majorum.
2911 1499 3029 1553 Non
3054 1500 3332 1570 displicuit
3354 1502 3517 1557 etiam

1956 1592 2259 1661 Cajetano;
2304 1599 2357 1647 et
2399 1591 2577 1647 llelrio
2609 1592 2898 1647 ridiculum
2938 1593 3174 1658 videtur,
3210 1595 3369 1648 malle
3401 1596 3520 1649 ani-

1957 1684 2160 1738 mantia
2196 1685 2251 1739 in
2296 1692 2504 1739 arctum
2561 1684 2670 1739 illic
2715 1692 2996 1755 compacta
3042 1685 3233 1751 fuisse,
3279 1694 3338 1741 ut
3369 1702 3519 1741 cum-

1961 1776 2116 1831 mode
2159 1790 2217 1830 se
2256 1791 2473 1830 movere
2513 1783 2568 1830 et
2598 1776 2799 1831 cubare
2840 1776 3153 1846 nequirent,
3186 1792 3348 1847 quam
3401 1778 3522 1834 laxe

1957 1877 2012 1927 et
2046 1869 2335 1924 salubriter
2361 1867 2576 1939 degere.

2027 1961 2186 2023 lbid.,
2224 1962 2320 2017 litt.
2361 1961 2450 2017 48.
2502 1962 2953 2031 Ἐπενεχθέντος
2990 1961 3061 2016 δὲ
3103 1962 3228 2018 τοῦ.
3274 1962 3521 2017 Maxima:

1957 2054 2104 2109 illius
2143 2050 2404 2122 aquarum
2436 2052 2832 2115 inundationis,
2867 2060 2923 2108 et
2954 2051 3270 2124 cataclysmi
3300 2053 3521 2108 univer-

1956 2146 2088 2201 salis
2130 2161 2198 2200 ex
2231 2144 2617 2200 vetustissimis
2661 2144 3027 2213 scriptoribus
3063 2144 3357 2199 meminere
3385 2144 3520 2197 Abi—

1957 2237 2153 2301 denus,
2186 2236 2422 2292 Berosus
2472 2244 2526 2293 et
2554 2236 2668 2302 alii,
2704 2253 2842 2307 quos
2872 2250 3118 2292 recenset
3145 2235 3410 2292 Eusebius
3442 2236 3519 2291 De

1954 2328 2338 2395 praparatione
2382 2326 2689 2396 evangelica
2720 2326 2814 2381 lib.
2844 2324 2921 2388 ix,
2953 2335 3008 2381 et
3046 2326 3294 2381 Cltronici
3343 2328 3517 2396 prima

1957 2428 2128 2490 parte.
2160 2419 2293 2490 Ejus
2338 2419 2640 2490 elegantem
2687 2418 3109 2490 descriptionem
3163 2420 3332 2475 habes
3371 2420 3516 2490 apud

1956 2511 2260 2568 Hanassem
2297 2513 2350 2566 in
2378 2511 2696 2576 Annalibus,
2727 2519 2780 2566 et
2806 2511 3061 2566 Basilium
3088 2509 3513 2568 Seleucicnsem.

1955 2603 2279 2658 Albumasar
2322 2618 2352 2657 a
2401 2602 2586 2657 mundi
2633 2602 2788 2656 initio
2837 2603 2902 2657 ad
2951 2602 3211 2657 diluvium
3264 2608 3518 2657 numerat

1957 2706 2130 2747 annos
2171 2692 2412 2762 integros
2461 2691 2571 2746 duo
2613 2690 2780 2744 millia
2830 2690 3098 2747 ducentos
3142 2691 3333 2761 viginti
3365 2699 3513 2745 octo.

1956 2785 2299 2849 Alliacensis,
2352 2785 2446 2840 lib.
2496 2783 2574 2837 De
2608 2782 2886 2837 concordia
2936 2784 3239 2854 astrologia’
3272 2793 3321 2839 et
3349 2784 3515 2838 histo-

1955 2877 2070 2940 riae,
2100 2876 2169 2931 ab
2205 2876 2375 2930 Adam
2416 2876 2482 2930 ad
2514 2875 2779 2930 diluvium
2806 2891 2983 2930 annos
3012 2876 3095 2930 bis
3129 2876 3275 2931 mille
3310 2876 3516 2931 ducen-

1954 2974 2041 3025 tos
2093 2967 2451 3039 quadraginta
2500 2975 2624 3023 octo
2673 2966 2917 3031 fluxisse,
2963 2967 3125 3038 idque
3175 2968 3516 3039 astrologicis

1956 3060 2268 3115 rationibus
2301 3060 2472 3129 ipsius
2514 3058 2705 3114 mundi
2739 3061 3001 3130 genitura:
3045 3060 3281 3115 themate
3310 3076 3514 3131 propo-

1956 3153 2061 3207 sito
2092 3152 2285 3205 nititur
2316 3152 2564 3221 probare.
2597 3149 2733 3204 Eum
2764 3149 2961 3204 refellit
2992 3147 3230 3206 Ioannes
3262 3148 3423 3207 Picus
3456 3152 3513 3205 in

1950 3242 2153 3297 Astrol.
2186 3232 2281 3295 lib.
2312 3258 2364 3295 v.
2411 3242 2483 3294 De
2512 3243 2596 3297 his
2642 3241 2764 3296 vide
2792 3243 2948 3312 plura
2990 3244 3130 3312 apud
3174 3243 3514 3314 chronogra-

1952 3333 2108 3406 phos.
2144 3333 2501 3404 Augustinus.
2541 3332 2633 3386 lib.
2688 3349 2821 3387 xvm
2867 3333 2944 3387 De
2980 3335 3192 3388 civitate
3219 3333 3333 3397 Dei,
3376 3351 3426 3390 c.
3454 3335 3509 3399 8,

1950 3425 2154 3480 nullam
2211 3423 2379 3478 fuisse
2411 3439 2509 3479 nec
2568 3425 2710 3494 apud
2749 3422 2989 3488 Graecos,
3051 3439 3151 3479 nec
3179 3427 3319 3494 apud
3361 3426 3512 3481 Lati-

1951 3533 2051 3573 nos
2082 3516 2244 3586 hujus
2275 3515 2462 3570 diluvii
2485 3530 2661 3584 neque
2684 3515 2954 3577 notitiam,
2979 3530 3156 3583 neque
3185 3530 3513 3571 commemo-

1949 3609 2216 3664 rationem
2274 3607 2489 3663 scribit.
2550 3605 2963 3677 Varronemque
3016 3613 3209 3661 testem
3268 3606 3508 3668 adducit.

1950 3702 2044 3773 qui
2074 3700 2298 3770 scripsit
2341 3700 2395 3753 in
2427 3699 2798 3753 monumentis
2832 3698 3135 3752 litterarum
3163 3696 3365 3751 veteris
3399 3712 3511 3750 me-

1949 3790 2159 3853 moriaa,
2188 3789 2324 3842 nihil
2372 3788 2570 3859 Ogygis
2599 3787 2824 3853 diluvio,
2875 3785 3020 3856 quod
3071 3786 3256 3842 multis
3294 3787 3512 3843 saeculis

1948 3889 2071 3951 post
2104 3879 2386 3935 Noeticum
2420 3878 2639 3941 accidit,
2666 3879 2890 3949 reperiri
2920 3880 3207 3933 vetustius.
3239 3877 3297 3932 Id
3328 3886 3508 3932 tamen

1948 3972 2133 4042 negari
2166 3973 2282 4027 sine
2306 3971 2638 4025 contumacia
2663 3970 3056 4032 Pererius,.lib.
3082 3985 3157 4024 xu
3205 3971 3260 4023 in
3298 3966 3509 4033 Genes.,

1950 4067 2025 4120 ait
2052 4080 2161 4119 nou
2191 4080 2352 4134 posse
2380 4079 2447 4119 ex
2472 4061 2690 4133 Iosephi
2727 4063 3039 4118 testimonio
3078 4063 3173 4118 lib.
3203 4078 3220 4117 t
3246 4063 3507 4133 Antiquit.

1946 4173 2070 4230 cap.
2103 4158 2138 4213 ι
2169 4177 2182 4212 :
2208 4157 2385 4227 Hujus
2434 4166 2610 4210 autent
2671 4156 2856 4209 diluvii
2898 4164 2947 4210 et
2992 4172 3130 4210 arca:
3170 4156 3514 4210 meminerunt

1948 4268 2124 4306 omnes
2155 4249 2443 4304 barbarica:
2467 4249 2701 4302 historia:
2729 4249 3032 4317 scriptores,
3066 4257 3117 4302 et
3146 4249 3199 4301 in
3232 4247 3312 4301 his
3345 4247 3509 4301 Bero-

260 4353 471 4397 Irentur
502 4344 747 4413 perirent.
777 4342 1037 4410 Quamvis
1070 4342 1215 4397 enim
1252 4340 1549 4405 Avicettna,
1578 4340 1852 4395 nonnulli-
1949 4361 2039 4399 sus
2073 4343 2375 4407 Chaldaeus,
2402 4358 2628 4396 narrans
2652 4340 2791 4395 enim
2817 4338 2881 4394 de
2906 4340 3002 4394 hoc
3027 4338 3222 4393 diluvio
3251 4339 3326 4393 sic
3346 4339 3513 4408 ferme

277 4452 394 4498 que
432 4436 523 4491 alii
563 4434 868 4491 astronomi
919 4432 1237 4498 defendant,
1287 4433 1523 4487 eﬂicacia
1563 4446 1851 4487 causarum
1881 4437 1929 4496 ι)
1953 4435 2170 4491 scribit:
2190 4453 2209 4486 ι
2234 4433 2427 4488 Fertur
2447 4443 2641 4496 autem,
2666 4443 2714 4487 et
2737 4432 2933 4502 navigii
2946 4431 3100 4499 hujus
3116 4447 3239 4500 pars
3257 4432 3308 4484 in
3327 4431 3509 4484 Arme-

272 4528 637 4592 naturalium,
669 4542 968 4596 earumque
998 4526 1049 4580 vi
1095 4524 1209 4581 fieri
1248 4538 1410 4596 posse
1450 4532 1656 4577 tantam
1680 4537 1847 4593 aqua-

273 4638 407 4677 rum
437 4620 873 4687 ell‘usionem;et
920 4617 1124 4672 Seneca
1164 4619 1257 4671 lib.
1322 4633 1381 4671 ιιι
1432 4616 1626 4670 Natur.
1658 4624 1843 4686 quiest.

274 4716 380 4774 ait,
419 4712 662 4766 futurum
695 4711 990 4781 aliquando
1024 4710 1129 4764 tale
1158 4708 1443 4776 diluvium,
1473 4718 1529 4765 et
1558 4724 1665 4764 non
1690 4724 1847 4763 secus

271 4821 448 4876 quam
472 4805 725 4869 hiemem,
749 4819 911 4875 quam
938 4811 1199 4862 testatem.
1227 4804 1342 4871 lege
1361 4802 1546 4856 mundi
1564 4816 1635 4857 ac
1656 4808 1849 4871 sponte

276 4905 599 4951 venturum.
651 4893 838 4950 Verior
876 4904 1053 4950 tamen
1099 4893 1536 4964 probabiliorque
1578 4892 1846 4948 sententia

274 4987 560 5042 contraria
588 4994 692 5042 est.
726 4985 856 5041 Eam
885 4986 1170 5042 constituit
1206 4985 1525 5040 Aristoteles
1564 4984 1658 5039 lib.
1691 5000 1708 5038 ι
1741 4982 1846 5038 Me-

278 5087 443 5139 1:07.,
475 5092 596 5146 cap.
629 5076 719 5141 l4,
758 5085 808 5132 et
834 5076 950 5130 alii.
994 5075 1244 5148 Consule,
1267 5075 1659 5133 Damascenum
1702 5075 1797 5131 lib.
1826 5090 1844 5128 ι

280 5168 441 5224 Fidei
473 5170 705 5233 orthod.,
741 5184 863 5239 cap.
894 5170 930 5225 '5

356 5258 517 5323 ιδιά..
546 5260 641 5314 litt.
671 5258 761 5314 42.
788 5257 1245 5314 Κατιισκευάσαι
1269 5259 1531 5313 κιϐωτόν.
1563 5258 1718 5313 Philo
1742 5256 1846 5314 sub

280 5355 448 5408 linem
483 5352 576 5407 lib.
628 5369 668 5407 ιι
718 5352 850 5407 Viue
882 5351 1119 5424 Moysis;
1152 5352 1421 5423 Iosephus
1453 5355 1631 5425 Antiq.
1663 5354 1757 5410 lib.
1803 5366 1843 5419 t,

278 5459 334 5499 c.
367 5441 425 5497 4.
466 5440 526 5496 In
566 5441 686 5512 ejus
715 5444 962 5512 partibus
989 5443 1337 5514 assignandis
1379 5445 1846 5501 constituendisve

277 5533 502 5587 variant
523 5532 800 5590 doctores.
830 5531 1081 5606 Origenis
1114 5535 1169 5589 in
1200 5534 1351 5589 hom.
1380 5534 1436 5598 ‘2,
1454 5536 1642 5606 opinio
1662 5536 1847 5605 exagi-

283 5633 435 5681 tatur
477 5625 640 5682 hodie
675 5626 959 5683 sentientis
1002 5626 1173 5683 fuisse
1202 5627 1417 5683 cubitos
1461 5630 1843 5697 geometricos,

283 5733 522 5792 quorum
547 5719 747 5791 singuli
774 5733 1093 5777 communes
1124 5736 1219 5777 sex
1248 5721 1565 5787 continent;
1605 5721 1843 5790 longitu-

1948 4529 2038 4582 nia
2067 4525 2205 4596 apud
2232 4534 2454 4581 montem
2489 4523 2847 4579 Corditeorum
2870 4537 3153 4591 superesse,
3178 4531 3226 4575 et
3254 4521 3505 4592 quosdam

1948 4624 2175 4677 bitumen
2221 4620 2341 4675 inde
2383 4624 2631 4673 abrasum
2689 4633 2864 4672 secum
2915 4626 3203 4684 reportare,
3256 4632 3358 4686 quo
3404 4616 3511 4669 vice

1951 4716 2167 4770 amuleti
2195 4714 2300 4768 loci
2311 4715 2425 4783 ejus
2449 4713 2681 4766 homines
2710 4709 2990 4764 utisolent.
3019 4729 3036 4761 ι
3056 4707 3295 4762 Meminit
3323 4709 3509 4762 horum

1945 4817 1995 4863 et
2024 4806 2377 4877 Hieronymus
2401 4803 2703 4874 Egyptius,
2733 4802 2821 4872 qui
2843 4802 3182 4872 antiquitates
3207 4799 3508 4855 Phoenicum

1946 4900 2176 4969 scripsit,
2215 4908 2264 4953 et
2295 4895 2565 4957 Hnaseas,
2592 4904 2641 4948 et
2688 4894 2785 4947 alii
2823 4893 3017 4962 plures.
3065 4892 3205 4957 Quin
3248 4900 3295 4946 et
3337 4889 3509 4945 Nico-

1947 4993 2064 5048 laus
2099 4991 2480 5050 Domascenus,
2509 4987 2604 5041 lib.
2655 5003 2797 5049 xcw,
2831 4985 2894 5040 de
2922 4985 3005 5039 Itis
3043 4986 3194 5038 rebus
3239 4992 3424 5037 narrat
3452 4984 3507 5036 in

1940 5086 2051 5139 lucc
2085 5083 2240 5139 verba
2271 5099 2289 5136 :
2318 5100 2337 5132 ι
2371 5080 2464 5134 Est
2489 5096 2645 5148 super
2671 5082 2930 5147 regionem
2962 5075 3264 5147 Hinyarum
3284 5089 3504 5145 magnus

1944 5191 2095 5230 mons
2128 5175 2183 5228 in
2204 5173 2476 5234 Armenia,
2507 5170 2712 5225 nomine
2740 5169 2919 5235 Baris,
2952 5169 3009 5221 in
3036 5184 3137 5239 quo
3160 5167 3353 5221 multos
3382 5180 3507 5235 pro-

1949 5268 2098 5339 fugos
2142 5265 2328 5319 diluvii
2369 5274 2595 5331 tempore
2632 5270 2862 5315 servatos
2907 5259 3102 5328 ferunt.
3133 5257 3204 5312 Et
3229 5257 3506 5329 quemdam

1948 5376 2075 5415 arca
2102 5368 2298 5412 rectum
2340 5357 2395 5409 in
2424 5354 2578 5424 hujus
2599 5354 2789 5408 vertice
2822 5352 3056 5417 hazsisse,
3081 5359 3129 5405 et
3158 5351 3408 5422 reliquias
3438 5350 3508 5405 liv-

1943 5462 2164 5520 gnarum
2209 5446 2321 5514 ejus
2364 5445 2516 5515 longo
2557 5452 2783 5511 tempore
2821 5440 3111 5505 duravisse,
3169 5442 3258 5510 qui
3308 5440 3508 5509 [ortas—-

1943 5540 2016 5593 sis
2060 5539 2104 5592 is
2138 5536 2260 5605 fuit,
2299 5533 2365 5589 de
2401 5549 2502 5604 quo
2538 5532 2698 5587 etiam
2727 5529 2937 5601 Moyses
2979 5528 3160 5585 scribit
3192 5529 3508 5586 Iuda:on

1945 5629 2232 5701 legislalor.
2270 5645 2288 5678 ι
2334 5626 2402 5680 Et
2442 5624 2662 5680 Eusebii
2722 5624 2818 5680 lib.
2880 5638 2936 5677 ts
2978 5622 3054 5678 De
3112 5624 3505 5692 preparations

1946 5720 2271 5792 evangelica,
2322 5719 2416 5789 qui
2472 5717 2654 5775 verbis
2711 5713 2931 5786 Iosephi
2987 5730 3052 5773 es
3105 5716 3362 5788 Abydeno
3414 5715 3504 5773 bi.-
