3924 6968
556 259 664 327 9ῑῖ

1923 269 2167 328 LEONIS
2205 270 2479 326 ALLATII
3631 277 3715 334 983

556 392 763 446 storico
796 389 977 446 subdit
1027 391 1284 444 nonnulla
1333 399 1387 446 et
1413 392 1596 464 Cyrilli
1631 392 2005 457 Alexandrini,
2032 392 2126 464 qui
2159 399 2203 453 Α
2231 406 2293 444 ca
2316 392 2397 446 vel
2426 389 2640 444 Latina.
2681 389 2775 445 Sin
2829 391 2985 445 etiam
3024 389 3306 453 scientias,
3323 397 3374 445 et
3405 398 3536 447 artes
3566 408 3717 456 omnes

558 479 758 534 adhoc
796 478 1137 550 probandum
1193 481 1360 536 refert
1422 484 1792 538 testimonium
1835 485 2130 540 Alexandri

559 572 934 644 Polyhistoris.
979 571 1088 628 Nec
1129 571 1284 628 Plato
1320 573 1370 627 id
1401 573 1677 644 ignorasse
1734 575 1947 631 videtur
1969 592 2036 632 ex
2065 577 2131 632 iis

559 679 679 732 quae
710 664 872 719 habet
898 664 952 718 in
979 663 1199 730 Timwo,
1228 673 1354 719 ante
1380 665 1731 734 particularia
1756 666 1962 721 diluvia
1988 667 2129 738 apud

559 756 776 811 Graecos
855 757 1187 824 celebratam
1258 757 1428 810 fuisse
1477 757 1780 825 antiquitus
1833 758 2127 811 maximam

559 848 848 916 quamdam
871 860 1136 918 aquarum
1159 848 1568 903 inundationem
1587 858 1850 920 terraeque
1871 851 2131 906 vastatio-

561 954 706 994 nem.
739 940 819 993 Ad
850 940 953 994 hoc
1000 941 1126 994 item
1161 941 1397 1011 pertinet
1437 940 1583 1011 quod
1612 940 1943 1012 Pomponius
1969 942 2126 1008 Mela,

558 1029 650 1084 lib.
686 1045 726 1094 1,
756 1045 808 1086 c.
830 1032 928 1096 2f;
958 1039 1012 1086 et
1050 1032 1256 1088 Plinius
1291 1032 1325 1087 ι.
1363 1050 1414 1096 v,
1447 1048 1498 1088 c.
1533 1034 1618 1099 15,
1653 1042 1706 1088 et
1739 1033 1980 1099 Solinus,
2005 1051 2127 1107 cap.

557 1121 662 1185 57,
715 1121 938 1192 JOppem
1000 1124 1185 1178 urbem
1242 1123 1441 1179 Iudaeae
1494 1125 1818 1180 maritimam
1850 1126 2131 1196 praedicari

559 1211 802 1265 omnium
887 1220 1046 1267 terra:
1118 1215 1332 1268 urbium
1383 1216 1810 1270 vetustissimam
1874 1218 2130 1286 credique

563 1301 732 1358 fuisse
785 1310 912 1358 ante
963 1304 1251 1360 diluvium.
1307 1303 1438 1371 Quae
1503 1313 1763 1376 praeterea
1815 1305 1883 1362 de
1927 1308 2130 1363 diluvio

561 1394 904 1449 Deucalionis
941 1393 1286 1460 Plutarchus,
1315 1398 1410 1452 lib.
1437 1397 1515 1453 De
1537 1398 1754 1452 solertia
1786 1400 1949 1454 anim.
1976 1410 2127 1456 retu-

560 1487 624 1540 lit
672 1487 738 1541 de
789 1487 1059 1549 columba,
1086 1487 1154 1541 ad
1193 1487 1474 1544 Noeticum
1525 1489 1788 1546 diluvium
1830 1492 2125 1562 pertinent.

564 1577 682 1632 Huc
712 1579 836 1632 item
869 1586 1136 1647 spectant,
1178 1595 1298 1649 quas
1319 1579 1386 1636 de
1420 1581 1625 1636 diluvio
1662 1583 1698 1636 1.
1729 1599 1744 1636 1
1777 1581 2123 1650 Hetamorph.

563 1669 788 1724 Ovidius
845 1670 1052 1725 scribit.
1084 1669 1283 1726 Verum
1335 1671 1609 1738 Pererius,
1643 1675 1734 1744 qui
1779 1685 1900 1744 post
1939 1677 2125 1745 Augu—

559 1761 688 1816 stini
731 1762 796 1816 de
833 1763 1026 1816 notitia
1057 1761 1248 1817 diluvii
1293 1764 1615 1818 sententiam
1650 1766 1952 1834 expositam
1977 1765 2127 1820 afﬁr-
2160 1745 2200 1800 Β

558 1854 724 1905 mavit
760 1851 811 1905 id
851 1868 957 1906 non
983 1868 1144 1924 posse
1167 1854 1350 1925 negari
1381 1855 1499 1910 sine
1521 1857 1884 1920 contumacia,
1919 1873 2040 1910 cum
2071 1856 2124 1910 id

558 1948 613 1994 ta
639 1957 738 1996 nen
770 1952 1024 2012 negasset
1050 1945 1404 2015 Augustinus,
1437 1961 1502 2000 ne
1531 1946 1805 2002 videretur
1832 1956 1980 2002 tanto
2008 1949 2126 2002 viro

555 2040 738 2089 notam
799 2035 1158 2090 contumacia:
1211 2036 1292 2090 vel
1340 2037 1681 2106 ignorantia,
1709 2047 1804 2093 aut
1833 2039 2125 2096 oblivionis

558 2123 799 2178 historiae
846 2125 1085 2190 inurere,
1114 2127 1264 2181 illum
1315 2143 1586 2185 excusans
1623 2130 1716 2198 ait,
1762 2133 2123 2202 Augustinum

557 2231 667 2269 non
721 2217 945 2285 praecise
987 2217 1192 2289 dixisse
1227 2220 1394 2275 nullis
1423 2221 1702 2277 historicis
1735 2232 1924 2277 notum
1953 2223 2125 2279 fuisse

555 2305 815 2360 diluvium
848 2307 981 2376 Noe,
1018 2310 1111 2364 sed
1136 2319 1345 2365 tantum
1384 2311 1556 2368 fuisse
1581 2314 1884 2384 ignoratum
1916 2331 1947 2370 a
1979 2314 2128 2372 Grae-

553 2397 637 2453 cis
667 2405 722 2454 et
763 2397 1023 2455 Romanis
1081 2402 1380 2470 historicis,
1406 2405 1541 2459 nihil
1571 2405 1638 2461 de
1679 2406 1930 2464 barbaris
1957 2408 2126 2463 histo-

557 2489 653 2545 riis
695 2491 962 2557 locutum;
1007 2499 1060 2545 et
1098 2493 1149 2546 id
1207 2509 1393 2549 verum
1443 2511 1584 2560 esse,
1633 2512 1758 2551 cum
1815 2498 1936 2554 illos
1981 2514 2123 2569 quos

557 2579 671 2649 ipse
701 2578 950 2635 Pererius
977 2583 1163 2636 citavit
1192 2583 1454 2641 barbaros
1497 2585 1666 2642 fuisse
1699 2596 1753 2642 et
1786 2604 1968 2643 rerum
1999 2591 2125 2645 bar-

557 2671 1189 2743 baricarumscriptores
1240 2685 1444 2731 certum
1493 2678 1583 2732 sit.
1636 2677 1760 2733 Haec
1821 2692 1999 2735 tamen
2029 2697 2125 2737 ex-

557 2763 773 2829 plicatio
805 2765 888 2833 pia
921 2773 1026 2830 est,
1087 2767 1211 2836 quis
1245 2768 1298 2822 id
1328 2769 1728 2839 negabit?dum
1758 2770 2121 2843 Augustinum

559 2853 629 2908 ab
668 2854 971 2924 ignorantia
1003 2856 1262 2922 defendit,
1286 2868 1339 2913 et
1367 2861 1708 2916 contumacia
1739 2879 1944 2934 suaque
1971 2864 2124 2920 laude

557 2961 665 3000 non
715 2957 885 3001 caret.
933 2947 1068 3003 Mihi
1114 2957 1295 3004 tamen
1330 2951 1398 3006 ab
1440 2952 1586 3006 omni
1628 2953 1961 3011 humanitate
1993 2957 2124 3012 alie-

560 3053 689 3090 num
734 3053 855 3094 esse
901 3039 1114 3094 videtur
1163 3041 1307 3097 serio
1365 3057 1656 3110 accusare,
1711 3062 1871 3116 quem
1911 3047 2120 3120 frigidis

2229 489 2282 537 et
2311 482 2549 548 Graecas,
2579 493 2631 537 et
2669 480 2890 537 Latinas
2933 497 3157 537 necesse
3200 484 3302 537 erit
3337 481 3716 548 aftlrma‘reg'cuin

2231 574 2296 628 de
2343 573 2451 629 illis
2502 585 2665 644 agant
2711 571 2897 627 Graece
2929 582 2982 628 et
3014 571 3207 627 Latine
3247 583 3482 629 auctores
3518 573 3717 633 Graeciet

2229 664 2442 732 Latini;
2475 681 2650 738 neque
2686 665 2815 720 talis
2849 664 3042 720 modus
3070 665 3388 720 elocutionis
3421 667 3564 721 talem
3589 669 3716 723 efficit

2231 757 2511 812 scientiam
2567 757 2650 811 vel
2687 765 2879 812 artem.
2912 755 3144 822 Quando
3188 763 3242 809 et
3270 754 3499 826 Dionysii
3526 756 3716 813 Halicar-

2229 848 2432 910 nassei,
2467 855 2522 903 et
2553 847 2739 904 Dionis
2783 847 2979 910 Cassii,
3013 855 3069 902 et
3103 846 3329 901 aliorum
3362 848 3615 903 historiam
3637 849 3718 906 Ro-

2229 955 2444 994 manam
2463 939 2704 996 Graecam
2725 956 2849 996 esse
2871 940 3283 1003 contendamus,
3298 949 3560 1010 postquam
3582 942 3718 1014 lingua

2230 1029 2414 1086 Graeca
2436 1031 2714 1085 enuntiata
2744 1037 2848 1087 est.
2879 1029 2987 1086 Res
3011 1046 3166 1100 ergo,
3193 1045 3298 1084 non
3330 1031 3565 1095 elocutio,
3592 1049 3722 1103 neque

2229 1131 2420 1178 auctor
2472 1124 2587 1194 ipse
2635 1123 2763 1176 facit
2796 1123 3087 1178 historiam
3121 1122 3280 1190 hujus
3307 1122 3476 1193 potius
3516 1124 3722 1190 nationis,

2228 1231 2390 1285 quam
2416 1215 2662 1270 alterius.
2691 1214 2856 1268 Multa
2885 1213 2950 1270 de
2982 1213 3116 1277 Deo,
3155 1215 3224 1269 de
3260 1213 3440 1268 mundi
3485 1216 3723 1278 creatione,

2228 1307 2296 1361 de
2332 1307 2665 1376 providentia
2713 1307 2917 1369 divina,
2949 1306 3016 1360 de
3049 1304 3357 1361 Christiana
3401 1307 3646 1376 religione,
3677 1308 3725 1361 de

2229 1399 2497 1452 sexcentis
2517 1399 2638 1453 aliis
2668 1398 2976 1468 philosophi
3009 1397 3306 1461 Platonici,
3330 1407 3382 1453 et
3403 1398 3616 1454 historici
3637 1415 3726 1469 pre

2229 1489 2338 1543 fani
2387 1490 2443 1544 in
2485 1491 2600 1545 suis
2642 1491 3053 1545 commentariis
3085 1489 3388 1559 prodidere,
3411 1489 3539 1559 quod
3559 1491 3618 1542 ita
3640 1506 3726 1544 ma-

2230 1580 2485 1634 nifestum
2509 1588 2594 1635 est
2625 1581 2704 1635 uti
2731 1581 3062 1650 probatione
3091 1596 3200 1634 non
3218 1587 3370 1649 egeat
3403 1598 3415 1632 :
3448 1579 3553 1633 ideo
3571 1593 3625 1632 ne
3642 1579 3722 1641 illa,

2229 1681 2281 1726 et
2329 1671 2568 1726 Grmcam
2628 1672 3056 1743 phil050phiam,
3123 1677 3178 1727 et
3225 1670 3460 1724 Graecam
3499 1671 3724 1724 historiam

2233 1762 2460 1830 illosque
2489 1759 2686 1816 Graeca:
2710 1761 3088 1832 philosOphiae,
3121 1760 3208 1815 vel
3242 1761 3473 1814 historia
3494 1759 3724 1830 scriptores

2233 1854 2403 1908 fuisse
2452 1851 2868 1917 affirmabimus,
2901 1853 3051 1908 aliud
3096 1853 3319 1908 omnino
3352 1860 3431 1908 est
3464 1853 3615 1906 alieno
3638 1868 3724 1918 ore,

2231 1947 2374 2000 aliud
2425 1946 2645 2016 proprio
2695 1946 2864 2016 loqui.
2891 1946 3110 2016 Optime
3142 1947 3322 2015 itaque
3352 1947 3646 2016 Augustinus
3669 1945 3723 1999 di-

2232 2036 2435 2090 luvium
2470 2051 2569 2091 nec
2600 2035 2808 2100 Graeca,
2842 2051 2942 2090 nec
2971 2036 3166 2090 Latina
3194 2033 3415 2088 historia
3460 2044 3722 2103 compertum

2234 2125 2405 2182 fuisse
2453 2125 2764 2186 affirmavit.
2795 2125 2921 2195 quia
2955 2126 3062 2181 etsi
3103 2126 3173 2180 de
3209 2126 3304 2180 illo
3347 2124 3630 2188 meminere,
3653 2139 3724 2179 non

2230 2234 2296 2274 ex
2327 2217 2634 2272 Grecorum
2695 2215 3132 2286 Latinorumque
3191 2215 3460 2270 historicis
3495 2214 3723 2273 thesauris.

2231 2309 2326 2366 sed
2354 2316 2702 2364 externorum
2736 2308 2888 2364 libris
2915 2307 2967 2362 id
3000 2308 3274 2373 hausere;
3305 2322 3445 2369 cum,
3466 2314 3520 2360 ut
3542 2307 3655 2360 idem
3675 2307 3723 2357 ait

2230 2402 2563 2473 Augustinus
2591 2417 2653 2455 ex
2679 2399 2941 2466 Varrone,
2967 2398 3167 2453 Latina
3199 2399 3420 2454 historia
3450 2399 3566 2452 nihil
3588 2397 3724 2451 habuit

2231 2494 2506 2564 antiquius
2533 2493 2733 2564 Ogygis
2782 2493 3005 2546 diluvio.
3040 2491 3338 2546 Possemus
3371 2491 3486 2545 item
3513 2490 3722 2546 dubitare.

2231 2601 2298 2640 an
2328 2585 2515 2640 Latina
2550 2585 2774 2641 historia
2814 2595 2867 2640 et
2889 2585 3137 2639 Romana
3161 2584 3302 2638 idem
3334 2585 3421 2638 sit.
3456 2582 3722 2653 Augustinus

2229 2678 2371 2734 enim
2413 2677 2510 2742 ait,
2543 2677 2693 2743 Quod
2722 2678 2950 2748 gentium
2980 2693 3148 2747 neque
3179 2676 3380 2739 Greca,
3411 2691 3553 2744 neque
3579 2672 3721 2726 Latina

2231 2767 2370 2821 novit
2398 2766 2643 2821 historia.
2676 2767 2742 2820 At
2769 2767 3017 2822 Pererius
3048 2767 3180 2822 dum
3209 2768 3398 2838 repetit
3426 2766 3555 2820 illius
3580 2763 3719 2828 verba,

2230 2859 2311 2912 vel
2343 2857 2516 2913 saltim
2546 2858 2890 2918 sententiam,
2940 2856 3043 2911 Sed
3074 2867 3279 2911 tantum
3304 2857 3433 2910 dixit
3463 2856 3720 2924 fuisseigno-

2231 2957 2404 3002 ratum
2443 2948 2494 3001 in
2524 2944 2742 3011 Grecis,
2773 2957 2821 3002 et
2865 2947 3120 3002 Romanis
3148 2948 3404 3011 historiis,
3436 2944 3616 3000 nihiide
3631 2945 3722 2996 bar-

2232 3040 2422 3095 baricis
2467 3039 2704 3094 historiis
2755 3042 2980 3095 locutus.
3046 3039 3128 3094 En
3183 3039 3451 3110 quomodo
3492 3054 3548 3093 ex
3578 3036 3718 3090 Latin:

557 3128 815 3199 falsisque
870 3132 1173 3188 rationibus
1230 3133 1428 3206 [postea
1473 3152 1582 3192 non
1621 3097 1759 3194 valet
1804 3097 2110 3200 defendere.

2229 3131 2478 3193 historia,
2513 3129 2759 3186 Romana
2818 3131 2959 3185 facta
2983 3139 3090 3188 est.
3127 3097 3237 3186 Sed
3266 3138 3455 3186 caetera
3484 3141 3717 3200 prosequa-

559 3219 624 3274 lJt
647 3221 791 3276 enim
822 3239 1006 3279 verum
1051 3224 1242 3290 fatear,
1269 3228 1390 3298 quis
1423 3245 1657 3300 unquam
1706 3233 1843 3288 dixit
1907 3243 1961 3290 et
1993 3237 2116 3292 Ale-

554 3314 820 3369 xaudrum
869 3315 1289 3388 Polybistorem,
1336 3331 1390 3377 et
1435 3319 1809 3394 Plutarchum,
1839 3337 1894 3382 et
1935 3327 2116 3385 Plato-

555 3420 698 3464 nem.
721 3414 774 3460 et
797 3405 1068 3472 Ovidium,
1087 3417 1140 3464 et
1162 3410 1420 3476 Plinium,
1444 3422 1499 3468 et
1529 3412 1796 3483 Solinum,
1830 3427 1884 3473 et
1923 3419 2112 3476 Melam

556 3495 816 3552 barbaros
842 3497 1028 3565 fuisse,
1059 3516 1261 3572 eosque
1295 3504 1466 3561 fuisse
1493 3522 1670 3562 rerum
1704 3510 2114 3569 barbaricarum

554 3588 891 3658 scriptores?
919 3607 1197 3663 nunquam
1233 3597 1454 3651 memini
1489 3613 1574 3654 me
1595 3600 1820 3670 legisse;
1859 3619 1958 3659 nec
1990 3615 2118 3675 puto

560 3681 613 3735 id
649 3685 810 3740 etiam
845 3685 1044 3743 litteris
1073 3688 1344 3758 proditum
1367 3689 1536 3748 fuisse
1559 3691 1796 3762 Graecos,
1816 3695 2119 3754 Romanos-

552 3790 662 3843 que
720 3775 983 3832 barbaros
1025 3778 1212 3846 fuisse.
1237 3779 1338 3846 Qui
1384 3782 1429 3837 si
1480 3783 1716 3852 barbari,
1751 3787 1874 3857 quis
1916 3787 1970 3841 in
2004 3795 2118 3844 toto

553 3878 826 3924 terrarum
860 3871 991 3926 orbe
1016 3873 1084 3927 ab
1120 3873 1225 3928 hac
1267 3889 1325 3929 se
1354 3883 1479 3928 nota
1517 3877 1807 3933 immunem
1831 3878 2120 3937 defendet?

559 3959 629 4014 Ut
659 3976 790 4032 ergo
839 3962 974 4018 falso
1039 3973 1328 4020 accusatus
1391 3967 1726 4037 Augustinus
1776 3971 2116 4041 defendatur,

552 4053 770 4108 barbari
813 4071 1036 4119 omnes.
1081 4069 1135 4114 et
1173 4057 1422 4123 Romani,
1450 4071 1502 4115 et
1525 4059 1696 4118 Graeci
1725 4064 1948 4122 erimus.
1980 4068 2121 4123 Con-

550 4155 635 4199 tra
688 4145 779 4216 jus
841 4148 1030 4218 fasque
1099 4150 1435 4220 Augustinus
1500 4159 1755 4222 tanquam
1827 4169 2120 4216 contumax

551 4246 872 4305 accusatur,
895 4250 949 4294 et
977 4247 1164 4295 contra
1190 4241 1281 4310 jus
1301 4241 1488 4314 fasque
1510 4252 1561 4299 et
1592 4244 1817 4302 Romani
1836 4290 1850 4313 ,
1869 4258 1923 4305 et
1948 4250 2120 4308 Graeci

549 4329 765 4385 liarbari
800 4331 1130 4401 judicantur.
1177 4332 1444 4401 Profecto,
1480 4337 1621 4392 dicet
1656 4341 1780 4408 quis
1810 4342 1911 4407 vel,
1938 4360 2039 4402 nos
2068 4347 2120 4400 in

2222 3239 2345 3278 mur
2380 3238 2410 3276 a
2447 3231 2634 3278 nostro
2677 3221 2925 3278 instituto
2955 3223 3185 3278 minime
3221 3223 3416 3278 aliena.

2289 3337 2406 3392 Col.
2426 3337 2547 3402 752,
2566 3337 2662 3391 lin.
2683 3337 2770 3390 48.
2789 3337 3131 3405 Ἐκαλύφθη
3147 3337 3218 3390 τὰ
3228 3333 3716 3406 ὑψηλὰπὴεορὴίιιις

2223 3432 2292 3483 ad
2325 3430 2655 3499 Autolycum,
2697 3429 2791 3484 lib.
2829 3445 2910 3493 Ill,
2943 3429 3021 3483 ait
3045 3430 3105 3482 τὸ
3124 3430 3268 3500 ὕδωρ
3300 3428 3556 3498 ὑψωθῆναι
3584 3427 3717 3478 ἐπάνω

2223 3522 2422 3584 παντὸς
2447 3521 2604 3592 ὄρους
2626 3519 2829 3591 ὑψηλοῦ
2863 3521 3260 3574 πεντεκαίδεκα
3296 3522 3494 3591 πήχεις,
3529 3527 3575 3574 et
3604 3516 3716 3570 Albi-

2223 3629 2348 3677 nus,
2386 3613 2586 3678 Quwst.
2627 3614 2682 3666 in
2715 3610 2924 3677 Cenem,
2957 3612 3064 3667 hoc
3115 3612 3231 3668 fieri
3264 3613 3496 3682 potuisse
3518 3610 3715 3668 afﬁrmat,

2222 3709 2469 3777 quamvis
2516 3705 2583 3761 ad
2608 3705 2753 3760 illam
2787 3714 2992 3776 partem
3023 3705 3172 3760 aeris
3195 3705 3504 3776 pervenerit,
3529 3703 3574 3756 in
3597 3714 3715 3770 quam

2223 3816 2323 3855 nec
2346 3809 2535 3854 ventus
2561 3798 2836 3860 invadere.
2857 3798 3154 3854 nec’nubes
3181 3799 3492 3854 condensari
3513 3805 3713 3868 possunt:

2226 3891 2286 3946 Si
2323 3900 2463 3944 terra
2507 3892 2733 3960 spatium
2780 3890 2925 3944 illius
2977 3890 3258 3960 tranquilli
3293 3890 3487 3945 mlieris
3535 3884 3717 3942 inradm

2223 3989 2408 4048 potest,
2441 3997 2536 4033 cur
2566 3997 2668 4034 non
2701 3989 2749 4033 et
2781 3995 2918 4048 aqua
2950 3979 3272 4036 crescendo?
3307 3978 3433 4034 Sunt
3465 3989 3608 4032 tamen
3632 3975 3714 4045 qli-

2225 4072 2368 4135 dam,
2405 4072 2492 4142 qui
2513 4080 2696 4141 putant
2739 4087 2830 4125 nec
2859 4081 3010 4125 terra:
3051 4072 3459 4141 inmqualitatem
3487 4071 3713 4132 talem,m

2226 4165 2479 4216 montium
2535 4162 2868 4217 altitudinem
2921 4173 3128 4217 tantam
3174 4175 3295 4218 ante
3334 4165 3564 4218 diluvium
3597 4161 3712 4230 {uitae

2225 4252 2359 4305 sicut
2402 4268 2537 4305 nunc
2581 4261 2679 4306 est.
2714 4251 2910 4307 Verum
2951 4253 3463 4324 philosophicarum,
3492 4269 3545 4308 ac
3580 4265 3710 4306 rerum

2227 4345 2726 4398 mathematicarum
2753 4347 2926 4415 perito
2959 4346 3184 4402 minime
3215 4349 3327 4402 haec
3354 4348 3590 4404 sententia
3614 4343 3712 4397 arri-

549 4424 778 4480 lcctione
801 4433 1083 4480 auctorum
1115 4426 1205 4497 qui
1243 4429 1310 4484 de
1346 4429 1550 4485 diluvio
1585 4433 1746 4487 verba
1785 4435 1982 4504 fecere,
2019 4457 2122 4496 ca‘.
2160 4461 2202 4519 ο
2229 4435 2396 4490 debit.
2427 4433 2687 4502 Quamvis
2712 4439 2854 4491 enim
2889 4437 2972 4492 his
3000 4441 3340 4510 temporibus
3387 4451 3572 4495 montes
3594 4438 3710 4490 altio-

548 4517 824 4582 cutimus;
867 4520 951 4573 vel
988 4519 1326 4589 Augustinus
1379 4522 1536 4576 aliter
1577 4539 1640 4578 ac
1693 4541 1780 4580 res
1816 4539 1932 4583 erat
1962 4548 2128 4607 expo-

549 4611 677 4671 suit,
710 4612 804 4680 qui
859 4619 1047 4666 contra
1099 4613 1263 4667 sentit
1310 4621 1363 4668 et
1409 4615 1590 4685 lapsus
1627 4626 1730 4681 est,
1781 4620 2021 4682 historia:
2067 4642 2123 4685 et

547 4702 896 4771 antiquitatis
915 4711 1009 4756 aut
1039 4703 1273 4768 inscitia,
1305 4713 1398 4759 aut
1421 4707 1712 4767 oblivione.
1746 4711 2118 4788 Nequaquam.

546 4789 792 4861 Namque
847 4791 1185 4862 Augustinus
1243 4794 1318 4846 ait
1380 4795 1433 4848 id
1489 4812 1598 4850 non
1660 4800 1882 4858 novisse
1944 4822 2123 4877 neque

547 4883 815 4946 Grmcam,
849 4901 1022 4954 neque
1039 4883 1284 4938 Latinam
1313 4887 1616 4953 historiam,
1635 4893 1778 4960 quod
1804 4910 1993 4951 verum
2015 4910 2120 4962 est,

546 4989 594 5030 et
627 4977 829 5032 rationi
864 4977 1186 5047 veritatique
1216 4979 1457 5034 historia:
1483 4993 1944 5052 consentaneum;
1979 5006 2122 5046 nun-

551 5084 715 5137 quam
753 5070 897 5122 cnim
933 5069 1163 5125 historia
1204 5072 1317 5127 sive
1339 5073 1542 5135 Graeca.
1571 5078 1686 5134 sive
1717 5079 1909 5136 Latina
1943 5099 1971 5138 a
2007 5086 2122 5141 suis

557 5163 920 5232 scriptoribus
962 5166 1333 5221 monumentis
1371 5168 1638 5237 publicis,
1681 5173 1795 5229 sive
1840 5175 2120 5232 hominum

556 5255 851 5310 traditione
910 5255 961 5310 id
1013 5256 1227 5321 habuit,
1280 5257 1560 5314 Noeticum
1621 5262 1882 5319 diluvium
1931 5266 2116 5322 fuisse.

564 5349 777 5404 Recens
839 5357 923 5404 est
969 5357 1022 5404 et
1064 5349 1280 5420 juvenis
1332 5350 1560 5408 historia
1587 5353 1893 5411 Graecorum
1933 5365 1987 5413 et
2022 5357 2123 5412 La-

548 5439 824 5505 tinorum;
865 5441 1306 5509 antiquissimum
1337 5440 1620 5499 Noeticum
1646 5444 1932 5510 diluvium,
1963 5449 2037 5502 ita
2063 5456 2122 5502 ut

553 5530 677 5595 ejus
722 5532 982 5585 memoria
1026 5532 1368 5588 traditionem
1405 5549 1619 5591 omnem
1647 5537 1888 5607 effugiat.
1923 5538 2122 5595 Habuit

555 5621 702 5675 illius
746 5621 995 5676 notitiam
1033 5621 1382 5679 Hebraeorum
1431 5627 1658 5683 historia
1698 5628 1996 5699 Scriptum
2031 5648 2121 5686 sa-

552 5727 660 5770 cra:
689 5714 1056 5770 monumentis
1087 5731 1353 5787 nusquam
1382 5727 1559 5776 tamen
1594 5731 1675 5777 est
1705 5722 1931 5778 historia
1969 5723 2122 5780 Grae-

2233 4541 2317 4579 res
2349 4525 2732 4588 concedamus,
2763 4541 2869 4580 non
2913 4533 3094 4581 tamen
3136 4540 3448 4599 sequeretur
3489 4539 3596 4582 tunc
3622 4522 3709 4577 alti-

2226 4617 2472 4672 tudinem
2525 4620 2790 4672 montium
2829 4634 2934 4674 non
2992 4621 3165 4676 fuisse
3213 4623 3574 4686 tantam,sicut
3604 4629 3707 4672 nunc

2224 4711 2486 4764 cernitur.
2529 4708 2816 4779 Nunquam
2875 4713 3018 4766 enim
3067 4724 3356 4769 creverunt
3398 4723 3597 4769 montes.
3635 4724 3706 4764 nec

2225 4803 2279 4856 in
2332 4803 2590 4872 majorem
2621 4805 2959 4860 altitudinem
2985 4822 3046 4861 se
3075 4821 3382 4875 erexerunt,
3409 4811 3549 4863 etiam
3574 4806 3608 4859 si
3636 4818 3707 4856 su-

2223 4895 2508 4952 blimiores
2539 4897 2820 4962 videntur;
2844 4897 3076 4952 vallibus
3102 4899 3245 4953 enim
3276 4899 3329 4953 in
3359 4901 3506 4954 imum
3528 4893 3704 4953 effossis.

2225 4993 2373 5040 terra
2405 4988 2714 5043 labentibus
2753 4987 2910 5058 aquis
2945 4989 3267 5044 decurrente
3296 4999 3386 5043 aut
3410 4991 3549 5044 etiam
3566 4983 3704 5038 ﬂuvia-

2226 5075 2390 5137 libus,
2417 5063 2626 5131 montes
2658 5076 2880 5132 altiores
2904 5087 3219 5148 assurgunt,
3251 5094 3358 5133 non
3385 5077 3516 5148 quod
3551 5068 3701 5142 aliquid

2224 5166 2332 5222 illis
2369 5167 2436 5222 de
2483 5183 2624 5222 novo
2662 5167 2734 5222 sit
2773 5168 3113 5236 adiunctum,
3143 5176 3236 5225 sed
3261 5170 3384 5240 quia
3415 5171 3464 5223 in
3487 5164 3701 5221 lateribus.

2226 5261 2310 5316 vel
2342 5260 2450 5313 ima
2479 5265 2631 5329 parte
2661 5260 2877 5330 aliquod
2907 5268 2992 5316 est
3018 5262 3338 5326 detractum,
3373 5268 3425 5316 et
3454 5273 3566 5314 sane
3586 5267 3699 5310 mon-

2222 5362 2307 5409 tes
2345 5355 2450 5425 ipsi
2488 5353 2732 5424 quotidie
2771 5363 3076 5425 temporum
3125 5354 3376 5411 edacitati
3426 5350 3610 5408 obnoxii
3633 5344 3699 5401 dc-

2223 5455 2498 5502 crescunt.
2529 5445 2864 5500 Fabulantur
2883 5446 3077 5510 Judaei,
3101 5448 3180 5518 0g
3212 5461 3380 5518 regem
3402 5444 3554 5498 Basan
3577 5438 3698 5494 fuisse

2223 5555 2288 5596 ex
2337 5539 2645 5610 gigantibus
2687 5539 2826 5605 illis,
2853 5539 2920 5594 de
2945 5541 3146 5611 quibus
3174 5540 3365 5595 dicitur
3400 5536 3513 5592 Gen.
3542 5546 3639 5592 vui,
3661 5529 3699 5580 in

2223 5631 2494 5687 altissimo
2528 5637 2710 5686 monte
2752 5631 3165 5697 consistentem,
3214 5630 3440 5688 evasisse
3472 5623 3698 5681 diluvium.

2225 5722 2466 5792 illudque
2495 5722 2726 5793 probant
2739 5738 2804 5778 ex
2821 5739 2885 5779 eo
2900 5724 3044 5793 quod
3069 5723 3291 5780 habetur
3309 5721 3442 5776 Deut.
3467 5733 3514 5771 ιιι
3539 5734 3550 5769 :
3580 5712 3698 5767 Solus
