3952 6204
227 224 330 283 98‘)

1266 224 1336 280 IN
1375 225 1750 282 EUSTATHII
1788 226 2261 284 HEXAEMERON
2296 229 2504 286 NOTE

3364 238 3472 300 990

226 343 307 412 09
337 343 604 396 restiterat
633 340 697 396 tle
722 343 884 412 stirpe
910 342 1199 412 gigantum.
1229 311 1296 397 Et
1330 344 1450 402 falsi
1483 355 1792 418 arguuntur
1828 352 1862 404 Α
1899 349 2081 402 feriret
2118 350 2169 402 iu
2204 349 2381 404 fzonte
2438 350 2667 420 accepit.
2727 351 3082 406 Percussimxe
3130 353 3230 408 hac
3288 352 3472 412 furore

222 433 636 506 Thalmudistaa,
669 433 760 504 qui
813 432 1022 499 dicunt,
1075 434 1342 490 diluvium
1386 451 1496 491 non
1547 439 1798 508 attigisse

222 532 468 581 montem
519 523 674 587 Sion,
717 526 820 581 hoc
881 526 998 581 solo
1047 542 1368 599 argumento
1416 529 1562 599 quod
1610 544 1796 584 semen

222 618 508 689 gigantum
554 620 832 674 inventum
877 621 946 675 sit
973 629 1097 689 post
1129 621 1394 676 diluvium
1427 623 1482 676 in
1513 623 1632 675 loco
1657 637 1799 692 prae-

221 712 392 767 dicto.
415 711 570 766 Plato
594 713 648 766 in
683 712 898 777 Timaeo,
917 723 969 767 et
990 713 1261 770 Diodorus
1279 713 1500 769 Siculus
1518 714 1794 778 Biblioth.,

221 806 318 861 lib.
353 822 428 870 νι,
472 808 541 862 ab
585 807 686 861 hac
731 808 998 862 sententia
1039 807 1294 862 videntur
1333 809 1651 871 abhorrere,
1702 809 1797 863 sed

221 897 388 952 iidem
421 897 477 952 in
517 913 576 952 re
599 913 662 951 ac
696 899 919 952 materia
947 897 1188 962 diversa,
1218 899 1472 968 quamvis
1503 899 1558 952 in
1583 898 1796 953 caeteris

220 987 350 1044 falsi
399 990 768 1064 consentiunt.
804 988 1052 1044 Tradunt
1109 990 1253 1045 enim
1300 999 1544 1061 tempore
1587 989 1796 1056 diluvii,

220 1097 413 1153 magos
449 1081 783 1152 confugisse,
817 1083 1219 1153 nonnullosque
1249 1082 1385 1138 alios
1429 1081 1649 1154 IEgypti
1698 1097 1796 1152 po-

221 1174 381 1244 pulos
408 1174 462 1227 in
493 1174 622 1243 juga
654 1175 920 1229 montium
960 1174 1144 1244 ibique
1167 1183 1517 1229 monumenta
1544 1173 1798 1229 recondi-

219 1265 448 1321 tissimze
493 1265 985 1336 vetustissimusque
1026 1266 1353 1321 eruditionis
1387 1281 1615 1338 quaeque
1645 1280 1796 1320 com-

219 1367 491 1428 portasse,
532 1373 954 1428 asservasseque
988 1360 1043 1412 in
1078 1360 1307 1427 gratiam
1338 1366 1391 1413 et
1423 1373 1581 1412 usum
1609 1356 1796 1410 mundi

218 1450 558 1519 superstitis.
613 1450 740 1506 Inde
793 1459 979 1522 postea
1030 1451 1275 1509 inferunt
1316 1465 1346 1503 a
1413 1450 1584 1520 magis
1631 1448 1799 1520 Egy-

217 1541 462 1610 ptiisqne
500 1540 722 1597 Graecia:
753 1544 970 1612 p0pulis
1004 1542 1431 1598 communicata.
1456 1539 1588 1606 Quae
1615 1541 1796 1594 omnia

214 1632 470 1702 quamvis
517 1639 720 1687 temere
766 1632 1128 1696 aflirmentur,
1198 1633 1300 1687 hos
1365 1633 1564 1702 tamen;
1597 1638 1796 1685 aucto-

216 1738 308 1780 res
352 1723 547 1793 lepidis
589 1723 740 1779 hisce
785 1723 1004 1779 fabellis
1066 1722 1198 1777 illud
1261 1722 1510 1777 innuisse
1582 1729 1793 1777 certum

217 1823 306 1868 est
350 1832 364 1868 :
402 1828 432 1866 a
463 1812 789 1882 quibusdam
835 1821 890 1867 et
938 1813 1137 1882 pietate
1197 1820 1253 1866 et
1299 1810 1606 1866 eruditione
1663 1825 1798 1864 con-

215 1905 430 1976 spicuis
473 1904 609 1959 viris
657 1911 777 1958 arte
825 1904 1062 1973 quadam
1103 1903 1395 1957 multarum
1439 1901 1795 1958 scientiarum

211 1996 522 2064 methodos,
563 1998 820 2060 rationes,
853 1997 1114 2066 variaque
1163 1997 1535 2067 experimenta
1585 1996 1791 2053 futuris

211 2087 549 2152 hominibus,
579 2086 648 2140 ab
689 2086 938 2142 eluvione
969 2086 1064 2140 illa
1108 2100 1375 2156 aquarum
1411 2102 1791 2144 conservasse.

209 2177 353 2233 Illud
380 2179 436 2232 in
469 2179 554 2234 his
585 2177 842 2234 omnibus
880 2193 1066 2234 verum
1098 2186 1202 2239 est.
1231 2193 1422 2234 omnes
1447 2181 1791 2235 summitates

207 2271 504 2332 montium,
536 2276 596 2323 ut
635 2270 831 2325 divinae
875 2271 1098 2325 tradunt
1126 2271 1366 2333 Litterae,
1386 2279 1534 2325 certa
1557 2271 1790 2341 quadam

207 2369 479 2426 aquarum
521 2369 774 2409 mensura
825 2363 1111 2425 coopertas
1139 2396 1153 2420 ,
1200 2371 1296 2426 per
1331 2355 1384 2410 id
1419 2356 1652 2425 spatium
1682 2369 1791 2425 quo

204 2447 434 2500 duravit
468 2446 729 2502 diluvium
766 2447 868 2500 sub
897 2446 1052 2517 aquis
1084 2446 1332 2512 latuisse,
1354 2463 1455 2502 nec
1486 2447 1789 2504 audiendus

203 2539 528 2610 Cajetanus,
560 2541 650 2611 qui
675 2547 828 2610 putat
874 2541 1106 2595 vertices
1137 2541 1351 2610 aliquos
1377 2541 1644 2595 montium
1679 2555 1788 2594 non

206 2635 388 2688 fuisse
425 2643 645 2704 Opertos
679 2633 836 2702 aquis
878 2631 1088 2693 diluvii,
1125 2649 1226 2688 nec
1260 2633 1364 2687 hoc
1403 2632 1678 2687 adversari
1707 2631 1791 2686 di-

206 2728 356 2781 vinae
388 2724 718 2794 Scriptum;
742 2724 1017 2795 quomodo
1043 2723 1095 2778 id
1119 2725 1354 2794 potuerit
1381 2741 1504 2780 esse
1530 2725 1785 2796 explicat,

204 2825 264 2872 ct
325 2826 453 2871 ante
501 2815 818 2886 Cajetanum
871 2815 1118 2869 nonnulli
1173 2815 1228 2870 id
1288 2814 1634 2870 afﬁrmarunt
1686 2831 1786 2872 eos

206 2918 451 2970 montes,
497 2921 729 2976 quorum
783 2906 1016 2960 altitudo
1049 2903 1281 2962 'excedit
1331 2907 1510 2962 locum
1558 2923 1788 2978 genera-

207 2999 381 3054 tionis
430 2998 687 3052 imbrium
724 2998 840 3054 sive
875 2999 1106 3052 mediam
1143 3001 1419 3070 regionem
1475 3001 1642 3066 aeris,
1676 3016 1784 3055 non
1814 3037 1857 3094 ο

207 3090 387 3148 fuisse
417 3097 657 3159 opertos,
684 3104 809 3144 cum
862 3089 1123 3143 diluvium
1179 3080 1496 3160 generatum
1527 3106 1558 3145 a
1588 3091 1789 3162 pluvdis

206 3197 322 3237 non
369 3181 606 3251 potuerit
635 3181 939 3234 increscere
972 3195 1140 3250 supra
1171 3180 1352 3235 locum
1399 3180 1492 3236 ubi
1523 3197 1790 3253 generan-

207 3283 304 3327 tur
330 3272 546 3342 pluvize.
579 3271 729 3324 l-lanc
754 3270 1065 3340 opinionem
1091 3270 1429 3340 Augustinus
1460 3285 1790 3326 commemo-

206 3371 318 3428 rat,
344 3371 398 3417 et
437 3361 657 3424 refellit,
695 3360 731 3414 l.
763 3376 832 3414 xv
862 3358 941 3415 De,
966 3360 1176 3413 civitate
1209 3359 1330 3424 Dei,
1353 3375 1472 3430 cap.
1504 3361 1572 3414 27
1601 3379 1614 3416 :
1642 3361 1786 3431 Opi-

207 3463 413 3509 nantur
445 3453 659 3524 quidam
679 3491 695 3516 ,
725 3461 836 3504 tam
871 3469 1117 3522 magnum
1148 3453 1262 3521 ﬁeri
1296 3470 1399 3507 non
1452 3455 1683 3523 potuisse
1708 3455 1792 3509 di-

207 3547 433 3610 luvium,
463 3557 521 3600 ut
556 3545 846 3599 altissimos
881 3555 1080 3599 montes
1103 3547 1396 3616 quindecim
1425 3548 1614 3601 cubitis
1652 3565 1792 3619 aqua

207 3638 490 3697 crescendo
547 3639 952 3701 transcenderet,
1003 3648 1213 3707 propter
1279 3635 1490 3710 Olympi
1545 3643 1790 3696 verticem

207 3732 434 3796 montis,
464 3748 625 3800 supra
679 3748 830 3800 quem
892 3731 1224 3800 perhibentur
1259 3722 1436 3786 'nubes
1487 3750 1589 3788 non
1632 3750 1789 3804 posse

206 3825 590 3888 conscendere;
619 3835 676 3879 ut
698 3842 799 3879 non
826 3823 897 3878 ibi
924 3825 993 3878 sit
1023 3841 1114 3878 aer
1138 3824 1236 3879 iste
1257 3827 1490 3880 crassior
1522 3828 1611 3880 ubi
1631 3830 1787 3894 venti,

208 3919 745 3991 nebulae,imbresque
771 3919 1081 3991 gignuntur,
1117 3935 1208 3975 nec
1241 3921 1537 3988 attendunt,
1560 3924 1790 3976 omnium

205 4015 588 4068 elementorum
616 4013 1006 4066 crassissimum
1051 4023 1247 4067 terram
1284 4014 1358 4066 ibi
1397 4031 1510 4068 esse
1537 4017 1787 4084 potuisse.

205 4112 292 4164 An
329 4109 465 4180 forte
512 4118 692 4180 negent
717 4125 828 4163 esse
858 4109 994 4162 hanc
1025 4118 1219 4163 terram
1267 4111 1508 4164 verticem
1559 4112 1790 4168 montis?

206 4202 321 4258 Cur
376 4203 538 4273 igitur
591 4218 752 4266 usque
796 4200 863 4254 ad
893 4201 987 4254 illa
1020 4202 1136 4255 caeli
1167 4203 1337 4271 spatia
1362 4204 1522 4258 terris
1559 4205 1790 4260 exaltari

205 4297 444 4358 licuisse,
495 4305 543 4350 et
595 4296 746 4357 aquis
775 4294 1008 4348 exaltari
1040 4312 1143 4349 non
1184 4296 1397 4350 licuisse
1434 4297 1783 4363 contendunt,

1901 446 2064 507 atque
2101 441 2180 495 ira
2208 441 2291 494 leo
2313 441 2540 507 exarsit,
2570 449 2624 494 et
2653 442 2872 510 spiravit
2911 441 3272 510 vehementer,
3310 454 3370 500 ut
3403 461 3474 501 ex

1896 532 2015 600 ejus
2053 549 2188 588 naso
2221 542 2376 588 catus
2410 535 2672 604 prodierit
2699 535 2928 589 soricem
2957 536 3254 592 devorans!
3284 539 3328 591 0
3360 537 3474 594 Ma-

1898 623 2245 678 hnmctanam
2279 627 2636 696 elegantiam!
2667 641 2699 680 ο
2725 629 2936 680 arcam!
2964 643 2996 681 o
3051 644 3248 684 numen
3287 629 3472 684 Mabu-

1898 717 2058 770 metis
2113 719 2477 771 stercoreum!
2511 733 2545 771 ο
2575 720 2984 787 percussionem
3017 720 3190 776 leonis
3230 729 3338 774 tam
3364 722 3470 775 uti—

1899 807 2038 859 lem!
2073 822 2106 860 ο
2135 816 2317 861 catum
2350 809 2417 863 de
2463 810 2699 864 humano
2721 826 2918 880 genere
2952 811 3088 866 bene
3122 814 3408 867 meritum!
3437 829 3471 868 ο

1897 912 2131 966 nequam
2188 899 2445 963 soricem,
2493 901 2810 982 nequiorem
2851 901 3474 972 elephantum,nequis-

1897 991 2095 1046 simum
2129 992 2220 1063 qui
2260 993 2376 1048 hinc
2430 995 2605 1063 audit,
2633 1003 2688 1051 et
2737 997 2934 1064 credit,
2989 1013 3090 1053 nec
3147 1009 3474 1068 aspernatur

1897 1083 2010 1148 liri,
2050 1085 2140 1138 liri

1965 1226 2082 1280 Col.
2136 1226 2257 1290 755,
2311 1227 2408 1282 lin.
2459 1227 2506 1282 Ι.
2556 1230 2662 1294 Εἰς
2689 1226 2878 1297 ἄκραν
2910 1230 3041 1284 τινὰ
3077 1231 3272 1301 ὅρους.
3315 1233 3471 1292 Mons

1897 1335 2062 1389 super
2089 1335 2249 1389 quem
2287 1321 2490 1375 resedit
2521 1336 2670 1386 arca,
2710 1324 2862 1378 varie
2893 1323 2962 1378 ab
2992 1328 3309 1383 auctoribus
3353 1337 3467 1383 tra-

1896 1411 2342 1467 diturzlierosus
2391 1411 2678 1468 Chaldaeus
2709 1415 2852 1483 apud
2895 1413 3214 1484 JOsephum,
3289 1418 3465 1490 Antiq.

1899 1503 1994 1559 lib.
2042 1520 2081 1566 ι,
2157 1504 2393 1574 appellat
2445 1513 2684 1558 montem
2749 1505 3168 1576 Gordyaeorum;
3216 1505 3469 1564 Nicolaus

1898 1595 2269 1652 Damascenus
2323 1597 2569 1651 nominat
2619 1595 3020 1654 Barim.Verba
3049 1598 3267 1671 Joseplii
3309 1615 3470 1673 supe-

1829 1697 1867 1751 B
1896 1688 2010 1743 rius
2035 1689 2446 1758 exscripsimus,
2478 1697 2532 1744 et
2563 1705 2628 1744 ex
2658 1705 2722 1743 eo
2762 1689 3003 1746 Zonaras
3031 1691 3226 1746 Annal.
3259 1701 3390 1748 tom.
3425 1693 3468 1749 Ι.

1897 1781 2006 1837 Cur
2053 1789 2234 1836 autem
2273 1781 2596 1836 Ambrosius
2648 1797 2771 1836 eum
2829 1782 3178 1852 appellaverit
3234 1796 3466 1840 montem

1897 1873 2178 1940 Quadrati,
2211 1871 2462 1928 Pererius
2499 1874 2644 1927 nulla
2674 1874 2988 1944 conjectura
3049 1877 3131 1932 vel
3158 1880 3469 1949 suspicione

1895 1983 1954 2022 se
1992 1982 2150 2038 posse
2181 1967 2444 2038 attingere
2478 1967 2672 2021 scribit
2703 1967 2798 2021 lib.
2833 1984 2929 2022 xm
2977 1969 3031 2022 in
3057 1968 3240 2024 Cenes.
3265 1971 3468 2027 Textus

1893 2068 2074 2115 tamen
2119 2059 2419 2129 Scriptura:
2477 2058 2718 2124 Graecus,
2773 2068 2827 2116 et
2882 2059 3141 2117 Hebraeus
3198 2065 3469 2133 expressit

1892 2151 2107 2216 Ararat,
2141 2155 2286 2223 quod
2321 2151 2382 2206 Ι).
2416 2150 2780 2224 Hieronymus
2819 2153 2894 2206 ait
2951 2153 3263 2208 Armeniam
3296 2170 3416 2209 esse
3448 2173 3465 2210 :

1895 2251 2025 2298 sunt
2061 2251 2277 2298 montes
2301 2242 2593 2315 Armeniae,
2614 2251 2666 2298 et
2687 2259 2814 2314 pars
2834 2241 3020 2306 Tauri,
3042 2246 3134 2315 qui
3156 2245 3305 2298 varia
3330 2245 3464 2300 locis

1891 2331 2122 2388 diversis
2149 2333 2372 2387 nomina
2400 2333 2633 2402 accepit.
2662 2332 2999 2402 Epiphanius
3031 2334 3082 2387 in
3107 2333 3342 2389 Panario
3365 2336 3464 2390 has

1891 2439 2082 2481 omnes
2113 2424 2396 2480 nominum
2431 2425 2779 2482 diversitates
2813 2427 3312 2494 conciliat,dicens,
3341 2437 3464 2503 post

1890 2519 2148 2573 diluvium
2176 2519 2707 2590 requievisse_'arcam
2741 2517 2852 2574 Noe
2885 2520 2939 2573 in
2960 2521 3236 2577 montibus
3264 2523 3460 2578 Ararat

1891 2610 2034 2681 (esse
2083 2611 2480 2683 Septuaginta),
2533 2611 2728 2667 mediis
2778 2615 2920 2666 inter
2968 2614 3350 2668 Armeniorum
3406 2625 3464 2669 et

1889 2703 2268 2775 Cardyzeorum
2321 2703 2452 2758 lines
2499 2702 2643 2773 (esse
2685 2701 2968 2774 Vulgatam
3015 2706 3358 2772 versionem,
3409 2715 3465 2763 et

1887 2794 2122 2851 Chaldmi
2143 2794 2544 2866 paraphrasin),
2562 2796 2613 2848 in
2633 2803 2816 2850 monte
2831 2795 3010 2851 Lubar
3028 2799 3313 2868 appellato,
3334 2813 3466 2854 ecce

1887 2889 2030 2958 quod
2071 2888 2442 2943 Damascenus
2473 2888 2732 2957 prodidit,
2767 2889 2825 2943 ἐν
2850 2891 2958 2954 τοῖς
2989 2889 3138 2962 ὄρεσι
3172 2894 3284 2956 τοῖς
3310 2895 3465 2964 Ἀρα-

1891 2980 1989 3052 ρὰτ
2041 2979 2312 3050 ἀναμέσον
2353 2981 2654 3050 Ἀρμενίων
2713 2981 2808 3034 καὶ
2850 2982 3205 3053 Καρδυαίων,
3268 2985 3324 3037 ἐν
3382 2983 3464 3052 τῷ

1891 3072 2107 3144 Λουϐὰρ
2136 3072 2250 3144 ὄρει
2277 3072 2611 3144 καλουμένῳ.
2639 3073 2937 3144 Procopius
2973 3094 2985 3129 :
3020 3075 3219 3128 Ararat
3259 3075 3460 3129 medius

1883 3163 2025 3239 inter
2057 3162 2382 3226 Armeniam,
2404 3171 2454 3214 et
2487 3160 2762 3214 Part/tiam
2791 3163 3024 3215 excurrit
3066 3180 3241 3217 versus
3273 3165 3464 3217 Adra—

1891 3253 2136 3308 benarum
2167 3254 2446 3324 regionem.
2481 3250 2745 3323 Sibyllina
2769 3254 2987 3307 oracula
3025 3255 3118 3309 lib.
3157 3270 3334 3326 1,.pro
3358 3255 3462 3309 Ar-

1889 3346 2068 3402 menia
2097 3345 2386 3416 Phrygiam
2435 3344 2735 3400 obtrudunt
2769 3361 2784 3410 ;
2815 3345 3010 3400 falsum
3065 3347 3226 3416 plane
3252 3386 3266 3410 ,
3300 3354 3360 3401 ut
3406 3355 3463 3402 et

1890 3438 2021 3493 illud
2059 3438 2201 3508 quod
2249 3438 2430 3492 subdit
2476 3438 2670 3493 eadem
2710 3436 2949 3510 Sibylla,
3005 3454 3064 3494 se
3111 3454 3232 3494 cum
3264 3442 3462 3496 marito

1891 3544 1991 3585 suo
2025 3530 2081 3583 in
2110 3543 2238 3583 arca
2271 3528 2537 3583 inclusam
2568 3526 2754 3583 fuisse.

1957 3661 2129 3726 lbid.,
2175 3661 2272 3716 lin.
2311 3660 2361 3716 5.
2401 3661 2507 3716 Kal
2547 3661 2620 3715 τὰ
2662 3662 2944 3731 λείψανα.
2997 3661 3329 3733 Theophilus
3390 3663 3460 3718 ad

1889 3754 2224 3823 Autolycum,
2266 3752 2359 3810 lib.
2395 3769 2454 3806 ιιι
2489 3772 2501 3806 :
2535 3748 2642 3817 'H;
2674 3753 2905 3807 κιϐωτοῦ
2937 3753 3006 3808 τὰ
3039 3754 3264 3825 λείψανα
3296 3753 3461 3826 μέχρι

1888 3847 1989 3917 τῆς
2013 3847 2170 3918 δεῦρο
2192 3845 2462 3899 δείκνυται
2488 3840 2625 3898 εἶναι
2649 3847 2706 3899 ὲν
2732 3847 2844 3908 τοῖς
2857 3846 3131 3917 Ἀραδίοις
3152 3846 3320 3918 ὄρεσι.
3351 3845 3459 3902 Ζο-

1889 3953 2072 4000 navas,
2095 3937 2211 3991 loco
2241 3936 2296 3991 d.
2320 3955 2333 3991 :
2369 3935 2763 4007 Ἀποϐατήριον
2788 3936 2843 3989 δὲ
2873 3936 2963 3990 τὸν
2991 3936 3152 3990 τόπον
3181 3936 3461 3992 καλεῖσθαι

1887 4031 1998 4092 τοῖς
2030 4027 2333 4098 Ἀρμενίοις
2375 4030 2538 4098 φησιν
2570 4027 2829 4098 Ἰώσηπος
2865 4029 2957 4080 καὶ
2995 4027 3220 4098 λείψανα
3245 4028 3458 4084 δείκνυ-

1891 4121 2014 4175 σθαι
2052 4125 2150 4193 τῆς
2196 4121 2463 4192 λάρνακος
2516 4102 2650 4174 ὲκεῗ.
2698 4120 2762 4174 Ει.
2807 4119 3078 4190 Josephus
3121 4137 3187 4176 ex
3238 4120 3461 4176 Nicolao

1894 4213 2226 4268 Damasceno
2259 4231 2273 4268 :
2306 4215 2418 4268 Καὶ
2461 4214 2724 4278 Νικόλαος
2752 4214 2807 4267 δὲ
2857 4216 2886 4266 ὁ
2925 4214 3278 4286 Δαμασκηνὸς
3305 4217 3363 4269 ὲν
3389 4218 3456 4288 τῇ

1891 4306 2213 4374 ἐνενηκοστῇ
2245 4304 2339 4356 καὶ
2372 4302 2506 4376 ἕκτῃ
2547 4303 2712 4375 βίϐλῳ
2756 4305 2958 4376 ἱστορεῖ
3004 4305 3131 4376 περὶ
3165 4305 3342 4360 αὐτῶν
3373 4304 3460 4360 λέ-

202 4407 328 4445 cunt
374 4390 465 4444 isti
525 4404 791 4443 mensores
847 4396 896 4442 et
943 4403 1188 4456 pensores
1224 4389 1592 4444 elementorum
1631 4408 1789 4461 aquas

1897 4413 2007 4464 γων
2052 4394 2255 4459 οὕτως’
2303 4396 2488 4450 Ἔστιν
2534 4395 2674 4466 ὑπὲρ
2712 4397 2810 4468 τὴν
2851 4397 3096 4452 Μινυάδα
3152 4398 3290 4468 μέγα
3335 4398 3458 4471 ὅρος

201 4485 366 4538 terris
410 4481 713 4551 perhibeant
762 4484 1076 4548 superiores,
1122 4490 1277 4551 atque
1339 4483 1593 4539 leviores?
1647 4485 1788 4550 Quid

201 4578 384 4645 itaque
437 4575 660 4627 rationis
712 4575 960 4643 afferunt,
994 4589 1156 4643 quare
1197 4584 1337 4627 terra
1362 4577 1596 4644 gravior,
1633 4585 1682 4630 et
1709 4577 1794 4630 in-

200 4670 372 4739 ferior
391 4669 563 4721 locum
608 4668 722 4722 caeli
793 4667 1176 4736 tranquillioris
1235 4667 1484 4721 invaserit
1515 4685 1606 4736 per
1646 4669 1792 4722 volu-

203 4765 355 4816 mina
401 4771 474 4815 tot
511 4778 790 4824 annorum,
833 4770 882 4814 et
930 4777 1070 4829 aqua
1121 4760 1283 4813 levior
1312 4778 1373 4814 ac
1401 4764 1636 4829 superior
1685 4780 1788 4816 non

198 4855 467 4923 permissa
502 4856 568 4908 sit
609 4853 704 4906 hoc
739 4853 913 4923 [acere
942 4853 1132 4907 saltem
1173 4854 1242 4906 ad
1275 4867 1476 4923 tempus
1503 4857 1789 4926 exiguum?

203 4943 452 4997 Tandem
499 4943 736 4998 ridendze
791 4953 919 4999 sunt
960 4959 1118 5013 nugae
1163 4943 1588 5008 Mahumetante,
1667 4963 1786 5017 qua:

206 5052 321 5091 non
357 5037 566 5099 dicunt,
593 5035 687 5091 sed
720 5035 999 5090 insaniunt
1021 5077 1036 5099 ,
1069 5051 1250 5090 arcam
1275 5040 1632 5093 excrementis
1663 5055 1787 5108 gra-

200 5136 388 5181 vatam
423 5129 663 5197 periculo
692 5127 992 5197 proximam
1033 5126 1234 5192 fuisse;
1271 5137 1601 5200 quapropter
1649 5129 1780 5198 Noe,

200 5234 336 5274 cum
379 5219 447 5272 ad
488 5218 656 5273 Deum
704 5217 1061 5288 confugisset,
1105 5235 1434 5290 responsum
1466 5222 1694 5292 accepit,
1725 5230 1782 5276 ut

202 5319 431 5366 curaret
458 5311 808 5381 elephantum
834 5310 889 5363 in
913 5310 1116 5364 cloacis
1140 5310 1419 5364 hominum
1443 5327 1663 5382 egerere
1683 5327 1780 5366 sua

201 5417 476 5460 Stercora.
532 5401 610 5457 Ex
677 5403 879 5473 quibus
945 5417 1040 5457 sus
1097 5402 1420 5472 pergrandis
1493 5413 1778 5474 generatus

203 5494 491 5552 immunda
533 5495 623 5549 illa
671 5493 966 5556 devoravit,
1003 5510 1066 5548 ex
1096 5494 1212 5549 suis
1238 5494 1410 5550 fetore
1457 5504 1778 5565 procreatus

209 5603 380 5644 sorex
411 5602 594 5641 arcam
624 5589 845 5652 arrosit,
881 5605 945 5644 ac
975 5588 1288 5660 perforavit,
1319 5588 1392 5642 ita
1425 5597 1485 5644 ut
1512 5605 1650 5661 aqua
1680 5591 1778 5644 in—

205 5679 547 5760 grederetur.
595 5677 706 5736 Noe
756 5681 947 5754 majori
985 5681 1224 5754 periculo
1254 5695 1283 5736 a
1323 5678 1432 5738 Deo
1466 5690 1529 5755 ut
1562 5684 1771 5741 leonem

1896 4489 2034 4542 κατὰ
2066 4489 2162 4558 τὴν
2195 4488 2484 4559 Ἀρμενίαν
2519 4488 2684 4560 Βάρις
2717 4489 3022 4560 λεγόμενον,
3058 4492 3137 4553 είς
3174 4491 3201 4543 ὃ
3234 4489 3459 4556 πολλοὺς

1895 4579 2275 4650 συμφυγόντας
2308 4582 2400 4634 ἐπὶ
2441 4580 2533 4633 τοῦ
2569 4581 2950 4652 κατακλυσμοῦ
2978 4582 3132 4650 λόγος
3163 4581 3274 4652 ἔχει
3305 4599 3458 4653 περι-

1893 4670 2148 4741 σωθῆναι,
2179 4671 2271 4726 καί
2299 4689 2422 4725 τινα
2468 4671 2561 4725 ἐπὶ
2600 4671 2864 4744 λάρνακος
2897 4672 3189 4745 ὀχούμενον
3231 4673 3322 4726 ἐπὶ
3358 4671 3457 4744 τὴν

1890 4767 2199 4839 ἀκρώρειαν
2249 4769 2490 4832 ὀκεῖλαι,
2523 4770 2617 4822 καὶ
2660 4769 2728 4823 τὰ
2769 4771 2994 4841 λείψανα
3017 4771 3123 4824 τῶν
3166 4769 3336 4836 ξύλων
3364 4772 3456 4825 ἐπὶ

1889 4859 2022 4914 {tolio
2056 4861 2312 4932 σωθῆναι.
2349 4862 2563 4916 [Τένοιτο
2591 4863 2636 4916 δ’
2668 4863 2733 4917 ἂν
2761 4858 2911 4927 οὗτος
2947 4864 3126 4917 ὅντινα
3169 4864 3264 4918 καὶ
3289 4865 3456 4930 Moab-

1888 4952 1986 5023 σῆς
2015 4953 2318 5024 ἀνέγραψεν
2348 4955 2376 5006 ὁ
2406 4954 2514 5007 τῶν
2543 4955 2810 5009 Ἰουδαίων
2839 4954 3152 5028 νομοθέτης.
3196 4953 3456 5010 Nicolaus

1887 5045 2174 5109 Salconus,
2202 5047 2296 5101 lib.
2319 5045 2526 5101 Ilistor.
2551 5057 2688 5116 part.
2719 5049 2949 5102 Orientis
2977 5065 3040 5103 ex
3069 5063 3164 5103 ore
3180 5045 3454 5119 llaytboni

1884 5138 2095 5194 ordinis
2145 5138 2683 5196 Prmmonstratensis
2721 5139 2827 5194 :lu
2868 5141 3115 5196 Armenia
3170 5150 3250 5195 est
3291 5139 3454 5193 altior

1883 5247 2066 5293 mons,
2097 5232 2186 5300 qui
2233 5233 2303 5286 sit
2347 5233 2401 5285 in
2451 5241 2558 5286 toto
2606 5231 2729 5285 orbe
2778 5242 3058 5295 terrarum,
3089 5231 3179 5302 qui
3213 5228 3448 5284 Ararath

1881 5321 2030 5390 vulgo
2064 5333 2426 5391 nuncupatur,
2453 5334 2502 5377 et
2549 5325 2601 5377 in
2627 5325 2894 5376 cacumine
2925 5323 3072 5377 illius
3101 5322 3291 5376 montis
3319 5337 3447 5375 arca

1883 5410 1999 5466 Noe
2044 5423 2161 5480 post
2197 5413 2452 5469 diluvium
2476 5417 2645 5483 primo
2660 5415 2813 5476 sedit,
2833 5426 2882 5470 et
2911 5415 3026 5468 licet
3043 5424 3254 5486 propter
3276 5415 3446 5470 abun-

1877 5503 2120 5556 dantiam
2150 5504 2366 5568 nivium,
2398 5524 2513 5576 qua:
2545 5522 2743 5574 semper
2770 5508 2823 5560 in
2859 5507 2951 5561 illo
2982 5516 3152 5562 monte
3173 5507 3445 5576 reperiun-

1878 5601 1995 5652 tur,
2030 5601 2136 5643 tant
2167 5592 2331 5648 hieme
2371 5613 2528 5665 quant
2578 5606 2793 5663 testate,
2827 5614 2975 5651 nemo
2997 5598 3132 5652 valet
3163 5599 3447 5657 ascendere

1876 5694 2100 5742 montem
2134 5687 2320 5759 illum,
2361 5707 2558 5763 semper
2607 5700 2777 5746 tamen
2818 5703 3032 5763 apparet
3073 5693 3126 5748 in
3179 5693 3293 5763 ejus
3347 5710 3452 5753 ca-
