3924 6968
555 252 658 310 991

1932 264 2176 323 ιΕοΝιε
2223 266 2500 327 ALLATII

3631 290 3715 347 992

554 371 767 427 cumino
790 372 1055 444 quoddam
1088 375 1323 445 nigrum,
1352 380 1490 447 quod
1517 380 1584 434 ab
1609 382 1905 439 hominibus
1936 384 2132 439 dicitur
2159 387 2205 443 A
2233 384 2491 444 tillcatum
2536 387 2735 455 Solem,
2776 406 2896 461 quae
2930 390 3314 450 Melchisedech
3361 397 3713 465 administravit.

567 477 685 516 £889
703 477 853 516 arca.

614 553 736 609 Col.
759 553 882 617 755,
902 553 1001 609 lin.
1029 556 1082 611 6.
1103 555 1215 610 Kal
1240 555 1313 626 τῇ
1328 558 1635 628 ἀσφάλτῳ.
1656 560 1904 625 Albinus,
1927 561 2133 629 Quaest.

556 647 613 701 in
644 645 831 702 Cenes.
859 648 926 703 de
941 656 1136 704 natura
1155 639 1435 707 bituminis
1454 671 1467 705 :
1489 652 1730 708 Bitumen
1745 665 1823 709 est
1850 656 2138 726 ferventis-7

557 739 753 793 simum
774 748 825 793 et
858 741 1291 797 uiolentissimum
1313 742 1513 813 gluten,
1532 746 1684 815 cujus
1703 757 1781 801 est
1806 747 1917 801 [nec
1946 750 2133 810 virtus.

557 839 618 883 ut
646 828 794 900 ligna
817 847 877 885 eo
909 832 1099 899 oblita,
1133 850 1226 888 nec
1257 837 1517 891 vermibus
1549 838 1732 903 exedi,
1761 856 1852 895 nec
1876 841 2004 895 solis
2028 858 2135 895 ar-

553 920 713 986 dore,
764 938 857 977 nec
896 924 1115 992 ﬂatibus
1166 936 1471 995 ventorum,
1508 946 1600 983 nec
1631 948 1890 1002 aquarum
1931 935 2134 1003 possint

552 1016 899 1072 inundatione
929 1021 1170 1075 dissolvi.
1203 1020 1474 1093 Josepbus
1507 1024 1689 1095 Antig.
1723 1026 1820 1082 lib.
1856 1041 1896 1089 ι,
1930 1041 2051 1097 cap.
2074 1027 2129 1091 4,

551 1107 620 1161 de
648 1121 790 1162 arcae
818 1108 1084 1164 bitmnine
1114 1126 1181 1166 ex
1215 1110 1417 1169 Beroso
1445 1112 1696 1168 Chaldaeo
1717 1130 1731 1167 :
1756 1115 1861 1169 Τοῦ
1881 1116 1939 1169 δὲ
1971 1134 2133 1170 κατα·

550 1196 793 1269 κλυσμοῦ
828 1200 1016 1254 τούτου
1041 1202 1134 1254 καὶ
1175 1203 1274 1273 τῆς
1303 1204 1570 1275 λάρνακος
1598 1208 1899 1279 μέμνηνται
1926 1210 2127 1275 πάντες

548 1290 597 1342 οἱ
632 1289 731 1354 τὰς
759 1290 1101 1364 βαρϐαρικὰς
1141 1295 1379 1367 ἱστορίας
1420 1298 1859 1369 ἀναγράφοντες,
1899 1295 1972 1355 ὧν
2011 1303 2128 1355 ἐστι

547 1381 966 1456 καὶΒηρωσσὸς
999 1389 1028 1440 ὁ
1058 1384 1342 1452 Χαλδαῖος.
1376 1389 1741 1461 Διηγούμενος
1772 1393 1879 1468 γὰρ
1907 1396 1973 1449 τὰ
2003 1398 2130 1468 περὶ

546 1474 638 1527 τὸν
664 1476 1046 1550 κατακλυσμὸν
1076 1479 1218 1534 οὕτω
1251 1498 1367 1545 πως
1414 1483 1650 1547 διέξεισι·
1684 1486 1917 1555 Λέγεται
1945 1488 2000 1541 δὲ
2035 1490 2128 1544 καὶ

544 1564 641 1618 τοῦ
675 1566 858 1621 πλοίου
892 1571 949 1622 ἐν
977 1574 1041 1643 τῇ
1070 1573 1335 1646 Ἀρμενίᾳ
1367 1576 1502 1647 πρὸς
1527 1578 1603 1648 τῷ
1629 1577 1745 1649 ὖρει
1773 1580 1879 1634 τῶν
1912 1583 2125 1654 Καρδυ-

544 1658 679 1714 αίων
724 1660 802 1714 ἔτι
849 1662 1014 1737 μέρος
1085 1682 1136 1717 τι
1174 1662 1353 1731 εἶναι,
1402 1670 1495 1721 καὶ
1549 1672 1793 1742 κομίζειν
1841 1674 1991 1738 τινὰς
2028 1677 2125 1747 τῆς

543 1748 818 1819 ἀσφάλτου
862 1753 1245 1826 ἀφαιροῦντας.
1281 1757 1536 1829 Χρῶνται
1587 1740 1645 1814 δὲ
1686 1763 1919 1834 μάλιστα
1957 1767 2005 1818 οἱ
2042 1740 2127 1820 ἄν·
2159 1740 2201 1800 Β

544 1843 752 1916 θρωποι
828 1847 908 1918 τῷ
972 1850 1318 1922 κομιζομένῳ
1385 1854 1524 1925 πρὸς
1582 1855 1710 1919 τοὺς
1775 1858 2124 1929 ἀποτροπια-

544 1937 734 2008 σμούς.
752 1935 846 1992 llis
858 1954 919 1993 ex
938 1938 1175 2011 Josepho
1192 1944 1376 1999 subdit
1398 1947 1656 2000 nonnulla
1678 1962 1745 2001 ex
1761 1947 2007 2004 Abideno
2026 1951 2124 2004 Eu-

546 2029 665 2084 seb.
689 2027 767 2084 De
792 2045 1019 2099 prwpar.
1056 2050 1239 2105 evang.
1261 2076 1276 2098 ,
1305 2036 1398 2092 lib.
1431 2054 1506 2101 ix,
1543 2039 1686 2093 inter
1713 2050 1907 2095 extera
1930 2061 1942 2096 :
1965 2044 2037 2095 Τὸ
2064 2044 2121 2098 δὲ

540 2120 721 2176 πλοῖον
756 2122 814 2175 ὲν
856 2124 1117 2196 Ἀρμενίῃ
1167 2128 1444 2199 περίαπτα
1488 2129 1659 2197 ξύλων
1703 2131 2122 2206 ἀλεξιφάρμακα

534 2213 706 2267 τοῖσιν
740 2215 1080 2286 ὲπιχωρίοισι
1117 2218 1430 2290 παρείχετο.
1462 2220 1527 2274 Et
1561 2220 1945 2279 Chronicorum
1980 2237 2116 2297 part.

539 2318 579 2361 ι.
610 2317 676 2357 ex
713 2303 1025 2359 Alexandro
1059 2306 1403 2379 Polybistore
1441 2330 1454 2367 :
1487 2312 1592 2365 Τοῦ
1631 2315 1686 2368 δὲ
1716 2315 1901 2369 πλοίου
1932 2317 2120 2371 τούτου

436 2418 439 2427 λ
537 2399 957 2466 κατακλιθέντος
986 2402 1043 2454 ἐν
1069 2405 1135 2474 τῇ
1164 2403 1429 2475 Ἀρμενίᾳ
1464 2406 1627 2478 μέρος
1656 2425 1707 2460 τι
1746 2405 1883 2463 εἶναι
1916 2413 1973 2464 ὲν
2009 2415 2120 2476 τοῖς

537 2491 898 2563 Κορκοραίοις
940 2494 1079 2564 (lego
1133 2496 1475 2567 Κορδυαίοις)
1515 2498 1668 2570 ὄρεσι
1696 2501 1796 2571 τῆς
1830 2502 2119 2574 Ἀρμενίας

535 2576 825 2648 διαμένον,
862 2580 956 2635 καί
996 2599 1150 2647 τινας
1192 2585 1301 2638 ἀπὸ
1335 2586 1426 2640 τοῦ
1470 2587 1651 2641 πλοίου
1690 2593 1937 2662 κομίζειν
1983 2595 2115 2647 ἀπο-

537 2666 757 2735 ξύοντας
787 2672 1058 2742 ἄσφαλτον
1079 2690 1092 2702 '
1125 2676 1359 2746 χρᾶσθαι
1386 2678 1442 2731 δὲ
1472 2680 1640 2751 αὐτὴν
1668 2683 1803 2751 πρὸς
1833 2685 1958 2747 τοὺς
1988 2686 2119 2739 ἀπο-

537 2768 933 2839 τροπιασμούς.
981 2768 1075 2824 Ηω
1120 2780 1299 2826 autem
1336 2788 1476 2828 arca:
1511 2777 1795 2847 reliquiae,
1829 2790 1887 2834 ut
1936 2783 2117 2839 videre

539 2868 624 2911 est
656 2875 721 2913 ex
750 2857 988 2931 Josepho
1014 2900 1028 2925 ,
1079 2878 1200 2932 quae
1233 2864 1301 2919 ad
1345 2880 1442 2921 sua
1475 2874 1718 2940 tempora
1750 2873 2116 2943 perdurarunt

538 2966 636 3021 per
667 2967 842 3009 annos
871 2956 1106 3023 amplius
1134 2956 1216 3012 bis
1251 2959 1430 3028 mille,
1462 2977 1529 3016 an
1567 2964 1765 3020 virtute
1807 2967 2112 3035 bituminis,

537 3042 606 3096 de
634 3057 745 3113 quo
789 3044 943 3114 plura
973 3042 1205 3109 Plinius,
1240 3048 1334 3104 lin.
1380 3066 1545 3115 xxxv,
1578 3067 1678 3120 cap
1733 3055 1822 3123 l5,
1849 3066 1901 3111 et
1928 3075 1992 3113 ex
2021 3060 2116 3114 Al-

537 3132 668 3188 bino
694 3132 955 3192 Rabanus
989 3137 1268 3194 :Bitumen
1297 3152 1375 3196 est
1403 3143 1868 3213 ferventissimam,
1908 3162 1958 3206 et
1993 3154 2118 3207 vio-

538 3227 888 3283 lentissimum
926 3230 1104 3301 gluten
1130 3273 1145 3297 ,
1179 3234 1329 3304 cujus
1362 3236 1472 3290 [nec
1521 3248 1600 3292 est
1644 3241 1843 3306 virtus,
1881 3256 1936 3299 ut
1973 3246 2123 3317 ligna

534 3336 654 3391 qua:
682 3339 743 3378 eo
776 3324 943 3378 oblita
975 3326 1195 3395 fuerint,
1238 3344 1329 3382 nec
1376 3332 1638 3386 vermibus
1664 3334 1835 3399 exedi,
1873 3354 1962 3392 nec
1988 3342 2115 3396 solis

534 3411 745 3477 ardore,
782 3431 872 3468 nec
917 3425 1185 3470 ventorum
1221 3418 1460 3487 flatibus,
1491 3439 1582 3475 nec
1615 3441 1877 3494 aquarum
1907 3432 2111 3498 possint

533 3503 781 3559 violentia
808 3505 1066 3572 dissolvi;
1099 3523 1166 3563 an
1219 3510 1293 3565 ita
1337 3510 1446 3566 Deo
1494 3514 1821 3584 disponente
1845 3558 1860 3583 ,
1891 3522 2034 3590 quod
2062 3532 2115 3579 et

533 3597 739 3661 verius,
765 3605 827 3652 ut
850 3602 1109 3658 mortales
1142 3612 1428 3670 aeternum,
1463 3615 1520 3661 nt
1550 3609 1623 3662 ita
1659 3610 1863 3678 dicam,
1886 3613 2112 3683 justitia:

532 3686 751 3753 divinae,
783 3703 884 3746 nec
931 3705 1038 3745 non
1084 3700 1139 3746 et
1183 3692 1571 3752 misericordia:
1600 3715 1712 3769 prae
1739 3703 1914 3759 oculis
1941 3704 2111 3761 babe-

532 3784 653 3833 rent
685 3780 1123 3836 monimentum?

598 3867 737 3922 Ibid.
761 3908 777 3934 ,
823 3870 919 3923 lin.
956 3869 1010 3924 8.
1055 3873 1107 3924 '0
1148 3872 1217 3927 δὲ
1262 3874 1389 3930 Νῶε
1433 3875 1846 3950 ἐτελεύτησεν.
1867 3882 2112 3941 Pseudo—

531 3957 768 4015 Berosus
788 3961 1073 4019 Annianus
1120 3966 1214 4022 lib.
1248 3982 1333 4032 ιιι,
1358 3972 1528 4024 multa
1545 3970 1613 4027 de
1647 3972 1792 4042 Noe,
1829 3978 1970 4033 etiis
1994 3996 2114 4048 (luat

531 4052 648 4121 ipse
664 4060 787 4124 post
821 4054 1085 4111 diluvium
1114 4061 1303 4129 gessit,
1341 4061 1476 4118 ﬁdes
1508 4065 1579 4119 sit
1612 4082 1776 4136 penes
1809 4078 2109 4128 auctorem.

596 4142 759 4210 lbid.,
793 4147 887 4201 lin.
926 4149 979 4203 9.
1013 4150 1123 4204 Kal
1155 4152 1269 4205 υἱοί
1323 4155 1531 4209 αὐτοῦ.
1574 4146 1922 4217 Hebraeorum
1948 4165 2113 4235 pleri-

529 4249 637 4304 que
668 4236 902 4303 docent,
931 4237 1128 4309 lapliet
1173 4244 1347 4312 primo
1397 4246 1517 4302 loco
1548 4264 1579 4303 a
1611 4248 1725 4306 Noe
1763 4252 1935 4311 fuisse
1960 4258 2113 4328 geni-

530 4336 646 4383 tum
667 4369 682 4394 ,
709 4329 878 4385 Cbam
911 4333 1154 4388 secundo
1175 4375 1188 4397 ,
1223 4334 1348 4391 Sem
1389 4340 1633 4395 omnium
1662 4353 1963 4412 postremo.
1999 4352 2112 4404 Au-

2304 476 2463 544 lbid.,
2494 479 2590 534 lin.
2620 479 2708 534 ‘32.
2742 480 2977 549 Νεόρὼθ
3005 484 3238 539 ἔπειθεν
3262 488 3315 541 ὁ.
3345 486 3585 560 Iosephus
3603 534 3617 556 ,
3644 497 3714 566 lib

2234 584 2252 623 ι
2288 570 2572 640 Antiquit.,
2601 587 2721 642 cap.
2753 572 2787 627 5
2819 591 2834 628 :
2866 574 3057 647 Ἐξῆρε
3081 576 3140 630 δὲ
3167 577 3355 641 αὐτοὺς
3376 580 3568 651 πρόςτε
3597 584 3716 661 ὖὸριν

2232 662 2326 715 τοῦ
2358 662 2514 727 Θεοῦ,
2555 665 2649 717 καὶ
2684 667 3084 739 καταφρόνησιν
3119 668 3431 742 Νεϐρώδης,
3470 674 3539 739 ὡς
3568 680 3718 746 υἱωνὸς

2236 755 2334 825 μὲν
2374 754 2449 808 ὢν
2493 756 2684 827 Χάμου
2727 756 2820 811 τοῦ
2862 759 3084 831 Νώχουο
3124 761 3386 834 τολμηρὸς
3417 765 3470 819 δὲ
3501 769 3716 827 καὶκατὰ

2232 850 2392 919 χεῖρα
2416 852 2679 916 γενναῖος,
2705 849 2919 904 ἔπειθεν
2942 854 3139 917 αὐτοὺς
3164 854 3237 926 μὴ
3258 856 3333 926 τῷ
3352 857 3460 929 Θεῷ
3488 860 3649 917 διδόναι
3671 844 3726 921 ἰδ’

2230 938 2296 991 δι’
2322 940 2525 993 ἐκεῖνον
2546 940 2900 1013 εὐδαιμονεῖν,
2934 943 3068 997 ἀλλὰ
3092 947 3191 1016 τὴν
3224 947 3354 1000 ἰδίαν
3382 950 3559 1022 ἀρετὴν
3589 956 3717 1011 ταῦτα

2231 1031 2491 1101 παρέχειν
2516 1033 2699 1097 αὐτοῖς
2714 1033 2982 1104 ἡγεῖσθαι.
3003 1036 3267 1106 Περίιστα
3288 1038 3343 1093 δὲ
3364 1043 3474 1094 κατ’
3495 1043 3642 1112 ὀλίγον
3660 1052 3713 1111 εί,

2229 1121 2517 1192 τυραννίδα
2541 1122 2610 1177 τὰ
2639 1124 2959 1195 πράγματα,
2996 1126 3174 1196 μόνως
3201 1127 3339 1182 οὕτω
3388 1132 3594 1201 νομίζων
3618 1137 3715 1190 ἀπο

2232 1214 2447 1283 στήσειν
2474 1216 2600 1278 τοὺς
2626 1217 2945 1289 ἀνθρώπους
2974 1221 3126 1292 παρὰ
3154 1222 3247 1275 τοῦ
3270 1222 3418 1286 Θεοῦ,
3441 1226 3485 1278 εἰ
3507 1227 3719 1299 χρώμενοι

2227 1305 2293 1375 τῇ
2320 1304 2481 1357 αὑτοῦ
2510 1306 2733 1378 δυνάμει
2761 1308 3072 1365 διατελείεν.
3092 1313 3427 1383 Ἀμυνεῖσθαί
3452 1333 3505 1369 τε
3526 1318 3601 1371 τὸν
3621 1321 3719 1375 θεὸν

2230 1393 2389 1447 πάλιν
2447 1396 2659 1465 ἠπείλει
2709 1397 2807 1469 τὴν
2867 1400 2970 1472 γῆν
3026 1402 3415 1459 ὲπικλύσασθαι
3461 1406 3715 1479 θελήσαντα·

2233 1485 2439 1563 πύργον
2478 1490 2586 1560 γὰρ
2626 1490 2999 1564 οἰκοδομήσειν
3042 1494 3400 1567 ὑψηλότερον,
3443 1499 3473 1568 ἢ
3521 1502 3572 1553 τὸ
3612 1502 3719 1575 ὕδωρ

2226 1576 2489 1651 ἀναϐῆναι
2533 1579 2822 1652 δυνηθείη·
2871 1584 3290 1653 μετελεύσεσθαι
3327 1588 3383 1642 δὲ
3438 1592 3521 1644 καὶ
3541 1593 3620 1663 τῆς
3638 1595 3719 1649 τῶν

2228 1670 2506 1739 προγόνων
2529 1671 2820 1737 ἀπωλείας.
2855 1673 2973 1729 Non
3015 1678 3299 1732 dissimilia
3331 1690 3504 1735 narrat
3528 1682 3652 1754 [Iugo
3671 1688 3719 1742 de

2232 1758 2435 1814 Sancto
2481 1760 2699 1817 Victore
2747 1765 2942 1821 Annot.
2993 1769 3047 1823 in
3083 1767 3267 1825 Cenes.
3311 1781 3365 1827 et
3407 1772 3715 1847 Hieronymus,

2234 1847 2630 1906 Traditionibus
2666 1853 2825 1908 llebr.
2857 1857 2912 1910 in
2928 1855 3176 1915 Genesin.
3200 1860 3445 1926 Nemrod,
3471 1866 3633 1934 inquit,
3655 1884 3719 1920 ar-

2229 1942 2390 2007 ripuit
2418 1942 2676 1998 insuetum
2704 1948 2906 2014 primus
2936 1951 2993 2003 in
3020 1952 3219 2021 populo
3250 1954 3555 2023 tyrannidem
3580 1974 3718 2028 regna-

2230 2036 2398 2113 vit‘que
2435 2036 2490 2089 in
2533 2036 2835 2108 Babylone,
2878 2058 2995 2112 qua:
3028 2043 3099 2097 ab
3152 2062 3211 2098 eo
3234 2086 3249 2108 ,
3295 2048 3426 2115 quod
3452 2047 3518 2101 ibi
3542 2052 3718 2120 confuse

2227 2110 2347 2182 sunt
2378 2128 2592 2198 linguae,
2617 2133 2778 2186 turris
2802 2110 3188 2192 adiﬁcantium
3217 2110 3379 2191 Babel
3403 2110 3632 2208 appellate
3648 2153 3716 2198 cst.

2232 2216 2534 2275 Methodius
2558 2220 2635 2274 ait
2660 2222 2803 2277 hunc
2838 2223 3006 2280 fuisse
3043 2236 3293 2296 nepotem
3326 2229 3441 2285 Seni
3467 2247 3479 2283 :
3506 2234 3720 2305 1196;115-

2227 2325 2316 2361 τον
2345 2307 2578 2380 κατῆλθε
2622 2310 2874 2382 Νεϐρὼδ,
2902 2315 2998 2367 καὶ
3024 2316 3337 2381 παιδευθεὶς
3370 2322 3489 2389 παρ’
3513 2320 3647 2374 αὑτοῦ
3668 2323 3717 2373 εἶ-

2226 2399 2362 2471 ληφε
2393 2400 2585 2473 βουλὴν
2617 2404 2700 2473 ἐφ’
2803 2405 3122 2474 βασιλεῦσαι
3154 2410 3331 2464 αὐτόν.
3365 2408 3515 2475 Οὗτος
3538 2413 3584 2465 δὲ
3611 2414 3731 2480 ὁΝετ

2226 2494 2373 2566 ὁρὼδ
2433 2495 2659 2565 ἀδελφὸς
2714 2498 2821 2552 τῶν
2885 2500 3083 2572 ἡρώων
3133 2503 3392 2576 ἐτύγχανε
3436 2505 3533 2557 τῶν
3568 2506 3717 2559 τέκνων

2225 2587 2318 2641 τοῦ
2360 2589 2499 2660 Σήμ.
2539 2590 2649 2643 Καὶ
2687 2592 2846 2657 αὐτὸς
2888 2594 3109 2666 πρῶτος
3158 2597 3491 2653 ἐϐασίλευσεν
3529 2601 3605 2653 ἐπὶ
3647 2601 3718 2668 τῆς

2224 2680 2346 2751 γῆς.
2378 2679 2533 2746 Quod
2585 2681 2782 2738 falsum
2827 2701 2951 2741 esse
2978 2690 3146 2744 verba
3190 2690 3388 2761 Moysis
3433 2693 3715 2754 convincunt,

2223 2787 2344 2841 quae
2365 2787 2487 2827 eum
2511 2773 2716 2829 faciunt
2740 2786 2987 2846 nepotem
3014 2780 3246 2837 Chami:
3270 2782 3395 2838 Filii
3414 2783 3575 2848 Cham,
3597 2783 3714 2847 σιω,

2224 2863 2509 2931 Mesraim,
2554 2866 2728 2934 Phut,
2768 2880 2819 2923 et
2861 2870 3157 2927 Cltanaam.
3210 2874 3380 2930 Porro
3431 2874 3553 2931 Cltus
3587 2877 3716 2946 genuit

2226 2955 2482 3015 Nemrod.
2512 2959 2949 3033 Ethugnstinns,
2977 2966 3076 3020 lib.
3110 2984 3204 3021 xw
3239 2968 3316 3023 De
3342 2971 3475 3025 civit.
3497 2970 3601 3030 Dei.
3625 2985 3714 3039 cap.

2223 3048 2256 3102 4
2289 3068 2302 3102 :
2348 3050 2496 3107 Unde
2521 3053 2806 3125 colligitur,
2852 3057 3120 3126 gigantem
3162 3060 3315 3115 illum
3350 3061 3575 3115 Nemroth
3596 3062 3716 3126 fuisse

2158 3135 2186 3160 “
2218 3137 2365 3197 illius
2394 3144 2736 3214 conditorem,
2759 3148 2897 3219 quod
2926 3153 3172 3219 superius
3210 3153 3425 3209 breviter
3448 3155 3595 3223 fuerat
3618 3156 3713 3208 inti-

2220 3244 2420 3289 matum
2446 3277 2460 3299 ,
2498 3237 2588 3291 ubi
2633 3255 2749 3292 cum
2792 3239 2855 3294 de
2887 3241 2981 3295 illo
3025 3244 3307 3314 Scriptura
3333 3248 3622 3319 loqueretur,
3643 3250 3712 3309 ait,

2218 3327 2425 3380 initium
2454 3330 2599 3399 regni
2624 3331 2736 3400 ejus
2764 3332 2866 3403 fuit
2898 3334 3145 3405 Babylon
3172 3337 3216 3371 ⁸³
3236 3381 3251 3405 ,
3291 3340 3344 3393 id
3372 3350 3462 3403 est,
3486 3358 3583 3409 qua
3609 3340 3714 3393 ciri-

2220 3425 2386 3471 tatnm
2415 3422 2725 3476 ctelerarum
2757 3435 2952 3493 gereret
2982 3428 3359 3496 principatum,
3390 3430 3473 3485 ubi
3497 3441 3607 3485 esset
3629 3440 3713 3482 tan-

2215 3524 2372 3577 quam
2410 3510 2464 3563 in
2496 3514 2769 3582 metropoli
2804 3514 3168 3571 habitaculum
3202 3521 3374 3590 regni,
3397 3522 3601 3591 quamvis
3628 3536 3713 3589 per-

2217 3598 2355 3667 fecta
2388 3617 2489 3655 non
2520 3602 2679 3671 fuerit
2710 3621 2869 3676 usque
2918 3607 2972 3659 in
3007 3616 3217 3663 tantum
3247 3612 3474 3675 modum,
3515 3622 3712 3682 quantum

2215 3693 2439 3761 superba
2459 3696 2723 3766 cogitabat
2743 3696 3006 3763 impietas.
3030 3700 3093 3753 Et
3124 3701 3382 3759 inferius:
3409 3702 3615 3775 Erigebat
3626 3718 3713 3770 ergo

2214 3801 2333 3840 cum
2376 3788 2485 3842 suis
2521 3789 2725 3857 populis
2775 3800 2971 3844 turrem
3012 3806 3205 3848 contra
3234 3795 3527 3858 Dominum.
3557 3804 3712 3866 quam

2214 3877 2378 3946 impia
2407 3881 2707 3949 signiﬁcata
2738 3886 3002 3949 superbia.
3042 3884 3214 3942 Plura
3235 3888 3301 3945 de
3331 3889 3428 3944 hac
3455 3890 3596 3944 turris
3617 3886 3712 3942 aldi-

2215 3967 2465 4025 ﬁcatione
2513 3987 2611 4043 per
2659 3972 3005 4032 Nemrothem
3055 3978 3233 4036 babes
3283 3983 3420 4052 apud
3461 3982 3708 4038 historicos.

2213 4060 2388 4115 Aliter
2411 4070 2590 4117 tamen
2614 4064 2789 4119 sensit
2810 4064 3133 4134 Caietanus,
3156 4086 3281 4126 cum
3312 4080 3464 4144 negat
3493 4079 3707 4126 auctorem

2214 4152 2379 4223 hujus
2411 4158 2578 4211 turris
2609 4157 2780 4215 fuisse
2812 4158 3071 4216 Nemroth
3094 4202 3110 4226 ,
3143 4166 3393 4235 quamvis
3413 4167 3513 4234 jam
3542 4164 3708 4218 inchoa-

2213 4251 2282 4300 t:e
2320 4256 2442 4317 post
2470 4248 2846 4306 confusionem
2895 4253 3205 4323 linguarum
3241 4266 3610 4328 occupatorem.
3632 4251 3707 4307 Ne-

2214 4354 2319 4407 que
2349 4338 2632 4405 Nemrotb,
2663 4342 2872 4413 inquit,
2904 4360 3079 4415 neque
3102 4348 3341 4418 aliquem
3365 4358 3549 4404 certum
3579 4344 3709 4399 homi-

530 4420 818 4490 gustinus,
854 4423 947 4478 lib.
981 4440 1070 4478 xv:
1105 4423 1183 4479 De
1227 4428 1436 4483 civitate
1466 4429 1598 4498 Dei,
1644 4436 1855 4506 σομε,
1908 4437 2107 4510 Japhet
2136 4447 2181 4502 υ
2213 4448 2334 4486 nem
2366 4441 2644 4489 auctorem
2676 4434 2851 4492 fuisse
2899 4438 3045 4494 illius
3071 4438 3296 4496 fabricae
3320 4441 3543 4495 declarat
3561 4438 3708 4494 exhor-

533 4515 822 4571 minimum
854 4525 1031 4589 putat,
1067 4518 1192 4575 Sent
1228 4524 1548 4579 tiiaximum.

600 4608 762 4675 lbid.,
793 4609 890 4665 lin.
912 4609 998 4663 12.
1027 4610 1173 4665 Ἀπὸ
1201 4611 1305 4665 τοῦ
1337 4613 1538 4683 ὅρους.
1569 4614 1681 4673 Noe
1712 4620 1880 4688 enim,
1904 4631 1959 4678 et
1989 4624 2105 4691 ﬁlii,

447 4744 458 4755 .
530 4701 744 4758 relictis
795 4703 1078 4759 montibus
1114 4704 1387 4761 Armeniae
1433 4718 1555 4779 post
1596 4708 1895 4781 diluvium,
1951 4726 2109 4775 teme

531 4795 815 4864 planitiem
858 4804 1263 4868 assequuntur,
1293 4800 1503 4871 fuitque
1544 4804 1719 4875 prima
1762 4807 2026 4866 habitatio
2053 4814 2106 4868 in

531 4893 675 4939 terra
707 4882 991 4950 Sennaar,
1021 4902 1133 4957 quo
1160 4888 1215 4941 in
1261 4890 1381 4944 loco
1421 4900 1610 4961 postea
1656 4895 1897 4969 Babylon
1938 4903 2108 4957 aedili-

529 4987 651 5032 eata
700 4977 822 5033 fuit.
840 4979 1112 5036 Eusebius
1134 5019 1150 5044 ,
1182 4989 1326 5051 part.
1362 4998 1377 5035 ι
1411 4982 1655 5040 Chronic.
1690 5003 1758 5044 ex
1797 4990 2107 5051 Alexandro

528 5070 870 5145 Polyhistore
907 5076 1233 5144 ιἘλθόντας
1277 5076 1371 5136 οὖν
1420 5082 1640 5149 τούτους
1686 5089 1769 5153 είς
1812 5090 2106 5155 Βαϐυλῶνα

525 5165 597 5219 τά
623 5181 684 5219 τε
713 5168 778 5220 ὲκ
805 5167 1104 5241 Σιππάρων
1133 5171 1437 5244 γράμματα
1480 5176 1769 5249 ἀνορύξαι,
1804 5185 1896 5237 καὶ
1926 5185 2103 5251 πόλεις

528 5258 729 5323 πολλὰς
772 5263 1090 5328 κτίζοντας,
1130 5265 1225 5320 καὶ
1273 5267 1395 5338 ιερά
1436 5269 1899 5345 ἀνιδρυσαμένους
1939 5279 2104 5334 πάλαι

526 5351 801 5407 inimicat
845 5354 948 5428 τὴν
970 5355 1284 5412 Βαῦυλῶνα.
1321 5357 1527 5416 Hebraei
1561 5374 1851 5432 asserunt,
1895 5367 2008 5428 Noe
2037 5390 2102 5428 ex

526 5440 786 5499 Armenia
815 5447 1046 5503 rediisse
1071 5448 1129 5505 in
1158 5456 1398 5507 veterem
1432 5455 1661 5524 patriam
1683 5499 1697 5521 ,
1747 5458 1799 5513 id
1832 5468 1914 5517 est
1938 5503 1956 5528 ,
1985 5464 2101 5521 loca

529 5534 798 5594 Damasco
838 5539 1016 5598 vicina
1040 5583 1055 5611 ,
1084 5543 1178 5603 ubi
1218 5548 1511 5604 constituit
1564 5565 1788 5622 regnum
1817 5594 1832 5620 ,
1865 5564 1920 5615 et
1967 5575 2103 5632 pou--

604 5698 648 5731 ⁸¹
674 5695 808 5757 Gen.
840 5716 894 5770 ι,
930 5701 1013 5758 10.

2212 4524 2367 4590 talio,
2397 4533 2452 4580 et
2481 4525 2729 4582 incitatio
2758 4528 3021 4583 attributa
3055 4547 3192 4603 vage
3216 4541 3273 4588 et
3304 4532 3560 4587 indeﬁnite
3583 4527 3708 4584 homi-

2210 4619 2394 4679 nibus.
2426 4626 2487 4673 ut
2519 4619 2890 4691 intelligamus
2918 4623 3082 4688 hinc,
3119 4627 3266 4695 quod
3296 4626 3537 4683 Nemrotli
3561 4622 3706 4678 civita-

2210 4712 2316 4758 t:-m
2335 4704 2638 4778 Babyloniae
2658 4709 2991 4775 inchoatam,
3007 4717 3286 4770 communi
3315 4728 3453 4778 voto.
3468 4722 3516 4770 et
3536 4721 3704 4769 conatu.

2210 4806 2332 4865 post
2363 4798 2735 4856 confusionem
2779 4803 3088 4875 linguarum
3133 4809 3276 4881 ipse;
3291 4806 3628 4879 occupaverit,
3665 4809 3704 4856 et

2211 4886 2407 4943 ibidem
2439 4905 2666 4960 regnare
2688 4895 2939 4964 coeperit.

2280 5019 2436 5087 lbid.,
2458 5023 2555 5078 lin.
2587 5024 2677 5080 25.
2705 5027 2815 5081 Καὶ
2842 5027 2919 5099 δὴ
2953 5030 3202 5101 πύργον.
3236 5031 3311 5089 De
3338 5032 3435 5088 hac
3462 5030 3577 5087 turri
3597 5025 3703 5095 Aby-

2205 5112 2379 5196 denus
2411 5117 2551 5187 apud
2583 5117 2875 5174 Eusebium
2897 5162 2910 5187 ,
2949 5121 3026 5176 De
3066 5137 3353 5195 pra'parat.
3390 5119 3697 5196 evangel.,lib.

2208 5217 2259 5256 Ix
2285 5188 2462 5259 ε”Εντὶ
2486 5205 2529 5259 δ’
2553 5206 2602 5261 οἳ
2634 5207 2849 5278 λέγουσι
2876 5213 3001 5277 τοὺς
3016 5188 3266 5286 πρώτους
3296 5219 3356 5271 ἐκ
3387 5217 3481 5289 γῆς
3508 5188 3699 5280 ἀνασχόν

2204 5311 2323 5358 mg!
2357 5294 2515 5371 ῥώμῃ
2541 5315 2599 5351 τε
2631 5300 2725 5353 καὶ
2752 5301 2966 5372 μεγέθει
2999 5305 3390 5376 χαυνωθέντας,
3415 5307 3499 5364 511‘.
3521 5306 3572 5376 δὴ
3600 5298 3698 5355 θεῶν

2205 5391 2752 5461 καταφρονήσαντας,
2796 5388 3083 5467 ἀμείνονας
3133 5395 3268 5453 εἶναι
3322 5400 3525 5471 πύργων
3556 5393 3695 5465 τύρσιν

2203 5475 2453 5546 ἠλίϐατον
2490 5481 2725 5553 ἀείρειν,
2774 5484 2860 5538 ἵνα
2906 5485 3001 5541 νῦν
3046 5488 3296 5546 Βαϐυλὼν
3345 5491 3497 5557 ἔστιν,
3550 5486 3631 5559 ἤδη
3654 5498 3694 5532 τε

2205 5564 2369 5623 ἆσσον
2412 5566 2548 5625 εἶναι
2588 5572 2678 5626 τοῦ
2721 5576 2986 5647 ούρανοῦ,
3022 5582 3114 5635 καὶ
3161 5583 3285 5647 τοὺς
3321 5581 3531 5652 ἀνέμους
3571 5573 3697 5631 θετῗσι
