1962 3484
119 152 171 179 995

656 148 689 175 ΙΝ
710 146 894 175 EUSTATlIll
916 146 1150 174 llEXAEi‘lEBON
1167 146 1281 174 NOTAE.

1688 148 1740 176 995

121 209 273 245 βωθέοντας
286 208 432 243 ἀνατρέψαι
450 199 513 244 περῖ
525 209 630 234 αὑτοῖσι
641 208 672 234 τὸ
684 208 789 243 μηχάνη
795 215 842 242 μα.
852 206 901 234 Τοῐ

958 205 1038 240 pedes
1061 195 1181 236 ducenti,
1203 204 1318 231 latitudo
1343 204 1547 240 quinquageni:
1566 205 1593 232 in
1618 206 1742 242 singulos

118 255 189 291 δῆτα
214 255 320 290 ἐρείπια
337 254 462 288 λέγεσθαι
488 247 643 281 Βαϐυλῶνα.
661 253 811 280 Alexander
826 251 905 287 Poly-

120 302 211 328 histor
223 309 256 328 ex
270 300 417 335 Enpolemo
427 310 433 327 :
445 300 599 335 Εὐπόλεμος
613 300 641 326 δὲ
658 301 686 326 ὲν
702 299 741 334 τῷ
756 299 821 334 περὶ
839 298 903 324 flou-

119 347 203 374 δαίων
222 347 271 381 τῆς
293 346 437 381 Ἀσσυρίας
457 346 523 380 φησὶ
546 345 620 372 πόλιν
636 345 781 372 Βαϐυλῶνα
798 344 904 379 πρῶτον

122 393 173 428 μὲν
184 392 324 428 κτισθῆναι
338 393 389 419 ὑπὸ
396 393 449 419 τῶν
463 392 647 419 διασωθέντων
664 393 695 417 ἐκ
710 391 757 417 τοῦ
770 390 904 417 κατακλυ-

121 438 203 474 σμοῦ,
229 436 296 464 εἶναι
319 438 347 464 δὲ
364 439 461 469 αὐτοὺς
479 438 623 472 γίγαντας,
646 437 795 471 οἰκοδομεῖν
812 436 840 462 δὲ
859 436 903 462 τὸν

121 484 312 520 ἱστορούμενον
324 484 435 519 πύργον.
448 485 577 515 Πεσόντος
590 484 617 510 δὲ
630 482 722 509 τούτου
734 482 785 508 ὑπὸ
795 483 845 517 τῆς
856 481 903 508 τοῦ

119 530 190 556 Θεοῦ
205 530 352 566 ἐνεργείας,
365 530 428 561 τοὺς
441 530 569 564 γίγαντας
576 529 754 564 διασπαρῆναι
769 528 829 555 καθ’
840 529 902 564 ὃλην

119 576 239 612 τὴνγῆν.
253 576 330 603 Dictu
343 577 410 603 mira
427 576 517 611 prodit
530 575 709 611 llieronymus
722 576 748 602 in
765 583 810 602 xw
821 579 902 610 caput

121 623 210 650 Esaia:
235 623 269 650 de
295 623 439 650 altitudine
462 623 542 657 hujus
567 623 651 650 turris
676 622 709 649 ad
741 622 901 649 miraculum

119 677 221 704 usque,
235 677 314 704 quem
330 670 399 697 vide.

155 716 215 742 Col.
229 716 291 747 755,
310 716 357 742 lin.
371 715 416 742 26.
437 715 579 742 Ἀπειλῶν
590 715 643 741 τὸν
659 715 741 742 om.
763 714 835 746 Ideo,
852 714 899 746 ait,

119 762 183 789 illos
198 762 321 789 homines
335 762 430 788 turrim
445 761 602 793 mdilicasse,
613 766 641 788 ut
653 766 746 788 contra
758 761 898 791 diluvium,

119 809 204 835 etiam
222 808 275 835 Deo
287 809 405 838 nolente,
429 808 480 835 sibi
508 808 691 834 consulerent.
710 807 807 834 Eadem
822 807 900 834 Jose-

120 853 203 888 phus,
219 854 264 880 lib.
281 861 288 880 ι
313 854 453 888 Antiquit.,
465 854 543 888 cujus
558 854 639 881 verba
655 862 736 889 supra
749 855 897 888 posuimus.

121 899 303 935 Augustinus,
334 900 380 927 lib.
403 908 446 927 xvt
470 900 506 927 De
525 901 628 928 civitate
650 901 708 934 Dei,
724 909 785 936 cap.
808 901 835 933 4,
855 911 901 929 ve-

121 955 188 974 sana
217 947 255 974 ait
269 948 384 981 quadam
401 947 483 974 animi
508 947 635 979 elatione,
651 955 682 974 ac
707 948 860 979 insolentia,
875 952 901 975 et

121 993 255 1020 adversus
273 992 357 1019 Deum
379 993 515 1027 impietate
528 992 657 1019 Nemroth
676 993 742 1020 illttd
758 993 900 1020 aedilicium

120 1039 300 1071 exstruxisse,
313 1042 342 1066 ut
357 1043 451 1066 contra
467 1038 550 1066 Deum
567 1040 618 1066 sibi
633 1044 740 1074 pararet
752 1048 902 1076 propugna-

120 1085 225 1116 culum,
239 1085 368 1119 illutnque
383 1086 597 1120 quotiescunque
611 1085 736 1113 libuisset
751 1085 900 1117 infestaret,

121 1136 204 1165 atque
217 1130 375 1162 ull'endcret,
391 1131 513 1159 aliialias
526 1131 663 1158 adducunt
680 1139 788 1159 causas.
805 1132 902 1159 Noster

121 1177 283 1204 Eustathius
301 1181 454 1212 utramque,
472 1183 499 1205 et
509 1177 629 1213 Iosephi,
645 1183 671 1205 et
684 1177 826 1213 Augustini
840 1186 903 1206 con-

119 1223 222 1257 junxit.
238 1227 264 1250 et
286 1224 364 1258 quasi
390 1232 469 1250 artant
485 1223 625 1259 exposuit;
650 1232 700 1252 nec
721 1225 843 1252 homines
864 1226 902 1252 illi

121 1269 195 1295 aliud
206 1269 231 1295 in
246 1269 507 1296 mentehabuerunt.
517 1270 610 1297 Solent
618 1271 688 1297 enim
702 1271 903 1305 przeteritisma—

122 1314 158 1340 lis
171 1314 273 1345 alllieti,
285 1315 375 1341 futura
395 1315 486 1342 studio
499 1320 611 1350 arteque
624 1317 785 1351 propellere,
800 1325 834 1343 ne
859 1317 900 1344 bis

122 1359 219 1387 iisdem
244 1360 367 1388 infestari
394 1362 553 1396 contingat;
574 1367 600 1389 et
619 1362 683 1389 dum
702 1367 805 1390 naturae
823 1363 902 1390 donis

121 1406 246 1438 allluunt,
261 1407 368 1439 robore,
383 1407 495 1439 divitiis,
509 1409 723 1444 auctoritateque
738 1410 841 1444 stipati,
860 1409 901 1436 in-

122 1460 190 1478 sano
205 1460 273 1479 ausu
291 1452 395 1485 furere;
407 1457 434 1480 et
449 1461 509 1480 eum
520 1453 576 1487 jam
591 1454 728 1480 hominum
743 1462 772 1481 se
783 1462 844 1481 esse
855 1462 902 1481 su-

124 1499 244 1533 periores
270 1499 465 1533 persenserint,
490 1504 583 1526 contra
608 1499 692 1526 Deum
717 1500 898 1532 insolescere;

122 1545 229 1579 sibique
244 1552 334 1579 posse,
345 1546 562 1580 quandocumque
574 1545 599 1572 id
613 1546 694 1572 fuerit
705 1553 783 1580 opus,
796 1547 829 1572 ab
841 1546 899 1580 ejus
914 1563 934 1590 ο

123 1597 203 1616 manu
214 1597 310 1617 cavere
320 1590 442 1624 opinari;
457 1590 521 1624 quin
534 1594 560 1617 et
575 1591 697 1617 molestia
709 1591 782 1617 illum
795 1590 901 1618 allicere

123 1639 300 1669 praesumunt.
324 1636 345 1661 0
371 1636 513 1662 ridiculam
535 1636 708 1662 industriam!
724 1643 740 1662 ο
755 1635 899 1661 nefandum

122 1680 260 1707 studiuml
284 1689 301 1707 ο
325 1682 484 1708 sceleratam
499 1682 719 1716 pt'azleentiam!
738 1680 783 1708 Na:
800 1681 849 1713 illi,
874 1686 901 1708 et

122 1728 219 1758 oculis,
234 1732 261 1754 et
277 1728 399 1759 auribus,
414 1732 441 1754 et
456 1729 546 1754 animo
560 1728 623 1755 caeci
640 1733 712 1755 sunt.

158 1771 237 1804 lbid.,
252 1773 300 1798 lin.
323 1773 366 1799 51.
390 1772 420 1798 '0
438 1773 510 1805 Θεὸς
533 1772 589 1806 τὴν
610 1772 774 1799 διάλεκτον.
799 1773 900 1808 Sibylla

122 1819 192 1853 apud
208 1818 370 1845 Eusebium:
390 1818 499 1845 Πάντων
519 1818 665 1854 ὁμοφώνων
682 1818 764 1845 ὄντων
783 1819 836 1845 τῶν
854 1820 901 1845 ἁν-

122 1863 249 1899 6ρώπων,
266 1863 367 1899 πύργον
391 1856 568 1899 ‹ξ›κοδόμησάν
591 1872 662 1895 τινες
677 1864 850 1899 ὑψηλότατον,
865 1864 902 1895 ὡς

122 1910 167 1936 ἐπὶ
182 1910 225 1935 τὸν
244 1910 355 1944 οὐρανὸν
377 1909 571 1944 ἀναϐησόμενοι
587 1910 618 1935 δι’
634 1909 724 1935 αὑτοῦ.
745 1910 775 1935 Οἱ
792 1909 819 1936 δὲ
836 1909 900 1940 Oeo‘t,

123 1956 239 1990 ἀνέμους
257 1956 469 1991 ἐπιπέμψαντες,
488 1955 635 1990 ἀνέτρεψαν
656 1956 702 1982 τὸν
723 1955 835 1991 πύργον,
856 1956 902 1981 καὶ

124 2002 191 2029 ἰδίαν
206 2003 311 2036 ἑκάστῳ
327 2001 416 2037 φωνὴν
428 2002 539 2032 ἔδωκαν,
551 2001 596 2028 καὶ
609 2001 652 2027 διὰ
664 2001 741 2028 τοῦτο
758 2001 901 2027 Βαϐυλῶνα

123 2048 220 2084 συνέὂη
238 2048 368 2082 κληοῆναι
391 2047 439 2083 τὴν
459 2047 544 2073 πόλιν.
567 2047 599 2073 Ει
624 2046 760 2075 Ιιθδιηῐιιιδ
774 2056 781 2073 :
794 2046 853 2072 Τῶν
874 2048 902 2073 δὲ

123 2098 216 2132 ἱερέων
230 2098 291 2129 τοὺς
309 2097 498 2129 διασωθέντας,
513 2097 546 2123 τὰ
561 2097 607 2123 τοῦ
627 2097 763 2124 Ἐνυαλίου
782 2096 842 2127 Διὸς
864 2096 901 2121 is—

123 2144 236 2179 ρώματα
252 2144 391 2175 λαϐόντας,
412 2145 451 2175 εἰς
470 2143 588 2179 Σενναὰρ
608 2144 656 2178 τῆς
674 2142 844 2174 Βαϐυλωνίας
861 2143 902 2168 ἐλ-

122 2190 187 2216 θεῖν.
200 2189 356 2216 Σκίδνανται
376 2190 407 2224 δὴ
422 2189 451 2215 τὸ
466 2189 556 2216 λοιπον
571 2189 692 2215 ἐντεῦθεν
710 2189 762 2215 ὑπὸ
773 2189 821 2223 τῆς
835 2189 901 2223 ὁμο-

120 2236 255 2269 γλωσσίας
268 2236 316 2267 τὰς
342 2235 476 2265 συνοικίας
492 2234 667 2269 ποιησάμενοι
685 2232 832 2268 πανταχοῦ,
854 2233 900 2258 καὶ
917 2234 938 2260 D

119 2283 172 2316 γῆν
188 2282 297 2307 ἕκαστοι
312 2280 512 2315 κατελάμϐανον
528 2280 575 2315 τὴν
590 2280 760 2315 ἐντυχοῦσαν.

156 2327 236 2360 lbid.,
253 2328 299 2354 litt.
316 2327 360 2354 55.
373 2327 434 2353 Κάν
449 2327 555 2352 τούτου
569 2327 585 2352 ό
601 2326 644 2352 τό.
660 2325 840 2360 Augustinus,
863 2324 901 2352 De

118 2375 225 2400 civitate
242 2373 301 2404 Dei,
318 2373 363 2399 lib.
379 2380 435 2403 xvi,
451 2380 511 2406 cap.
525 2372 555 2398 Ai:
568 2370 623 2398 Ista
637 2371 729 2398 civitas
739 2379 796 2406 qua:
812 2370 901 2405 appel-

120 2421 176 2446 lata
189 2424 227 2445 est
241 2419 370 2452 confusio,
386 2419 442 2452 ipsa
456 2423 493 2444 est
510 2417 639 2452 Babylon,
659 2417 734 2451 cujus
755 2417 901 2443 mirabilem

118 2464 340 2491 constructionem
363 2464 477 2498 gentium
499 2463 576 2489 etiam
598 2462 760 2489 continenda!
778 2462 898 2489 historia.

118 2510 239 2545 Babylon
247 2510 338 2545 quippe
351 2510 538 2543 interpretatur
545 2508 679 2536 confusio.
690 2508 722 2534 Et
735 2508 880 2542 Abydenus
892 2515 898 2533 :

124 2557 156 2583 '0
170 2556 197 2582 δὲ
211 2557 291 2588 τόπος
305 2557 334 2582 ὲν
346 2552 367 2589 ᾧ
383 2555 427 2581 τὸν
442 2555 544 2590 πῧργον
557 2550 741 2589 ᾠκώόμησᾶν,
752 2553 798 2580 νῦν
815 2553 902 2579 Βαϐυ-

118 2602 174 2628 λὼν
188 2602 309 2628 καλεῖται
326 2601 369 2628 διὰ
384 2601 433 2637 τὴν
454 2601 582 2635 σύγχυσιν
611 2600 656 2626 τοῦ
672 2600 735 2636 περὶ
743 2600 799 2635 ’τὴν
813 2599 900 2626 διάλε-

119 2657 183 2674 κτον
203 2648 310 2683 πρῶτον
332 2647 472 2683 ἐναργοῦς.
488 2646 605 2682 Ἑϐραῖοι
628 2646 681 2681 γὰρ
702 2645 750 2681 τὴν
771 2645 901 2680 σύγχυσιν

119 2694 204 2730 βαϐὲλ
220 2695 356 2721 καλοῦσιν.
371 2694 435 2720 Eam
458 2697 583 2720 aeturate
599 2692 756 2719 describunt.
778 2691 900 2718 Herodo-

119 2745 176 2773 tus,
192 2740 240 2767 lib.
257 2749 263 2767 ι
277 2740 416 2774 ;Curtius.
440 2740 486 2767 lib.
508 2747 542 2773 v;
566 2738 748 2765 Philostratus
762 2745 780 2765 I.
796 2737 902 2765 Pausa-

119 2787 182 2813 nias
200 2786 282 2812 tradit
302 2786 422 2812 omnium
438 2792 518 2820 quam
534 2791 652 2818 unquam
670 2784 710 2810 sol
733 2784 837 2818 aspexit
853 2792 900 2810 ur-

121 2832 195 2858 bium
206 2833 350 2859 maxiinam
361 2841 369 2866 ;
381 2832 451 2858 muri
460 2832 590 2858 ambitum
600 2830 693 2857 habuit
704 2834 899 2862 trecentorum,

121 2882 148 2904 ct
163 2879 300 2914 octoginta
313 2879 433 2914 quinque
456 2878 624 2910 stadiorum;
649 2884 764 2912 quorum
785 2876 901 2904 altitudo

236 3146 1264 3387 Ὗ

957 253 1040 286 pedes
1055 251 1140 279 ternis
1153 251 1245 286 digitis
1259 258 1386 277 mensura
1399 251 1531 286 ampliore
1541 259 1621 285 quam
1634 256 1738 281 nostra.

956 297 1004 324 Via
1021 298 1047 324 in
1064 297 1200 324 mmnibus
1221 297 1288 331 ipsis
1312 301 1366 323 tam
1389 297 1453 329 lata,
1480 301 1507 323 nt
1529 297 1669 332 qnadrigm
1688 299 1741 326 sibi

955 343 1070 369 invicem
1107 346 1283 369 occurrentes
1306 341 1385 368 facile
1409 343 1577 376 pertransire
1608 347 1740 377 possent;

954 388 1027 423 quod
1051 388 1194 422 Antipater
1217 388 1353 422 expressit
1376 395 1437 414 cum
1464 388 1609 423 ἐπίδρομον
1637 389 1741 424 ἅρμασι

953 436 1041 469 τεῖχος
1057 440 1164 460 ιιιιιι·ιιιιι
1179 434 1371 468 appellavit,et
1383 432 1519 468 Propert.,
1537 433 1583 460 lib.
1597 441 1625 460 ιιι
1646 443 1652 460 :

990 480 1023 507 Et
1042 480 1094 506 duo
1111 480 1137 505 in
1154 480 1292 506 adversum
1310 480 1381 505 misit
1401 487 1446 513 per
1461 480 1558 506 nutritio
1575 487 1670 507 currus

1025 515 1064 542 Ne
1081 521 1186 549 possent
1207 519 1277 541 tacto
1293 515 1421 549 stringere
1442 515 1473 540 ab
1488 522 1536 541 aa'e
1554 514 1636 541 latus.

955 558 1019 593 Ejus
1043 559 1168 586 conditor
1194 559 1318 585 laudatur
1350 559 1491 591 Nemrotli,
1514 553 1641 594 Josepho,
1664 559 1711 586 lib.
1730 567 1739 587 ι

952 606 1054 641 Antiq.,
1064 605 1185 636 Zonarar,
1197 605 1330 637 Cedreno,
1341 606 1400 632 aliis
1411 615 1416 632 2
1428 605 1594 638 Marcellino,
1605 606 1740 639 lib.xxtn,

952 651 1046 684 Belus;
1060 650 1195 685 Stephano
1210 650 1329 686 Babylon
1346 650 1414 678 Medi
1429 651 1501 678 [ilius
1516 660 1522 678 :
1536 650 1661 677 Βαϐυλὼν
1671 651 1740 687 Περ-

953 696 1015 732 σικὴ
1030 697 1114 727 πόλις,
1131 695 1305 731 μητρόπολις,
1323 695 1451 722 Σελευκία
1469 695 1621 731 καλουμένη
1633 716 1640 729 ,
1657 695 1740 722 Βαϐυ-

951 743 1034 774 λῶνος
1049 742 1143 777 ἀνδρὸς
1163 742 1265 777 κτίσμα
1283 742 1458 773 παλαίτατον,
1476 740 1629 775 σοφωτάτου
1646 737 1739 775 παιδὸς

951 788 1053 824 Μήδου,
1070 789 1128 823 οὐχ,
1144 788 1181 819 ὡς
1198 788 1345 823 Ἡρόδοτος,
1356 789 1407 814 ὑπὸ
1423 788 1620 823 Σεμιράμιδος’
1638 790 1739 825 ταύτης

950 831 1003 867 γὰρ
1021 830 1054 867 ἦν
1075 832 1238 868 ἀρχαιοτέρα
1250 832 1321 859 ἔτεσι
1338 833 1431 868 χιλίοις
1447 833 1507 866 δύο,
1533 834 1570 865 ὡς
1590 833 1737 869 ⁷Ερρἁιος.

919 885 937 911 [ς
953 878 1078 912 Plerique
1090 879 1135 905 alii
1150 878 1355 906 Semiramidem
1369 884 1509 914 parentem
1525 880 1637 908 faciunt.
1655 880 1739 908 Clau-

952 925 1060 955 dianus,
1077 924 1104 951 in
1123 924 1195 951 Ruﬁ.
1211 925 1258 951 lib.
1279 933 1286 951 ι
1309 933 1314 949 :

991 969 1114 1006 Creditur
1125 976 1149 997 et
1167 976 1268 997 centum
1282 971 1366 1005 portis
1381 970 1518 1006 Babylona
1530 972 1668 1006 superbam

990 1005 1130 1033 Femineas
1145 1008 1275 1033 struxisse
1295 1007 1379 1033 labor.

951 1051 983 1077 Et
997 1050 1119 1087 Propert.
1140 1051 1187 1078 lib.
1204 1059 1251 1078 tn:

986 1097 1129 1133 Persarum
1145 1099 1239 1124 statuit
1256 1097 1393 1133 Babylona
1405 1098 1561 1125 Semiramis
1577 1098 1668 1126 urbem

1025 1132 1058 1159 Ut
1073 1133 1185 1159 solidum
1201 1139 1273 1160 cocto
1289 1134 1389 1160 tolleret
1402 1142 1493 1169 aggere
1511 1142 1586 1168 opus.

952 1176 989 1204 De
1002 1176 1138 1212 Babylone
1149 1178 1209 1205 vide
1223 1179 1299 1212 plura
1314 1179 1383 1212 apud
1393 1177 1734 1206 Abrabamumllorteli’tm

952 1222 979 1248 in
993 1222 1124 1249 Thesauro
1136 1224 1288 1257 geograp/i.,
1308 1223 1463 1250 lllattha'um
1480 1223 1615 1251 Baderum
1627 1224 1653 1250 in
1668 1223 1739 1250 Mar-

952 1268 1052 1301 tialem,
1070 1269 1116 1295 lib.
1134 1277 1152 1300 ι,
1167 1270 1247 1304 epist.
1267 1270 1292 1303 l;
1310 1269 1484 1301 Strabonem,
1501 1270 1546 1297 lib.
1562 1277 1623 1302 va;
1643 1269 1739 1296 Diodo-

952 1321 1010 1339 rntn
1035 1313 1168 1347 Siculum,
1187 1315 1234 1341 lib.
1260 1323 1308 1348 tu;
1328 1315 1477 1346 Justinum,
1507 1316 1552 1342 lib.
1570 1324 1589 1349 1,
1605 1315 1737 1343 Joannem

952 1358 1085 1386 Bodinum
1103 1360 1130 1386 in
1157 1361 1322 1395 Compendio
1344 1360 1486 1393 histOrico,
1513 1360 1686 1395 Rodiginum,
1710 1365 1738 1387 «ιι

953 1405 1030 1432 alios.
1046 1404 1127 1432 Plura
1141 1413 1191 1433 nos
1204 1406 1267 1433 item
1282 1406 1444 1433 notabamus
1460 1406 1561 1433 nostris
1574 1407 1599 1433 in
1615 1406 1738 1433 Philonis

952 1449 1073 1484 Byzantii
1085 1450 1118 1478 de
1127 1455 1228 1486 septem
1235 1450 1310 1478 orbis
1317 1451 1481 1486 spectaculis
1488 1451 1617 1483 libellum,
1631 1452 1722 1486 elegan
1729 1466 1738 1471 -

952 1496 1085 1523 tissimum
1105 1496 1177 1523 illum
1195 1496 1315 1531 quidem,
1327 1497 1360 1523 de
1373 1495 1509 1532 Babylone
1524 1501 1551 1523 et
1568 1497 1627 1531 ejus
1640 1497 1735 1524 muris.

986 1553 1066 1584 lbid.,
1093 1554 1141 1581 lin.
1169 1553 1213 1580 56.
1231 1555 1378 1586 Ἕκαστος
1403 1554 1477 1589 γοῦν
1506 1553 1572 1586 τήν.
1604 1553 1735 1581 ῡὶςιίιιιιι

951 1600 1096 1626 admodum
1121 1605 1213 1626 noster
1229 1599 1389 1627 Eustathius
1409 1600 1597 1627 successiones
1619 1600 1735 1627 ﬁliorum

951 1646 1006 1672 Noe
1030 1645 1212 1679 prosequitur,
1230 1649 1256 1672 et
1282 1650 1359 1672 terrae
1375 1645 1547 1673 divisionem.
1570 1645 1601 1672 lli
1619 1654 1736 1681 namque

951 1691 1071 1717 omnium
1097 1689 1237 1716 hominum
1262 1695 1389 1724 parentes
1414 1691 1510 1717 merito
1534 1691 1586 1717 dici
1610 1695 1736 1725 possunt,

952 1744 1012 1763 t-um
1030 1735 1126 1770 reliqui
1142 1743 1273 1770 aquarum
1296 1735 1340 1761 illa
1355 1735 1534 1762 inundatione
1548 1736 1690 1769 ubiisscnt,
1707 1740 1735 1763 et

951 1790 983 1808 ex
1001 1782 1043 1809 his
1065 1785 1221 1808 nostrorum
1242 1781 1362 1807 omnium
1379 1786 1457 1808 ortus
1479 1782 1669 1816 agnoscendus
1683 1787 1735 1809 est.

953 1827 1002 1853 Per
1015 1835 1109 1854 onmes
1122 1826 1192 1854 enim
1211 1826 1304 1853 mundi
1328 1832 1419 1861 partes
1434 1827 1523 1854 dilIusi
1541 1835 1626 1862 genus
1642 1828 1737 1854 huma-

952 1881 1015 1899 num
1032 1878 1225 1907 propagarunt,
1241 1881 1344 1907 suaque
1359 1873 1476 1908 posteris
1491 1874 1600 1900 nomina
1626 1874 1738 1900 immor-

952 1918 1074 1949 talitatis,
1087 1923 1114 1944 et
1128 1918 1265 1944 memoriae
1283 1926 1348 1952 ergo
1365 1918 1586 1945 transmiserunt.

987 1964 1066 1995 lbid.,
1090 1964 1138 1990 lin.
1162 1964 1206 1990 Η.
1231 1964 1291 1990 Τῶν
1309 1965 1460 1998 Ἑλλήνων
1483 1964 1567 1998 μετά.
1585 1963 1647 1992 lla3c
1669 1971 1736 1992 sane

952 2010 1003 2037 fuit
1022 2009 1176 2036 Gl'iECOl‘lllll
1201 2010 1369 2044 pratstantia,
1388 2010 1443 2036 haec
1459 2011 1555 2041 virtus,
1581 2010 1647 2037 solis
1669 2010 1735 2044 ipsis

952 2064 1093 2088 concessa,
1114 2056 1243 2090 denegata
1267 2056 1384 2088 ca‘teris,
1400 2060 1428 2081 ut
1452 2060 1557 2090 reperta
1576 2055 1610 2082 ab
1631 2055 1692 2082 aliis
1708 2057 1734 2082 in

953 2101 1089 2127 meliorem
1117 2101 1221 2135 frugem
1247 2101 1417 2133 reducerent,
1441 2101 1535 2127 mutila
1555 2102 1733 2136 perlicerent,

952 2145 1064 2174 confusa
1081 2147 1286 2179 distribuerent,
1306 2154 1402 2174 manca
1417 2147 1584 2181 supplerent,
1599 2146 1735 2181 superﬂua

952 2192 1106 2227 demerent;
1120 2200 1174 2220 non
1186 2193 1312 2227 barbare,
1326 2201 1380 2221 non
1398 2192 1621 2224 indistincte,sed
1633 2193 1735 2227 optima

953 2239 1088 2270 methodo,
1105 2239 1289 2274 pulcherrimo
1303 2239 1421 2274 eloquio,
1434 2243 1460 2266 et
1476 2239 1617 2273 aptissima
1632 2238 1735 2264 oratio-

951 2285 995 2312 nis
1011 2289 1165 2318 structura;
1181 2286 1266 2312 multa
1279 2285 1359 2313 etiam
1378 2286 1429 2320 ipsi
1439 2285 1602 2318 invenirent,
1618 2292 1679 2319 quae
1696 2284 1739 2310 ita.

951 2330 1120 2365 perlicerent,
1141 2335 1170 2358 ιιι
1185 2338 1265 2358 nemo
1280 2331 1321 2358 vel
1338 2331 1372 2359 iis
1388 2331 1488 2366 aptius,
1504 2331 1545 2357 vel
1561 2329 1740 2356 commodius.

951 2375 1041 2403 dicere
1060 2377 1187 2411 potuerit.
1208 2376 1279 2409 Quid
1291 2377 1398 2412 gannis.
1422 2381 1449 2403 et
1463 2376 1580 2402 blateras
1597 2375 1734 2409 ineptissi-

951 2428 1012 2447 mus
1025 2421 1105 2455 Anni,
1121 2422 1153 2448 iis
1166 2429 1212 2456 per
1227 2429 1296 2456 quos
1312 2421 1478 2456 profeceras,
1494 2421 1516 2447 si
1531 2420 1596 2455 quid
1614 2427 1732 2454 unquam

951 2466 979 2492 in
996 2467 1093 2494 litteris
1120 2467 1272 2501 proiecisti,
1292 2467 1392 2495 rustice
1415 2465 1599 2502 ingratus?Si
1615 2465 1700 2492 Graeci
1716 2466 1734 2491 ii

951 2516 1025 2545 sunt,
1042 2521 1111 2547 quos
1132 2518 1160 2539 tu
1176 2513 1308 2545 somnias,
1324 2513 1387 2548 quid
1409 2517 1448 2540 tot
1464 2512 1616 2548 vigiliarum
1633 2511 1660 2537 in
1678 2510 1748 2537 illis'

951 2558 1142 2586 elucubrandis
1177 2559 1363 2594 nugamenta?
1377 2559 1446 2592 Quid
1467 2563 1506 2586 tot
1524 2561 1669 2592 congestas
1691 2557 1736 2584 in-

951 2604 1038 2637 eptias
1053 2603 1156 2630 insulse
1173 2603 1323 2639 impendis?
1339 2604 1409 2636 Quid
1424 2605 1450 2630 in
1466 2604 1519 2631 illis
1530 2599 1755 2648 commentariis}

952 2649 1120 2675 illustrandis
1142 2656 1251 2684 operam
1269 2648 1379 2684 perdis?
1394 2648 1440 2676 Nae
1465 2653 1493 2675 tu
1514 2656 1565 2675 una
1585 2656 1647 2675 eum
1668 2648 1731 2679 illis,
1750 2653 1766 2674 ’τ

951 2703 1019 2729 quos
1037 2694 1135 2721 studiis
1162 2695 1272 2726 adoras,
1291 2695 1381 2729 lingua
1404 2695 1495 2729 iniqua
1511 2692 1681 2728 impudenter
1693 2693 1734 2720 la-
1767 2688 1771 2690 ’

951 2747 1038 2770 ceras,
1059 2740 1100 2766 vel
1119 2740 1249 2771 insanire,
1266 2740 1306 2766 vel
1322 2739 1414 2771 lallax,
1429 2743 1455 2765 et
1471 2739 1603 2773 impostor
1614 2746 1675 2767 esse
1689 2738 1733 2766 de-

951 2785 1144 2821 prehenderis!
1163 2785 1247 2813 Graeci
1260 2789 1333 2816 sunt,
1350 2792 1419 2819 quos
1431 2785 1487 2819 ipse
1501 2785 1584 2812 duces
1597 2785 1730 2819 sequeris,

951 2835 975 2859 et
995 2839 1028 2859 eo
1042 2832 1097 2859 illis
1118 2832 1281 2867 perversior,
1302 2831 1374 2866 quod
1396 2838 1457 2858 cum
1474 2838 1521 2859 eos
1539 2835 1666 2866 tanquam
1680 2831 1739 2858 ini--

951 2881 1075 2912 postores
1099 2885 1222 2911 accuses,
1241 2885 1335 2905 eorum
1359 2881 1449 2905 tamen
1473 2877 1593 2911 vestigiis
1614 2877 1738 2905 insistis-
