3952 6204
182 288 293 347 997

1264 282 1331 339 IN
1372 276 1740 337 EUS’I‘ATHII
1775 274 2250 335 HEXAEMERON
2278 277 2506 337 ΝΟΤιΕ.

3319 279 3425 337 998

182 420 499 479 rouynum,
546 420 614 460 ex
652 402 895 460 Hebraeis
928 401 1223 474 Josephum
1246 443 1262 470 ,
1301 409 1359 458 et
1394 417 1460 459 ex
1492 397 1760 457 Chaldaeis
1786 399 1837 457 Δ
1864 393 2161 467 Scriptura:
2196 399 2317 456 loca
2352 398 2508 469 bene;
2540 380 2975 463 considerentur,
3010 396 3171 459 aliam
3207 406 3425 471 gentem

179 499 470 555 Berosum.
525 496 821 553 Eusebium
867 497 985 552 scio
1019 495 1269 551 Graecum
1313 496 1534 551 natione
1561 492 1752 557 fuisse,

180 590 436 648 Gracum
461 590 573 644 late
600 600 819 659 sumpto
840 589 1126 654 vocabulo,
1151 588 1445 659 Graeceque
1465 585 1755 657 scripsisse

182 684 617 753 Hieronymum;
654 680 751 736 sed
793 689 913 736 esto
969 680 1228 747 Latinus;
1275 679 1573 751 Josephum
1624 679 1755 733 reli-

181 774 349 845 gione
383 772 656 841 Judaeum,
714 774 1016 844 scriptione
1064 773 1332 829 Griecum.
1387 771 1483 828 Sat
1511 773 1667 837 bene,
1699 780 1754 827 at

182 864 461 923 Eusebius
489 864 763 935 quomodo
790 864 1058 921 Latinus?
1083 867 1165 920 An
1197 865 1326 936 quia
1347 865 1461 935 ipse
1492 880 1616 920 eum
1652 863 1753 916 La-

180 960 363 1014 tinum
390 956 623 1028 legerit?
650 957 747 1012 sed
782 957 909 1028 legit
937 965 991 1014 et
1012 956 1265 1012 Latinum
1292 956 1587 1027 Josephum
1619 958 1750 1026 (non

179 1049 335 1105 enim
384 1048 522 1103 tanti
582 1046 686 1102 fuit
729 1048 818 1104 hic
863 1058 1056 1104 auctor
1102 1057 1162 1103 ut
1199 1048 1418 1106 Graecos
1476 1059 1749 1112 auctores,

179 1139 373 1197 Graece
408 1139 692 1209 loquentes
726 1140 1077 1207 percurrerit,
1106 1146 1167 1193 ut
1201 1139 1405 1210 passim
1451 1139 1637 1195 videre
1667 1146 1753 1195 est

180 1233 242 1287 in
267 1232 373 1288 hoc
401 1232 628 1301 libello),
647 1239 702 1286 et
732 1229 984 1287 Latinum
1016 1232 1301 1297 Berosum,
1334 1247 1435 1288 nec
1462 1241 1642 1288 tamen
1668 1234 1752 1288 in-

175 1332 269 1380 ter
297 1323 521 1381 Latinos
553 1332 895 1380 annumerat.
945 1325 1003 1381 Si
1053 1326 1237 1397 itaque
1269 1341 1381 1381 non
1435 1328 1749 1398 scriptione,

176 1417 281 1473 sed
306 1426 503 1473 natura
529 1425 583 1474 et
613 1418 722 1473 ritu
748 1422 920 1491 genus
944 1418 1144 1475 Tarafa
1172 1420 1456 1492 dijudicat,
1483 1421 1751 1478 Eusebius

177 1511 291 1564 erit
322 1509 562 1567 Graecus.

104 1584 123 1603 ’
253 1600 374 1657 Col.
406 1600 533 1665 753,
568 1602 661 1656 lin.
697 1604 786 1657 52.
811 1606 1028 1674 Γαμερ,
1054 1603 1222 1671 ὅστις
1238 1606 1549 1675 Γαμαρεῖς.
1582 1606 1751 1663 Chro-

177 1694 342 1748 nicon
379 1694 800 1750 Alexandrinum
840 1698 1119 1764 Κελκαῖοι,
1139 1697 1428 1763 Eusebius,
1452 1699 1748 1753 Καππάδο-

1858 494 1912 543 et
1948 488 2224 546 nationem
2252 491 2511 555 innuunt,
2543 504 2708 561 quam
2746 507 2868 547 eam
2913 490 2982 545 ad
3030 505 3196 561 quam
3241 491 3428 546 omnia

1856 579 1947 636 isti
1982 579 2091 636 duo
2131 590 2385 637 auctores
2427 580 2690 638 referunt.
2726 581 2917 653 Populi
2962 597 3200 653 namque
3241 584 3430 639 Ibero-

1856 686 1977 726 rum
2008 680 2164 727 erant
2194 672 2249 727 in
2279 672 2409 728 Asia
2445 671 2655 727 nationi
2680 672 2983 744 Chalybum
3010 673 3214 733 vicina,
3239 672 3430 743 ibique

1857 778 2025 820 venas
2051 766 2354 821 metallicas
2380 766 2887 835 perscrutabantur.
2922 764 3056 821 Nam
3089 773 3144 821 et
3177 764 3426 822 Ezechiel

1859 856 2094 911 collocat
2146 856 2358 911 Thubal
2416 857 2474 912 in
2545 858 2996 928 septentrionem.
3045 856 3299 914 Justinus
3324 857 3421 913 lib.

1859 954 2134 1018 postremo
2188 948 2382 1003 scribit
2436 948 2705 1022 Chalybes
2755 950 2809 1005 in
2846 950 3163 1019 Hispaniam
3189 950 3422 1014 venisse,

1859 1049 1918 1094 ut
1969 1038 2232 1094 credibile
2262 1039 2335 1094 sit
2385 1039 2534 1097 illius
2578 1041 2828 1096 homines
2881 1043 3199 1112 quaesivisse
3255 1058 3425 1099 venas

1856 1131 2176 1197 metallicas,
2208 1136 2262 1186 et
2288 1132 2345 1186 in
2379 1132 2508 1187 aliis
2551 1133 2732 1187 terris.
2774 1132 3066 1197 Eusebius,
3115 1134 3319 1197 Θωσὲλ,
3363 1134 3424 1201 ἐξ

1855 1216 1916 1277 οὗ
1946 1222 2223 1277 Θετταλοί.
2253 1221 2553 1279 Chronioon
2586 1225 3026 1290 Alexandrinum,
3056 1224 3242 1287 Θοϐὲλ,
3275 1224 3333 1292 ἐξ
3361 1214 3424 1280 οὗ

1855 1314 2190 1369 Μακουακοί.
2244 1316 2344 1373 His
2393 1332 2495 1373 nec
2540 1317 2753 1374 Annius
2786 1331 2890 1373 nec
2937 1315 3134 1371 Taral'a
3180 1316 3423 1372 animum

1857 1406 2228 1461 adverterunt.

1926 1496 2087 1563 Ibid.,
2141 1498 2239 1551 lin.
2293 1496 2380 1551 57.
2442 1495 2621 1565 ὀσὸχ
2649 1495 3091 1567 Μεσχηναίους.
3132 1493 3420 1564 Iosephus,

1856 1587 1966 1640 Καὶ
1994 1587 2250 1657 Μεσχινοὶ
2271 1587 2336 1641 δὲ
2369 1587 2474 1640 ὑπὸ
2500 1588 2719 1657 Μέσχου
2752 1586 3080 1648 κτισθέντες.
3127 1585 3421 1638 Καππάδο-

1855 1697 1949 1744 κες
1983 1680 2080 1751 μὲν
2111 1679 2219 1752 γὰρ
2239 1680 2363 1752 ἄρτι
2395 1678 2720 1751 κέκληνται,
2753 1682 2850 1752 τῆς
2885 1679 2941 1733 δὲ
2977 1678 3210 1750 ἀρχαίας
3242 1675 3424 1730 αὐτῶν

178 1803 300 1851 χες.
348 1786 482 1841 Cum
530 1786 818 1844 Eustathio
863 1799 947 1845 est
970 1760 1237 1861 Josephus
1277 1760 1422 1846 lib.
1461 1790 1748 1863 Antiquit.,

1859 1770 2220 1842 προσηγορίας
2258 1773 2480 1841 σημεῖον
2512 1770 2800 1825 δείκνυται.
2837 1770 2999 1833 Πόλις
3020 1771 3128 1842 γάρ
3153 1773 3269 1824 ἐστι
3295 1768 3423 1843 παρ’

178 1896 305 1952 cap.
338 1880 369 1935 7
404 1900 419 1937 :
459 1882 597 1947 Τοὺς
648 1883 746 1955 μὲν
790 1884 899 1956 γὰρ
944 1884 1039 1940 νῦν
1086 1886 1176 1956 ὑφ’
1221 1885 1483 1958 Ἑλλήνων
1510 1886 1752 1952 Γαλάτας

177 1965 584 2043 καλουμένους,
643 1974 914 2047 Γομαρεῖς
969 1975 1057 2030 δὲ·
1084 1975 1426 2047 λεγομένους,
1508 1979 1752 2051 Γομαρδς

178 2059 387 2115 ἔκτισε.
424 2061 506 2116 Ab
540 2062 644 2117 hoc
673 2071 824 2118 ortos
870 2079 991 2120 esse
1036 2063 1380 2131 Cimmerios,
1421 2068 1514 2138 qui
1561 2080 1751 2139 postea

178 2151 392 2207 Cimbri
422 2154 554 2208 dicti
584 2166 712 2210 sunt
740 2155 1318 2225 quidamexistimant,
1351 2168 1406 2215 et
1429 2161 1752 2218 Cimmerios

191 2244 368 2300 fuisse
423 2245 566 2299 ultra
622 2244 910 2302 Thraciam
960 2247 1106 2304 circa
1163 2248 1467 2307 Mmotidem
1495 2254 1748 2322 paludem

178 2337 421 2406 probant
454 2353 521 2392 ex
553 2352 674 2409 cap.
722 2355 930 2395 xxxvnt
964 2340 1282 2407 Ezechielis,
1323 2343 1416 2414 qui
1444 2342 1646 2399 Gomer
1695 2353 1750 2400 et

175 2425 443 2498 Jogorma
471 2430 640 2485 latera
667 2446 790 2487 esse
819 2430 1107 2503 Aquilonis
1137 2435 1349 2489 scribit.

252 2516 420 2584 Ibid.,
464 2518 559 2573 lin.
604 2520 693 2575 54.
734 2521 913 2594 Ἁτὼγ
948 2524 1267 2595 Μανώδεις.
1297 2524 1597 2597 Josephus,
1626 2529 1751 2583 Ma-

175 2606 369 2681 γὼγης
402 2610 459 2664 δὲ
504 2613 629 2676 τοὺς
682 2614 773 2668 ὑπ’
822 2614 986 2669 αὐτοῦ
1030 2617 1309 2686 Μαγώγας
1357 2617 1751 2690 ὀνομασθέντας

177 2700 386 2771 ᾤκισε,
440 2700 651 2766 Σκύθας
702 2703 758 2756 δὲ
808 2705 898 2758 ὑπ’
929 2704 1108 2759 αὐτῶν
1158 2709 1746 2780 προσαγορευομένους.

98 2864 106 2873 .
178 2789 475 2856 Eusebius,
525 2793 586 2858 ἐξ
637 2788 699 2848 οὗ
748 2795 961 2860 Κελτοὶ,
1007 2796 1101 2850 καὶ
1143 2797 1395 2854 Γαλάται.
1455 2799 1748 2856 Chronicon

178 2880 627 2949 Alexandrinum,
658 2882 717 2948 ἐξ
746 2877 807 2938 οὗ
851 2886 1188 2958 ’Δκυρτανοί.
1223 2887 1448 2945 Gentem
1474 2891 1615 2946 hanc
1638 2891 1750 2946 Ma-

174 2988 443 3044 gogorum
494 2973 743 3029 Ezechiel
799 2980 1272 3047 septentrionalem
1324 2997 1450 3037 esse
1506 2983 1639 3039 dicit
1692 2992 1749 3039 et

175 3066 424 3166 externis
465 3068 798 3166 temporibus
841 3070 948 3126 late
996 3079 1328 3128 vastaturam
1368 3076 1557 3139 lsrael,
1602 3079 1746 3134 unde
1774 3104 1820 3166 ρ

174 3169 291 3209 non
312 3156 584 3212 immerito
619 3155 894 3230 Scythiam
926 3175 1050 3217 esse
1091 3171 1278 3217 noster
1320 3161 1638 3221 Eustathius
1663 3168 1745 3221 af-

175 3249 382 3302 ﬁrmat.
430 3246 754 3320 Scytharum
789 3252 974 3322 plures
1020 3254 1270 3310 nationes
1315 3262 1370 3309 et
1412 3271 1601 3312 eorum
1646 3275 1747 3313 no-

174 3342 330 3396 mina
362 3341 482 3397 vide
514 3343 656 3412 apud
672 3343 1039 3400 Abruhamum
1058 3347 1360 3402 Hortelium
1385 3349 1445 3404 in
1479 3350 1746 3407 Thesauro

171 3428 546 3496 geographica.
597 3427 792 3483 Strabo
827 3429 1035 3493 scribit,
1064 3431 1158 3486 lib.
1192 3448 1231 3495 ι,
1262 3447 1454 3488 omnes
1499 3436 1747 3505 cognitas

176 3520 438 3589 regiones
485 3535 679 3576 versus
721 3524 1141 3591 septentrionem
1174 3538 1286 3577 uno
1314 3526 1470 3593 prius
1502 3527 1744 3594 nomine,

172 3610 264 3666 vel
296 3609 549 3683 Scythas,
591 3614 675 3669 vel
707 3622 766 3668 ut
792 3615 860 3670 ab
889 3617 1128 3671 Homero
1152 3612 1422 3672 Nomades
1448 3618 1747 3688 appellatas

171 3702 322 3759 idem
354 3706 567 3761 videtur
595 3722 862 3773 asserere,
894 3718 950 3764 et
985 3710 1021 3764 l.
1062 3725 1120 3765 ιι.

248 3796 410 3858 Ibid..
442 3798 538 3853 lin.
566 3799 656 3853 55.
699 3799 863 3856 Ἀδατ
884 3801 1206 3868 Μαδαιους.
1229 3800 1519 3874 Iosephus,
1550 3802 1748 3858 Τῶνδδ

184 3889 407 3959 Ἰάφθου
443 3891 645 3945 παίδων
682 3892 916 3947 Ἰαυάνου
948 3894 1042 3947 καὶ
1090 3894 1295 3949 Μάδου.
1335 3895 1469 3949 Ἀπὸ
1513 3896 1610 3967 μὲν
1651 3913 1746 3950 του

170 3982 411 4036 Μαδαῖοι
443 3983 739 4053 γίγνονται,
787 3984 939 4049 ἔθνος
985 3985 1014 4039 δ
1066 3988 1201 4059 πρὸς
1259 3987 1528 4061 Ἐλλήνων
1574 3990 1747 4059 Μῆδοι

172 4074 489 4148 κέκληνται.
514 4076 799 4143 Eusebius,
822 4078 882 4143 ἐξ
907 4073 969 4132 οὗ
992 4078 1184 4149 Μῆδοι.
1210 4078 1506 4136 Chronicou
1523 4082 1750 4137 Alexan-

170 4168 415 4231 drinum,
443 4167 707 4234 Madaiéﬁ
732 4163 793 4223 οὗ
824 4170 1132 4241 Βρεττανοί.
1162 4170 1300 4227 Medi
1345 4186 1533 4229 versus
1571 4175 1748 4229 orien-

172 4272 290 4317 tem
336 4264 612 4333 progressi
640 4271 787 4331 sunt,
821 4278 955 4334 gens
989 4263 1450 4343 nobiliset'dives
1496 4266 1542 4322 si
1573 4265 1748 4322 Hero-

173 4353 333 4419 doto,
386 4352 753 4425 Xenophonti,
804 4355 1036 4427 aliisque
1085 4357 1445 4428 scriptoribus
1475 4357 1610 4415 lides
1647 4359 1749 4413 ha-

171 4447 361 4504 benda
386 4456 492 4504 est.

246 4541 386 4596 ibid.
426 4542 614 4597 Ἰουὼν
653 4544 891 4601 Ἰωνίαν.
925 4544 1217 4616 Josephus,
1262 4545 1395 4600 Ἀπὸ
1419 4545 1476 4600 δὲ
1512 4545 1746 4601 Ἰαυάνου

183 4636 368 4690 Ἰωνία
414 4636 511 4691 καὶ
553 4637 755 4700 πάντες
799 4637 1056 4708 Ἕλληνες
1099 4638 1405 4707 γεγόνασιν.
1458 4636 1746 4703 Eusebius,

184 4726 400 4791 Ἷωυὰν,
436 4724 497 4793 ἐξ
547 4720 610 4781 οὗ
656 4727 915 4799 Ἕλληνες
965 4729 1061 4781 καὶ⁸
1111 4729 1161 4780 οὶ
1194 4728 1396 4790 Ἴωνες.
1448 4725 1747 4781 Chronicort

172 4818 624 4881 Alexandrinum,
667 4817 826 4871 ’ῐωυὰ
855 4816 1077 4881 Σπάνοι,
1102 4819 1148 4871 οἱ
1178 4818 1271 4872 καὶ
1299 4817 1603 4888 Τυράννιοι.
1641 4818 1749 4886 Ap-

173 4912 477 4982 pellatione
502 4909 699 4966 Jonum
721 4910 1109 4980 comprehendi
1142 4908 1360 4965 Graecos
1392 4908 1563 4963 ﬁrmis
1595 4910 1750 4964 testi-

1855 1861 2038 1924 αὐτοῖς
2075 1861 2154 1914 ἔτι
2187 1861 2282 1914 καὶ
2313 1860 2409 1916 νῦν
2454 1861 2691 1926 Μάζακα
2740 1859 2973 1931 δηλοῦσα
3018 1862 3129 1924 τοῖς
3183 1859 3423 1916 συνιέναι

1851 1953 2164 2025 δυναμένοις
2195 1952 2336 2009 οὕτω
2361 1954 2491 2008 ποτὲ
2522 1954 2953 2027 προσαγορευθὲν
2987 1955 3048 2007 τὸ
3078 1952 3250 2019 ἔθνος.
3312 1953 3424 2010 Eu-

1852 2045 2057 2109 sebius,
2105 2045 2310 2115 Μεσὸχ.
2354 2043 2413 2109 ἐξ
2459 2037 2519 2097 οὗ
2567 2042 2827 2114 Ἰλλυριοί.
2861 2042 3159 2098 Chroniron
3186 2043 3422 2099 Alexan-

1851 2136 2081 2201 drinum;
2109 2135 2317 2206 Μεσὸχ,
2344 2133 2407 2200 ἐξ
2433 2128 2495 2187 οὗ
2544 2132 2811 2186 Γετουλοί.
2853 2130 3083 2199 Quidam
3111 2131 3424 2188 existimant

1852 2225 1952 2281 hos
1972 2241 2094 2282 esse
2118 2225 2445 2282 Moscboviae
2467 2226 2718 2297 populos,
2745 2224 2892 2295 quia
2916 2226 3192 2279 veteribus
3215 2223 3422 2294 Μοσχι-

1852 2319 1937 2373 κοί
1983 2328 2037 2376 et
2086 2300 2446 2374 Μοσσύνοικοι
2499 2317 2752 2390 appellati
2811 2324 2961 2372 sunt.
3016 2315 3193 2386 Hujus
3241 2315 3422 2386 gentis

1850 2412 2024 2482 prima
2053 2411 2209 2467 sedes
2238 2410 2340 2465 fuit
2370 2410 2523 2465 littus
2552 2408 2712 2464 Ponti
2739 2405 2963 2472 Euxini,
2987 2414 3175 2477 postea
3208 2404 3424 2474 Cappa-

1849 2504 2015 2559 doces
2072 2502 2268 2569 fuere;
2323 2501 2516 2558 deinde
2569 2515 2764 2556 versus
2813 2498 3236 2569 septentrionem
3288 2510 3419 2565 pro-

1851 2609 2037 2668 gressa
2070 2603 2173 2651 est.

1919 2688 2036 2745 Col.
2071 2688 2194 2752 756,
2236 2688 2332 2742 lin.
2369 2686 2418 2740 l.
2456 2685 2663 2753 Θείρας
2687 2682 2828 2750 τοὺς
2855 2684 3080 2751 Θείρας.
3126 2680 3417 2751 Josephus,

1850 2781 2048 2852 Θείρης
2077 2780 2134 2834 δὲ
2161 2778 2357 2849 Θείρας
2384 2777 2483 2849 μὲν
2513 2776 2790 2840 ἐκάλεσεν,
2819 2770 2894 2829 ὧν
2924 2768 3123 2846 ἦρξενλ
3159 2771 3419 2842 Ἕλληνες

1850 2875 1908 2928 δὲ
1951 2874 2171 2945 Θρᾷκας
2228 2872 2426 2934 αὐτοὺς
2488 2869 2898 2941 μετωνόμασαν.
2946 2865 3245 2928 Eusebius,
3305 2862 3418 2934 Θη-

1854 2968 1986 3041 ρὰς,
2018 2964 2078 3030 ἐξ
2116 2958 2177 3020 οὗ
2209 2963 2440 3035 Θρᾷκες.
2493 2959 2786 3018 Chronicon
2838 2956 3276 3021 Alexandrinum,
3310 2955 3421 3025 Θη·

1855 3060 1985 3133 ρὰς,
2020 3058 2078 3124 ἐξ
2100 3053 2161 3113 οὗ
2200 3056 2412 3128 ’Δφροί.
2459 3052 2554 3109 Est
2582 3063 2635 3107 et
2666 3053 2722 3106 in
2752 3050 2950 3105 Russia
2979 3048 3175 3102 fluvius
3202 3045 3422 3101 nomine

1851 3151 2068 3214 Thiras,
2100 3163 2269 3219 quare
2300 3144 2544 3201 nonnulli
2577 3142 2928 3212 suspicantur
2957 3140 3025 3195 ab
3058 3139 3158 3193 hac
3184 3138 3421 3210 appella--

1852 3247 1998 3297 tione
2024 3241 2120 3295 ﬁlii
2154 3239 2371 3311 .laphet,
2396 3245 2449 3294 et
2474 3223 2705 3291 ﬂuvium.
2726 3240 2782 3289 et
2799 3241 3011 3305 gentem
3044 3237 3419 3302 nuncupatum

1850 3349 1992 3390 esse.

1927 3423 2083 3488 lbid.,
2118 3423 2215 3477 lin.
2241 3422 2296 3476 2.
2332 3417 2574 3490 Σχανὰε
2608 3417 2676 3482 ἐξ
2715 3412 2810 3472 οὗ.
2838 3413 3130 3483 Iosephus,
3158 3412 3416 3483 Γαμάρου

1852 3517 1909 3571 δὲ
1941 3514 2106 3587 τριῶν
2146 3511 2277 3566 υἱῶν
2330 3509 2654 3580 γενομένων,
2704 3503 3036 3576 Ἀσχανάξης
3071 3504 3171 3574 μὲν
3221 3502 3417 3573 ’Λοχα-

1852 3609 2018 3677 νάεας
2053 3608 2272 3680 ῷκισεν,
2303 3605 2352 3661 οἳ
2397 3604 2490 3659 νῦν
2543 3602 2789 3673 Ῥηγῖνες
2836 3599 2941 3653 ὑπὸ
2979 3595 3090 3650 τῶν
3151 3594 3416 3666 Ἑλλήνων

1853 3701 2159 3757 καλοῦνται.
2214 3698 2501 3759 Eusebius,
2567 3692 2854 3765 Ἀσχανάξ,
2910 3690 2970 3757 ἐξ
3016 3684 3078 3745 οὗ
3143 3689 3411 3760 Ῥηγῖνες.

1853 3794 2145 3849 Chronicon
2189 3788 2627 3850 Alexandrinum,
2695 3782 2996 3855 ’Δσχανὰθ,
3053 3781 3113 3847 ἐξ
3175 3776 3236 3837 οὗ
3295 3779 3417 3835 Μά-

1854 3889 2021 3953 ζικες.

1924 3979 2084 4044 lbitl.,
2120 3978 2215 4033 lin.
2253 3977 2307 4032 3.
2359 3973 2586 4043 Ῥιφὰθ,
2608 3970 2678 4037 ἐξ
2696 3960 2790 4027 οὗ.
2824 3967 3114 4040 Iosephus,
3156 3964 3417 4037 Ῥιφάθης

1851 4074 1908 4129 δὲ
1946 4071 2260 4141 Ῥιφαθέους
2303 4069 2428 4131 τοὺς
2471 4064 2826 4134 Παφλαγόνας
2870 4062 3212 4131 λεγομένους.
3249 4057 3418 4112 Euse-

1853 4168 1996 4234 bius,
2038 4165 2241 4237 Ῥιχάδ,
2271 4162 2331 4227 ἐξ
2361 4156 2421 4217 οὗ
2456 4158 2822 4233 Σαυρομάται.
2853 4152 3147 4210 Chronicou
3180 4150 3417 4204 Alexan-

1856 4263 2089 4325 drinum,
2146 4255 2370 4326 ⁸Ρυφὰθ,
2404 4254 2462 4322 ἐξ
2491 4249 2552 4308 οὗ
2582 4250 2939 4322 Ταράμαντες
2978 4244 3251 4315 ὲξώτεροι,
3296 4242 3417 4313 qui-

1854 4356 1978 4411 dam
2012 4359 2203 4424 putant
2235 4348 2517 4421 legendum
2544 4344 2917 4424 Γαράμαντες.

1781 4464 1826 4519 ι)
1925 4422 2083 4512 lbid.,
2113 4443 2208 4499 lin.
2238 4442 2290 4496 ι.
2316 4434 2736 4510 Θυγραμμάεις.
2757 4422 3046 4504 Iosephus,
3076 4428 3418 4500 Θυγράμμης

1849 4541 1907 4595 δὲ
1953 4536 2407 4610 Θυγραμμάνους,
2458 4531 2507 4585 οἳ
2559 4528 2715 4594 δόξαν
2744 4525 2970 4597 Ἕλλησι
3015 4521 3225 4610 Φρύγες
3279 4520 3416 4575 ὼνοο

1851 4632 2152 4706 μάσθησαν.
2210 4625 2496 4688 Eusebius,
2554 4618 2838 4695 Θοργαμὰ,
2891 4616 2951 4683 ἐξ
2994 4609 3055 4671 οὗ
3119 4613 3413 4706 Ἀρμένιοι.

1848 4701 2147 4781 Chronicon
2206 4717 2658 4781 Alexandrinum,
2716 4711 3047 4782 Θοσμαγάο,
3098 4706 3157 4771 ἐξ
3209 4701 3269 4761 οὗ
3318 4703 3417 4760 εο-

1851 4813 2080 4968 ρᾶῗθῖεί...
2118 4903 2213 4956 lin.
2250 4899 2305 4954 6.
2335 4897 2647 4962 Ἑλίσασα,
2679 4894 2747 4957 ἐξ
2769 4888 2864 4949 οὗ.
2896 4890 3185 4961 Iosephus,
3241 4885 3418 4941 Ἰαυά-

172 4980 384 5062 iuoniis
414 5006 633 5076 probari
672 5013 851 5077 potest
878 5021 946 5061 ex
978 5004 1217 5072 Daniele,
1253 5019 1377 5059 cum
1409 5003 1749 5059 eversionem

1859 5015 1939 5053 νου
1970 4998 2027 5051 δὲ
2074 4993 2166 5049 τοῦ
2212 4991 2424 5061 Ἰάφθου
2455 4987 2620 5060 τριῶν
2649 4985 2813 5041 αὐτοῦ
2842 4983 3044 5045 παίδων
3088 4980 3417 5052 γενομένων,

170 5098 337 5168 regni
386 5096 676 5155 Persarum
724 5096 898 5153 Javan
944 5099 1205 5163 nominet,
1247 5103 1302 5150 et
1352 5103 1531 5166 potest
1581 5094 1748 5150 etiam

170 5194 533 5264 profanorum
566 5192 896 5263 scriptorum
925 5192 1249 5246 auctoritate
1276 5189 1607 5245 conﬁrmari.

250 5281 416 5347 lbid.,
452 5283 550 5338 lin.
580 5282 667 5338 56.
718 5282 880 5336 Ὀὄὲλ
913 5284 1257 5348 Θεοόέλους.
1281 5279 1576 5352 Josephus,
1602 5282 1750 5334 Κατ-

172 5375 375 5440 «una:
423 5375 481 5429 δὲ
543 5377 638 5429 καὶ
684 5374 956 5447 Θοὸήλους
1000 5372 1259 5443 Θόδηλος,
1308 5373 1503 5435 οἵτινες
1537 5375 1594 5427 ὲν
1639 5376 1752 5436 τοῖς

175 5469 276 5523 νῦν
308 5469 528 5542 Ἴϐηρες
551 5470 861 5525 καλοῦνται.
885 5468 1139 5523 Pluribus
1168 5467 1217 5523 id
1252 5467 1482 5537 probare
1505 5468 1754 5520 nituntur

174 5560 422 5624 Annius,
452 5570 507 5616 et
536 5560 753 5622 Tural’a,
783 5576 850 5616 ex
879 5558 1209 5630 quibusdam
1248 5556 1438 5612 Iberia!
1469 5557 1752 5612 civitatum

177 5654 502 5710 nominibus
532 5654 763 5723 sumptis
792 5652 1151 5723 argumentis.
1194 5666 1356 5722 quem
1397 5659 1453 5705 et
1483 5650 1755 5719 Hispano-

180 5764 309 5807 rum
341 5751 574 5822 primum
624 5764 806 5819 regem
844 5746 1206 5802 constituunt.
1249 5742 1448 5799 Verum
1488 5742 1534 5797 si
1584 5756 1754 5797 sacra:

1860 5089 2073 5152 ’Δλίσας
2103 5086 2201 5159 μὲν
2245 5084 2544 5147 Ἁλισαίους
2573 5081 2849 5141 ἐκάλεσεν,
2880 5072 2954 5132 ὧν
2983 5072 3173 5148 ἦρχεν,
3210 5072 3417 5137 Αἰολεῖς

1847 5183 1903 5236 δὲ
1932 5181 2026 5235 νῦν
2051 5182 2177 5234 εἰσι.
2222 5177 2511 5239 Eusebius,
2541 5173 2777 5237 Ἐλισσά,
2802 5171 2863 5237 ἐξ
2898 5161 2959 5224 οὗ
2987 5167 3216 5222 Σικελοί.
3249 5164 3418 5220 Chro-

1850 5276 2001 5328 niccn
2039 5270 2479 5347 Ales/marinum,
2524 5267 2761 5328 Ἐλισσά,
2797 5263 2854 5331 ἐξ
2882 5258 2943 5316 οὗ
2972 5260 3205 5333 Μαῦροι.

1922 5366 2083 5427 lbid.,
2118 5365 2214 5419 lin.
2252 5365 2305 5420 Ἰ.
2342 5359 2604 5430 Θῳσῆς,
2633 5360 2733 5428 ἀφ’
2763 5353 2856 5413 οὗ.
2892 5353 3183 5424 Iosephus,
3208 5351 3419 5423 Θάρσος

1850 5461 1907 5515 δὲ
1933 5460 2181 5529 Θαρσεῖς.
2230 5455 2387 5509 Οὕτω
2419 5454 2527 5525 γὰρ
2556 5451 2798 5505 ἐκαλεῖτο
2839 5449 2899 5501 τὸ
2932 5447 3158 5501 παλαιὸν
3196 5447 3230 5516 ἠ
3259 5441 3417 5507 Κιλι-

1853 5552 1965 5608 κία.
2002 5551 2233 5622 Σημεῖόν
2282 5547 2372 5601 δέ’
2409 5544 2620 5618 Θαρσὸς
2666 5542 2776 5615 γάρ
2825 5541 2952 5613 παρ’
2985 5539 3165 5602 αὐτοῖς
3189 5537 3297 5591 τῶν
3323 5537 3418 5591 τεό-

1856 5645 1992 5699 λεων
2041 5642 2074 5712 ἡ
2103 5638 2503 5707 ἀξιολογωτάτη
2536 5635 2782 5690 καλεῖται
2817 5628 3151 5702 μητρόπολις
3176 5624 3332 5682 οὖσα.
3358 5627 3423 5679 τὸ

1854 5737 1955 5792 ταῦ
1989 5733 2124 5809 πρὸς
2157 5730 2255 5805 τὴν
2284 5730 2473 5803 κλῆσιν
2502 5729 2623 5784 ἀντὶ
2653 5725 2745 5781 τοῦ
2779 5725 2917 5796 θῆτα
2957 5719 3420 5794 μεταϐαλλόντων.
