3968 6914
520 289 624 343 999

1892 280 2137 338 LEOle
2173 280 2444 338 ALLATII

3600 289 3749 345 ιεοσ

522 403 821 469 Eusebius,
858 402 1105 473 Θαρσεῖς,
1146 400 1204 467 ἐξ
1247 396 1308 457 οὗ
1341 401 1575 475 Ἴϐηρες.
1611 401 1907 458 Chronicon
1955 403 2081 459 Ale-

2194 404 2372 469 iabus,
2398 403 2666 469 masculis,
2689 404 2877 468 brutis,
2904 413 2954 460 et
2985 407 3164 476 quovis
3182 406 3290 461 alio
3315 423 3518 477 genere,
3563 408 3629 463 ob
3651 410 3750 465 hoc

522 480 860 564 iandrinum,
893 498 1141 568 Θαρσεῖς,
1172 494 1230 562 ἐξ
1257 490 1318 549 οὗ
1345 496 1688 567 Ταράναντες
1714 494 1988 566 ἐσιίηεροι.

593 589 848 651 0013736,
867 590 962 644 lin.
984 587 1069 642 10.
1088 588 1299 656 Χεοείμ
1321 585 1587 655 Χεθειμά.
1610 584 1901 656 Josephus,
1917 584 2082 638 Χέθι-

527 704 624 759 μος
650 685 707 739 δὲ
754 681 968 753 Χεθιμὰ
1014 681 1112 753 τὴν
1141 681 1303 751 νῆσον
1356 679 1501 750 ἔσχε.
1538 677 1762 750 Κύπρος
1809 677 1944 749 αὕτη
1990 677 2084 733 νῦν

524 779 789 839 καλεῖται’,
816 777 907 829 καὶ
937 776 1029 828 ἀπ’
1051 774 1218 843 αὐτῆς
1237 772 1389 842 νῆσοί
1420 787 1480 824 τε
1508 772 1677 824 πᾶσαι
1701 771 1792 825 καὶ
1815 769 1885 823 τὰ
1916 769 2084 823 πλείω

524 869 631 923 τῶν
663 866 815 939 παρᾶ
863 865 1132 920 θάλασσαν
1168 860 1346 931 Χεθίμ
1376 860 1481 914 ὑπὸ
1530 859 1792 932 Ἐϐραίων
1823 860 2081 930 ὀνομάζε-

523 968 632 1014 ται.
667 961 889 1030 Μάρτυς
934 956 989 1010 δέ
1026 971 1127 1026 μου
1170 951 1265 1006 τοῦ
1308 951 1465 1020 λόγου
1498 951 1593 1023 μία
1631 952 1741 1005 τῶν
1769 953 1827 1005 ὲν
1874 952 2084 1022 Κύπρῳ

525 1051 729 1106 πόλεων
763 1050 1023 1121 ἰσχύσασα
1057 1048 1157 1118 τὴν
1195 1044 1559 1117 προσηγορίαν
1592 1042 1853 1114 φυλάξαι.
1881 1043 2084 1115 Κήθιος

524 1146 633 1217 γὰρ
664 1142 768 1197 ὑπὸ
807 1140 913 1194 τῶν
956 1138 1408 1208 ἐξελληνισάντων
1452 1138 1617 1207 αὐτὴν
1665 1135 1929 1198 καλεῖται,
1960 1135 2084 1207 μηδ’

523 1236 664 1289 οὕτω
690 1233 1052 1302 διαφεύγουσα
1084 1230 1175 1283 τοῦ
1209 1229 1447 1299 Χεθίμου
1475 1229 1535 1282 τὸ
1556 1228 1743 1299 ὄνομα.
1794 1227 2080 1291 Eusebius,

526 1328 724 1387 Κίτιοι,
779 1325 838 1390 ἐξ
870 1320 929 1378 οῦ
971 1324 1185 1376 Λατῖνοι
1231 1322 1281 1373 οἰ
1326 1319 1419 1373 καὶ
1459 1322 1736 1392 Ῥωμαῖοι.
1790 1318 2084 1375 Cltronicon

524 1418 962 1480 Alexandrinum,
1004 1414 1215 1477 Ῥόδιοι,
1247 1411 1307 1477 ἐξ
1346 1405 1407 1464 οῦ
1448 1412 1821 1491 Ῥωμαῖοι,μοί
1859 1412 1952 1465 mi.
1971 1414 2083 1468 Λα-

524 1513 678 1564 τῖνοι.
713 1510 846 1575 Quis
878 1508 989 1561 haec
1014 1507 1196 1575 legens
1221 1519 1327 1557 non
1356 1503 1658 1573 deplorabit
1687 1503 2082 1574 exscriptorum

527 1600 819 1663 inscitiam,
854 1595 1172 1651 dictantium
1202 1593 1568 1654 oscitantiam,
1601 1599 1655 1646 et
1686 1601 1970 1647 auctorum
1999 1592 2080 1646 ta-

528 1700 640 1744 tum
682 1690 951 1759 iniquum,
980 1684 1073 1754 qui
1112 1698 1172 1738 ea
1208 1697 1327 1752 quae
1370 1696 1543 1751 neque
1582 1682 1937 1750 scripserunt.
1985 1696 2084 1734 ne.

2186 495 2378 566 ejectus
2414 513 2446 549 a
2475 494 2617 550 lano
2648 496 2904 565 piissimo,
2927 507 2975 551 et
2998 499 3309 553 castimonia
3347 512 3505 570 atque
3539 501 3753 569 pudici-

2188 589 2262 641 tia
2326 588 2689 658 refertissimo,
2720 589 2939 642 sortitus
2989 598 3071 643 est
3127 601 3526 660 cognomentum
3580 591 3750 647 Client

2187 678 2420 743 Esenua,
2448 678 2501 733 id
2528 688 2627 744 est,
2670 679 2830 735 Client
2878 680 3093 750 infamis
3127 691 3176 735 et
3231 682 3551 749 impudicus,
3599 686 3756 738 im-

2187 769 2281 824 bus
2309 780 2658 841 propagator;
2715 782 2793 826 est
2819 772 2958 825 enim
2995 770 3153 825 Esem
3183 771 3323 840 apud
3356 772 3589 843 Scythas
3610 774 3755 828 Ara-

2188 875 2346 913 ma'os
2409 859 2667 928 infamis,
2717 868 2767 915 et
2828 859 3154 931 impudicus.
3218 861 3372 916 Enna
3449 881 3573 918 vero
3633 875 3749 919 tum

2188 950 2507 1021 impudicus,
2569 961 2681 1006 tum
2731 963 3074 1023 propagator,
3102 960 3235 1011 etc.
3285 955 3443 1027 Apud
3474 955 3755 1014 Joannem

2187 1040 2508 1097 Cassianum
2544 1041 2782 1099 Serenus
2811 1046 3220 1108 abbas,.eol|at.
3250 1046 3305 1111 8,
3330 1063 3452 1117 cap.
3488 1048 3587 1117 21,
3638 1061 3757 1106 tra-

2187 1128 2286 1192 dit,
2344 1131 2677 1202 magicorum
2736 1136 3207 1203 superstitionum,
3245 1145 3300 1193 et
3343 1141 3756 1212 praestigiarum

2187 1220 2393 1290 primos
2435 1231 2687 1279 auctores
2744 1232 2801 1280 et
2848 1226 3140 1296 magistros
3199 1227 3370 1285 fuisse
3411 1233 3587 1288 malos
3656 1249 3760 1288 au-

2188 1313 2336 1380 gelos
2404 1314 2675 1383 quondam
2731 1329 2856 1370 cum
2896 1317 3219 1373 mulieribus
3276 1320 3505 1387 mistos;
3554 1339 3757 1378 earum

2187 1420 2317 1460 vero
2345 1405 2540 1460 artium
2572 1406 3061 1472 studiosissimum,
3085 1418 3138 1465 et
3159 1411 3545 1481 peritissimum
3574 1414 3760 1470 fuisse

2188 1496 2354 1551 Cham
2378 1497 2545 1552 lilium
2568 1497 2703 1564 Noe,
2734 1499 2827 1569 qui
2854 1515 2948 1556 eas
2977 1509 3120 1557 artes
3150 1519 3219 1557 ne
3260 1504 3464 1559 diluvio
3506 1508 3760 1575 perirent

2188 1586 2524 1643 diversorum
2554 1590 2895 1646 metallorum
2948 1591 3161 1650 laminis
3201 1604 3255 1650 et
3308 1594 3626 1653 durissimis
3674 1600 3759 1652 ιιι·
3834 1582 3851 1601 ³

2189 1680 2402 1748 pidibus
2444 1681 2744 1752 insculptas
2794 1685 3155 1749 conservavit,
3195 1694 3250 1741 et
3303 1697 3424 1757 post
3478 1689 3755 1746 diluvium

527 1799 634 1852 que
668 1781 1010 1837 somniarunt
1064 1776 1303 1848 quidem,
1357 1784 1626 1846 coguntur
1689 1775 1811 1829 aliis
1866 1774 2087 1845 legenda
2120 1791 2160 1843 Β
2189 1787 2283 1827 eas
2316 1773 2501 1827 docuit
2528 1782 2774 1844 posteros
2790 1791 2937 1841 suos,
2959 1785 3007 1832 et
3028 1793 3122 1847 per
3138 1778 3321 1834 orbem
3349 1780 3755 1836 disseminav'u.

530 1871 870 1945 proponere?
930 1869 1167 1923 Victoris
1212 1867 1511 1936 presbyteri
1561 1865 1850 1935 explicatio
1895 1866 1949 1919 in
1995 1863 2089 1919 Je-

531 1965 768 2030 remiam,
803 1978 922 2032 cap.
950 1960 1007 2024 Ξ,
1038 1960 1294 2028 Χεττιεὶμ
1324 1960 1356 2028 ἡ
1389 1957 1609 2028 Κύπρος
1637 1955 1773 2009 ὲστί.
1818 1955 2008 2026 Κηδὰρ
2031 1955 2089 2008 δὲ

529 2051 597 2127 ἦν
631 2056 743 2118 υίὸς
782 2052 1001 2124 Ἰσμαὴλ
1045 2050 1157 2103 υἱοῦ
1204 2048 1472 2120 Ἀϐραὰμ,
1518 2049 1576 2112 ἐξ
1620 2042 1741 2117 οῦή
1788 2047 1941 2118 χώρα
1987 2047 2090 2100 Σα-

535 2149 782 2223 ρακηνῶν
839 2146 1242 2216 ἐπωνόμασται.
1297 2141 1738 2213 Olympiodorus,
1796 2142 1952 2205 Τινὲς
1993 2141 2089 2212 μὲν

529 2242 806 2314 Κυπρίους
834 2239 986 2309 φασὶ,
1021 2238 1160 2300 τινὲς
1190 2236 1246 2289 δὲ
1275 2233 1451 2287 Ἰνδῶν
1471 2234 1616 2305 ἔθνη.
1645 2232 2086 2304 Chrysostomus,

528 2334 753 2398 ibidem,
786 2329 1047 2399 Χεττιείμ
1095 2344 1239 2390 τινες
1288 2325 1495 2394 ἔφασαν
1521 2322 1818 2396 Κυπρίους,
1850 2323 1995 2388 τινὲς
2033 2324 2090 2376 δὲ

528 2427 710 2488 Χίους.

599 2541 760 2603 Ibid.,
789 2539 885 2593 lin.
916 2539 1001 2592 15.
1027 2536 1171 2590 owe
1203 2533 1317 2588 υἱοὶ
1348 2535 1452 2589 τοῦ
1469 2535 1614 2604 Χάμ.
1634 2533 1925 2605 Iosephus.
1956 2531 2090 2585 υἰδὲ

527 2635 716 2705 Χάμου
734 2632 939 2697 παῖδες,
953 2628 1045 2700 τὴν
1070 2628 1176 2681 ἀπὸ
1191 2627 1410 2701 Συρίας,
1426 2628 1519 2679 καὶ
1546 2626 1687 2695 ’ᾼμά
1701 2644 1803 2689 μου,
1824 2626 1917 2679 καὶ
1933 2625 2092 2678 Λιϐά-

521 2744 619 2792 you
634 2723 741 2778 τῶν
756 2725 893 2795 ὅρων
917 2723 1019 2792 γῆν
1046 2719 1323 2789 κατέσχον,
1353 2720 1451 2772 ὅσα
1471 2718 1604 2789 πρὸς
1632 2717 1903 2805 θάλασσαν
1922 2715 2090 2785 αὐτῆς

529 2819 825 2889 ἐτέτραπτο
870 2811 1284 2874 καταλαϐόντες,
1334 2809 1521 2864 καὶτὰ
1553 2809 1709 2881 μέχρι
1732 2808 1823 2863 τοῦ
1849 2807 2088 2861 ὠκεανοῦ

530 2908 953 2977 ἐξιδιωσάμενοι.
988 2905 1053 2956 Αἱ
1096 2902 1278 2974 μέντοι
1308 2901 1665 2973 προσηγορίαι
1712 2900 1817 2952 τῶν
1869 2899 1965 2969 μὲν
1999 2899 2090 2952 καὶ

529 2998 800 3061 παντελῶς
829 2996 1057 3067 ἐξίτηλοι
1086 2993 1390 3063 γεγόνασιν,
1440 2993 1594 3046 ἐνίων
1634 2991 1691 3045 δὲ
1729 2990 2089 3061 μεταϐάλλου-

530 3112 638 3159 σαι,
678 3090 771 3145 καὶ
807 3085 1354 3161 μεταρρυθμισθεῖσαι
1382 3085 1517 3156 πρὸς
1548 3083 1736 3154 ἑτέρας
1763 3081 2088 3151 δύσγνωστοι

528 3183 898 3251 τυγχάνουσιν.
938 3178 1226 3240 Eusebius,
1275 3177 1404 3247 Χὰμ
1449 3175 1505 3228 δὲ
1544 3173 1621 3245 τῷ
1662 3174 1893 3249 δευτέρῳ
1928 3172 2089 3225 αὑτοῦ

530 3274 629 3344 υἱῷ
676 3274 860 3351 ᾅγοντι
915 3270 1033 3333 ἔτος
1085 3268 1199 3333 aut?
1247 3268 1410 3322 ἔδωκε
1457 3268 1555 3337 τὴν
1604 3265 1739 3336 πρὸς
1786 3265 1955 3331 νότον,
2000 3264 2093 3317 καὶ

529 3364 674 3426 λίϐα,
703 3365 794 3415 καὶ
831 3361 993 3432 μέρος
1031 3359 1127 3429 τῆς
1158 3358 1357 3420 δύσεως
1392 3356 1497 3410 ἀπὸ
1548 3355 1964 3427 Ῥινοκορούρων
1995 3353 2093 3424 τῆς

527 3455 823 3524 Αἰγύπτου,
889 3450 1189 3516 Αἰθιοπίαν,
1239 3449 1332 3502 καὶ
1385 3448 1674 3516 Αἴγυπτον,
1722 3447 1815 3500 καὶ
1863 3444 2088 3517 Λιϐύην,

543 3545 825 3618 Ἀφρικὴν,
870 3544 963 3596 καὶ
1012 3540 1384 3612 Μαυριτανίαν
1426 3539 1530 3602 ἓως
1586 3537 1919 3609 Ἡρακλείων
1962 3553 2091 3607 στη-

530 3636 656 3704 λῶν,
709 3637 825 3708 ἤτοι
858 3635 979 3697 ’ἕως
1018 3633 1113 3687 τοῦ
1155 3631 1370 3685 δυτικοῦ
1417 3632 1509 3684 καὶ
1547 3629 1778 3684 Λιϐυκοῦ
1812 3628 2088 3683 ὠκεανοῦο

530 3728 772 3799 ποταμὸν
810 3726 865 3779 δὲ
898 3725 1197 3797 διορίζοντα
1226 3725 1316 3777 τὸν
1348 3724 1558 3789 Νεῖλον,
1587 3723 1644 3785 ὃς
1676 3723 1769 3775 καὶ
1807 3722 1845 3774 Γ
1848 3721 1952 3775 εὼν
2000 3721 2093 3775 καὶ

532 3819 883 3893 Χρυσορρόας
958 3818 1194 3886 λέγεται.
1274 3813 1567 3869 Cltroniron
1642 3813 2088 3877 Alexandrinum,

531 3913 662 3984 Χᾲμ
697 3912 753 3965 δὲ
806 3910 884 3982 τῷ
914 3910 1148 3980 δευτέρῳ
1186 3906 1285 3978 υἰῷ
1325 3906 1417 3959 τοῦ
1456 3906 1577 3959 Νῶε
1624 3906 1728 3960 ὑπὸ
1763 3905 2092 3977 Ῥινοκορού-

534 4021 643 4076 ρων
688 4004 792 4067 ἕως
823 4002 1143 4073 Γαδαρηνῶν
1187 4001 1474 4069 Αἴγυπτον,
1508 3999 1601 4051 καὶ
1637 3999 1809 4051 πάντα
1850 3998 1916 4051 τὰ
1957 3998 2090 4067 πρὸς

532 4097 682 4152 νότον
726 4096 1001 4149 ὑπέπεσαν
1056 4093 1195 4147 πάνυ
1243 4091 1499 4146 δοκοῦντα
1549 4089 1863 4161 καυματικὰ
1917 4089 2092 4158 ὑπάρ-

534 4205 665 4259 χειν.
707 4184 1188 4243 ΡεευΛο-Βετοειιε
1238 4184 1333 4247 ait,
1379 4182 1522 4236 hunc
1562 4179 1823 4235 Chamum
1872 4180 2092 4251 magicae

533 4290 587 4338 et
634 4278 887 4335 veneﬁca:
933 4278 1034 4332 arti
1091 4276 1398 4340 studuisse,
1451 4273 1677 4343 ideoque
1741 4269 2090 4327 Zoroastrum

534 4376 927 4439 nuncupatum.
969 4366 1100 4419 Erat
1139 4363 1241 4429 illi,
1276 4372 1332 4416 ut
1363 4362 1611 4426 diximus,
1649 4361 1792 4431 ﬁlius
1819 4376 1885 4415 ea:
1920 4360 2089 4416 tribus

532 4462 718 4532 primis
751 4458 1127 4513 adolescentior
1179 4456 1364 4519 Citam,
1409 4455 1498 4524 qui
1546 4464 1744 4522 semper
1800 4454 2012 4526 magica'
2040 4463 2091 4508 et

530 4554 770 4623 veneﬁcae
798 4550 1033 4614 studens,
1067 4546 1342 4603 Zoroastri
1367 4562 1550 4600 nomen
1594 4555 1899 4600 consecutus
1947 4554 2081 4617 erat.

532 4643 591 4700 Is
620 4654 822 4716 patrem
869 4640 991 4696 Noa
1034 4640 1153 4696 odio
1187 4638 1427 4702 habebat,
1461 4638 1584 4708 quia
1619 4637 1752 4690 alios
1786 4638 1971 4692 ultimo
2004 4652 2089 4706 ge-

530 4736 669 4790 nitos
698 4732 969 4787 ardentius
1000 4727 1234 4791 amabat,
1269 4744 1323 4781 se
1347 4743 1465 4781 uero
1496 4726 1692 4796 despici
1717 4725 1941 4780 videbat.
1978 4725 2088 4779 Po-

533 4827 730 4883 tissime
759 4842 877 4880 vero
906 4823 1043 4877 idem
1065 4820 1298 4887 infensus
1319 4830 1432 4874 erat
1460 4820 1599 4889 patri
1626 4818 1687 4873 ob
1712 4820 1858 4873 vitia.
1904 4818 2090 4888 Itaque

531 4929 718 4974 nactus
749 4917 1207 4986 opportunitatem,
1253 4930 1370 4967 cum
1414 4911 1536 4967 Noa
1563 4923 1711 4981 pater
1736 4912 1978 4967 madidus
1996 4912 2091 4983 ja-

530 5022 689 5075 ceret,
711 5012 857 5067 illius
885 5009 1060 5065 virilia
1087 5005 1538 5078 comprehenderis,
1569 5007 1819 5076 taciteque
1845 5009 2091 5061 submur-

530 5122 748 5161 murans
777 5103 1010 5159 carmine
1040 5102 1242 5172 magico
1267 5102 1408 5169 patri
1440 5098 1628 5162 illusit,
1656 5100 1831 5161 sintut,
1860 5108 1908 5152 et
1937 5099 2091 5153 illum

530 5200 760 5255 sterilem
788 5197 999 5268 perinde
1024 5206 1178 5264 atque
1201 5202 1491 5247 castratum
1513 5191 1700 5261 θίγοι-ξε.
1734 5189 1913 5257 Neque
1943 5190 2093 5246 dein-

531 5311 647 5366 ceps
703 5290 823 5345 Noa
872 5289 1135 5358 {emellam
1174 5287 1406 5357 aliquam
1460 5284 1739 5353 fecundare
1778 5287 1965 5353 potuit.
2010 5286 2090 5343 0b

535 5385 837 5456 bene/icium
872 5384 1088 5438 inventa:
1107 5380 1226 5433 vitis
1275 5387 1324 5433 et
1366 5377 1473 5431 vini
1504 5377 1749 5448 dignatus
1779 5386 1857 5432 est
1902 5394 2094 5447 coquo-

533 5489 703 5531 mento
730 5475 891 5541 lano,
934 5473 1069 5546 quod
1095 5471 1338 5525 Arameis
1377 5482 1529 5525 sonat
1564 5471 1760 5537 vitifer,
1799 5480 1848 5526 et
1882 5471 2087 5542 pinifer.

529 5571 601 5625 At
631 5587 747 5624 vero
783 5567 950 5623 Cham
986 5582 1104 5620 cum
1140 5562 1345 5635 publice
1374 5575 1723 5632 corrumperet
1756 5564 1974 5617 mortale
1998 5580 2089 5634 ge-

530 5678 651 5726 nus,
673 5675 907 5714 asserens
919 5668 968 5712 et
994 5659 1164 5725 reipsa
1186 5671 1467 5727 exsequens
1502 5654 1933 5725 congrediendum
1956 5672 2087 5719 esse,

528 5759 588 5807 ut
633 5759 752 5803 ante
783 5747 1196 5811 inundationem,
1231 5762 1348 5800 cum
1381 5746 1659 5813 matribus,
1692 5748 1977 5812 sororibus,
2024 5750 2089 5816 [i-

2191 1863 2431 1921 Historia
2466 1867 2593 1922 item
2621 1869 2947 1925 scholastica
2994 1871 3048 1924 in
3093 1871 3275 1926 Cenes.
3321 1888 3438 1943 cap.
3484 1890 3640 1938 xxix,
3671 1875 3761 1931 his

2189 1957 2368 2012 aliinia
2389 1957 2599 2014 scribit.
2631 1957 2826 2027 Ninus,
2860 1962 3055 2032 inquit,
3086 1962 3215 2017 vidit
3243 1961 3428 2026 Citam,
3457 1966 3550 2035 qui
3580 1965 3760 2019 adhuc

2188 2047 2387 2102 vivebat
2432 2058 2483 2103 et
2526 2050 2775 2121 regnabat
2823 2054 2962 2122 apud
3006 2054 3337 2119 Bactrianos,
3369 2058 3443 2110 uel
3475 2067 3533 2110 ut
3580 2058 3758 2127 placet

2189 2143 2333 2207 aliis,
2354 2143 2408 2197 in
2432 2143 2741 2209 Tltracia,et
2769 2145 3132 2215 appellabatur
3158 2145 3488 2213 Zoroastres,
3514 2150 3619 2204 ine.
3637 2162 3757 2205 utor

2188 2237 2405 2307 magica:
2442 2240 2598 2301 artis,
2627 2241 2715 2307 qui
2744 2248 2795 2293 et
2833 2238 2966 2293 hanc
2996 2249 3046 2293 et
3099 2251 3288 2309 septem
3322 2226 3568 2298 liberales
3614 2255 3757 2299 artes

2190 2330 2244 2383 in
2283 2329 2676 2400 quatuordecim
2704 2333 2962 2387 columnis
3006 2335 3238 2403 scripsit,
3268 2346 3461 2405 septem
3491 2339 3681 2401 aeneis,
3704 2348 3757 2391 et

2189 2430 2380 2498 septem
2414 2421 2659 2477 lateritiis
2686 2435 2871 2479 contra
2897 2427 3088 2495 duplex
3120 2428 3260 2481 orbis
3287 2429 3580 2492 excidium,
3614 2430 3756 2500 quod

2191 2514 2429 2581 futurum
2458 2514 2722 2580 audierat,
2754 2517 2977 2571 alterum
2998 2534 3090 2586 per
3125 2537 3338 2590 aquam,
3368 2521 3598 2575 alterum
3636 2539 3756 2576 vero

2188 2623 2279 2677 per
2310 2609 2495 2679 ignem.
2532 2606 2705 2663 Ninus
2749 2622 2921 2664 autem
2955 2612 3116 2666 libros
3141 2614 3258 2682 ejus
3288 2614 3599 2670 combussit.
3646 2614 3756 2669 Ho-

2190 2715 2311 2753 rum
2340 2700 2473 2755 ﬁdes
2497 2717 2662 2771 penes
2693 2702 2764 2757 sit
2802 2703 2951 2773 ipsos
2994 2713 3263 2761 auctores.
3286 2706 3423 2760 ’Μίὴί
3468 2723 3755 2779 nunquam

2190 2791 2245 2845 id
2279 2793 2683 2862 persuadebunt
2738 2801 2792 2849 et
2846 2796 3016 2850 (illam
3071 2798 3297 2868 magicis
3342 2798 3553 2854 artibus
3597 2802 3757 2854 incu-

2191 2884 2395 2949 buisse,
2429 2894 2484 2939 et
2506 2886 2766 2940 veneﬁcia
2794 2887 3052 2944 adversus
3092 2894 3298 2958 patrem
3330 2891 3666 2953 exercuisse,
3699 2898 3756 2945 et

2190 2976 2458 3031 columnis
2495 2979 2682 3044 aeneis,
2729 2986 2822 3039 aut
2859 2979 3129 3045 lateritiis,
3164 2982 3408 3051 magiéen
3441 2996 3469 3034 a
3501 2985 3755 3052 parenti-

2191 3067 2294 3123 bus
2340 3078 2617 3139 acceptam
2668 3070 2930 3127 adversus
2979 3072 3124 3125 illam
3179 3087 3443 3142 aquarum
3505 3074 3756 3130 iliuvietn

2193 3177 2568 3229 conservasse,
2603 3171 2657 3218 et
2684 3163 3026 3219 Zoroastrem
3072 3166 3409 3219 nominatum
3468 3182 3580 3220 una
3628 3185 3754 3221 cum

2193 3252 2334 3307 Nino
2370 3253 2711 3309 atrocissime
2737 3269 3030 3325 pugnasse,
3084 3270 3114 3308 a
3160 3271 3270 3326 quo
3302 3258 3527 3320 victum,
3562 3267 3619 3313 et
3663 3276 3759 3314 su-

2193 3354 2460 3414 peratum,
2491 3346 2745 3417 illiusque
2790 3347 2960 3403 libros
3003 3348 3318 3406 comliusias
3366 3350 3573 3418 fuisse;
3629 3368 3756 3407 eum

2193 3454 2295 3492 nec
2339 3447 2642 3508 temporum
2695 3441 2856 3503 ratio,
2886 3456 2988 3495 nec
3029 3442 3327 3497 auctoritas
3367 3444 3619 3509 Patrum,
3654 3447 3755 3500 nec

2193 3532 2373 3585 divina
2403 3532 2617 3602 eloquia
2653 3532 2706 3587 id
2736 3543 3002 3589 asseram.
3034 3533 3326 3588 Maximum
3354 3536 3495 3591 inter
3525 3535 3755 3603 Ninum,

2192 3631 2247 3677 et
2304 3622 2683 3689 Zoroastretn,
2738 3633 2791 3679 et
2848 3623 3128 3680 Noeticum
3185 3610 3448 3680 diluviqu
3491 3631 3760 3698 temporis

2195 3716 2430 3785 spatium
2462 3716 2790 3770 intercessit.

2262 3805 2422 3873 lbid.,
2456 3807 2551 3862 lin.
2579 3807 2670 3862 20.
2698 3809 2852 3874 Χοῦς
2878 3808 2948 3874 ἐξ
2970 3804 3043 3865 οὗ
3078 3811 3217 3865 Χοῦ.
3271 3809 3543 3881 Josephus
3576 3830 3589 3865 :
3619 3810 3759 3864 Tes-

2194 3899 2374 3970 σάρων
2405 3898 2512 3969 γὰρ
2544 3898 2727 3969 Χάμου
2757 3900 2959 3955 παίδων
2981 3901 3308 3971 γενομένων,
3360 3904 3630 3955 Χουσαῖον
3658 3904 3762 3973 μὲν

2191 3994 2340 4047 οὐδὲν
2365 3993 2592 4061 ἔϐλαψεν
2623 3995 2650 4045 ὁ
2673 3993 2859 4064 χρόνος
2883 4010 2896 4023 ο
2926 3993 3180 4057 Αἰθίοπες
3209 3994 3333 4065 γὰρ,
3355 3989 3429 4047 ὧν
3454 3990 3643 4067 ἧρξεν,
3674 3996 3758 4048 ἔτι

2191 4086 2287 4138 καὶ
2318 4085 2409 4139 νῦν
2441 4086 2545 4138 ὑπὸ
2586 4085 2790 4138 ἑαυτῶν
2818 4102 2875 4138 τε
2911 4087 3001 4140 καὶ
3045 4087 3151 4138 τῶν
3173 4089 3231 4139 ἐν
3266 4091 3331 4158 τῇ
3358 4087 3511 4158 Ἀσία
3538 4089 3759 4141 πάντων

2191 4178 2448 4231 Χουσαῖοι
2480 4177 2787 4230 καλοῦνται.
2809 4176 3094 4241 Eusebius,
3109 4189 3162 4234 et
3191 4179 3488 4234 Cltronicon
3517 4181 3761 4254 Alex!!!-

2192 4271 2429 4336 drinum,
2494 4270 2637 4335 Χοῦς
2666 4271 2723 4338 ἐξ
2752 4267 2811 4327 οὗ
2843 4271 3119 4337 Αἰθίοπες,
3155 4274 3316 4344 stirps
3336 4273 3660 4343 Ethiopum
3697 4274 3757 4328 in

2193 4362 2382 4416 ultima
2428 4376 2525 4415 ora
2560 4361 2791 4428 Africae;
2827 4370 2881 4416 et
2910 4363 3051 4432 apud
3102 4361 3446 4419 Ptolemaeum
3502 4365 3564 4419 in
3615 4366 3761 4422 inte-

2124 4480 2167 4535 υ
2194 4454 2336 4508 riore
2364 4462 2515 4523 parte
2555 4454 2735 4525 Libyae
2763 4472 2958 4511 nomen
2990 4465 3073 4512 est
3106 4456 3359 4513 Cltusitze.

2264 4544 2399 4602 Ibid.
2427 4545 2702 4616 Μεστρὲμ
2720 4548 2789 4613 ἐξ
2810 4544 2905 4604 οὗ.
2924 4547 3192 4621 Joseplius
3216 4570 3232 4605 ι
3276 4551 3551 4626 Ἐτηρήθη
3580 4557 3759 4612 belua}.

2189 4640 2481 4710 Μεσραίοις
2513 4641 2546 4711 ἡ
2578 4641 2717 4696 κατὰ
2748 4643 2845 4713 τὴν
2874 4645 3241 4716 προσηγορίαν
3272 4648 3481 4719 μνήμη.
3513 4650 3631 4723 Τὴν
3651 4654 3759 4725 γὰρ

2189 4731 2459 4799 Αἴγυπτον
2488 4731 2731 4805 Μέσρην,
2783 4734 2877 4787 καὶ
2922 4736 3227 4809 Μεσραίους
3257 4739 3381 4803 τοὺς
3422 4743 3761 4808 Αἰγυπτίους

2191 4822 2428 4886 ἅπαντες
2459 4825 2508 4876 οἰ
2540 4824 2742 4897 ταύτην
2770 4826 3042 4893 οἰκοῦντες
3091 4829 3375 4901 καλοῦμεν.
3441 4831 3712 4889 Eusebius
3737 4876 3757 4899 ,

2190 4916 2506 4987 Μεστραῖμ,
2540 4915 2834 4973 Chronicon
2859 4919 3275 4977 Alexandrinum
3302 4963 3318 4988 ,
3351 4925 3659 4996 Μεσραεὶμ,
3692 4927 3756 4993 ἐξ

2188 4999 2251 5060 οὗ
2282 5008 2585 5076 Αἰγύπτιοι,
2611 5018 2665 5064 et
2702 5010 2937 5069 Joannes
2965 5013 3336 5070 Antiocltenus
3365 5016 3419 5071 in
3446 5019 3757 5073 Anticato-

2188 5101 2298 5173 gia,
2334 5103 2392 5155 Ὀ
2425 5102 2532 5155 ἀπὸ
2590 5104 2721 5174 Χὰμ
2768 5104 2863 5158 τοῦ
2900 5106 3016 5160 υἱοῦ
3068 5108 3190 5162 Νῶε
3222 5111 3483 5183 Μεστρὲμ
3540 5117 3619 5178 εἰς
3660 5114 3753 5166 Ai-

2189 5209 2393 5263 γυπτον
2425 5195 2709 5268 ἀπῳκίσθη
2737 5213 2751 5227 ⁸
2789 5198 2881 5251 καὶ
2915 5199 3007 5252 ἀπ’
3044 5202 3206 5256 αὐτοῦ
3253 5204 3457 5276 ἐκλήθη
3488 5208 3524 5277 ἡ
3569 5207 3752 5281 χώρα·

2189 5283 2251 5336 τὸ
2275 5284 2384 5355 γὰρ
2411 5286 2671 5358 Μεστρὲμ
2698 5288 2969 5360 Ἐϐραϊστὶ
3007 5292 3275 5361 Αἴγυπτον
3301 5295 3471 5366 δηλοῖ,

2261 5374 2419 5438 lbib.,
2443 5380 2538 5433 lia.
2564 5382 2655 5434 21.
2703 5382 2859 5435 Φοὺτ
2893 5386 3123 5440 Φουτοί.
3176 5386 3447 5458 Joscphus
3477 5406 3493 5443 :
3533 5394 3754 5449 Ἕκτισε

2189 5467 2247 5523 δὲ
2270 5471 2363 5523 καὶ
2388 5471 2592 5543 Φούτης
2623 5475 2720 5547 τὴν
2748 5476 2968 5549 Λιϐύην,
2997 5480 3228 5546 Φούτους
3254 5483 3349 5537 ἀπ’
3377 5486 3545 5540 αὑτοῦ
3598 5490 3757 5544 καλέ·

2194 5578 2292 5625 σας
2311 5563 2435 5627 τοὺς
2477 5567 2817 5638 ἐπιχωρίους.
2859 5571 3012 5625 Ἐστι
3057 5572 3114 5627 δὲ
3161 5578 3254 5629 καὶ
3304 5580 3550 5650 ποταμὸς
3597 5584 3658 5635 ὲν
3689 5585 3757 5656 τῇ

2191 5656 2430 5726 Μαύρων
2463 5658 2615 5729 χώρᾳ
2641 5660 2798 5715 τοῦτο
2839 5663 2977 5734 ἔχων
3007 5665 3066 5718 τὸ
3092 5666 3279 5740 ὄνομα.
3312 5672 3475 5726 Ὀοεν
3507 5678 3605 5730 καὶ
3633 5680 3760 5742 τοὺς

2197 5749 2475 5815 πλέκους
2506 5753 2611 5808 τοῖιν
2640 5755 2961 5821 Ἑλληνικῶν
2993 5760 3417 5826 ἱστοριογράφων
3447 5767 3599 5822 ἔστιν
3632 5773 3759 5826 ἰδεῖν
