3952 6204
223 282 351 340 ίοοι

1294 277 1360 335 IN
1408 275 1775 335 EUSTATHII
1811 271 2283 332 HEXAEMEBON
2322 263 2558 332 NOTE.

3263 241 3423 334 ἰοοε

218 399 602 474 μεμνημένους
637 396 728 448 τοῦ
777 395 1017 468 ποταμοῦ
1068 396 1162 451 καὶ
1216 396 1314 468 τῆς
1365 397 1776 471 παρακειμένης
1804 406 1848 464 Α
1872 391 2110 474 ῌεοςρὲέι
2127 386 2622 474 οὗτος-,κατῴκησε
2642 396 2753 474 thr
2772 392 2878 461 τῆς
2891 393 3186 474 Αίγύκῖσυ
3207 393 3423 474 χώραν,

213 489 367 561 αὐτῷ
395 487 578 559 χώρας
608 487 812 561 Φούτης
843 486 1158 560 λεγομένης.
1197 488 1470 544 Μετέϐαλε
1502 488 1557 541 δὲ
1589 489 1616 540 ὃ
1659 489 1776 540 ἐστι

215 583 314 639 νῦν
338 580 486 652 αὐτῷ
514 581 682 651 ὄνομα
722 581 828 634 ἀπὸ
871 581 964 634 τοῦ
1012 581 1307 654 Μεσράμου
1345 579 1476 633 υἱῶν
1516 577 1635 641 ἐνὸς
1682 577 1778 630 Λί-

218 674 349 737 συος
373 673 682 743 λεγομένου.
715 671 802 726 Sic
828 672 1134 728 nominatur
1164 671 1306 743 apud
1329 669 1586 726 Plinium.
1618 669 1775 740 Apud

217 765 566 820 Ptolemaeum
623 764 886 838 sex-ibitur
941 762 1162 817 Plhuth.
1199 761 1508 818 Eusebius:
1537 761 1693 824 Φοὺδ,
1718 759 1778 832 ἐξ

215 845 278 910 οὗ
302 855 698 928 Τρωγλοδύται.
734 853 877 910 ldem
907 853 1197 910 Chronicou
1221 853 1657 910 Alexandrinum.

287 989 407 1045 Col.
428 989 549 1054 756.
573 989 775 1047 lin.27.
803 990 885 1056 Τῷ
906 989 972 1044 δὲ
994 993 1147 1058 Χοὺς
1177 991 1472 1062 ἐγένοντο.
1507 991 1777 1063 Iosephus

218 1094 315 1136 sex
342 1077 473 1133 dicit
497 1096 512 1134 :
547 1079 786 1132 Γίνονται
821 1081 916 1150 μὲν
947 1081 1128 1144 παῖδες
1153 1079 1211 1145 EE
1241 1080 1416 1133 αὐτῶν
1438 1080 1644 1134 Χούσου
1681 1082 1778 1153 μὲν

217 1165 299 1230 EE,
322 1161 396 1219 ὦν
411 1165 585 1230 Σάϐας
608 1166 704 1236 μὲν
729 1167 1008 1232 Σαϐαίους,
1037 1169 1228 1234 Εὐῖλας
1257 1170 1314 1223 δὲ
1336 1169 1613 1234 Εὐῖλαίους
1635 1169 1780 1224 ἐκτι-

218 1276 334 1322 σεν,
351 1258 399 1312 οἷ
418 1258 512 1311 νῦν
527 1259 769 1312 Γέεουλοι
796 1259 1058 1328 λέγονται,
1081 1261 1328 1332 Σαϐάθης
1343 1262 1398 1316 δὲ
1415 1261 1773 1332 Σαϐαθηνούς.

229 1351 612 1422 Ὀνομάζονται
644 1351 1067 1424 δὲἈστάϐαρροι
1109 1355 1238 1425 παρ’
1264 1355 1534 1426 Ἕλλησιν.
1571 1354 1775 1418 Οίκίζει

216 1443 274 1496 δὲ
297 1444 393 1497 καί
426 1442 707 1508 Σαϐάκτας
729 1443 1125 1515 Σαϐακτηνούς,
1143 1445 1351 1516 Ῥῶμος
1379 1445 1435 1498 δὲ
1473 1446 1776 1516 Ῥωμαίους

217 1531 408 1601 ᾤκισε,
439 1534 532 1586 καί⁸
583 1533 676 1586 δύο
710 1533 902 1598 παῖδας
935 1534 1110 1605 ἔσχεν,
1139 1528 1212 1588 ὧν
1245 1535 1443 1599 Ἰούδας
1499 1538 1594 1607 μὲν
1646 1538 1774 1590 Ἰου-

217 1622 420 1688 δαίους,
440 1623 747 1678 Αἰθιοπικὸν
764 1624 911 1690 ἔθνος
926 1625 1032 1678 τῶν
1058 1627 1376 1697 Ἐσπερίων,
1399 1627 1606 1691 οἰκίσας
1630 1629 1773 1681 ἐπώ-

1889 464 2003 532 Ἄφ’
2025 460 2207 529 οὗπερ
2229 463 2326 534 καὶ
2350 460 2770 534 τὴκΑιγ-υπτόν
2788 460 2979 532 φασικ
3001 460 3424 534 ὀνομαάθῆναιζ

1881 531 1953 587 Τὸ
1978 535 2090 602 γὰρ
2117 531 2359 601 Μεσρέμ
2407 531 2713 600 Ἐϐραϊκῶς
2752 531 3056 604 Αἴγυπτον
3095 531 3426 605 ἐρμηνέύει.

1943 646 2103 714 1ἰ)ἳ(1.,
2138 647 2232 701 lin.
2257 645 2347 701 41.
2378 645 2680 714 Ἐγένοντο
2706 645 2774 698 δὲ
2796 648 2916 704 καί.
2942 646 3208 718 Iosephus
3231 665 3254 703 :
3277 650 3425 720 Ἐγέ»

1876 757 2025 794 νοντο
2044 740 2101 794 δὲ
2134 743 2228 793 καλ⁸
2259 736 2557 791 Χαναναίου
2597 738 2800 802 παῖδες,
2834 738 3096 803 Σιδώνιος,
3129 739 3187 803 ὃς
3211 743 3306 795 καὶ
3335 743 3419 795 πό-

1873 831 1955 888 λιν
1988 831 2268 901 ἐπώνυμον
2302 830 2512 884 ἔκτισεν
2545 832 2602 883 ὲν
2621 830 2858 902 Φοινίκῃ,
2885 830 3048 885 Σιδὼν
3068 831 3111 885 δ’
3133 832 3223 900 ὐφ’
3250 833 3421 905 Ἑλλήλ

1875 939 1980 976 νων
2007 921 2265 976 καλεῖται.
2298 921 2536 990 Ι’Λμιπιθος
2570 919 2624 972 δὲ
2668 921 2908 990 Ἀμάθην
2937 920 3272 992 κατῴκησεν,
3309 923 3432 992 ἥτις

1875 1013 1992 1067 ἐστὶ
2028 1014 2122 1066 καὶ
2154 1012 2247 1068 νῦν
2280 1013 2384 1065 ὐπὸ
2431 1011 2528 1082 μὲν
2569 1013 2846 1083 ἐγχωρίων
2860 1012 3068 1083 Ἀμάθη
3104 1012 3427 1085 καλουμένη·

1875 1103 2180 1167 Μακεδόνες
2211 1104 2267 1156 δὲ
2295 1102 2460 1175 αὐτὴν
2489 1104 2852 1172 Ἐπιφάνειαν,
2897 1104 2988 1173 ἀφ’
3023 1105 3138 1168 ἑνὸς
3165 1104 3271 1159 τῶν
3296 1106 3422 1160 ἀπο·

1873 1194 2044 1264 γόνων
2076 1195 2450 1265 ἐπωνόμασαν.
2489 1193 2788 1266 Ἀρουδαῖος
2813 1195 2871 1249 δὲ
2888 1195 3115 1266 ’Ἄραδον
3141 1197 3240 1268 τὴν
3270 1199 3433 1268 νῆσον

1875 1289 2050 1359 ἔσχεν,
2075 1290 2387 1360 Ἀρουκαῖος
2413 1289 2470 1342 δὲ
2490 1290 2698 1360 ’Ἄρκην
2732 1287 2828 1358 τὴν
2855 1289 2911 1341 ὲν
2944 1288 3178 1359 Λιϐάνῳ.
3226 1290 3345 1344 Τῶν
3371 1291 3430 1344 δὲ

1875 1379 2045 1432 ἄλλων
2072 1379 2231 1442 ἑπτά,
2253 1378 2472 1443 Εὐαίου,
2494 1378 2776 1444 Χετταίου,
2794 1377 3168 1442 Ἰεϐουσσαίου,
3185 1380 3431 1443 Εὐδαίου,

1875 1471 2136 1535 Σειναίου,
2165 1471 2478 1542 Σαμαραίου
2523 1470 2658 1540 πλὴν
2685 1470 2792 1522 τῶν
2823 1470 3097 1541 ὀνομάτων
3123 1473 3180 1524 ὲν
3208 1476 3327 1535 ταῖς
3351 1475 3427 1526 ίε-

1876 1564 1996 1632 ραῖς
2018 1561 2216 1631 βίϐλοις
2247 1561 2398 1615 οὐδὲν
2423 1561 2636 1630 ἔχομεν.
2696 1560 2993 1616 Eusebius:
3022 1562 3138 1614 Υἱοὶ
3162 1560 3392 1632 Χαναάμ
3409 1605 3425 1630 ,

1872 1649 1945 1709 ὧν
1978 1654 2316 1726 πρωτότοκος
2353 1654 2539 1719 Σιδὼν,
2582 1652 2747 1708 Σιδὼν
2790 1653 2848 1717 EE
2879 1649 2939 1708 οὗ
2971 1653 3209 1708 Σιδώνιοι
3229 1672 3242 1686 ·
3287 1657 3429 1708 Χατέ

217 1731 386 1816 γ’ξμον
413 1715 910 1816 ξιΞτῨῦ--κξτέλξπξᾈ
928 1717 1189 1816 ξαδαίουξ
1213 1720 1269 1772 δὲ
1301 1718 1584 1816 ξαδαῖοξ·-
1601 1718 1772 1816 EESF‘
1805 1751 1844 1804 Β
1871 1715 2036 1808 ναῖος;
2054 1745 2112 1811 EE
2131 1738 2212 1798 οὐ.
2245 1783 2258 1796 .
2323 1715 2653 1807 Ἰεϐουσαῖος,
2671 1743 2728 1810 EE
2751 1738 2810 1796 οὐ
2834 1715 3160 1798 ήἸεϐουσαῖοι
3184 1761 3198 1775 ·
3236 1745 3434 1816 Ἀμορ-’

218 1806 342 1861 hius
375 1824 390 1862 :
419 1806 536 1860 Υίοὶ
568 1807 677 1861 Χοῦ
700 1807 793 1862 τοῦ
820 1807 1070 1872 Αἰθίοπος
1092 1809 1186 1863 τοῦ
1210 1810 1422 1881 πρώτου
1471 1809 1588 1864 υἱοῦ
1640 1808 1769 1880 Χάμ

218 1896 418 1960 Σιϐάτ,
448 1897 507 1962 EE
529 1891 588 1950 οὗ
625 1899 824 1954 Σαϐάτ·
849 1899 1062 1964 Εὐῖλάτ,
1084 1901 1142 1967 EE
1160 1893 1220 1953 οὗ
1249 1900 1514 1969 Γαγγινοί·
1537 1900 1764 1965 Σεϐατὰ,

215 1989 275 2054 EE
299 1984 361 2042 οὐ
387 1990 618 2044 Σαϐῖνοι·
655 1991 878 2062 Ῥέγμα,
911 1991 968 2056 EE
992 1987 1050 2045 οὐ
1080 1992 1435 2062 Ἰχθυοφάγοι·
1469 1993 1767 2056 Σεϐακατὰ,

213 2079 275 2144 EE
302 2075 382 2134 οὗ.
416 2119 432 2134 .
466 2119 482 2134 .
514 2081 807 2137 Chronicon
846 2083 1262 2138 Alexandrinum
1293 2085 1453 2138 εΥίοὶ
1501 2085 1642 2149 Χούς
1673 2085 1768 2138 τοῦ

214 2172 470 2236 Αίθίοπος
495 2173 588 2226 τοῦ
643 2175 931 2245 γενομένου
957 2177 1020 2228 ὲκ
1053 2173 1143 2228 τοῦ
1195 2176 1324 2247 Χὰμ
1351 2177 1600 2248 δευτέρου
1653 2176 1768 2230 υἱοῦ

211 2261 308 2317 τοῦ
325 2262 475 2316 Νῶε·
505 2263 671 2329 Σάϐα,
693 2265 750 2330 EE
769 2261 828 2320 οὗ
843 2265 1102 2338 Ἰταϐηνοί
1119 2282 1134 2297 ·
1165 2265 1384 2333 Εὑῖλὰτ,
1407 2267 1466 2334 EE
1484 2263 1543 2321 οὗ
1568 2267 1763 2337 Ἰχθυο-

212 2355 406 2425 φάγοι·
432 2357 662 2419 Σαϐάδα,
691 2357 748 2424 EE
777 2350 837 2411 οὐ
860 2358 1124 2411 Ἑλλανοί·
1174 2358 1398 2430 Ῥέγμα,
1432 2358 1491 2423 EE
1519 2353 1580 2412 οὗ
1603 2359 1768 2427 Αἰγύ-

211 2462 390 2500 πτιοι·
413 2448 721 2502 Σαϐακαθά.
759 2447 916 2504 Οὗτοι
935 2451 1184 2513 Αἰθίοπες
1207 2451 1420 2514 Λίϐυες.

286 2557 444 2622 lbid.,
479 2558 575 2612 lin.
609 2559 698 2613 31.
726 2558 1030 2629 Ῥεγμαρά.
1058 2559 1322 2616 Eusebius
1357 2578 1369 2614 :
1411 2560 1528 2612 Υἱοὶ
1567 2559 1768 2632 Ῥέγμα

212 2647 385 2713 Σαϐὰ,
413 2647 472 2713 EE
516 2643 575 2702 οὐ
607 2650 970 2721 Μαργαρῖται·
1002 2650 1284 2715 Ἰουδαδὰν,
1316 2650 1376 2716 EE
1412 2646 1472 2706 οὗ
1507 2651 1766 2716 Φοίνικες.

213 2737 514 2791 Chrouicon
559 2739 978 2792 Alexandrinum
1004 2755 1022 2792 :
1049 2739 1172 2793 Υἱοὶ
1211 2741 1416 2812 Ῥέγμα
1447 2741 1564 2794 υἱοῦ
1605 2741 1765 2806 Χοῦς,

207 2827 304 2881 τοῦ
335 2827 452 2881 υίοῠ
482 2828 628 2899 Χάμ·
670 2829 837 2893 Σαϐὰ,
875 2830 933 2894 EE
974 2825 1034 2884 οὗ
1077 2833 1454 2904 Μαρμαρῖδες·
1488 2832 1678 2898 Δαδὰν,
1710 2833 1767 2900 EE

208 2913 274 2973 οὗ
312 2920 502 2991 Κάροι.

1871 1839 2040 1905 ραῖος,
2074 1833 2133 1899 EE
2182 1827 2243 1888 οὐ
2282 1835 2623 1906 Ἀμορραῖοι⁴
2652 1835 2991 1905 Γεργεσαῖος,
3031 1834 3090 1898 EE
3128 1830 3188 1889 οὐ
3230 1837 3268 1887 Γ
3271 1849 3428 1908 εργεέ

1871 1930 2006 1980 σαῖοι
2031 1943 2043 1956 ·
2082 1927 2294 1989 Εὐαῖος,
2342 1925 2400 1989 EE
2430 1921 2489 1978 οὗ
2521 1925 2704 1978 Εὐαῖοι
2725 1941 2739 1954 ·
2790 1924 3073 1996 Ἀροῦκος,
3129 1926 3188 1990 EE
3219 1922 3278 1980 οὗ
3308 1966 3323 1980 .
3355 1967 3366 1980 .
3405 1954 3425 1981 .ι

1881 2017 2168 2079 ’Λσεναῖος,
2199 2014 2257 2080 EE
2285 2010 2345 2069 οὐ
2383 2057 2395 2069 .
2433 2056 2445 2068 .
2483 2054 2496 2069 .
2543 2014 2802 2086 Ἀράδιος,
2848 2015 2904 2082 EE
2932 2010 2991 2069 οὗ
3021 2016 3292 2087 Ἀράδιοι·
3322 2019 3425 2072 Σαέ

1871 2108 2118 2176 μαραῖος.
2146 2106 2203 2171 ἐξ
2231 2101 2290 2160 οὗ
2328 2105 2622 2177 Ὀρθοσῖται
2643 2111 2662 2138 ·’
2687 2105 2956 2176 ’Λμαθεὶς,
2992 2106 3048 2173 EE
3071 2102 3130 2161 οὗ
3167 2107 3426 2178 Ἀμαθού-

1871 2211 1992 2248 σιοι.
2042 2193 2330 2248 Clzronicon
2389 2193 2797 2248 Alexandrinum
2853 2211 2871 2249 :
2914 2195 3142 2266 Χαναὰμ
3173 2197 3427 2266 ὲγέννησέ

1866 2284 1954 2336 τὸν
1970 2284 2171 2339 Σιδῶνα
2186 2284 2538 2356 πρωτότοκον,
2552 2283 2770 2347 Σιδῶνα,
2783 2283 2842 2348 EE
2854 2278 2913 2338 οὗ
2934 2284 3126 2359 Μυσοί·
3147 2287 3424 2350 Χετταῖον,

1869 2373 1926 2438 EE
1983 2367 2042 2426 οὐ
2095 2373 2384 2446 Δαρδανοί·
2445 2373 2790 2438 Ἰεϐουσαῖον,
2845 2374 2903 2440 EE
2953 2367 3013 2427 οὗ
3077 2375 3423 2430 Ἰεϐουσαῖοι·

1882 2468 2219 2538 ’Λμορραῖον,
2251 2465 2310 2532 EE
2331 2458 2390 2519 οὗ
2415 2465 2680 2537 Γερμανοί
2703 2483 2716 2495 ·
2751 2467 3090 2537 Γεργεσαῖον,
3122 2467 3182 2532 EE
3201 2460 3262 2522 οὐ
3285 2469 3426 2541 Σαρέ

1872 2557 2072 2626 μᾶται·
2109 2555 2317 2618 Εὐαῖον,
2345 2555 2403 2618 EE
2447 2550 2506 2610 οὐ
2535 2553 2856 2608 Παννώνιοι·
2908 2556 3240 2626 Ἀρουκαῖον,
3280 2558 3336 2624 EE
3363 2549 3426 2613 οὗ

1870 2646 2121 2708 Παίονες·
2152 2645 2474 2709 Ἀσενναῖον,
2497 2644 2554 2711 EE
2580 2637 2640 2697 οὐ
2668 2645 2975 2715 Δαλμάται·
3005 2643 3264 2718 Ἀράδιον’,
3282 2648 3342 2712 EE
3359 2643 3427 2702 οὗ

1879 2737 2152 2805 Ῥωμαῖοι,
2170 2737 2218 2789 οί
2242 2737 2334 2789 καὶ
2354 2738 2636 2790 Κιττιαῖοι·
2657 2738 2983 2810 Σαμαραῖον,
3000 2737 3059 2802 EE
3075 2731 3135 2792 οὗ
3159 2739 3386 2812 Λίγυρες
3405 2745 3426 2771 ί

1881 2827 2097 2898 Ἀϐάδη,
2127 2825 2185 2892 EE
2206 2822 2264 2883 οὗ
2303 2827 2667 2899 Ἀμαθούσιοι.

1937 2941 2054 2995 Col.
2090 2940 2215 3005 757,
2252 2940 2346 2995 lin.
2381 2940 2432 2994 6.
2485 2939 2668 2994 Πέντε
2691 2939 2789 2994 καί
2820 2939 2949 3010 Σὴμ
2980 2941 3205 3008 παῖδες.
3267 2938 3429 2998 IoseJ

283 3031 448 3100 ΠΜ,
479 3034 573 3090 lin.
605 3034 692 3090 54.
715 3033 949 3104 Νεόρὼδ
979 3052 1173 3104 ουτος.
1200 3036 1507 3108 Iosephus:
1538 3027 1766 3110 Ναϐρώο

1871 3032 2008 3102 phus
2033 3048 2044 3082 :
2083 3033 2153 3104 Σή
2164 3050 2238 3102 μα
2275 3032 2329 3084 δὲ
2357 3032 2434 3102 τῷ
2465 3034 2628 3104 τρίτῳ
2655 3031 2763 3084 τῶν
2789 3032 2976 3104 Νώχου
3006 3035 3133 3088 υίῶν
3163 3034 3322 3088 πέντε
3343 3035 3412 3104 γί⁸

207 3123 307 3193 δης
352 3123 408 3176 δὲ
450 3123 656 3176 Χούσου
703 3124 836 3188 υίὸς,
885 3125 1179 3195 ὑπομείνας
1231 3124 1378 3196 παρὰ
1413 3123 1768 3186 Βαϐυλωνίοις
1799 3123 1837 3133 “’
1868 3142 2045 3178 νονται
2083 3124 2284 3188 παῖδες,
2319 3125 2366 3177 οἳ
2401 3124 2496 3195 τὴν
2537 3124 2696 3194 μέχρι
2742 3123 2836 3177 τοῦ
2872 3126 2990 3177 κατ’
3024 3126 3213 3179 Ἰνδίαν
3245 3126 3410 3179 ὠκεαο

209 3213 595 3285 ἐτυράννησεν,
634 3213 708 3277 ὡς
758 3216 852 3267 καὶ
887 3216 1144 3288 πρότερόν
1196 3233 1283 3285 μοι
1314 3214 1620 3285 δεδήλωται.
1661 3212 1770 3268 Eu-

208 3306 400 3360 sebius
425 3324 438 3360 :
471 3306 713 3378 Νεϐρὼδ,
740 3305 798 3371 EE
824 3302 882 3361 οὐ
911 3307 1176 3376 γίγαντες.
1209 3307 1501 3361 Chronicon
1532 3307 1766 3360 Alexan-

206 3397 424 3452 drinum
461 3415 478 3452 :
518 3395 682 3462 Οὗτός
720 3403 834 3453 ἐστι
874 3399 1096 3471 Νεϐρὼδ
1135 3401 1162 3452 ὁ
1210 3399 1368 3467 γίγας
1401 3399 1492 3452 καὶ
1537 3398 1769 3469 κυνηγὸς

207 3488 450 3543 ἐναντίον
487 3488 688 3560 Κυρίου
728 3506 742 3519 ·
791 3489 961 3560 τούτῳ
999 3489 1074 3559 τῷ
1097 3487 1319 3559 Νεϐρὼδ
1361 3488 1459 3560 τὴν
1494 3487 1767 3559 βασιλείαν

205 3578 523 3644 Βαϐυλῶνος
547 3581 683 3651 μετὰ
708 3580 797 3633 τὸν
818 3579 1194 3650 κατακλυσμὸν
1224 3580 1257 3650 ὴ
1286 3579 1403 3632 θεία
1420 3580 1607 3651 Γραφὴ
1637 3581 1768 3634 ἁνα-

201 3671 410 3742 τίθησι.
445 3672 602 3740 Λέγει
631 3673 791 3743 γάρή
823 3671 1218 3744 Γραφή·Ἀρχὴ
1244 3670 1341 3740 τῆς
1363 3669 1636 3741 βασιλείας
1669 3671 1768 3723 αὐ-

201 3763 300 3817 τοῦ
325 3762 600 3819 Βαϐυλών.
632 3764 970 3834 Λιιᾱυοὶιηυε
997 3762 1064 3817 ad
1086 3763 1188 3817 hoc
1219 3763 1650 3818 conﬁrmandum
1682 3763 1763 3816 lo-

200 3873 332 3912 cum
378 3872 444 3912 ex
493 3855 653 3912 Petro
708 3858 950 3928 apostolo
1001 3855 1140 3925 apud
1194 3856 1547 3920 Clementem,
1579 3856 1670 3909 lib.
1714 3870 1768 3909 ιν

204 3947 657 4019 ηεεοςηὶείοηιιηι.
708 3947 839 4004 Vide
891 3947 1190 4004 llanassem
1240 3948 1292 4002 in
1343 3947 1654 4003 Annalibus.
1691 3946 1765 4001 De

202 4039 312 4096 hoc
346 4040 506 4098 etiam
536 4039 770 4093 diximus
797 4052 896 4092 nos
921 4037 1180 4092 nonnulla
1214 4036 1485 4107 superius.

277 4131 436 4194 lbid..
470 4132 566 4185 lin.
602 4131 692 4185 57.
733 4129 1005 4198 Μεστρὲμ
1038 4129 1173 4184 υἱοί.
1223 4127 1528 4198 Iosephus:
1563 4126 1681 4180 Τῶν
1708 4127 1764 4180 δὲ

200 4225 482 4296 Μεσραίου
533 4222 736 4276 παίδων
791 4220 932 4274 όκτὼ
967 4221 1291 4292 γενομένων,
1342 4220 1388 4272 οί
1425 4217 1623 4280 πάντες
1669 4215 1763 4286 τὴν

201 4318 314 4371 ἀπὸ
339 4316 516 4386 Γάζης
546 4316 650 4378 έως
695 4317 966 4385 Αίγύπτου
1015 4315 1116 4386 γῆν
1151 4315 1430 4384 κατέσχον.
1483 4310 1657 4365 Μόνου
1706 4310 1762 4362 δὲ

1869 3216 1958 3268 νοῦ
1988 3215 2325 3269 κατοικοῦσιν
2372 3216 2553 3268 Ἀσίαν
2582 3217 2675 3268 ἀπ’
2706 3216 2985 3285 Εὐφράτου
3007 3217 3104 3286 τὴν
3130 3216 3300 3288 ἀρχὴν
3323 3233 3424 3270 πε-·

1869 3306 2168 3376 ποιημένοι.
2225 3306 2457 3376 Ἔλυμος
2513 3307 2610 3375 μὲν
2666 3305 2774 3376 γὰρ
2830 3306 3144 3376 Ἐλυμαίους
3198 3308 3425 3379 Περσῶν

1866 3397 2022 3458 ὄντας
2069 3396 2374 3468 ἀρχηγέτας
2427 3396 2712 3449 κατέλιπεν
2741 3412 2755 3425 ·
2806 3397 3098 3466 ’Δσσούρας
3149 3398 3206 3451 δὲ
3255 3399 3423 3452 Νίνου

1867 3487 2056 3552 οἰκίζει
2083 3487 2254 3550 πόλιν,
2289 3488 2380 3540 καὶ
2411 3488 2535 3549 τοὺς
2563 3488 2832 3556 ὑπηκόους
2874 3487 3182 3557 ’Λτσυρίους
3211 3489 3416 3542 ἐπωνό-

1871 3596 2057 3652 μασεν,
2075 3580 2122 3630 οἳ
2157 3578 2385 3649 μάλιστα
2411 3577 2799 3648 εὐδαιμόνησαν
2815 3595 2828 3608 ·
2864 3577 3195 3650 Ἀρφαξάδης
3217 3580 3272 3632 δὲ
3295 3579 3418 3642 τοὺς

1867 3669 1961 3724 νῦν
1992 3670 2288 3732 Χαλδαίους
2332 3669 2692 3739 καλουμένους
2740 3669 3154 3738 Ἀρφαξαδαίους
3202 3669 3425 3740 ώνόμα-·

1870 3777 1980 3825 σεν,
2000 3760 2168 3832 ἄρξας
2195 3760 2390 3816 αὐτῶν.
2419 3759 2746 3831 Ἀραμαίους
2778 3758 2836 3812 δὲ
2868 3758 3109 3830 ’Ἄραμος
3132 3759 3305 3829 ἔσχεν,
3327 3757 3417 3822 οὓς

1869 3851 2124 3922 Ἕλληνες
2147 3848 2351 3921 Σύρους
2379 3849 2887 3922 προσαγορεύουσιν,
2903 3848 2998 3911 οὒς
3020 3849 3075 3902 δὲ
3099 3850 3301 3912 Λυδοὺς
3326 3848 3424 3901 νῦν

1866 3941 2108 3996 καλοῦσι·
2126 3941 2356 4004 Λούδους
2379 3941 2434 3994 δὲ
2461 3943 2584 3994 τότε
2620 3941 2824 4004 Λούδας
2857 3941 3085 3996 ἔκτισεν.
3107 3939 3372 3996 Eusebius
3401 3959 3416 3993 :

1867 4035 1980 4106 Σὴμ
2017 4031 2093 4104 τῷ
2123 4031 2428 4102 προτοτόκῳ
2477 4031 2638 4086 αὐτοῦ
2691 4032 2792 4103 υίῷ
2822 4033 3006 4101 ἄγοντι
3057 4033 3176 4096 ἔτος
3228 4050 3409 4108 τετρα-

1865 4124 2140 4180 κοσιοστὸν
2172 4125 2490 4195 τριακοστὸν
2531 4125 2744 4198 πρῶτον
2779 4124 2974 4178 ἔδωκεν
3017 4125 3127 4178 ἀπὸ
3162 4126 3422 4198 Περσίδος

1864 4219 1956 4273 καὶ
1988 4219 2244 4290 Βάκτρων
2275 4217 2378 4281 ἕως
2407 4217 2630 4289 Ἰνδικῆς
2662 4219 2850 4289 μῆκος,
2869 4219 3066 4283 πλάτος
3093 4219 3148 4273 δὲ
3176 4220 3281 4274 ἀπὸ
3322 4223 3409 4274 Ἰν·

1863 4309 2016 4381 δικῆς
2039 4310 2141 4374 ἕως
2182 4309 2600 4381 Ῥινοκορούρων
2636 4311 2733 4382 τῆς
2760 4309 3054 4379 Αἰγύπτου,
3077 4312 3192 4382 ἦτοι
3220 4314 3288 4367 τά
3313 4313 3424 4367 άπδο

198 4404 502 4458 ⁴Ιιιλιιῑτίνου
525 4405 622 4476 τὴν
651 4405 962 4475 ἐπωνυμίαν
990 4403 1023 4474 ὴ
1054 4402 1204 4475 χώρα
1226 4400 1525 4471 διεφύλαξε.
1557 4399 1760 4455 Παλαι-
1793 4417 1835 4470 υ
1863 4397 2128 4470 ἀνατολῆς
2166 4399 2268 4462 ἕως
2319 4398 2516 4470 μέρους
2552 4399 2651 4470 τῆς
2692 4403 3032 4476 μεσημϐρίας
3079 4403 3179 4474 τήν
3213 4420 3272 4456 τε
3318 4404 3422 4456 Συέ

199 4495 390 4564 στίνην
420 4494 528 4567 γάρ
564 4497 612 4548 οἰ
643 4495 900 4565 ’Έλληνες
947 4494 1109 4547 αὐτοῦ
1137 4495 1235 4566 τὴν
1271 4495 1460 4564 μοῖραν
1517 4491 1755 4546 καλοῦσι.

197 4582 325 4636 Τῶν
353 4581 410 4635 δὲ
441 4582 634 4645 ἄλλων,
666 4582 958 4652 Λουμαίου,
982 4583 1074 4636 καὶ
1112 4582 1357 4654 Ἐναμία,
1393 4582 1486 4634 καὶ
1520 4581 1761 4650 Λαϐίμου

196 4674 298 4728 τοῦ
327 4675 488 4745 μόνου
516 4677 934 4746 κατοικήσαντος
981 4677 1038 4727 ἐν
1090 4674 1282 4747 Λιϐύῃ,
1330 4673 1422 4727 καὶ
1453 4673 1550 4744 τὴν
1581 4672 1762 4744 χώραν

195 4765 477 4820 άπάὐτού
510 4766 853 4830 καλέσαντος,
872 4766 1116 4837 Νεθέμου
1144 4782 1202 4818 τε
1252 4765 1342 4818 καὶ
1365 4765 1758 4836 Φαιθρωσίμου,

198 4855 299 4909 καὶ
330 4854 613 4926 Χελοίμου,
673 4856 762 4909 καὶ
810 4855 1110 4926 Χεφθώμου
1170 4857 1295 4928 περὶ
1335 4856 1440 4910 τῶν
1485 4855 1760 4926 ὀνομάτων

197 4947 356 5001 οὐδὲν
387 4947 558 5018 ἴσμεν.
598 4945 657 5002 ’0
683 4947 791 5017 γὰρ
821 4947 1126 5010 Αἰθιοπικὸς
1153 4946 1407 5018 πόλεμος,
1431 4946 1558 5017 περὶ
1579 4939 1640 4998 οὗ
1667 4946 1761 5016 δη‹

195 5033 450 5109 λώσομεν
478 5037 716 5110 ὕστερον,
735 5037 1063 5102 ἀναστάτους
1086 5036 1262 5091 αὐτῶν
1284 5037 1381 5101 τὰς
1403 5035 1584 5100 πόλεις
1614 5036 1762 5089 ἑποίέ

198 5145 356 5200 ησεν.
389 5127 680 5183 Ghronicon
713 5128 1129 5182 Alexandrinum
1157 5126 1482 5198 εΜεσραεὶμ
1504 5125 1756 5197 ἐγέννησε

197 5221 331 5285 τοὺς
345 5220 616 5292 Λουδιεὶμ,
643 5220 896 5292 Λουδιεὶμ
922 5219 980 5285 EE
1002 5214 1063 5274 οὗ
1085 5219 1264 5273 Λυδοί·
1290 5218 1673 5291 ’Λίνομετιεὶμ,
1701 5217 1757 5282 EE

193 5305 264 5366 οὗ
291 5310 605 5381 Πάμφυλοι·
631 5309 884 5381 Λαϐιείμ,
903 5311 960 5376 EE
986 5305 1045 5365 οὗ
1070 5310 1265 5373 Λίϐυες
1282 5323 1298 5340 ⁸
1327 5307 1681 5380 Νεφθαλιεῖμ,
1699 5308 1760 5373 EE

192 5397 263 5460 οὗ
319 5402 563 5474 Φρύγες·
627 5402 1054 5474 Πατρωσονιεὶμ,
1101 5401 1160 5467 EE
1213 5397 1274 5456 οὐ
1324 5401 1590 5473 Κρίταις·
1645 5401 1758 5455 Χα-

195 5494 477 5567 σλωνιεὶμ,
530 5493 589 5560 EE
636 5488 697 5548 οὗ
742 5493 967 5548 Λύκιοι·
1002 5492 1333 5564 Φυλιστιείμ,
1375 5492 1433 5557 EE
1464 5486 1524 5547 οὗ
1574 5492 1756 5563 Μαριέ

193 5585 435 5642 Muto!"
485 5585 840 5659 Χαφθοριείμ,
877 5586 936 5649 EE
966 5579 1027 5638 οὗ
1067 5585 1316 5648 Κύλικες.
1359 5584 1654 5650 Manasscs,
1699 5583 1753 5640 in

193 5677 397 5734 Λακαί.
419 5696 433 5733 :

517 5769 780 5828 hrum.
813 5770 946 5828 Gn.
967 5769 1202 5832 XVIII.

1865 4488 2005 4560 ρίαν,
2043 4490 2077 4561 ἡ
2101 4489 2194 4543 καὶ
2239 4489 2466 4544 Ἰουδαία
2506 4489 2718 4558 λέγεται
2747 4491 2859 4563 (καί
2879 4493 2986 4565 γὰρ
3009 4494 3102 4548 καί⁹
3124 4495 3173 4548 οἰ
3204 4494 3420 4549 παλαιοὶ

1861 4583 2065 4654 Σύρους
2112 4584 2238 4646 τοὺς
2284 4582 2672 4645 Παλαιστινοὺς
2722 4583 3045 4662 ὠνόμαζον),
3077 4586 3168 4639 καὶ
3207 4588 3423 4657 Μηδίαν¹

1860 4673 1954 4726 καὶ
1985 4669 2554 4742 ποταμὸν,διορίζοντα
2584 4671 2721 4725 αὐτὰ
2741 4671 2812 4724 τά
2835 4674 2977 4744 ὅρια,
2993 4673 3081 4725 τὸν
3101 4673 3410 4744 Εὐφράτην.

1860 4762 1928 4818 El.
1978 4763 2245 4819 inferius:
2294 4764 2389 4816 Ἐκ
2425 4761 2518 4816 τοῦ
2581 4764 2702 4836 Σήμ
2757 4762 2850 4817 τού
2907 4763 3244 4835 πρωτοτόκου
3290 4765 3413 4819 Νῶε

1860 4856 1988 4928 ῑθνη
2021 4863 2097 4910 κε’
2126 4857 2324 4920 οὕτως·
2371 4855 2660 4926 Ἀρφαξάδ,
2692 4858 2786 4927 ἀφ’
2807 4847 2868 4912 οὗ
2897 4857 3182 4910 Χαλδαῖοι·
3221 4857 3412 4928 ’Λλάμ,

1861 4946 1952 5016 ἀφ’
1985 4941 2046 4999 οὗ
2078 4945 2385 5016 Ἐλυμαῖοι-
2424 4946 2674 5016 ’Δσσούρ,
2711 4946 2801 5015 ἀφ’
2827 4939 2888 5000 οὗ
2927 4944 3224 5020 Ἀσσύριοι·
3255 4946 3421 5014 AaM,-

1859 5037 1949 5104 ἀφ’
1971 5029 2031 5087 οὐ
2065 5035 2241 5088 Λυδοί·
2261 5035 2454 5108 Ἀρὰμ,
2472 5036 2564 5106 ἀφ’
2593 5029 2654 5091 οὗ
2683 5035 2859 5108 Σύροι.
2885 5034 3417 5091 ChroniconA'lexan-

1857 5125 2064 5179 drinum
2096 5143 2112 5178 :
2146 5121 2276 5178 Εἶτα
2305 5127 2464 5180 πάλιν
2502 5127 2828 5196 Ἐπιφάνιος.
2876 5127 2966 5198 Τῷ
2989 5127 3047 5182 δὲ
3070 5127 3191 5200 Σὴμ
3217 5125 3425 5198 πρώτῳ

1857 5218 1957 5288 υίῷ
1979 5217 2070 5271 τοῦ
2105 5217 2227 5270 Νῶε
2258 5219 2528 5272 ὑπέπεσεν
2552 5221 2580 5272 ό
2614 5218 2810 5290 κλῆρος
2834 5221 2861 5272 ό
2897 5219 3003 5272 ἀπὸ
3037 5204 3294 5290 Περσίδος
3322 5219 3414 5272 καὶ

1857 5311 2112 5380 Βάκτρων
2135 5309 2241 5373 ἕως
2269 5311 2510 5380 Ἰνδικῆς,
2552 5310 2723 5381 μῆκος
2753 5311 2846 5363 τοῦ
2882 5310 3079 5381 κλήρου
3109 5311 3211 5374 ἕως
3243 5311 3412 5363 Ῥινο-

1855 5396 2142 5469 κορούρων.
2164 5400 2356 5452 Κεῖται
2398 5399 2453 5452 δὲ
2494 5389 2634 5470 αὕτη
2671 5401 2704 5471 ἡ
2733 5401 3108 5473 Ῥινοκόρουρα
3132 5399 3235 5454 ἀνά
3252 5399 3420 5471 μέσον

1853 5489 2125 5559 Αἰγύπτου
2154 5490 2246 5544 καὶ
2278 5489 2638 5562 Παλαιστίνης
2661 5491 2760 5562 τῆς
2785 5492 3008 5563 ἀντικρύ
3037 5490 3290 5562 κειμένης
3313 5494 3421 5562 τῆς

1865 5580 2132 5653 Ἐρυθρᾶς
2159 5580 2452 5652 θαλάσσης.
2495 5581 2615 5635 Υίοί¹
2656 5581 2774 5652 Σὴμ
2805 5581 2896 5635 τοῦ
2930 5582 3272 5654 πρωτοτόκου
3313 5600 3414 5651 φυά

1853 5673 1940 5727 λαὶ
1975 5675 2075 5739 κζ’·
2103 5671 2302 5746 Αίλὰμ,
2342 5671 2400 5739 EE
2436 5667 2495 5729 οὗ
2528 5675 2574 5728 οί
2619 5673 2931 5746 Ἐλαμῖται·
2975 5677 3223 5749 Ἀσσούρ,
3258 5675 3318 5740 EE
3347 5666 3418 5726 οὗ
