3968 6914
552 317 687 375 1005

1898 313 2140 373 LEONIS
2189 315 2455 372 ALLATII

3638 311 3775 360 1005

547 437 598 492 οἱ
647 435 944 507 Ἀσσύριοι·
982 432 1267 505 Ἀρφαξάδ,
1296 433 1354 496 ἐξ
1373 426 1431 486 οὗ
1463 433 1511 484 οἱ
1543 432 1823 484 Χαλδαῖοιο
1861 432 2017 496 Λοὺδ,
2047 431 2094 495 ἐξ

2207 430 2422 485 Delrius
2471 430 2525 482 in
2581 441 2700 496 cap.
2758 441 2812 480 ιι
2848 391 3044 478 ’ϐεηει
3094 431 3248 494 putat
3305 420 3542 494 Moysem
3593 421 3776 478 dedita

548 518 608 581 οὗ
641 529 688 580 οἱ
718 525 995 590 Μάξωνες,
1015 524 1106 578 καὶ
1132 525 1321 594 Μῆδοι,
1347 526 1438 578 καὶ
1465 523 1666 595 Πέρσαι
1687 541 1698 552 ·
1737 523 1930 594 Ἀρὰμ,
1953 522 2012 588 ἐξ
2043 516 2102 574 οὗ

547 621 598 672 οἱ
631 618 835 672 Ἐκταί.
897 617 972 670 Ex
1029 616 1228 686 quibus
1265 615 1492 669 emendo
1541 623 1744 670 textum
1790 613 2101 669 Eustathii:

548 708 714 762 Πέντε
745 709 838 761 καὶ
870 706 987 776 Σὴμ
1016 705 1198 768 παῖδες
1233 705 1495 772 ἐγένοντο.

618 799 733 854 Col.
759 799 880 862 757,
901 799 994 851 lin.
1013 797 1098 851 16.
1128 796 1245 850 Υἱοὶ
1259 796 1325 848 δὲ
1340 796 1443 849 τοῦ
1461 794 1644 864 Ἀράμ.
1665 794 1930 864 Josephus
1953 813 1965 847 :
1988 795 2106 846 Τῶν

549 891 605 944 δὲ
635 893 869 961 Ἀράμου
904 891 1126 954 παίδων,
1157 891 1432 958 τεσσάρων
1455 887 1643 950 ὄντων,
1674 885 1856 956 Οὔσης
1876 888 1970 957 μὲν
1999 887 2106 940 κτί-

549 979 630 1056 ζει
650 981 746 1050 τὴν
771 981 1099 1051 Τραχωνῖτιν
1130 980 1222 1032 καὶ
1250 979 1555 1049 Δαμασκόν.
1591 979 1744 1048 Μέση
1773 977 1828 1030 δέ
1864 981 1976 1030 ἐστι
2009 978 2104 1047 τῆς

547 1073 905 1144 Παλαιστίνης
949 1073 1041 1124 καὶ
1073 1071 1273 1141 Κοίλης
1326 1071 1548 1142 Συρίας’
1597 1071 1880 1141 Ἀρμενίαν
1928 1071 1984 1122 δὲ
2015 1071 2104 1121 '0-

547 1181 690 1234 τρος,
727 1165 817 1218 καὶ
865 1163 1082 1234 Γέθερις
1134 1161 1531 1234 Βακτριανούς·
1592 1163 1787 1231 Μήσας
1830 1161 1885 1213 δὲ
1913 1163 2103 1230 Μησα-

548 1257 726 1319 ναίους
745 1273 758 1285 ⁴
788 1256 1020 1309 Πασὶνου
1047 1255 1221 1326 χάραξ
1250 1257 1305 1307 ὲν
1345 1258 1455 1318 τοῖς
1487 1254 1581 1308 νῦν
1613 1255 1880 1311 καλεῖται.
1935 1254 2103 1308 Eusc-

548 1348 731 1402 sebius
756 1367 771 1401 :
803 1348 922 1400 Υἱοὶ
951 1347 1144 1417 Ἀράμ·
1168 1348 1279 1410 Ὣς,
1303 1347 1393 1415 ἀφ’
1418 1340 1477 1400 οὗ
1507 1345 1792 1415 Τράχωνες
1811 1362 1823 1374 ο
1857 1344 1982 1409 Οὓλ,
2011 1346 2100 1412 ἀφ’

547 1432 606 1490 οὗ
639 1439 943 1508 Μαγαρδοί·
987 1437 1177 1508 ΓὰΘερ,
1212 1438 1302 1505 ἀφ’
1336 1430 1395 1488 οὗ
1437 1436 1707 1506 Ἀρμένιοι
1728 1453 1740 1465 ο
1775 1435 1974 1505 Μοσὸχ,
2009 1436 2099 1503 ἀφ’

545 1526 604 1584 οὗ
631 1533 944 1601 Μεσσήνιοι.
997 1529 1286 1584 Chronicon
1317 1529 1730 1582 Alexandrinum
1759 1547 1776 1583 :
1814 1531 1924 1594 Ὣς,
1956 1529 2012 1593 ἐξ
2040 1523 2098 1581 οὗ

545 1625 854 1678 Μαδιναῖοι·
895 1622 1020 1685 Οὒλ,
1053 1624 1112 1687 ἐξ
1137 1619 1195 1676 οὗ
1244 1623 1432 1676 Λυδοί·
1482 1621 1676 1692 Γὰθερ,
1707 1622 1762 1688 ἐξ
1802 1615 1862 1674 οὗ
1893 1622 1930 1673 Γ
1934 1640 2102 1694 αρφη-

543 1715 622 1768 νοι
651 1733 663 1744 ο
697 1715 900 1786 Μοσὺχ,
959 1714 1018 1779 ἐξ
1048 1710 1108 1768 οὗ
1168 1714 1500 1784 ’Λλασσηνοί.
1548 1713 2096 1768 Animadvertendum

545 1807 720 1861 obiter
749 1814 833 1862 est
867 1805 933 1862 de
957 1805 1072 1861 Uxe
1101 1805 1384 1860 conditore
1416 1804 1688 1860 Damasci.
1716 1803 2096 1875 llieronymus,

544 1898 600 1952 in
631 1897 829 1963 Quaest.
861 1898 1132 1952 Hebraicis
1162 1899 1217 1951 in
1246 1896 1397 1963 Gen.,
1437 1914 1556 1969 cap.
1593 1915 1627 1952 ι
1661 1903 1714 1953 et
1758 1913 1866 1962 xrv,
1895 1898 2100 1968 colligit

543 1995 666 2041 ante
694 1987 967 2041 Abraham
1020 1986 1340 2044 Damascum
1406 1987 1576 2043 fuisse
1627 1987 1920 2050 conditam,
1976 2002 2097 2040 cum

540 2078 742 2133 Abram
804 2079 1082 2134 insecutus
1143 2079 1213 2133 sit
1283 2086 1515 2149 quatuor
1561 2077 1682 2132 illos
1722 2092 1874 2148 reges
1929 2092 2098 2146 usque

542 2168 714 2232 Heha,
735 2185 854 2240 qua:
882 2177 966 2225 est
990 2169 1056 2224 ad
1086 2171 1271 2224 larvam
1302 2169 1572 2225 Damasci.
1611 2167 1717 2224 Sed
1739 2167 1878 2223 idem
1912 2166 2098 2222 Hiero—

540 2261 979 2330 nymus,cap.15
1014 2259 1253 2315 Historia
1286 2258 1893 2329 scholasticaL'I'ostatus
1911 2269 1962 2313 et
1983 2258 2094 2322 alii,

542 2363 795 2412 asserunt
825 2355 1148 2412 Damascum
1171 2356 1358 2411 urbem
1380 2371 1412 2410 a
1446 2355 1711 2410 Damasco
1733 2369 1889 2408 servo
1919 2352 2097 2407 Abra-

541 2448 623 2503 hae
678 2447 844 2503 fuisse
906 2455 1257 2502 exstructam.
1326 2446 1524 2516 Sicque
1579 2455 1824 2518 tempore
1868 2445 2098 2500 Abrahae

540 2551 570 2588 a
617 2535 798 2606 Moyse
855 2551 947 2606 per
981 2535 1420 2605 anticipationem
1470 2536 1795 2608 appellatum
1838 2533 1988 2588 illum
2019 2534 2096 2587 lo-

539 2637 683 2684 cum,
723 2629 780 2675 ut
826 2637 923 2676 sua
955 2631 1110 2678 aetate
1139 2623 1528 2693 appellabatur.

608 2711 763 2773 lbid.,
797 2712 889 2766 lin.
908 2711 996 2764 21.
1022 2713 1138 2765 Υἱοὶ
1177 2711 1482 2780 Ἀρφαξάδ.
1517 2711 1818 2767 Eusebius:
1845 2711 2094 2782 ΥἱοὶἈρ-

539 2800 729 2870 φαξὰδ,
764 2800 988 2864 Καϊνὰν,
1016 2802 1107 2870 ἀφ’
1135 2793 1195 2853 οὗ
1225 2802 1514 2872 Γασφηνοί.
1547 2802 1841 2856 Chronicon
1870 2801 2093 2857 Alexan-

536 2893 750 2949 drinum
777 2908 794 2945 :
829 2890 1053 2957 Καϊνὰν,
1091 2891 1149 2958 ἐξ
1184 2884 1244 2945 οὗ
1274 2894 1577 2964 Σαρμᾶται.
1609 2894 1683 2950 De
1706 2894 1907 2950 Cainan
1932 2911 2093 2968 genev

536 2984 747 3040 ratione
773 2984 866 3038 diu
903 2985 1043 3054 apud
1085 2993 1337 3040 auctores
1370 2987 1570 3056 agitata
1602 2990 1994 3059 controversia,
2039 2997 2093 3044 et

2204 534 2387 586 opera,
2421 518 2514 573 sed
2546 517 2694 588 justa
2721 515 2930 569 ratione
2953 514 3094 567 hanc
3132 511 3534 583 generationem
3571 513 3777 566 transi-

2205 609 2374 674 liisse,
2424 607 2682 678 quoniam
2720 610 2982 661 statuerat
3012 599 3125 655 Noe
3165 601 3232 655 ad
3273 599 3549 656 Abraham
3586 598 3777 653 decem

2205 701 2407 769 gradus
2434 699 2698 753 duntaxat
2731 709 3037 759 recensere,
3070 693 3212 747 sicut
3245 689 3459 746 fuerant
3489 690 3685 744 decem
3710 690 3779 743 ab

2205 791 2411 845 Adamo
2459 807 2632 861 usque
2662 790 2729 844 ad
2773 787 2902 843 Noe.
2956 785 3146 840 Merito
3189 784 3350 838 etiam
3390 781 3772 852 Septuaginta.

2205 889 2257 934 et
2294 896 2388 936 eos
2417 889 2665 936 secutum
2697 879 2759 932 D.
2783 876 2984 931 Lucam
3023 889 3140 929 eam
3174 887 3281 926 non
3317 872 3654 941 praeteriisse
3678 886 3776 940 pa.

2205 979 2302 1036 tat,
2339 986 2500 1040 quam
2541 970 2752 1040 Moyses
2793 965 3074 1038 praeteriit,
3109 962 3235 1032 quia
3266 976 3375 1014 non
3415 959 3774 1016 attendebant

2205 1064 2272 1116 ad
2302 1063 2450 1116 illum
2497 1074 2781 1116 numerum
2814 1057 3118 1120 denarium,
3156 1053 3251 1108 sed
3293 1059 3604 1109 statuerant
3643 1068 3773 1106 en-

2204 1161 2350 1206 ctum
2380 1153 2697 1222 Catalogum
2718 1150 2959 1206 omnium
2989 1148 3210 1202 omnino
3239 1145 3651 1216 generationum
3676 1160 3773 1214 po-

2204 1260 2348 1300 nere.
2382 1244 2622 1314 Denique
2650 1244 2713 1298 D.
2745 1243 3127 1315 Hieronymus,
3156 1241 3249 1296 ﬁdi
3299 1240 3614 1308 interpretis
3655 1237 3773 1292 olli-

2203 1341 2286 1392 cio
2320 1337 2537 1393 functus
2569 1337 2690 1401 fuit,
2715 1352 2834 1392 eam
2875 1335 3157 1399 omittens,
3183 1333 3385 1388 etenim
3413 1347 3537 1386 cum
3571 1347 3638 1386 ex
3663 1330 3772 1385 He-

2201 1430 2343 1484 braeo
2370 1429 2514 1484 fonte
2567 1437 2819 1492 verteret,
2871 1428 3056 1482 debuit
3099 1427 3371 1489 omittere,
3399 1424 3545 1494 quod
3575 1425 3632 1478 in
3665 1423 3772 1476 Ηεμ

2201 1525 2360 1578 brteis
2391 1523 2673 1578 codicibus
2713 1538 2822 1577 non
2862 1533 3159 1591 repererat.
3201 1519 3404 1575 Contra
3447 1517 3512 1573 D.
3559 1517 3767 1579 Lucas,

2200 1617 2327 1686 quia
2360 1617 2684 1687 sequebatur
2720 1614 3070 1686 Septuaginta
3100 1613 3428 1677 versionem,
3459 1610 3655 1666 debuit
3679 1626 3770 1678 po-

2203 1726 2349 1773 nere,
2383 1710 2527 1778 quod
2557 1708 2699 1779 apud
2732 1723 2826 1762 eos
2859 1707 3159 1777 legebatur,
3195 1714 3248 1761 et
3280 1705 3496 1760 veritati
3524 1718 3769 1756 consen-

2201 1812 2420 1858 taneum
2451 1811 2587 1865 erat,
2619 1809 2672 1857 et
2717 1801 2785 1854 ad
2826 1800 3194 1855 difﬁcultatem
3227 1820 3239 1855 :
3275 1800 3387 1855 Cur
3417 1800 3582 1869 igitur
3630 1797 3768 1867 Sep.

2201 1895 2444 1965 tuaginta
2485 1903 2802 1964 posuerunt,
2839 1909 2962 1948 cum
3005 1899 3192 1948 essent
3228 1893 3573 1960 interpretes,
3615 1889 3767 1959 quod

2199 1987 2252 2039 in
2284 1985 2507 2040 Hebraeo
2532 2002 2640 2040 non
2664 1985 2984 2050 habebatur,
3011 1993 3063 2039 et
3087 1999 3210 2039 cum
3233 1997 3340 2037 non
3370 1983 3472 2052 ipsi
3497 1981 3566 2036 ad
3596 1980 3766 2035 dena-

2199 2078 2337 2132 rium
2388 2078 2538 2132 illum
2582 2077 2955 2142 attenderunt,
2997 2075 3285 2146 respondet
3319 2075 3438 2129 illos
3480 2088 3627 2144 saepe
3657 2089 3768 2127 non

2197 2171 2552 2240 interpretum
2601 2177 2832 2234 tantum,
2865 2170 2961 2224 sed
3000 2178 3054 2224 et
3099 2168 3594 2238 metaphrastarum
3644 2166 3769 2220 fun-

2197 2271 2312 2317 ctos
2337 2260 2531 2326 ofﬁcio,
2553 2268 2606 2314 et
2631 2261 3014 2332 prophetarum
3040 2275 3277 2331 quoque,
3303 2269 3463 2328 atque
3495 2260 3573 2314 ita
3606 2259 3764 2312 nobis

2196 2351 2357 2408 etiam
2382 2349 2747 2405 immediatam
2776 2349 3175 2421 generationem
3207 2347 3493 2418 Arphaxad
3521 2346 3765 2400 voluisse

2196 2444 2540 2503 conservare,
2567 2453 2729 2510 quam
2756 2438 2818 2493 D.
2845 2438 3020 2494 Lucas
3043 2440 3386 2508 postmodum
3413 2439 3764 2494 exbibiturus

2195 2537 2332 2585 erat.
2381 2529 2488 2584 Alii
2533 2530 2934 2600 generationem
2978 2530 3126 2583 illam
3175 2545 3275 2585 nec
3324 2545 3354 2583 a
3403 2529 3761 2599 Septuaginta

2193 2621 2541 2676 translationi
2584 2623 2867 2686 insertam,
2913 2637 3014 2676 nec
3061 2620 3349 2692 Evangelio
3392 2636 3428 2680 a
3476 2620 3535 2675 D.
3596 2620 3759 2687 Luca,

2195 2713 2290 2768 sed
2327 2712 2395 2766 ab
2433 2711 2640 2781 aliquo,
2675 2713 2927 2767 nesciunt
2967 2727 3148 2782 quem,
3181 2723 3234 2767 et
3266 2714 3545 2767 nonnullis
3575 2713 3762 2781 conje-

2194 2804 2366 2859 cturis
2393 2802 2788 2859 demonstrant.
2838 2803 3078 2857 Arduum
3131 2819 3262 2860 sane
3307 2813 3392 2860 est
3442 2806 3495 2858 in
3542 2821 3605 2860 re
3654 2814 3760 2858 tam

2192 2895 2343 2967 gravi
2371 2902 2580 2953 eertum
2605 2895 2760 2965 quid,
2787 2902 2839 2950 et
2872 2895 3086 2950 veritati
3112 2897 3458 2952 consentiens
3486 2895 3758 2966 proferre,

2194 3003 2360 3041 unum
2384 2988 2529 3042 enim
2560 2986 2870 3052 defendere,
2898 2996 2981 3044 est
3012 2988 3177 3042 alium
3199 3003 3484 3052 accusare,
3519 3004 3644 3058 qua:
3672 3004 3761 3043 ac-

535 3075 712 3130 adhuc
730 3075 1033 3146 subjudice
1054 3076 1121 3130 lis
1137 3087 1237 3131 est.
1264 3075 1392 3130 Eam
1413 3088 1838 3133 commemorant
1865 3078 2089 3150 Septua-
2115 3099 2157 3155 ρ
2191 3079 2403 3133 cusatio
2429 3087 2482 3132 et
2505 3077 2668 3148 impia
2698 3089 2842 3134 esset
2875 3087 2929 3133 et
2960 3079 3227 3133 catholico
3259 3079 3477 3133 homine
3505 3079 3754 3150 indigna.

534 3167 684 3238 ginta
714 3166 1063 3237 lnterprctes,
1116 3178 1170 3223 et
1201 3167 1263 3221 D.
1295 3167 1490 3234 Lucas,
1538 3185 1659 3240 cap.
1696 3171 1729 3225 5
1767 3171 2092 3242 Evangelicw

535 3260 792 3326 historice,
848 3275 968 3315 eam
998 3270 1318 3332 agnoscunt,
1354 3270 1545 3331 praeter
1575 3264 1749 3319 dictos
1806 3272 2090 3329 auctores,

532 3353 891 3424 Augustinus,
908 3353 1019 3418 .lib.
1051 3370 1138 3407 xv:
1172 3353 1249 3409 De
1268 3354 1479 3408 civitate
1501 3354 1615 3422 Dei,
1637 3371 1756 3424 cap.
1782 3357 1868 3420 10,
1899 3365 1951 3411 et
1977 3357 2090 3419 alii,

531 3460 672 3516 quos
706 3460 814 3500 non
861 3452 944 3500 est
973 3460 1113 3515 opus
1147 3445 1236 3499 hic
1287 3461 1589 3502 recensere.
1650 3445 1929 3517 Scriptura
1978 3447 2091 3504 He-

533 3536 740 3600 braica,
760 3544 814 3591 et
831 3535 1180 3606 paraphrasis
1203 3536 1491 3591 Chaldaica
1511 3553 1576 3590 ne
1600 3537 1821 3592 verbum
1852 3538 2087 3608 quidem.

534 3625 767 3691 Quinam
800 3625 964 3695 igitur
999 3625 1120 3680 falsi
1161 3633 1308 3690 sunt,
1344 3637 1398 3680 et
1434 3627 1723 3681 errarunt?
1778 3627 2092 3698 Septuagin-

536 3724 610 3781 ta,
636 3732 704 3770 an
734 3715 992 3772 Hebraea?
1017 3731 1139 3771 cum
1167 3725 1449 3788 utramque
1476 3733 1657 3772 veram
1687 3734 1807 3782 esse
1837 3719 1951 3774 fieri
1981 3735 2090 3775 non

537 3811 729 3879 possit.
787 3808 1061 3874 Pererius,
1097 3809 1301 3879 disput.
1347 3811 1435 3873 ll,
1483 3810 1576 3864 lib.
1608 3826 1741 3876 xvu,
1793 3813 2090 3868 sententias

534 3901 688 3970 ponit
720 3902 923 3965 varias,
953 3910 1006 3956 et
1037 3900 1233 3956 refellit
1262 3902 1486 3971 prolixe.
1539 3901 1871 3972 Augustinus
1910 3903 2091 3976 Eugu-

533 3992 696 4048 binus
725 3992 858 4047 dicit
908 3993 998 4046 illa
1038 3992 1315 4049 additione
1366 3991 1716 4065 Septuaginta
1760 3994 2087 4066 lnterprctes

534 4098 768 4148 errasse,
802 4091 856 4140 et
902 4099 1088 4139 eorum
1117 4099 1356 4139 errorem
1393 4093 1659 4152 secutum,
1692 4085 1814 4154 quis
1857 4102 1965 4140 non
2012 4087 2091 4141 in-

533 4175 910 4230 horresceret?
959 4173 1020 4229 D.
1069 4173 1292 4230 Lucam.
1350 4175 1675 4244 Cajetanus,
1736 4174 2088 4246 Septuaginta

534 4266 682 4320 illam
721 4266 968 4320 addendo
996 4281 1230 4330 errasse,
1266 4266 1328 4321 Ι).
1362 4282 1487 4322 vero
1513 4265 1712 4321 Lucam
1739 4269 1989 4322 excusari
2020 4269 2087 4323 ab

532 4373 740 4423 errore,
765 4373 890 4412 cum
920 4365 1142 4413 secutus
1169 4358 1240 4413 sit
1262 4373 1380 4427 qua:
1408 4358 1672 4412 invenerit
1693 4359 1834 4427 apud
1857 4357 2084 4428 Septua-

2196 3171 2346 3227 Unus
2378 3179 2432 3226 et
2461 3171 2603 3226 idem
2631 3170 2868 3241 Spiritus
2901 3171 3083 3226 divino
3105 3171 3360 3241 impulsu,
3387 3171 3682 3242 afﬂatuque
3710 3180 3762 3226 et

2193 3279 2410 3318 manum
2453 3261 2655 3334 Moysis
2687 3263 3035 3327 scribentem,
3065 3270 3117 3318 et
3159 3262 3510 3333 Septuaginta
3543 3272 3760 3317 verten-

2195 3362 2324 3419 tem,
2370 3360 2422 3408 et
2467 3351 2530 3406 D.
2565 3351 2726 3407 Luem
2769 3360 3097 3422 repetentem
3144 3352 3373 3409 fovendo
3416 3356 3582 3409 rexit.
3629 3353 3759 3420 Quis

2193 3442 2336 3496 hunc
2367 3440 2626 3512 Spiritum
2659 3443 2715 3496 in
2743 3441 2884 3498 Luca
2918 3444 3002 3498 vel
3035 3444 3382 3515 Septuaginta
3415 3445 3754 3507 mendacem,

2192 3534 2246 3587 in
2280 3533 2461 3605 Moyse
2493 3549 2766 3600 veracem,
2797 3535 2882 3590 vel
2911 3545 3121 3600 contra,
3155 3535 3271 3591 sine
3302 3539 3540 3590 maxima
3573 3538 3759 3606 impie-

2191 3627 2318 3680 tatis
2346 3633 2496 3691 nota,
2531 3637 2583 3681 et
2622 3626 2904 3681 catholica:
2947 3625 3070 3680 ﬁdei
3114 3627 3440 3681 detrimento
3474 3643 3759 3683 assevera-

2192 3716 2306 3769 bit?
2342 3715 2398 3770 Si
2429 3716 2728 3771 secundum
2759 3716 3039 3783 Basiliam,
3067 3717 3214 3772 hom.
3239 3717 3303 3771 10
3328 3719 3379 3770 in
3403 3716 3588 3772 Gencs.
3612 3761 3630 3785 ,
3663 3719 3761 3773 Di-

2192 3825 2302 3862 cere
2344 3809 2551 3862 verbum
2596 3808 2808 3879 aliquod
2835 3825 2947 3862 esse
2992 3809 3045 3861 in
3087 3806 3379 3876 Scripturis
3419 3811 3675 3874 otiosum,
3713 3819 3762 3864 et

2192 3919 2653 3971 supervacaneum,
2686 3901 3008 3971 blasphemia
3031 3911 3127 3967 est,
3165 3901 3296 3972 quid
3324 3901 3429 3957 erit
3458 3901 3512 3956 in
3536 3901 3649 3957 illis
3675 3918 3763 3956 er-

2192 4011 2365 4060 rores,
2396 3995 2640 4066 falsaque
2680 3994 3018 4050 concedere?

2261 4085 2418 4152 lbid.,
2446 4087 2544 4141 lin.
2577 4087 2667 4142 24.
2709 4085 2892 4152 Σαλά,
2939 4085 3040 4154 ἀφ’
3088 4079 3160 4140 οὗ
3202 4085 3544 4140 Σουσιανοὶ.
3589 4084 3761 4140 Euse-

2192 4180 2316 4236 bius
2353 4196 2369 4233 :
2420 4178 2614 4242 Σασὰν,
2648 4178 2741 4247 ἀφ’
2782 4169 2842 4231 οὗ
2887 4179 3131 4231 Κοσαῖοι.
3184 4176 3484 4231 Chronicon
3517 4178 3758 4232 Alexan-

2190 4272 2420 4326 drinum.
2460 4269 2624 4334 Σαλὰ,
2657 4269 2716 4334 ἐξ
2743 4263 2802 4326 οὗ
2836 4269 3160 4323 Σαλαθιαῖοι.

2259 4360 2416 4425 lbid.,
2448 4360 2546 4414 lin.
2592 4359 2681 4414 26.
2728 4360 2858 4425 Υἱὸς
2893 4357 2998 4412 τοῦ
3043 4358 3206 4412 Σαλὰ
3232 4359 3417 4425 Ἔϐερ.
3441 4356 3758 4430 Iosephus:

533 4452 702 4522 ginta,
739 4451 991 4515 veritum,
1054 4466 1122 4505 ne
1170 4450 1384 4504 diversa
1440 4464 1468 4502 a
1523 4447 1874 4519 Septuaginta
1919 4451 2087 4505 luter-

2204 4451 2533 4524 Ἀρφαξάδου
2563 4451 2619 4504 δὲ
2663 4449 2868 4519 γίνεται
2899 4452 3026 4513 παῖς
3055 4449 3248 4518 Σαλῆς,
3273 4447 3364 4500 τοῦ
3406 4448 3461 4500 δὲ
3496 4450 3758 4522 Ἐδαρος,

534 4541 776 4611 pretibus
807 4539 1115 4604 scribendo,
1145 4539 1325 4594 minus
1346 4539 1504 4608 vulgo
1533 4540 1730 4608 scripta
1759 4555 1854 4594 sua
1888 4542 2084 4610 proba-

534 4641 741 4689 rentur.
755 4632 990 4690 Joannes
1013 4631 1253 4687 Lucidus
1285 4630 1361 4684 De
1393 4631 1751 4685 emendatione
1780 4639 2090 4700 temporum,

533 4731 587 4780 et
606 4723 971 4778 Hartmannus
997 4724 1322 4779 Contractus
1349 4723 1402 4776 in
1433 4722 1701 4778 Chronicis
1727 4724 1898 4789 aiunt,
1919 4738 2088 4777 unum

533 4824 588 4872 et
612 4817 860 4873 eumdem
879 4816 1046 4870 fuisse
1078 4815 1220 4878 Sale,
1248 4823 1302 4870 et
1329 4815 1555 4878 Cainan,
1576 4815 1963 4885 corriguntque
1980 4822 2092 4872 tex-

533 4916 648 4962 tum
672 4906 732 4959 D.
766 4905 924 4960 Luca:
955 4906 1264 4972 111,555.56:
1297 4906 1398 4972 Qui
1429 4906 1529 4974 fuit
1564 4904 1705 4968 Sale,
1726 4909 1812 4975 qui
1839 4908 1940 4975 fuit
1975 4907 2093 4961 Caip

534 5013 658 5061 nan,
686 4997 740 5050 in
780 4995 884 5062 Qui
914 4995 1013 5063 fuit
1044 4993 1186 5058 Sale,
1219 4996 1306 5064 qui
1333 5005 1380 5048 et
1411 4993 1637 5048 Cainan.
1674 4993 1928 5063 Aloysius
1965 4992 2091 5062 Lip-

535 5103 800 5159 pomanus
828 5088 883 5139 in
921 5102 1035 5156 cap.
1067 5103 1119 5140 χι
1146 5085 1329 5140 Cenes.
1361 5093 1415 5140 et
1441 5084 1701 5140 Melchior
1748 5083 1930 5137 Canus
1963 5084 2087 5138 libr.

535 5196 572 5233 ιι
618 5178 694 5250 De
721 5179 848 5233 locis
892 5177 1208 5246 theologicis,
1241 5176 1404 5246 capit.
1455 5176 1537 5240 t8,
1576 5183 1905 5230 censuerunt
1953 5173 2092 5227 hanc

534 5272 939 5340 generationem
972 5269 1176 5324 Cainan
1206 5284 1329 5322 vere
1359 5268 1497 5322 inter
1539 5267 1824 5335 Arphaxad
1861 5274 1914 5319 et
1967 5264 2090 5319 Sala

535 5362 943 5426 intercessisse;
975 5375 1200 5428 eamque
1223 5359 1570 5427 Septuaginta
1599 5358 1681 5410 vel
1710 5373 1776 5412 ex
1799 5365 1946 5410 certa
1979 5373 2091 5409 ma-

534 5452 713 5519 jorum
755 5451 1043 5505 traditione
1080 5451 1164 5504 vel
1204 5465 1271 5504 ex
1311 5448 1550 5503 historiis
1593 5447 1694 5502 ﬁde
1747 5449 1927 5516 dignis
1980 5463 2093 5502 sua:

539 5542 882 5596 translationi
927 5541 1243 5607 inseruisse,
1284 5555 1445 5610 quam
1491 5539 1700 5612 Moyses
1750 5541 1930 5594 sciens
1963 5555 2093 5609 pru—

539 5631 782 5700 densque
834 5633 1269 5702 praztermiserat,
1326 5640 1384 5686 ut
1435 5632 1630 5686 seriem
1687 5632 2093 5702 generationum

538 5723 832 5780 decadibus
873 5739 982 5780 non
1024 5725 1141 5779 sine
1173 5724 1355 5795 aliquo
1401 5723 1658 5795 mysterio
1695 5723 1996 5793 perficeret,
2038 5733 2090 5778 et

2193 4543 2284 4612 ἀφ’
2323 4536 2382 4596 οὗ
2426 4543 2550 4605 τοὺς
2592 4540 2872 4605 Ἰουδαίους
2918 4541 3200 4611 Ἐϐραίους
3228 4541 3460 4613 ἀρχῆθεν
3505 4542 3759 4595 ἐκάλουν.

2195 4634 2458 4690 Eusebius
2486 4633 2692 4705 εἘϐερ,
2715 4634 2807 4704 ἀφ’
2829 4629 2890 4688 οὗ
2923 4633 3177 4704 Ἐὕραῖοι.
3206 4625 3498 4688 ϐΙὶτοηίεοη
3525 4635 3764 4689 Alexan-

2193 4725 2402 4778 drinum
2447 4741 2464 4778 :
2504 4723 2673 4795 Ἔϐερ
2717 4723 2776 4788 ἐξ
2820 4715 2879 4775 οὗ
2915 4723 3178 4776 Ἀλϐανοί.
3216 4724 3297 4779 Ab
3346 4724 3450 4778 hoc
3497 4723 3763 4779 Hebraeos

2192 4831 2314 4871 esse
2363 4816 2761 4878 denominatos,
2807 4821 3065 4884 tanquam
3110 4813 3384 4876 Hebraeos,
3433 4822 3491 4867 et
3541 4829 3654 4867 non
3697 4816 3764 4867 ab

2193 4908 2426 4961 Ahraam
2458 4908 2622 4961 tradit
2655 4907 3014 4977 Augustinus,
3044 4906 3139 4960 lib.
3167 4923 3254 4960 xv:
3287 4905 3363 4960 De
3391 4906 3606 4960 civitate
3640 4906 3758 4969 Dei,

2193 5013 2311 5066 cap.
2350 4999 2384 5051 5
2409 5016 2420 5052 :
2459 4996 2580 5050 Non
2608 4997 2833 5064 frustra,
2863 4997 3061 5066 inquit,
3091 4998 3198 5065 ipse
3220 4997 3419 5066 primus
3449 4999 3760 5050 nominatus

2193 5099 2268 5144 est
2295 5091 2345 5142 in
2369 5090 2610 5158 progenie
2639 5089 2864 5150 veniente
2891 5089 2953 5141 de
2979 5087 3120 5151 Sem,
3144 5098 3192 5143 et
3218 5079 3471 5158 prtelatus
3496 5072 3573 5142 est
3599 5091 3758 5141 etiam

2195 5183 2345 5250 ﬁliis,
2373 5198 2488 5234 cum
2540 5181 2607 5234 sit
2655 5182 2865 5249 quintus
2903 5197 3059 5248 nepos
3091 5195 3109 5232 :
3156 5181 3260 5233 nisi
3305 5182 3429 5249 quia
3474 5197 3657 5234 verum
3686 5189 3759 5233 est

2193 5271 2330 5343 quod
2383 5271 2610 5324 traditur
2655 5286 2718 5324 ex
2767 5271 2857 5322 illo
2911 5269 3156 5324 llebrreos
3203 5287 3313 5324 esse
3357 5273 3758 5340 cognominatos

2197 5373 2442 5432 tanquam
2481 5361 2749 5426 Ilebrwos,
2781 5379 2898 5418 cum
2925 5373 2972 5416 et
3003 5362 3110 5415 alia
3142 5363 3304 5432 possit
3334 5378 3444 5415 esse
3479 5365 3676 5429 opinio,
3705 5371 3759 5411 ut

2194 5464 2257 5520 ea:
2288 5440 2554 5501 Abraham
2594 5458 2842 5519 tanquam
2873 5450 3084 5505 Abraazi
3127 5451 3254 5503 dicti
3302 5467 3411 5504 esse
3457 5452 3755 5504 videantur.

2198 5538 2298 5593 Sed
2323 5538 2567 5591 nimirum
2595 5539 2689 5592 hoc
2715 5557 2885 5592 verum
2917 5549 3015 5603 est,
3047 5534 3184 5610 quod
3211 5555 3273 5593 ex
3302 5539 3470 5595 Heber
3510 5539 3756 5613 Heberu'i

2199 5630 2447 5699 appellati
2487 5640 2627 5693 sunt,
2656 5647 2716 5682 ac
2749 5631 2868 5683 inde
2898 5648 3002 5683 una
3038 5624 3272 5684 detracta
3302 5631 3722 5702 litteraﬂebrcri
3743 5672 3758 5686 .

2201 5740 2355 5792 quam
2387 5723 2617 5792 linguam
2646 5722 2788 5777 solus
2825 5721 2995 5778 Israel
3025 5725 3243 5791 populus
3277 5724 3443 5791 potuit
3482 5716 3756 5777 obtineri:
