3952 6204
237 298 374 363 1005

1194 298 1259 353 1N
1312 297 1676 383 ausum"
1730 274 2201 351 transuersos
2239 290 2470 350 nom.

3328 276 3465 350 «θοι

231 416 289 471 in
310 430 413 484 quo
444 413 542 467 Dei
573 413 776 476 civitas,
800 422 847 468 et
872 415 925 467 in
952 416 1147 469 sanctis
1179 417 1508 486 peregrinata
1539 427 1637 481 est,
1665 426 1711 467 et
1742 417 1791 468 in
1828 428 1867 480 Α
1896 415 2123 483 phoniaz,
2154 421 2207 468 et
2236 412 2386 466 alibi.
2411 408 2674 480 Origenes
2713 406 2860 479 hom.
2897 404 2957 459 H
2992 404 3045 457 in
3079 401 3241 459 Num.
3274 380 3466 460 Hiero;

233 503 474 558 omnibus
498 514 830 557 sacramenta
855 504 1191 562 adumbrata.
1228 506 1293 559 Et
1325 507 1415 562 lib.
1460 523 1496 559 ll
1539 506 1790 567 Relract.,

236 610 362 665 cap.
399 594 487 658 Η,
525 594 830 667 posthabita
859 597 1031 664 prima
1062 597 1340 666 opinione,
1382 590 1435 650 in
1468 612 1572 667 qua
1620 596 1795 651 fuerat

1898 520 2090 575 nymus
2119 505 2365 559 Oleaster
2395 503 2448 555 in
2479 513 2599 569 cap.
2630 513 2660 552 ι
2687 493 2948 551 Cenes..et
2976 490 3091 549 alii.

1965 597 2128 661 Ibid.,
2183 596 2277 649 lin.
2335 596 2423 648 50.
2492 590 2731 645 Υἱοὺδὲ
2782 589 2888 643 τοῦ
2932 589 3122 657 Ἔϐερ.
3160 586 3467 644 Eusebius:

238 684 553 755 aliquando,
582 686 725 750 quod
755 687 823 740 ab
848 687 1082 741 Abraam
1104 687 1233 741 dicti
1262 688 1370 742 sint
1402 685 1629 749 Hebraei,
1655 685 1794 738 hanc

1903 687 2090 747 Φαλὲκ,
2141 687 2234 756 ἀφ’
2272 682 2332 739 οὗ
2375 683 2644 756 Βάκτροι·
2684 681 3002 752 Ἐλμωδὰμ,
3055 681 3146 749 ἀφ’
3186 674 3245 733 οὗ
3284 678 3467 733 Ἰνδοί·

236 777 485 832 eamdem
528 778 839 846 Opinionem
873 778 993 832 aliis
1039 778 1291 848 praetulit.
1343 775 1594 830 Eamdcm
1636 784 1794 829 tuen-

1908 778 2132 841 Ἰεκτὰν,
2165 779 2254 846 ἀφ’
2278 771 2337 830 οὗ
2365 775 2664 830 Μαδιναῖοι.
2700 771 2991 829 Chronicon
3017 770 3433 825 Alexandrinum
3450 788 3472 826 :

235 876 351 933 tur,
386 866 657 923 Eusebius
683 870 736 923 in
760 870 985 924 exordio
1018 884 1129 924 suae
1156 867 1538 940 Chronologiw,
1568 868 1797 922 Aracius

1903 868 2092 933 Φαλὲκ,
2132 868 2192 934 ἐξ
2220 864 2280 922 οὗ
2317 868 2612 935 κατάγεται
2639 866 2700 918 τὸ
2735 865 2889 934 γένος
2925 863 3173 935 ’Δὸραὰμ
3201 863 3473 934 προπάτο-

234 959 592 1016 Cmsariensis
625 962 678 1014 in
708 960 858 1026 Cen.,
892 961 1252 1032 llieronymus
1274 959 1673 1015 Traditiom’bus
1692 957 1799 1012 He-

238 1050 436 1105 braicis
459 1051 514 1104 in
535 1047 658 1105 Cen.
690 1068 811 1121 cap.
852 1069 961 1115 xw,
992 1059 1045 1108 et
1080 1053 1253 1108 secuti
1283 1060 1410 1105 sunt
1439 1049 1601 1112 Beda,
1638 1048 1799 1102 Isido-

228 1157 362 1205 rus,
389 1142 651 1213 Lyranus,
683 1142 995 1213 Euguhinus
1030 1141 1473 1197 annotationibus
1503 1142 1556 1194 in
1590 1136 1795 1206 Cenes.,

1894 950 2021 1032 γρος·
2066 960 2291 1025 Ἰεκτὰν,
2324 958 2386 1025 ἒξ
2415 953 2475 1012 οὗ
2509 957 2780 1021 Αἰθίοπες.

1968 1051 2127 1119 11)ἰ(1.,
2166 1052 2263 1105 lin.
2306 1051 2396 1105 51.
2440 1051 2493 1102 Ὀ
2526 1048 2593 1102 δὲ
2617 1050 2813 1102 «pan
2858 1048 2974 1102 διά.
3009 1046 3350 1118 Nicephorus
3378 1055 3475 1117 pa-

1900 1142 2135 1198 triarcha
2162 1140 2795 1209 Constantinopolitanus
2816 1156 2871 1193 tn
2899 1138 3329 1210 Chronograpltia
3351 1139 3475 1192 :‘Ev

225 1245 364 1302 .cap.
396 1248 508 1296 xw,
543 1240 599 1286 et
635 1233 745 1285 alii.
776 1232 1085 1303 Artapanus
1126 1232 1269 1302 apud
1298 1229 1589 1285 Eusebium
1621 1229 1715 1283 lib.
1746 1244 1796 1281 Ix

1903 1230 1953 1285 δὲ
1994 1235 2111 1296 ταῖς
2154 1231 2386 1303 ἡμέραις
2420 1229 2596 1283 Φαλὲκ
2635 1228 3090 1301 διεμερίσθησαν
3123 1229 3203 1282 διὸ
3243 1229 3339 1283 καὶ
3377 1245 3475 1300 ση-

236 1321 321 1376 De
348 1326 728 1392 prwparatione
759 1324 990 1394 evangel.
1022 1338 1141 1393 cap.
1177 1322 1300 1385 ult.,
1335 1337 1427 1377 eos
1456 1321 1529 1375 ita
1570 1320 1799 1391 appella-

1905 1324 2081 1395 μαίνει
2108 1323 2168 1375 τὸ
2188 1323 2366 1375 Φαλὲκ
2387 1321 2556 1392 ὄνομα
2586 1324 2651 1393 τῇ
2691 1321 2952 1391 Ἐϐραίων
2976 1324 3125 1392 φωνῇ
3154 1322 3471 1391 μερισμός.

240 1423 332 1470 tos
369 1414 534 1470 refert
584 1432 647 1469 ex
702 1416 933 1469 Abraam
977 1414 1244 1484 principe,
1298 1429 1362 1468 ac
1408 1420 1631 1483 parente
1682 1412 1799 1479 ejus

1903 1416 2009 1469 Καὶ
2036 1410 2190 1478 οὗτος
2218 1414 2324 1485 πρὸ
2358 1414 2451 1468 τοῦ
2481 1414 2609 1484 περὶ
2631 1413 2873 1484 τελευτᾷ.
2892 1413 3014 1465 Ἐπὶ
3042 1412 3229 1466 τούτου
3254 1416 3287 1484 ἡ
3332 1427 3473 1483 πυρα

238 1508 421 1575 gentis
472 1508 841 1566 nobilissimo.
896 1518 950 1562 ct
994 1509 1123 1562 dicti
1179 1515 1307 1561 sunt
1362 1504 1591 1570 llehraai,
1644 1503 1799 1573 quasi

1903 1506 2119 1575 γοποιία
2149 1504 2398 1575 συνέστη,
2433 1505 2527 1557 καὶ
2567 1503 2673 1556 ἀπὸ
2706 1506 2835 1574 μιᾶς
2874 1504 2969 1573 τῆς
2999 1503 3162 1557 πάλαι
3196 1504 3472 1557 διαλέκτοῡ

232 1598 475 1653 Δὺταωί.
511 1598 842 1670 ’Δρτάπανος
886 1598 941 1652 δέ.
984 1616 1145 1669 φησιν
1192 1599 1246 1649 ἐν
1295 1595 1416 1662 τοῖς
1471 1592 1803 1659 Ἰουδαϊκοῖς
1903 1596 2211 1666 πολυφωνία
2253 1596 2463 1665 γέγονε.
2509 1596 2619 1649 Καὶ
2664 1597 2696 1666 ἡ
2733 1595 2853 1649 καθ’
2904 1595 3133 1649 ἕκαστον
3180 1595 3329 1659 ἔθνος
3367 1595 3474 1650 τῶν

235 1692 367 1754 τοὺς
412 1691 508 1761 μὲν
556 1690 839 1754 Ἰουδαίους
884 1690 1238 1762 ὀνομάζεσθαι
1280 1687 1555 1760 Ἐρμιοὺθ,
1596 1686 1624 1739 ὃ
1668 1682 1803 1739 εἶναι
1904 1688 2162 1758 γλωσσῶν
2201 1688 2484 1757 διαφωνία,
2517 1688 2679 1758 φησὶν
2721 1690 2754 1759 ἡ
2808 1687 2926 1740 θεία
2970 1688 3180 1759 Γραφή.
3217 1686 3474 1742 Hebraeor-

234 1766 679 1852 ,μεθερμηνευθὲν
726 1782 866 1839 κατὰ
913 1781 1010 1853 τὴν
1056 1781 1279 1834 Ἐλλάδα
1326 1779 1504 1852 φωνὴν
1540 1778 1799 1832 Ἰουδαῖοι.

1906 1794 2025 1831 rum
2058 1778 2146 1832 illa
2193 1777 2294 1831 fuit
2332 1777 2623 1843 sententia,
2659 1775 2837 1831 Heher
2863 1793 3118 1848 magnum
3154 1777 3326 1834 fuisse
3349 1793 3477 1848 pro.

222 1873 535 1947 _Ka.).£i30at
590 1873 646 1927 δὲ
711 1874 907 1938 αὐτοὺς
962 1874 1246 1945 Ἐϐραίους
1307 1874 1411 1927 ὑπὸ
1469 1872 1797 1944 Ἀϐραάμου.

236 1963 402 2019 Hunc
423 1965 712 2035 aliquando
742 1972 964 2021 secutus
994 1975 1078 2021 est
1102 1965 1441 2033 Augustinus
1465 1964 1498 2016 l.
1529 1980 1544 2017 ι
1575 1963 1652 2016 De
1677 1980 1800 2016 con-

236 2072 397 2111 sensu
429 2058 752 2128 evangelist.,
799 2073 920 2128 cap.
970 2057 1058 2121 M,
1096 2059 1313 2112 tandem
1364 2057 1454 2109 alii
1505 2057 1572 2111 ab
1626 2055 1803 2109 Hebar

234 2146 388 2215 quod
420 2143 612 2201 Latine
644 2154 729 2202 est
777 2148 1042 2209 transivit,
1091 2145 1347 2201 Hebraeos
1391 2146 1802 2217 cognominatos

234 2236 575 2302 existimant,
607 2244 661 2293 et
688 2252 798 2293 non
830 2239 898 2293 ab
937 2239 1236 2306 Abraham,
1271 2254 1447 2309 neque
1490 2240 1558 2295 ab
1601 2238 1799 2295 ileber.

234 2330 417 2400 Hujus
446 2332 721 2402 opinionis
754 2332 903 2387 fuere
936 2322 1235 2402 Origenes.
1256 2329 1524 2386 Diodorus
1565 2329 1803 2386 Tarsen-

216 2421 345 2487 sis,
371 2420 643 2491 Rupertus
692 2422 785 2478 lib.
814 2439 845 2471 v
876 2422 1240 2477 Commentar.
1269 2422 1323 2476 in
1348 2420 1529 2477 Cenes.
1567 2437 1688 2492 cap.
1715 2437 1798 2487 x1;

233 2514 664 2586 Cbrysostomus
731 2516 876 2569 hom.
937 2515 1006 2569 55
1080 2517 1136 2568 in
1198 2514 1379 2570 Cenes.
1432 2514 1802 2571 Theodoretus

235 2617 436 2676 quaest.
473 2605 542 2660 60
582 2606 636 2659 in
675 2603 858 2659 Cenes.
903 2619 1022 2660 eam
1069 2606 1144 2657 ita
1183 2602 1443 2666 defendit,
1489 2614 1546 2656 ut
1580 2602 1802 2673 opposi-

237 2706 356 2751 tam
385 2694 761 2767 reprehendat.
795 2693 849 2747 Si
892 2692 1060 2755 enim,
1108 2692 1304 2762 inquit,
1341 2691 1410 2745 ab
1454 2688 1648 2757 Heber,
1693 2688 1800 2743 He-

236 2788 399 2850 braei,
429 2796 483 2841 et
519 2786 705 2856 lingua
749 2777 1014 2838 Hebraica
1060 2797 1256 2836 nomen
1299 2776 1486 2847 traxit,
1517 2781 1802 2850 oportebat

237 2895 435 2934 omnes
462 2886 710 2949 posteros
738 2876 915 2931 Heher
953 2874 1250 2945 appellatos
1297 2872 1465 2928 fuisse
1512 2869 1790 2935 Hebraeos,

218 2977 411 3037 atque
448 2980 510 3020 ea
538 2964 722 3034 lingua
766 2977 915 3027 usos,
943 2959 1090 3032 quod
1133 2960 1189 3014 in
1217 2957 1394 3031 Syris,
1431 2957 1706 3023 Moabitis,
1749 2964 1801 3013 et

235 3058 370 3112 aliis
397 3057 629 3127 posteris
667 3053 843 3109 Heber
876 3068 985 3109 non
1038 3050 1287 3121 contigit.
1332 3049 1570 3119 Ideoque
1614 3059 1800 3104 censet

235 3150 540 3221 appellatos
572 3147 739 3202 fuisse
775 3145 1030 3201 Hebraeos
1073 3159 1141 3198 ex
1187 3158 1252 3198 eo
1293 3142 1438 3212 quod
1468 3142 1739 3196 Abraham
1773 3157 1803 3195 e

238 3241 464 3311 regione
492 3238 867 3294 Chaldaeorum
898 3237 1119 3291 veniens
1145 3236 1201 3290 in
1246 3233 1591 3288 Palzt-stinam
1623 3241 1803 3288 trans-

236 3336 342 3388 ivit
381 3331 605 3387 ﬂuvium
636 3330 987 3401 Euphratem.
1023 3327 1199 3383 Hebra
1220 3327 1363 3382 enim
1403 3325 1662 3397 Syrorum
1697 3324 1802 3379 lin-

238 3443 351 3498 gua
378 3427 519 3482 idem
561 3424 764 3480 dicitur
796 3421 942 3493 quod
969 3421 1292 3491 Euphrates.
1324 3418 1528 3473 Paulus
1562 3417 1802 3487 Burgen-

239 3522 324 3576 sis
352 3528 538 3575 censet
587 3517 841 3572 Hebraeos
875 3529 995 3571 esse
1022 3513 1434 3583 cognominatos
1460 3510 1614 3580 quasi
1651 3524 1804 3580 pere-

239 3612 459 3683 grinos,
482 3610 585 3665 hoc
609 3624 732 3665 esse
760 3616 976 3678 etymon
1012 3604 1257 3658 vocabuli
1288 3603 1470 3672 lingua
1498 3602 1585 3655 illa
1614 3620 1626 3655 :
1655 3601 1721 3655 de
1747 3616 1803 3654 re

242 3718 358 3758 non
408 3716 529 3758 esse
586 3699 968 3756 dubitandum.
1005 3695 1140 3762 Quis
1190 3695 1333 3749 enim
1380 3694 1555 3748 nescit
1584 3700 1801 3764 gentem

242 3795 395 3850 illam
438 3803 491 3848 et
536 3794 591 3846 in
630 3800 772 3848 terra
802 3789 1081 3851 Chanaan,
1114 3795 1167 3842 et
1211 3788 1265 3841 in
1294 3784 1528 3857 Egyplo
1560 3800 1681 3841 esse
1712 3799 1802 3854 pe-

243 3887 599 3957 regrinatam.

314 3976 432 4031 Col.
453 3975 797 4040 Ἱ57.οἵτινες
819 3972 933 4040 τὴν
950 3970 1161 4041 ἀρχήν.
1184 3968 1355 4023 Heher
1375 3981 1587 4037 poenam
1606 3967 1767 4021 contu
1783 3996 1800 4005 -

241 4069 419 4124 sionis
454 4068 761 4137 linguarum
806 4064 1070 4126 evasisse,
1099 4062 1244 4132 quod
1277 4074 1415 4115 vana
1452 4059 1802 4112 molientibus

240 4176 352 4216 non
374 4160 753 4221 assentiretur,
772 4155 937 4211 refert
961 4153 1162 4210 Catena
1185 4151 1369 4207 Graaca
1392 4153 1445 4205 in
1474 4150 1656 4205 Cenes.
1689 4152 1799 4203 Φα-

243 4254 327 4305 σὶν
350 4252 425 4313 ὡς
457 4251 604 4321 παρὰ
629 4247 706 4319 τῷ
725 4247 893 4317 Ἔϐερ
924 4245 1067 4317 μόνῳ
1092 4243 1363 4314 ἐφυλάχθη
1387 4244 1423 4313 ἡ
1451 4241 1690 4309 γλῶσσα,
1727 4239 1802 4304 ὡς

246 4344 323 4415 μὴ
354 4343 734 4410 κοινωνήσαντι
776 4339 854 4398 εἰς
901 4336 961 4388 τὸ
1006 4333 1095 4387 τοῦ
1130 4332 1339 4405 πύργου
1384 4330 1649 4401 τόλμημα.
1685 4328 1800 4382 Ma-

242 4449 439 4491 nasses
464 4432 519 4486 in
558 4428 754 4483 Annal.
789 4444 807 4481 :

239 4525 411 4591 'E6’ep
450 4521 517 4575 δὲ
541 4522 729 4591 μόνος
768 4516 877 4592 τῆς
906 4513 1137 4592 resting};-
1174 4513 1483 4580 ἐλεύθερος
1509 4510 1796 4592 ῠίτῆρξεν·

242 4598 328 4650 οὐ
358 4585 466 4663 {ap
502 4585 953 4659 σὺγκατετίθετο
979 4585 1101 4651 τοῖς
1130 4585 1659 4653 ματαιοπραγοῦσι.

240 4710 485 4766 Suidas:
525 4698 690 4768 Οὗτος
724 4704 783 4755 οὐ
812 4702 1125 4770 συνεποίησε
1160 4701 1271 4762 τοῖς
1309 4697 1674 4769 πυργοποιοῖς,
1705 4695 1800 4747 καὶ

236 4802 507 4873 διέμεινεν
543 4800 577 4869 ἡ
607 4797 881 4859 διάλεκτος
924 4792 1085 4848 αὐτοῦ
1119 4789 1506 4862 ἀμετάϐλητος.
1547 4787 1800 4842 Theodo-

238 4901 418 4957 retus,
455 4899 648 4963 quaest.
681 4888 828 4943 59in
859 4884 1071 4950 Cenes.,
1116 4883 1548 4953 antiquissimam
1580 4881 1799 4951 lingua-

226 4999 365 5043 rum
399 4982 641 5037 omnium
687 4978 962 5050 Syriacam
1008 4975 1301 5037 existimat,
1349 4971 1627 5028 Hebraeam
1668 4986 1799 5027 vero

236 5076 476 5147 primum
515 5072 770 5127 traditam
804 5068 974 5140 Moysi
1003 5084 1032 5121 a
1066 5065 1172 5122 Deo
1207 5065 1394 5121 fuisse.
1436 5062 1799 5131 Quemadmo-

237 5167 373 5222 dum
399 5165 543 5221 enim
560 5166 632 5219 -in
671 5162 885 5233 templis
915 5159 1225 5215 Graecorum
1255 5155 1473 5227 quidam
1504 5164 1631 5212 sunt
1659 5155 1802 5209 litte-

235 5270 429 5311 rarum
451 5256 795 5310 characteres
828 5252 1149 5325 peculiares,
1175 5263 1314 5319 quos
1341 5252 1527 5303 sacres
1563 5247 1801 5316 appella-

235 5330 394 5413 runt,
429 5349 511 5405 sic
553 5347 700 5404 Deus
738 5361 833 5417 per
860 5344 1061 5401 Mosem
1102 5340 1325 5397 donavit
1363 5340 1501 5394 hanc
1532 5340 1795 5411 linguam,

232 5458 354 5499 non
387 5442 601 5512 quidem
636 5440 962 5503 naturalem,
999 5438 1093 5495 sed
1138 5436 1206 5490 ad
1246 5434 1548 5489 docendum
1577 5433 1793 5504 quidem

232 5541 444 5604 aptam.
483 5531 680 5586 Verum
712 5531 868 5585 aliter
897 5537 1097 5586 etcum
1129 5534 1318 5582 nostro
1352 5524 1635 5601 Eustathio
1665 5542 1797 5579 con-

233 5625 406 5680 sentit
429 5608 765 5693 Augustinus
797 5622 867 5675 De
899 5623 1105 5676 civitate
1128 5619 1243 5682 Dei,
1271 5619 1366 5672 lib.
1400 5634 1513 5684 xvr,
1549 5626 1673 5687 cap.
1706 5618 1792 5676 tl.

233 5728 290 5773 et
322 5716 423 5771 lib.
456 5731 612 5782 svnt,
640 5732 758 5787 cap.
802 5714 904 5783 39;
955 5700 1314 5785 Hierdnymus
1346 5713 1399 5768 in
1435 5728 1551 5783 cap.
1589 5728 1645 5766 lll
1694 5711 1794 5768 So-

1905 1870 2144 1939 phetam,
2173 1878 2337 1941 atque
2366 1869 2535 1923 divini
2564 1869 2809 1924 numinis
2832 1868 3008 1923 aﬂlatu
3039 1879 3165 1925 ante
3206 1871 3476 1926 ducentos

1904 1976 2076 2015 annos
2123 1960 2362 2015 futurum
2409 1960 2776 2031 praevidendo,
2811 1974 3009 2015 nomen
3056 1960 3255 2016 Phalec
3298 1963 3476 2033 impo.

1904 2055 2099 2108 suisse.
2126 2052 2268 2109 l‘dem
2315 2054 2483 2109 sentit
2528 2052 2911 2124 Hieronymus.
2940 2055 3039 2125 qui
3068 2056 3125 2109 in
3156 2054 3476 2109 Traditioni-

1904 2144 1997 2197 bas
2047 2142 2326 2199 Hebraicis
2373 2146 2426 2200 in
2482 2143 2666 2203 Cenes.
2717 2146 2946 2202 afﬁrmat
2995 2145 3171 2202 Heber
3216 2147 3475 2203 vaticinio

1902 2236 2136 2307 quodam
2167 2236 2419 2293 videlicet
2460 2254 2527 2294 ex
2571 2239 2758 2294 futuro
2801 2249 2996 2296 eventu
3038 2239 3322 2296 divisionis
3368 2240 3475 2293 lin-

1908 2339 2138 2394 guarum
2179 2340 2379 2379 nomen
2420 2326 2749 2395 imposuisse
2792 2344 2911 2391 suo,
2946 2334 2999 2383 et
3048 2327 3475 2399 Chrysostomus

1903 2413 2048 2465 hom.
2082 2413 2152 2468 '50
2196 2415 2250 2467 in
2296 2412 2477 2470 Cenes.
2500 2431 2518 2468 :
2545 2416 2858 2481 Considera,
2906 2418 3100 2489 inquit,
3135 2419 3476 2490 quemadmo-

1901 2503 2028 2558 dum
2059 2507 2134 2559 rei
2170 2505 2366 2575 futura:
2388 2508 2773 2577 praescientiam
2804 2512 3053 2564 vocabulo
3075 2513 3188 2565 nati
3211 2513 3360 2580 pueri
3384 2510 3475 2566 de-

1902 2597 2164 2659 claravit;
2199 2609 2258 2653 ut
2290 2617 2409 2654 cum
2441 2602 2637 2657 videris
2671 2620 2778 2657 rem
2819 2620 2969 2673 opere
2997 2605 3336 2675 adimpletam
3370 2623 3477 2660 non

1902 2689 2046 2744 ultra
2078 2692 2306 2757 mireris,
2340 2691 2518 2747 videns
2539 2693 2789 2751 divinitus
2831 2697 2885 2749 id
2913 2698 3061 2766 pueri
3102 2699 3310 2753 nomine
3335 2708 3475 2767 prte-

1900 2775 2116 2832 dictttm.
2148 2778 2419 2851 Iosephus
2450 2792 2629 2837 tamen
2670 2785 2762 2839 lib.
2798 2800 2814 2837 t
2842 2784 3100 2856 Antiquit.
3131 2794 3184 2840 ct
3210 2786 3473 2857 Augusti-
3508 2844 3511 2847 λ

1901 2885 2029 2936 nus,
2060 2871 2157 2927 lib.
2202 2889 2291 2928 xvr
2336 2874 2415 2930 De
2457 2876 2666 2932 civitate
2698 2876 2812 2942 Dei,
2846 2893 2967 2950 cap.
2998 2880 3084 2945 H,
3113 2888 3313 2936 nomen
3343 2880 3475 2946 hoc,

1902 2977 2009 3016 non
2035 2979 2099 3018 ex
2130 2962 2316 3021 futuro
2340 2976 2558 3032 eventu,
2594 2969 2689 3025 sed
2717 2984 2783 3025 eo
2810 2972 2953 3042 quod
2983 2970 3183 3027 factum
3214 2953 3353 3037 erat,
3381 2985 3476 3043 po-a

1903 3054 2066 3108 situm
2097 3054 2288 3113 fuisse.

1975 3145 2135 3211 lbid.,
2181 3148 2279 3203 lin.
2320 3150 2409 3204 36.
2459 3154 2779 3221 Τρισχίλιόι
2826 3154 2956 3223 γάρ.
3010 3153 3084 3210 De
3136 3155 3478 3226 temporibus

1902 3239 2068 3293 verba
2106 3238 2370 3297 facientes
2397 3251 2647 3298 auctores
2678 3244 2820 3297 haud
2863 3244 3212 3299 mediocriter
3242 3246 3386 3300 inter
3414 3254 3475 3301 Se

1902 3328 2189 3394 dissident,
2232 3340 2283 3384 et
2311 3333 2461 3385 varia
2494 3332 2800 3402 proferunt,
2834 3341 2893 3387 ut
2926 3334 3144 3391 facilius
3173 3337 3243 3393 sit
3284 3338 3339 3391 in
3369 3338 3475 3392 hac

1901 3434 1959 3473 re
1988 3419 2130 3489 quod
2167 3420 2309 3475 alius
2342 3421 2543 3477 diserit
2583 3423 3001 3491 reprehendere,
3038 3441 3201 3495 quam
3249 3427 3474 3498 aliquod

1902 3512 2046 3580 quod
2082 3513 2509 3583 reprehensione
2536 3523 2708 3582 caret,
2751 3514 3027 3588 proferre;
3073 3532 3197 3571 cum
3228 3520 3476 3575 rationes

1901 3613 1955 3660 et
1994 3615 2334 3678 argumenta,
2370 3607 2569 3677 quibus
2597 3608 2709 3663 haec
2739 3616 3074 3673 statuuntur,
3103 3623 3213 3664 non
3245 3612 3474 3669 omnino

1901 3707 2070 3762 certa,
2104 3698 2199 3754 sed
2239 3697 2403 3754 dubia
2428 3700 2569 3755 sint.
2615 3697 2751 3755 lllud
2787 3700 3165 3771 unusquisque
3190 3717 3291 3772 pro
3317 3713 3472 3758 certo

1903 3790 2118 3853 habeat,
2148 3805 2207 3846 se
2243 3806 2307 3846 eo
2330 3790 2512 3847 minus
2540 3807 2744 3857 errare,
2771 3808 2880 3863 quo
2904 3793 3085 3849 minus
3112 3794 3182 3849 ab
3211 3793 3473 3851 Ecclesiae

1901 3880 2183 3936 catholica:
2213 3882 2504 3936 traditione
2544 3883 2747 3938 recedit
2792 3896 2957 3953 penes
2986 3900 3149 3954 quam
3178 3885 3374 3951 solam,
3414 3897 3470 3942 et

1900 3972 2105 4027 veritas
2130 3974 2372 4027 omnium
2403 3988 2608 4041 rerum,
2637 3982 2691 4029 et
2723 3974 2997 4031 certitudo
3021 3984 3134 4040 est,"
3153 3977 3216 4031 in
3237 3976 3359 4032 aliis
3384 3976 3468 4031 in-

1901 4064 2046 4136 genii
2079 4064 2303 4119 humani
2345 4065 2572 4121 libidine
2605 4074 2659 4120 et
2703 4067 2931 4121 audacia
2978 4068 3161 4123 omnia
3206 4069 3467 4134 obscura,

1901 4162 1955 4211 et
1980 4156 2253 4211 sexcentis
2278 4156 2558 4212 erroribus
2581 4156 2879 4227 implicata.
2907 4156 3255 4215 Adducemus
3282 4166 3466 4214 tamen

1901 4262 2022 4319 quae
2050 4248 2143 4321 alii
2177 4250 2257 4303 uti
2293 4258 2464 4312 certa,
2500 4249 2603 4303 etsi
2638 4263 2747 4303 non
2785 4263 2841 4302 re
2872 4252 3001 4303 vera
3031 4249 3105 4304 ita
3135 4250 3267 4312 sint,
3292 4251 3465 4305 tradi-

1901 4341 2120 4397 derunt.
2168 4339 2232 4393 Et
2275 4341 2417 4396 sicut
2461 4340 2713 4409 superius
2761 4340 3014 4406 diximus,
3062 4341 3203 4395 inter
3246 4338 3464 4399 Graecos

1830 4448 1875 4503 ι)
1903 4451 2201 4506 omnesque
2230 4449 2345 4499 eos,
2379 4434 2469 4504 qui
2497 4432 2846 4503 Septuaginta
2870 4432 3229 4504 lnterpretum
3257 4433 3464 4490 versio-

1900 4543 2024 4582 nem
2052 4526 2226 4582 secuti
2265 4533 2413 4588 sunt,
2444 4532 2497 4580 et
2526 4523 2748 4579 Latinos
2778 4523 3072 4578 maximum
3112 4530 3234 4580 esse
3266 4525 3463 4581 discri-

1899 4633 2043 4683 men,
2075 4632 2199 4672 cum
2224 4609 2291 4671 in
2328 4614 2700 4672 describendis
2739 4625 2990 4685 patrum,
3026 4622 3081 4670 et
3120 4616 3459 4687 patriarcha-

1897 4710 2017 4761 rum
2064 4706 2421 4777 temporibus,
2458 4705 2763 4761 differentia
2797 4712 3105 4777 temporum
3145 4707 3322 4776 spatia
3352 4716 3463 4762 sta-

1898 4799 2118 4853 tuerint.
2147 4784 2456 4855 Fridericus
2478 4796 2790 4854 Husmanus
2813 4799 2866 4851 in
2894 4813 2991 4853 sua
3016 4797 3364 4871 Chronologia
3393 4803 3462 4857 ab

1896 4891 2027 4944 orbe
2070 4888 2312 4953 condito,
2355 4888 2421 4943 ad
2476 4903 2680 4942 annum
2736 4888 2804 4942 50
2863 4886 3060 4943 Phalec
3104 4904 3281 4944 annos
3324 4890 3465 4946 1788

1896 4989 2195 5045 enumerat,
2228 4988 2356 5035 ante
2397 4979 2676 5035 Christum
2720 4988 2906 5033 natum
2935 4979 3096 5044 21-73,
3128 4990 3181 5035 et
3226 4980 3454 5037 Romam

1897 5072 2169 5125 conditam
2214 5070 2370 5134 Mil,
2405 5070 2473 5125 ab
2504 5069 2668 5139 hujus
2712 5070 2989 5140 opinione,
3034 5072 3212 5141 quoad
3257 5087 3460 5127 annum

1900 5164 1968 5217 ab
2004 5163 2135 5219 orbe
2158 5162 2380 5217 condito
2406 5162 2472 5216 ad
2497 5163 2573 5217 30
2596 5162 2793 5217 Phalec
2827 5170 2932 5216 non
2974 5163 3129 5219 abest
3158 5162 3460 5219 Genebrar-

1899 5255 2000 5309 dus
2028 5252 2422 5326 Chronograplt.
2457 5256 2579 5311 libr.
2618 5272 2653 5309 I.
2688 5254 3039 5311 Cunma'nnus
3078 5249 3460 5313 Flinsbachius

1899 5343 2057 5412 i787,
2079 5343 2325 5401 Joannes
2348 5345 2388 5400 F
2396 5346 2624 5401 unccius
2668 5347 2722 5400 in
2761 5344 3111 5416 Chrmiologia
3164 5346 3314 5400 I739.
3357 5345 3462 5403 No-

1898 5447 2008 5494 ster
2041 5439 2337 5495 tamen’hie
2371 5440 2562 5494 auctor
2593 5438 2665 5493 ad
2684 5438 3015 5492 nativitatem
3057 5436 3254 5494 Phalec
3288 5454 3460 5497 annos

1896 5537 1980 5585 ter
2022 5530 2177 5584 mille“
2202 5529 2373 5587 fuisse
2408 5531 2631 5601 elapsos
2654 5537 2951 5585 asseverat.
2998 5527 3103 5585 Sed
3152 5546 3252 5586 nos
3291 5531 3460 5588 etiam

1900 5621 2129 5677 inferius
2171 5622 2237 5677 de
2280 5622 2439 5678 annis
2487 5638 2516 5676 a
2554 5621 2757 5678 mundo
2804 5623 3028 5680 condito
3078 5624 3142 5680 ad
3180 5624 3463 5682 Christum

1900 5724 2084 5770 natum
2109 5714 2365 5769 nonnulla
2391 5714 2651 5771 dicemus.
