3968 6914
552 327 685 383 10οἸ

1942 317 2185 374 LEONIS
2221 315 2492 372 ALLATH

3635 318 3778 374 ωοε

612 445 732 500 Col.
760 445 879 511 757,
898 443 991 497 lin.
1011 441 1098 496 57.
1119 439 1469 511 Ᾰογιζόμεθα
1485 438 1616 509 γάρ.
1643 436 1793 493 Hanc
1806 438 2093 510 opinionen

2219 455 2340 510 cap.
2381 437 2587 501 Helec..
2623 444 2677 492 et
2705 445 2938 493 tractatu
2970 439 3047 494 De
3075 441 3404 503 idololatria,
3435 451 3558 508 cap.
3583 432 3779 497 Libne.

551 549 603 593 et
629 537 781 593 multi
817 535 996 606 magni
1021 533 1256 589 nominis
1274 532 1463 588 Patres
1487 533 1658 588 secuti
1686 541 1832 586 sunt.
1863 530 2112 587 Justinus

545 631 748 700 hlartyr
776 627 856 682 Ad
884 625 1034 681 Gent.
1068 633 1262 698 quaest.
1317 626 1412 690 7t;
1445 624 1682 679 lrenaeus
1709 623 1806 678 lib.
1840 641 1870 678 v
1894 623 2111 679 Advers.

543 724 726 774 laceres.
759 735 880 788 cap.
912 721 1043 786 ult.;
1088 717 1427 781 Lactantius,
1458 717 1551 771 lib.
1600 731 1669 772 vu
1698 714 1942 770 Institut.
1986 731 2108 785 cap.

547 805 613 870 7;
653 803 891 857 Hilarius
923 817 1046 856 can.
1067 803 1123 855 in
1153 799 1464 854 Matthteum
1481 800 1984 872 xvn;Augustinus
2013 801 2108 857 lib.

543 912 614 951 xx
641 895 718 949 De
738 896 946 949 civitate
986 893 1084 947 Dei
1106 910 1126 959 ;
1154 892 1516 965 Hieronymus
1539 893 1754 964 epistol.
1787 894 1855 948 ad
1882 893 2111 965 Cypria-

545 1003 698 1050 num,
735 995 790 1041 et
819 985 1126 1040 Comment.
1167 984 1225 1038 in
1255 983 1558 1049 Miclueam,
1596 999 1718 1055 cap.
1767 1001 1820 1040 xv
1846 1003 1861 1052 ;
1884 983 2112 1041 Germa-

545 1095 650 1136 nus
676 1077 1066 1133 Constantinus
1104 1075 1199 1131 lib.
1233 1075 1308 1130 De
1341 1075 1564 1130 Theoria
1591 1091 1766 1130 rerum
1796 1077 2110 1131 ecclesiasti-

542 1187 746 1236 carum,
777 1170 844 1224 ad
874 1170 1020 1224 hunc
1040 1183 1323 1223 numerum
1349 1168 1656 1239 quingentis
1680 1169 1927 1239 adjectis,
1956 1179 2009 1225 et
2033 1171 2107 1224 ait

543 1272 667 1317 ante
696 1263 874 1332 ipsum
904 1259 1092 1315 eadem
1139 1259 1342 1313 dixisse
1373 1267 1428 1314 et
1458 1259 1809 1330 Hippolytum
1852 1275 1883 1316 e
1911 1258 2102 1326 Roma,

541 1361 594 1407 et
650 1354 706 1407 S.
759 1349 1020 1422 Cyrillum
1072 1349 1128 1404 in
1172 1349 1267 1404 lib.
1324 1350 1398 1403 De
1440 1349 1802 1416 Antichristo,
1869 1352 2106 1422 itemque

541 1444 1010 1515 Chrysostomum.
1046 1439 1370 1510 Opinionem
1416 1443 1577 1498 istam
1611 1459 1720 1498 non
1749 1459 1871 1501 esse
1918 1461 2102 1501 veram

542 1537 656 1605 ipsa
687 1535 1023 1605 experientia
1051 1532 1333 1600 docemur,
1370 1535 1640 1605 praecipue
1668 1532 1734 1591 si'
1754 1534 2103 1607 Septuaginta

542 1626 1040 1698 interpretationem
1098 1623 1508 1681 consideremus
1539 1666 1554 1690 ,
1614 1641 1778 1697 quam
1831 1638 1888 1682 ut
1934 1626 2102 1698 pluri-

2215 541 2267 587 et
2315 537 2534 586 tractat.
2592 528 2670 583 De
2701 527 2954 584 Sabbato.
3013 529 3148 602 Ejus
3218 530 3573 599 conjecturas
3621 525 3784 580 aﬂert

2215 620 2386 676 llabbi
2435 620 2589 676 Isaac
2637 619 2692 674 in
2735 629 2897 691 caput
2923 619 3119 676 Genes.
3150 620 3392 676 secundo
3422 633 3492 674 ex
3525 615 3666 671 locis
3699 614 3784 669 di-

2211 714 2350 766 vina:
2383 708 2697 780 Scriptum.
2758 707 2945 764 Tertio
2992 709 3189 764 mirum
3237 717 3321 764 est
3363 712 3639 764 secretum
3677 703 3781 758 hoc

2211 802 2276 854 de
2321 798 2596 853 mundana
2633 797 2922 852 duratione
2948 797 3096 851 omni
3132 796 3338 851 nationi
3369 792 3778 857 absconditum,

2207 889 2375 944 etiam
2419 889 2645 961 angelis,
2681 896 2736 943 et
2785 873 2924 943 Filio
2967 887 3228 952 hominis,
3259 887 3404 958 quod
3437 901 3505 943 ex
3551 892 3780 943 senten-

2207 981 2281 1033 tia
2306 977 2528 1032 Patrum
2572 986 2625 1033 et
2655 978 2997 1049 expositione
3025 979 3432 1049 intelligendum
3465 986 3576 1042 est,
3603 976 3777 1032 fuisse

2205 1072 2502 1127 revelatum
2553 1069 2702 1137 Elite,
2733 1079 2788 1126 et
2845 1072 2914 1126 ab
2957 1086 3023 1127 eo
3056 1071 3156 1126 t0ti
3192 1072 3429 1125 humano
3466 1068 3687 1142 generi,
3722 1076 3777 1124 et

2205 1174 2387 1222 tamen
2436 1165 2720 1238 ignorasse
2777 1166 3082 1237 apostolos.
3119 1165 3323 1233 Quarto
3354 1181 3419 1221 ex
3462 1166 3779 1235 Augustino

2204 1260 2260 1314 in
2285 1259 2628 1314 enarratione
2651 1259 2845 1330 psalm.
2861 1275 3063 1314 um:
3079 1277 3092 1312 :
3106 1259 3236 1313 Ausi
3248 1269 3368 1312 sunt
3383 1260 3617 1313 homines
3636 1275 3779 1329 pri:b

2203 1369 2406 1407 sumere
2436 1353 2709 1407 scientiam
2760 1359 3066 1420 temporum,
3095 1349 3231 1422 quod
3272 1352 3406 1404 scire
3444 1351 3775 1419 cupientibus

2202 1442 2473 1513 discipulis
2501 1443 2753 1496 Dominus
2785 1443 2903 1500 ait:
2933 1459 2953 1493 ι
2982 1441 3102 1495 Non
3128 1451 3207 1497 est
3226 1451 3451 1496 vestrum
3480 1445 3774 1496 seiretem-

2202 1550 2354 1605 pora,
2383 1551 2497 1604 qua:
2521 1533 2682 1588 Pater
2709 1534 2883 1603 posuit
2913 1535 2964 1587 in
2997 1549 3094 1588 sua
3120 1542 3397 1602 potestate,
3424 1554 3443 1586 ι
3467 1542 3519 1587 et
3547 1533 3774 1601 deﬁnie-

2201 1638 2322 1680 runt
2369 1625 2464 1679 hoc
2508 1625 2759 1680 smculum
2817 1639 2909 1678 sex
2939 1640 3194 1678 annorum
3230 1622 3483 1690 millibus,
3515 1635 3774 1692 tanquam

541 1734 689 1775 mum
719 1719 892 1775 secuti
921 1728 1048 1773 sunt
1082 1727 1334 1774 auctores
1372 1733 1537 1789 supra
1567 1719 1742 1785 citati,
1769 1721 1861 1790 qui
1893 1720 1947 1775 id
1976 1736 2098 1776 mo—
2199 1732 2289 1771 sex
2314 1716 2493 1771 diebus
2510 1732 2659 1786 posse
2678 1713 2854 1785 ﬁniri;
2876 1729 2967 1769 nec
3010 1715 3344 1769 attenderian
3386 1713 3524 1784 quod
3562 1713 3772 1766 dictum

541 1812 691 1866 deste
745 1817 1117 1865 asseruerunt.
1187 1807 1412 1879 Semper
1463 1809 1670 1866 dictum
1725 1809 1931 1866 Christi
1992 1791 2297 1883 praaBest,
2349 1820 2598 1880 tanquam
2641 1807 2751 1863 dies
2801 1825 2956 1872 unus,
2996 1807 3086 1878 qui
3140 1807 3570 1874 prwleriit:non
3621 1807 3767 1858 enim

539 1899 715 1955 oculis
774 1899 1039 1955 habentes
1088 1898 1255 1954 Marci
1319 1915 1438 1965 xm,
1488 1899 1556 1954 52
1588 1918 1603 1955 :
1638 1899 1717 1956 De
1740 1900 1824 1956 die
1865 1902 1979 1968 illo,
2040 1921 2102 1957 ac

543 2003 790 2062 tempore,
819 2007 966 2046 nemo
984 1993 1143 2055 novit,
1178 2007 1336 2062 neque.
1361 1991 1532 2062 angeli
1553 1991 1757 2063 quidem
1787 1993 1875 2063 qui
1899 1993 1949 2046 in
1974 1991 2101 2048 ειεΙο

539 2093 681 2148 sunt,
704 2098 862 2152 neque
886 2082 991 2149 ipse
1014 2079 1062 2132 F
1065 2080 1186 2134 ilius
1198 2096 1219 2144 ;
1242 2089 1294 2136 et
1326 2081 1440 2135 Act.
1469 2097 1508 2146 ι,
1543 2080 1605 2135 7:
1627 2078 1751 2135 Non
1773 2091 1850 2136 est
1878 2092 2100 2138 vestrum

540 2189 690 2228 nosse
717 2184 948 2242 tempora
981 2171 1058 2226 vel
1093 2180 1372 2239 momenta,
1403 2188 1520 2243 qua:
1548 2172 1688 2227 Deus
1717 2175 1888 2242 posuit
1917 2176 1969 2228 in
2003 2192 2099 2229 sua

539 2273 811 2334 potestate.
861 2262 1181 2334 Nuperrime
1237 2272 1414 2319 tamen
1455 2262 1812 2320 Cunmannus
1850 2263 2102 2320 Flinsba-

539 2354 695 2410 chius
760 2353 946 2410 furore
1018 2353 1342 2410 insanientis
1400 2351 1833 2409 Lutheranorum
1875 2354 2098 2410 haeresis

538 2457 717 2511 actus,
752 2446 938 2501 libello
972 2444 1038 2502 de
1071 2445 1174 2499 hac
1223 2461 1282 2500 re
1329 2445 1478 2501 edito
1525 2455 1756 2502 conatur
1787 2447 2094 2512 ostendere,

535 2536 722 2591 Mundi
773 2536 927 2607 hujus
989 2546 1196 2591 (etatem
1244 2552 1407 2606 supra
1459 2553 1551 2593 sex
1595 2539 1769 2592 millia
1815 2555 2094 2605 annorum,

539 2635 785 2697 tanquam
833 2637 1028 2681 certam
1073 2636 1122 2681 et
1168 2627 1439 2681 immotam
1491 2638 1703 2693 metam,
1746 2646 1903 2698 quam
1954 2629 2095 2684 Deus

483 2775 486 2778 _
539 2717 752 2785 mundo,
781 2719 1002 2788 sapienti
1043 2728 1091 2772 et
1112 2718 1443 2772 inscrutabili
1464 2720 1681 2774 consilio
1709 2720 2090 2787 determinavit,

536 2824 640 2861 non
688 2823 1030 2863 excursuram
1077 2825 1207 2864 esse.
1238 2808 1438 2864 Deinde
1468 2811 1708 2864 ultimum
1741 2812 2094 2868 millenarium

536 2908 761 2966 sextum,
798 2901 850 2953 in
902 2918 1002 2970 quo
1047 2917 1182 2955 nunc
1235 2901 1473 2967 vivimus,
1511 2920 1613 2957 non
1652 2905 1962 2974 completum
2003 2906 2091 2961 iri.

541 2994 732 3046 Decem
758 2991 1086 3061 conjecturis
1131 2993 1259 3047 hinc
1291 2992 1416 3048 inde
1451 2993 1518 3048 ab
1551 2993 1796 3064 ejusdem
1821 2996 2091 3053 haereseos

2200 1899 2406 1970 quando
2438 1899 2532 1953 hoc
2561 1899 2759 1953 dictant
2796 1907 2874 1952 est
2915 1897 3016 1952 soli
3042 1898 3186 1952 mille
3227 1898 3353 1951 anni
3373 1898 3771 1965 prteterierant;

2198 2002 2247 2045 et
2275 1991 2413 2062 quod
2450 2009 2535 2046 eos
2571 1993 2797 2045 maxime
2837 1990 3012 2045 debuit
3047 1989 3344 2052 admonere,
3377 2004 3439 2042 ne
3469 1999 3768 2057 temporum

2200 2084 2501 2138 luderentur
2549 2085 2763 2146 incerto,
2791 2081 2922 2136 illud
2959 2091 3060 2147 est,
3088 2081 3224 2134 sicut
3271 2080 3447 2150 uigilia
3488 2080 3542 2132 in
3586 2090 3772 2143 nocte;

2200 2190 2357 2244 neque
2401 2176 2537 2228 enim
2575 2174 2638 2228 de
2660 2188 2752 2228 sex
2780 2171 2959 2226 diebus
2991 2171 3192 2242 aliquid
3223 2170 3501 2225 uerisimile
3522 2170 3772 2224 uidentur

2199 2266 2399 2335 opinati
2417 2273 2626 2334 propter
2654 2278 2750 2317 sex
2771 2262 2882 2316 dies
2905 2261 3125 2331 primos,
3154 2261 3340 2330 quibus
3371 2259 3511 2314 Deus
3541 2261 3769 2329 perfecit

2198 2373 2354 2425 opera
2412 2373 2531 2423 sua,
2563 2356 2638 2410 sic
2667 2355 2825 2409 etiam
2858 2369 2949 2408 sex
2980 2353 3207 2424 vigilias,
3249 2351 3303 2406 id
3341 2362 3440 2416 est,
3479 2351 3646 2407 horas
3676 2352 3767 2407 deo

2196 2462 2306 2500 cem
2344 2455 2394 2502 et
2439 2457 2552 2500 octo
2596 2459 2820 2513 possunt
2871 2444 2954 2498 illi
3001 2443 3292 2514 opinationi
3327 2453 3599 2511 cooptare.
3631 2443 3768 2499 Vide

2195 2537 2321 2593 item
2350 2537 2693 2595 Ambrosium
2726 2537 2820 2593 lib.
2863 2552 2938 2592 vlt
2979 2536 3189 2592 Comm.
3218 2536 3273 2590 in
3310 2535 3508 2592 Lucam
3543 2537 3604 2591 in
3631 2537 3764 2593 illud

2197 2629 2451 2691 Matthzei.
2490 2646 2622 2695 xvu,
2651 2630 2706 2696 2,
2731 2629 2861 2684 Post
2887 2630 2996 2684 dies
3025 2643 3116 2684 sex
3144 2630 3558 2699 transﬁguratus
3593 2641 3692 2682 est.

2263 2721 2420 2787 lbid.,
2453 2722 2554 2777 lin.
2586 2720 2675 2775 44.
2723 2721 2846 2774 Ἐπὶ
2886 2719 2955 2773 δὲ
2990 2719 3103 2788 τὴν
3138 2718 3266 2773 τοῦ.
3299 2718 3762 2790 Chronographo-

2194 2829 2312 2867 rum
2342 2813 2408 2868 de
2439 2813 2539 2868 hac
2583 2829 2642 2868 re
2690 2822 2744 2868 et
2784 2826 2927 2866 anno
2975 2811 3275 2866 nativitatis
3327 2809 3534 2866 Christi
3595 2815 3763 2866 varia

2192 2905 2410 2960 luerunt
2435 2905 2736 2970 sententiae,
2769 2918 2998 2974 quarum
3021 2903 3309 2956 nonnullas
3339 2901 3392 2955 in
3431 2916 3531 2958 sua
3553 2901 3761 2956 Biblio-

2193 2997 2336 3051 theca
2363 2998 2546 3052 retulit
2570 2994 2756 3051 Sixtus
2781 2994 3058 3050 Senensis.
3075 2993 3184 3050 Nos
3215 2995 3340 3049 item
3364 2993 3433 3048 ad
3466 2993 3755 3050 illustran-

537 3082 863 3154 primatibus
921 3083 1126 3152 petitis,
1174 3091 1234 3138 ut
1292 3083 1396 3138 sibi
1439 3083 1654 3140 videtur
1684 3085 1942 3144 ostendit.
1981 3087 2086 3144 Sed
2113 3120 2154 3176 ρ
2190 3091 2314 3144 dum
2357 3089 2501 3144 hunc
2535 3091 2710 3144 locum
2752 3090 2961 3160 aliquas
2991 3088 3364 3158 subjiciemus.
3390 3087 3522 3153 Quae
3572 3095 3756 3142 autem

536 3175 719 3229 omnia
774 3175 981 3246 peregit
1018 3183 1214 3245 praeter
1253 3176 1360 3231 hoc
1399 3193 1568 3232 unum
1613 3177 1717 3233 sibi
1749 3183 2084 3250 propositum

538 3267 869 3332 institutum,
886 3267 1248 3323 insulsissime
1276 3267 1444 3332 enim,
1461 3277 1516 3324 et
1538 3269 1897 3342 undequaque
1926 3272 2091 3328 etiam

538 3358 773 3413 inaniter
825 3360 1114 3414 occasione
1169 3369 1384 3431 arrepta
1431 3360 1484 3415 in
1524 3359 1824 3418 Ecclesiam
1866 3365 2094 3420 catholi-

536 3463 655 3503 cam
690 3457 884 3519 praeter
907 3464 1122 3505 omnem
1153 3451 1374 3504 modum
1397 3457 1452 3506 et
1481 3451 1748 3508 rationem
1773 3453 2090 3524 impiissime

535 3554 733 3609 spurco
779 3540 1149 3610 maledicoque
1203 3556 1298 3596 ore
1353 3541 1649 3598 invehitur.
1698 3543 1996 3601 Commune
2036 3545 2090 3600 id

536 3631 812 3694 omnibus,
863 3632 954 3700 qui
1011 3631 1238 3686 veritate
1292 3631 1538 3702 neglecta
1588 3633 1711 3689 aliis
1769 3635 2091 3706 copulantur

536 3724 749 3779 vesanis
791 3725 1138 3796 opinionibus
1195 3735 1246 3782 et
1293 3727 1593 3782 erroribus.
1632 3725 1818 3797 Itaque
1855 3745 1978 3784 cum
2023 3729 2088 3784 de

537 3834 636 3874 suo
691 3819 824 3874 nihil
884 3820 1142 3891 proferat,
1176 3822 1338 3878 habet
1387 3823 1441 3878 id
1491 3823 1653 3880 etiam
1688 3823 1832 3896 quod
1872 3826 2089 3881 aliunde

535 3921 749 3982 arrepta
794 3913 849 3968 in
894 3913 1130 3984 pejorem
1167 3917 1490 3971 sententiam
1523 3916 1754 3982 deferat,
1789 3933 1891 3973 nec
1924 3933 2085 3972 unam

533 4005 589 4057 in
619 4012 766 4058 tanta
792 4005 1230 4075 conjecturarum
1278 4007 1462 4064 illuvie
1505 4025 1625 4079 qua:
1657 4009 1942 4066 discursus
1973 4009 2086 4064 for-

532 4111 697 4160 mam,
732 4096 816 4151 vel
865 4098 1352 4166 argumentationis
1397 4099 1728 4170 praascl'erat,
1752 4100 1819 4156 'in
1849 4100 2083 4156 medium

533 4188 706 4244 allert.
737 4187 868 4258 Ejus
896 4190 1240 4259 conjecturas
1273 4190 1541 4257 refellere,
1573 4207 1673 4247 nec
1706 4192 1953 4256 interest,
1985 4208 2085 4248 nec

535 4282 636 4337 mei
669 4280 904 4336 instituti
927 4295 1046 4336 esse
1076 4279 1217 4336 duco
1243 4297 1258 4347 ;
1292 4281 1537 4336 ultimam
1567 4288 1746 4337 tamen
1778 4298 1939 4353 quam
1971 4283 2086 4354 ipse

531 4371 774 4426 omnium
816 4372 1255 4442 conjecturarum
1307 4386 1572 4427 summam
1627 4374 1881 4443 appellat,
1925 4375 2088 4427 attin-

2197 3179 2263 3236 de
2310 3181 2410 3236 hac
2452 3195 2511 3235 re
2555 3181 2625 3235 sit
2653 3187 2839 3235 nostra
2879 3179 3148 3234 sententia
3191 3180 3247 3234 in
3285 3179 3354 3235 iis
3388 3195 3508 3248 qua:
3551 3180 3620 3236 de
3651 3181 3759 3234 line

2197 3280 2496 3341 temporum
2527 3272 2635 3342 jam
2667 3285 2942 3341 paramus,
2993 3271 3293 3326 luculenter
3333 3271 3754 3340 explicabimus.

2194 3365 2496 3420 Abraamus
2559 3363 2928 3419 Bucholcerus
2985 3361 3039 3417 in
3101 3361 3320 3434 lsagoge
3368 3361 3756 3427 chronologica

2195 3458 2348 3529 ponit
2384 3472 2557 3512 annos
2595 3457 2761 3521 5970;
2794 3471 2916 3511 cum
2961 3457 3104 3510 enim
3135 3470 3398 3510 annorum
3430 3457 3619 3510 mundi
3663 3471 3752 3512 se-

2196 3547 2329 3601 riem
2377 3547 2432 3601 in
2479 3545 2585 3599 tria
2632 3545 2860 3616 partitus
2893 3545 3086 3600 fuisset
3114 3552 3415 3615 temporum
3463 3546 3667 3615 spatia,
3699 3547 3753 3601 in

2195 3639 2368 3709 primo
2421 3637 2666 3694 videlicet
2721 3653 2749 3692 a
2796 3638 3072 3693 creatione
3130 3637 3314 3691 mundi
3368 3637 3435 3690 ad
3485 3638 3751 3707 templum

2197 3730 2502 3784 Salomonis
2558 3735 2840 3785 enumerat
2887 3744 3060 3784 annos
3102 3728 3276 3795 295i;
3338 3729 3392 3782 in
3433 3730 3681 3784 secundo
3724 3747 3754 3782 a

2193 3823 2411 3878 condito
2461 3822 2659 3891 templo
2707 3821 2776 3875 ad
2807 3821 2925 3891 ejus
2961 3821 3369 3887 desolationem,
3400 3830 3453 3876 et
3508 3821 3638 3877 inde
3686 3822 3756 3876 ad

2193 3915 2522 3984 captivitatis
2550 3913 2890 3985 Babylonicae
2936 3913 3099 3968 linem
3127 3927 3300 3968 annos
3341 3912 3438 3969 501
3463 3929 3480 3980 ;
3507 3913 3564 3968 in
3590 3915 3756 3969 tertio

2193 4023 2222 4060 a
2270 4008 2374 4061 line
2419 4006 2751 4078 captivitatis
2784 4005 3124 4076 Babylonica:
3155 4006 3220 4060 ad
3251 4014 3435 4059 natum
3466 4004 3755 4062 Christum

2192 4100 2315 4164 557,
2345 4100 2438 4170 qui
2468 4114 2678 4163 omnes,
2713 4099 2758 4153 si
2789 4098 2950 4153 simul
2970 4108 3276 4162 sumantur,
3294 4098 3634 4154 constituunt
3649 4117 3756 4154 nu-

2194 4207 2400 4248 merum
2429 4180 2764 4246 5970.llisce
2792 4197 2971 4246 autem
3003 4190 3178 4245 tribus
3201 4189 3563 4245 Eusebianam
3583 4190 3753 4245 chro-

2192 4283 2483 4354 nologiam,
2514 4289 2567 4336 et
2596 4281 2822 4336 aliorum
2849 4281 3121 4351 praecipue
3149 4278 3486 4345 Gratcorum,
3513 4281 3604 4352 qui
3640 4298 3750 4338 nu-

2192 4389 2461 4430 meroscx
2481 4373 2832 4444 Septuaginta
2859 4373 3089 4427 mutuati
3122 4381 3270 4439 sunt,
3290 4389 3410 4428 cum
3436 4389 3538 4429 sua
3567 4379 3755 4430 conci-

532 4478 673 4533 gam,
695 4469 753 4516 ut
779 4477 846 4518 ex
867 4463 969 4518 hac
998 4463 1166 4519 lector
1204 4470 1258 4519 et
1287 4463 1524 4534 reliquas
1544 4464 1863 4534 dignoscere
1885 4467 2080 4521 valeat.
2115 4473 2161 4532 ο
2186 4465 2487 4537 liat,primo
2512 4465 2848 4520 correctione
2866 4480 3214 4520 numerorum
3236 4466 3506 4522 versionis
3525 4466 3752 4533 Grece,

531 4555 653 4610 lam
672 4557 935 4610 coronidis
959 4556 1063 4611 uice
1095 4555 1431 4626 subjiciemus
1465 4557 1725 4628 egregium
1742 4558 1876 4612 illud
1892 4559 2090 4612 dictum

531 4647 668 4703 Elia:
701 4648 1160 4719 prophetw,quod,
1190 4651 1288 4702 etsi
1317 4649 1370 4703 in
1390 4647 1592 4718 jBibliis
1620 4665 1875 4720 nusquam
1900 4660 2086 4715 exstet,

531 4751 702 4794 tamen
720 4742 843 4811 quia
868 4742 1187 4809 reliquarum
1201 4741 1432 4794 omnium
1448 4740 1863 4810 conjecturarum
1884 4757 2088 4795 summa

527 4841 626 4897 est,
643 4846 691 4886 et
707 4833 860 4902 quasi
882 4832 1181 4900 explicatio,
1201 4831 1437 4886 omnibus
1453 4832 1780 4886 notissimum
1794 4849 1904 4886 esse
1918 4832 2086 4896 debet,

535 4935 586 4980 et
614 4926 843 4978 maxime
875 4922 1170 4994 faciendum
1191 4921 1584 4978 est.Sexmillia
1600 4940 1855 4978 annorum
1885 4925 2084 4988 mundi,

525 5029 574 5072 et
602 5027 780 5086 postea
807 5016 1111 5078 destructio,
1141 5015 1244 5070 duo
1268 5016 1437 5069 millia
1459 5016 1630 5072 inane.
1655 5014 1760 5068 duo
1785 5015 1952 5068 millia
1981 5016 2086 5075 lex.

525 5105 630 5160 duo
646 5106 810 5160 millia
829 5105 1090 5169 Christus,
1112 5116 1160 5160 et
1184 5106 1230 5160 si
1254 5105 1380 5176 quid
1395 5121 1457 5159 ex
1477 5106 1556 5159 his
1577 5105 1754 5166 deerit,
1775 5105 1939 5159 deerit
1967 5121 2087 5174 pro-

524 5208 638 5268 pter
662 5209 874 5267 peccata
904 5207 1086 5252 nostra
1111 5214 1227 5268 qum
1252 5214 1439 5268 magna
1468 5207 1515 5252 et
1545 5199 1817 5252 innumera
1840 5207 1981 5252 sunt.
2006 5197 2084 5252 En

526 5290 833 5346 Cunmanni
894 5289 1234 5355 coronidem,
1273 5305 1341 5345 en
1374 5289 1521 5344 dicta
1573 5287 1810 5360 egregia,
1843 5303 1909 5343 en
1958 5305 2086 5360 pro-

528 5383 744 5450 phetam
773 5393 924 5438 extra
967 5379 1302 5450 Scripturas,
1332 5395 1399 5435 en
1425 5394 1716 5444 summam,
1747 5394 1813 5434 en
1844 5379 2077 5448 exp‘ica-

528 5474 752 5539 tionem,
789 5491 910 5544 quae
938 5475 1128 5546 quanti
1168 5473 1417 5529 facienda
1451 5472 1524 5528 sit
1551 5471 1873 5527 videbimus.
1900 5469 2083 5527 Primo

529 5561 723 5616 falsum
750 5574 834 5620 est
855 5565 1060 5619 dictum
1092 5565 1222 5621 illud
1253 5578 1375 5620 esse
1395 5563 1526 5617 Elite
1549 5560 1823 5617 Thesbita:
1846 5559 2081 5630 prophe-

526 5662 617 5717 tae.
640 5669 767 5710 cum
805 5657 876 5711 sit
907 5657 1189 5726 cujusdam
1227 5656 1358 5712 Elite
1401 5656 1612 5711 rabbini
1643 5653 1952 5709 Judteorum
1989 5667 2082 5706 ca-

530 5749 763 5806 balistici
793 5754 1157 5804 commentum
1180 5748 1234 5803 in
1257 5745 1568 5814 Thalmud.,
1605 5755 1745 5801 tract
1773 5744 2077 5813 Sanedrim,

2189 4557 2384 4614 Cenes.
2436 4574 2470 4611 v
2517 4565 2570 4612 et
2614 4571 2708 4622 iu;
2744 4556 2985 4613 secundo
3029 4557 3322 4614 emissione
3381 4558 3640 4614 decennii
3698 4561 3752 4616 in

2188 4664 2352 4720 regno
2397 4649 2626 4704 Ammon
2671 4647 2736 4701 ιν
2781 4647 2984 4719 Regum
3033 4663 3141 4714 sn;
3188 4651 3348 4703 tertio
3383 4651 3755 4720 applicatione

2187 4739 2314 4795 anui
2339 4739 2513 4794 ultimi
2530 4739 2861 4811 captivitatis
2879 4739 3217 4811 Babylonica:
3238 4740 3306 4794 ad
3326 4748 3574 4811 tempora
3598 4742 3751 4814 Cyri.

2186 4830 2537 4886 Cunmannus
2561 4829 2948 4887 Flinsbachius
2983 4832 3037 4886 in
3065 4830 3428 4902 chronologiae
3456 4833 3754 4888 conﬁrma-

2187 4924 2332 4978 tione
2390 4931 2670 4978 enumerat
2709 4936 2882 4977 annos
2919 4920 3079 4986 5362,
3109 4921 3359 4977 videlicet
3400 4937 3433 4976 a
3467 4926 3752 4979 creatione

2187 5012 2373 5067 mundi
2408 5012 2476 5067 ad
2508 5011 2769 5067 diluvium
2818 5011 3028 5077 1656,a
3071 5012 3278 5068 diluvio
3305 5013 3373 5068 ad
3401 5016 3748 5070 vocationem

2185 5106 2414 5161 Abrahae
2461 5105 2584 5168 567,
2641 5119 2670 5158 a
2722 5104 3008 5159 vocatione
3064 5105 3294 5160 Abrahze
3333 5105 3399 5159 ad
3442 5107 3657 5160 exitum
3684 5105 3751 5160 de

2186 5193 2418 5266 Egypto
2446 5193 2570 5255 £50,
2603 5195 2672 5249 ab
2697 5195 2846 5250 exitu
2884 5194 2951 5250 de
2982 5193 3216 5266 Egypto
3249 5194 3318 5249 ad
3359 5193 3626 5250 Davidem
3667 5211 3748 5251 ro-

2184 5306 2304 5361 gem
2350 5289 2473 5353 437,
2518 5305 2548 5344 a
2583 5289 2783 5346 Davide
2832 5290 2900 5344 ad
2948 5293 3318 5361 captivitatem
3360 5290 3745 5361 Babylonium

2185 5383 2304 5438 50L
2337 5381 2635 5452 Captivitas
2679 5382 3001 5454 Babylonica
3031 5382 3124 5449 70;
3161 5396 3192 5436 a
3219 5382 3534 5452 captivitate
3576 5381 3752 5454 Baby-

2183 5473 2359 5529 lonica
2388 5489 2558 5543 usque
2589 5472 2656 5528 ad
2687 5472 2966 5529 Christum
2995 5481 3182 5528 natum
3211 5473 3336 5536 SOI,
3365 5488 3559 5528 omnes
3588 5472 3751 5528 simul

2181 5562 2341 5619 5969..
2371 5562 2607 5619 Joannes
2638 5561 2912 5620 Funccius
2957 5564 3012 5618 in
3045 5579 3144 5619 sua
3175 5562 3544 5635 Chronologia
3588 5563 3746 5628 5965,

2179 5654 2428 5710 videlicet
2469 5669 2500 5708 a
2548 5656 2824 5711 creatione
2873 5655 3063 5710 mundi
3122 5671 3297 5725 usque
3338 5655 3404 5709 ad
3453 5654 3747 5711 Persarum

2179 5745 2544 5803 monarchiam
2563 5746 2720 5814 3406,
2740 5763 2767 5800 a
2784 5745 3069 5804 Persarum
3092 5747 3404 5803 monarchia
3427 5748 3495 5804 ad
3522 5761 3747 5820 regnum
