1984 3457
134 116 202 143 1009

636 111 670 140 IN
690 101 874 140 EUS'l‘ATHll
893 110 1130 140 HEXAEMERON
1151 109 1265 138 ΝΟΤᾸΞ.

1681 106 1751 133 1010

132 172 290 199 Graecorum
319 173 380 205 post
406 169 553 196 Alexandri
576 173 690 196 mortem
715 168 778 201 254,
800 177 815 196 a
839 176 920 204 regno
934 172 1103 202 Arquuntur.
1120 165 1206 193 Rabbi
1225 164 1349 191 Nahsson
1373 163 1400 191 in
1413 163 1462 190 lib.
1479 162 1515 190 De
1535 161 1607 197 cyclo
1622 161 1748 189 Paschalt

130 215 286 244 Graecorum
312 221 399 249 usque
424 213 458 241 ad
472 212 659 241 Romanorum
680 214 865 241 monarchiam
886 217 913 240 ct

129 262 233 291 Christi
258 260 429 289 nativitatem
444 259 496 287 522
513 269 519 287 :
535 264 601 287 sunt
625 259 690 287 anni
718 267 813 288 omnes
832 260 913 287 simul

129 308 210 336 5965.
226 306 305 334 Ubbo
331 305 454 333 Emmius
464 305 569 334 Frisius
586 306 614 333 in
636 305 811 342 chronologia
824 311 850 333 et
868 314 914 333 ca-

131 353 212 381 nonis
234 351 359 380 chronici
375 351 535 387 compendio
552 351 713 379 brevissimo
739 355 767 379 et
787 352 912 387 pleniori,

131 406 218 428 annos
230 397 311 429 5950.
326 397 429 426 scilicet
444 406 459 425 a
472 398 610 425 creatione
623 397 716 424 mundi
734 397 767 425 ad
781 397 911 425 diluvium

131 454 219 474 annos
230 445 309 477 1657,
322 444 356 472 ad
368 445 537 473 vocationem
549 444 664 472 Abrahae
672 444 754 476 2024,
765 444 798 471 ad
810 445 911 472 exitum

130 500 164 520 ex
180 491 298 527 Egypto
311 490 393 524 2455,
405 491 439 518 ad
454 490 583 526 templum
598 490 750 518 Salomonis
772 491 910 518 conditum

129 536 212 569 2952,
237 536 271 564 ad
298 536 428 571 templum
445 536 563 563 deletum
578 536 658 568 5560,
670 535 704 562 ad
722 536 850 571 templum
869 536 911 562 in-

130 585 284 610 stauratum
300 582 380 614 5551,
395 581 429 609 ad
445 581 584 609 Christum
600 581 627 609 in
641 585 715 608 terra
728 584 821 608 natum
830 581 909 609 5950.

128 627 250 656 Joannes
263 628 412 656 Boulaesius
424 627 505 660 5960,
520 628 602 663 idque
617 627 716 663 triplici
735 628 779 654 via
799 627 911 655 demon-

129 677 208 702 strat.
222 674 312 702 Prima
329 675 458 703 saeculum
482 673 600 702 ethnicis
616 674 738 710 ignotum
755 677 818 702 ante
837 674 910 701 dilu-

128 720 203 748 vium
219 719 298 751 1657,
319 727 432 748 aureum
447 720 577 749 saeculum
595 719 658 751 219,
671 725 827 757 argenteum
846 720 908 752 450,

128 772 234 792 aeneum
257 764 324 798 448,
349 769 490 793 stanneum
508 764 570 795 427.
596 764 712 793 ferreum
736 765 798 797 240.
823 766 908 800 pluui-

128 810 209 838 beum
224 817 286 838 cum
303 809 441 837 additione
455 809 499 843 46,
512 810 575 843 510,
587 814 614 837 et
633 810 685 838 hoc
701 810 781 838 modo
795 818 908 838 consur-

964 214 1045 246 5740,
1060 213 1147 246 Rabbi
1163 212 1227 240 Levi
1245 212 1272 239 in
1290 219 1329 239 xu
1345 209 1463 238 Danielis
1478 209 1559 241 5781,
1579 208 1662 236 Rabbi
1693 208 1750 236 Mo-

964 267 1008 287 ses
1019 258 1206 287 Gerundensis
1217 257 1301 289 1058,
1313 256 1421 284 merfsés
1435 255 1461 283 5.
1473 254 1506 281 Et
1520 254 1616 282 horum
1639 257 1749 281 senten-

964 305 1016 337 tiie,
1031 305 1070 332 uti
1085 305 1176 332 videre
1191 308 1242 335 est,
1261 301 1386 337 quamvis
1413 301 1506 332 variae,
1524 308 1574 328 nec
1598 299 1748 327 uniformcs

963 351 1099 382 videntur,
1125 353 1216 376 tamen
1245 354 1389 374 numerum
1416 345 1504 380 quinti
1524 343 1669 372 millenarii
1692 351 1747 370 non

962 395 1107 425 excedunt.
1131 394 1223 421 Altera
1249 397 1290 420 est
1317 400 1422 424 eorum,
1440 391 1487 426 qui
1515 397 1596 426 supra
1620 389 1747 425 quintum

961 442 1145 470 millenarium
1171 439 1275 467 addunt
1303 438 1403 465 multos
1429 444 1526 469 annos,
1543 443 1631 471 neque
1656 439 1747 462 tamen

961 488 1148 517 consentiunt.
1164 486 1335 521 Augustinus
1348 487 1475 511 numerat
1491 490 1577 510 annos
1593 482 1659 510 5551
1674 491 1682 514 ;
1697 481 1747 510 lsi-

961 533 1045 560 dorus
1065 540 1082 559 v
1106 531 1272 566 'Etymolog.,
1299 529 1378 556 5210.
1407 527 1520 555 Orosius
1546 527 1624 559 5190,
1650 526 1747 554 Allon-

961 587 1008 607 sus
1022 578 1103 610 5984,
1120 576 1254 604 Eusebius
1267 574 1338 602 idem
1358 573 1439 600 sentit
1455 580 1516 600 cum
1531 572 1641 605 Orosio,
1658 571 1747 600 Theo-

961 624 1050 658 philus
1075 622 1262 649 Antiochenus
1287 620 1322 647 ad
1345 619 1501 654 Autolycum
1526 617 1604 645 5476.
1639 616 1746 645 Nicetas

960 669 1006 696 lib.
1020 677 1028 695 ι
1049 667 1152 695 Ιιίδιον.
1168 675 1228 701 cap.
1251 666 1301 698 10,
1313 665 1400 697 5505;
1414 664 1553 692 Cedrenus
1566 662 1646 695 5506,
1660 663 1745 691 Graeci

960 714 1039 749 vulgo
1052 713 1121 741 5508
1136 713 1202 739 utin
1212 711 1293 739 Sexta
1310 710 1413 746 synodo
1429 717 1490 744 cap.
1505 709 1532 736 5.
1548 709 1576 736 ln
1593 708 1745 744 Horologio,

959 765 985 787 et
1001 759 1073 794 cyclo
1095 757 1220 785 Paschali
1246 756 1411 785 Nicodamus
1434 757 1467 784 de
1491 755 1695 783 resurrectione
1719 759 1745 781 et

959 806 1086 841 passione
1110 803 1217 830 Domini
1239 810 1304 829 ann.
1331 802 1411 835 5500,
1439 801 1491 829 hoc
1512 804 1554 828 est
1573 808 1587 826 a
1606 800 1746 828 creatione

128 860 196 892 gunt
219 856 254 883 ab
269 856 335 884 orbe
349 856 459 884 condito
478 855 512 883 ad
528 855 631 883 Christi
646 856 813 884 nativitatem
830 856 908 884 5960.
926 843 946 870 Β
960 850 1025 877 Adae
1049 849 1083 876 ad
1110 848 1241 876 diluvium
1267 847 1347 879 2212.
1360 855 1376 874 a
1389 846 1491 876 diluvio
1509 854 1595 881 usque
1608 846 1642 873 ad
1658 846 1745 874 Abra-

129 901 268 933 Secunda,
280 902 315 929 ab
330 901 408 929 initio
420 902 513 929 saeculi
527 901 561 929 ad
576 901 708 928 diluvium
722 901 798 934 1656,
813 908 827 928 a
841 901 912 929 dilu-

129 948 176 975 vio
195 947 228 975 ad
242 946 339 975 Ninum
356 947 532 974 monarcham
541 946 604 979 219,
620 954 635 973 a
648 946 719 974 Nino
729 946 762 974 ad
777 946 912 974 Sardana-

126 992 184 1029 pali
211 992 291 1020 linem
316 992 395 1023 1254,
412 991 446 1019 ab
471 991 576 1019 Arbace
597 991 630 1019 ad
644 991 825 1018 Alexandrum
852 990 910 1018 Ma-

125 1045 210 1074 gnum
233 1037 296 1071 495,
311 1037 344 1063 ab
355 1037 510 1064 Alexandro
522 1035 620 1071 Magno
634 1036 667 1063 ad
682 1035 761 1064 ﬁnem
772 1036 846 1071 regni
861 1035 911 1071 Sy-

124 1083 176 1111 ria:
193 1082 256 1114 255,
269 1089 284 1109 a
312 1082 391 1117 Syria
422 1089 547 1117 possessa
569 1089 618 1117 per
631 1080 768 1109 Romanos
783 1081 815 1109 ad
832 1081 911 1109 Chri-

125 1132 201 1156 stum
224 1132 316 1155 natum
336 1128 381 1159 9|,
398 1131 426 1156 et
448 1128 489 1155 sic
505 1128 569 1156 item
584 1131 664 1155 erunt
679 1126 759 1155 5960.
776 1126 879 1158 Tertia,
894 1134 910 1154 a

124 1173 265 1202 creatiOne
292 1173 386 1201 mundi
416 1173 449 1201 ad
474 1173 606 1201 diluvium
629 1171 736 1206 1656,a
756 1172 858 1200 diluvio
876 1173 909 1200 ad

124 1219 288 1255 cornpletam
313 1219 347 1246 15
367 1219 520 1255 dynastiam
541 1219 606 1251 292,
634 1219 661 1246 in
679 1219 712 1246 16
737 1223 764 1247 et
782 1219 815 1246 17
827 1220 909 1255 dyna-

125 1265 180 1293 stia
195 1264 266 1297 295,
286 1265 313 1292 in
330 1265 362 1293 18
384 1265 493 1301 dynast.
517 1265 586 1297 518,
613 1264 641 1292 in
673 1265 705 1292 19
726 1265 835 1302 dynast.
849 1265 908 1296 191,

126 1311 156 1339 ln
181 1312 358 1347 sequentibus
374 1319 422 1340 se:
436 1311 569 1347 dynastiis
584 1311 645 1343 489,
664 1319 679 1338 a
691 1311 726 1338 26
750 1311 858 1347 dynast.
876 1311 908 1338 ad

124 1357 231 1385 obitum
249 1357 394 1385 Alexandri
410 1357 472 1390 569,
488 1365 503 1384 a
517 1361 603 1385 morte
616 1357 762 1385 Alexandri
778 1356 811 1384 ad
828 1355 908 1383 Chri-

125 1406 199 1432 stum
213 1403 275 1436 519,
289 1407 316 1431 et
331 1403 371 1432 sic
396 1403 460 1432 item
481 1403 626 1431 constituit
641 1403 675 1430 ab
686 1402 798 1430 exordio
815 1402 907 1429 mundi

125 1446 160 1474 ad
176 1446 313 1475 Christum
336 1447 416 1476 5960.
438 1447 577 1476 Gilbertns
602 1447 804 1477 Genebrardus.
821 1447 867 1475 lib.
887 1456 906 1478 ι.

124 1496 153 1520 et
170 1492 197 1520 in
213 1493 266 1521 line
283 1494 329 1522 lib.
348 1502 377 1526 ιι,
401 1494 481 1525 1090.
493 1494 527 1521 ab
543 1494 608 1521 orbe
624 1494 728 1521 scilicet
742 1494 852 1521 condito
871 1494 904 1520 ad

124 1538 426 1573 cluvionem1656,dics
436 1547 497 1573 sex;
507 1540 542 1568 ab
548 1540 671 1568 eluvione
683 1540 716 1568 ad
727 1545 814 1568 ortum
824 1542 910 1569 Abra-

125 1584 199 1611 hami
225 1584 288 1619 295,
304 1585 363 1614 dies
390 1585 437 1619 10;
463 1586 497 1613 ab
512 1585 657 1613 Abrahami
675 1589 753 1618 .ortu,
766 1586 799 1613 ad
813 1591 908 1621 egres-

125 1630 231 1657 sionem
244 1629 428 1658 lsraelitarum
441 1638 474 1658 ex
489 1630 607 1666 Egypto
621 1630 683 1662 720,
697 1630 731 1658 ab
743 1638 857 1666 egressu
875 1631 908 1658 ad

122 1673 197 1709 jacta
214 1675 308 1711 templi
323 1676 500 1703 fundamenta
514 1675 576 1708 480,
586 1684 600 1702 a
615 1675 799 1704 fundamentis
813 1676 906 1711 templi

124 1719 158 1746 ad
169 1720 352 1754 captivitatem
361 1720 551 1756 Babylonicam
560 1721 622 1752 419,
636 1729 742 1749 menses
754 1721 780 1754 6,
791 1729 806 1748 a
821 1722 908 1758 Baby-

124 1765 215 1793 lonica
235 1765 391 1800 captivitate
407 1767 440 1794 ad
456 1767 595 1794 Christum
616 1770 707 1794 natum
725 1767 787 1795 520.
804 1766 904 1795 Omnes

124 1815 193 1838 sunt
221 1810 299 1839 4089.
312 1811 341 1839 Si
366 1812 450 1840 addas
464 1812 522 1840 dies
537 1816 564 1840 et
578 1819 696 1844 menses,
714 1812 765 1840 erit
780 1812 908 1841 nativitas

120 1855 228 1884 Christi
250 1863 322 1884 anno
341 1856 420 1884 4090.
437 1856 556 1885 Joannes
569 1856 701 1892 Georgius
717 1856 864 1884 Hervartus
878 1856 906 1883 in

122 1910 175 1931 sua
200 1910 282 1936 nova,
297 1907 324 1931 et
339 1903 372 1930 ad
387 1903 523 1930 calculum
547 1903 759 1931 astronomicum
773 1906 906 1931 revocata

121 1948 308 1984 chronologiae
336 1956 397 1984 cap.
425 1949 443 1976 5
464 1953 491 1976 et
516 1948 578 1982 261,
599 1951 694 1976 exacto
721 1955 790 1975 anno
813 1947 906 1975 mundi

121 1994 196 2022 5955
216 1993 432 2022 lncarnationem
468 1994 574 2022 Domini
604 1994 692 2022 nostri
714 1993 778 2022 Jesu
803 1994 904 2022 Christi

122 2041 212 2076 ponit,
227 2040 299 2075 quod
312 2048 347 2068 ne
370 2040 473 2075 absque
491 2041 597 2068 ratione
614 2047 737 2068 asserere
755 2039 903 2073 videretur,

122 2086 265 2114 sententia:
294 2094 350 2114 suae
376 2085 551 2114 fundamenta
584 2085 664 2120 jecit.
683 2090 710 2114 et
733 2086 760 2113 in
785 2085 903 2113 medium

124 2131 227 2159 attulit.
246 2130 376 2159 Numerat
390 2131 461 2159 enim
476 2139 537 2159 cum
552 2131 613 2159 aliis
629 2139 662 2158 ex
677 2131 837 2159 auctoritate
854 2130 904 2159 He-

961 895 1023 922 ham
1039 894 1101 926 912,
1121 894 1157 922 ab
1170 893 1306 921 Abraham
1321 893 1355 920 ad
1370 892 1488 928 Moysem
1502 892 1565 923 450,
1578 900 1592 919 a
1606 892 1696 928 Moyse
1711 892 1744 920 ad

962 940 1046 968 David
1071 947 1162 975 regem
1183 938 1244 971 510,
1258 946 1273 966 a
1301 937 1403 965 Davide
1422 938 1456 966 ad
1479 938 1744 973 transuiigrationem

961 986 1107 1023 Babylonis
1122 985 1184 1018 500,
1202 993 1217 1013 a
1235 984 1485 1020 transmigratione,
1504 992 1589 1020 usque
1606 984 1638 1011 ad
1655 984 1746 1011 incar—

960 1033 1096 1060 nationem
1110 1031 1211 1060 Christi
1230 1030 1298 1062 500;
1314 1030 1359 1065 qui
1373 1037 1469 1058 omnes
1482 1035 1544 1057 sunt
1559 1030 1638 1057 5500.
1661 1029 1745 1058 Chro-

961 1079 1038 1106 nican
1058 1076 1268 1104 Alexandrinum
1294 1076 1364 1104 5507
1376 1096 1383 1108 ,
1405 1075 1575 1111 Nicephorus
1590 1075 1745 1111 patriarcha

959 1124 1275 1159 Constantinopolitanus
1290 1123 1369 1151 5500.
1390 1123 1464 1156 Quos
1482 1123 1519 1149 ita
1543 1123 1646 1158 colligit
1658 1131 1665 1150 :
1677 1123 1744 1149 Συν-

960 1170 1070 1205 άγονται
1096 1170 1131 1197 τὰ
1150 1170 1198 1204 ἐτη
1218 1169 1304 1200 οὕτως
1331 1169 1370 1201 ὡς
1389 1169 1566 1196 ὑποτέτακται
1583 1168 1636 1195 ἀπὸ
1660 1167 1744 1203 ’Δδὰμ

959 1216 1012 1247 ἕως
1034 1214 1081 1241 τοῦ
1106 1214 1299 1250 κατακλυσμοῦ
1317 1213 1413 1249 ,βσμβ“,
1432 1213 1484 1240 ἀπὺ
1503 1214 1531 1240 δὲ
1548 1212 1595 1240 τοῦ
1611 1213 1744 1240 κατακλυ-

960 1261 1029 1297 σμοῦ
1045 1261 1097 1293 ἓως
1112 1261 1216 1296 πύργου
1232 1259 1345 1296 Νευρὼο
1369 1259 1416 1295 ἐτη
1438 1259 1513 1294 φκε¹’
1527 1259 1581 1286 ἀπὸ
1592 1259 1621 1285 δὲ
1638 1259 1743 1294 πύργου

959 1307 1010 1338 ἕως
1026 1306 1079 1333 τῶν
1095 1306 1319 1343 διχοτομημάτων
1339 1306 1464 1342 ’Δὸραὰμ
1482 1305 1529 1340 ἐτη
1553 1305 1624 1332 inte"
1643 1305 1697 1332 ἀπὸ
1715 1306 1743 1331 δὲ

958 1352 1013 1379 τῶν
1038 1352 1263 1388 διχοτομημὰτων
1288 1353 1341 1385 ’ἐως
1366 1352 1412 1379 τοῦ
1440 1352 1530 1383 τέλους
1551 1351 1675 1387 Ἀϐραὰμ
1695 1351 1742 1386 ἐτη

958 1398 1010 1431 ος¹,
1025 1398 1091 1434 ὁμοῦ
1105 1399 1165 1434 ἔτη,
1180 1398 1278 1435 ,γσξτίδ
1295 1399 1349 1425 ἀπὸ
1362 1398 1390 1425 δὲ
1405 1397 1453 1424 τοῦ
1479 1397 1604 1433 Ἀϐραὰμ
1622 1397 1674 1428 ἓως
1695 1396 1744 1432 τῆς

957 1443 1047 1476 ἐξόδου
1063 1443 1117 1470 τῶν
1132 1443 1196 1470 υἱῶν
1222 1443 1327 1480 Ἰσραὴλ
1343 1443 1388 1479 ἔτη
1406 1443 1444 1470 υλ’
1454 1451 1460 1458 ·
1477 1443 1530 1469 ἀπὸ
1544 1442 1572 1469 δὲ
1586 1442 1637 1477 τῆς
1653 1442 1742 1475 ἐξόδου

958 1489 1009 1521 ἕως
1019 1490 1067 1525 τῆς
1077 1490 1219 1525 οἰκοδομῆς
1231 1490 1305 1516 οἴκου
1320 1489 1423 1525 Κυρίου
1437 1489 1483 1525 ἔτη
1500 1488 1559 1523 ψνζ¹
1567 1497 1573 1504 ·
1588 1489 1642 1515 ἀπὸ
1654 1488 1682 1515 δὲ
1694 1488 1743 1523 τῆς

959 1535 1101 1570 οἰκοδομῆς
1120 1535 1166 1561 τοῦ
1183 1535 1248 1562 ναοῦ
1265 1535 1317 1567 ἓως
1336 1535 1384 1571 τῆς
1401 1535 1589 1571 αἰχμαλωσίας
1603 1534 1651 1570 ἔτη
1675 1535 1741 1569 υκέ,

959 1580 1024 1616 ὁμοῦ
1040 1580 1085 1616 ἔτη
1104 1581 1185 1613 ,δωπ’.
1204 1581 1270 1607 Ἀπὸ
1286 1581 1313 1607 δὲ
1329 1581 1379 1615 τῆς
1396 1582 1582 1617 αἰχμαλωσίας
1591 1581 1644 1613 ἕως
1655 1582 1745 1614 Ἀλεξ-

959 1625 1052 1661 άνδρου
1076 1626 1122 1661 ἔτη
1147 1626 1215 1662 τιη’·
1234 1627 1288 1653 ἀπὸ
1302 1626 1330 1653 δὲ
1349 1627 1395 1652 τοῦ
1422 1626 1593 1663 Ἀλεξάνδρου
1617 1627 1669 1659 ἕως
1688 1627 1743 1654 τῶν

958 1672 1059 1708 χρόνων
1071 1672 1157 1707 Ἰησοῦ
1169 1672 1215 1699 τοῦ
1224 1673 1326 1708 Κυρίου
1338 1672 1414 1708 ἡμῶν
1426 1672 1472 1707 ἐτη
1486 1676 1536 1707 τγ¹,
1550 1672 1617 1708 ὁμοῦ
1627 1673 1673 1709 ἐτη
1683 1673 1741 1708 ,εφ’,

958 1717 1026 1745 Vide
1042 1718 1175 1753 Argyrum
1198 1718 1226 1745 in
1252 1717 1331 1753 Cyclo
1350 1718 1487 1750 Post/tali,
1502 1723 1528 1745 et
1551 1719 1631 1746 alios.
1645 1718 1742 1747 Noster

958 1762 1116 1793 Eustathius
1142 1765 1221 1793 5551.
1240 1764 1298 1798 Qua
1325 1768 1415 1792 autem
1441 1764 1466 1791 id
1493 1765 1598 1793 ratione
1616 1765 1741 1797 allirmat.

956 1819 1092 1847 exponere
1105 1812 1224 1839 breviter
1239 1812 1351 1839 minime
1370 1812 1427 1840 ﬁeri
1443 1816 1540 1847 potest,
1554 1820 1616 1839 cum
1634 1816 1661 1840 et
1671 1812 1743 1841 vitas

956 1861 1062 1892 patrum
1088 1861 1151 1885 ante
1177 1857 1308 1885 diluvium
1328 1861 1354 1885 et
1376 1862 1438 1892 post
1457 1858 1613 1886 examinare
1635 1858 1744 1887 dillicile

956 1903 1003 1936 sit,
1018 1907 1044 1931 et
1060 1910 1153 1939 regum
1175 1902 1251 1931 Judre
1274 1904 1444 1939 aliorumque
1468 1912 1556 1933 annos
1576 1908 1604 1933 et
1627 1905 1743 1933 interre-

956 1955 1007 1984 gna
1019 1947 1185 1984 distinguere
1200 1948 1312 1977 minime
1325 1949 1360 1977 sit
1374 1949 1457 1984 hujus
1473 1951 1583 1985 negotii,
1598 1955 1625 1978 et
1638 1950 1743 1979 laboris

955 1993 1043 2028 multi,
1069 1997 1095 2021 et
1122 1995 1267 2030 scripturae
1295 1995 1425 2031 indigeat,
1442 2004 1475 2023 ne
1503 1996 1604 2024 lusisse
1630 2004 1741 2032 operam

954 2039 1119 2068 videremur.
1145 2039 1328 2070 Reservamus
1352 2047 1444 2070 tamen
1470 2042 1553 2075 hujus
1579 2042 1743 2077 quaestionis

953 2086 1171 2123 explicationem.
1204 2087 1231 2114 in
1249 2086 1319 2115 libro
1334 2091 1439 2121 nostro,
1467 2096 1546 2123 quem
1561 2088 1687 2123 superius
1703 2089 1743 2116 ci—

954 2133 1082 2160 tavimus.
1099 2131 1216 2160 Inventa:
1226 2137 1291 2160 sunt
1301 2134 1382 2161 etiam
1393 2134 1452 2162 dua:
1464 2134 1640 2162 collectiones
1654 2141 1742 2161 anno-

123 2176 221 2204 braica
235 2177 268 2203 ab
284 2177 388 2204 Adamo
399 2176 433 2204 ad
448 2176 578 2204 diluvium
597 2183 684 2203 annos
702 2175 779 2203 1656-
790 2176 854 2203 Inde
871 2176 903 2204 ad
919 2180 941 2208 D
955 2188 1014 2208 rum
1024 2181 1226 2216 manuscriptaa,
1240 2180 1325 2207 altera
1339 2187 1372 2207 ex
1384 2178 1549 2206 Marcelliani
1558 2177 1679 2206 chronici
1688 2178 1742 2205 line

123 2222 310 2250 Abrahamum
337 2222 399 2254 292,
424 2222 520 2251 exinde
535 2222 567 2249 ad
587 2221 714 2249 Davidem
734 2222 795 2254 942,
811 2222 844 2249 ad
860 2229 905 2249 ca-

120 2269 275 2305 ptivitatem
290 2269 358 2301 475,
372 2274 453 2304 atque
467 2267 564 2296 exinde
579 2267 612 2294 ad
626 2266 766 2296 Christum
780 2267 841 2295 589.
853 2267 905 2300 Qui

120 2316 150 2343 in
169 2323 253 2343 unum
273 2315 380 2343 collecti
395 2318 459 2343 sunt
473 2314 543 2342 5952
560 2323 567 2341 :
583 2313 682 2349 quibus
700 2312 724 2341 si
739 2317 794 2341 tres
818 2320 904 2341 annos

120 2360 268 2396 adjeceris,
295 2365 357 2396 post
384 2367 454 2396 quos
481 2359 602 2396 vulgaris
625 2358 727 2387 Christi
744 2359 847 2394 epocha
863 2359 905 2387 in-

120 2407 221 2435 choata
245 2405 297 2434 fuit
317 2414 365 2441 per
385 2405 418 2434 D.
434 2405 638 2441 Hieronymum,
650 2409 731 2434 erunt
747 2405 811 2433 anni
824 2405 903 2434 5955.

119 2456 264 2480 Annorum
279 2452 342 2481 item
361 2452 457 2480 seriem
472 2451 506 2479 ab
518 2452 582 2479 orbe
600 2446 708 2479 condito
721 2451 755 2479 ad
766 2450 905 2479 Christum

120 2502 216 2526 natum
230 2497 314 2526 habes
333 2498 361 2525 in
383 2496 512 2525 Chronico
525 2496 660 2530 Carionis,
675 2504 754 2532 quem
776 2497 846 2524 vide.
873 2495 906 2523 Et

119 2550 156 2571 ex
171 2542 291 2571 Hebraeis
303 2543 368 2570 Baal
379 2542 463 2571 Seder
480 2541 569 2576 01am,
584 2548 599 2568 a
613 2541 707 2569 mundi
719 2542 856 2569 creatione
870 2541 905 2569 ad

120 2588 292 2616 eversionem
313 2588 407 2625 templi
424 2588 476 2616 sub
490 2586 660 2623 Vespasiano
682 2591 789 2615 tantum
807 2594 904 2615 nume-

121 2638 165 2663 rat
179 2642 265 2663 annos
283 2635 364 2668 5888,
381 2635 407 2662 id
430 2637 473 2663 est
491 2634 525 2661 ad
544 2633 682 2661 Christum
706 2639 798 2661 natum
823 2633 902 2661 5757.

121 2679 241 2708 Rabbini
257 2682 422 2709 recentiores
437 2679 471 2708 ad
485 2684 578 2707 natum
593 2679 732 2707 Christum
747 2686 810 2706 ann.
822 2678 902 2710 5760,

123 2733 230 2754 menses
248 2727 275 2754 4.
295 2727 371 2755 Unde
385 2731 499 2763 quartus
513 2726 606 2755 mundi
621 2725 791 2754 millenarius
810 2725 844 2753 ab
862 2725 903 2753 eis

124 2779 196 2799 anno
213 2772 318 2801 Domini
343 2773 396 2801 240
426 2773 580 2807 confertur;
605 2772 716 2808 quintus
748 2773 776 2800 in
800 2780 902 2800 annum

127 2816 204 2851 1210,
223 2823 247 2846 et
275 2820 310 2847 ita
329 2820 456 2856 deinceps
472 2820 542 2855 quod
560 2819 639 2847 hodie
656 2819 736 2854 vulgo
756 2817 840 2846 Iuda-.i
856 2826 899 2846 se-

955 2227 990 2255 ab
1012 2227 1097 2254 Adam
1126 2235 1214 2262 usque
1230 2227 1263 2254 ad
1288 2226 1420 2254 diluvium
1435 2226 1500 2253 anni
1515 2224 1596 2257 2242,
1610 2231 1625 2251 a
1637 2224 1743 2251 diluvio

955 2281 1041 2309 usque
1057 2274 1090 2300 ad
1103 2273 1239 2300 Abraham
1256 2273 1319 2300 anni
1331 2272 1392 2304 942,
1406 2271 1440 2300 ab
1452 2270 1589 2298 Abraham
1607 2277 1695 2305 usque
1706 2270 1741 2297 ad

956 2320 1111 2354 passionem
1129 2318 1236 2346 Domini
1252 2318 1316 2346 anni
1329 2317 1410 2350 2244,
1426 2325 1441 2344 a
1459 2316 1544 2343 Roma
1559 2315 1741 2343 verocondita

954 2370 1039 2397 usque
1058 2362 1092 2390 ad
1107 2361 1215 2390 Domini
1231 2361 1376 2390 adventum
1395 2361 1458 2388 anni
1485 2361 1546 2393 752,
1569 2368 1584 2387 a
1612 2359 1739 2396 passione

954 2407 1060 2435 Domini
1076 2416 1163 2443 usque
1177 2408 1211 2435 ad
1223 2408 1396 2436 consulatum
1411 2406 1545 2435 Eustathii
1561 2406 1625 2433 anni
1638 2406 1699 2437 594,
1712 2410 1739 2434 ct

954 2462 1040 2489 usque
1055 2455 1088 2482 ad
1102 2455 1274 2483 consulatum
1296 2454 1351 2481 DN.
1367 2453 1514 2481 Theodosii
1529 2460 1574 2487 xv,
1595 2453 1659 2480 anni
1674 2452 1736 2480 409.

954 2500 1035 2528 Fiunt
1051 2501 1086 2529 ab
1104 2501 1190 2528 Adam
1208 2509 1296 2536 usque
1312 2501 1346 2528 ad
1361 2508 1406 2528 xiv
1426 2499 1549 2527 Valentis
1573 2507 1687 2532 annum,
1711 2499 1737 2527 id

953 2551 1005 2579 est,
1021 2555 1107 2582 usque
1136 2547 1169 2574 ad
1195 2547 1367 2575 consulatum
1383 2546 1443 2581 ejus
1460 2551 1486 2573 et
1506 2544 1691 2574 Valentiniani
1707 2554 1736 2576 ιι,

953 2599 1047 2620 omnes
1060 2593 1123 2619 anni
1137 2592 1222 2620 15579
1231 2600 1240 2625 ;
1249 2593 1334 2620 altera
1343 2599 1374 2619 ex
1388 2591 1536 2619 Eusebiani
1550 2591 1674 2619 chronici
1685 2592 1737 2618 line

948 2637 988 2673 ab
1001 2637 1068 2665 urbe
1082 2638 1192 2665 condita
1206 2638 1258 2665 sub
1271 2638 1381 2673 regibus
1396 2637 1460 2664 anni
1475 2636 1538 2669 240,
1552 2637 1603 2664 sub
1617 2637 1736 2664 consuli‘

952 2683 1003 2710 bus
1021 2683 1085 2710 anni
1100 2682 1161 2715 464,
1176 2684 1228 2710 sub
1243 2683 1372 2718 Augustis
1383 2687 1409 2711 et
1422 2683 1576 2710 Caesaribus
1592 2682 1655 2709 anni
1672 2682 1735 2714 495,

954 2728 1121 2763 colliguntur
1134 2736 1229 2757 omnes
1243 2729 1307 2756 anni
1320 2736 1406 2764 usque
1422 2728 1456 2755 ad
1465 2729 1635 2756 consulatum
1647 2727 1732 2755 Theo-

951 2774 1019 2802 dosii
1031 2773 1151 2802 Junioris
1162 2783 1239 2806 xviii,
1249 2781 1274 2803 et
1287 2774 1468 2802 Valentiniani
1479 2774 1598 2802 Junioris
1609 2773 1732 2801 Placidia!

953 2818 998 2846 filii
1023 2827 1057 2851 γι,
1076 2819 1270 2854 Augustorum,
1287 2819 1364 2847 1197.
1386 2819 1425 2846 Ab
1436 2818 1569 2846 Abraham
1587 2826 1673 2851 usque
1699 2817 1735 2846 ad

1304 3124 1331 3168 ξι,
1894 3120 1922 3133 ’

973 3256 1036 3324 <“‘
1200 3252 1259 3316 Ἥ.

1224 3316 1261 3388 ΓΑ
1289 3326 1395 3396 una

1041 3392 1064 3456 \1
1180 3388 1336 3456 £1134:an
1360 3392 1445 3456 ":3:
