3968 6914
500 281 596 333 ﬁll
610 281 632 333 1

1900 283 2151 339 LEONIS
2185 282 2457 340 ALLATll

3587 299 3737 359 1οη

500 405 717 467 tempus
750 398 1180 468 suprascriptum
1210 400 1336 453 anni
1373 400 1535 465 eam,
1576 417 1605 454 a
1638 401 1844 458 diluvio
1894 419 2069 474 usque

2186 404 2321 476 ὒάρᾳ
2345 404 2423 475 τῷ
2462 405 2626 476 πατρῖ
2667 406 2933 477 Ἀϐραὰμ,
2964 407 3269 464 ἐθανάτωσε
3299 412 3393 468 τὸν
3427 414 3540 469 υἱὸν
3570 419 3741 474 αὐτοῦ

502 487 573 544 ad
607 487 881 542 Abraham
908 485 1038 540 anni
1068 485 1191 552 842,
1222 488 1290 541 ab
1313 486 1481 542 Adam
1511 504 1686 558 usque
1713 489 1778 544 ad
1807 490 2068 544 diluvium

500 581 628 634 anni
672 578 834 640 2242,
889 577 1024 632 ﬁunt
1074 578 1144 633 ab
1197 578 1364 632 Adam
1420 596 1595 649 usque
1628 582 1683 636 in
1727 584 2072 637 consulatum

499 672 791 727 Theodosii
827 670 1071 726 Junioris
1122 687 1256 725 xvm
1316 678 1371 727 et
1419 671 1783 728 Valentiniani
1821 674 2074 730 Placidia

2169 496 2262 550 τὸν
2290 497 2489 568 τρίτον,
2517 496 2575 550 ὃν
2606 496 2745 568 ὑπὲρ
2775 499 2899 561 τοὺς
2924 499 3116 567 ἄλλους
3153 504 3361 572 ἠγάπα,
3398 507 3484 560 ἵνα
3506 508 3538 561 ὁ
3558 510 3746 585 πατὴρ

2174 588 2502 662 σωφρονίσῃ,
2541 589 2633 642 καὶ
2687 589 2787 643 οὐκ
2833 592 3185 663 ἐσωφρόνισε.
3245 595 3447 651 Έποίει
3484 600 3598 673 γὰρ
3648 605 3745 658 καὶ

2171 678 2365 732 εἴδωλα
2409 680 2502 733 καὶ
2544 678 2741 734 ἐπώλει
2782 683 2894 744 τοῖς
2935 683 3357 759 εἰδωλολάτραις.
3403 690 3645 763 Ἐπὲστη
3686 694 3747 747 δὲ

501 762 597 816 lilii
622 761 861 830 iunioris
886 764 1065 817 sexies
1100 777 1291 818 omnes
1332 762 1462 817 anni
1506 763 1665 819 5645.
1694 764 2076 820 Animadverte

2186 770 2290 824 τότε
2317 773 2345 824 ὀ
2373 771 2597 836 αίὼνείς
2624 773 2871 845 είκοστὴν
2895 776 3084 843 γενεὰν
3108 776 3202 847 ἐτη
3229 778 3384 849 ,βτλθ
3401 780 3568 851 (alius
3593 761 3744 851 cod.,

499 861 678 907 tamen
723 851 778 906 in
817 866 968 905 num.
1012 852 1079 906 ab
1124 853 1393 906 Abraham
1429 868 1600 922 usque
1642 853 1706 908 ad
1739 861 1953 924 tempus
1980 870 2075 908 su-

500 941 863 1012 prascriptum
883 941 1011 996 anni
1027 940 1166 997 2595
1187 940 1534 1012 [uacccxcv],
1553 957 1616 995 ex
1626 949 1826 1012 puncto
1851 943 2010 998 tertio
2032 944 2073 997 C

501 1034 557 1089 in
583 1034 828 1101 margine
878 1035 1183 1088 recentiore
1226 1048 1387 1088 manu
1430 1036 1734 1105 appositum
1766 1035 1931 1093 fuisse
1970 1054 2076 1092 nu-

502 1140 708 1187 merum
750 1124 910 1180 istum
936 1123 1096 1179 2295.

570 1217 688 1272 Col.
719 1216 844 1271 760.
864 1217 957 1270 lin.
992 1215 1077 1269 12.
1110 1218 1225 1270 Υἱοὶ
1255 1216 1323 1270 δὲ
1342 1216 1621 1286 ἐγένοντο
1640 1217 1737 1284 τῷ.
1766 1218 2032 1275 Eusebius
2059 1237 2070 1271 :

517 1306 781 1380 ’Δραὸὼδ,
823 1308 914 1377 ἀφ’
950 1301 1009 1360 οὒ
1045 1307 1312 1379 Ἀραὸεςυ
1356 1308 1625 1381 Ἰδουρὰμ,
1669 1311 1761 1380 ἀφ’
1799 1305 1859 1364 οὗ
1889 1313 2079 1381 Καμή-

504 1397 636 1455 λιοιο
672 1401 833 1471 Δέρα,
862 1402 953 1470 ἀφ’
984 1394 1044 1454 οὖ
1077 1401 1280 1472 Μῆδον
1331 1400 1507 1465 Ἰεζία,
1551 1403 1643 1471 ἀφ’
1673 1395 1733 1455 οὗ
1781 1403 2075 1475 Ἀριαδνοί’

505 1488 744 1560 Δεκλὰμ,
781 1491 872 1558 ἀφ’
907 1484 968 1543 οὗ
999 1489 1341 1560 Κεδρούσιοι·
1383 1489 1575 1561 Γεδὴλ,
1623 1492 1714 1560 ἀφ’
1754 1484 1814 1544 οὗ
1845 1491 2076 1546 Σκύθαι·

518 1580 798 1651 Ἀϐιμεὴλ.
835 1582 926 1649 ἀφ’
959 1575 1019 1634 οὗ
1050 1580 1303 1651 Ὑρκανοί
1326 1596 1339 1611 ο
1390 1580 1591 1647 Σαϐὰτ,
1628 1575 1804 1651 ἀφόὗ
1847 1583 2081 1654 Ἀρασες

2173 861 2333 935 ,γσλθ
2365 857 2504 933 ἦσαν
2542 862 2765 933 λοιπὸν),
2799 867 2892 918 καὶ
2922 866 3093 932 οὐδεὶς
3134 868 3349 923 πώποτε
3386 872 3498 927 τῶν
3534 877 3751 945 ’προτέ-

2176 970 2283 1024 ρων
2308 953 2605 1025 ἀνθρώπων
2632 956 2737 1026 πρὸ
2765 956 2970 1028 πατρὸς
2997 958 3112 1023 υίὸς
3136 961 3415 1027 ἐτελεύτα,
3444 965 3493 1017 εἰ
3526 964 3604 1036 μὴ
3635 967 3749 1021 Λά-

2178 1046 2319 1114 μεχὸ
2342 1046 2456 1108 υἱὸς
2482 1046 2576 1099 τοῦ
2604 1046 2931 1102 Μαθουσάλα
2950 1050 3043 1102 καὶ
3069 1050 3438 1126 θαυμάσασαὴ
3468 1056 3615 1121 θεία,
3633 1067 3744 1111 etc.

2176 1135 2335 1191 Errat
2366 1136 2746 1196 Genebrardus
2797 1156 2863 1196 ex
2898 1142 3064 1197 Suida
3100 1144 3168 1200 de
3198 1144 3374 1200 Thara
3395 1146 3539 1203 idem
3582 1148 3748 1203 colli-

2176 1243 2308 1298 gens
2332 1246 2345 1294 ;
2374 1229 2570 1283 etenim
2599 1231 2644 1285 si
2675 1238 2877 1287 attente
2905 1230 3086 1289 Suida
3109 1235 3273 1290 verba
3295 1237 3744 1299 considerentur.

2176 1321 2264 1373 illa
2300 1338 2311 1373 :
2347 1316 2452 1374 Ἦν
2483 1321 2591 1392 γὰρ
2634 1322 3099 1401 ἀγαλματοποιὸς,
3142 1327 3246 1380 ἀπὺ
3284 1328 3553 1401 διαφόρων
3598 1331 3750 1385 ὑλῶν

2177 1413 2389 1477 εἰκόνας
2408 1390 2790 1483 ἐργαζόμενος,
2826 1415 2921 1468 καὶ
2948 1390 3122 1484 λέγων
3147 1418 3368 1483 τούτους
3385 1390 3533 1473 ἐἶναι
3558 1419 3746 1485 θεοὺς,

2177 1504 2269 1556 καὶ
2301 1503 2533 1572 ὀφείλειν
2556 1504 2973 1575 προσκυνεῖσθαι
3004 1506 3079 1569 ὡς
3107 1508 3309 1564 αἰτίους
3349 1509 3456 1562 τῶν
3484 1510 3711 1578 ἀγαθῶν
3728 1551 3747 1575 ,

2177 1596 2397 1668 nonad
2433 1594 2611 1651 Thare
2662 1596 2956 1651 Abrahami
3007 1606 3234 1668 patrem,
3284 1601 3378 1656 sed
3419 1602 3485 1655 ad
3529 1600 3749 1656 Seruch
3838 1664 3847 1671 α

518 1670 728 1725 Ἰνδῶνσ
778 1672 962 1742 Ούὴρ,
1030 1672 1122 1741 ἀφ’
1200 1666 1260 1725 οὗ
1301 1672 1621 1739 Οὑαρναῖοι·
1672 1673 1837 1746 Εὑὴν,
1889 1675 1980 1743 ἀφ’
2018 1667 2078 1727 οὗ

2186 1666 2475 1758 pertinent,
2501 1696 2560 1742 ut
2583 1703 2646 1743 ex
2679 1688 2799 1758 ipso
2827 1696 2978 1744 textu
3004 1666 3348 1746 manifestum
3372 1701 3478 1757 est,
3512 1696 3754 1765 aliisque

506 1760 964 1833 Γυμνοσοφισταί.
1003 1761 1299 1818 Chronicon
1325 1763 1742 1818 Alexandrinum
1771 1781 1789 1817 :
1825 1765 2078 1838 Σαρμὼθ,

2186 1752 2500 1841 auctoribus
2551 1752 2810 1835 facillimo
2852 1781 3072 1850 negotio
3108 1784 3322 1852 probari
3372 1794 3595 1853 posset,
3651 1752 3752 1857 qui

508 1851 571 1918 ἐξ
607 1848 668 1907 οὗ
702 1854 939 1924 ’Δρασες
961 1870 974 1883 ·
1017 1854 1218 1925 ’1αρὰχ,
1252 1854 1311 1920 ἐξ
1350 1847 1410 1908 οὗ
1453 1855 1751 1925 Κάμπλιοι,
1780 1856 1946 1909 οἱκαὶ
1973 1857 2082 1908 Χα-

507 1944 747 1998 ναναίοιο
805 1944 1048 2016 ὐδόρῤα,
1096 1944 1156 2010 ἐξ
1198 1938 1258 1999 οὗ
1321 1946 1593 2019 Ἀῤῥιανοὶ⁸
1638 1948 1731 1999 καὶ
1773 1946 2080 2017 Φερεζαῖοιυ

509 2035 703 2099 Δεκλὰ,
740 2035 800 2100 ἐξ
825 2032 886 2090 οὗ
921 2037 1259 2110 Κεδρούσιοι,
1286 2038 1335 2091 οἱ
1374 2038 1469 2092 καὶ
1514 2038 1862 2109 ’Ᾱμορῤαῖοιο
1895 2036 2079 2107 Δίζὴλ,

511 2127 571 2194 ἐξ
623 2122 684 2182 οὗ
736 2128 1010 2199 Ὑρκανοὶ.
1066 2132 1113 2182 οἱ
1171 2131 1264 2184 καὶ
1315 2131 1529 2183 Εύαῖοι·
1577 2128 1852 2199 Ἀὃιμεὴλ,
1913 2130 1972 2194 ἐξ
2022 2124 2083 2184 οὗ

511 2211 733 2277 Σκύθαι,
771 2216 821 2267 οἱ
861 2215 954 2267 καὶ
997 2216 1344 2288 Γεργεσαῖοι·
1388 2214 1592 2283 Σαϐαὓ,
1644 2215 1704 2282 ἐξ
1754 2213 1813 2271 οὗ
1852 2217 2085 2289 Ἀραδες

515 2303 772 2376 ἐσώτεροι
792 2323 804 2335 ·
855 2306 1060 2378 Ὀφεὶρ,
1084 2307 1143 2372 ἐξ
1165 2302 1225 2362 οὗ
1268 2309 1558 2380 Ἀρμένιοι.

585 2395 748 2459 lbid.,
782 2397 879 2451 lin.
921 2396 1012 2451 22.
1061 2400 1162 2453 Ἐν
1192 2397 1260 2452 δὲ
1296 2398 1420 2465 τοῖς
1465 2401 1723 2469 χρόνοις.
1756 2397 2085 2469 Epiphanius

512 2486 569 2541 in
598 2488 864 2559 principio
889 2490 1071 2559 operis
1103 2490 1249 2560 quod
1278 2491 1497 2563 scripsit
1514 2491 1778 2547 adversus
1827 2492 2082 2558 hareses,

512 2575 672 2631 docet
711 2584 954 2648 tempore
989 2579 1200 2641 Saruch
1231 2581 1468 2651 coepisse
1524 2583 1668 2636 inter
1692 2580 1942 2638 homines
1970 2581 2088 2637 ido-

513 2664 877 2728 dololatriam,
912 2675 967 2723 et
1003 2668 1150 2723 illius
1174 2670 1515 2739 temporibus
1536 2671 1705 2725 multa
1732 2672 1931 2741 templa
1955 2678 2100 2726 con-'

515 2762 724 2808 structa
747 2753 939 2819 fuisse,
971 2764 1026 2810 et
1054 2757 1275 2826 quidam
1296 2760 1536 2829 gentium
1577 2759 1855 2830 principes
1886 2760 2085 2816 adora-

518 2854 620 2899 tos.
654 2842 932 2903 Manasses
963 2849 1018 2902 in
1049 2848 1278 2902 Annal.:

529 2961 842 3040 :is‘afreiidsr:
867 2966 1258 3040 ρζαρηνόμῃσε
1297 2968 1363 3021 τὸ
1398 2968 1570 3040 γένος
1593 2968 1712 3024 τῶν
1740 2971 2081 3040 ἀνθρώπων»

518 3031 626 3109 Ιξαὶ
648 3033 797 3109 πρὸς
810 3031 1113 3109 uocemue
1129 3031 1347 3109 ἔϐλεψε
1362 3031 1605 3106 πράξεις
1620 3039 1719 3093 καὶ
1733 3031 2025 3109 ,βδεξὶυρία

516 3103 777 3177 {parum
810 3103 1248 3177 ἀνδροκτασίας
1276 3103 1366 3175 τε,
1391 3103 1632 3177 side-ovi,
1661 3103 2010 3177 ἀκολασίας.

525 3170 654 3251 {ait
689 3170 982 3251 ἁρπαγαῖς
1007 3170 1703 3251 ὐξτέχαᾷοονλὲτέρπκτο
1724 3170 2032 3251 μοιχείαᾷι,

656 3242 870 3317 στᾶσαν
895 3242 1259 3317 ἐπετήδευοῶ
1285 3242 1554 3302 ἐπίνοιαν·
1591 3242 1821 3317 κακίας.

533 3311 929 3390 ςῌᾼῄστευον,
957 3311 1298 3390 διήρπαζον,
1332 3317 1644 3390 ἔκλεπτον,
1675 3311 2013 3390 ἐμοὶχῶντο,

517 3382 630 3458 Ιξαὶ
660 3383 1000 3458 τελξρταῖογ
1026 3382 1295 3458 ἔϐλεψαν
1318 3389 1485 3458 πρὸς
1501 3382 2007 3458 εὶδωλοῖὶαὲῥείανζ

519 3450 743 3522 Σεροὺχ
766 3452 832 3505 δὲ
862 3452 1091 3522 πρῶτος
1122 3450 1640 3526 ῆρξαταχρἦσθαι
1670 3450 1959 3596 parteea
1987 3460 2085 3514 καὶ

526 3589 548 3596 _
568 3592 591 3596 _
645 3590 666 3596 -
827 3589 846 3596 ,
941 3594 949 3596 ,
1800 3546 1898 3583 στι
1961 3547 2081 3596 αις,

1800 3534 2081 3596 στήλαις,

525 3589 774 3659 Ὄγδοος
810 3589 896 3645 ὢν
919 3594 1216 3663 ἀπόγονος
1245 3596 1352 3650 τοῦ
1379 3597 1505 3651 Νῶε
1525 3599 1629 3652 τοῦ
1662 3529 2058 3654 amaram“.

524 3700 759 3756 Suidas:
795 3702 997 3775 Σεροὺχ
1036 3697 1192 3769 οὗτος
1241 3709 1535 3777 κατάγεται
1561 3711 1624 3763 ὲκ
1664 3710 1761 3780 τῆς
1799 3710 1969 3782 φυλῆς
1992 3710 2083 3765 τοῦ

535 3790 744 3859 Ἰαφὲτ,
802 3794 894 3846 καὶ
945 3795 1051 3848 ἀπὸ
1098 3795 1284 3850 τούτου
1334 3799 1532 3870 ἤρξατο
1578 3801 1611 3870 ή
1660 3799 2080 3871 είδωλολατρεία.

536 3880 886 3953 Ἐδογμάτισε
926 3886 1036 3959 γὰρ
1063 3888 1231 3941 εἰκόσι
1263 3889 1355 3942 καὶ
1397 3889 1641 3962 ἀνδριάσι
1670 3890 1923 3961 τιμᾶσθαι
1959 3890 2111 3953 τοὺς

524 3973 691 4028 πάλαι
732 3975 1177 4047 ἀριστεύσαντας,
1213 3980 1307 4034 καὶ
1344 3981 1603 4052 τιμᾶσθαι
1643 3981 1718 4045 ὡς
1763 3982 2084 4053 εὐεργέτας·

524 4064 621 4118 καὶ
647 4064 805 4117 τοῦτο
836 4067 1180 4140 ἐπεκράτησε
1211 4069 1369 4140 μέχρι
1406 4068 1513 4123 τῶν
1537 4070 1741 4142 χρόνων
1772 4071 1961 4143 suppa
1994 4071 2087 4124 τοῦ

523 4155 1014 4228 πατρὸςἋόραάμ.
1030 4158 1266 4230 Hujusce
1286 4168 1465 4217 autem
1481 4164 1680 4218 erroris
1701 4178 1764 4218 ea
1785 4178 1946 4220 causa
1966 4163 2086 4218 fuit.

527 4244 735 4303 Seruch
783 4248 1043 4305 honorem
1087 4251 1285 4320 priscis
1327 4252 1578 4308 deferens
1613 4260 1871 4323 tanquam
1907 4268 2087 4308 rerum

524 4339 911 4407 praelararum
956 4341 1351 4407 inventoribus,
1384 4344 1438 4397 in
1486 4344 1783 4415 praliando
1832 4343 2084 4409 fortibus,

2180 1870 2293 1924 hac
2319 1871 2503 1924 eadem
2532 1869 2598 1922 de
2628 1868 2860 1932 Seruch,
2886 1886 2996 1925 non
3031 1871 3098 1926 de
3125 1871 3301 1926 Tbara
3330 1873 3576 1929 tradunt.

2250 1961 2406 2023 lbid.,
2436 1961 2532 2016 lin.
2561 1960 2651 2016 29.
2695 1961 2755 2014 '0
2792 1961 2861 2014 δὲ
2901 1961 3080 2032 Ἀρὰμ
3117 1963 3394 2021 ἀπέθανε.
3434 1964 3752 2036 .Iosephus,

2181 2054 2434 2123 Antiquit.
2475 2052 2566 2106 lib.
2595 2069 2634 2116 I,
2674 2067 2792 2123 cap.
2830 2053 2892 2106 7:
2927 2053 3205 2126 Ἅϐραμος
3229 2056 3285 2110 δέ
3313 2051 3459 2127 εἶχεν
3482 2058 3756 2129 ἀδελφοὺς

2182 2146 2449 2219 Ναχώρην
2474 2147 2567 2200 καὶ
2611 2147 2861 2218 Ἀράνην.
2898 2147 3113 2202 Τούτων
3161 2149 3389 2222 Ἀράνης
3421 2153 3539 2224 μὲν,
3577 2171 3759 2208 κατα-

2182 2236 2350 2291 λιπὼν
2374 2236 2485 2290 υἱὸν
2522 2236 2722 2302 Λῶτον,
2755 2238 2847 2290 καὶ
2882 2238 3060 2309 Σάραν
3085 2239 3181 2292 καὶ⁵
3203 2239 3485 2311 Μελχανὰν
3521 2242 3759 2312 θυγατέ-

2185 2346 2302 2402 ρας,
2334 2329 2392 2381 ἐν
2421 2327 2702 2391 Χαλδαίοις
2726 2328 2994 2384 ἀπέθανεν
3025 2330 3084 2384 ἐν
3109 2330 3260 2385 πόλει
3300 2332 3447 2405 Οὒρῃ
3479 2334 3773 2410 λεγομένῃ

2182 2421 2289 2474 τῶν
2312 2419 2609 2474 Χαλδαίων.
2634 2420 2742 2473 Καὶ
2769 2421 2934 2489 τάφος
2959 2422 3122 2476 αὐτοῦ
3146 2423 3303 2495 μέχρι
3327 2424 3423 2479 νῦν
3449 2425 3751 2482 δείκνυται.

2185 2511 2390 2567 Hebrai
2430 2511 2669 2574 tradunt,
2701 2519 2755 2564 et
2778 2509 2944 2566 refert
2978 2511 3339 2584 Hieronymus
3376 2515 3431 2569 in
3467 2514 3755 2572 Hebraicis

2185 2602 2553 2657 traditionibus
2581 2604 2633 2656 in
2660 2601 2814 2667 Gem,
2836 2605 3106 2659 Abraham
3125 2606 3181 2660 in
3212 2607 3431 2677 regione
3462 2607 3754 2665 Chaldaeo-

2186 2711 2304 2751 rum
2345 2697 2401 2750 in
2432 2696 2610 2766 ignem
2643 2694 2891 2757 missum,
2925 2696 3051 2766 quia
3082 2696 3258 2767 ignem
3296 2699 3527 2754 adorare
3554 2701 3753 2756 nolue-

2183 2791 2276 2856 rit,
2304 2805 2465 2860 quem
2489 2787 2724 2843 Cbaldai
2758 2787 2965 2851 colunt,
2996 2795 3050 2842 et
3080 2786 3172 2844 Dei
3205 2789 3405 2843 auxilio
3432 2789 3775 2855 liberatum;

2185 2882 2252 2938 de
2280 2880 2600 2937 idololatria
2643 2879 2767 2950 igne
2793 2878 3121 2950 profugisse.
3161 2879 3326 2934 Aram
3369 2895 3592 2952 quoque
3620 2884 3775 2952 quia.

2187 2974 2438 3030 similiter
2470 2981 2524 3031 et
2549 2974 2665 3045 ipse
2695 2973 2869 3044 ignem
2902 2973 3128 3028 adorare
3151 2973 3339 3039 nollet,
3364 2974 3420 3029 in
3442 2974 3570 3046 igne
3593 2974 3756 3030 Chal-

2027 3063 2081 3109 ς’
2111 3086 2151 3140 (ς
2185 3067 2421 3122 daorum
2444 3067 2678 3137 positum
2707 3066 2957 3121 incendio
2977 3071 3356 3135 consumptum
3379 3064 3574 3121 fuisse.
3595 3064 3773 3120 Hanc'

2184 3159 2529 3215 traditionem
2546 3157 2903 3231 Hieronymus
2934 3157 3092 3213 modo
3108 3159 3321 3212 vocavit
3348 3172 3556 3216 veram.
3587 3157 3750 3213 modo

2185 3250 2443 3305 fabulam.
2475 3247 2678 3303 Paulus
2711 3238 3004 3319 Burgensis
3042 3248 3356 3303 testimonio
3387 3246 3566 3303 Rabbi
3598 3248 3749 3321 Moy-

2184 3339 2261 3395 sis
2299 3339 2666 3392 liberationem
2702 3337 2933 3393 Abrahae
2973 3336 3065 3392 Dei
3103 3337 3367 3393 beneficio
3398 3338 3748 3394 subsecutam

2184 3430 2259 3483 ita
2283 3438 2503 3484 enarrat
2534 3449 2547 3485 :
2584 3428 2754 3484 Rabbi
2800 3430 2976 3501 itaque
3005 3428 3213 3500 Moyses
3258 3430 3312 3483 in
3340 3431 3473 3483 libro
3496 3430 3578 3485 De
3607 3430 3751 3486 dirc-

2182 3522 2349 3576 ctione
2368 3522 2751 3592 perplexorum,
2789 3523 2884 3588 ait,
2916 3523 2970 3576 in
2994 3520 3219 3593 quodam
3249 3521 3381 3577 libro
3417 3521 3482 3576 de
3514 3524 3748 3593 agricul-

2185 3620 2303 3666 tura
2334 3612 2655 3684 IEgyptiaca
2698 3615 2932 3678 narrari,
2964 3614 3218 3685 insignem
3245 3614 3522 3683 quemdam
3556 3617 3746 3683 virum,

2183 3705 2388 3759 nomine
2416 3705 2703 3771 Abraham,
2736 3706 2938 3777 publice
2975 3706 3290 3776 disceptasse
3319 3723 3435 3760 cum
3480 3707 3751 3762 idolorum

2183 3791 2489 3857 cultoribus,
2508 3794 2848 3863 affirmantem
2873 3811 2974 3848 non
3001 3811 3111 3849 esse
3136 3798 3303 3865 ignem
3319 3812 3414 3866 pro
3439 3795 3550 3850 Deo
3574 3799 3745 3852 colen-

2182 3879 2307 3932 dum
2331 3895 2350 3933 :
2380 3882 2597 3935 veritum
2625 3892 2797 3936 autem
2841 3900 3028 3959 regem,
3062 3901 3123 3937 ne
3162 3902 3261 3939 sua
3296 3885 3388 3939 ille
3426 3889 3753 3942 auctoritate

2183 3981 2232 4024 et
2260 3972 2495 4027 oratione
2521 3974 2768 4043 populum
2790 3974 2853 4028 ab
2876 3975 2968 4028 illo
2992 3976 3136 4029 cultu
3167 3986 3437 4043 averteret,
3457 3978 3753 4034 detrusisse

2186 4078 2301 4115 eum
2352 4064 2407 4116 in
2458 4079 2758 4118 carcerem:
2793 4075 2841 4119 et
2886 4065 3167 4134 spoliatum
3213 4069 3359 4122 bonis
3403 4068 3639 4122 omnibus
3679 4084 3771 4122 ex

2187 4154 2329 4205 omni
2354 4152 2549 4208 ditione
2578 4172 2675 4208 sua
2722 4160 3116 4211 exterminasse.
3165 4157 3342 4213 Causa
3383 4174 3509 4214 vero
3543 4160 3745 4213 mortis

2187 4242 2372 4309 Aram,
2405 4260 2524 4313 qua
2551 4246 2639 4299 hic
2679 4249 2989 4316 exponitur,
3025 4257 3079 4303 et
3116 4250 3297 4304 verior
3318 4258 3371 4305 et
3410 4248 3781 4314 probabilior?

2189 4336 2318 4390 mihi
2347 4336 2581 4393 videtur.
2614 4339 2819 4408 lnjuste
2850 4340 2993 4393 enim
3017 4356 3138 4394 cmn
3171 4341 3333 4395 Aram
3369 4351 3552 4395 actum
3575 4347 3749 4397 esset.

523 4436 579 4484 et
604 4438 860 4500 tanquam
902 4432 1182 4500 sapientia
1222 4433 1369 4497 belli,
1413 4436 1719 4505 artiumque
1757 4435 1969 4504 peritis,
2014 4436 2082 4490 ad
2113 4436 2157 4488 D
2187 4425 2231 4479 εί
2264 4439 2363 4494 PFO
2392 4440 2522 4479 Vero
2565 4425 2656 4480 υθί
2687 4428 2833 4480 Cllllu
2873 4429 3038 4482 vitam
3063 4430 3312 4484 hostibus
3343 4428 3437 4483 Dei
3486 4430 3601 4499 igni
3639 4439 3756 4481 tra-

522 4511 742 4579 virtutis
771 4523 1020 4593 gloriam,
1059 4533 1114 4579 ct
1143 4526 1525 4581 beneliciorum
1559 4527 1867 4583 memoriam
1894 4526 2084 4597 imagi-

526 4632 646 4681 nes,
672 4618 988 4680 simulacra,
1013 4618 1402 4689 columnasque
1427 4621 1761 4688 exstruebat,
1792 4620 1937 4691 quod
1959 4634 2083 4674 cum

524 4724 634 4762 non
670 4708 1031 4779 intelligerent
1057 4710 1280 4774 posteri,
1313 4720 1520 4766 statuas
1547 4712 1668 4767 illas
1692 4711 1962 4767 inanimas
1983 4726 2083 4766 ceu

525 4799 657 4855 deos
692 4800 1000 4865 coluerunt,
1033 4808 1085 4854 et
1124 4801 1394 4871 sculptilia
1424 4802 1737 4868 adorarunt,
1754 4801 2087 4857 veneraban-

525 4898 615 4945 tur
640 4906 732 4946 eos
774 4900 1030 4961 tanquam
1062 4892 1284 4949 numina
1315 4908 1453 4962 quos
1486 4900 1678 4948 statua
1723 4894 1828 4948 illa
1857 4893 2085 4949 simulae

525 4997 728 5052 eraque
751 4983 1231 5051 reprasentabant.
1267 4985 1398 5038 Inde
1423 4984 1766 5054 peregrinum
1795 4982 1861 5037 ad
1882 4984 2087 5039 cultum

525 5074 776 5128 homines
798 5071 1086 5137 deflexere,
1118 5089 1397 5144 novosque
1422 5075 1559 5129 alios
1590 5075 1642 5128 iu
1677 5074 1794 5130 dies
1813 5075 2088 5144 excogita-

524 5173 676 5227 l'unl,
704 5178 843 5235 quos
863 5164 1178 5219 adorarent.
1202 5166 1279 5219 ita
1311 5167 1528 5232 Suidas,
1552 5166 1907 5238 Epiphanius,
1934 5168 2090 5222 Chro-

526 5258 679 5311 nicon
712 5255 1154 5320 Alexandrinum,
1190 5257 1486 5318 Manasses.
1517 5269 1571 5314 et
1601 5258 1715 5317 alii.

595 5351 757 5413 lbid.,
783 5351 880 5404 lin.
906 5349 997 5406 27.
1029 5348 1239 5419 Ναχὼρ
1261 5349 1329 5403 δὲ
1343 5352 1652 5422 ἐγέννησε.
1678 5350 1887 5407 Hebrai
1909 5351 1964 5406 in
1988 5350 2091 5405 Be-
2111 5392 2136 5415 ,

527 5444 683 5496 rescit
713 5442 981 5498 aﬂirmant
1021 5441 1220 5505 Thare,
1256 5446 1600 5511 statuarium,
1630 5444 1899 5498 idolorum
1940 5443 2090 5497 ﬁcto-

528 5547 663 5599 rem,
691 5542 744 5587 et
768 5535 1128 5591 venditorem.
1160 5534 1361 5592 Eadem
1392 5536 1554 5590 habet
1589 5543 1644 5590 et
1670 5536 2089 5604 Christophorus

529 5621 839 5689 patriarcha
873 5624 1302 5691 Alexandrinus,
1345 5628 1623 5683 oratione:
1661 5628 1777 5680 Τίνι
1817 5626 2091 5697 ὁμοιοῦται

530 5712 561 5764 ὁ
592 5710 927 5784 ἀνθρώπινος
974 5715 1123 5784 βίος;
1172 5718 1278 5770 Καὶ
1333 5719 1439 5788 γὰρ
1471 5721 1555 5774 ὅτε
1602 5719 1843 5790 ὠργίσθη
1887 5722 1914 5772 ὁ
1962 5717 2091 5795 Θεὸς

2186 4516 2415 4570 dendam
2449 4518 2812 4573 committeret
2852 4521 3097 4590 exemplo
3125 4521 3320 4576 ductus
3357 4521 3619 4587 Abraha,
3652 4537 3755 4577 nec

2188 4614 2367 4661 tamen
2398 4621 2428 4661 a
2462 4607 2696 4665 ﬂammis
2717 4609 2824 4664 illis
2855 4609 3199 4666 liberaretur.
3227 4611 3403 4677 Dices,
3434 4611 3562 4667 ideo
3596 4613 3753 4666 illum

2187 4698 2598 4767 inﬂammatum,
2628 4701 2755 4771 quia
2777 4701 2967 4757 doloso
2990 4703 3169 4757 animo
3195 4718 3295 4760 nec
3319 4720 3445 4760 vere
3464 4706 3559 4774 pio
3584 4706 3755 4760 simili
3776 4739 3781 4742 -

2187 4793 2429 4860 periculo
2462 4808 2521 4848 se
2552 4793 2822 4864 opposuit.
2858 4792 2992 4859 Quis
3042 4794 3101 4849 in
3140 4803 3249 4849 tam
3292 4798 3507 4866 urgenti
3550 4805 3606 4851 et
3638 4798 3781 4852 cvi--

2187 4884 2333 4938 denti
2364 4884 2602 4952 periculo
2634 4884 2802 4957 libere
2843 4900 2902 4941 se
2945 4901 3220 4957 exponens
3259 4895 3447 4941 contra
3491 4887 3688 4951 Deum,
3720 4904 3751 4941 α

2189 4992 2297 5045 quo
2326 4977 2583 5030 auxilium
2618 4989 2779 5031 omne
2806 4985 3105 5046 exspectat,
3132 4979 3275 5033 malo
3312 4978 3498 5034 animo
3529 4980 3752 5049 ageret?

2189 5067 2303 5122 Hoc
2331 5083 2460 5123 sane
2481 5075 2625 5124 esset
2651 5068 2707 5122 in
2734 5070 2890 5123 suum
2913 5076 3077 5138 caput
3097 5070 3294 5124 malum
3326 5079 3672 5136 convertam,
3696 5079 3750 5126 et

2189 5162 2422 5230 pugione
2450 5160 2553 5215 sibi
2585 5168 2808 5217 mortem
2837 5161 3176 5217 manifestam
3211 5164 3571 5217 consciscere.
3768 5167 3774 5171 ’

2257 5252 2414 5317 lhid.,
2447 5255 2542 5309 lin.
2575 5252 2663 5308 34.
2698 5253 2967 5323 Γαμοῦσι
2996 5254 3064 5307 δὲ
3105 5255 3229 5321 τάς.
3273 5255 3505 5322 Quidam
3554 5258 3747 5313 existi.

2189 5354 2408 5399 marunt
2456 5345 2645 5400 Saram
2682 5363 2925 5403 sororem
2956 5348 3125 5403 fuisse
3149 5348 3380 5405 Abrahae
3408 5352 3599 5406 eadem
3636 5366 3748 5407 ma-

2189 5446 2275 5517 tre
2324 5438 2619 5510 eodemque
2656 5448 2810 5511 patre
2854 5442 3107 5510 genitam.
3140 5443 3392 5499 Clemens
3430 5443 3748 5499 Alexandri-

2191 5539 2318 5595 nus,
2364 5531 2460 5587 lib.
2508 5546 2547 5587 ιι
2593 5531 2827 5598 Strom.,
2859 5532 3170 5604 Caietanus,
3205 5533 3391 5597 Sotus,
3446 5536 3543 5589 lib.
3576 5552 3622 5590 τι
3670 5533 3750 5589 De

2185 5624 2399 5694 justitia
2418 5634 2473 5679 et
2491 5625 2614 5693 jure
2631 5666 2646 5691 ,
2666 5625 3023 5698 Hieronymus
3042 5627 3435 5681 Traditionibus
3464 5628 3519 5680 in
3535 5626 3751 5688 Cenes"

2195 5714 2444 5788 ridentur
2460 5716 2639 5786 aliquo
2656 5716 2813 5772 modo
2832 5718 2953 5772 huic
2968 5717 3208 5789 opinioni
3227 5716 3401 5771 aﬂinia
3416 5710 3620 5772 dicere.
3644 5716 3771 5769 Alit
