4008 6208
301 223 437 281 1013

1336 230 1401 286 IN
1434 232 1807 291 EUSTATHII
1843 234 2314 293 HEKAEIIEBON
2344 239 2571 296 ΝΟΤᾸΞ.

3368 244 3504 301 1014

293 342 484 398 dicunt
512 358 637 398 cum
679 353 867 401 nostro
920 338 1202 404 testantia
1248 348 1437 405 Saram
1485 351 1652 408 fuisse
1696 352 1858 407 ﬁliam

1964 356 2178 428 Πατέρα
2193 358 2298 411 τῶν
2313 357 2446 411 ὅλων
2460 358 2687 429 ἡγητέον
2702 357 3060 430 προσηνέχθαι
3084 360 3191 423 τοῖς
3207 359 3310 429 πρὸ
3332 361 3363 429 ἡ
3370 360 3502 431 μῶν.

293 435 455 488 Aram
492 434 682 492 fratris
714 436 963 505 Abrahae,
994 453 1285 511 veramque
1317 457 1558 498 sororem
1591 443 1711 499 Lot.
1748 444 1852 498 Ha-

294 527 387 581 bet
424 526 787 598 Augustinus,
819 530 918 584 lib.
957 546 1072 585 nu
1118 533 1376 588 Adversus
1416 533 1696 599 Faustum,
1732 548 1852 604 cap.

293 620 399 685 55;
434 617 654 689 Joseph.
700 622 794 679 lib.
842 638 861 676 1
902 622 1105 695 Antiq.,
1139 634 1193 681 et
1229 625 1539 682 Gennadius
1581 624 1771 681 Calen.
1801 628 1855 679 in

295 706 479 764 Cenes.
507 727 524 764 :
571 711 821 783 Ἀϐραὰμ
849 712 926 777 δὲ,
961 716 1115 785 φησὶ,
1159 717 1251 769 καὶ
1284 715 1485 788 Ναχὼρ
1518 716 1701 771 ἔλαϐον
1739 718 1859 771 ιῖεοιυ⁸

290 799 406 859 τοῖς
452 800 746 866 γυναῖκας’
804 800 895 853 καὶ
939 797 1007 872 ἦν
1059 802 1225 874 ὄνομα
1264 808 1330 876 τῇ
1369 807 1585 874 γυναικὶ
1634 806 1731 877 μὲν
1765 807 1857 861 τοῦ

305 885 558 957 Ἀϐραὰμ
598 888 766 962 Σάρα,
799 889 892 942 τοῦ
934 890 1133 962 Ναχὼρ
1185 892 1242 945 δὲ
1276 896 1341 964 τῇ
1377 893 1598 962 γυναικὶ⁹
1644 894 1853 964 Μελχὰ,

291 979 419 1048 ῆτις
438 974 506 1050 ἦν
537 979 778 1053 θυγάτηρ
807 982 899 1036 καὶ
935 982 1070 1054 αὐτὴ
1103 983 1197 1037 τοῦ
1242 985 1474 1056 Ἀρῤάμ.
1508 985 1582 1039 Ού
1616 986 1773 1057 μόνον
1802 986 1856 1039 δὲ

292 1070 407 1142 ἄρα
445 1072 626 1143 πατὴρ
652 1068 719 1144 ῆν
751 1074 781 1127 6
824 1073 1037 1146 Ἀῤῥάμ
1072 1075 1169 1146 τῆς
1199 1075 1437 1147 Μελχᾶς,
1476 1075 1613 1129 ἀλλὰ
1642 1076 1859 1146 καὶτῆς

307 1165 504 1235 Ἰεσχά.
536 1167 694 1220 ’Ὥστε
736 1167 893 1238 δῆλον
924 1170 1112 1241 ὅτιπερ
1142 1171 1171 1223 δ
1198 1187 1257 1223 τε
1300 1170 1547 1243 Ἀϐραὰμ
1576 1172 1665 1225 καὶ
1688 1174 1716 1225 6
1746 1171 1849 1223 Να-

294 1254 436 1327 χὼρ,
460 1255 610 1322 ὄντες
631 1260 733 1312 υἱοὶ
759 1260 855 1330 μὲν
881 1260 975 1314 τοῦ
1007 1261 1214 1333 Θάρῤα,
1248 1260 1340 1316 τοῦ
1377 1263 1434 1316 δὲ
1475 1262 1686 1335 Ἀρῤἀμ
1716 1262 1860 1316 ἀδελ-

294 1345 413 1417 φοὶ,
448 1346 746 1421 θυγατέρας
770 1350 861 1404 τοῦ
890 1352 1117 1422 ἀδελφοῦ
1154 1354 1331 1407 αὐτῶν
1359 1353 1451 1407 τοῦ
1501 1354 1730 1426 Ἀῤῥὰμ,
1768 1354 1861 1407 καὶ

292 1438 535 1508 ἀδελφὰς
578 1440 714 1513 πρὸς
760 1442 933 1513 γάμον
979 1445 1285 1521 ἠγάγοντο..
1309 1446 1406 1516 τὴν
1440 1445 1660 1516 Μελχὰν
1709 1446 1804 1516 μὲν
1835 1447 1863 1498 6

292 1530 523 1602 Ναχὼρ,
563 1534 591 1585 6
629 1532 685 1585 δὲ
735 1534 981 1607 Ἀϐραὰμ
1023 1536 1120 1608 τὴν
1162 1537 1363 1609 Σάραν.
1413 1536 1641 1592 Dubium
1682 1544 1859 1591 tamen

1956 449 2074 502 Ἔτι
2096 448 2202 521 γὰρ
2223 452 2251 503 6
2263 450 2462 521 κόσμος
2477 450 2574 506 ἀνθ
2583 448 2770 521 ρώπων
2788 450 3099 522 ἀπλήρωτος
3113 449 3206 517 ῶν,
3223 451 3297 514 ὡς
3321 453 3509 522 νήπιος

1950 533 2039 608 ἧν,
2067 540 2161 592 καὶ
2186 542 2350 612 ὲχρῆν
2376 539 2536 592 αὐτὸν
2570 540 2650 602 είς
2690 539 2886 610 πλῆθος
2923 539 3182 610 πρότερον
3210 541 3274 611 ὲκ
3307 540 3507 593 τούτων

1952 627 2288 699 ἀνδρωθέντα
2322 628 2706 699 πληθυνθῆναι.
2750 628 2886 681 Ἀλλ’
2926 629 3013 681 ὅτε
3049 627 3231 682 λοιπὸν
3269 628 3374 682 ἀπὸ
3412 645 3508 680 πε-

1959 717 2131 786 ράτων
2164 719 2255 770 ἐπὶ
2278 718 2489 789 πέρατα
2516 717 2844 790 κατῳκίσθη,
2875 719 2974 788 τῆς
2990 718 3398 790 ἀνθρωπότητος
3432 719 3509 793 είς

1956 808 2175 878 ἄπειρον
2207 810 2529 880 κεχυμένης,
2555 810 2738 864 οὐκέτι
2764 813 2876 873 τοῖς
2904 810 3083 875 αὐτοῖς
3117 810 3389 880 ἐπιμένειν
3421 808 3508 861 τὸν

1957 897 2236 971 ἄνθρωπον
2271 900 2564 971 ἐπέτρεπεν
2586 904 2614 954 6
2644 900 2795 967 Θεὸς,
2826 898 3037 954 σκοπῶν
3056 900 3200 963 ὅπως
3225 897 3333 951 ἀπὸ
3350 897 3508 950 τῶνδε

1957 984 2036 1047 εἰς
2081 984 2204 1038 τάδε
2256 987 2661 1055 μεταϐαίνοντες
2710 987 3085 1059 πλησιαίτερον
3136 986 3507 1059 προκόπτωσιν

1959 1074 2207 1147 ἔρχεσθαι
2220 1077 2326 1130 τῶν
2340 1078 2598 1150 οὐρανῶν,
2627 1079 2812 1150 μέχρις
2830 1078 2914 1143 ἂν,
2935 1079 3013 1141 είς
3037 1077 3163 1131 αὐτὸ
3182 1077 3242 1129 τὸ
3259 1075 3509 1147 μέγιστον

1963 1167 2187 1238 μάθημα
2223 1169 2317 1222 καὶ
2363 1170 2780 1242 κορυφαιότατον
2803 1170 2897 1239 τὴν
2944 1168 3232 1241 παρθενίαν
3272 1169 3500 1239 φθάσαν·

1960 1275 2067 1322 τες,
2098 1258 2469 1326 τελειωθῶσιν,
2510 1261 2617 1313 ἀπὸ
2650 1261 2744 1331 τῆς
2790 1261 3163 1333 ἀδελφομιξίας
3200 1263 3511 1326 ὁδεύσαντες

1960 1349 2173 1420 πρῶτον
2206 1352 2285 1414 είς
2304 1352 2363 1403 τὸ
2396 1351 2605 1414 ὀθνείας
2645 1352 2938 1420 ἐπάγεσθαι
2969 1352 3227 1423 γαμετὰς,
3265 1352 3511 1406 κάκεῖθεν

1959 1443 2036 1504 είς
2060 1441 2119 1493 τὸ
2147 1442 2341 1512 μηκέτι
2372 1442 2587 1506 πολλαῖς
2636 1442 2930 1496 ἐπιϐαίνειν
2973 1442 3307 1514 τετραπόδων
3344 1443 3509 1513 νόμῳ,

1961 1530 2207 1605 καθάπερ
2232 1534 2311 1597 εἰς
2343 1534 2526 1603 ὀχείαν
2556 1537 2842 1604 γεγονότας
2864 1576 2877 1600 ,
2907 1532 3196 1589 κάντεῦθεν
3238 1536 3315 1599 είς
3354 1535 3412 1588 τὸ
3438 1536 3511 1606 μὴ

295 1622 480 1678 adhuc
503 1634 747 1680 remanet
774 1642 804 1680 a
826 1636 1017 1684 nostro
1039 1628 1322 1685 Eustathio
1351 1635 1762 1699 pertractatum,
1790 1642 1859 1682 an

1965 1625 2181 1694 μοιχοὺς
2202 1625 2500 1693 γεγονέναι,
2527 1627 2618 1678 καὶ
2643 1623 2708 1680 αὖ
2740 1628 2895 1681 πάλιν
2925 1629 3004 1691 είς
3037 1627 3401 1700 σωφροσύνην,
3421 1628 3515 1680 καὶ

295 1716 559 1771 videlicet
597 1718 909 1790 coniugium
947 1721 1281 1791 temporibus
1324 1698 1431 1777 illis
1458 1720 1621 1777 fuerit
1655 1720 1861 1775 licitum

1964 1716 2065 1769 ἀπὸ
2106 1716 2449 1788 σωφροσύνης
2490 1719 2568 1782 είς
2604 1718 2926 1790 παρθενίαν,
2963 1719 3088 1772 ἔνθα
3129 1698 3515 1791 μελετήσαντες

295 1803 445 1862 inter
465 1805 663 1863 fratres
685 1815 738 1863 et
756 1823 1009 1877 sorores;
1051 1808 1671 1881 dissolvitAugustinus,
1687 1809 1784 1864 lib.
1802 1809 1858 1864 d.

293 1904 355 1952 et
386 1912 477 1962 xv,
508 1895 582 1951 De
613 1897 820 1965 civitate
846 1897 966 1964 Dei,
998 1912 1119 1969 cap.
1158 1899 1245 1967 l6,
1282 1900 1371 1970 qui
1407 1899 1481 1953 ait
1521 1899 1629 1956 tale
1676 1900 1861 1970 conju-

291 1990 451 2061 gium
478 2005 586 2045 non
609 1989 779 2047 fuisse
805 1991 945 2061 apud
973 1992 1171 2062 probos
1203 1992 1351 2048 viros
1375 1993 1429 2047 in
1460 2007 1584 2058 usu,
1615 2006 1716 2046 uec
1743 1992 1862 2046 lici-

293 2090 452 2148 tum;
500 2096 602 2137 nec
640 2080 959 2138 adversatur
1004 2091 1193 2138 nostro
1234 2081 1544 2149 Eustathio,
1591 2080 1685 2151 qui
1730 2072 1862 2136 dicit

295 2171 505 2228 similia
536 2173 883 2228 matrimonia
913 2181 1042 2228 tunc
1072 2174 1336 2245 temporis
1357 2174 1527 2240 licita,
1551 2186 1651 2227 nec
1677 2170 1864 2241 prohi-

294 2262 416 2317 bita
439 2259 641 2330 fuisse;
675 2277 850 2334 neque
886 2264 1028 2319 enim
1069 2263 1136 2320 de
1178 2262 1437 2319 fratribus
1481 2270 1536 2318 et
1582 2262 1862 2318 sororibus

295 2353 496 2410 iisdem
523 2360 676 2423 patre
700 2362 754 2409 et
774 2359 947 2411 matre
971 2354 1170 2427 genitis
1201 2355 1583 2425 intelligendus
1606 2361 1709 2419 est,
1733 2369 1864 2425 prae-

295 2448 391 2497 ter
428 2457 542 2498 rem
589 2443 734 2498 enim
773 2451 828 2499 et
885 2445 1349 2515 exspectationem
1396 2443 1689 2509 dubitaret,
1739 2459 1861 2498 cum

295 2532 592 2589 manifeste
640 2535 891 2605 superius
917 2536 1248 2592 declarasset
1279 2534 1469 2590 Saram
1498 2534 1668 2591 fuisse
1699 2534 1861 2589 filiam

295 2624 493 2689 Aram,
546 2640 789 2682 sororem
832 2626 934 2683 Lot
979 2643 1140 2698 quam
1192 2629 1247 2682 in
1302 2642 1525 2683 uxorem
1584 2635 1864 2697 acceperat

292 2715 601 2782 Abraham,
636 2725 691 2773 et
726 2733 835 2774 non
868 2734 1109 2774 sororem
1143 2734 1452 2791 germanam
1482 2758 1497 2784 ,
1532 2718 1626 2774 sed
1655 2725 1862 2772 tantum

295 2808 374 2863 de
393 2810 639 2876 sororiis,
672 2809 787 2865 sive
814 2810 883 2865 de
913 2809 1039 2865 ﬁliis
1062 2810 1314 2874 fratrum,
1338 2818 1391 2863 et
1422 2824 1691 2873 sororum,
1718 2809 1861 2879 quod

294 2899 619 2972 conjugium
650 2902 724 2957 ait
752 2911 877 2957 ante
902 2900 1196 2957 Mosaicam
1230 2901 1400 2972 legem
1444 2899 1615 2955 fuisse
1653 2900 1705 2953 in
1737 2914 1860 2964 usu,

1958 1809 2055 1879 τῆς
2090 1806 2286 1879 σαρκὸς
2323 1810 2695 1882 ὑπερφρονεῖν,
2726 1814 2801 1874 είς
2843 1812 2931 1866 τὸν
2973 1811 3064 1882 τῆς
3094 1810 3398 1881 ἀφθαρσίας
3430 1808 3517 1862 εῦ-

1959 1900 2066 1953 διον
2109 1900 2326 1969 ἀφόϐως
2356 1901 2667 1972 ὁρμίζονται
2699 1902 2891 1976 χῶρον.
2922 1904 2984 1955 Εἰ
3017 1902 3071 1955 δέ
3114 1920 3197 1965 τις
3223 1901 3297 1967 ὡς
3342 1902 3518 1972 ἀμάρέ

1958 2008 2118 2064 τυρον
2148 1993 2255 2046 τῶν
2286 1993 2517 2064 Γραφῶν
2550 1995 2893 2049 αἰτιάσασθαι
2935 1995 3191 2066 τολμήσει
3224 1994 3313 2047 τὸν
3340 1993 3517 2061 λόγον,

1961 2084 2089 2154 φέρε
2120 2082 2205 2156 δὴ,
2236 2083 2567 2156 παραθέντες
2609 2086 2703 2141 καὶ
2728 2088 2794 2140 τὰ
2826 2085 2932 2141 τῶν
2972 2085 3281 2158 προφητῶν,
3321 2083 3515 2154 ἀληθέ-

1962 2192 2125 2247 στερα
2169 2175 2365 2246 μᾶλλον
2393 2176 2740 2248 ἀποδείξομεν
2778 2178 2847 2231 τὰ
2884 2176 3273 2249 προειρημένα.
3309 2176 3367 2229 '0
3388 2174 3517 2244 γοῦν

1974 2264 2220 2336 Ἀϐραὰμ
2257 2264 2469 2337 πρῶτος
2504 2266 2561 2319 ὲν
2587 2265 2817 2339 διαθήκῃ
2859 2266 2957 2339 τὴν
2990 2264 3286 2339 περιτομὴν
3316 2264 3517 2327 λαϐὼν,

1960 2355 2109 2408 οὐδὲν
2133 2355 2314 2428 ἕτερον
2348 2355 2677 2410 αἰνίσσεσθαι
2714 2357 2859 2409 δοκεῖ
2905 2356 2963 2409 τὸ
2992 2359 3205 2420 οίκεῖον,
3236 2354 3518 2426 περιστελ-

1960 2449 2178 2520 λόμενος
2198 2450 2298 2519 τῆς
2326 2450 2524 2522 σαρκὸς
2554 2449 2740 2503 ἑαυτοῦ
2775 2448 2932 2521 μέλος
2962 2449 2995 2520 ἢ
3026 2447 3201 2513 τοῦτο,
3231 2448 3292 2501 τὸ
3324 2448 3520 2519 μηκέτι

1958 2540 2028 2594 τὰ
2054 2543 2117 2594 ἐκ
2157 2542 2249 2596 τοῦ
2288 2542 2450 2596 αὐτοῦ
2494 2542 2801 2613 σπέρματος
2832 2541 3297 2613 δημιουργηθέντα
3340 2541 3520 2595 παιδο·

1962 2635 2200 2703 σπορεῖν,
2240 2634 2347 2685 ἀπὸ
2387 2634 2481 2704 τῆς
2534 2633 2666 2698 ίδίας
2705 2632 2934 2687 ἕκαστον
2981 2633 3244 2688 διδάσκων
3288 2632 3520 2704 ἀδελφῆς

1960 2717 2047 2777 οἶα
2086 2724 2284 2794 σαρκὸς
2332 2723 2653 2795 ἀποτέμνειν
2685 2723 2783 2795 τὴν
2812 2723 2952 2777 κατὰ
2988 2724 3268 2777 συνουσίαν
3310 2724 3519 2795 ἡδονήν,

1964 2816 2121 2868 Ὥστε
2153 2815 2214 2868 τὺ
2236 2814 2570 2885 πλησιάζειν,
2598 2816 2690 2868 καὶ
2714 2814 2960 2886 ὁμεύνοις
2984 2815 3215 2887 χρῆσθαι
3234 2817 3351 2879 ταῖς
3374 2832 3521 2884 σφων

1962 2904 2211 2975 ἀδελφαῖς
2251 2906 2357 2959 ἀπὸ
2405 2906 2511 2959 τῶν
2546 2905 2638 2960 τοῦ
2694 2904 2942 2978 Ἀϐραὰμ
2976 2906 3247 2960 πέπαυται
3297 2906 3521 2977 καιρῶν.

296 2999 360 3045 et
390 3000 685 3062 receptum.
716 2992 977 3059 Quamvis
1008 2993 1164 3046 multi
1199 2993 1327 3085 item
1357 2991 1617 3085 putarint,
1647 2999 1863 3085 propter
1890 3028 1932 3085 ο
1963 2998 2036 3050 Τὸ
2074 2998 2131 3050 δὲ
2166 2998 2441 3052 πλειόνων.
2479 2996 2544 3050 Et
2572 2996 2781 3068 reliqua
2819 3012 2938 3068 quae
2982 2996 3233 3053 Marcella
3262 2997 3519 3053 eruditis-

298 3085 583 3140 hominum
614 3087 938 3156 paucitatem
970 3086 1024 3141 in
1055 3084 1276 3141 exordio
1305 3083 1493 3140 mundi
1518 3082 1686 3140 fuisse
1710 3090 1762 3138 et
1789 3082 1861 3136 al-

297 3182 481 3228 terum
532 3174 843 3245 coniugium
905 3174 1145 3238 licitum,
1212 3184 1265 3229 et
1318 3173 1652 3244 temporibus
1705 3172 1866 3226 etiam

296 3266 554 3321 Abrahae.
575 3266 704 3333 Quae
719 3266 986 3322 sententia
1006 3266 1168 3322 etiam
1184 3282 1249 3321 ex
1272 3266 1455 3320 verbis
1480 3264 1721 3320 auctoris
1742 3262 1867 3317 elici

298 3370 505 3432 potest,
535 3362 649 3434 qui,
677 3363 823 3417 nulla
850 3363 1030 3418 habita
1050 3362 1536 3433 consanguinitatis
1563 3361 1674 3415 sive
1697 3357 1862 3412 aflini-

301 3453 434 3508 tatis
462 3454 695 3519 ratione,
730 3452 990 3509 fratribus
1012 3461 1067 3509 et
1088 3453 1370 3509 sororibus
1401 3454 1476 3506 ait
1502 3452 1709 3507 alterna
1738 3465 1871 3505 con-

301 3545 453 3616 iugia
506 3553 630 3601 ante
682 3547 851 3617 legem
900 3546 1192 3602 Mosaicam
1249 3545 1418 3601 fuisse
1466 3545 1634 3600 licita.
1689 3543 1867 3600 Testis

302 3652 454 3690 unus
488 3651 597 3706 prae
623 3637 876 3692 omnibus
909 3635 1213 3691 Methodius
1237 3636 1526 3707 episcopus
1560 3647 1613 3689 et
1640 3645 1865 3707 martyr,

302 3727 362 3781 in
399 3728 640 3782 Convivia
668 3728 841 3783 decem
884 3728 1164 3797 virginum,
1193 3728 1350 3798 cujus
1398 3728 1576 3794 verba,
1607 3727 1732 3798 quia
1760 3726 1870 3782 ele—

301 3820 627 3893 gantissima
650 3828 778 3876 sunt
810 3828 863 3877 et
893 3822 1132 3877 nondum
1171 3821 1315 3891 quod
1348 3822 1516 3876 sciam
1548 3821 1689 3891 typis
1714 3835 1867 3874 man-

303 3909 459 3973 data,
483 3927 589 3966 non
618 3912 883 3983 gravabor
909 3912 997 3968 hic
1022 3911 1331 3967 ascribere:
1360 3910 1585 3982 Μεγάλη
1614 3910 1721 3983 γὰρ
1741 3910 1869 3982 ἀλη-

304 4003 417 4067 θῶς
454 4004 723 4077 ὑπερϐολὴ
756 4005 818 4058 τὺ
849 4004 945 4076 τῆς
982 4005 1278 4076 παρθενίας
1310 4003 1613 4075 ἀνθρώποις
1662 4003 1753 4055 ἀπ’
1781 4001 1869 4054 ού-

305 4097 489 4168 ρανῶν
531 4097 885 4168 κατεπέμφθη
932 4098 1113 4168 φυτόν.
1147 4096 1258 4151 Καὶ
1276 4096 1362 4149 διὰ
1385 4094 1541 4148 τοῦτο
1559 4096 1676 4158 ταῖς
1722 4091 1868 4165 πρώ-

303 4205 429 4253 ταις
464 4189 561 4241 ούκ
586 4189 941 4260 ἀπεκαλύφθη
975 4192 1204 4258 γενεαῖς.
1244 4188 1363 4240 Ἔτι
1391 4187 1497 4259 γὰρ
1534 4189 1562 4240 6
1589 4184 1867 4257 ἄνθρωπος

305 4280 580 4349 ὀλιγοστὸς
622 4277 710 4352 ἦν,
758 4282 850 4334 καὶ
894 4281 1057 4351 ἐχρῆν
1090 4282 1168 4343 είς
1213 4278 1413 4348 πλῆθος
1464 4277 1675 4349 πρῶτον
1706 4275 1865 4328 αὑτὸν

1967 3086 2102 3141 sime
2130 3086 2286 3140 simul
2324 3095 2379 3141 et
2411 3086 2811 3156 elegantissime
2838 3088 3218 3159 prosequitur;
3259 3105 3379 3160 qua:
3413 3086 3520 3144 Deo

1966 3176 2125 3231 dante
2140 3193 2246 3230 una
2265 3192 2387 3232 cum
2405 3178 2627 3249 reliquis
2641 3179 2787 3234 brevi
2802 3179 3023 3234 utilitati
3039 3180 3266 3250 publicae
3279 3179 3519 3235 edemus.

1966 3266 2229 3322 Omnibus
2262 3275 2425 3323 notus
2441 3276 2525 3323 est
2544 3283 2660 3324 mos
2677 3267 2989 3334 Persarum,
3008 3271 3101 3339 qui
3135 3284 3259 3323 cum
3287 3271 3517 3341 parenti-

1967 3359 2068 3413 bus
2085 3359 2485 3424 miscebantur;
2509 3359 2575 3414 de
2608 3360 2807 3430 quibus
2830 3360 2919 3415 hic
2950 3360 3131 3416 dicere
3169 3363 3519 3431 supersedeo.

2034 3449 2152 3505 Col.
2187 3448 2308 3517 760,
2325 3450 2418 3506 lin.
2448 3451 2536 3506 45.
2570 3451 2631 3504 '0
2646 3450 2714 3504 δὲ
2729 3450 3246 3522 OdpﬁaJosephus,
3278 3452 3519 3524 Antiqui-

1969 3549 2065 3598 tat.
2086 3543 2177 3598 lib.
2197 3559 2235 3609 1,
2255 3558 2373 3613 cap.
2393 3543 2423 3595 7
2447 3543 2687 3616 εΘόιρρου
2718 3544 2774 3597 δὲ
2808 3546 3130 3615 μισήσαντος
3146 3544 3241 3616 τὴν
3258 3544 3521 3609 Χαλδαίαν

1966 3634 2052 3688 διὰ
2080 3635 2141 3687 τὸ
2182 3634 2405 3706 Ἀράνου
2433 3633 2644 3701 πένθος,
2673 3634 3063 3705 μετοικίζονται
3088 3636 3284 3700 πάντες
3313 3637 3392 3699 είς
3420 3636 3517 3715 χώο

1969 3744 2068 3797 ραν
2108 3727 2204 3798 τῆς
2248 3726 2666 3798 Μεσοποταμίας
2686 3744 2699 3757 ·
2744 3728 2876 3780 ὅπου
2919 3727 2983 3799 δὴ
3024 3728 3234 3801 Θάρῤον
3276 3728 3519 3803 τελευτής

1970 3833 2134 3872 σαντα
2162 3816 2472 3883 θάπτουσιν,
2504 3816 2599 3888 ἐτη
2627 3818 2898 3888 βιώσαντα
2932 3818 3091 3872 πέντε
3122 3820 3216 3873 καὶ
3260 3818 3520 3873 διακόσια.

2035 3907 2194 3971 lbid.,
2246 3908 2341 3962 lin.
2391 3909 2477 3964 48.
2513 3910 2759 3962 "Extare
2788 3908 2892 3978 γὰρ
2925 3907 3057 3963 τῶν.
3088 3907 3375 3979 Iosephus.
3420 3909 3475 3969 ib
3507 3928 3518 3963 :

1968 4000 2333 4070 Συνετέτμητο
2358 3999 2466 4071 γὰρ
2493 4000 2592 4072 ἤδη
2625 4003 2735 4063 τοῖς
2767 3999 3068 4070 ἀνθρώποις
3113 4001 3228 4055 κατ’
3259 4000 3432 4068 ὀλίγον
3466 4001 3521 4053 τὸ

1967 4089 2085 4162 ζῇν,
2116 4092 2207 4143 καὶ
2239 4089 2567 4161 βραχύτερον
2599 4090 2811 4159 ἐγένετο
2850 4092 3008 4162 μέχρι
3048 4092 3145 4162 τῆς
3172 4093 3412 4156 Μωσέως
3436 4109 3521 4160 γε-

1966 4184 2182 4247 νέσεως,
2219 4182 2331 4252 μεθ’
2358 4183 2414 4235 ὃν
2440 4184 2561 4253 ὅρος
2590 4178 2656 4254 ἦν
2683 4182 2775 4235 τοῦ
2807 4180 2903 4254 ζῇν
2927 4183 3116 4236 ἑκατὸν
3140 4183 3231 4254 ἔτη
3263 4184 3395 4255 πρὸς
3415 4186 3523 4247 τοῖς
3552 4178 3555 4185 “

1968 4276 2157 4339 εἴκοσι,
2204 4274 2354 4329 ταῦθ’
2405 4276 2682 4345 ὁρίσαντος
2731 4274 2822 4328 τοῦ
2855 4275 3008 4341 Θεοῦ,
3051 4276 3149 4329 ὅσα
3194 4276 3287 4329 καὶ
3325 4275 3523 4345 Μωσῆν

304 4376 623 4447 αὐξήσαντα
672 4373 1033 4444 τελειωθῆναι.
1084 4373 1173 4425 Διὸ
1212 4372 1275 4444 δὴ
1314 4373 1407 4425 καὶ⁸
1452 4370 1549 4433 τὰς
1603 4368 1864 4439 σφετέρας

1973 4368 2169 4439 συνέϐη
2202 4366 2406 4437 βιῶναι.
2443 4366 2578 4422 Vide
2612 4368 3054 4423 dissertationem
3095 4367 3352 4438 Gasparis
3394 4366 3522 4420 Dor-

304 4468 542 4537 ἀδελφὰς
567 4470 616 4521 oi
655 4466 871 4519 παλαιοὶ⁵
917 4465 1279 4536 λαμϐάνοντες
1318 4465 1577 4533 γυναῖκας
1622 4461 1769 4514 οὐδὲν
1803 4455 1869 4531 ἦν

302 4562 571 4635 ἀπρεπὲς,
605 4560 763 4631 μέχρι
790 4560 949 4630 νόμος
975 4556 1142 4612 ὲλθὼν
1157 4556 1499 4618 διεστείλατο,
1526 4553 1619 4608 καὶ
1643 4553 1700 4606 τὸ
1724 4550 1871 4622 πρῶ-

302 4670 402 4706 τον
430 4650 618 4705 δοκοῦν
654 4646 791 4702 εἶναι
831 4649 990 4703 καλὸν
1031 4646 1411 4718 ἀπαγορεύσας
1454 4643 1723 4715 ἁμαρτίαν
1770 4643 1871 4695 άπ-

303 4746 568 4815 εφήνατο,
588 4744 990 4814 ὲπικατάρατον
1011 4741 1188 4796 καλῶν
1201 4741 1290 4793 τὸν
1307 4737 1753 4793 ἀποκαλύπτοντα
1773 4736 1870 4807 τὴν

302 4832 693 4903 ἀσχημοσύνην
721 4832 818 4902 τῆς
855 4831 1085 4902 ἀδελφῆς
1104 4829 1289 4893 αὐτοῦ,
1317 4827 1408 4882 τοῦ
1435 4827 1567 4881 Θεοῦ
1602 4826 1739 4880 κατὰ
1756 4844 1871 4880 και-

304 4926 405 4997 ρὸν
431 4925 524 4976 καὶ
549 4923 737 4995 καιρὸν
760 4924 857 4995 τὴν
886 4923 1225 4995 ἁρμόζουσαν
1245 4920 1397 4992 ήμῶν
1426 4919 1502 4990 τῷ
1530 4919 1673 4987 γένει
1715 4936 1871 4974 σπου-

301 5017 475 5072 δαίων
508 5017 906 5089 προσφέροντος
953 5015 1220 5087 βοήθειαν,
1254 5013 1440 5084 ῶσπερ
1470 5012 1532 5083 δὴ
1563 5013 1657 5065 καὶ
1690 5014 1739 5065 οί
1770 5028 1872 5063 παο

304 5111 466 5181 τέρες
489 5112 599 5173 τοῖς
630 5110 785 5173 υίοίς.
820 5110 893 5162 Οὐ
922 5107 1030 5179 γὰρ
1057 5106 1253 5169 εὐθέως
1291 5106 1493 5159 ἄνωθεν
1524 5104 1869 5157 ἑπιστατοῦσι

303 5203 437 5266 τοὺς
465 5203 860 5271 παιδαγωγοὺς,
890 5201 1024 5254 ἀλλὰ
1049 5200 1148 5270 τὴν
1170 5199 1421 5270 παιδικὴν
1457 5198 1668 5269 ἠλικίαν
1685 5199 1871 5251 ἐάσαν-

302 5309 404 5356 τες
432 5291 726 5363 άθύρεσθαι
756 5291 1067 5364 ,μοσχαρίων
1085 5290 1259 5361 δίκην,
1285 5288 1497 5361 πρῶτον
1528 5291 1606 5351 είς
1626 5288 1872 5342 διδασκά-

304 5382 421 5437 λων
462 5380 920 5452 συμψελλιζόντων
954 5378 1386 5442 ἀποστέλλουσιν,
1426 5378 1532 5432 ἔστ’
1573 5378 1637 5433 ἂν
1669 5377 1871 5431 ἀποϐα-

305 5474 493 5537 λόντες
537 5475 635 5544 τὴν
692 5471 1016 5545 μειρακιώδη
1054 5470 1209 5543 τρίχα
1250 5470 1341 5525 τοῦ
1372 5470 1485 5531 νοῦ,
1533 5473 1609 5534 είς
1647 5470 1741 5541 τὴν
1765 5470 1870 5523 τῶν

311 5564 573 5635 μειζόνων
598 5557 825 5635 ἄσκησιν
855 5560 1313 5635 παραπεμφθῶσι,
1349 5564 1597 5616 κάκεῖθεν
1618 5559 1770 5625 αὖθις
1793 5563 1871 5625 είς

308 5658 411 5727 τὴν
444 5656 550 5708 τῶν
584 5654 663 5709 ἔτι
693 5656 963 5726 μειζόνων.
990 5654 1168 5725 Ταύτῃ
1208 5654 1313 5726 γὰρ
1348 5655 1438 5706 καὶ
1474 5653 1560 5707 τὸν
1606 5654 1735 5705 Θεὸν
1780 5654 1870 5707 καὶ

1972 4459 2097 4514 navi
2124 4459 2191 4515 de
2220 4460 2401 4515 causis
2431 4459 2787 4526 longmvitatis
2816 4469 3028 4530 patrum
3060 4458 3523 4530 primigeniorum,

1971 4554 2059 4607 cui
2093 4550 2283 4608 titulus
2314 4551 2621 4607 Mathusata
2660 4554 2830 4608 vivax.

2041 4644 2199 4709 lbid.,
2225 4646 2321 4700 lin.
2354 4645 2443 4701 55.
2491 4646 2735 4715 Ἀϐραὰμ
2764 4645 2831 4699 δὲ
2862 4649 2913 4700 ό.
2956 4644 3155 4699 Eadem
3185 4644 3345 4699 habet
3376 4640 3525 4697 Iose-

1971 4736 2112 4807 phus
2135 4736 2312 4806 Antiq.
2345 4736 2439 4790 lib.
2467 4751 2505 4799 ι,
2536 4750 2656 4805 cap.
2683 4736 2737 4800 8,
2767 4744 2821 4790 et
2841 4734 3043 4798 subdit,
3068 4732 3326 4788 Berosum
3356 4732 3526 4789 Abra-

1970 4827 2116 4882 hami
2136 4827 2299 4881 tacito
2330 4826 2548 4882 nomine
2567 4827 2899 4882 meminisse.
2925 4825 3230 4881 Hecataeum
3254 4824 3399 4879 illius
3418 4838 3526 4885 non

1971 4919 2284 4974 meminisse
2322 4920 2516 4983 obiter,
2556 4918 2650 4973 sed
2683 4918 2822 4974 libro
2860 4917 2927 4973 de
2968 4933 3032 4973 eo
3071 4918 3405 4987 conscripto,
3440 4931 3528 4971 res

1970 5014 2090 5083 ejus
2120 5013 2422 5082 posteritati
2454 5010 2885 5075 commendasse,
2916 5026 3015 5065 nec
3038 5026 3147 5065 non
3169 5017 3221 5065 et
3246 5008 3526 5063 Nicolaum

1974 5101 2363 5159 Damascenum
2392 5105 2446 5158 in
2471 5120 2522 5157 Iv
2549 5104 2907 5159 Historiarum
2944 5121 2960 5157 :
2991 5101 3331 5173 Μνημονεύει
3356 5102 3410 5155 δὲ
3434 5100 3526 5160 ⁴τοῦ

1973 5196 2172 5267 πατρὸς
2219 5196 2373 5267 ἡμῶν
2424 5195 2696 5267 Ἀϐράμου
2747 5196 3033 5267 Βηρωσσὺς
3078 5195 3177 5247 ούκ
3228 5192 3526 5263 ὀνομάζων,

1970 5286 2138 5354 λέγων
2163 5286 2363 5351 οὕτως’
2399 5286 2550 5341 Μετὰ
2586 5287 2642 5340 δὲ
2680 5286 2767 5341 τὸν
2802 5285 3176 5356 κατακλυσμὸν
3208 5284 3408 5357 δεκάτῃ
3436 5300 3529 5351 γε-

1971 5379 2063 5447 νεᾷ
2095 5377 2241 5446 παρὰ
2280 5377 2561 5441 Χαλδαίοις
2594 5395 2675 5441 τις
2707 5373 2773 5449 ἦν
2797 5376 2999 5439 δίκαιος
3040 5375 3175 5448 ἀνὴρ
3207 5376 3396 5447 μέγας,
3439 5374 3530 5428 καὶ

1970 5467 2036 5520 τὰ
2063 5468 2283 5539 ούράνια
2326 5468 2599 5541 ἔμπειρος.
2636 5469 2914 5530 Ἑκαταῖος
2955 5468 3009 5520 δὲ
3040 5469 3131 5521 καὶ
3154 5467 3245 5520 τοῦ
3293 5466 3531 5538 μνησθῆς

1971 5578 2057 5613 ναι
2093 5560 2249 5613 πλέον
2270 5578 2321 5614 τι
2354 5560 2648 5632 πεποίηκε·
2687 5560 2885 5629 βιϐλίον
2930 5560 3036 5632 γάρ
3069 5558 3195 5631 περὶ
3227 5556 3388 5612 αὑτοῦ
3414 5576 3532 5613 συν-

1975 5652 2264 5723 ταξάμενος
2315 5653 2585 5707 κατέλιπε.
2623 5652 2879 5716 Νικόλαος
2911 5652 2965 5706 δὲ
3008 5654 3033 5705 ὁ
3076 5651 3428 5723 Δαμασκηνὸς
3474 5652 3533 5711 έν
