3968 6914
473 263 612 321 1015

1792 255 2034 315 ιεοΝιε
2069 256 2338 313 ΑιιΑΤιι

3541 260 3681 316 1016

469 384 535 452 τῇ
567 385 802 454 τετάρτῃ
845 378 962 432 τῶν
1002 374 1296 448 Ἰστοριῶν
1323 377 1468 446 λέγει
1503 376 1703 441 οὕτως’
1759 377 2028 450 Ἀϐράμης

2134 387 2338 449 posset,
2367 375 2570 439 verbis,
2599 374 2859 446 exemplis
2905 375 3134 445 aliisque
3162 374 3469 431 actionibus
3501 376 3568 431 ad
3593 394 3689 434 ve-

471 470 783 525 ὲϐασίλευσε
830 467 1117 539 Δαμασκοῦ
1165 467 1366 540 ἔπηλυς
1411 469 1506 522 σὺν
1539 467 1751 540 στρατῷ
1794 469 2028 542 ἀφιγμέ-

472 580 581 628 νος,
605 568 746 627 etc.;
778 567 832 616 et
855 559 1161 617 Alexander
1193 558 1500 630 Polyhistor
1540 561 1681 631 apud
1711 559 2028 630 Eusebium,

473 654 549 709 De
577 651 958 722 praeparatione
985 649 1302 722 Evangetica
1347 651 1441 706 lib.
1479 666 1556 715 ιι,
1594 667 1662 706 ex
1700 650 2028 722 Eupolemo:

468 741 680 814 ¹Δεκάτῃ
711 741 766 794 δὲ
797 743 959 812 γενεᾷ
988 759 1148 812 φησιν
1177 743 1234 794 ὲν
1263 741 1412 794 πόλει
1433 742 1530 812 τῆς
1555 741 1892 806 Βαϐυλωνίας
1913 743 2031 795 Κα-

475 833 695 906 μαρίνῃ,
735 833 801 904 ῆν
837 851 987 898 τινας
1025 832 1202 900 λέγειν
1237 832 1387 890 πόλιν
1417 831 1638 904 Οὐρίην,
1663 829 1814 902 ξεῖναι
1841 832 1899 888 δὲ
1937 850 2032 904 με-

471 925 942 998 θερμηνευομένην
988 924 1267 980 Χαλδαίων
1310 925 1482 989 πόλιν,
1521 928 1577 979 ἐν
1612 926 2030 999 τρισκαιδεκάτῃ

470 1017 722 1086 γενέσθαι
759 1017 1004 1088 Ἀϐραὰμ
1033 1017 1212 1088 γενεᾷ,
1240 1018 1486 1089 εὐγενείᾳ
1517 1017 1611 1070 καὶ
1641 1018 1800 1090 σοφίᾳ
1824 1018 2030 1082 πάντας

477 1107 907 1178 ὑπερϐεϐηκότα,
939 1107 998 1160 ὃν
1035 1107 1098 1179 δὴ
1126 1109 1216 1161 καὶ
1256 1106 1350 1178 τὴν
1382 1107 1732 1179 ἀστρολογίαν
1761 1109 1854 1162 καὶ
1890 1109 2032 1162 Χαλ-

471 1192 662 1266 δαῖκὴν
703 1195 903 1266 εὑρεῖν,
951 1195 1041 1249 ἐπί
1075 1212 1136 1250 τε
1173 1196 1270 1267 τὴν
1299 1195 1575 1250 εὐσέϐειαν
1601 1198 1913 1270 ὁρμήσαντα
1941 1199 2031 1252 εὐ-

473 1286 770 1357 αρεστῆσαι
796 1287 872 1357 τῷ
909 1287 1048 1358 Θεῷ.
1083 1287 1280 1340 Τοῦτον
1316 1287 1392 1352 δὲ,
1421 1287 1509 1342 διὰ
1537 1289 1606 1343 τά
1643 1291 2032 1362 προστάγματα

472 1379 566 1432 τοῦ
596 1379 728 1434 Θεοῦ
760 1382 838 1444 είς
873 1380 1120 1452 Φοινίκην
1165 1382 1382 1436 ἐλθόντα
1413 1384 1750 1454 κατοικῆσαι,
1791 1386 1883 1438 καί⁷
1911 1402 2034 1457 τρο-

475 1471 584 1533 πάς
614 1471 759 1542 ἡλίου
781 1472 873 1524 καὶ
901 1472 1148 1543 σελήνης,
1175 1475 1266 1526 καὶ
1297 1475 1364 1528 τά
1387 1474 1518 1528 ἄλλα
1548 1475 1720 1528 πάντα
1753 1476 2032 1541 διδάξαντα

471 1566 598 1626 τοὺς
617 1562 884 1627 Φοίνικας,
909 1564 1265 1636 εὐαρεστῆσαι
1297 1566 1373 1636 τῶ
1402 1567 1606 1637 βασιλεί
1627 1569 1820 1621 αὐτῶν.

543 1653 662 1708 Col.
704 1654 825 1717 761,
857 1654 953 1708 lin.
994 1655 1044 1708 1.
1072 1657 1266 1722 Μόνος
1298 1653 1494 1723 οὗτος.
1527 1657 1778 1712 Consona
1800 1656 2032 1728 Josepho

477 1746 732 1817 leguntur
757 1748 900 1818 apud
935 1748 1156 1802 Suidam
1184 1749 1250 1804 de
1286 1750 1615 1814 Ahrahamo,
1649 1761 1702 1805 et
1741 1749 2034 1806 Eusebium

475 1837 528 1889 in
585 1836 759 1907 prima
809 1846 958 1907 parte
1003 1837 1296 1893 Cltt‘onici:
1343 1840 1616 1911 Ἀϐραάμ,
1659 1840 1916 1904 Χαλδαῖος
1962 1839 2036 1894 ὣν

473 1923 534 1974 τὸ
589 1922 776 1992 γένος,
836 1925 936 1996 τὴν
999 1926 1217 1996 πρώτην
1274 1929 1486 1998 ἡλικίαν
1545 1929 1693 2000 παρὰ
1749 1929 2036 1993 Χαλδαίοις

475 2013 704 2084 ἐτράφη,
740 2015 833 2067 καὶ
862 2015 958 2085 τῆς
986 2019 1112 2086 παρ’
1145 2020 1326 2082 αὐτοῖς
1352 2019 1704 2090 ἀστρολογίας
1726 2021 1818 2074 καὶ
1846 2022 2036 2092 λοιπῆς

478 2102 707 2176 μετέσχε
735 2107 942 2176 σοφίας.
987 2109 1250 2182 Θεοφιλὴς
1289 2113 1343 2166 δὲ
1371 2112 1465 2177 ῶν,
1512 2113 1605 2166 καὶ
1635 2117 1747 2178 τοῖς
1779 2116 2036 2186 κτίσμασι

471 2199 500 2248 ὁ
528 2196 614 2250 τὸν
646 2196 768 2250 νοῦν
800 2199 991 2251 ἑαυτοῦ
1025 2200 1098 2272 μὴ
1123 2201 1550 2274 καταδεξάμενος
1577 2205 1732 2257 ἐᾶσαι
1779 2206 2040 2277 ἐνδιατρί-

473 2289 607 2352 ϐειν,
644 2288 756 2341 ἀλλ’
785 2291 877 2342 ἐπὶ
917 2292 1007 2345 τὸν
1041 2293 1417 2364 γενεσιουργὸν
1447 2297 1508 2348 ὲκ
1533 2297 1630 2367 τῆς
1661 2295 1769 2349 τῶν
1809 2298 2038 2367 κτισμά-

472 2398 579 2435 των
610 2382 862 2452 ἀναχθεὶς
893 2384 1174 2455 καλλονῆς,
1203 2385 1347 2449 θείας
1373 2387 1685 2458 ὲλλάμψεως
1707 2386 1931 2459 ἠξιώθη,
1960 2388 2037 2441 ἔτι

472 2469 756 2542 διατρίϐων
791 2475 847 2526 ὲν
867 2476 932 2544 τῇ
963 2475 1198 2545 πατρίδι.
1233 2475 1297 2529 Ει
1329 2478 1619 2533 Africanus
1647 2498 1659 2533 :
1687 2470 1853 2542 Οὗτος
1881 2480 2036 2550 μόνος

471 2561 580 2616 τῶν
610 2563 920 2634 ἁπανταχοῦ
948 2566 1046 2636 τὴν
1068 2567 1159 2619 ἐπὶ
1185 2569 1253 2622 τά
1274 2569 1466 2623 εἴδωλα
1506 2569 1711 2642 πλάνην
1744 2571 2036 2625 νοσούντων

470 2653 560 2707 τὸν
592 2643 764 2726 ἀληθῆ
817 2657 947 2710 Θεὸν
978 2659 1209 2727 ἐπέγνω,
1250 2661 1344 2713 καὶ
1377 2662 1710 2733 Δημιουργὸν
1753 2663 1859 2715 τῶν
1903 2663 2036 2715 ὅλων

471 2745 820 2817 ἀνεκήρυξεν.
861 2747 1032 2804 Judaei
1093 2760 1271 2804 tamen
1309 2754 1552 2806 nonnulli
1608 2754 1828 2807 tradunt
1865 2754 2036 2809 Abra-

472 2837 598 2892 ham
653 2841 1071 2913 quadragesimo
1128 2853 1321 2899 octavo
1377 2845 1550 2899 aetatis
1610 2860 1752 2900 anno
1805 2846 2034 2917 cmpisse

472 2945 769 3000 agnoscere
791 2949 976 2987 verum
1005 2933 1195 3000 Deum,
1233 2951 1554 3008 omnemque
1596 2937 1913 2992 idololatria:
1942 2954 2036 2992 su—

474 3021 845 3088 perstitionem
875 3024 1157 3094 abjecisse,
1184 3026 1346 3082 refert
1377 3027 1755 3084 Genebrardus
1791 3030 1844 3083 in
1868 3029 2032 3083 Chro-

473 3115 609 3169 nico.
648 3113 822 3185 Hujus
883 3120 1160 3173 sententiae
1206 3126 1287 3174 est
1327 3129 1380 3174 et
1421 3120 1666 3175 Andreas
1733 3119 1934 3196 Masius
1976 3122 2027 3174 iu

472 3227 588 3283 cap.
618 3226 751 3266 xxtv
788 3210 985 3276 Iosue;
1021 3229 1120 3266 nec
1153 3215 1220 3267 ab
1250 3229 1312 3269 ea
1330 3214 1579 3269 dissentit
1597 3213 1752 3267 Philo
1780 3216 1915 3284 Περὶ
1950 3215 2032 3269 νό-

476 3321 590 3372 μων
635 3305 914 3376 ὰγράφων,
959 3306 988 3358 ὅ
1026 3307 1171 3358 ἐστιν
1225 3306 1500 3376 Ἀϐραάμ’
1547 3308 1680 3377 Περὶ
1725 3308 2026 3375 γιγάντων·

473 3393 608 3465 Περὶ
633 3395 921 3464 εὐγενείας.
950 3395 1022 3452 De
1044 3397 1377 3466 providentia
1407 3397 1498 3452 Dei
1524 3399 1576 3451 in
1600 3399 1762 3452 rebus
1779 3398 2029 3454 humanis

475 3488 725 3556 superius
754 3488 1015 3542 nonnulla
1041 3489 1296 3552 diximus,
1325 3500 1376 3544 et
1397 3505 1514 3543 eam
1547 3491 1619 3542 ita
1648 3498 1918 3560 patentem
1945 3506 2032 3546 ne-

469 3591 617 3647 gare,
657 3578 802 3644 vani,
829 3579 975 3642 caici,
1010 3581 1365 3651 excordisque
1400 3581 1634 3636 hominis
1662 3590 1766 3647 est,
1803 3582 2032 3652 etquid-

474 3671 557 3726 vis
605 3674 784 3739 potius
832 3671 1212 3742 excogitantis,
1259 3688 1419 3744 quam
1498 3673 1642 3743 quod
1688 3674 1826 3730 ratio
1865 3674 2032 3745 depo-

473 3761 603 3817 suit.

541 3849 700 3910 Ibid.,
731 3849 825 3903 lin.
863 3848 950 3904 11.
983 3849 1134 3918 Πρὸς
1163 3850 1311 3920 γοῦν
1348 3850 1478 3920 τήν.
1510 3849 1798 3922 Josephus,
1847 3854 2023 3923 Antiq.

472 3937 565 4010 lib.
602 3955 617 3992 ι
653 3958 668 3992 :
701 3939 834 3994 Cum
868 3939 1112 4004 videret,
1157 3939 1369 4010 inquit,
1403 3942 1672 3996 Abraham
1695 3983 1709 4006 ,
1743 3943 1887 4011 quod
1917 3945 2026 4000 veri

471 4027 564 4084 Dei
595 4028 798 4084 cultum
826 4029 1002 4098 palam
1031 4036 1083 4084 et
1114 4029 1281 4085 libere
1323 4031 1675 4100 praedicaret,
1721 4033 2024 4098 Chaldzeos,

470 4129 524 4181 et
575 4121 1009 4192 Mesopotamitas
1051 4129 1241 4176 contra
1284 4137 1342 4178 se
1387 4125 1689 4194 insurgere,
1737 4126 2025 4180 consilium

469 4213 738 4284 migrandi
780 4214 975 4282 cmpit,
1019 4223 1073 4268 et
1111 4214 1391 4270 voluntate
1433 4230 1496 4269 ac
1530 4214 1712 4270 favore
1741 4215 1832 4270 Dei
1860 4215 2027 4272 fretus

466 4313 666 4360 terram
713 4304 969 4360 Chanaan
1013 4305 1219 4369 tenuit,
1270 4306 1362 4360 ubi
1407 4307 1628 4361 sedibus
1670 4307 1864 4376 positis
1916 4306 2026 4362 Deo

2136 485 2258 526 rum
2308 470 2463 524 illum
2507 469 2713 524 cultum
2762 467 3091 532 attraheret,
3136 467 3362 538 ideoque
3396 469 3527 523 hinc
3563 469 3690 523 inde

2134 569 2381 632 vagatum
2399 561 2774 616 Chaldaeorum
2794 560 2953 616 urbes
2968 574 3031 616 ac
3048 559 3491 631 Mesopotamiam
3515 560 3690 630 ipsam

2136 653 2556 724 perlustrantem
2582 668 2597 717 ;
2628 666 2751 705 cum
2781 657 2962 706 tamen
2988 659 3215 706 eventus
3243 649 3446 712 studio,
3475 648 3694 705 deside-

2135 742 2324 811 rioque
2349 755 2461 795 non
2491 739 2860 810 responderet,
2889 740 3107 793 anxium
3137 746 3216 794 tot
3242 737 3487 802 labores,
3521 737 3694 794 sudo-

2135 849 2332 904 resque
2362 832 2565 886 frustra
2593 829 2863 900 impendi,
2907 830 2974 885 ad
3011 829 3178 885 Deum
3223 829 3528 886 recurrisse
3550 868 3567 894 ,
3596 830 3691 898 qui

2137 923 2240 992 ipsi
2282 929 2340 976 ut
2387 921 2559 976 exiret
2595 920 2664 975 de
2711 921 2920 990 patria,
2964 928 3018 974 et
3048 920 3114 975 de
3143 920 3464 990 cognatione
3498 919 3689 988 jussit.

2137 1012 2228 1068 Sic
2253 1031 2377 1068 vera
2410 1021 2525 1067 erat
2570 1013 2838 1067 sententia
2873 1011 3169 1076 Eustathii,
3202 1027 3324 1067 eum
3369 1012 3574 1067 exiisse
3625 1012 3694 1065 de

2135 1114 2279 1161 terra
2312 1105 2685 1160 Chaldaeorum
2706 1144 2720 1169 ,
2752 1113 2806 1158 et
2838 1102 3254 1173 Mesopotamia,
3297 1119 3566 1174 omneque
3597 1102 3696 1157 de-

2136 1200 2396 1256 siderium
2435 1199 2502 1252 ad
2543 1213 2606 1253 ea
2648 1197 2767 1252 loca
2805 1196 3107 1252 revertendi
3147 1196 3482 1267 deposuisse.
3507 1195 3695 1263 Quare

2134 1291 2297 1347 verba
2337 1289 2426 1343 illa
2464 1287 2742 1358 Stephani,
2794 1286 2916 1340 Act.
2953 1301 3064 1351 νη,
3113 1287 3274 1341 etiam
3325 1292 3486 1356 atque
3520 1284 3694 1340 etiam

2136 1379 2526 1435 consideranda
2545 1386 2702 1433 sunt:
2725 1377 2857 1432 Deus
2881 1378 3063 1447 gloria’
3085 1377 3326 1445 apparuit
3341 1377 3477 1444 patri
3505 1386 3694 1428 nostra

2137 1472 2381 1530 Abraha’.
2414 1488 2528 1524 rum
2549 1480 2680 1524 esset
2711 1471 2762 1523 in
2797 1467 3194 1531 Mesopotamia,
3225 1469 3372 1536 prius
3397 1484 3552 1536 quam
3584 1483 3698 1520 mo-

2136 1573 2344 1617 raretur
2379 1563 2432 1615 in
2463 1561 2671 1624 Citara,
2717 1571 2764 1614 et
2805 1560 2942 1612 dixit
2988 1560 3055 1611 ad
3089 1559 3272 1611 illum:
3305 1557 3408 1611 Exi
3438 1558 3501 1611 de
3543 1568 3695 1610 terra

2140 1662 2229 1705 tua
2251 1693 2264 1715 ,
2291 1661 2337 1705 et
2367 1651 2428 1704 de
2467 1652 2769 1722 cognatione
2798 1661 2919 1713 tua,
2961 1657 3010 1702 et
3039 1649 3151 1702 teni
3193 1649 3245 1701 in
3292 1658 3481 1702 terram
3527 1664 3694 1716 quam

2068 1738 2106 1792 Β
2137 1754 2488 1798 moustravero
2531 1742 2642 1798 tibi.

2207 1832 2364 1896 Ibid.,
2394 1834 2489 1887 lin.
2525 1833 2608 1887 Η.
2639 1832 2825 1900 Λιμοῦ
2862 1831 2931 1885 δὲ
2979 1832 3437 1896 καταλαϐόντος.
3475 1829 3698 1885 Manas-

2136 1940 2222 1979 ses
2239 1963 2253 1985 ,
2285 1924 2338 1977 itt
2367 1922 2690 1976 Annalibus:

2137 2035 2320 2106 Λιμοῦ
2370 2035 2805 2098 καταλαϐόντος
2853 2033 2960 2103 γὰρ
3008 2032 3122 2102 τὴν
3149 2033 3492 2106 χώραν-,τήν
3532 2035 3700 2086 Χαλ-

2147 2174 2360 2242 Ἀϐρὰμ
2378 2177 2410 2227 o’
2436 2177 2610 2240 θεῖος.
2641 2178 2673 2227 ὀ
2701 2173 2911 2239 πολὺς,
2945 2173 3150 2242 γέγονε
3173 2101 3587 2241 ’

2137 2241 2248 2298 Καὶ
2277 2245 2389 2312 τὴν
2430 2247 2783 2314 συγγένειαν
2819 2241 3029 2306 λιπὼν,
3063 2247 3147 2309 εὶς
3188 2245 3484 2314 Αιγυπτοξ-
3507 2241 3701 2313 μετῆ·

2148 2386 2241 2450 Ὠς
2277 2383 2604 2452 ἀποτρέψαι
2642 2382 2748 2436 τοῦ
2775 2381 2950 2452 λιμοῦ
2987 2383 3099 2450 τὴν
3134 2311 3700 2451 φθαρτικὴθῖρὲρά-

2141 2523 2266 2590 Tqu
2289 2522 2607 2590 ζωαρκέσιν
2629 2523 2894 2592 ἐντυχὼν
2919 2522 3048 2576 ἐκεῖ
3086 2452 3589 2591 δαψιλεστέἓοῗὲῗ

2136 2593 2337 2661 Συνῆν
2371 2593 2421 2646 δ’
2461 2592 2616 2660 αὐτῷ
2654 2593 2750 2648 καὶ
2786 2593 3002 2662 γαμετὴ
3034 2592 3181 2661 πρὸς
3221 2592 3407 2723 (fern?
3433 2595 3699 2729 (ἐζᾚελλο-

3398 2681 3444 2730 μ
3563 2701 3578 2725 9

2134 2732 2329 2801 Σᾰῤῥα
2359 2734 2878 2801 χαριτοπρόσωπος
2907 2733 3002 2786 καὶ
3035 2731 3572 2800 περικαλλεστάτη.

2133 2840 2460 2912 Eupolemus
2495 2842 2636 2912 apud
2665 2843 3030 2896 Alexandrum
3069 2840 3464 2914 Polyhistorcm
3503 2843 3560 2899 in
3587 2843 3700 2900 Eu.

2133 2934 2300 2998 sebiu,
2337 2934 2408 2987 De
2442 2943 2723 3002 prwparat.
2769 2934 2863 2988 lib.
2911 2951 2961 2988 Ix
2992 2953 3007 2990 :
3046 2934 3218 3004 Λιμοῦ
3254 2934 3310 2988 δὲ
3368 2937 3692 3006 γενομένου.

2131 3025 2220 3079 τὸν
2252 3025 2500 3095 Ἀϐραάμ
2558 3025 2930 3096 ἀπαλλαγῆναι
2973 3027 3052 3089 εἰς
3096 3027 3362 3095 Αἴγυπτον
3412 3028 3694 3098 πανοικίᾳ,

2130 3117 2286 3171 κάκεῖ
2330 3121 2616 3182 κατοικεῖν,
2649 3119 2746 3189 τήν
2787 3133 2845 3170 τε
2876 3120 3106 3186 γυναῖκα
3145 3118 3304 3171 αὐτοῦ
3335 3118 3425 3171 τὸν
3467 3119 3696 3189 βασιλέα

2128 3208 2233 3260 τῶν
2264 3208 2569 3276 Αἰγυπτίων
2595 3209 2799 3279 γῆμαι,
2835 3209 3033 3277 φάντος
3063 3209 3227 3261 αὐτοῦ
3260 3209 3495 3279 ἀδελφὴν
3526 3205 3690 3266 εἶναι.

2127 3301 2192 3352 Ει
2213 3301 2516 3370 Artapanus
2537 3320 2548 3352 :
2568 3299 2762 3354 Τοῦτον
2785 3300 2840 3353 δέ
2870 3318 2998 3371 φησι
3026 3302 3273 3373 πανοικίᾳ
3304 3301 3473 3356 ὲλθείν
3499 3304 3580 3365 εἰς
3598 3303 3693 3355 Αῖο

2128 3407 2329 3458 γυπτον
2358 3391 2492 3462 πρὸς
2517 3390 2608 3443 τὸν
2630 3389 2738 3443 τῶν
2765 3391 3072 3459 Αἰγυπτίων
3098 3391 3317 3460 βασιλέα
3343 3391 3689 3465 Φαρεθώνην,

2127 3484 2221 3536 καὶ
2248 3483 2346 3553 τὴν
2386 3485 2740 3554 ἀστρολογίαν
2769 3486 2926 3540 αὐτὸν
2951 3485 3174 3551 διδάξαι.
3206 3485 3472 3539 Μείναντα
3505 3485 3562 3538 δὲ
3591 3486 3690 3554 ἔτη

2127 3575 2243 3626 ἐκεῖ
2275 3576 2467 3638 εἴκοσι,
2501 3575 2659 3629 πάλιν
2691 3577 2769 3640 εἰς
2815 3575 2937 3638 τοὺς
2969 3578 3106 3629 κατά
3144 3577 3339 3648 Συρίαν
3368 3576 3690 3646 ἀπαλλαγῆ-

2126 3683 2212 3720 ναι
2260 3667 2469 3730 τόπους.
2529 3667 2649 3720 Τῶν
2714 3667 2770 3721 δὲ
2835 3666 3007 3738 τούτῳ
3064 3667 3417 3722 συνελθόντων
3457 3668 3689 3732 πολλοὺς

2127 3762 2184 3817 ὲν
2231 3760 2488 3830 Αἰγύπτῳ
2539 3761 2856 3830 καταμεῖναι
2913 3760 2999 3814 διὰ
3057 3763 3154 3833 τὴν
3200 3762 3541 3830 εὐδαιμονίαν
3587 3763 3692 3830 τῆς

2126 3851 2328 3923 χώρας.
2380 3851 2840 3921 Peregrinationis
2872 3851 3104 3908 Abrahae
3146 3854 3423 3907 historiam
3462 3863 3692 3923 pmpter

2128 3943 2321 3998 famem
2372 3945 2440 3999 ab
2489 3960 2554 3999 eo
2604 3954 2903 4016 susceptae,
2951 3954 3005 4000 et
3045 3955 3267 4001 servata:
3295 3960 3325 3998 a
3353 3944 3461 3999 Deo
3497 3946 3688 3999 uxoris

2129 4037 2400 4107 pudicitia:
2443 4046 2636 4106 praeter
2679 4036 2912 4107 Moysem
2949 4044 3354 4107 prosequuntur
3392 4033 3681 4106 Josepbus,

2129 4131 2332 4200 Antiq.,
2360 4128 2455 4184 lib.
2489 4145 2528 4192 t,
2558 4145 2678 4199 (ap.
2712 4129 2744 4182 8
2769 4146 2783 4195 ;
2823 4127 2996 4194 Philo,
3027 4129 3120 4183 lib.
3148 4127 3218 4182 De
3245 4127 3530 4190 Abraham,
3557 4142 3681 4196 qua:

2127 4237 2234 4276 non
2271 4221 2491 4275 minima
2522 4221 2614 4274 lux
2648 4221 2770 4274 huic
2801 4222 2940 4274 loco.

2193 4311 2329 4366 Ibid.
2358 4351 2374 4376 ,
2409 4311 2508 4365 lin.
2538 4311 2624 4364 16.
2677 4313 2782 4364 Καὶ
2813 4312 2955 4377 τοὺς
2991 4311 3363 4380 Αἰγυπτίους.
3389 4307 3685 4380 Iosephus,

468 4396 668 4456 struxit
694 4410 863 4457 aram,
896 4402 949 4448 et
982 4394 1189 4451 hostias
1224 4398 1501 4448 mactavit.
1549 4395 1694 4451 idem
1738 4378 1950 4452 asserit.
1969 4405 2021 4452 et

2132 4402 2301 4472 Autiq.
2333 4403 2427 4456 lib.
2457 4417 2496 4464 t,
2555 4417 2672 4471 cap.
2701 4401 2766 4456 9:
2802 4401 2920 4454 Τῶν
2951 4378 3388 4472 γάρ-Αἰγυπτίων
3410 4378 3688 4472 διαφόροις

465 4487 660 4557 prohat
695 4487 1062 4558 Augustinus,
1096 4484 1172 4546 De
1211 4487 1418 4540 ciuitate
1461 4486 1556 4541 Dei
1605 4487 1696 4543 lib.
1741 4504 2018 4560 xvt,,cap.

468 4577 554 4633 i5.

535 4669 695 4745 ibid.,
727 4671 824 4726 lin.
860 4673 946 4726 13.
978 4672 1086 4726 Καὶ
1107 4670 1374 4735 ἀναστὰς
1394 4667 1636 4722 ἐκεῖθεν.
1665 4669 1737 4722 EX
1770 4668 2018 4724 Chalda’a

463 4778 679 4834 nempe,
706 4771 759 4819 et
786 4763 1190 4835 Mesopotamia,
1218 4763 1551 4832 Augustinus
1581 4770 1782 4825 tamen,
1817 4762 1910 4815 lib.
1933 4779 2019 4815 xvt

461 4853 541 4911 Ile
570 4857 796 4918 civitate,
832 4871 950 4926 cap.
991 4857 1086 4920 15,
1114 4855 1342 4908 affirmat
1383 4853 1653 4907 Abraham
1705 4851 2018 4907 mandatmn

463 4947 558 5002 Dei
611 4947 885 5017 accepisse
932 4963 1055 5001 cum
1084 4947 1195 5014 jam
1231 4943 1578 5000 discessisset
1601 4959 1630 4998 e
1661 4943 1933 5007 Chaldtea,
1965 4951 2020 4998 et

461 5037 518 5092 in
565 5036 948 5107 Mesopotamia
993 5043 1440 5091 commoraretur.
1485 5033 1840 5098 Ambrosius,
1875 5032 2017 5090 lib.t

462 5129 540 5185 De
565 5128 832 5184 Abraham
857 5169 870 5194 ,
906 5144 1026 5198 cap.
1055 5127 1090 5181 2
1115 5145 1128 5193 ;
1156 5124 1357 5181 Paulus
1390 5125 1680 5194 Burgensis
1706 5163 1720 5187 ,
1777 5124 1832 5177 in
1887 5121 2014 5178 Gen.

460 5235 584 5291 cap.
630 5238 738 5288 an,
775 5222 1016 5277 sentiunt
1069 5221 1173 5274 hoc
1213 5224 1537 5289 prteceptum
1584 5215 1660 5268 illi
1710 5213 2016 5283 impositum

461 5311 632 5375 fuisse
668 5314 724 5370 in
766 5315 985 5370 civitate
1020 5312 1240 5367 Haram.
1282 5310 1395 5380 Ego
1428 5316 1608 5363 tamen
1659 5306 2014 5364 existimarim

462 5405 731 5464 Abraham
767 5407 869 5462 hoc
908 5413 1234 5476 praeceptum
1272 5400 1584 5472 accepisse,
1623 5416 1747 5455 cum
1781 5405 1926 5454 esset
1959 5399 2016 5454 in

460 5495 865 5568 Mes0potamia.
906 5514 1005 5553 nec
1031 5497 1176 5554 enim
1211 5495 1428 5550 videtur
1455 5509 1483 5547 a
1508 5493 1721 5548 ratione
1751 5493 2014 5552 alienum,

458 5584 732 5645 Abraham
780 5605 992 5644 summo
1047 5595 1242 5643 conatu
1294 5583 1461 5639 Deum
1519 5583 1866 5654 diligentem,
1910 5583 2014 5638 sibi

462 5679 594 5736 illud
626 5678 880 5751 habuisse
916 5681 1077 5736 fixum
1103 5680 1158 5735 in
1189 5679 1404 5746 animo,
1448 5688 1504 5732 ut
1531 5678 1770 5746 aliquos,
1800 5676 1843 5730 si
1876 5691 2011 5746 quos

2122 4493 2500 4564 ἀρεσκομένων
2534 4492 2677 4546 ἔθεσι
2699 4533 2713 4554 ,
2742 4492 2835 4545 καί
2872 4492 2938 4545 τὰ
2976 4493 3106 4561 παρ’
3139 4491 3387 4560 ἀλλήλοις
3422 4491 3687 4559 ἐκφαυλι-

2123 4583 2321 4647 ζόντων
2346 4581 2568 4652 νόμιμα,
2589 4581 2682 4634 καὶ
2705 4580 2793 4635 διὰ
2823 4580 2980 4634 τοῦτο
2999 4579 3275 4650 δυσμενῶς
3301 4578 3531 4649 ἑχόντων
3547 4573 3688 4649 πρδς

2121 4672 2412 4744 ἀλλήλους,
2453 4669 2742 4742 συμϐαλὼν
2771 4671 2948 4726 αὐτῶν
2979 4672 3257 4735 ἑκάστοις,
3290 4671 3380 4724 καὶ
3406 4669 3683 4723 διαπτύων

2118 4767 2244 4825 τοὺς
2270 4763 2492 4832 λόγους,
2537 4762 2631 4826 οὒς
2680 4760 2959 4816 ἐποιοῦντο
3002 4761 3129 4831 περὶ
3159 4761 3264 4814 τῶν
3309 4759 3453 4814 ἰδίων
3493 4763 3686 4824 κενοὺς

2122 4858 2214 4910 καὶ
2248 4857 2413 4928 μηδὲν
2451 4855 2646 4928 ἀληθὲς
2685 4855 2904 4926 ἔχοντας
2943 4854 3228 4924 ἀπέφαινε.
3255 4851 3390 4910 Vide
3415 4851 3680 4909 Joannem

2120 4946 2586 5018 Chrysostomum,
2619 4947 2766 5000 hom.
2795 4947 2864 5002 '50
2889 4947 2942 5000 in
2971 4945 3154 4999 Cenes.

2189 5039 2348 5102 Ibid.,
2374 5040 2468 5094 lin.
2508 5037 2598 5092 l9.
2628 5039 2739 5091 Καὶ
2766 5037 3148 5106 θαυμασθείς.
3174 5033 3461 5104 Iosephus,
3495 5035 3676 5102 Antiq.

2117 5134 2211 5188 lib.
2230 5149 2269 5195 I,
2298 5147 2418 5201 cap.
2443 5133 2474 5187 9
2495 5149 2509 5186 :
2529 5129 2873 5200 Θαυμασθεὶς
2889 5124 2981 5183 οὖν
3005 5128 3096 5181 ὑπ’
3121 5127 3299 5181 αὐτῶν
3326 5129 3384 5179 ἐν
3411 5129 3533 5189 ταῖς
3556 5143 3682 5178 aw-

2116 5222 2321 5284 ουσίαις
2352 5221 2427 5285 ὼς
2461 5218 2854 5283 συνετώτατος,
2911 5219 3005 5273 καὶ
3040 5217 3209 5280 δεινὸς
3236 5217 3372 5287 ἀνὴρ
3401 5217 3461 5270 οὐ
3490 5218 3679 5287 νοῆσαι

2119 5313 2297 5383 μόνον,
2333 5311 2468 5364 ἀλλά
2501 5311 2596 5363 καὶ
2622 5312 2807 5364 πεῖσαι
2835 5310 3005 5377 λέγων
3036 5309 3161 5380 περί¹
3189 5302 3264 5362 ὧν
3297 5309 3363 5362 ἂν
3395 5311 3681 5379 ἐπιχειρῇ.

2118 5420 2228 5456 σειε
2258 5402 2560 5464 διδάσκειν,
2591 5401 2689 5472 τήν
2729 5418 2788 5454 τε
2823 5401 3192 5473 ἀριθμητικὴν
3240 5401 3426 5463 αὐτοῖς
3459 5400 3677 5471 χαρίζε-

2114 5510 2226 5554 ται,
2247 5493 2343 5547 καὶ
2370 5491 2500 5564 περὶ
2531 5491 2883 5563 ἀστρολογίαν
2913 5492 3257 5563 παραδίδωσι.
3293 5491 3408 5562 Πρὸ
3432 5491 3545 5562 γὰρ
3577 5492 3674 5561 τῆς

2113 5581 2424 5653 Ἀϐραάμου
2467 5582 2767 5652 παρουσίας
2801 5581 3084 5650 Αἰγύπτιοι
3115 5583 3318 5637 τούτων
3358 5577 3504 5652 εἶχον
3532 5583 3673 5653 ἅμα.

2115 5672 2241 5736 θῶς·
2272 5674 2334 5727 ὲκ
2362 5671 2637 5728 Χαλδαίων
2653 5671 2760 5754 γὰρ
2775 5671 2944 5729 ταῦτα
2968 5675 3249 5745 ἐφοίτησεν
3276 5677 3354 5739 εἰς
3379 5675 3654 5744 Αἴγυπτον
