3968 6914
698 114 753 165 ’δ’

520 273 666 335 10Ιῦ

1889 269 2135 329 LEONIS
2171 271 2442 329 ALLATII

3615 272 3762 331 sese

524 397 598 454 sit
627 409 815 451 eorum
854 403 1057 450 certam
1086 395 1353 466 originem
1405 396 1650 467 assequi,
1702 397 1855 453 nulla
1902 411 2092 453 eorum
2122 401 2165 459 Α
2194 398 2382 466 ipsius,
2417 406 2469 451 et
2510 397 2747 466 ﬁliarum
2771 394 2906 464 ejus,
2944 407 2995 447 et
3025 408 3240 447 manum
3279 408 3437 463 egeno
3457 402 3510 446 et
3543 400 3762 463 pauperi

520 487 785 544 memoria
819 486 1134 555 superstite.
1172 485 1315 542 Sunt
1346 486 1463 544 hac
1490 489 1642 546 vices
1673 496 1999 560 temporum,
2023 489 2100 543 lu-

526 580 739 647 dusque
766 586 999 635 naturae.
1047 576 1279 645 Quidam
1311 580 1699 637 existimarunt
1729 578 2033 636 Saracenos
2069 596 2098 635 a

518 668 731 725 Saraca
756 667 892 722 urbe
920 666 1156 732 Arabiae,
1184 684 1311 724 nam
1343 678 1400 725 et
1431 672 1486 726 in
1526 671 1718 737 Ponto,
1751 680 1808 728 et
1835 673 1890 727 in
1929 672 2099 728 Media

527 759 680 814 urbis
711 758 814 814 boc
840 759 1061 814 nomine
1085 761 1227 816 tradi
1255 762 1526 831 reperitur
1567 763 1867 834 appellatos
1902 763 2097 833 fuisse;

522 850 613 904 .vel
645 849 715 905 ah
742 850 880 906 urbe
913 850 1098 916 Sarra,
1122 859 1181 907 ut
1208 851 1532 925 Euthymius
1558 853 1896 927 Zygabenus.
1927 855 2100 923 Quam

523 939 666 996 bene
693 942 907 1012 sapiant
932 942 1210 998 auctorem
1251 945 1428 1015 gentis
1473 960 1586 1001 suae
1640 946 1837 1002 ducent
1868 949 2103 1004 Ammia-

529 1046 657 1095 nus,
686 1030 782 1087 lib.
818 1049 893 1102 ιν,
926 1041 982 1088 et
1015 1033 1077 1087 D.
1104 1033 1469 1107 Hieronymus
1523 1036 1580 1091 in
1614 1036 1736 1092 Vita
1756 1040 1928 1093 sancti
1959 1038 2102 1093 Mal-

529 1129 631 1182 chi.
660 1125 777 1184 Etsi
830 1136 1011 1185 autem
1060 1137 1324 1201 putantur
1380 1129 1637 1187 Saraceni
1698 1135 1920 1206 proprie
1970 1135 2099 1191 dicti

529 1219 739 1276 Arabes
772 1221 808 1275 ii
848 1223 942 1292 qui
968 1223 1249 1279 veteribus
1298 1222 1531 1279 Scenitae
1569 1224 1741 1292 fuere,
1776 1234 1955 1282 tamen
1987 1229 2101 1284 uni-

531 1327 721 1368 versos
749 1312 955 1370 Arabas
988 1330 1110 1372 esse
1153 1314 1456 1373 Saracenos
1504 1318 1815 1375 nominatos
1866 1331 2097 1377 constat.

532 1401 600 1456 Et
636 1405 854 1461 tandem
892 1405 947 1460 in
970 1404 1178 1462 Turcas
1220 1409 1603 1480 degenerasse.
1640 1410 1716 1466 De
1744 1427 1975 1481 quorum
1999 1414 2105 1468 ori-

530 1495 659 1566 gine
706 1493 944 1551 Joannes
1004 1496 1374 1555 Leunclavius
1434 1498 1691 1555 Historia:
1749 1500 2103 1559 Musulmame

532 1587 628 1689 lib.
664 1603 725 1655 ll,
764 1588 1047 1731 lihilippus
1093 1588 1448 1659 Hanivaldus,
1497 1591 1813 1650 Joachimus
1844 1594 2093 1651 Camera-

533 1692 651 1731 nus
678 1688 732 1731 et
756 1679 867 1731 aii.
1730 1704 1733 1705 ν

533 1679 651 1733 rius
678 1688 732 1734 et
756 1679 867 1732 alii.
1730 1704 1733 1705 ν

601 1766 719 1824 Col.
739 1768 864 1835 τοι,
896 1769 992 1823 lin.
1015 1769 1105 1824 29.
1130 1771 1297 1838 ’Ήτις
1320 1774 1593 1841 οὐρανίῳ.
1627 1773 1895 1833 Eusebius
1923 1778 2096 1847 prima
2129 1752 2170 1806 Β

533 1868 688 1933 parte
716 1860 1000 1917 Chronici:
1025 1861 1143 1935 Πῦρ
1167 1864 1308 1918 κατά
1338 1865 1439 1935 τῆς
1482 1868 1871 1934 Πενταπόλεως
1908 1870 2106 1934 ὑετίζει

532 1953 684 2017 θεός.
708 1954 818 2009 Καὶ
846 1954 1124 2009 ἀναλίσκει
1152 1956 1250 2027 μὲν
1283 1956 1340 2022 ἐξ
1368 1957 1538 2027 αὐτῆς
1561 1955 1704 2012 ἅπαν
1733 1959 1794 2012 τὸ
1818 1960 1971 2029 γένος
2000 1959 2107 2014 τῶν

533 2045 858 2118 ἀνθρώπιον,
897 2046 1196 2119 διαφθείρει
1241 2047 1297 2101 δὲ
1335 2048 1428 2102 καὶ
1453 2049 1585 2103 αὐτὸ
1610 2050 1669 2103 τὸ
1697 2051 1982 2123 ἀνάστημα
2010 2053 2107 2124 τῆς

533 2140 639 2210 γῆς
678 2139 770 2192 καὶ
817 2140 915 2210 τῆς
962 2140 1327 2212 προκειμένης
1376 2141 1653 2213 θαλάσσης
1705 2145 1991 2216 νεκροῦται
2038 2147 2108 2201 τὰ

535 2225 724 2293 ὕδατα,
754 2227 1056 2298 Josephus,
1095 2230 1273 2289 Antia.
1311 2230 1407 2286 lib.
1434 2247 1473 2297 ι,
1512 2248 1631 2303 cap.
1668 2234 1735 2290 10
1766 2244 1819 2289 et
1851 2235 1938 2301 l2,
1966 2235 2107 2292 Soli-

532 2331 661 2381 nus,
697 2331 817 2389 cap.
847 2319 956 2374 58:
993 2318 1170 2392 Longo
1206 2320 1271 2374 ab
1300 2319 1678 2395 Hierosolymis
1713 2342 1914 2383 recessu
1940 2317 2106 2383 tristis

533 2409 683 2462 sinus
706 2410 990 2477 panditur;
1012 2428 1161 2481 quem
1186 2411 1249 2465 de
1284 2413 1412 2467 ccelo
1432 2423 1648 2475 tactum,
1675 2424 1897 2470 testatur
1918 2420 2105 2474 humus

533 2498 709 2567 nigra,
726 2500 846 2553 etin
868 2501 1089 2555 cinerem
1105 2502 1299 2558 soluta.
1326 2502 1571 2569 Tacitus,
1595 2505 1740 2561 Hist.
1758 2508 1850 2562 lih.
1870 2525 1922 2563 v:
1949 2509 2105 2564 Haud

533 2585 718 2656 procul
746 2589 865 2643 inde
899 2592 1091 2660 campi,
1114 2608 1243 2663 quos
1271 2592 1445 2662 ferunt
1485 2597 1613 2649 olim
1641 2598 1841 2662 uberes,
1875 2604 2107 2670 magnis-

532 2697 633 2752 que
651 2681 869 2736 urbibus
888 2682 1152 2737 habitatos
1177 2684 1457 2753 fulminum
1464 2686 1619 2756 jactu
1645 2690 1862 2743 arsisse.
1888 2690 2102 2760 Strabo,

532 2773 629 2828 lib.
671 2787 781 2839 xu,
811 2774 1122 2829 incendium
1155 2775 1288 2830 illud
1343 2792 1451 2833 non
1492 2794 1523 2834 e
1567 2782 1728 2846 cmlo,
1770 2784 1864 2840 sed
1892 2801 1925 2841 e
1960 2779 2104 2843 terra

532 2872 861 2931 eructatum,
900 2872 1063 2936 atque
1112 2866 1420 2923 exhalatum
1454 2871 1751 2939 existimat,
1798 2888 1921 2929 cum
1954 2880 2103 2950 regio

533 2955 628 3011 illa
686 2954 843 3028 ignea
893 2957 985 3024 sit,
1016 2974 1252 3031 namque
1305 2960 1362 3016 in
1395 2977 1480 3029 ea,
1507 2972 1563 3019 et
1600 2973 1767 3036 petrae
1806 2979 2102 3028 cernuntur

534 3046 760 3149 adustas,
881 3057 1027 3149 terra
1070 3051 1430 3121 cinerulenta,
1467 3062 1521 3112 et
1570 3073 1700 3113 saxa
1731 3063 1887 3133 quasi
1923 3072 2102 3135 guttas
2131 3090 2173 3149 ο

532 3143 674 3214 picis
731 3143 1014 3210 stillantia,
1048 3160 1113 3200 ac
1163 3147 1381 3203 demum
1430 3151 1623 3221 ingens
1652 3151 1975 3212 ferventium
2043 3176 2107 3217 ac

534 3232 905 3291 sulfurearum
939 3250 1204 3306 aquarum
1243 3240 1422 3310 copia.
1449 3242 1629 3309 Quare
1659 3246 1918 3303 credibile
1954 3249 2044 3316 sit,
2078 3268 2109 3308 e

533 3331 681 3379 terra
709 3326 860 3381 illum
891 3326 1069 3398 ignem
1102 3344 1388 3387 emanasse
1418 3340 1578 3388 terrae
1607 3343 1755 3391 motu
1787 3346 1932 3393 terra
1961 3349 2111 3411 pate-

534 3416 702 3473 facta.
734 3418 841 3472 Τοῦ
867 3419 925 3472 δὲ
956 3419 1199 3492 ἔμπυρον
1231 3423 1329 3494 τὴν
1358 3423 1542 3497 χώραν
1571 3423 1711 3482 εἶναι
1749 3429 1816 3483 τὰ
1857 3430 1992 3486 ἄλλα
2023 3448 2111 3487 τε-

531 3509 745 3580 κμήρια
774 3510 996 3582 φέρουσι
1020 3512 1208 3567 πολλάο
1246 3516 1340 3567 καὶ
1371 3514 1480 3589 γὰρ
1510 3516 1715 3590 πέτρας
1743 3520 1895 3585 τινὰς
1928 3525 2111 3578 ἐπικε-

531 3602 811 3673 καυμένας
867 3603 1167 3658 δεικνύουσι
1220 3608 1478 3678 τραχείας
1524 3611 1650 3683 περὶ
1695 3613 1988 3680 Μοασάδα,
2017 3617 2112 3671 καὶ

534 3696 819 3767 σήραγγας
848 3696 1137 3768 πολλαχοῦ,
1179 3700 1274 3753 καὶ
1306 3703 1410 3772 γῆν
1447 3704 1721 3777 τεφρώδη,
1752 3707 2019 3775 σταγόνας
2051 3726 2110 3762 τε

531 3786 737 3857 πίσσης
768 3789 833 3841 ὲκ
870 3787 1133 3842 λισσάδων
1174 3788 1513 3862 λειϐομένας,
1553 3794 1647 3847 καὶ
1675 3794 1932 3863 δυσώδεις
1979 3798 2112 3871 πόῤ-

536 3878 710 3950 ρωθεν
763 3882 1038 3951 ποταμοὺς
1085 3881 1325 3950 ζέοντας,
1362 3885 1643 3950 κατοικίας
1680 3887 1736 3941 δὲ
1767 3889 2110 3963 ἀνατετραμὲ

536 3970 705 4041 μένας
738 3972 1034 4043 σποράδην,
1065 3972 1206 4027 ὥστε
1251 3975 1525 4030 πιστεύειν
1555 3982 1665 4041 τοῖς
1699 3979 2112 4052 θρυλλουμένοις

535 4062 642 4116 ὑπὸ
681 4062 788 4115 τῶν
819 4064 1121 4135 ἐγχωρίων,
1160 4064 1234 4130 ὡς
1262 4068 1369 4138 ἄρα
1403 4067 1643 4140 ᾠκοῦντό
1671 4087 1801 4124 ποτε
1859 4074 2110 4144 τρισκαί-

530 4152 665 4207 δεκα
704 4154 885 4218 πόλεις
920 4155 1172 4220 ἐνταῦθα,
1199 4150 1272 4211 ὧν
1308 4158 1406 4228 τῆς
1450 4160 1834 4230 μητροπόλεως
1867 4162 2111 4235 Σοδόμων

535 4243 764 4308 σώζοι-ιο
786 4247 984 4310 κύκλος
1009 4248 1273 4321 ἑξήκοντά
1304 4268 1406 4302 που
1443 4252 1692 4317 σταδίων,
1728 4254 1832 4307 ὑπὸ
1874 4255 2111 4326 σεισμῶν

533 4337 630 4389 καὶ
647 4337 1085 4408 ἀναφυτημάτων
1108 4339 1276 4411 πυρὸς
1325 4341 1417 4393 καὶ
1439 4340 1658 4412 θερμῶν
1684 4343 1889 4397 ὑδάτων
1909 4343 2114 4412 ἀσφαλ-

2200 504 2300 542 non
2326 487 2660 559 porrigebant
2674 497 2754 542 :et
2772 488 2985 542 elevata:
2999 495 3142 545 sunt,
3166 484 3459 554 etfeccrttnt
3481 484 3763 538 abomina-

2198 580 2364 635 tiones
2407 595 2587 634 coram
2624 596 2725 647 me,
2756 589 2806 633 et
2853 577 3048 632 abstuli
3092 593 3182 631 eas
3215 578 3356 630 sicut
3394 576 3597 630 vidisti.
3632 574 3765 631 Vide

2198 687 2361 742 super
2401 671 2546 727 hunc
2577 672 2756 725 locum
2785 669 3087 723 Comment.
3120 666 3454 737 Hieronymi.
3486 665 3767 721 Gravissi-

2199 781 2345 820 mum
2398 773 2577 820 autem
2613 771 2896 835 peccatum
2957 761 3080 827 fuit,
3112 762 3257 832 quod
3288 761 3358 817 ab
3390 761 3530 831 ipsis
3564 774 3764 813 nomen

2200 858 2386 923 traxit,
2432 863 2487 912 et
2539 871 2665 912 cum
2731 871 2797 914 eo
2852 855 3171 912 idololatriae
3216 850 3768 926 peccatumJudieet

2198 950 2360 1006 modo
2394 950 2585 1017 lector,
2625 964 2788 1021 quam
2850 964 2989 1004 vana
3041 948 3185 1013 sint,
3223 954 3277 1002 et
3328 946 3539 1008 inania,
3569 958 3701 1014 qua:
3738 958 3767 997 ι

2198 1040 2523 1112 quibusdam
2573 1041 2642 1097 de
2690 1041 2793 1096 hoc
2836 1046 3064 1111 peccato
3097 1038 3405 1103 traduntur,
3435 1037 3572 1091 dum
3620 1036 3770 1090 illius

2192 1132 2461 1202 originem
2514 1130 2582 1187 ad
2630 1131 2998 1187 nobilissimas
3036 1130 3285 1185 nationes
3311 1130 3589 1200 rejiciunt,
3645 1142 3769 1182 cum

2198 1230 2442 1293 tempore
2467 1222 2699 1278 Abrahae
2724 1222 2780 1277 in
2809 1220 3217 1292 Pentapolitana
3245 1220 3335 1275 illa
3364 1219 3592 1291 regione
3624 1218 3773 1288 apud

2199 1315 2397 1385 impios
2426 1314 2549 1370 illos
2577 1313 2826 1370 homines
2856 1322 3229 1384 grassaretur;
3252 1325 3377 1365 cum
3406 1324 3512 1365 nec
3536 1322 3774 1364 accusa-

2201 1414 2379 1461 tarum
2429 1406 2718 1477 regionum.
2763 1403 3025 1461 memoria
3083 1404 3189 1458 ulla
3239 1402 3417 1457 adhuc
3463 1407 3715 1456 exstaret
3758 1417 3772 1453 :

2200 1498 2381 1552 omnia
2408 1497 2553 1553 enim
2594 1496 2809 1552 illarum
2842 1497 3081 1567 gentium
3108 1495 3270 1550 etiam
3303 1493 3553 1549 fabulosa
3595 1489 3779 1546 Sodo-

2200 1590 2389 1644 mitico
2406 1589 2508 1643 illo
2535 1589 2659 1658 igne
2703 1588 3027 1658 posteriora.
3057 1585 3174 1642 Etsi
3212 1600 3401 1641 verum
3433 1582 3595 1638 fateri
3645 1583 3778 1637 licet

2201 1683 2363 1738 etiam
2402 1689 2529 1736 ante
2555 1680 2818 1736 diluvium
2851 1681 3030 1736 scelus
3063 1675 3196 1732 illud
3231 1691 3339 1731 non
3371 1675 3551 1731 solum
3586 1675 3648 1728 in
3679 1674 3779 1727 ho-

2209 1776 2404 1840 mines,
2443 1773 2539 1830 sed
2577 1773 2740 1829 etiam
2788 1773 2847 1828 in
2890 1773 3046 1827 bruta
3078 1771 3133 1825 in
3162 1784 3263 1825 usu
3294 1768 3469 1824 fuisse
3519 1766 3778 1822 scribunt

2206 1872 2481 1928 auctores,
2534 1877 2671 1933 quos
2717 1862 2968 1932 superius
3012 1860 3358 1925 adduximus,
3386 1872 3511 1913 cum
3545 1864 3777 1927 peccata

2205 1957 2278 2011 ob
2308 1970 2429 2027 quae
2453 1962 2601 2011 totus
2629 1962 2897 2009 terrarum
2927 1952 3074 2008 orbis
3102 1966 3366 2023 aquarum
3392 1949 3583 2004 illuvie
3612 1947 3781 2002 obru-

2207 2055 2297 2103 tus
2338 2046 2499 2103 fuerit
2540 2058 3110 2102 commemoraremus.
3146 2042 3444 2097 Barbarum
3487 2054 3629 2111 ergo
3688 2055 3782 2094 ηε»

2207 2137 2539 2209 laudumque
2570 2137 2672 2192 hoc
2700 2134 2915 2191 facinus
2937 2150 2968 2189 a
2996 2133 3246 2189 barbaris
3278 2132 3456 2203 primo
3489 2131 3778 2185 inventum

2207 2229 2262 2285 in
2313 2229 2448 2285 alias
2484 2228 2735 2283 nationes
2774 2226 3029 2282 diffusum
3065 2223 3293 2279 historia
3336 2237 3493 2279 sacra
3548 2220 3782 2275 manife-

2207 2328 2348 2377 stum
2383 2328 2487 2376 est.
2520 2318 2682 2387 Quid,
2708 2320 2938 2390 maligne
2967 2317 3370 2380 morsiculator,
3394 2314 3640 2387 indignis
3670 2314 3782 2369 cri-

2205 2413 2597 2467 minationibus
2650 2411 3018 2467 nobilissimas
3060 2424 3125 2465 ac
3152 2409 3473 2464 innocentes
3524 2409 3784 2464 nationes

2207 2500 2371 2555 livido
2395 2516 2491 2557 ore
2519 2500 2818 2559 mordenda
2845 2499 3107 2556 lacessis?

2274 2591 2435 2658 lbid.,
2465 2592 2565 2647 lin.
2600 2593 2688 2648 51.
2728 2594 2899 2646 ’Ἐστι
2929 2591 3038 2662 γὰρ
3077 2590 3241 2644 ἰδεῖν.
3288 2589 3634 2661 Epitomator
3666 2589 3780 2645 δω-

2206 2685 2373 2756 phani
2416 2685 2483 2741 de
2531 2685 2759 2740 urbibus
2788 2699 2883 2740 eas
2927 2683 3114 2739 decem
3150 2681 3322 2739 fuisse
3350 2682 3453 2747 ait,
3476 2696 3779 2751 earumque

2205 2785 2371 2849 caput
2423 2775 2595 2832 fuisse
2646 2773 2957 2831 Sodomam.
3020 2771 3216 2828 Strabo
3273 2782 3384 2828 tres
3426 2772 3568 2827 alias
3606 2771 3777 2833 addit.

2202 2877 2257 2923 et
2319 2865 2524 2921 fallitur
2591 2867 2647 2920 in
2704 2864 2943 2922 duobus.
2970 2863 3147 2934 primo
3185 2863 3259 2917 .in
3293 2875 3526 2916 numero
3556 2876 3775 2926 earum;

2203 2957 2464 3024 secundo,
2507 2956 2796 3013 Sodomam
2861 2956 2929 3011 ad
3004 2955 3210 3026 aliquot
3285 2953 3461 3009 stadia
3512 2953 3776 3023 integram

2204 3051 2473 3108 mansisse
2532 3069 2545 3105 :
2596 3057 2885 3118 utrumque
2942 3047 3085 3102 enim
3134 3060 3300 3102 sactae
3342 3043 3647 3113 Scriptura;
3693 3059 3777 3097 re-

2209 3147 2432 3210 pugnat.
2487 3137 2592 3193 Alii
2648 3144 2884 3208 quatuor
2929 3136 3099 3193 fuisse
3153 3135 3395 3199 tradunt,
3460 3132 3778 3197 Sodomam,

2208 3227 2591 3291 Gomorrham,
2646 3226 2931 3288 Adamam.
2983 3232 3037 3280 et
3088 3222 3328 3289 Seboim,
3360 3224 3609 3293 quintam
3652 3238 3781 3276 vero

2210 3321 2430 3377 nomine
2470 3319 2656 3374 Balam
2705 3318 3042 3374 destructam
3092 3316 3287 3381 fuisse,
3314 3315 3420 3370 nisi
3449 3313 3596 3369 Deus
3633 3315 3778 3367 illam

2209 3414 2465 3485 precibus
2495 3411 2597 3467 Lot
2626 3412 2921 3466 immunem
2959 3415 3255 3464 servasset.
3314 3406 3587 3477 .loscphus
3617 3405 3712 3459 lib.
3761 3420 3779 3456 ι

2211 3508 2493 3578 Antiquit.,
2522 3506 2649 3562 licet
2689 3504 3025 3560 contrarium
3070 3509 3280 3557 astruat
3318 3502 3415 3556 lib.
3446 3518 3478 3555 ν
3534 3500 3611 3555 De
3645 3499 3784 3555 bello

2209 3599 2437 3655 Iudaico
2470 3613 2592 3670 cap.
2630 3599 2687 3664 5,
2721 3605 2775 3653 et
2819 3596 3175 3669 Hieronymus
3206 3595 3283 3650 De
3314 3595 3441 3649 locis
3481 3594 3780 3649 Hebraicis.

2211 3691 2342 3747 Eam
2372 3706 2503 3746 vero
2532 3690 2908 3746 Theodoretus
2933 3697 3125 3757 quaest.
3157 3688 3226 3743 69
3277 3689 3330 3741 in
3357 3685 3545 3741 Cenes.
3572 3696 3631 3741 et
3657 3683 3786 3739 Sui.

2210 3785 2309 3840 das
2341 3798 2472 3839 voce
2530 3781 2649 3848 Lot,
2696 3789 2821 3853 post
2868 3796 3148 3851 egressum
3202 3780 3301 3834 Lot
3336 3778 3509 3834 fuisse
3565 3778 3788 3833 destru-

2211 3886 2354 3933 ctam
2413 3877 2682 3941 scribunt,
2727 3882 2782 3930 et
2815 3889 3006 3929 omnes
3061 3874 3398 3928 habitatores
3429 3880 3595 3927 terrae
3628 3870 3786 3925 hiatu

2211 3973 2523 4041 absorptos.
2553 3969 2733 4036 Quare
2762 3984 2869 4023 non
2901 3967 3100 4021 mirum
3133 3966 3204 4022 ab
3231 3966 3519 4021 Eustathio
3539 3965 3790 4035 quinque

2211 4065 2492 4120 civitatum
2519 4060 3091 4117 commemorationem
3123 4058 3260 4113 ﬁeri.

2282 4156 2416 4212 Ibid.
2440 4196 2454 4220 ,
2489 4155 2586 4208 lin.
2620 4154 2708 4207 52.
2762 4152 2866 4206 Ἐν
2924 4146 3015 4217 αἶς
3056 4148 3417 4214 βλαστάνει.
3458 4146 3788 4201 Incendium

2213 4248 2343 4303 illud
2372 4247 2534 4302 etiam
2572 4246 2625 4299 in
2660 4244 2855 4297 herbas
2889 4241 3213 4312 plantasque
3240 4240 3459 4294 saevisse
3481 4278 3497 4300 ,
3536 4245 3592 4292 et
3635 4237 3790 4292 miro

2212 4342 2333 4395 illas
2361 4338 2664 4394 sterilitatis
2698 4336 2859 4390 modo
2893 4334 3170 4395 amisisse,
3203 4333 3468 4386 habemus
3506 4346 3573 4385 ex
3608 4331 3787 4385 variis

533 4426 719 4480 τωδῶν
755 4444 815 4481 τε
848 4429 941 4482 καὶ
962 4428 1195 4483 θειωδῶν
1222 4430 1436 4502 ήλίμνη
1469 4433 1752 4502 προπέσοι,
1783 4435 1877 4487 καὶ
1919 4437 2108 4506 πέτραι

2216 4431 2549 4487 auctoribus.
2580 4427 2849 4498 Josephus
2886 4427 2962 4481 De
2994 4427 3129 4480 bello
3159 4424 3393 4478 Iudaico
3445 4423 3545 4478 lib.
3577 4440 3636 4487 ν,
3666 4438 3787 4492 cap.

535 4520 861 4592 πυρίληπτοι
878 4523 1135 4591 γένοιντο,
1152 4525 1292 4577 αἵτε
1314 4525 1495 4589 πόλεις
1520 4528 1574 4580 αἱ
1609 4528 1703 4598 μὲν
1726 4530 2104 4592 καταποθεῖεν,

534 4612 603 4676 ἃς
629 4613 676 4667 δ’
707 4613 1011 4668 ἐκλείποιεν
1039 4615 1090 4667 οἱ
1113 4614 1397 4685 δυνάμενοι
1421 4621 1628 4686 φυγεῖν.
1646 4618 2020 4676 Eratosthenis
2043 4624 2108 4677 de

536 4704 644 4760 hoc
671 4706 860 4760 eodem
890 4706 1160 4761 diversam
1196 4707 1504 4776 Opinionem
1532 4709 1653 4765 vide
1672 4711 1814 4781 apud
1836 4714 2105 4769 eumdem.

603 4796 766 4862 lbid.,
790 4798 890 4851 lin.
919 4799 1007 4852 50.
1031 4800 1109 4851 At‘
1134 4798 1398 4868 ἄδεσμον
1422 4802 1673 4868 παράνο.
1701 4802 2106 4860 Sodomitarum

536 4898 762 4962 peccata
809 4904 921 4943 non
975 4905 1143 4944 unum
1196 4898 1408 4945 tantum
1454 4892 1644 4957 fuisse,
1704 4895 1799 4950 sed
1853 4896 2108 4965 plurima,

536 4997 712 5053 eaque
767 4982 1110 5054 gravissima,
1146 4983 1315 5040 refert
1347 4982 1619 5056 Iosephus
1666 4987 1761 5042 lib.
1816 5003 1832 5041 ι
1883 4988 2108 5059 Antiq.:

544 5075 685 5129 ’Υπὺ
715 5074 780 5147 δὴ
805 5074 993 5128 τοῦτον
1017 5075 1110 5129 τδν
1139 5076 1329 5148 καιρὸν
1363 5080 1411 5131 οἱ
1440 5078 1749 5150 Σοδομῖται,
1774 5079 1986 5151 πλούτῳ
2017 5083 2112 5134 καὶ

539 5164 761 5239 μεγέθει
811 5166 1109 5238 χρημάτων
1159 5168 1642 5240 ὑπερφρονοῦντες,
1674 5170 1754 5235 εἴς
1796 5190 1855 5225 τε
1897 5170 2110 5244 ἀνθρώ-

537 5274 673 5321 πους
726 5252 867 5329 ἦσαν
916 5258 1190 5331 ὑϐρισταὶ,
1214 5259 1307 5312 καὶ
1337 5261 1473 5332 πρὸς
1509 5261 1569 5315 τὸ
1592 5262 1745 5316 Θεῖον
1772 5262 2007 5329 ἀσεϐεῖς,
2038 5264 2109 5328 ὡς

539 5348 738 5420 μηκέτι
783 5351 1088 5423 μεμνῆσθαι
1115 5349 1224 5403 τῶν
1256 5353 1382 5424 παρ’
1420 5351 1584 5406 αὐτοῦ
1619 5355 1923 5425 γενομένων
1971 5356 2113 5425 ὠφε-

536 5434 719 5505 λειῶν,
768 5438 909 5496 εἶναι
947 5442 1237 5513 μισόξενοι,
1268 5444 1363 5496 καὶ
1397 5442 1497 5506 τὰς
1529 5444 1666 5515 πρὸς
1703 5443 1962 5517 ἀλλήλους
1991 5446 2111 5515 ὁμι-

538 5532 656 5596 λίας
692 5534 1075 5607 ἐκτρέπεσθαι.
1098 5534 1165 5589 Et
1213 5536 1356 5590 Deus
1395 5534 1536 5604 apud
1582 5535 1940 5597 Ezechielem,
1990 5551 2109 5605 cap.

542 5641 629 5679 x-vt
662 5644 674 5679 :
711 5625 863 5693 Ecce,
906 5628 1108 5700 inquit,
1158 5628 1267 5683 haec
1295 5628 1395 5698 fuit
1428 5629 1679 5700 iniquitas
1713 5628 1977 5694 Sodomis,
2024 5647 2113 5683 su-

537 5719 741 5804 perbia,
798 5723 1054 5779 saturitas
1107 5721 1279 5791 panis,
1334 5728 1383 5776 et
1431 5721 1798 5789 abundantia,
1839 5719 1889 5777 et
1949 5723 2112 5777 otium

2210 4525 2262 4582 5.:
2292 4523 2502 4593 Γειτνιᾷ
2532 4520 2589 4573 δὲ
2618 4522 2652 4590 ὴ
2686 4519 2960 4591 Σοδομῖτις
2986 4518 3147 4590 αὐτῇ,
3178 4517 3341 4570 πάλαι
3383 4515 3483 4586 μὲν
3512 4516 3789 4585 εὐδαίμων

2208 4616 2280 4686 γῆ
2310 4614 2535 4686 καρπῶν
2558 4630 2617 4666 τε
2649 4614 2812 4666 ἕνεκα
2838 4612 2932 4664 καὶ
2966 4611 3064 4681 τῆς
3089 4609 3216 4680 περὶ
3249 4608 3403 4660 πόλιν
3438 4609 3786 4677 περιουσίας,

2211 4710 2302 4763 νῦν
2333 4710 2387 4762 δὲ
2434 4707 2741 4778 κεκαυμένη
2783 4706 2950 4758 πᾶσα.
2995 4702 3131 4756 Φασὶ
3169 4702 3257 4766 δὲ,
3297 4701 3372 4763 ὡς
3416 4701 3486 4753 δι’
3528 4701 3786 4753 ἀσέϐειαν

2209 4798 2508 4871 οἰκητόρων
2546 4799 2826 4868 κεραυνοῖς
2866 4794 3289 4863 καταφλεγῆναι.
3325 4791 3484 4843 Ἔστι
3530 4789 3671 4857 γοῦν
3711 4792 3786 4841 ἔτι

2210 4893 2436 4963 λείψανα
2456 4890 2551 4944 τοῦ
2577 4890 2721 4943 θείου
2753 4887 2924 4958 πυρὸς
2943 4927 2958 4951 ,
2990 4887 3081 4940 καὶ
3104 4884 3260 4937 πέντε
3293 4883 3389 4952 μὲν
3419 4883 3635 4936 πόλεων
3664 4882 3785 4934 ἰδεῖν

2213 4984 2391 5049 σκιὰς,
2428 4982 2539 5034 ἔστι
2568 4980 2623 5033 δὲ
2661 4981 2762 5033 κάν
2793 4981 2903 5041 τοῖς
2936 4979 3169 5048 καρποῖς
3213 4974 3434 5029 σποδιὰν
3475 4975 3781 5040 ἀναγεννω-

2216 5077 2402 5147 μένην,
2434 5074 2483 5128 οἳ
2516 5074 2683 5146 χρόαν
2731 5072 2827 5142 μὲν
2861 5071 3041 5141 ἔχουσι
3086 5072 3199 5133 τοῖς
3242 5068 3528 5137 ὲδωδὶμοις
3569 5066 3780 5135 ὁμοίαν,

2211 5168 2561 5242 δρεψαμένων
2605 5166 2663 5219 δὲ
2712 5164 2898 5236 χερσὶν
2949 5165 3028 5227 είς
3067 5162 3272 5216 καπνὸν
3325 5159 3641 5212 διαλύονται
3698 5159 3783 5210 ui

2212 5261 2438 5331 τέφραν.
2469 5257 2694 5311 Tacitus
2718 5299 2732 5324 ,
2777 5253 2983 5309 Histor.
3016 5253 3110 5307 lib.
3138 5268 3204 5307 v:
3241 5249 3407 5305 Haud
3450 5249 3642 5318 procul
3671 5248 3783 5301 inde

2213 5351 2414 5419 campi,
2449 5366 2577 5420 quos
2602 5348 2777 5417 ferunt
2808 5346 2935 5400 olim
2960 5344 3140 5399 uberes
3163 5385 3177 5410 ,
3226 5342 3535 5412 magnisque
3564 5338 3783 5393 urbibus

2214 5443 2496 5509 habitatos,
2514 5441 2801 5511 'fulminum
2816 5439 2968 5508 jactu
2990 5438 3208 5501 arsisse,
3236 5446 3287 5490 et
3303 5451 3517 5489 manere
3541 5435 3781 5504 uestigia,

2217 5546 2505 5601 terramque
2525 5534 2688 5602 specie
2710 5531 2967 5586 torridam
2989 5530 3089 5585 vim
3120 5528 3433 5598 frugiferam
3470 5526 3781 5594 perdidisse.

2217 5627 2359 5681 Nam
2389 5636 2575 5681 cuncta
2602 5633 2781 5693 sponte
2805 5623 2969 5689 edita,
3006 5631 3098 5677 aut
3126 5637 3286 5675 manu
3312 5628 3454 5685 suta,
3487 5619 3601 5672 sive
3629 5618 3787 5671 herba

2220 5730 2384 5809 tenus,
2428 5728 2517 5775 aut
2560 5720 2718 5790 ﬂore,
2762 5734 2851 5772 seu
2899 5716 3109 5771 solitam
3141 5716 3196 5770 in
3232 5713 3457 5783 speciem
3490 5708 3783 5767 adolemo.
