4008 6208
316 275 442 336 1031

1396 274 1462 329 IN
1502 274 1870 331 EL'STATHII
1911 274 2378 335 IIEXAEMERON
2402 279 2629 337 NOTAE.

3404 282 3541 340 1039

312 400 434 447 atra
479 399 529 447 et
557 392 903 447 inaniavelut
933 394 987 447 in
1010 394 1232 453 cinerem
1252 402 1558 464 canescunt.
1601 393 1709 467 Ego
1739 396 1876 449 sicut
1906 406 1947 456 Α
1977 396 2218 453 defuisse
2248 397 2503 454 Straboni
2534 408 2783 456 auctores
2801 415 2991 475 ,_quos
3025 399 3079 455 in
3125 400 3229 455 hac
3273 409 3423 472 parte
3453 419 3541 457 se-
3578 394 3595 438 ’-

310 481 568 538 Judaicas
602 483 865 553 quondam
898 483 1048 544 urbes
1090 486 1204 556 igne
1241 485 1443 543 σιριευί
1464 485 1725 557 flagrasse
1752 502 1875 539 con—

310 576 590 640 cesserim,
624 576 703 630 ita
737 575 908 631 halitu
950 577 1096 633 lacus
1151 578 1295 648 infici
1338 589 1570 646 terram,
1610 579 1875 649 corrumpi

312 664 647 736 superfusum
675 666 940 733 spiritum,
957 683 1114 737 eoque
1136 668 1273 737 fetus
1296 676 1523 738 segetum
1548 677 1599 724 et
1631 670 1874 723 autumni

311 768 606 828 putrescere
652 772 769 812 reor
808 758 920 812 solo
964 759 1186 828 carloque
1228 759 1389 829 juxta
1424 762 1590 831 gravi.
1631 760 1871 824 Solinus,

315 865 435 921 cap.
461 851 530 906 38
554 870 568 904 :
602 849 718 904 Duo
756 850 826 904 ibi
853 850 1042 920 oppida
1070 849 1355 907 Sodomam
1387 854 1711 908 nominatum
1729 840 1875 909 alte-

314 961 456 1008 rum,
484 944 708 999 alterum
732 941 1103 1005 Gomorrhum,
1135 944 1273 1013 apud
1305 961 1422 1014 quia
1457 961 1667 1013 pomum
1703 946 1876 1017 gigni-

316 1046 404 1092 tur
423 1051 445 1091 .'
471 1036 609 1107 quod
640 1036 790 1091 habet
819 1038 1037 1106 speciem
1056 1036 1172 1095 licet
1215 1037 1561 1103 maturitatis,
1588 1037 1769 1090 mandi
1794 1047 1873 1090 ta-

315 1145 432 1186 men
462 1146 565 1184 non
600 1138 768 1199 potest
796 1144 815 1193 ;
853 1146 975 1182 nam
1009 1128 1279 1197 fuliginem
1313 1129 1626 1199 intrinsecus
1658 1129 1873 1199 favilla-

315 1238 461 1275 eeam
506 1220 726 1276 ambitio
761 1230 964 1274 tantum
995 1222 1201 1274 extima:
1228 1221 1366 1274 cutis
1399 1219 1620 1283 cohibet,
1650 1237 1765 1292 qua:
1797 1220 1873 1275 vel

315 1313 415 1367 leui
444 1321 586 1365 tactu
605 1328 806 1381 pressa,
826 1311 1026 1381 fumum
1046 1311 1278 1378 exhalat,
1300 1320 1347 1365 et
1373 1311 1575 1381 fatiscit
1607 1312 1661 1366 in
1690 1328 1873 1384 vagum

312 1406 596 1475 pulverem.

386 1493 506 1550 Col.
525 1494 652 1561 761,
679 1495 775 1552 lin.
793 1495 882 1550 55.
914 1493 1150 1561 Γειτνιᾷ
1180 1492 1248 1547 δὲ
1274 1494 1511 1563 ταύτης.
1542 1497 1875 1569 Aspbaltites

313 1585 513 1643 Judteze
539 1587 690 1644 lacus
719 1588 882 1644 situm
916 1596 970 1644 et
996 1589 1197 1646 limites
1229 1588 1395 1654 Plin.,
1423 1589 1518 1644 lib.
1546 1607 1599 1654 ν,
1631 1604 1752 1661 cap.
1787 1590 1870 1654 16,

314 1677 631 1735 describens
672 1678 768 1747 ait,
809 1678 1199 1750 longitudinem
1256 1679 1375 1749 ejus
1409 1679 1577 1752 maris
1612 1679 1874 1736 excedere

314 1777 533 1826 centum
555 1768 724 1823 millia
754 1783 1034 1839 passuum,
1066 1768 1409 1827 latitudinem
1436 1768 1724 1823 maximam
1752 1783 1874 1824 esse

313 1863 504 1935 viginti
542 1862 812 1933 quinque,
839 1860 1119 1916 minimam
1147 1875 1276 1916 vero
1317 1876 1435 1917 sex.
1465 1858 1765 1932 Iosephus,
1798 1860 1874 1916 De

314 1957 451 2013 bello
500 1955 632 2009 Iud.
683 1955 779 2011 lib.
823 1970 888 2019 v,
932 1953 1099 2010 refert
1157 1952 1549 2024 longitudinem
1594 1953 1715 2022 ejus
1754 1969 1874 2009 esse

312 2048 741 2122 quingentorum
782 2047 1057 2117 Octoginta
1102 2045 1441 2111 stadiorum;
1490 2045 1718 2101 latitudo
1742 2061 1873 2100 cen-

312 2149 430 2196 tum
454 2138 846 2211 quinquaginta
871 2137 1061 2194 stadiis
1096 2144 1264 2208 patet.
1305 2135 1381 2192 De
1409 2151 1473 2191 ea
1502 2136 1619 2191 haec
1645 2136 1877 2190 Brocar-

312 2233 419 2288 dus
466 2230 767 2287 monachus
807 2230 865 2285 in
916 2228 1282 2299 descriptione
1322 2234 1481 2282 terrae
1525 2233 1769 2283 sanctae:
1808 2226 1877 2281 Et

312 2337 460 2389 nota,
480 2322 619 2395 quod
649 2339 793 2378 mare
825 2320 1093 2377 Mortuum
1125 2322 1189 2375 ab
1222 2321 1417 2376 oriente
1446 2321 1502 2374 in
1536 2320 1874 2389 occidentem,

310 2435 429 2489 qua
448 2425 526 2471 est
560 2415 784 2471 latitudo
815 2415 949 2485 ejus,
969 2415 1121 2469 habet
1170 2415 1394 2484 quinque
1424 2412 1598 2467 leucas
1622 2429 1640 2466 :
1673 2413 1729 2465 in
1760 2412 1869 2465 lon-

310 2505 543 2577 gitudine
576 2522 693 2560 vero
725 2520 840 2575 qua:
867 2513 945 2560 est
979 2504 1042 2558 ab
1071 2504 1312 2575 aquilone
1352 2501 1421 2556 ad
1457 2512 1697 2556 austrum
1722 2502 1875 2556 habet

311 2598 534 2668 quinque
552 2597 761 2662 dicatas,
783 2607 841 2650 ut
862 2597 993 2650 mihi
1020 2595 1271 2653 Saraceni
1295 2594 1617 2656 retulerunt;
1644 2594 1739 2647 alii
1760 2610 1875 2647 vero

311 2692 475 2745 aliam
505 2691 898 2762 designaverunt
932 2688 1326 2760 longitudinem.
1348 2685 1543 2742 Scribit
1571 2686 1876 2756 patriarcha

315 2781 865 2853 Ilierosolymitanus,
915 2782 1004 2851 qui
1053 2795 1186 2848 sa'pe
1235 2780 1406 2834 locum
1460 2780 1614 2834 ilium
1677 2782 1873 2845 invisit,

311 2887 460 2926 mare
505 2852 637 2925 illud
679 2886 879 2940 semper
916 2870 1118 2939 fumum
1163 2870 1405 2937 reddere,
1445 2879 1496 2925 et
1536 2864 1780 2926 nebulam
1804 2852 1874 2926 ‘in

310 2962 526 3016 modum
557 2963 749 3016 camini
780 2961 1096 3031 infernalis:
1134 2962 1269 3016 unde
1299 2972 1410 3016 tota
1438 2962 1532 3015 illa
1561 2963 1736 3024 vallis.
1759 2979 1875 3033 qua:

1974 497 2265 558 queretur,
2295 491 2377 545 vel
2404 507 2468 545 ex
2514 506 2580 546 eo
2608 489 2754 561 quod
2794 476 3011 547 Plinius
3038 491 3203 547 refert
3224 532 3239 555 ,
3273 492 3536 561 quosdam

1974 578 2268 635 tradidisse
2312 577 2600 634 Sirbonem
2666 579 2842 634 lacum
2873 580 3073 637 habere
3117 594 3221 636 ceu
3279 596 3540 651 passuum

1979 672 2290 727 circuitum.
2322 670 2397 727 De
2420 674 2537 727 lacu
2563 671 2865 741 Aspbaltite
2898 673 3019 729 vide
3049 672 3417 730 Dioscoridem
3442 673 3538 730 lib.
3596 670 3604 679 ’

1976 778 2016 823 ι,
2050 777 2168 832 cap.
2199 760 2693 830 100;.Vitruvium,
2724 756 2980 829 Pliiiium,
3010 765 3339 836 Antigonum
3367 764 3540 836 Cary-

1975 855 2140 910 stium
2166 894 2180 917 ,
2228 851 2551 908 Strabonem
2578 892 2593 916 ,
2634 852 2951 909 Africanum
2979 894 2995 920 ,
3037 854 3435 913 Tcrtullianum
3484 858 3539 912 in

1975 947 2218 1001 carmine
2285 947 2362 1001 De
2421 944 2691 1011 Sodoma,
2751 946 3043 1016 Orosium,
3096 949 3190 1006 lib.
3238 965 3255 1005 ι
3305 947 3539 1015 Histor.,

1973 1040 2222 1094 omnium
2271 1039 2747 1108 diligentissimum
2795 1038 3208 1095 Adricbomium
3266 1041 3321 1096 in
3390 1039 3541 1097 tribu

1972 1127 2145 1194 Iudae,
2176 1146 2327 1186 num.
2369 1130 2490 1186 186.

2048 1220 2186 1275 lbid.
2211 1259 2226 1282 ,
2262 1220 2360 1273 lin.
2394 1219 2485 1275 39.
2533 1220 2773 1289 Κοῦφον
2811 1219 2878 1274 δὲ
2916 1221 2983 1273 τὸ
3031 1220 3206 1290 ὕδωρ.
3235 1221 3539 1293 Iosephus,

1973 1317 2068 1373 lib.
2098 1332 2131 1370 ν
2170 1313 2243 1369 De
2272 1313 2405 1369 bello
2437 1313 2703 1369 Iudaico:
2739 1313 2919 1378 Ἀξιον
2944 1313 2999 1366 δὲ
3034 1314 3419 1387 ἀφηγήσασθαι
3449 1314 3544 1370 καὶ

1973 1407 2071 1478 τὴν
2103 1406 2263 1475 φύσιν
2285 1405 2384 1476 τῆς
2425 1405 2824 1474 Ἀσφαλτίτιδος
2854 1405 3068 1475 λίμνης.
3096 1405 3254 1469 ’Ἡτις
3277 1406 3393 1459 ἐστὶ
3419 1405 3542 1477 μὲν,

1973 1500 2048 1564 ὡς
2070 1500 2225 1570 ἔφην,
2253 1497 2425 1570 πικρὰ
2457 1499 2551 1551 καὶ
2578 1498 2790 1566 ἄγονος·
2823 1497 2927 1549 ὑπὸ
2945 1497 3001 1550 δὲ
3017 1497 3343 1569 κουφότητος
3370 1498 3461 1551 καὶ
3475 1497 3543 1551 τά

1977 1588 2253 1660 βαρύτατα
2280 1589 2387 1642 τῶν
2421 1589 2499 1653 είς
2530 1587 2697 1660 αὐτὴν
2743 1588 3003 1658 ῥιφέντων
3049 1587 3338 1660 ἀναφέρει,
3372 1604 3540 1642 κατα-

1973 1681 2124 1735 δῦναι
2174 1682 2228 1735 δὲ
2254 1682 2333 1743 εἰς
2373 1680 2463 1734 τὸν
2508 1680 2665 1751 βυθὸν
2712 1680 2829 1733 οὐδὲ
2873 1679 3298 1751 ἐπιτηδεύσαντα
3342 1679 3537 1754 ῥᾴδιον.

1974 1773 2296 1828 Africanus:
2347 1771 2674 1826 Ξυνέϐαλλον
2720 1772 2776 1825 δὲ
2824 1771 2973 1843 παρὰ
3004 1771 3101 1843 τὴν
3144 1772 3419 1826 θάλασσαν
3445 1772 3544 1843 τὴν

1986 1865 2246 1937 Ἀλυκὴν,
2285 1865 2405 1936 ἥτις
2447 1864 2690 1918 καλεῖται
2752 1863 2847 1917 νῦν
2898 1862 3141 1918 θάλασσα
3191 1862 3398 1935 Νεκρά.
3454 1863 3545 1917 Ἐν

1974 1957 2144 2031 ταύτῃ
2188 1957 2413 2012 πλεῖστα
2455 1955 2561 2010 τῶν
2598 1955 2912 2027 θαυμασίων
2953 1956 3237 2027 τεθέαμαι.
3280 1954 3443 2010 Ζώων
3482 1972 3541 2008 τε

1973 2052 2081 2122 γάρ
2102 2050 2253 2103 οὐδὲν
2285 2052 2459 2103 έκεῖνο
2484 2048 2545 2102 τὸ
2573 2048 2714 2119 ὕδωρ
2746 2048 2919 2118 φέρει,
2946 2052 3039 2101 καὶ
3071 2048 3255 2119 νεκροὶ
3285 2048 3383 2119 μὲν
3406 2049 3530 2104 Onc-

1974 2141 2183 2212 ϐρύχιοι
2225 2139 2513 2212 φέρονται,
2555 2139 2756 2204 ζῶντες
2786 2139 2831 2192 δ’
2873 2138 2981 2192 οὐδ’
3021 2137 3086 2191 ἂν
3129 2137 3322 2210 ῥᾳδίως
3350 2138 3535 2215 βαπτί-

1976 2246 2173 2283 σαιντο.
2202 2228 2397 2300 Λύχνοι
2436 2229 2532 2300 μὲν
2557 2227 2836 2297 καιόμενοι
2863 2228 2957 2280 καὶ
2982 2227 3350 2298 ἐπιφέρονται.
3388 2228 3541 2282 σϐεν-

1973 2319 2189 2391 νύμενοι
2222 2319 2278 2373 δὲ
2311 2318 2655 2373 καταδύουσι.
2704 2316 2933 2381 Strabo,
2970 2317 3063 2371 lib.
3097 2333 3224 2373 XVI:
3270 2312 3384 2371 Εἶτ’
3418 2320 3545 2372 ἐπιέ

1974 2409 2279 2475 πολάζουσα
2298 2409 2384 2463 διά
2411 2409 2508 2481 τὴν
2536 2409 2696 2478 φύσιν
2720 2407 2814 2462 τοῦ
2844 2407 3133 2478 ὓδατος-,ῆν
3166 2407 3372 2480 ἔφαμεν
3408 2409 3543 2481 μηδὲ

1974 2503 2241 2574 κολύμϐου
2280 2501 2523 2567 δεῖσθαι,
2571 2500 2705 2574 μηδὲ
2750 2499 3101 2573 βαπτίζεσθαι
3137 2501 3227 2555 τὸν
3274 2501 3540 2573 ἐμϐάντα,

1973 2593 2085 2647 ἀλλ’
2120 2593 2447 2666 ἐξαίρεσθαι.

2042 2683 2212 2751 lbid.,
2279 2684 2374 2738 lin.
2443 2684 2531 2738 46.
2594 2685 2900 2754 Ἀναφέρει
2959 2684 3027 2738 δὲ
3094 2683 3267 2748 ἅλας.
3337 2680 3539 2736 Eadem

1974 2778 2132 2832 habet
2155 2775 2424 2848 Josepbus
2452 2778 2571 2833 loco
2608 2777 2778 2841 dicto,
2810 2778 2863 2831 in
2900 2792 3009 2848 quo
3049 2775 3116 2830 de
3170 2774 3435 2829 bitumine
3490 2779 3546 2827 et

1972 2869 2091 2940 ejus
2136 2869 2193 2924 in
2241 2869 2528 2925 medicinis
2567 2885 2690 2924 usu.
2724 2866 2933 2923 Plinius
2958 2910 2973 2930 ,
3006 2868 3104 2923 lib.
3134 2884 3207 2930 ιι,
3241 2881 3362 2935 cap.
3399 2864 3539 2919 1052

1975 2960 2126 3016 Nihil
2159 2962 2214 3016 in
2252 2962 2546 3031 Asphaltite
2564 2961 2769 3017 ludam?
2798 2961 2937 3023 lacu,
2962 2962 3049 3030 qui
3077 2961 3308 3014 bitumen
3346 2957 3538 3029 gignit,

311 3050 544 3121 alioquin
572 3053 631 3106 ob
668 3053 750 3107 sui
779 3051 1150 3122 fecunditatem
1180 3064 1228 3107 et
1265 3054 1619 3108 amanitatem
1646 3053 1872 3109 illustris
1901 3082 1942 3140 ο
1975 3052 2136 3124 mergi
2164 3061 2361 3121 potest;
2401 3059 2456 3108 et
2489 3053 2583 3107 lib.
2619 3069 2673 3115 v,
2701 3066 2822 3121 cap.
2861 3051 2946 3115 l6,
2980 3051 3211 3105 habetur
3249 3048 3351 3140 hoc
3376 3046 3543 3140 idem.

309 3142 454 3197 dicta
480 3141 604 3212 fuit,
630 3140 698 3195 ad
728 3142 956 3211 spatium
982 3139 1219 3196 dimidia:
1239 3142 1413 3195 dicetur
1446 3143 1643 3197 sterilis
1667 3152 1718 3197 et
1752 3145 1873 3197 inu-

310 3235 423 3289 tilis
452 3233 657 3288 reddita
689 3242 800 3301 est,
836 3234 913 3288 ita
955 3241 1012 3288 ut
1051 3249 1140 3288 nec
1176 3233 1342 3287 ullum
1384 3250 1591 3304 germen
1638 3234 1875 3303 proferat

308 3327 418 3399 fere
443 3343 535 3396 per
563 3327 795 3397 spatium
820 3326 1043 3397 quinque
1092 3325 1383 3393 leucarum,
1419 3326 1523 3379 nisi
1554 3328 1716 3395 juxta
1744 3329 1875 3383 civi-

310 3426 467 3472 tatem
494 3416 728 3482 Iericho,
771 3415 861 3473 ubi
893 3416 1029 3470 horti
1061 3417 1353 3486 irrigantur
1380 3434 1411 3471 a
1436 3418 1579 3487 fonte
1612 3417 1779 3473 Elisei
1796 3435 1817 3483 ;
1842 3437 1874 3474 a

306 3506 510 3563 dextris
546 3516 597 3561 et
633 3507 863 3561 sinistris
907 3505 1064 3575 hujus
1098 3507 1261 3559 maris
1303 3516 1501 3561 montes
1556 3508 1779 3570 steriles.
1824 3519 1873 3563 et

308 3598 448 3654 aridi
496 3608 781 3653 cernuntur
810 3614 827 3651 :
858 3615 979 3652 nam
1018 3614 1316 3670 quocunque
1352 3614 1511 3668 vapor
1539 3616 1571 3653 a
1605 3600 1741 3653 mari
1780 3601 1872 3655 illo

306 3690 591 3746 ascendens
620 3690 942 3759 impellitur,
975 3691 1047 3743 ibi
1076 3698 1228 3745 terra:
1260 3691 1532 3745 nascentia
1573 3708 1676 3747 non
1725 3708 1872 3746 secus

303 3798 464 3853 quam
495 3782 543 3835 si
571 3798 603 3834 a
630 3781 820 3849 pruina
847 3779 1070 3849 fuissent
1106 3788 1269 3843 tacta,
1298 3781 1647 3837 emoriuntur.
1676 3779 1741 3835 In
1772 3798 1872 3852 quo

303 3872 605 3933 districtum
636 3870 731 3926 Dei
747 3872 1010 3942 judicium
1046 3872 1193 3925 nobis
1225 3870 1287 3926 ob
1314 3872 1495 3926 oculos
1521 3873 1753 3940 ponitur,
1784 3874 1872 3944 qui

307 3972 415 4019 tam
443 3981 614 4020 severe
638 3964 864 4036 grandia
889 3964 983 4018 illa
1016 3962 1365 4018 Sodomorum
1391 3974 1605 4033 peccata
1626 3982 1787 4036 usque
1817 3967 1871 4019 in

304 4056 613 4111 hodiernum
655 4056 792 4111 diem
846 4073 948 4110 non
994 4057 1187 4111 desinit
1228 4058 1436 4126 punire.
1468 4055 1579 4111 Nec
1618 4059 1723 4111 nisi
1762 4059 1871 4113 visa

302 4148 388 4201 hic
424 4145 615 4201 scribo.
666 4146 765 4201 Diu
816 4147 1102 4218 quaesitum
1134 4155 1218 4203 est
1271 4164 1339 4202 an
1372 4149 1523 4203 lacus
1549 4149 1638 4203 ille
1664 4190 1678 4214 ,
1706 4164 1867 4219 quem

303 4236 505 4292 divinat
537 4238 732 4293 littera:
765 4236 915 4292 Mare
943 4239 1075 4294 salis
1108 4240 1417 4309 appellant,
1454 4247 1579 4309 post
1601 4240 1868 4294 excidium

304 4328 547 4399 regionis
592 4325 939 4384 Sodomiticae
991 4329 1275 4385 emerserit
1319 4346 1348 4386 e
1393 4340 1549 4385 terra:
1594 4329 1865 4393 cavernis,

1977 3145 2111 3203 Vide
2153 3160 2274 3216 qua)
2307 3145 2467 3200 habet
2511 3143 2817 3215 Antigonus
2864 3141 3146 3214 Carystius
3186 3141 3239 3195 in
3278 3138 3545 3193 Mirabili-

1975 3238 2070 3292 bus
2110 3254 2178 3293 ex
2216 3236 2491 3294 sententia
2543 3235 2849 3305 ZenOpbili,
2893 3242 2947 3289 et
2994 3232 3342 3289 Dioscorides
3368 3233 3467 3286 lib.
3503 3249 3541 3295 ι,

1973 3345 2093 3400 cap.
2130 3329 2254 3385 100.
2272 3328 2563 3383 Africanus
2599 3345 2613 3381 :
2660 3324 2921 3379 Ἐνταῦθα
2971 3326 3028 3379 δέ
3071 3328 3207 3379 εἰσιν
3237 3329 3292 3380 αἱ
3339 3324 3545 3395 ἀσφάλὲ

1972 3436 2065 3494 του
2113 3419 2317 3489 πηγαί·
2348 3418 2506 3489 Φέρει
2535 3416 2591 3469 δὲ
2622 3416 2955 3487 στυπτηρίαν
2992 3416 3084 3467 καὶ
3127 3415 3229 3469 ἀλα
3266 3416 3445 3483 ὀλίγον
3493 3431 3546 3466 τι

1970 3513 2078 3567 τῶν
2101 3512 2272 3567 ἀλλων
2298 3510 2637 3582 διαφέροντα·
2670 3510 2842 3581 πικρά
2860 3526 2917 3560 τε
2936 3508 3042 3580 γάρ
3068 3510 3183 3561 ἐστι
3204 3507 3298 3559 καὶ
3314 3506 3508 3578 διαυγῆ
3527 3524 3540 3536 ο

1972 3604 2098 3657 ἔνθα
2133 3602 2177 3656 δ’
2218 3602 2283 3656 ἂν
2329 3600 2538 3672 καρπὸς
2578 3598 2794 3671 εὑρεθῇ,
2834 3597 3039 3651 καπνοῦ
3075 3597 3233 3650 πλέον
3272 3596 3422 3649 οὐδὲν
3458 3596 3548 3674 εὐέ

1973 3695 2213 3767 ρίσκεται
2246 3691 2629 3765 θολερωτάτου.
2675 3690 2748 3744 Τὸ
2788 3689 2844 3743 δὲ
2877 3688 3020 3760 ὕδωρ
3057 3690 3201 3742 ἰᾶται
3236 3688 3362 3751 τοὺς
3404 3704 3546 3758 χρω⁵

1973 3786 2166 3857 μένους
2180 3783 2345 3855 αὐτῷ.
2369 3783 2536 3853 Λήγει
2560 3782 2615 3834 δὲ
2639 3782 2802 3836 παντὶ
2829 3781 2976 3833 ὕδατι
2995 3782 3200 3851 πάσχον
3223 3778 3459 3833 ἐναντία.
3479 3779 3543 3831 El

1968 3877 2024 3930 δὲ
2051 3877 2124 3948 μὴ
2159 3875 2425 3947 Ἰορδάνην
2441 3869 2553 3945 εἶχε
2573 3873 2661 3926 τὸν
2677 3871 2917 3943 ποταμὸν
2939 3872 3013 3935 ὼς
3040 3869 3322 3943 πορφύραν
3341 3869 3547 3942 διατρέ-

1969 3985 2129 4039 χοντα
2157 3968 2251 4021 καὶ
2290 3966 2381 4018 ἐπὶ
2425 3965 2557 4019 πολὺ
2601 3965 2910 4037 ἀντέχοντα,
2946 3964 3138 4035 ἔληξαν
3192 3963 3258 4017 ἂν
3288 3962 3479 4017 θᾶττον
3510 3961 3544 4032 ἥ

1969 4058 2236 4128 φαίνεται.
2270 4058 2423 4110 Ἐστι
2468 4056 2524 4110 δὲ
2549 4057 2676 4128 παρ’
2707 4056 2843 4126 αὐτῇ
2867 4054 3122 4125 πάμπολυ
3149 4053 3243 4107 τοῦ
3269 4053 3545 4125 βαλσάμου

1970 4135 2153 4217 φυτόν.
2188 4148 2524 4201 Ὑπονοεῖται
2552 4146 2607 4199 δὲ
2632 4145 3030 4217 ἀνατετράφθαι
3059 4146 3164 4198 ὑπὸ
3184 4146 3278 4199 τοῦ
3303 4144 3438 4197 Θεοῦ
3461 4140 3549 4198 διὰ

1966 4243 2065 4313 τὴν
2094 4240 2202 4294 τῶν
2230 4238 2648 4311 περιοικούντων
2695 4238 2967 4294 ἀσέϐειαν.
3002 4238 3164 4291 Plura
3198 4237 3266 4292 de
3310 4236 3413 4291 hac
3456 4252 3547 4291 ea-

1970 4336 2090 4390 dem
2119 4349 2177 4389 re
2214 4333 2631 4406 philosophatur
2676 4332 2894 4396 Strabo,
2934 4347 3053 4398 xvn,
3084 4338 3139 4385 et
3167 4346 3233 4385 ex
3269 4330 3537 4386 sententia

305 4420 391 4475 vel
432 4421 536 4475 alia
567 4421 819 4491 quapiam
856 4423 1065 4477 ratione
1098 4422 1322 4479 effectus
1357 4423 1541 4489 fuerit,
1569 4439 1634 4478 an
1658 4439 1787 4479 vero
1816 4434 1869 4479 et
1902 4432 1942 4486 Ι)
1975 4426 2303 4490 Possidonii,
2344 4438 2466 4494 qua:
2505 4431 2699 4480 caetera
2750 4423 2994 4479 facultati
3045 4431 3275 4487 naturae,
3332 4422 3546 4495 praesti-

303 4518 431 4568 ante
460 4513 607 4567 illam
644 4513 982 4583 punitionem
1014 4522 1181 4569 esset.
1221 4511 1515 4584 Cajetanus
1542 4524 1594 4571 et
1627 4514 1871 4570 Oleasler

303 4606 551 4659 sentiunt
584 4612 710 4660 ante
740 4607 981 4677 regionis
1008 4608 1156 4662 illius
1199 4608 1536 4663 eversionem
1589 4609 1757 4664 fuisse
1796 4608 1867 4663 ibi

300 4697 481 4751 lacum
508 4736 524 4761 ,
552 4699 645 4768 qui
681 4700 978 4754 vocabatur
1011 4699 1162 4754 Mare
1212 4702 1374 4763 salis,
1419 4717 1519 4755 nec
1560 4701 1867 4771 oppositum

298 4803 367 4860 ex
396 4788 596 4845 divinis
621 4790 815 4846 litteris
847 4790 1137 4848 manifesto
1156 4791 1364 4847 haberi.
1383 4791 1447 4844 Et
1469 4790 1714 4847 Oleastcr
1739 4793 1872 4848 satis

299 4888 487 4950 aperte
513 4898 528 4936 :
557 4879 635 4936 Ne
660 4889 817 4952 putes
843 4922 858 4945 ,
887 4882 1092 4952 inquit,
1126 4896 1283 4938 antea
1312 4899 1420 4938 non
1452 4883 1621 4939 fuisse
1654 4899 1718 4939 eo
1751 4885 1871 4939 loco

300 4966 453 5022 illum
484 4969 660 5024 lacum
681 5009 695 5034 ,
727 4986 851 5026 cum
892 4987 1109 5043 semper
1149 4972 1204 5026 in
1236 4989 1358 5028 eum
1390 4973 1567 5027 lacum
1607 4972 1871 5031 Jordancs

301 5075 475 5132 aquas
502 5078 632 5118 suas
669 5066 1045 5120 exoneraverit
1083 5084 1099 5121 :
1143 5080 1330 5119 verum
1380 5073 1538 5121 antea
1582 5066 1735 5122 lacus
1783 5065 1871 5122 ille

297 5167 410 5206 non
462 5167 522 5209 se
557 5155 885 5210 extendebat
921 5171 1095 5227 usque
1124 5156 1188 5210 ad
1218 5157 1510 5212 Sodomam
1534 5199 1550 5224 ,
1581 5158 1724 5215 sicut
1750 5167 1873 5229 post

299 5245 711 5303 subversionem
764 5247 981 5303 illarum
1032 5248 1334 5304 civitatum.
1381 5248 1745 5323 Hieronymus
1792 5261 1874 5305 ta-

297 5348 522 5394 menet
559 5337 835 5411 Iosephus
878 5343 1215 5398 contrarium
1263 5350 1515 5409 tuentur,
1558 5360 1660 5400 nec
1687 5352 1874 5400 noster

296 5427 618 5487 Eustathius
661 5433 729 5487 ab
776 5432 888 5489 illis
928 5433 1204 5490 dissentit.
1253 5434 1425 5492 Notus
1478 5445 1563 5493 est
1610 5447 1873 5508 praeterea

298 5517 589 5579 Strabonis
632 5538 789 5580 error
842 5523 1128 5582 Sirbonem
1171 5527 1422 5597 paludem
1450 5569 1465 5593 ,
1514 5546 1637 5600 qua:
1682 5540 1766 5585 est
1804 5532 1870 5586 ad

294 5611 546 5683 Casium,
576 5617 964 5676 confundentis
995 5636 1121 5675 cum
1156 5621 1463 5691 Aspbaltite
1499 5624 1618 5678 lacu
1646 5665 1659 5687 ,
1703 5641 1732 5679 a
1764 5641 1873 5695 quo

295 5701 564 5764 Iordanes
585 5706 841 5792 ebibitur.
869 5707 1230 5789 Suspicantur
1258 5719 1438 5768 tamen
1469 5714 1736 5782 nonnulli,
1764 5731 1873 5783 non

1975 4520 2099 4589 guis.
2139 4530 2193 4572 et
2230 4518 2695 4574 incantationibus
2738 4516 2952 4571 tribuit.
2982 4516 3254 4582 Justinus,
3289 4516 3324 4570 ι.
3358 4530 3545 4581 xxxvs,

1974 4612 2224 4681 paludem
2268 4612 2431 4676 hanc,
2480 4627 2655 4682 neque
2696 4610 2872 4665 ventis
2910 4610 3138 4672 moveri,
3189 4625 3363 4679 neque
3391 4607 3546 4662 navi-

1972 4704 2211 4773 gationis
2234 4704 2530 4773 patientem
2554 4718 2679 4758 csse
2718 4710 2909 4756 narrat
2942 4710 3135 4756 contra
3166 4700 3398 4753 aliorum
3428 4698 3547 4769 opi-

1974 4795 2192 4849 nionem
2221 4815 2232 4850 :
2262 4794 2328 4849 1n
2354 4812 2415 4849 ea
2442 4796 2647 4865 regione
2683 4794 2828 4848 lacus
2862 4803 2960 4857 est,
2992 4794 3082 4862 qui
3114 4803 3323 4860 propter
3344 4778 3548 4861 magni-

1975 4885 2225 4949 tudinem,
2278 4894 2325 4937 et
2374 4901 2524 4955 aqua:
2579 4884 3030 4946 immobilitatem,
3087 4880 3359 4936 Mortuum
3403 4898 3550 4934 mare

1972 4975 2196 5053 dicitur;
2232 4990 2353 5028 nam
2382 4991 2539 5046 neque
2568 4975 2729 5028 ventis
2755 4986 2986 5028 moretur
3014 4974 3285 5027 resistente
3320 4971 3547 5041 turbini;-

1973 5068 2067 5122 bus
2104 5069 2374 5131 bitumine,
2405 5086 2505 5138 quo
2548 5086 2684 5140 aqua
2731 5069 2899 5121 omnis
2929 5076 3228 5137 stagnatur.
3261 5082 3419 5137 neque
3452 5082 3550 5133 na-

1976 5162 2250 5233 vigationis
2267 5162 2468 5230 patiens
2493 5172 2591 5222 est,
2612 5160 2857 5230 quoniam
2877 5160 3054 5212 omnia
3087 5159 3195 5212 vita
3220 5156 3455 5212 carentia
3493 5145 3550 5209 in

1973 5254 2296 5326 profundum
2328 5265 2666 5322 merguntur;
2709 5268 2799 5307 nec
2839 5252 3115 5305 materiam
3160 5251 3327 5305 ullam
3386 5249 3551 5302 susti-

1975 5354 2080 5407 net,
2106 5345 2209 5416 nisi
2244 5360 2359 5413 quia
2388 5360 2419 5395 a
2447 5342 2644 5395 lumine
2677 5340 2941 5394 illinatur.

2044 5433 2204 5493 Ibid.,
2236 5434 2332 5487 lin.
2357 5432 2446 5487 5'2.
2482 5432 2579 5498 Ὡς
2600 5430 2687 5500 μὴ
2721 5429 3039 5483 δύνασθαι.
3069 5426 3304 5488 Plinius.
3332 5428 3424 5481 ιιι).
3450 5443 3549 5493 vn,

1963 5541 2094 5596 .cap.
2132 5524 2216 5588 l5,
2254 5524 2321 5578 tle
2355 5523 2643 5577 mulierum
2674 5519 2945 5593 proﬂuvio
2975 5534 3280 5575 sermonem
3315 5520 3546 5575 habens:

1975 5622 2116 5688 Quin
2148 5628 2196 5674 et
2227 5620 2541 5673 bituminum
2573 5632 2770 5688 sequax
2805 5616 3039 5687 alioquin
3067 5633 3128 5671 ac
3158 5615 3299 5669 lenta
3333 5624 3552 5672 natura.

1976 5715 2027 5768 in
2056 5714 2173 5771 lacu
2215 5711 2440 5777 Juda’a',
2480 5712 2569 5783 qui
2601 5719 2817 5766 vocatur
2861 5709 3200 5779 Asphaltites,
3239 5717 3377 5764 certo
3420 5714 3552 5773 tem
