3968 6914
580 301 718 358 1023

1910 288 2156 346 LEONIS
2188 281 2456 345 ALLATII

3617 293 3725 350 1ου

573 433 700 490 pore
737 415 862 468 anni
902 421 1265 478 supernatans,
1295 412 1468 482 nequit
1497 410 1600 466 sibi
1628 411 1806 476 avelli,
1838 412 1907 466 ad
1941 429 2144 467 omnem
2175 421 2218 472 Α
2247 411 2416 473 disse,
2445 415 2571 480 post
2601 404 2982 460 CircumClsum
3018 403 3309 467 Abraham.
3339 409 3388 458 ει
3421 404 3593 462 multa!
3623 410 3724 468 aliis

572 512 872 563 contactum
895 501 1189 562 adhtrrens.
1214 515 1562 574 praeterquam
1588 503 1680 572 ﬁlo
1705 503 1844 574 quod
1877 504 1981 558 tale
2004 505 2146 559 virus

538 623 544 630 -
572 595 827 666 infecerit.
860 593 924 646 Et
975 590 1216 659 Solinus,
1259 594 1353 650 lib.
1382 610 1435 648 tv
1464 613 1480 650 :
1512 594 1756 649 Bitumeu
1806 597 2045 649 nascitur
2091 596 2147 648 in

570 686 788 753 Judca,
827 685 966 758 quod
1021 685 1338 756 Asphaltites
1381 687 1548 758 gignit
1575 687 1745 752 lacus,
1783 687 1911 744 adeo
1946 688 2146 743 lentum

573 780 794 835 mollitie
837 779 1127 848 glutinosa,
1174 788 1227 831 ut
1263 795 1295 832 a
1330 795 1384 834 se
1431 788 1652 849 nequeat
1686 768 1962 848 sepitrari:
2007 781 2144 836 enim

572 886 690 925 vero
711 871 758 923 si
781 868 1090 939 abrumpere
1119 881 1321 938 partem
1352 870 1498 935 relis,
1529 871 1841 925 universitas
1864 883 2142 943 sequetur;

570 961 840 1032 scindique
884 979 988 1016 non
1020 970 1211 1032 potest,
1251 964 1498 1034 quoniam
1541 963 1596 1017 in
1639 973 1892 1034 quantum
1917 963 2145 1018 ducatur

568 1053 891 1118 extenditur,
933 1052 1021 1107 sed
1054 1053 1141 1107 ubi
1197 1053 1415 1108 admota
1451 1053 1650 1121 fuerint
1675 1071 1863 1108 cruore
1905 1053 2000 1106 illo
2030 1056 2144 1124 pol-

571 1147 687 1198 luta
722 1145 844 1214 ﬁla,
873 1156 1055 1214 sponte
1091 1145 1430 1216 dispergitur,
1456 1156 1506 1200 et
1545 1145 1808 1215 applicata
1836 1147 1953 1201 tabe
1979 1146 2144 1201 dedu-

569 1235 708 1288 citur
745 1235 904 1302 paulo
934 1243 1054 1288 ante
1107 1250 1295 1302 corpus
1344 1251 1524 1298 unum,
1577 1236 1736 1304 ﬁtque
1774 1234 1838 1289 de
1867 1235 2143 1289 tenacitate

571 1339 802 1378 connexa
852 1325 1161 1393 contagione
1217 1324 1434 1392 partitio
1490 1324 1781 1393 repentina.
1837 1322 2138 1394 Iosephus:

568 1411 896 1485 Πληρώσασι
920 1413 976 1466 δὲ
990 1413 1317 1467 ἀποκόπτειν
1341 1412 1400 1466 οὐ
1427 1413 1630 1485 ῥᾴδιον.
1650 1413 1784 1467 ἀλλὰ
1809 1414 1875 1467 δι’
1898 1414 2141 1468 εὐτονίαν

567 1507 948 1579 προσήρτηται
990 1505 1067 1577 τῷ
1108 1505 1386 1580 μηρύματι
1427 1507 1632 1576 σκάφος
1664 1507 1770 1572 ἕως
1797 1507 1862 1561 ἂν
1892 1508 2140 1579 ἐμμηνίῳ

2248 503 2523 558 nationes.
2584 496 2914 560 Herodotus.
2963 496 3002 552 Ι.
3055 511 3093 551 ιι
3129 515 3142 552 :
3177 494 3362 550 Virilia
3418 498 3726 556 circumcidat

2249 591 2521 646 munditic
2535 588 2730 661 gratia,
2752 588 2922 656 pluris
2943 587 3189 658 facientes
3214 603 3266 641 se
3279 585 3482 641 mundos
3499 604 3594 644 esse
3606 607 3725 661 quam

2246 683 2483 740 decoros.
2540 679 2853 737 Sacerdotes
2881 693 3076 750 quoque
3113 677 3197 732 die
3231 686 3389 731 totum
3431 694 3591 748 corpus
3631 699 3723 738 ιη.

2245 775 2395 839 dunt,
2428 789 2492 828 ne
2511 769 2636 842 quid
2656 771 2733 825 eis
2766 770 2903 822 inter
2932 767 3148 822 deorum
3177 767 3388 832 cultum,
3422 778 3506 822 aut
3533 770 3722 839 pediculi,

2245 875 2338 920 aut
2377 865 2594 920 alterius
2618 861 2789 917 sordis
2821 870 3044 915 creetur.
3074 858 3228 929 Apud
3261 856 3521 930 Egyptios
3544 863 3723 919 circum-

2244 958 2382 1014 cisio
2427 957 2482 1011 in
2512 969 2575 1011 ea
2620 955 2723 1008 fuit
2767 951 3132 1008 aestimatione
3161 959 3221 1004 ut
3263 952 3390 1005 nulli
3417 953 3511 1008 nisi
3544 955 3724 1011 circnm-

2244 1050 2362 1105 ciso
2394 1048 2463 1103 ad
2505 1047 2825 1118 dignitates,
2855 1053 2910 1101 et
2939 1046 3044 1101 alia
3086 1045 3306 1102 honoris
3335 1047 3610 1116 pramiique
3637 1065 3724 1103 tan.

2243 1158 2375 1198 nera
2424 1148 2629 1213 pateret
2683 1138 2885 1194 aditus.
2933 1137 3226 1210 Origenes.
3274 1137 3367 1194 lib.
3401 1152 3436 1191 ιι
3479 1137 3723 1196 Commeat.

2243 1233 2413 1303 Epist.
2450 1232 2518 1286 ad
2547 1231 2698 1286 Rom.
2724 1229 2909 1299 :Apud
2937 1229 3242 1300 Egyptios,
3266 1229 3352 1299 qui
3391 1228 3441 1283 in
3465 1232 3727 1297 superstitio-

2243 1327 2394 1381 nibus
2431 1324 2772 1380 vetustissimi
2822 1333 2872 1378 et
2918 1322 3268 1378 eruditissimi
3313 1322 3725 1387 habebantur,eta

2239 1415 2426 1486 quibus
2455 1415 2629 1470 ceteri
2659 1430 2818 1486 prope
2845 1430 3022 1468 omnes
3056 1414 3218 1467 ritum
3261 1429 3513 1468 sacrorum
3556 1424 3597 1468 et
3621 1432 3728 1471 cere-

2243 1509 2442 1562 nonias
2493 1508 2725 1562 mutuati
2755 1516 2899 1572 sunt,
2949 1507 3151 1570 nullus,
3210 1514 3302 1560 aut
3350 1508 3620 1576 geometria,
3658 1519 3727 1562 ast

567 1595 840 1667 γυναικῶν
869 1597 1055 1667 αἵματι
1090 1597 1182 1650 καὶ
1216 1597 1360 1670 οὔρῳ
1398 1597 1721 1652 διαλύσωσιν
1753 1598 1913 1652 αὐτὸν
1937 1595 2019 1663 οἷς
2047 1602 2133 1671 μό-

2239 1600 2540 1670 astrologia:
2568 1597 2834 1655 studebat.
2867 1607 2958 1652 aut
2992 1614 3236 1668 genescos
3281 1606 3466 1652 secreta
3492 1599 3725 1653 rimabatur

567 1705 680 1752 νοις
728 1687 872 1759 ἥκει.
910 1687 1188 1755 Brodmus,
1244 1689 1341 1746 lib.
1371 1705 1445 1756 tv,
1491 1705 1612 1760 cap.
1635 1690 1742 1758 23;
1784 1690 2138 1749 Possidonius
2171 1757 2199 1760 _
2240 1692 2342 1746 nisi
2363 1692 2704 1746 circumcisus
2724 1700 2878 1745 esset.
2908 1688 3081 1744 Nemo
3106 1691 3228 1743 item
3253 1689 3389 1758 apud
3411 1689 3521 1744 illos
3540 1691 3726 1744 sacerdos

566 1757 840 1852 prmstigia
876 1779 992 1835 haec
1033 1795 1155 1836 esse
1192 1788 1245 1836 et
1277 1757 1697 1847 incantationes,
1730 1757 1931 1851 quibus
1972 1782 2138 1838 dediti
2171 1757 2210 1810 Β
2237 1801 2349 1839 esse
2371 1791 2598 1854 poterat,
2633 1798 2795 1852 neque
2843 1795 3095 1850 aruspex,
3132 1796 3293 1851 neque
3333 1781 3637 1851 quorumlibet
3660 1802 3726 1837 sa-

566 1869 765 1923 accolae
791 1868 1104 1929 utebantur.
1141 1877 1202 1924 ut
1231 1869 1399 1926 refert.
1432 1870 1652 1937 Strabo,
1683 1871 1778 1926 lib.
1813 1889 1924 1928 xvi.

633 1957 747 2012 Col.
771 1957 892 2021 76!,
929 1958 1022 2013 lin.
1057 1959 1142 2014 54.
1162 1959 1506 2014 Ἀλλάττειν
1523 1959 1590 2014 δέ
1611 1960 2134 2032 φασιν-,εοεευιιιιεε

568 2048 793 2103 Ἔστιδὲ
815 2050 905 2103 ἐπὶ
923 2049 1095 2120 τούτῳ
1125 2051 1216 2104 καὶ
1247 2051 1278 2121 ἡ
1307 2051 1407 2122 τῆς
1434 2050 1601 2122 χρόας
1633 2051 1898 2124 μεταϐολὴ
1924 2051 2135 2124 θαυμάο

565 2157 698 2204 σιος’
718 2142 838 2213 τρὶς
855 2142 962 2214 γὰρ
979 2143 1213 2212 ἑκάστης
1228 2142 1334 2213 ἠμέ
1343 2159 1440 2212 ρας
1457 2143 1554 2214 τὴν
1570 2143 1887 2214 ἐπιφάνειαν
1905 2143 2134 2198 ἀλάσσε-

561 2248 674 2297 ται,
700 2234 792 2288 καὶ
810 2234 946 2305 πρὸς
958 2234 1056 2299 τὰς
1069 2233 1302 2304 ἡλιακὰς
1331 2235 1554 2299 ἀκτῖνας
1580 2237 1836 2306 ἀνταυγεῖ
1853 2235 2132 2300 ποικίλως.

546 2349 550 2368 π
629 2324 749 2380 Col.
782 2327 910 2392 764,
939 2326 1036 2383 lin.
1069 2329 1121 2384 l.
1151 2328 1262 2384 Kal
1301 2329 1450 2398 μετὰ
1495 2329 1610 2397 τὴν
1641 2329 1802 2400 ὀγδό.
1842 2328 2132 2400 Josepbus,

561 2419 744 2490 Antiq.
779 2419 872 2474 lib.
907 2436 924 2476 l
951 2437 965 2474 :
996 2420 1250 2476 Τίκτεται
1281 2422 1336 2476 δὲ
1373 2425 1500 2486 παῖς
1523 2424 1798 2495 ἑκατέρων
1821 2422 1897 2494 τῷ
1924 2423 2136 2494 ὑστάτῳ

560 2508 694 2574 Im,
720 2509 778 2564 ὃν
802 2511 960 2576 εὐθὺς
992 2515 1106 2581 μετ’
1130 2513 1319 2584 ὀγδόην
1353 2513 1566 2586 ἡμέραν
1601 2514 1786 2585 περιτέ
1797 2531 2006 2585 μνουσι.
2033 2514 2136 2580 κάξ

561 2600 772 2656 ἐκείνου
801 2602 937 2671 μετὰ
953 2603 1220 2668 τοσαύτας
1235 2605 1352 2669 ἔθος
1369 2605 1580 2676 ἔχουσιν
1611 2608 1661 2660 οἰ
1697 2607 1936 2660 Ἰουδαῖοι
1963 2609 2133 2661 ποιεῖ-

563 2692 687 2746 σθαι
731 2692 829 2756 τὰς
872 2695 1194 2765 περιτομάς.
1237 2694 1350 2749 Cur
1382 2705 1609 2750 octavus
1657 2696 1775 2751 dies
1823 2697 2132 2768 assignatus

561 2783 724 2840 fuerit
744 2785 1148 2841 circumcisioui
1167 2786 1304 2842 duas
1327 2789 1564 2843 rationes
1589 2789 1801 2860 attingit
1816 2790 2136 2862 Chrysosto—

560 2888 708 2936 mus,
743 2876 794 2927 in
831 2873 1014 2932 Cenes.
1050 2875 1200 2931 hom.
1242 2876 1330 2941 59,
1367 2893 1488 2947 qua:
1521 2885 1703 2932 tamen
1748 2878 1970 2935 Pererio
2023 2895 2133 2935 non

560 2964 905 3022 satisfaciunt
929 2968 984 3020 in
1011 2981 1132 3037 cap.
1157 2983 1290 3023 xvu.
1331 2966 1510 3034 Quare
1531 2968 1772 3039 explosis
1800 2969 1928 3033 illis.
1970 2971 2131 3026 aliam

560 3055 618 3153 in
646 3057 883 3112 medium
909 3056 1150 3122 adducit,
1186 3065 1239 3114 et
1264 3059 1433 3114 variis
1459 3062 1796 3130 argumentis
1825 3062 2127 3118 conﬁrmat.
2157 3093 2203 3153 ε

559 3142 669 3201 Nec
702 3162 767 3200 ex
803 3147 904 3202 hoc
929 3147 1200 3204 Eustathii
1246 3149 1368 3205 loco
1412 3150 1684 3206 Abraham
1721 3151 1960 3207 divinum
1989 3168 2128 3223 prae-

561 3245 777 3307 ceptum
821 3237 1059 3295 violasse
1097 3241 1576 3312 deprehendimus,
1624 3258 1749 3297 cum
1793 3258 1903 3300 non
1937 3253 2132 3303 octavo

559 3328 670 3392 die,
709 3339 770 3384 ut
815 3329 960 3388 Deus
1007 3341 1362 3404 praeceperat,
1397 3334 1494 3390 sed
1541 3341 1666 3405 post
1707 3341 1958 3391 octavum
1987 3337 2130 3394 diem

560 3423 729 3476 ulium
771 3438 931 3478 suum
964 3426 1330 3481 circumcidit.
1375 3425 1634 3493 Quamvis
1667 3427 1812 3483 enim
1857 3431 1973 3486 sine
2005 3444 2132 3499 pec.

558 3521 686 3568 cato
713 3514 1190 3572 circumcisionem
1212 3516 1432 3573 diﬂ'erre
1457 3525 1642 3589 posset
1663 3519 1820 3575 novis
1848 3535 2132 3590 emergen-

557 3605 705 3661 tibus
736 3605 940 3670 causis,
985 3615 1164 3663 tamen
1205 3607 1322 3677 ipse
1353 3607 1668 3662 mandatum
1713 3607 1808 3663 Dei
1847 3609 2128 3678 explevit:

557 3695 635 3750 ita
664 3703 845 3750 autem
895 3696 1110 3752 locutus
1159 3707 1242 3754 est
1290 3696 1628 3762 Eustathius,
1670 3697 2127 3770 quemadmodum

557 3792 614 3840 et
647 3783 939 3856 Iosephus,
965 3787 1014 3841 si
1037 3803 1120 3842 me
1149 3805 1258 3842 non
1289 3787 1427 3844 fallit
1467 3790 1672 3860 opinio,
1700 3798 1760 3843 ut
1784 3788 2129 3846 demonstra-

558 3885 668 3941 ret,
701 3887 834 3934 tuuc
881 3895 1110 3949 puerum
1144 3896 1266 3936 esse
1291 3881 1816 3946 circumcidendum,
1855 3898 1978 3939 cum
2014 3883 2128 3952 jam

558 3964 679 4022 dies
711 3974 836 4022 octo
865 3969 1156 4039 explesset,
1194 3976 1248 4024 et
1289 3969 1498 4026 videtur
1537 3971 1660 4027 elici
1698 3987 1765 4028 ex
1794 3972 1927 4042 ipsis
1950 3975 2129 4031 verbis

560 4052 877 4124 Scriptum,
900 4071 1021 4127 cap.
1048 4073 1153 4112 xvii
1181 4077 1194 4113 :
1222 4057 1412 4128 Infans
1429 4071 1544 4115 octo
1573 4061 1774 4116 dierum
1791 4064 2128 4118 circumcide-

559 4157 648 4202 tur
676 4149 728 4202 in
758 4149 900 4204 vobis
939 4167 1088 4206 omne
1135 4153 1504 4217 masculinum,
1539 4163 1645 4210 ctc.
1687 4155 1828 4227 Ergo
1875 4157 1958 4212 vel
2010 4159 2128 4227 ipso

557 4247 752 4293 octavo
781 4238 888 4306 die,
916 4241 999 4295 vel
1036 4256 1102 4295 eo
1134 4243 1366 4313 expleto.
1423 4243 1639 4309 Strabo,
1673 4245 1768 4300 lib.
1800 4262 1931 4309 xvu,
1976 4255 2124 4317 putat

556 4329 723 4384 etiam
755 4328 984 4386 feminas
1013 4329 1228 4390 Judmas
1267 4343 1595 4406 amputatas,
1627 4337 1772 4408 quod
1812 4338 1892 4392 uti
1927 4337 2124 4394 falsum

2234 1891 2442 1929 crorum
2493 1875 2761 1936 minister,
2792 1890 2904 1932 nec.
2934 1883 2993 1926 ut
3037 1873 3122 1926 illi
3163 1874 3499 1942 appellabant,
3520 1877 3725 1944 propheta.

2234 1964 2339 2018 nisi
2373 1973 2527 2018 antea
2574 1963 2970 2017 circumcisione
3006 1963 3169 2033 quasi
3213 1973 3471 2033 purgatus,
3510 1972 3634 2034 atque
3657 1965 3728 2018 isi-

2234 2056 2400 2127 tiatus
2431 2055 2638 2126 fuisset.
2684 2053 2875 2108 Omnes
2908 2053 3302 2123 hierophantes,
3337 2070 3584 2124 omnesque
3608 2065 3724 2119 cates,

2235 2157 2390 2218 atque
2439 2163 2615 2202 omnes
2664 2147 2770 2200 sive
2813 2146 2948 2207 caeli,
2986 2155 3048 2198 ut
3100 2153 3291 2214 putant
3333 2145 3430 2208 illi,
3461 2146 3562 2199 sire'
3587 2146 3729 2214 inferni

2233 2249 2424 2310 mystes
2443 2251 2491 2294 et
2523 2241 2760 2293 conscius
2789 2239 2986 2293 nullam
3023 2238 3170 2308 apud
3199 2255 3285 2294 eos
3307 2237 3452 2307 ﬁdem
3490 2249 3532 2292 et
3555 2242 3726 2293 auctori-

2233 2339 2389 2384 tatem
2415 2328 2570 2383 habet
2597 2329 2846 2398 nulloque
2877 2329 2932 2382 in
2958 2329 3160 2384 honore
3185 2339 3282 2391 est,
3314 2329 3359 2382 si
3384 2329 3470 2382 hoc
3489 2338 3635 2382 careat
3653 2331 3726 2382 cir-

2233 2421 2573 2476 cumcisionis
2616 2421 2830 2492 insigni.
2872 2418 3166 2488 Quomodo
3214 2429 3389 2476 autem
3421 2437 3481 2476 ex
3523 2420 3725 2476 Abraham

2235 2514 2494 2587 Egyptii,
2537 2522 2834 2586 gentesque
2876 2515 2995 2569 alia:
3039 2515 3211 2568 ritum
3249 2512 3638 2568 circumcisionis
3663 2526 3725 2564 ac-

2233 2607 2480 2679 ceperint
2524 2606 2773 2678 pluribus
2812 2607 3171 2677 prosequitur
3201 2604 3482 2678 Gregorius
3515 2603 3722 2658 Thauma-

2231 2705 2441 2768 turgus,
2460 2697 2656 2753 Catena
2677 2699 2728 2750 in
2752 2695 3098 2760 Hieremiam,
3120 2711 3244 2767 cap.
3265 2713 3340 2756 Ix,
3359 2695 3454 2761 26;
3475 2709 3609 2764 quem
3621 2693 3722 2748 vide.

2303 2788 2460 2854 lbid.,
2492 2789 2589 2844 lin.
2621 2787 2676 2844 8.
2705 2787 2945 2855 Μήποτε
2973 2789 3152 2859 μετά.
3203 2788 3400 2845 Eadem
3445 2788 3584 2842 habet
3616 2784 3725 2840 lose-

2233 2879 2395 2952 phus,
2435 2881 2612 2951 Antiq.
2647 2879 2741 2936 lib.
2775 2897 2816 2946 ι,
2862 2895 2983 2952 cap.
3027 2881 3131 2938 15:
3165 2880 3290 2935 Pari
3331 2879 3543 2944 ratione,
3571 2887 3614 2933 et
3637 2877 3724 2931 aliis

2235 2971 2359 3030 llliis
2398 2972 2646 3030 Ccthurte
2687 2973 2828 3028 natis
2879 2973 3114 3044 largitus
3162 2982 3248 3030 est
3283 2987 3510 3037 munera,
3552 2979 3600 3026 ut
3639 2978 3724 3041 post

2235 3073 2460 3120 mortem
2488 3079 2517 3119 a
2543 3065 2745 3120 talione
2766 3066 2970 3121 levaret
3002 3065 3180 3130 Isaac,
3209 3066 3516 3135 sedaretque
3535 3060 3722 3128 dissidis,

2231 3164 2284 3212 et
2315 3157 2714 3220 contentiones,
2755 3171 2876 3226 qua:
2900 3167 3120 3211 mortuo
3145 3156 3241 3210 illo
3271 3163 3504 3226 poterant
3526 3155 3569 3209 in
3592 3168 3723 3208 rerum

2229 3247 2497 3302 divisione
2527 3247 2682 3302 oriri.
2713 3245 3044 3318 Cajetanus:
3079 3247 3232 3313 Ideo,
3267 3247 3457 3318 inquit,
3484 3245 3600 3299 dona
3622 3242 3725 3296 dedit

2229 3335 2496 3390 Abraham
2524 3335 2654 3405 ﬁliis
2687 3337 3128 3403 concubinarum,
3167 3345 3221 3392 et
3261 3337 3456 3392 dimisit
3482 3351 3557 3391 eos
3584 3351 3611 3389 a
3633 3349 3724 3387 cm

2230 3445 2349 3495 sua,
2382 3439 2436 3481 ut
2475 3438 2782 3482 exoneraret
2821 3427 2978 3482 Isaac
3007 3428 3185 3498 ﬁlium
3215 3447 3366 3484 suum
3397 3430 3455 3482 ab
3491 3444 3615 3482 onere
3634 3443 3722 3494 pro~

2231 3521 2437 3576 uidendi
2467 3521 2596 3576 illis.
2635 3519 2977 3575 Incumbebat
3014 3523 3158 3576 enim
3194 3521 3353 3578 Isaac
3375 3519 3549 3576 heredi
3571 3518 3722 3571 uniuer-

2230 3615 2336 3669 sali
2381 3631 2510 3668 cura
2554 3614 2860 3684 providendi
2910 3613 3179 3684 fratribus
3233 3616 3343 3670 suis
3391 3613 3451 3667 ab
3491 3609 3726 3666 haereditate

2228 3704 2456 3758 exclusis
2503 3718 2522 3758 :
2571 3702 2851 3772 ejusmodi‘
2898 3701 3037 3756 enim
3100 3701 3408 3756 exoneratio
3447 3697 3721 3770 significatur.

2229 3794 2472 3856 dicendo.
2516 3802 2573 3846 ut
2615 3801 2692 3846 est
2733 3793 2786 3846 in
2845 3789 3094 3857 Hebrceo,
3131 3790 3203 3845 Et
3260 3790 3403 3845 misit
3448 3805 3524 3843 eos
3560 3785 3725 3851 desuper

2231 3883 2390 3938 Isaac
2427 3883 2552 3937 dum
2592 3883 2762 3938 adhuc
2791 3885 2900 3955 ipse
2929 3885 3139 3950 viveret,
3171 3894 3414 3955 tanquam
3436 3879 3592 3935 tollens
3611 3889 3720 3935 om.

2227 3977 2365 4046 quod
2391 3985 2506 4032 erat
2529 3993 2684 4047 super
2715 3975 2895 4040 Isaac,
2928 3987 2976 4031 et
3007 3978 3135 4046 quia
3165 3977 3277 4032 ha'c
3304 3974 3541 4030 exsecutio
3565 3969 3642 4039 fuit
3662 3965 3720 4018 sl-

2229 4070 2360 4122 tima
2392 4084 2474 4124 res
2506 4078 2651 4139 gesta
2685 4068 2748 4122 ab
2778 4068 3048 4122 Abraham
3089 4070 3507 4138 prudentissime,
3532 4063 3620 4117 ideo
3645 4056 3719 4111 ad-

2220 4162 2489 4232 jungitur,
2518 4159 2656 4230 quod
2685 4161 2807 4230 fecit
2837 4160 2964 4212 dum
2996 4160 3173 4215 adhuc
3205 4163 3314 4230 ipse
3337 4161 3525 4215 viveret.

2296 4251 2456 4320 lbid.,
2494 4253 2588 4306 lin.
2627 4251 2708 4307 10.
2755 4250 3066 4322 Κατέσχον
3121 4252 3297 4323 γοῦν.
3345 4249 3711 4319 Joseplms,m:

2229 4342 2386 4402 Οὗτοι
2417 4349 2595 4401 πᾶσαν
2625 4347 2724 4419 τὴν
2755 4348 2852 4401 ἀπ’
2872 4347 3156 4419 Εὐφράτου
3182 4350 3276 4402 καὶ
3297 4347 3596 4418 καθήκουσαν
3617 4337 3721 4411 πρὸς

555 4429 610 4486 et
650 4422 940 4478 ridiculum
978 4425 1154 4495 rejicit
1177 4425 1410 4492 Delrius,
1444 4429 1629 4485 Genes.
1663 4446 1781 4502 cap.
1812 4448 1946 4487 πίνη.
1980 4431 2124 4488 Rab-

2231 4441 2323 4510 τὴν
2376 4439 2643 4512 Ἐρυθρὰν
2684 4439 2955 4494 θάλασσαν
2985 4440 3323 4503 κατοικοῦσι,
3362 4429 3719 4507 Ναὸατινὴντῇι

556 4513 672 4574 bini
713 4515 932 4586 quidam
965 4517 1155 4573 dicunt
1187 4534 1281 4575 eas
1315 4536 1415 4592 pro
1443 4522 1862 4580 circumcisione
1889 4527 2122 4597 quadam

557 4620 713 4677 aqua:
743 4607 1067 4666 lustratione
1104 4611 1248 4666 haud
1293 4613 1531 4668 absimili
1567 4615 1837 4686 baptismo
1880 4633 2028 4683 usas,
2067 4627 2126 4672 ut

555 4708 743 4754 narrat
766 4699 925 4759 Joan.
961 4701 1303 4770 Benedictus,
1330 4707 1422 4762 lib.
1468 4722 1483 4760 ι
1527 4707 1758 4764 Summa:
1784 4709 1848 4766 de
1878 4711 2124 4779 peccatis,

555 4805 680 4861 cap.
717 4791 769 4845 7.

626 4881 781 4944 lbid.,
835 4883 933 4938 lin.
990 4884 1042 4938 4.
1093 4887 1330 4952 Ἄραϐες
1387 4887 1515 4957 γάρ.
1565 4887 1871 4959 Josephus,
1931 4892 2024 4945 lih.
2086 4909 2123 4956 ι,

554 4988 676 5044 cap.
706 4974 794 5040 15,
830 4976 1046 5046 Antiq.:
1082 4979 1317 5050 ’Ἄραϐες
1345 4981 1400 5034 δὲ
1435 4981 1572 5051 μετά
1603 4983 1719 5044 ἔτος
1752 4985 2126 5056 τρισκαιδέκαο

553 5080 680 5117 τον.
739 5066 1024 5136 Ἰσμαῆλος
1077 5069 1182 5140 γὰρ
1233 5072 1262 5122 ὁ
1307 5071 1529 5142 κτίστης
1571 5073 1749 5126 αὐτῶν
1780 5075 1873 5128 τοῦ
1921 5076 2124 5139 ἔθνους.

564 5156 841 5231 Ἀϐράμου
870 5160 1155 5230 γενόμενος
1182 5165 1246 5216 ἐκ
1273 5165 1371 5235 τῆς
1393 5165 1672 5238 παλλακῆς
1698 5169 1755 5220 ὲν
1779 5167 1950 5240 τούτῳ
1975 5187 2129 5241 περι-

554 5261 809 5321 τέμνεται
843 5253 922 5324 τῷ
965 5253 1162 5326 χρόνῳ.
1192 5255 1255 5308 Et
1279 5257 1346 5311 ab
1374 5257 1458 5312 his
1489 5257 1795 5331 Egyptios,
1840 5259 2126 5316 thniccs

552 5352 608 5394 σει
630 5345 768 5398 alios
791 5345 950 5400 ritum
981 5346 1418 5406 circumcisionis
1441 5352 1720 5422 accepisse
1747 5353 1880 5406 nulli
1903 5351 2126 5406 dubium

555 5443 676 5484 esse
703 5430 883 5495 debet,
917 5433 1021 5488 etsi
1055 5436 1211 5490 aliter
1242 5439 1442 5492 sentiat
1475 5438 1804 5504 Herodotus,
1835 5443 1926 5511 qui
1955 5441 2126 5496 Palm-

554 5521 732 5577 stiuos
765 5523 833 5578 ab
871 5524 1143 5598 Egyptiis
1184 5528 1286 5584 hoc
1311 5530 1569 5588 didicisse
1597 5532 1783 5589 refert.
1823 5532 1958 5590 Illud
2002 5551 2126 5606 pro-

556 5615 699 5668 tecto
743 5618 1095 5675 manifestum
1134 5631 1240 5685 est,
1285 5633 1409 5679 aute
1446 5627 1922 5685 circ'umcisionem
1954 5629 2124 5700 ipsius

556 5705 787 5772 Abrahae
843 5709 1049 5769 nullum
1098 5729 1367 5778 nusquam
1420 5716 1691 5776 hominem
1737 5737 1793 5776 se
1832 5722 2122 5778 circumci-

2227 4529 2410 4603 χώραν
2444 4528 2843 4602 ὡνομάσαντες.
2876 4530 2996 4583 Εἰσὶ
3027 4529 3082 4586 δὲ
3128 4525 3276 4588 οὗτοι
3316 4534 3366 4588 οἳ
3403 4531 3498 4586 τῶν
3535 4523 3717 4600 Ἀράϐων

2227 4621 2520 4685 ἔθνος..καῖ⁵
2553 4619 2650 4684 τὰς
2682 4620 2852 4689 φυλὰς
2883 4620 2976 4676 ἀπ’
3023 4624 3206 4678 αὐτῶν
3237 4623 3454 4678 καλοῦσι
3482 4619 3556 4674 διά
3580 4634 3626 4670 τε
3648 4614 3718 4684 τὴν

2227 4712 2426 4783 ἀρετὴν
2458 4709 2635 4767 αὐτῶν
2661 4713 2756 4768 καῒ⁵
2784 4713 2870 4767 διὰ
2901 4716 2961 4768 τὸ
3007 4716 3284 4788 Ἀσράμου
3316 4716 3532 4785 ἀξίωμα.

2298 4801 2458 4868 lbid.,
2492 4805 2590 4861 lin.
2627 4806 2710 4860 l3.
2754 4805 2807 4858 ὀ
2843 4806 2987 4872 Θεὸς
3011 4807 3118 4862 τὸν
3153 4807 3370 4863 Ἰσαάκ.
3405 4804 3579 4860 Eadem
3603 4797 3715 4854 lose-

2226 4897 2390 4969 phus,
2420 4898 2600 4969 Antiq.
2635 4896 2728 4954 lib.
2758 4913 2798 4966 ι,
2841 4913 2961 4968 cap.
3014 4899 3101 4963 14,
3155 4900 3249 4954 ubi
3291 4909 3344 4956 et
3386 4897 3523 4954 Isaac
3547 4895 3644 4949 dum
3664 4884 3712 4941 ad

2228 4989 2556 5045 sacriﬁcium
2592 4990 2954 5046 immolandus
2979 4989 3295 5054 duceretur,
3325 4991 3485 5046 fuisse
3503 4984 3635 5041 tradit
3651 4978 3710 5030 vi-

2225 5080 2360 5151 ginti
2394 5082 2635 5150 quinque
2673 5095 2961 5136 annorum.
2995 5081 3145 5137 Aben
3187 5082 3323 5138 Ezra
3355 5079 3623 5140 duodecim,
3641 5070 3712 5126 lie-

2226 5171 2356 5225 braei
2385 5171 2607 5240 triginta
2646 5180 2870 5241 septem.
2919 5169 3114 5226 Verum
3145 5171 3363 5244 Iosephi
3393 5165 3626 5226 sententia
3652 5172 3714 5213 n-

2226 5261 2540 5317 tionabilior
2583 5261 2818 5326 videtur,
2860 5277 2962 5318 nec
2997 5265 3142 5318 enim
3186 5278 3445 5319 annorum
3473 5259 3626 5314 decem
3653 5246 3710 5302 vel

2226 5353 2512 5408 duodecim
2553 5351 2704 5408 Isaac
2747 5355 2804 5409 in
2845 5369 3075 5410 ascensu
3103 5356 3302 5412 montis
3329 5353 3490 5410 arduo
3523 5358 3569 5404 et
3603 5342 3710 5398 Ιίώοο

2229 5448 2396 5511 rioso,
2415 5447 2470 5500 in
2493 5455 2601 5500 tam
2619 5454 2804 5502 tenera
2826 5455 3005 5512 aetate,
3042 5448 3254 5519 pondus
3282 5448 3533 5518 lignorum
3561 5437 3615 5494 ad
3637 5434 3706 5488 Ιιο·

2228 5539 2531 5592 locaustum
2566 5537 2708 5594 ferre
2739 5539 3027 5610 potuisset,
3053 5548 3107 5597 et
3133 5541 3350 5610 triginta
3378 5544 3563 5606 septem
3587 5523 3708 5584 nimi!

2225 5635 2538 5699 provectus,
2571 5643 2670 5684 nec
2695 5644 2830 5700 puer
2859 5645 2888 5683 a
2923 5628 3204 5702 Scriptura
3224 5630 3345 5699 jure
3369 5619 3599 5698 appellari
3617 5627 3709 5688 Ρ¹¹⁶⁹

2229 5729 2329 5780 set.
2357 5720 2431 5776 Ex
2471 5736 2579 5792 quo
2613 5719 2812 5778 Paulus
2846 5722 3137 5796 Burgensis
3169 5725 3566 5794 argumentatur,
3596 5709 3708 5765 Isaac
