4008 6208
332 269 470 324 ιοειδ

1409 263 1472 319 IN
1513 261 1882 322 EBSTATHII
1920 259 2393 318 HEXAEMERON
2428 258 2656 316 NOTAE.

3413 261 3436 314 1
3447 256 3549 315 026

329 394 461 440 tunc
498 397 608 436 non
654 380 823 435 fuisse
865 379 1124 450 majorem
1157 379 1368 437 decimo
1405 383 1616 452 quinto,
1663 381 1891 450 ideoque
1916 391 1962 446 Λ
2059 377 2219 439 ιιιῑά..
2276 379 2372 434 lin.
2414 377 2504 431 27.
2561 373 2646 440 Τῷ
2690 373 2810 438 Θεῷ
2850 371 2958 443 γάρ
2993 387 3084 426 σε.
3115 371 3403 442 Perpcram
3436 374 3549 431 hic

327 477 470 532 hanc
499 473 743 528 ultimam
777 472 1103 528 sententiam
1145 472 1366 531 refellit.
1407 472 1606 530 Verum
1640 481 1701 527 ut
1733 473 1886 528 futile

328 567 402 624 sit
437 565 542 620 hoc
573 569 955 634 argumentum
992 563 1078 618 vel
1105 562 1174 618 iis
1202 564 1295 636 qui
1328 562 1566 618 nondum
1593 561 1887 633 Scriptum:

326 670 500 714 sacra:
529 669 692 711 sensa
721 654 1101 725 degustarunt,
1131 669 1239 709 non
1269 655 1468 724 quibus
1505 655 1560 708 in
1597 655 1664 710 iis
1696 668 1886 723 sapere

327 747 642 818 etjudicare
663 744 850 799 datum
877 750 982 810 est,
1016 743 1362 800 manifestum
1392 751 1635 814 apparet.

395 859 514 916 Col.
549 858 667 925 764,
709 857 804 913 lin.
830 857 917 913 16.
950 858 1073 914 Ἐπ’
1095 859 1414 927 ἀκρωρείας
1442 858 1620 923 τινός.
1673 854 1882 910 Hebraei

327 951 554 1006 tradunt
587 951 643 1006 in
673 949 775 1005 hoc
804 951 997 1006 eodem
1027 957 1210 1005 monte
1239 949 1394 1014 Abel,
1420 958 1474 1006 et
1504 949 1638 1004 Cain
1671 947 1882 1003 sacriﬁ-

327 1059 506 1109 casse,
540 1051 593 1098 et
615 1049 738 1114 post
759 1041 1023 1097 diluvium
1051 1041 1184 1105 Noe,
1218 1047 1382 1111 atque
1420 1040 1475 1094 in
1507 1054 1572 1094 eo
1609 1039 1728 1108 ipso
1762 1045 1884 1107 post

325 1135 494 1190 multa
515 1133 710 1189 saecula
741 1133 998 1202 templum
1022 1146 1052 1185 a
1076 1130 1365 1185 Salomone
1391 1136 1749 1186 exstructum.
1774 1127 1884 1182 Au-

324 1227 596 1300 gustinus,
631 1241 795 1282 serm.
831 1224 900 1280 de
943 1231 1113 1294 temp.
1142 1224 1206 1278 71
1235 1243 1250 1279 :
1279 1222 1470 1277 Audite
1517 1221 1651 1276 illud
1700 1236 1884 1277 sacra-

323 1325 574 1379 mentum,
607 1314 797 1383 {ratrcs
839 1313 1168 1377 sharissimi,
1219 1311 1572 1384 Hieronymus
1618 1310 1884 1380 presbyter

323 1405 556 1473 scripsit,
586 1418 640 1457 se
681 1401 745 1455 ab
779 1403 1008 1471 antiquis
1048 1411 1097 1456 et
1137 1401 1425 1456 senioribus
1460 1399 1664 1456 ludatis
1695 1400 1880 1454 certis-

322 1501 454 1553 sime
480 1497 794 1568 cognovisse,
822 1495 960 1566 quod
1001 1494 1075 1549 ibi
1123 1495 1425 1550 immolatus
1467 1495 1536 1548 sit
1585 1494 1763 1559 Isaac,
1795 1492 1882 1547 ubi

321 1597 502 1657 postea
544 1587 786 1643 Christus
833 1586 1118 1654 cruciﬁxus
1158 1595 1256 1640 est.
1303 1585 1465 1649 Beda,
1497 1585 1574 1639 De
1608 1584 1733 1639 locis
1759 1601 1883 1638 san-

322 1680 442 1745 ctis,
473 1693 595 1750 cap.
619 1678 680 1732 ἓξ
709 1677 775 1732 In
803 1677 919 1732 loco
953 1689 1126 1732 autem
1149 1677 1264 1740 illo,
1288 1693 1389 1746 quo
1415 1675 1684 1730 Abraham
1709 1675 1882 1730 altare

323 1771 393 1823 ad
432 1769 809 1824 immolandum
850 1770 1021 1839 ﬁlium
1059 1771 1372 1833 construxit,
1417 1785 1596 1822 mensa
1612 1778 1689 1823 est
1713 1769 1880 1838 lignea

321 1875 506 1929 parua,
527 1861 583 1914 in
613 1877 718 1932 qua
754 1875 1043 1931 pauperum
1075 1859 1413 1931 eleemosynte
1436 1859 1604 1914 solent
1634 1875 1668 1912 a
1691 1858 1880 1928 populo

322 1952 542 2022 deferri.

390 2064 550 2131 lbid.,
584 2063 682 2119 lin.
723 2063 810 2120 l9.
851 2059 918 2118 Ὦ
965 2064 1083 2130 παῖ,
1111 2064 1367 2134 μυρίαις.
1406 2061 1532 2118 Hac
1552 2063 1783 2118 Abrahae
1810 2062 1879 2118 ad

320 2157 473 2212 Isaac
509 2157 686 2211 oratio
737 2156 1012 2227 exscripta
1052 2164 1136 2212 est
1180 2163 1291 2211 tota
1334 2171 1404 2211 ex
1449 2153 1671 2226 Josephi
1716 2155 1812 2213 lib.
1859 2171 1878 2210 ι

317 2252 501 2321 Antio.
537 2262 658 2319 cap.
692 2246 780 2302 14.

388 2353 548 2418 lbid.,
578 2354 676 2408 lin.
707 2353 796 2408 2|.
827 2355 947 2408 οὐκ
974 2353 1144 2408 ἐστιν
1175 2353 1265 2409 ὅτι
1291 2353 1398 2424 μή.
1437 2353 1630 2409 Munus
1656 2355 1760 2412 hoc
1782 2371 1878 2427 pa-

317 2455 555 2513 ternum,
580 2445 721 2502 filios
744 2444 818 2500 ita
846 2444 1130 2501 ell'ormare
1165 2453 1223 2501 ut
1252 2446 1319 2500 ad
1341 2446 1729 2517 capessendam
1755 2448 1880 2504 bea-

318 2538 606 2594 titudinem
655 2538 823 2609 inepti
863 2553 973 2592 non
1015 2539 1146 2594 sint.
1193 2538 1323 2606 Quae
1371 2539 1622 2594 humana:
1668 2548 1876 2596 natura:

319 2627 445 2684 tlnis
474 2642 539 2683 ac
574 2626 807 2683 felicitas
848 2636 966 2694 est;
1012 2629 1114 2683 hoc
1154 2628 1302 2683 omni
1337 2643 1470 2684 cura
1499 2645 1562 2684 ac
1598 2630 1874 2703 diligentia

316 2717 738 2788 procurandum,
791 2726 985 2774 caetera
1032 2723 1447 2776 contemnenda.
1492 2720 1666 2789 Plato,
1715 2723 1810 2778 lib.
1839 2740 1874 2778 ν

316 2809 396 2865 De
431 2808 631 2879 repub.,
681 2811 874 2866 suadet
917 2811 972 2865 in
1002 2810 1287 2882 gignendis
1322 2811 1507 2868 liberis
1541 2827 1638 2868 eos
1669 2812 1872 2867 imitari

315 2904 410 2973 qui
439 2903 741 2959 belluarum
772 2903 1005 2961 studiosi
1034 2904 1167 2959 dant
1199 2919 1441 2975 operam,
1471 2913 1528 2958 ut
1553 2919 1620 2960 ex
1651 2905 1873 2976 optimis

315 2994 566 3061 canibus,
589 2997 765 3066 equis.
791 3003 843 3050 et
872 2996 1063 3052 avibus
1081 2996 1284 3066 optima
1315 2997 1522 3050 oriatur
1543 2997 1744 3066 proles.
1771 2995 1873 3051 De-

313 3093 624 3158 snmpserat
646 3102 713 3141 ex
740 3086 907 3142 Ocelli
933 3085 1138 3142 Lucani
1171 3087 1267 3144 lib.
1298 3087 1372 3142 De
1392 3087 1622 3142 universi
1654 3097 1868 3149 natura,
1897 3075 1940 3133 (Ξ

312 3175 410 3248 qui
440 3183 564 3230 ante
588 3190 710 3230 eum
743 3176 816 3230 ita
844 3176 1344 3246 scripseratzMera
1378 3177 1556 3249 πάσης
1583 3171 1674 3231 οὖν
1706 3193 1870 3230 σπου-

309 3265 408 3336 δῆς
431 3267 525 3320 καὶ
549 3265 822 3339 προσοχῆς
844 3265 925 3319 δεῖ
945 3267 1394 3333 καταϐάλλεσθαι,
1420 3268 1567 3330 ὅπως
1589 3266 1657 3321 τὰ
1675 3265 1872 3337 γεννώ-

318 3373 454 3428 μενα
510 3356 722 3428 γίνηται
777 3357 1124 3430 χαριέστατα,
1182 3358 1276 3412 καὶ
1329 3357 1640 3430 γεννώμενα
1692 3357 1871 3422 καλῶς

313 3449 617 3520 ἀνατραφῇ.
668 3448 804 3502 Οὔτε
849 3449 954 3521 γὰρ
990 3449 1196 3503 δίκαιον
1242 3450 1367 3514 τοὺς
1416 3450 1512 3522 μὲν
1557 3451 1867 3521 φιλίππους,

316 3541 410 3594 καὶ
446 3540 773 3612 φιλόρνιθας,
817 3542 910 3594 καὶ
953 3541 1241 3610 φιλόκυνας
1286 3542 1423 3613 μετά
1461 3543 1638 3615 πάσης
1677 3545 1869 3616 ἐπιμε-

313 3632 462 3696 λείας
493 3633 744 3704 φροντίδα
773 3632 1039 3687 ποιεῖσθαι
1064 3633 1170 3687 τῶν
1196 3633 1509 3705 γινομένων,
1548 3634 1622 3698 ὡς
1652 3635 1750 3699 δεῖ,
1777 3637 1870 3689 καὶ

313 3723 374 3788 ἐξ
393 3715 466 3777 ὧν
490 3722 587 3787 δεῖ,
615 3723 708 3775 uel.
733 3724 818 3776 ὅτε
853 3723 949 3788 δεῖ,
985 3723 1076 3777 καὶ
1106 3724 1220 3789 πῶς
1251 3711 1600 3796 διακειμένων
1631 3725 1870 3796 γίνεσθαι

312 3814 412 3877 τὰς
461 3812 632 3884 μίξεις
673 3815 766 3868 καὶ
801 3814 899 3877 τὰς
932 3815 1231 3880 κοινωνίας,
1261 3814 1353 3868 τοῦ
1387 3815 1461 3888 μὴ
1494 3815 1569 3880 ὡς
1598 3816 1752 3888 ἔτυχε
1782 3817 1870 3885 γι·

314 3904 498 3958 νεσθαι
547 3903 614 3958 τὰ
659 3905 989 3977 γεννώμενα*
1034 3908 1160 3970 τοὺς
1201 3905 1259 3960 δὲ
1306 3906 1620 3980 ἀνθρώπους
1667 3908 1869 3980 μηδένα

317 3995 583 4050 ποιεῖσθαι
613 3996 768 4065 λόγον
796 3997 904 4051 τῶν
933 3997 1075 4052 ίδίων
1109 3998 1363 4067 ἐγγόνων,
1389 3998 1524 4052 ἀλλά
1558 4001 1648 4053 καὶ
1679 4003 1870 4072 γεννᾷν

316 4089 390 4154 ὡς
411 4088 588 4160 ἔτυχε,
624 4090 718 4144 καὶ
742 4090 1090 4161 γεννωμένων
1115 4090 1395 4163 ὀλιγωρεῖν
1419 4091 1509 4144 καὶ
1540 4091 1640 4163 τῆς
1665 4093 1870 4164 τροφῆς

317 4181 409 4236 καὶ
437 4181 536 4253 τῆς
570 4181 834 4246 παιδείας.
865 4181 1051 4236 Ταῦτα
1075 4180 1180 4255 γὰρ
1207 4181 1548 4253 ἀμελούμενα
1572 4183 1750 4255 πάσης
1771 4201 1870 4238 κα-

316 4273 438 4337 κίας
463 4273 556 4326 καὶ
585 4273 913 4344 φαυλότητος
938 4273 1198 4347 παραίτια
1220 4276 1446 4345 γίνεται,
1479 4275 1865 4350 βοσκηματώδη

1986 471 2131 525 dicta
2153 485 2185 526 a
2207 467 2442 540 Josepho
2465 466 2712 538 Lyranus
2732 463 3034 528 contendit,
3058 464 3204 534 quod
3225 465 3353 520 facit
3375 465 3550 522 Abra‘o

1985 561 2110 616 ham
2139 561 2450 618 credentem
2477 561 2553 613 ita
2581 559 2906 614 moriturum
2933 557 3106 614 fuisse
3140 557 3311 622 Isaac,
3341 566 3402 613 ut
3430 559 3550 627 ejus

1983 655 2164 708 anima
2187 659 2448 724 perpetuo
2473 650 2617 720 apud
2647 649 2818 704 Deum
2845 659 3110 714 maneret,
3139 664 3240 705 nec
3265 664 3456 706 rursus
3477 650 3546 706 ad

1982 747 2149 800 vitam
2184 744 2429 802 reditura
2458 751 2638 807 esset;
2664 742 2718 796 id
2744 744 2890 797 enim
2928 740 3123 796 fuisset
3161 750 3348 796 contra
3385 741 3542 799 fidem

1982 837 2294 893 divinarum
2323 834 2748 904 promissionum
2777 834 2843 889 de
2882 833 3065 892 futura
3097 832 3246 887 lsaac
3269 836 3541 904 progenie,

1981 943 2145 1000 quam
2200 925 2593 990 ﬁrmissimam,
2654 933 2818 996 atque
2874 925 3255 981 inconcussam
3310 925 3542 982 habebat

1983 1018 2275 1081 Abraham,
2306 1015 2611 1072 certissime
2637 1016 2864 1072 credens
2893 1015 3059 1071 Deum
3089 1031 3282 1072 rursus
3305 1015 3454 1073 Isaac
3473 1032 3540 1073 es

1985 1109 2215 1164 mortuis
2257 1115 2642 1165 revoaturum
2687 1106 2754 1159 ad
2782 1107 2984 1174 vitam;
3019 1105 3164 1176 quod
3209 1122 3339 1163 sane
3373 1106 3440 1163 de
3475 1119 3543 1162 eo

1982 1202 2202 1257 disertis
2229 1199 2411 1255 verbis
2435 1198 2760 1254 testificatus
2783 1205 2866 1254 est
2885 1197 3085 1253 Paulus
3105 1198 3170 1252 ad
3189 1197 3443 1254 Hebraeos
3464 1215 3540 1254 χι.

1981 1295 2138 1361 Quod
2187 1302 2571 1366 argumentum
2620 1307 2783 1362 quam
2827 1292 2899 1347 sit
2947 1291 3109 1347 inane
3151 1292 3382 1347 lectione
3423 1291 3544 1363 ipsa

1982 1395 2164 1442 textus
2195 1386 2330 1441 satis
2361 1393 2604 1455 apparet.

2053 1477 2209 1542 lbid.,
2237 1477 2330 1531 lin.
2354 1476 2444 1532 28.
2485 1476 2714 1529 Τούτων
2731 1473 3019 1540 ἀκούσας.
3043 1472 3332 1543 .osephus.
3357 1473 3540 1546 Antiq.

1983 1569 2078 1624 lib.
2113 1585 2168 1624 ιι
2197 1569 2411 1630 Ἴσακος
2443 1565 2521 1630 δὲ,
2568 1566 2772 1638 πατρὸς
2809 1565 2916 1636 γὰρ
2951 1560 3019 1635 ἦν
3063 1564 3174 1616 οἴου
3216 1565 3544 1634 τετυχηκότα

1981 1658 2226 1725 γενναῖον
2264 1655 2434 1708 ἐδεῖτο
2465 1652 2718 1724 φρόνημα
2751 1648 2911 1717 εἶναι,
2941 1652 3154 1723 δέχεται
3188 1652 3322 1725 πρὸς
3352 1651 3544 1723 ἡδονὴν

1909 1739 1952 1795 Β
1980 1749 2104 1812 τοὺς
2129 1747 2338 1816 λόγουςο
2378 1744 2472 1798 καὶ
2517 1745 2720 1816 φήσας.
2749 1743 2824 1808 ὡς
2859 1744 2980 1797 οὐδὲ
3007 1743 3285 1812 γεγονέναι
3315 1742 3414 1814 τὴν
3439 1745 3541 1816 ἀρ-

1961 1838 2078 1910 ,χὴν
2107 1835 2174 1910 ἦν
2205 1838 2428 1901 δίκαιος,
2477 1837 2526 1888 εί
2559 1834 2694 1889 Θεοῦ
2745 1835 2839 1890 καὶ
2877 1834 3081 1906 πατρὸς
3132 1835 3316 1906 μέλλει
3361 1834 3542 1907 κρίσιν

1977 1927 2337 1990 ἀπωθεῖσθαι,
2371 1927 2464 1981 καὶ
2493 1925 2568 1998 μὴ
2597 1925 2858 1996 παρέχειν
2888 1926 3050 1979 αὐτὸν
3077 1929 3187 1988 τοῖς
3217 1926 3541 1997 ἀμφοτέρων

1981 2020 2312 2092 βουλήμασιν
2342 2019 2592 2090 ἑτοίμως,
2615 2019 2703 2070 ὅτε
2731 2017 2825 2071 καὶ
2852 2018 3010 2088 μόνου
3030 2017 3124 2071 τοῦ
3151 2017 3349 2088 πατρὸς
3366 2017 3540 2072 ταῦτα

1977 2108 2404 2181 προαιρουμένου
2451 2108 2525 2179 μὴ
2575 2107 2871 2160 ὑπακούειν
2922 2108 3103 2162 ἄδικον
3149 2104 3236 2180 ἦν,
3282 2106 3541 2181 ὥρμησεν

1977 2201 2069 2253 ἐπὶ
2097 2201 2186 2254 τὸν
2219 2200 2399 2272 βωμὸν
2429 2200 2523 2254 καὶ
2550 2199 2648 2271 τὴν
2681 2202 2915 2270 σφαγήν.
3543 2237 3546 2260 ς

2052 2291 2211 2359 lbid.,
2251 2293 2350 2348 lin.
2386 2292 2475 2347 45.
2523 2292 2577 2345 Ὀ
2609 2291 2676 2346 δὲ
2707 2292 2852 2358 Θεὸς
2881 2291 3013 2358 τήν.
3051 2291 3354 2350 Alexander
3378 2291 3538 2366 Poly-

1976 2385 2150 2442 histor
2174 2384 2316 2455 apud
2339 2383 2658 2448 Eusebium,
2687 2383 2765 2438 De
2783 2394 3072 2454 prteparat.
3095 2383 3292 2455 Euang.
3322 2385 3417 2440 lib.
3447 2401 3498 2441 ts
3518 2401 3537 2438 :

1974 2477 2109 2530 Μετ’
2137 2477 2197 2528 οὑ
2226 2475 2391 2530 πολὺν
2411 2475 2468 2528 δὲ
2500 2475 2688 2548 χρόνον
2716 2475 2808 2529 τὸν
2836 2475 2968 2530 Θεὸν
2997 2475 3338 2549 τῷἈὸραάμ
3363 2491 3535 2547 προσ-

1971 2565 2127 2632 τάξαι
2173 2566 2354 2620 Ἰσαὰκ
2395 2568 2485 2620 τὸν
2547 2568 2660 2620 υἱὸν
2699 2567 3080 2634 όλοκαρπῶσαι
3123 2567 3291 2639 αὐτῷ.
3337 2568 3440 2622 Τὸν
3477 2567 3537 2622 δὲ

1973 2657 2312 2726 ἀναγαγόντα
2341 2657 2431 2712 τὸν
2461 2659 2621 2711 παῖδα
2650 2659 2742 2711 ἐπὶ
2771 2658 2832 2712 τὸ
2860 2659 2984 2729 ὅρος
3017 2660 3195 2731 πυρὰν
3229 2659 3410 2729 νῆσαι,
3441 2657 3536 2712 καὶ

1972 2748 2238 2802 ἐπιθεῖναι
2274 2748 2366 2801 τὸν
2411 2749 2615 2803 Ἰσαάκ.
2651 2749 2883 2819 Σιράζειν
2914 2750 2970 2804 δὲ
3005 2750 3265 2821 μέλλοντα
3293 2749 3535 2820 κωλυθῆ-

1972 2857 2057 2894 ναι
2087 2840 2190 2894 ὑπὸ
2217 2840 2448 2910 ἀγγέλου
2477 2841 2628 2912 κριὸν
2663 2823 2800 2912 ιὺτῷ
2822 2840 2956 2912 πρὸς
2985 2842 3083 2913 τὴν
3111 2842 3391 2914 κάρπωσιν
3428 2857 3533 2896 πα-

1974 2932 2361 3004 ραστήσαντος.
2411 2929 2514 2984 Τὸν
2554 2931 2610 2984 δὲ
2666 2931 2913 3003 Ἀϐραὰμ
2944 2931 3034 2986 τὸν
3081 2934 3177 3004 μὲν
3211 2933 3372 2987 παῖδα
3403 2931 3536 2988 me-

1972 3020 2110 3076 ελεῖν
2133 3021 2241 3076 ἀπὸ
2269 3022 2368 3094 τῆς
2396 3023 2590 3091 πυρᾶς,
2619 3022 2708 3076 τὸν
2737 3021 2794 3076 δὲ
2821 3022 2973 3094 κριόν
2999 3025 3307 3095 καρπῶσαι.
3334 3023 3402 3078 Et
3425 3025 3530 3079 hoc

1971 3125 2038 3167 ex
2066 3109 2295 3166 Philone
2325 3120 2484 3184 poeta
2512 3112 2821 3168 conﬁrmat.

2040 3201 2199 3265 lbid.,
2237 3201 2334 3255 lin.
2369 3201 2456 3257 50.
2491 3203 2704 3270 Πρώτῳ
2730 3202 2799 3256 δὲ
2829 3202 2927 3270 τῷ.
2964 3202 3254 3270 Eusebius,
3278 3203 3529 3260 Chronic.

1969 3289 2064 3347 lib.
2098 3307 2144 3347 ιι
2173 3291 2378 3363 Πρώτῳ
2400 3293 2690 3363 προφητῶν
2709 3292 2821 3349 ὄντι
2839 3293 2917 3365 τῷ
2957 3292 3202 3367 Ἀϐραὰμ
3233 3297 3262 3348 ό
3281 3295 3374 3350 τοῦ
3394 3294 3530 3350 Θεοῦ

1969 3387 2137 3455 Λόγος
2177 3385 2366 3454 φανεὶς
2407 3386 2463 3436 ὲν
2495 3384 2778 3458 ἀνθρώπου
2829 3387 3064 3457 σχήματι
3095 3387 3193 3460 τὴν
3224 3387 3333 3440 τῶν
3360 3386 3528 3442 ἐθνῶν

1970 3478 2159 3549 κλῆσιν
2185 3477 2450 3542 θεσπίζει,
2486 3477 2552 3548 ἢν
2591 3476 2716 3530 καθ’
2762 3479 2911 3549 ἡμᾶς
2937 3481 2965 3532 ό
2990 3477 3084 3532 τοῦ
3109 3479 3344 3549 Χριστοῦ
3373 3478 3530 3547 λόγος

1969 3572 2048 3635 είς
2076 3569 2246 3642 πέρας
2278 3570 2451 3640 ἤγαγε
2488 3568 2576 3622 διὰ
2610 3568 2711 3639 τῆς
2736 3570 2816 3634 είς
2844 3569 3020 3623 πάντα
3043 3568 3111 3624 τὰ
3134 3568 3259 3641 ἔθνη
3289 3569 3531 3638 Εὑαγγε-

1968 3662 2122 3734 λικῆς
2168 3661 2532 3725 διδασκαλίας.
2582 3661 2707 3716 Haec
2754 3659 2941 3716 eadem
2971 3660 3263 3716 Chronicon
3294 3661 3529 3715 Aleuae.

1950 3753 2201 3823 ,drinum.
2253 3751 2327 3807 De
2379 3751 2481 3806 hac
2538 3758 2592 3806 et
2641 3751 2762 3805 aliis
2820 3751 3052 3806 Abraha:
3108 3752 3528 3808 revelationibus

1967 3841 2216 3897 Asterius
2241 3841 2485 3896 Amasea:
2511 3840 2800 3910 episcopus
2835 3841 2982 3894 hom.
3016 3839 3090 3897 De
3119 3838 3322 3896 Lazaro
3359 3849 3414 3896 et
3441 3842 3529 3896 di-

1967 3932 2098 3996 vite,
2129 3946 2251 3987 cum
2282 3931 2349 3985 ad
2380 3931 2602 3986 dubium
2633 3932 2786 3998 illud,
2811 3931 2952 3999 Quid
2981 3947 3162 3989 causa
3186 3932 3347 3989 fuerit
3383 3932 3529 4005 quod

1967 4037 2089 4078 cum
2121 4022 2275 4077 multi
2301 4022 2571 4092 iustorum
2609 4023 2920 4078 Abrahamo
2946 4025 3282 4096 antiquiores
3307 4025 3529 4088 fuerint.

1968 4115 2226 4169 honorem
2275 4114 2418 4170 hunc
2470 4115 2578 4170 illis
2628 4116 2683 4169 in
2731 4131 2845 4171 aevo
2893 4117 3171 4172 remotiori
3217 4116 3530 4174 constitutis

1967 4203 2207 4260 debitum
2256 4204 2341 4259 isti
2396 4205 2669 4275 praecipue
2715 4205 3008 4276 assignarit
3039 4223 3162 4261 cum
3201 4207 3425 4273 diceret,
3460 4205 3530 4261 Et

1966 4295 2327 4365 deportaretur
2369 4296 2434 4350 ab
2479 4298 2678 4368 angelis
2734 4299 2792 4352 in
2847 4297 3020 4353 sinum
3063 4299 3328 4364 Abrahae,
3381 4299 3529 4355 nulla

317 4365 410 4419 καὶ
443 4367 642 4438 ἀγεννῆ
675 4364 1039 4421 ἀποτελοῦντα
1069 4366 1138 4422 τὰ
1167 4366 1496 4440 γεννώμενα.
1531 4368 1648 4424 Duo
1685 4370 1868 4439 itaque

1971 4386 2110 4442 facta
2170 4386 2479 4451 mentione,
2526 4405 2702 4460 neque
2749 4391 2957 4452 Enoch,
3003 4407 3179 4460 neque
3234 4390 3388 4456 Noe,
3427 4405 3529 4446 nec

317 4455 558 4510 curanda
590 4462 718 4511 sunt
747 4455 801 4508 in
835 4455 1126 4511 liberorum
1155 4456 1519 4528 susceptione,
1552 4457 1785 4527 primum
1811 4465 1868 4511 ut

1971 4480 2200 4535 aliorum
2228 4480 2473 4552 ;Ἑπειδὴ
2509 4455 2676 4556 γὰρ-ό

318 4547 440 4603 sciti
474 4556 527 4603 et
569 4548 842 4620 elegantes
888 4549 1064 4619 quoad
1128 4548 1242 4604 fieri
1297 4549 1495 4620 poterit
1550 4556 1868 4604 nascantur.

317 4640 650 4709 Secundum,
694 4657 820 4697 cum
856 4642 960 4697 orti
1005 4643 1353 4714 susceptique
1395 4639 1636 4707 fuerint,
1672 4642 1870 4695 libera-

317 4737 442 4793 liter
472 4737 801 4805 educentur;
837 4737 1081 4807 iniquum
1115 4738 1258 4794 enim
1312 4745 1397 4792 est
1434 4751 1651 4801 canum,
1685 4750 1870 4806 equo-

318 4840 438 4880 rum
470 4835 524 4882 et
555 4826 786 4882 aliorum
839 4827 1193 4882 animantium
1225 4826 1406 4883 studio
1438 4826 1631 4882 ductos
1670 4839 1869 4896 Oppor-

315 4923 448 4972 tuna
476 4933 703 4988 quaaque
729 4918 1068 4989 conquirere,
1117 4925 1176 4973 ut
1229 4921 1537 4974 necessaria
1566 4919 1635 4974 ad
1668 4935 1868 4976 munus

317 5021 476 5066 suum
525 5010 833 5066 obeundum
877 5009 1109 5066 habeant
1130 5050 1146 5074 ,
1173 5010 1404 5065 ﬁliorum
1431 5024 1561 5068 vero
1586 5009 1864 5067 educatio-

317 5113 439 5153 nem
463 5098 972 5170 institutionemque
1008 5100 1296 5172 negligere.

387 5207 546 5273 I‘bid.,
573 5208 671 5264 lin.
697 5206 789 5264 ~25.
820 5207 1012 5262 Πάλιν
1043 5210 1247 5273 τούτῳ.
1285 5207 1518 5264 Basilius
1557 5207 1866 5265 Seleucien-

315 5302 412 5365 sis,
461 5302 712 5357 oratione
758 5301 813 5354 in
859 5299 1127 5355 Abraham
1157 5314 1176 5352 .'
1206 5301 1302 5354 '0v
1327 5300 1526 5356 εδωκεν
1556 5301 1776 5374 ⁴ᾔτησεν,
1807 5301 1866 5356 ὃν

313 5391 512 5448 ἔπλασε
544 5393 705 5447 πάλιν
735 5393 1016 5466 ἐζήτησεν
1061 5392 1249 5448 ἔλαϐεν
1289 5395 1518 5466 αἰτήσας
1552 5395 1613 5449 ὃν
1647 5394 1860 5449 ἔδωκεν·

310 5484 554 5558 αίτηθεὶς
579 5483 844 5539 ἀποδώσει
879 5485 1039 5539 πάλιν
1073 5485 1368 5558 βουληθεὶς,
1405 5487 1494 5540 ὑπ’
1518 5487 1729 5552 οὐδενὸς
1754 5505 1862 5541 κω-

310 5573 585 5645 λυόμενος.
636 5573 695 5628 '0
724 5573 832 5645 γὰρ
855 5575 952 5628 οὐκ
983 5575 1111 5630 ὅντα
1135 5575 1257 5638 δοὺς
1285 5577 1377 5628 καὶ
1402 5574 1737 5646 νεκρωθέντα
1766 5593 1863 5648 χα-

315 5665 540 5740 placeat.

1969 4572 2064 4627 καὶ
2089 4573 2452 4644 διαφερόντως
2483 4571 2634 4640 οὗτος
2681 4577 2981 4648 ἀνθρώπων
3025 4577 3122 4640 τὰς
3161 4575 3253 4629 τοῦ
3289 4573 3526 4649 Χριστοῦ

1967 4663 2286 4733 ἐπιφανείας
2327 4663 2560 4730 ἐδέξατο,
2599 4668 2691 4721 καὶ
2736 4667 2795 4728 τὸ
2835 4667 2934 4737 τῆς
2974 4665 3196 4737 Τριάδος
3237 4670 3532 4737 μυστήριον

1971 4756 2168 4820 ἱκανῶς
2192 4757 2322 4828 ἡμῖν
2352 4758 2410 4810 ὲν
2439 4760 2504 4829 τῇ
2543 4761 2714 4831 σκηνῇ
2742 4757 2834 4813 τοῦ
2863 4759 3112 4831 γέροντος
3149 4758 3336 4812 τοῦτου
3356 4758 3528 4812 διετυ-

1968 4846 2146 4919 πώθη,
2185 4849 2349 4920 ἡνίκα
2383 4850 2508 4914 τοὺς
2531 4853 2676 4920 τρεῖς
2709 4850 2970 4919 ἀγγέλους
3007 4850 3082 4914 ὡς
3105 4850 3300 4922 ἄνδρας
3324 4848 3527 4904 680mb-

1970 4956 2097 5011 ρους
2133 4939 2357 5007 ἐξένισε,
2391 4941 2484 4994 καὶ⁸
2522 4940 2706 5005 ἁπλῶς
2749 4943 2814 4995 ὲκ
2847 4941 3052 4995 πολλῶν
3091 4940 3202 4996 τῶν
3253 4940 3528 5012 μυστικῶν

1966 5033 2299 5106 αἰνιγμάτων
2313 5035 2510 5097 οἰκεῖος
2523 5033 2618 5088 ἀνθ
2626 5051 2800 5105 ρωπος
2814 5026 2968 5097 οὗτος
2982 5031 3267 5104 γεγένηται
3283 5031 3376 5086 τοῦ
3392 5031 3524 5086 Θεοῦ

1964 5123 2059 5177 τοῦ
2084 5121 2292 5197 χρόνοις
2319 5123 2540 5196 ὕστερον
2561 5125 2966 5195 ἀμφιεσαμένου
2989 5123 3087 5196 τὴν
3106 5123 3304 5196 σάρκα,
3327 5125 3421 5178 καὶ
3438 5122 3527 5177 διὰ

1971 5215 2134 5285 μέσου
2168 5214 2262 5269 τοῦ
2301 5214 2584 5287 ἀνθρώπου
2612 5215 2802 5271 τούτου
2838 5216 3332 5287 παραπετάσματος
3361 5217 3522 5287 ὲναρ-

1965 5306 2078 5375 γῶς
2103 5307 2461 5380 ὁμιλήσαντος
2488 5310 2598 5372 τοῖς
2626 5306 2950 5380 ἀνθρὼποις’
2981 5307 3068 5361 διὰ
3102 5306 3258 5361 τοῦτο
3286 5305 3378 5361 τὸν
3403 5307 3524 5362 κόλ-

1967 5414 2066 5450 πον
2091 5396 2253 5451 αὑτοῦ
2285 5391 2395 5452 οἷον
2419 5396 2592 5451 εὕδιόν
2613 5415 2733 5452 τινα
2754 5397 2972 5469 λιμένα.
2994 5399 3087 5452 καὶ
3109 5396 3524 5453 ἄκλυστονάνα-

1967 5491 2267 5562 παυτήριον
2297 5487 2437 5544 εἶναι
2461 5488 2570 5542 τῶν
2599 5488 2821 5544 δικαίων
2849 5487 3034 5561 φησίν.

2032 5581 2146 5636 Col.
2185 5581 2312 5645 765,
2351 5584 2446 5636 lin.
2486 5582 2537 5638 3.
2590 5581 3040 5651 Τελευτησὰσης
3078 5581 3328 5652 mea“.
3371 5580 3520 5639 108e-

1965 5674 2126 5749 phus,
2155 5673 2333 5746 Antiq.
2363 5675 2462 5732 lib.
2487 5690 2525 5739 ι,
2559 5689 2680 5745 cap.
2703 5675 2769 5730 16
2799 5674 3077 5746 ιΓαμεῖδὶ
3104 5674 3264 5740 αὐτὸς
3292 5673 3517 5728 Χεττοῦο

2711 4482 2957 4556 Ἀϐραὰμ
2986 4483 3236 4556 θεράπων
3268 4481 3528 4556 Χριστοῦ,
3637 4477 3642 4485 ’
