  <div class='ocr_page' id='page_1' title='image "/cluster/home/n/w/nwhite01/storage/ocr_20150623/18/hvd.32044073501207/519.png"; bbox 0 0 3968 6914; ppageno 0'>
   <div class='ocr_carea' id='block_1_1' title="bbox 492 260 668 326">
    <p class='ocr_par' dir='ltr' id='par_1_1' title="bbox 492 260 668 326">
     <span class='ocr_line' id='line_1_1' title="bbox 492 260 668 326; baseline -0.023 0"><span class='ocrx_word' id='word_1_1' title='bbox 492 260 668 326; x_wconf 72' lang='lat'><strong>’1027</strong></span> 
     </span>
    </p>
   </div>
   <div class='ocr_carea' id='block_1_2' title="bbox 1959 253 2518 316">
    <p class='ocr_par' dir='ltr' id='par_1_2' title="bbox 1959 253 2518 316">
     <span class='ocr_line' id='line_1_2' title="bbox 1959 253 2518 316; baseline -0.009 -2"><span class='ocrx_word' id='word_1_2' title='bbox 1959 258 2206 316; x_wconf 82' lang='lat' dir='ltr'><strong>LEONIS</strong></span> <span class='ocrx_word' id='word_1_3' title='bbox 2245 253 2518 312; x_wconf 83' lang='lat' dir='ltr'><strong>ALLATH</strong></span> 
     </span>
    </p>
   </div>
   <div class='ocr_carea' id='block_1_3' title="bbox 3620 253 3761 308">
    <p class='ocr_par' dir='ltr' id='par_1_3' title="bbox 3620 253 3761 308">
     <span class='ocr_line' id='line_1_3' title="bbox 3620 253 3761 308; baseline 0 0"><span class='ocrx_word' id='word_1_4' title='bbox 3620 253 3761 308; x_wconf 67' lang='lat'><strong>{0&#39;18</strong></span> 
     </span>
    </p>
   </div>
   <div class='ocr_carea' id='block_1_4' title="bbox 536 369 3763 459">
    <p class='ocr_par' dir='ltr' id='par_1_4' title="bbox 536 369 3763 459">
     <span class='ocr_line' id='line_1_4' title="bbox 536 369 3763 459; baseline -0.005 -19"><span class='ocrx_word' id='word_1_5' title='bbox 536 404 633 459; x_wconf 88' lang='grc' dir='ltr'><strong>ραν</strong></span> <span class='ocrx_word' id='word_1_6' title='bbox 658 387 898 457; x_wconf 79' lang='grc' dir='ltr'>ὕστερον,</span> <span class='ocrx_word' id='word_1_7' title='bbox 929 385 986 450; x_wconf 80' lang='grc' dir='ltr'><strong>ἐξ</strong></span> <span class='ocrx_word' id='word_1_8' title='bbox 1013 379 1079 457; x_wconf 80' lang='grc' dir='ltr'>ἦς</span> <span class='ocrx_word' id='word_1_9' title='bbox 1101 383 1248 456; x_wconf 82' lang='grc' dir='ltr'>αύτῷ</span> <span class='ocrx_word' id='word_1_10' title='bbox 1273 384 1460 446; x_wconf 85' lang='grc' dir='ltr'>παῖδες</span> <span class='ocrx_word' id='word_1_11' title='bbox 1489 382 1549 446; x_wconf 81' lang='grc' dir='ltr'><strong>ἓξ</strong></span> <span class='ocrx_word' id='word_1_12' title='bbox 1574 382 1835 450; x_wconf 79' lang='grc' dir='ltr'>γίνονται,</span> <span class='ocrx_word' id='word_1_13' title='bbox 1870 381 2004 450; x_wconf 67' lang='grc' dir='ltr'>πρός</span> <span class='ocrx_word' id='word_1_14' title='bbox 2039 398 2096 432; x_wconf 87' lang='grc' dir='ltr'><strong>τε</strong></span> <span class='ocrx_word' id='word_1_15' title='bbox 2127 387 2171 442; x_wconf 82' lang='grc' dir='ltr'>Α</span> <span class='ocrx_word' id='word_1_16' title='bbox 2200 395 2364 449; x_wconf 83' lang='grc' dir='ltr'>φησιν</span> <span class='ocrx_word' id='word_1_17' title='bbox 2389 380 2418 430; x_wconf 80' lang='grc' dir='ltr'><strong>ὁ</strong></span> <span class='ocrx_word' id='word_1_18' title='bbox 2450 376 2752 446; x_wconf 71' lang='grc' dir='ltr'>προφήτης,</span> <span class='ocrx_word' id='word_1_19' title='bbox 2788 377 2817 427; x_wconf 81' lang='grc' dir='ltr'>ὁ</span> <span class='ocrx_word' id='word_1_20' title='bbox 2845 375 2939 427; x_wconf 71' lang='grc' dir='ltr'>καὶ</span> <span class='ocrx_word' id='word_1_21' title='bbox 2966 371 3186 442; x_wconf 82' lang='grc' dir='ltr'>Μαλχδς</span> <span class='ocrx_word' id='word_1_22' title='bbox 3216 369 3506 442; x_wconf 82' lang='grc' dir='ltr'>δ’ῐστορῶν</span> <span class='ocrx_word' id='word_1_23' title='bbox 3534 369 3606 421; x_wconf 75' lang='grc' dir='ltr'>τὰ</span> <span class='ocrx_word' id='word_1_24' title='bbox 3624 373 3763 459; x_wconf 57' lang='lat' dir='ltr'><strong>scapi.</strong></span> 
     </span>
    </p>
   </div>
   <div class='ocr_carea' id='block_1_5' title="bbox 534 473 2099 548">
    <p class='ocr_par' dir='ltr' id='par_1_5' title="bbox 534 473 2099 548">
     <span class='ocr_line' id='line_1_5' title="bbox 534 473 2099 548; baseline -0.004 -17"><span class='ocrx_word' id='word_1_25' title='bbox 534 479 727 540; x_wconf 82' lang='grc' dir='ltr'>πόνους</span> <span class='ocrx_word' id='word_1_26' title='bbox 751 477 1023 548; x_wconf 69' lang='grc' dir='ltr'>καρτεροὶ,</span> <span class='ocrx_word' id='word_1_27' title='bbox 1043 477 1134 530; x_wconf 71' lang='grc' dir='ltr'>καὶ</span> <span class='ocrx_word' id='word_1_28' title='bbox 1153 476 1311 529; x_wconf 71' lang='grc' dir='ltr'>δεινοὶ</span> <span class='ocrx_word' id='word_1_29' title='bbox 1337 474 1595 538; x_wconf 80' lang='grc' dir='ltr'><strong>συνιέναι,</strong></span> <span class='ocrx_word' id='word_1_30' title='bbox 1623 473 1962 544; x_wconf 83' lang='grc' dir='ltr'>Ζεμϐράνης,</span> <span class='ocrx_word' id='word_1_31' title='bbox 1998 473 2099 524; x_wconf 82' lang='grc' dir='ltr'>Ἰα-</span> 
     </span>
    </p>
   </div>
   <div class='ocr_carea' id='block_1_6' title="bbox 534 562 2096 639">
    <p class='ocr_par' dir='ltr' id='par_1_6' title="bbox 534 562 2096 639">
     <span class='ocr_line' id='line_1_6' title="bbox 534 562 2096 639; baseline -0.004 -17"><span class='ocrx_word' id='word_1_32' title='bbox 534 570 735 639; x_wconf 81' lang='grc' dir='ltr'>ζάρης,</span> <span class='ocrx_word' id='word_1_33' title='bbox 776 569 1051 639; x_wconf 77' lang='grc' dir='ltr'><strong>Μαδάνης,</strong></span> <span class='ocrx_word' id='word_1_34' title='bbox 1106 569 1405 638; x_wconf 83' lang='grc' dir='ltr'><strong>Μαδιάνης,</strong></span> <span class='ocrx_word' id='word_1_35' title='bbox 1466 565 1860 626; x_wconf 88' lang='grc' dir='ltr'>Λουσούϐακος,</span> <span class='ocrx_word' id='word_1_36' title='bbox 1914 562 2096 626; x_wconf 77' lang='grc' dir='ltr'>Σοῦος.</span> 
     </span>
    </p>
   </div>
   <div class='ocr_carea' id='block_1_7' title="bbox 532 654 2093 723">
    <p class='ocr_par' dir='ltr' id='par_1_7' title="bbox 532 654 2093 723">
     <span class='ocr_line' id='line_1_7' title="bbox 532 654 2093 723; baseline 0.001 -17"><span class='ocrx_word' id='word_1_37' title='bbox 532 654 758 706; x_wconf 80' lang='grc' dir='ltr'>Φύονται</span> <span class='ocrx_word' id='word_1_38' title='bbox 789 654 844 706; x_wconf 85' lang='grc' dir='ltr'>δὲ</span> <span class='ocrx_word' id='word_1_39' title='bbox 877 657 969 707; x_wconf 75' lang='grc' dir='ltr'>καὶ</span> <span class='ocrx_word' id='word_1_40' title='bbox 995 656 1200 718; x_wconf 82' lang='grc' dir='ltr'><strong>τούτοις</strong></span> <span class='ocrx_word' id='word_1_41' title='bbox 1228 655 1434 716; x_wconf 87' lang='grc' dir='ltr'>παῖδες·</span> <span class='ocrx_word' id='word_1_42' title='bbox 1461 655 1568 706; x_wconf 72' lang='grc' dir='ltr'>καὶ’</span> <span class='ocrx_word' id='word_1_43' title='bbox 1587 655 1750 706; x_wconf 85' lang='grc' dir='ltr'>Σούου</span> <span class='ocrx_word' id='word_1_44' title='bbox 1793 655 1888 723; x_wconf 82' lang='grc' dir='ltr'>μὲν</span> <span class='ocrx_word' id='word_1_45' title='bbox 1924 654 2093 708; x_wconf 73' lang='grc' dir='ltr'>Σαδα-</span> 
     </span>
    </p>
   </div>
   <div class='ocr_carea' id='block_1_8' title="bbox 533 744 2096 820">
    <p class='ocr_par' dir='ltr' id='par_1_8' title="bbox 533 744 2096 820">
     <span class='ocr_line' id='line_1_8' title="bbox 533 744 2096 820; baseline -0.001 -24"><span class='ocrx_word' id='word_1_46' title='bbox 533 745 702 816; x_wconf 84' lang='grc' dir='ltr'>κάνης</span> <span class='ocrx_word' id='word_1_47' title='bbox 739 746 946 820; x_wconf 79' lang='grc' dir='ltr'>γίνεται</span> <span class='ocrx_word' id='word_1_48' title='bbox 989 747 1082 800; x_wconf 75' lang='grc' dir='ltr'>καὶ</span> <span class='ocrx_word' id='word_1_49' title='bbox 1113 747 1369 817; x_wconf 81' lang='grc' dir='ltr'><strong>Δαδάνης·</strong></span> <span class='ocrx_word' id='word_1_50' title='bbox 1413 747 1602 799; x_wconf 88' lang='grc' dir='ltr'>τούτου</span> <span class='ocrx_word' id='word_1_51' title='bbox 1645 746 1704 798; x_wconf 57' lang='grc' dir='ltr'>δὲ</span> <span class='ocrx_word' id='word_1_52' title='bbox 1741 744 2096 814; x_wconf 77' lang='grc' dir='ltr'>Λατούσιμος,</span> 
     </span>
    </p>
   </div>
   <div class='ocr_carea' id='block_1_9' title="bbox 538 835 2097 906">
    <p class='ocr_par' dir='ltr' id='par_1_9' title="bbox 538 835 2097 906">
     <span class='ocr_line' id='line_1_9' title="bbox 538 835 2097 906; baseline -0.001 -20"><span class='ocrx_word' id='word_1_53' title='bbox 538 835 855 905; x_wconf 80' lang='grc' dir='ltr'>Ἀσσουρος,</span> <span class='ocrx_word' id='word_1_54' title='bbox 893 835 1184 906; x_wconf 86' lang='grc' dir='ltr'>Λουούρης·</span> <span class='ocrx_word' id='word_1_55' title='bbox 1229 835 1478 888; x_wconf 81' lang='grc' dir='ltr'><strong>Μαδάνου</strong></span> <span class='ocrx_word' id='word_1_56' title='bbox 1535 835 1591 886; x_wconf 82' lang='grc' dir='ltr'>δὲ</span> <span class='ocrx_word' id='word_1_57' title='bbox 1643 835 1831 903; x_wconf 74' lang='grc' dir='ltr'>Ἢφαὲ,</span> <span class='ocrx_word' id='word_1_58' title='bbox 1872 835 2097 904; x_wconf 83' lang='grc' dir='ltr'>Ὠφρης,</span> 
     </span>
    </p>
   </div>
   <div class='ocr_carea' id='block_1_10' title="bbox 537 925 2097 998">
    <p class='ocr_par' dir='ltr' id='par_1_10' title="bbox 537 925 2097 998">
     <span class='ocr_line' id='line_1_10' title="bbox 537 925 2097 998; baseline 0.001 -19"><span class='ocrx_word' id='word_1_59' title='bbox 537 925 782 997; x_wconf 71' lang='grc' dir='ltr'>Ἄνοχος,</span> <span class='ocrx_word' id='word_1_60' title='bbox 831 927 1071 991; x_wconf 83' lang='grc' dir='ltr'>Ἔϐιδας,</span> <span class='ocrx_word' id='word_1_61' title='bbox 1135 929 1338 992; x_wconf 84' lang='grc' dir='ltr'><strong>Ἐλδᾶς.</strong></span> <span class='ocrx_word' id='word_1_62' title='bbox 1396 928 1459 980; x_wconf 87' lang='grc' dir='ltr'><strong>Ει</strong></span> <span class='ocrx_word' id='word_1_63' title='bbox 1506 926 1786 998; x_wconf 79' lang='lat' dir='ltr'><strong>Origenes,</strong></span> <span class='ocrx_word' id='word_1_64' title='bbox 1829 926 1974 981; x_wconf 90' lang='lat' dir='ltr'><strong>hom.</strong></span> <span class='ocrx_word' id='word_1_65' title='bbox 2009 927 2097 990; x_wconf 85' lang='grc' dir='ltr'>Η,</span> 
     </span>
    </p>
   </div>
   <div class='ocr_carea' id='block_1_11' title="bbox 535 1017 2100 1088">
    <p class='ocr_par' dir='ltr' id='par_1_11' title="bbox 535 1017 2100 1088">
     <span class='ocr_line' id='line_1_11' title="bbox 535 1017 2100 1088; baseline -0.001 -16"><span class='ocrx_word' id='word_1_66' title='bbox 535 1019 745 1084; x_wconf 84' lang='lat' dir='ltr'><strong>Genes.,</strong></span> <span class='ocrx_word' id='word_1_67' title='bbox 796 1018 934 1073; x_wconf 87' lang='lat' dir='ltr'><strong>idem</strong></span> <span class='ocrx_word' id='word_1_68' title='bbox 994 1020 1192 1078; x_wconf 85' lang='lat' dir='ltr'><strong>sentit,</strong></span> <span class='ocrx_word' id='word_1_69' title='bbox 1244 1027 1364 1088; x_wconf 88' lang='lat' dir='ltr'><strong>post</strong></span> <span class='ocrx_word' id='word_1_70' title='bbox 1412 1026 1639 1072; x_wconf 88' lang='lat' dir='ltr'><strong>mortem</strong></span> <span class='ocrx_word' id='word_1_71' title='bbox 1693 1017 1901 1071; x_wconf 89' lang='lat' dir='ltr'><strong>scilicet</strong></span> <span class='ocrx_word' id='word_1_72' title='bbox 1954 1017 2100 1071; x_wconf 65' lang='lat' dir='ltr'><strong>Sara:</strong></span> 
     </span>
    </p>
   </div>
   <div class='ocr_carea' id='block_1_12' title="bbox 499 1109 2100 1172">
    <p class='ocr_par' dir='ltr' id='par_1_12' title="bbox 499 1109 2100 1172">
     <span class='ocr_line' id='line_1_12' title="bbox 499 1109 2100 1172; baseline 0 -9"><span class='ocrx_word' id='word_1_73' title='bbox 499 1113 806 1165; x_wconf 75' lang='lat' dir='ltr'><strong>&#39;Abraham</strong></span> <span class='ocrx_word' id='word_1_74' title='bbox 851 1112 903 1164; x_wconf 92' lang='lat' dir='ltr'><strong>in</strong></span> <span class='ocrx_word' id='word_1_75' title='bbox 943 1111 1349 1164; x_wconf 89' lang='lat' dir='ltr'><strong>matrimonium</strong></span> <span class='ocrx_word' id='word_1_76' title='bbox 1391 1111 1615 1166; x_wconf 82' lang='lat' dir='ltr'><strong>duxisse</strong></span> <span class='ocrx_word' id='word_1_77' title='bbox 1649 1110 1962 1172; x_wconf 89' lang='lat' dir='ltr'><strong>Ccthuram,</strong></span> <span class='ocrx_word' id='word_1_78' title='bbox 2016 1109 2100 1163; x_wconf 84' lang='lat' dir='ltr'><strong>id-</strong></span> 
     </span>
    </p>
   </div>
   <div class='ocr_carea' id='block_1_13' title="bbox 535 1201 2100 1273">
    <p class='ocr_par' dir='ltr' id='par_1_13' title="bbox 535 1201 2100 1273">
     <span class='ocr_line' id='line_1_13' title="bbox 535 1201 2100 1273; baseline -0.003 -15"><span class='ocrx_word' id='word_1_79' title='bbox 535 1221 640 1273; x_wconf 88' lang='lat' dir='ltr'><strong>que</strong></span> <span class='ocrx_word' id='word_1_80' title='bbox 666 1220 732 1259; x_wconf 81' lang='lat' dir='ltr'><strong>ex</strong></span> <span class='ocrx_word' id='word_1_81' title='bbox 761 1204 950 1258; x_wconf 82' lang='lat' dir='ltr'><strong>ordine</strong></span> <span class='ocrx_word' id='word_1_82' title='bbox 975 1203 1223 1258; x_wconf 79' lang='lat' dir='ltr'><strong>Mosaicae</strong></span> <span class='ocrx_word' id='word_1_83' title='bbox 1248 1203 1576 1256; x_wconf 78' lang='lat' dir='ltr'><strong>narrationis</strong></span> <span class='ocrx_word' id='word_1_84' title='bbox 1605 1201 1740 1256; x_wconf 89' lang='lat' dir='ltr'><strong>satis</strong></span> <span class='ocrx_word' id='word_1_85' title='bbox 1764 1209 2100 1270; x_wconf 90' lang='lat' dir='ltr'><strong>compertum</strong></span> 
     </span>
    </p>
   </div>
   <div class='ocr_carea' id='block_1_14' title="bbox 498 1291 2098 1366">
    <p class='ocr_par' dir='ltr' id='par_1_14' title="bbox 498 1291 2098 1366">
     <span class='ocr_line' id='line_1_14' title="bbox 498 1291 2098 1366; baseline -0.003 -14"><span class='ocrx_word' id='word_1_86' title='bbox 498 1305 636 1352; x_wconf 47' lang='lat' dir='ltr'><strong>“est.</strong></span> <span class='ocrx_word' id='word_1_87' title='bbox 675 1297 968 1366; x_wconf 84' lang='lat' dir='ltr'><strong>Cajetanus</strong></span> <span class='ocrx_word' id='word_1_88' title='bbox 1013 1303 1195 1349; x_wconf 87' lang='lat' dir='ltr'><strong>tamen</strong></span> <span class='ocrx_word' id='word_1_89' title='bbox 1245 1295 1300 1347; x_wconf 92' lang='lat' dir='ltr'><strong>in</strong></span> <span class='ocrx_word' id='word_1_90' title='bbox 1353 1309 1471 1365; x_wconf 85' lang='lat' dir='ltr'><strong>cap.</strong></span> <span class='ocrx_word' id='word_1_91' title='bbox 1511 1308 1619 1348; x_wconf 80' lang='lat' dir='ltr'><strong>xxv</strong></span> <span class='ocrx_word' id='word_1_92' title='bbox 1661 1291 1845 1347; x_wconf 85' lang='lat' dir='ltr'><strong>Genes.</strong></span> <span class='ocrx_word' id='word_1_93' title='bbox 1872 1293 2098 1348; x_wconf 76' lang='lat' dir='ltr'><strong>dubitat.</strong></span> 
     </span>
    </p>
   </div>
   <div class='ocr_carea' id='block_1_15' title="bbox 540 1386 2104 1457">
    <p class='ocr_par' dir='ltr' id='par_1_15' title="bbox 540 1386 2104 1457">
     <span class='ocr_line' id='line_1_15' title="bbox 540 1386 2104 1457; baseline -0.004 -15"><span class='ocrx_word' id='word_1_94' title='bbox 540 1389 760 1457; x_wconf 83' lang='lat' dir='ltr'><strong>Tempus</strong></span> <span class='ocrx_word' id='word_1_95' title='bbox 794 1399 989 1452; x_wconf 89' lang='lat' dir='ltr'><strong>autem,</strong></span> <span class='ocrx_word' id='word_1_96' title='bbox 1027 1388 1122 1453; x_wconf 92' lang='lat' dir='ltr'><strong>ait,</strong></span> <span class='ocrx_word' id='word_1_97' title='bbox 1157 1386 1366 1456; x_wconf 83' lang='lat' dir='ltr'><strong>quando</strong></span> <span class='ocrx_word' id='word_1_98' title='bbox 1396 1386 1664 1438; x_wconf 81' lang='lat' dir='ltr'><strong>Abraham</strong></span> <span class='ocrx_word' id='word_1_99' title='bbox 1698 1401 1911 1438; x_wconf 78' lang='lat' dir='ltr'><strong>uxorem</strong></span> <span class='ocrx_word' id='word_1_100' title='bbox 1942 1401 2104 1437; x_wconf 56' lang='grc' dir='ltr'>ιιι-σεε</span> 
     </span>
    </p>
   </div>
   <div class='ocr_carea' id='block_1_16' title="bbox 533 1474 2101 1542">
    <p class='ocr_par' dir='ltr' id='par_1_16' title="bbox 533 1474 2101 1542">
     <span class='ocr_line' id='line_1_16' title="bbox 533 1474 2101 1542; baseline -0.001 -17"><span class='ocrx_word' id='word_1_101' title='bbox 533 1479 610 1542; x_wconf 72' lang='lat' dir='ltr'><strong>pit</strong></span> <span class='ocrx_word' id='word_1_102' title='bbox 649 1476 956 1539; x_wconf 76' lang='lat' dir='ltr'><strong>Cet/turam,</strong></span> <span class='ocrx_word' id='word_1_103' title='bbox 999 1493 1100 1529; x_wconf 88' lang='lat' dir='ltr'><strong>non</strong></span> <span class='ocrx_word' id='word_1_104' title='bbox 1147 1486 1223 1527; x_wconf 74' lang='lat' dir='ltr'><strong>est</strong></span> <span class='ocrx_word' id='word_1_105' title='bbox 1265 1485 1484 1538; x_wconf 85' lang='lat' dir='ltr'><strong>certum,</strong></span> <span class='ocrx_word' id='word_1_106' title='bbox 1529 1477 1760 1529; x_wconf 75' lang='lat' dir='ltr'><strong>videlicet</strong></span> <span class='ocrx_word' id='word_1_107' title='bbox 1802 1493 1869 1528; x_wconf 91' lang='lat' dir='ltr'><strong>an</strong></span> <span class='ocrx_word' id='word_1_108' title='bbox 1915 1475 1970 1526; x_wconf 93' lang='lat' dir='ltr'><strong>id</strong></span> <span class='ocrx_word' id='word_1_109' title='bbox 2015 1474 2101 1540; x_wconf 77' lang='lat' dir='ltr'><strong>fa-</strong></span> 
     </span>
    </p>
   </div>
   <div class='ocr_carea' id='block_1_17' title="bbox 495 1566 2104 1636">
    <p class='ocr_par' dir='ltr' id='par_1_17' title="bbox 495 1566 2104 1636">
     <span class='ocr_line' id='line_1_17' title="bbox 495 1566 2104 1636; baseline 0 -18"><span class='ocrx_word' id='word_1_110' title='bbox 495 1595 507 1603; x_wconf 77' lang='lat'><strong>~</strong></span> <span class='ocrx_word' id='word_1_111' title='bbox 537 1577 679 1618; x_wconf 85' lang='lat' dir='ltr'><strong>ctum</strong></span> <span class='ocrx_word' id='word_1_112' title='bbox 727 1569 795 1619; x_wconf 88' lang='lat' dir='ltr'><strong>sit</strong></span> <span class='ocrx_word' id='word_1_113' title='bbox 839 1569 1033 1620; x_wconf 74' lang='lat' dir='ltr'><strong>vivente</strong></span> <span class='ocrx_word' id='word_1_114' title='bbox 1076 1567 1244 1618; x_wconf 78' lang='lat' dir='ltr'><strong>adhuc</strong></span> <span class='ocrx_word' id='word_1_115' title='bbox 1285 1566 1421 1621; x_wconf 86' lang='lat' dir='ltr'><strong>Sara</strong></span> <span class='ocrx_word' id='word_1_116' title='bbox 1462 1577 1578 1636; x_wconf 85' lang='lat' dir='ltr'><strong>post</strong></span> <span class='ocrx_word' id='word_1_117' title='bbox 1619 1568 1920 1636; x_wconf 85' lang='lat' dir='ltr'><strong>ejectionem</strong></span> <span class='ocrx_word' id='word_1_118' title='bbox 1959 1567 2104 1634; x_wconf 78' lang='lat' dir='ltr'><strong>Agar</strong></span> 
     </span>
    </p>
   </div>
   <div class='ocr_carea' id='block_1_18' title="bbox 533 1655 2100 1724">
    <p class='ocr_par' dir='ltr' id='par_1_18' title="bbox 533 1655 2100 1724">
     <span class='ocr_line' id='line_1_18' title="bbox 533 1655 2100 1724; baseline 0.001 -18"><span class='ocrx_word' id='word_1_119' title='bbox 533 1671 654 1706; x_wconf 88' lang='lat' dir='ltr'><strong>cum</strong></span> <span class='ocrx_word' id='word_1_120' title='bbox 689 1655 931 1720; x_wconf 82' lang='lat' dir='ltr'><strong>Ismaele,</strong></span> <span class='ocrx_word' id='word_1_121' title='bbox 976 1673 1043 1708; x_wconf 88' lang='lat' dir='ltr'><strong>an</strong></span> <span class='ocrx_word' id='word_1_122' title='bbox 1082 1672 1143 1708; x_wconf 90' lang='lat' dir='ltr'><strong>ea</strong></span> <span class='ocrx_word' id='word_1_123' title='bbox 1177 1658 1293 1724; x_wconf 81' lang='lat' dir='ltr'><strong>jam</strong></span> <span class='ocrx_word' id='word_1_124' title='bbox 1337 1665 1562 1710; x_wconf 88' lang='lat' dir='ltr'><strong>mortua.</strong></span> <span class='ocrx_word' id='word_1_125' title='bbox 1603 1655 1888 1724; x_wconf 79' lang='lat' dir='ltr'><strong>Scriptura:</strong></span> <span class='ocrx_word' id='word_1_126' title='bbox 1931 1663 2100 1708; x_wconf 87' lang='lat' dir='ltr'><strong>tamen</strong></span> 
     </span>
    </p>
   </div>
   <div class='ocr_carea' id='block_1_19' title="bbox 2214 458 3762 535">
    <p class='ocr_par' dir='ltr' id='par_1_19' title="bbox 2214 458 3762 535">
     <span class='ocr_line' id='line_1_19' title="bbox 2214 458 3762 535; baseline -0.007 -12"><span class='ocrx_word' id='word_1_127' title='bbox 2214 470 2500 533; x_wconf 85' lang='grc' dir='ltr'>Ἰουδαίων,</span> <span class='ocrx_word' id='word_1_128' title='bbox 2536 467 2717 530; x_wconf 78' lang='grc' dir='ltr'>καθὼς</span> <span class='ocrx_word' id='word_1_129' title='bbox 2743 467 2837 519; x_wconf 68' lang='grc' dir='ltr'><strong>καὶ</strong></span> <span class='ocrx_word' id='word_1_130' title='bbox 2861 465 3094 535; x_wconf 85' lang='grc' dir='ltr'><strong>Μωῦσῆς</strong></span> <span class='ocrx_word' id='word_1_131' title='bbox 3117 464 3399 532; x_wconf 72' lang='grc' dir='ltr'>ἱστόρησεν</span> <span class='ocrx_word' id='word_1_132' title='bbox 3420 463 3450 514; x_wconf 84' lang='grc' dir='ltr'>ὁ</span> <span class='ocrx_word' id='word_1_133' title='bbox 3474 458 3762 530; x_wconf 77' lang='grc' dir='ltr'>νομοθέτης</span> 
     </span>
    </p>
   </div>
   <div class='ocr_carea' id='block_1_20' title="bbox 2199 550 3766 627">
    <p class='ocr_par' dir='ltr' id='par_1_20' title="bbox 2199 550 3766 627">
     <span class='ocr_line' id='line_1_20' title="bbox 2199 550 3766 627; baseline -0.008 -13"><span class='ocrx_word' id='word_1_134' title='bbox 2199 559 2397 622; x_wconf 83' lang='grc' dir='ltr'>αὐτῶν,</span> <span class='ocrx_word' id='word_1_135' title='bbox 2432 559 2514 610; x_wconf 78' lang='grc' dir='ltr'><strong>ὅτι</strong></span> <span class='ocrx_word' id='word_1_136' title='bbox 2543 560 2607 610; x_wconf 86' lang='grc' dir='ltr'>ὲκ</span> <span class='ocrx_word' id='word_1_137' title='bbox 2635 560 2732 627; x_wconf 79' lang='grc' dir='ltr'>τῆς</span> <span class='ocrx_word' id='word_1_138' title='bbox 2757 555 3059 626; x_wconf 80' lang='grc' dir='ltr'>Χαιτούρας</span> <span class='ocrx_word' id='word_1_139' title='bbox 3089 552 3331 625; x_wconf 62' lang='grc' dir='ltr'>ἐγένοντο</span> <span class='ocrx_word' id='word_1_140' title='bbox 3365 550 3634 622; x_wconf 72' lang='grc' dir='ltr'>Ἁϐράμῳ</span> <span class='ocrx_word' id='word_1_141' title='bbox 3659 555 3766 603; x_wconf 73' lang='grc' dir='ltr'>παῖ-</span> 
     </span>
    </p>
   </div>
   <div class='ocr_carea' id='block_1_21' title="bbox 2198 643 3764 718">
    <p class='ocr_par' dir='ltr' id='par_1_21' title="bbox 2198 643 3764 718">
     <span class='ocr_line' id='line_1_21' title="bbox 2198 643 3764 718; baseline -0.008 -13"><span class='ocrx_word' id='word_1_142' title='bbox 2198 653 2284 712; x_wconf 89' lang='grc' dir='ltr'><strong>δες</strong></span> <span class='ocrx_word' id='word_1_143' title='bbox 2315 651 2504 705; x_wconf 73' lang='grc' dir='ltr'>ἱκανοί.</span> <span class='ocrx_word' id='word_1_144' title='bbox 2539 651 2699 718; x_wconf 80' lang='grc' dir='ltr'><strong>Λέγει</strong></span> <span class='ocrx_word' id='word_1_145' title='bbox 2724 650 2782 701; x_wconf 84' lang='grc' dir='ltr'>δὲ</span> <span class='ocrx_word' id='word_1_146' title='bbox 2803 649 2982 702; x_wconf 84' lang='grc' dir='ltr'>αὐτῶν</span> <span class='ocrx_word' id='word_1_147' title='bbox 3015 647 3108 700; x_wconf 78' lang='grc' dir='ltr'>καὶ</span> <span class='ocrx_word' id='word_1_148' title='bbox 3134 646 3202 698; x_wconf 78' lang='grc' dir='ltr'><strong>τά</strong></span> <span class='ocrx_word' id='word_1_149' title='bbox 3225 645 3468 714; x_wconf 78' lang='grc' dir='ltr'>ὀνόματα</span> <span class='ocrx_word' id='word_1_150' title='bbox 3487 643 3764 711; x_wconf 74' lang='grc' dir='ltr'><strong>ὀνομάζων</strong></span> 
     </span>
    </p>
   </div>
   <div class='ocr_carea' id='block_1_22' title="bbox 2197 733 3766 814">
    <p class='ocr_par' dir='ltr' id='par_1_22' title="bbox 2197 733 3766 814">
     <span class='ocr_line' id='line_1_22' title="bbox 2197 733 3766 814; baseline -0.008 -19"><span class='ocrx_word' id='word_1_151' title='bbox 2197 747 2364 814; x_wconf 83' lang='grc' dir='ltr'><strong>τρεῖς,</strong></span> <span class='ocrx_word' id='word_1_152' title='bbox 2405 743 2664 812; x_wconf 73' lang='grc' dir='ltr'>Ἀφεραν,</span> <span class='ocrx_word' id='word_1_153' title='bbox 2697 741 2948 810; x_wconf 69' lang='grc' dir='ltr'>Σουρεὶμ,</span> <span class='ocrx_word' id='word_1_154' title='bbox 2994 739 3231 808; x_wconf 72' lang='grc' dir='ltr'>Ἰάφραψ</span> <span class='ocrx_word' id='word_1_155' title='bbox 3267 735 3375 788; x_wconf 78' lang='grc' dir='ltr'><strong>ἀπὸ</strong></span> <span class='ocrx_word' id='word_1_156' title='bbox 3405 734 3654 803; x_wconf 72' lang='grc' dir='ltr'>Σουρεὶμ</span> <span class='ocrx_word' id='word_1_157' title='bbox 3683 733 3766 799; x_wconf 84' lang='grc' dir='ltr'>μὲν</span> 
     </span>
    </p>
   </div>
   <div class='ocr_carea' id='block_1_23' title="bbox 2199 824 3769 904">
    <p class='ocr_par' dir='ltr' id='par_1_23' title="bbox 2199 824 3769 904">
     <span class='ocr_line' id='line_1_23' title="bbox 2199 824 3769 904; baseline -0.006 -19"><span class='ocrx_word' id='word_1_158' title='bbox 2199 833 2294 903; x_wconf 86' lang='grc' dir='ltr'>τὴν</span> <span class='ocrx_word' id='word_1_159' title='bbox 2309 832 2595 904; x_wconf 82' lang='grc' dir='ltr'>Ἀσσυρίαν</span> <span class='ocrx_word' id='word_1_160' title='bbox 2623 830 2936 901; x_wconf 81' lang='grc' dir='ltr'>κεκλῆσθαι,</span> <span class='ocrx_word' id='word_1_161' title='bbox 2954 830 3059 883; x_wconf 81' lang='grc' dir='ltr'><strong>ἀπὸ</strong></span> <span class='ocrx_word' id='word_1_162' title='bbox 3079 829 3133 880; x_wconf 82' lang='grc' dir='ltr'>δὲ</span> <span class='ocrx_word' id='word_1_163' title='bbox 3157 828 3262 880; x_wconf 82' lang='grc' dir='ltr'>τῶν</span> <span class='ocrx_word' id='word_1_164' title='bbox 3284 827 3396 886; x_wconf 81' lang='grc' dir='ltr'>δύο,</span> <span class='ocrx_word' id='word_1_165' title='bbox 3416 826 3595 894; x_wconf 76' lang='grc' dir='ltr'>Ἀφρᾶ</span> <span class='ocrx_word' id='word_1_166' title='bbox 3612 839 3671 874; x_wconf 86' lang='grc' dir='ltr'><strong>τε</strong></span> <span class='ocrx_word' id='word_1_167' title='bbox 3689 824 3769 875; x_wconf 71' lang='grc' dir='ltr'>καὶ</span> 
     </span>
    </p>
   </div>
   <div class='ocr_carea' id='block_1_24' title="bbox 2213 918 3768 994">
    <p class='ocr_par' dir='ltr' id='par_1_24' title="bbox 2213 918 3768 994">
     <span class='ocr_line' id='line_1_24' title="bbox 2213 918 3768 994; baseline -0.008 -17"><span class='ocrx_word' id='word_1_168' title='bbox 2213 925 2476 994; x_wconf 80' lang='grc' dir='ltr'>Ἰαφέρου,</span> <span class='ocrx_word' id='word_1_169' title='bbox 2517 924 2668 977; x_wconf 82' lang='grc' dir='ltr'>πόλιν</span> <span class='ocrx_word' id='word_1_170' title='bbox 2689 940 2748 975; x_wconf 81' lang='grc' dir='ltr'><strong>τε</strong></span> <span class='ocrx_word' id='word_1_171' title='bbox 2782 921 3003 992; x_wconf 76' lang='grc' dir='ltr'>Ἀφρὰν,</span> <span class='ocrx_word' id='word_1_172' title='bbox 3031 922 3122 981; x_wconf 75' lang='grc' dir='ltr'>καὶ</span> <span class='ocrx_word' id='word_1_173' title='bbox 3147 922 3243 989; x_wconf 83' lang='grc' dir='ltr'>τὴν</span> <span class='ocrx_word' id='word_1_174' title='bbox 3267 918 3449 988; x_wconf 85' lang='grc' dir='ltr'>χώραν</span> <span class='ocrx_word' id='word_1_175' title='bbox 3495 918 3768 985; x_wconf 72' lang='grc' dir='ltr'>Ἀφρικαν</span> 
     </span>
    </p>
   </div>
   <div class='ocr_carea' id='block_1_25' title="bbox 2199 1011 3770 1085">
    <p class='ocr_par' dir='ltr' id='par_1_25' title="bbox 2199 1011 3770 1085">
     <span class='ocr_line' id='line_1_25' title="bbox 2199 1011 3770 1085; baseline -0.003 -19"><span class='ocrx_word' id='word_1_176' title='bbox 2199 1014 2596 1085; x_wconf 82' lang='grc' dir='ltr'>ὠνομασθῆναι.</span> <span class='ocrx_word' id='word_1_177' title='bbox 2643 1012 2914 1077; x_wconf 86' lang='lat' dir='ltr'><strong>Pererius,</strong></span> <span class='ocrx_word' id='word_1_178' title='bbox 2970 1011 3112 1064; x_wconf 84' lang='lat' dir='ltr'><strong>haud</strong></span> <span class='ocrx_word' id='word_1_179' title='bbox 3164 1011 3287 1073; x_wconf 88' lang='lat' dir='ltr'><strong>scit,</strong></span> <span class='ocrx_word' id='word_1_180' title='bbox 3339 1025 3408 1063; x_wconf 90' lang='lat' dir='ltr'><strong>an</strong></span> <span class='ocrx_word' id='word_1_181' title='bbox 3467 1023 3575 1078; x_wconf 91' lang='lat' dir='ltr'><strong>pro</strong></span> <span class='ocrx_word' id='word_1_182' title='bbox 3626 1016 3770 1061; x_wconf 84' lang='lat' dir='ltr'><strong>certo</strong></span> 
     </span>
    </p>
   </div>
   <div class='ocr_carea' id='block_1_26' title="bbox 2201 1098 3773 1178">
    <p class='ocr_par' dir='ltr' id='par_1_26' title="bbox 2201 1098 3773 1178">
     <span class='ocr_line' id='line_1_26' title="bbox 2201 1098 3773 1178; baseline -0.007 -17"><span class='ocrx_word' id='word_1_183' title='bbox 2201 1108 2348 1162; x_wconf 88' lang='lat' dir='ltr'><strong>credi</strong></span> <span class='ocrx_word' id='word_1_184' title='bbox 2387 1115 2566 1178; x_wconf 86' lang='lat' dir='ltr'><strong>posset</strong></span> <span class='ocrx_word' id='word_1_185' title='bbox 2608 1105 2789 1175; x_wconf 89' lang='lat' dir='ltr'><strong>Opber</strong></span> <span class='ocrx_word' id='word_1_186' title='bbox 2819 1105 2962 1158; x_wconf 90' lang='lat' dir='ltr'><strong>hunc</strong></span> <span class='ocrx_word' id='word_1_187' title='bbox 2993 1103 3212 1172; x_wconf 82' lang='lat' dir='ltr'><strong>petiisse</strong></span> <span class='ocrx_word' id='word_1_188' title='bbox 3243 1117 3365 1155; x_wconf 85' lang='lat' dir='ltr'><strong>cum</strong></span> <span class='ocrx_word' id='word_1_189' title='bbox 3395 1099 3652 1156; x_wconf 82' lang='lat' dir='ltr'><strong>exercitu</strong></span> <span class='ocrx_word' id='word_1_190' title='bbox 3689 1098 3773 1151; x_wconf 87' lang='lat' dir='ltr'><strong>Li-</strong></span> 
     </span>
    </p>
   </div>
   <div class='ocr_carea' id='block_1_27' title="bbox 2203 1191 3772 1268">
    <p class='ocr_par' dir='ltr' id='par_1_27' title="bbox 2203 1191 3772 1268">
     <span class='ocr_line' id='line_1_27' title="bbox 2203 1191 3772 1268; baseline -0.003 -17"><span class='ocrx_word' id='word_1_191' title='bbox 2203 1198 2382 1268; x_wconf 91' lang='lat' dir='ltr'><strong>byam,</strong></span> <span class='ocrx_word' id='word_1_192' title='bbox 2425 1199 2605 1267; x_wconf 86' lang='lat' dir='ltr'><strong>ibique</strong></span> <span class='ocrx_word' id='word_1_193' title='bbox 2648 1205 2834 1266; x_wconf 88' lang='lat' dir='ltr'><strong>postea</strong></span> <span class='ocrx_word' id='word_1_194' title='bbox 2865 1195 3201 1258; x_wconf 86' lang='lat' dir='ltr'><strong>consedisse,</strong></span> <span class='ocrx_word' id='word_1_195' title='bbox 3227 1203 3282 1248; x_wconf 91' lang='lat' dir='ltr'><strong>et</strong></span> <span class='ocrx_word' id='word_1_196' title='bbox 3310 1201 3518 1268; x_wconf 83' lang='lat' dir='ltr'><strong>mutato</strong></span> <span class='ocrx_word' id='word_1_197' title='bbox 3548 1191 3772 1246; x_wconf 87' lang='lat' dir='ltr'><strong>nomine</strong></span> 
     </span>
    </p>
   </div>
   <div class='ocr_carea' id='block_1_28' title="bbox 2203 1267 3772 1358">
    <p class='ocr_par' dir='ltr' id='par_1_28' title="bbox 2203 1267 3772 1358">
     <span class='ocr_line' id='line_1_28' title="bbox 2203 1267 3772 1358; baseline -0.003 -17"><span class='ocrx_word' id='word_1_198' title='bbox 2203 1267 2423 1358; x_wconf 82' lang='lat' dir='ltr'><strong>Libyam</strong></span> <span class='ocrx_word' id='word_1_199' title='bbox 2459 1289 2526 1342; x_wconf 90' lang='lat' dir='ltr'><strong>ab</strong></span> <span class='ocrx_word' id='word_1_200' title='bbox 2557 1302 2623 1342; x_wconf 94' lang='lat' dir='ltr'><strong>eo</strong></span> <span class='ocrx_word' id='word_1_201' title='bbox 2665 1288 2866 1342; x_wconf 86' lang='lat' dir='ltr'><strong>dictam</strong></span> <span class='ocrx_word' id='word_1_202' title='bbox 2910 1302 3034 1340; x_wconf 89' lang='lat' dir='ltr'><strong>esse</strong></span> <span class='ocrx_word' id='word_1_203' title='bbox 3080 1286 3342 1348; x_wconf 63' lang='lat' dir='ltr'><strong>Africam,</strong></span> <span class='ocrx_word' id='word_1_204' title='bbox 3379 1267 3505 1338; x_wconf 83' lang='lat' dir='ltr'><strong>cum</strong></span> <span class='ocrx_word' id='word_1_205' title='bbox 3545 1300 3619 1339; x_wconf 84' lang='lat' dir='ltr'><strong>ex</strong></span> <span class='ocrx_word' id='word_1_206' title='bbox 3653 1285 3772 1354; x_wconf 81' lang='lat' dir='ltr'><strong>ipsa</strong></span> 
     </span>
    </p>
   </div>
   <div class='ocr_carea' id='block_1_29' title="bbox 2205 1377 3772 1448">
    <p class='ocr_par' dir='ltr' id='par_1_29' title="bbox 2205 1377 3772 1448">
     <span class='ocr_line' id='line_1_29' title="bbox 2205 1377 3772 1448; baseline -0.001 -15"><span class='ocrx_word' id='word_1_207' title='bbox 2205 1379 2486 1448; x_wconf 84' lang='lat' dir='ltr'><strong>Scriptura</strong></span> <span class='ocrx_word' id='word_1_208' title='bbox 2518 1379 2868 1433; x_wconf 84' lang='lat' dir='ltr'><strong>manifestum</strong></span> <span class='ocrx_word' id='word_1_209' title='bbox 2903 1381 2994 1442; x_wconf 82' lang='lat' dir='ltr'><strong>sit.</strong></span> <span class='ocrx_word' id='word_1_210' title='bbox 3034 1379 3240 1431; x_wconf 82' lang='lat' dir='ltr'><strong>Madian</strong></span> <span class='ocrx_word' id='word_1_211' title='bbox 3273 1393 3393 1430; x_wconf 90' lang='lat' dir='ltr'><strong>cum</strong></span> <span class='ocrx_word' id='word_1_212' title='bbox 3429 1378 3546 1432; x_wconf 92' lang='lat' dir='ltr'><strong>suis</strong></span> <span class='ocrx_word' id='word_1_213' title='bbox 3579 1377 3772 1432; x_wconf 88' lang='lat' dir='ltr'><strong>liberis</strong></span> 
     </span>
    </p>
   </div>
   <div class='ocr_carea' id='block_1_30' title="bbox 2202 1466 3774 1536">
    <p class='ocr_par' dir='ltr' id='par_1_30' title="bbox 2202 1466 3774 1536">
     <span class='ocr_line' id='line_1_30' title="bbox 2202 1466 3774 1536; baseline -0.003 -13"><span class='ocrx_word' id='word_1_214' title='bbox 2202 1466 2818 1536; x_wconf 65' lang='lat' dir='ltr'><strong>IEthiopiaaOrientalis,</strong></span> <span class='ocrx_word' id='word_1_215' title='bbox 2833 1469 2937 1523; x_wconf 90' lang='lat' dir='ltr'><strong>vel.</strong></span> <span class='ocrx_word' id='word_1_216' title='bbox 2968 1481 3023 1520; x_wconf 91' lang='lat' dir='ltr'><strong>ut</strong></span> <span class='ocrx_word' id='word_1_217' title='bbox 3048 1469 3136 1520; x_wconf 86' lang='lat' dir='ltr'><strong>alii</strong></span> <span class='ocrx_word' id='word_1_218' title='bbox 3158 1471 3610 1536; x_wconf 87' lang='lat' dir='ltr'><strong>interpretantur,</strong></span> <span class='ocrx_word' id='word_1_219' title='bbox 3632 1467 3774 1519; x_wconf 82' lang='lat' dir='ltr'><strong>Ara-</strong></span> 
     </span>
    </p>
   </div>
   <div class='ocr_carea' id='block_1_31' title="bbox 2205 1558 3770 1630">
    <p class='ocr_par' dir='ltr' id='par_1_31' title="bbox 2205 1558 3770 1630">
     <span class='ocr_line' id='line_1_31' title="bbox 2205 1558 3770 1630; baseline -0.003 -15"><span class='ocrx_word' id='word_1_220' title='bbox 2205 1561 2307 1616; x_wconf 75' lang='lat' dir='ltr'><strong>bize</strong></span> <span class='ocrx_word' id='word_1_221' title='bbox 2334 1569 2539 1630; x_wconf 89' lang='lat' dir='ltr'><strong>partem</strong></span> <span class='ocrx_word' id='word_1_222' title='bbox 2573 1560 2815 1614; x_wconf 91' lang='lat' dir='ltr'><strong>tenuisse</strong></span> <span class='ocrx_word' id='word_1_223' title='bbox 2838 1559 3137 1628; x_wconf 82' lang='lat' dir='ltr'><strong>proximam</strong></span> <span class='ocrx_word' id='word_1_224' title='bbox 3168 1567 3326 1612; x_wconf 61' lang='lat' dir='ltr'><strong>terra:</strong></span> <span class='ocrx_word' id='word_1_225' title='bbox 3355 1558 3770 1626; x_wconf 79' lang='lat' dir='ltr'><strong>promissionis.</strong></span> 
     </span>
    </p>
   </div>
   <div class='ocr_carea' id='block_1_32' title="bbox 2206 1649 3775 1720">
    <p class='ocr_par' dir='ltr' id='par_1_32' title="bbox 2206 1649 3775 1720">
     <span class='ocr_line' id='line_1_32' title="bbox 2206 1649 3775 1720; baseline 0 -16"><span class='ocrx_word' id='word_1_226' title='bbox 2206 1651 2426 1706; x_wconf 83' lang='lat' dir='ltr'><strong>Diversa</strong></span> <span class='ocrx_word' id='word_1_227' title='bbox 2451 1666 2482 1704; x_wconf 92' lang='lat' dir='ltr'><strong>a</strong></span> <span class='ocrx_word' id='word_1_228' title='bbox 2511 1651 2747 1720; x_wconf 83' lang='lat' dir='ltr'><strong>Josepho</strong></span> <span class='ocrx_word' id='word_1_229' title='bbox 2787 1651 3004 1703; x_wconf 86' lang='lat' dir='ltr'><strong>tradunt</strong></span> <span class='ocrx_word' id='word_1_230' title='bbox 3041 1649 3252 1720; x_wconf 81' lang='lat' dir='ltr'><strong>profani</strong></span> <span class='ocrx_word' id='word_1_231' title='bbox 3302 1660 3577 1709; x_wconf 87' lang='lat' dir='ltr'><strong>auctores.</strong></span> <span class='ocrx_word' id='word_1_232' title='bbox 3633 1649 3775 1704; x_wconf 81' lang='lat' dir='ltr'><strong>Soli—</strong></span> 
     </span>
    </p>
   </div>
   <div class='ocr_carea' id='block_1_33' title="bbox 539 1727 3769 1817">
    <p class='ocr_par' dir='ltr' id='par_1_33' title="bbox 539 1727 3769 1817">
     <span class='ocr_line' id='line_1_33' title="bbox 539 1727 3769 1817; baseline -0.001 -19"><span class='ocrx_word' id='word_1_233' title='bbox 539 1749 799 1812; x_wconf 80' lang='lat' dir='ltr'><strong>aarratio,</strong></span> <span class='ocrx_word' id='word_1_234' title='bbox 828 1749 872 1802; x_wconf 90' lang='lat' dir='ltr'><strong>si</strong></span> <span class='ocrx_word' id='word_1_235' title='bbox 902 1749 976 1800; x_wconf 91' lang='lat' dir='ltr'><strong>rei</strong></span> <span class='ocrx_word' id='word_1_236' title='bbox 1023 1757 1180 1817; x_wconf 75' lang='lat' dir='ltr'><strong>gesta&#39;</strong></span> <span class='ocrx_word' id='word_1_237' title='bbox 1213 1748 1384 1801; x_wconf 83' lang='lat' dir='ltr'><strong>ordini</strong></span> <span class='ocrx_word' id='word_1_238' title='bbox 1415 1747 1708 1815; x_wconf 83' lang='lat' dir='ltr'><strong>respondet,</strong></span> <span class='ocrx_word' id='word_1_239' title='bbox 1741 1748 1978 1800; x_wconf 84' lang='lat' dir='ltr'><strong>insinuat</strong></span> <span class='ocrx_word' id='word_1_240' title='bbox 2005 1746 2100 1800; x_wconf 79' lang='lat' dir='ltr'><strong>hoc</strong></span> <span class='ocrx_word' id='word_1_241' title='bbox 2134 1727 2174 1780; x_wconf 78' lang='grc' dir='ltr'><strong>Β</strong></span> <span class='ocrx_word' id='word_1_242' title='bbox 2201 1761 2324 1807; x_wconf 91' lang='lat' dir='ltr'><strong>nus,</strong></span> <span class='ocrx_word' id='word_1_243' title='bbox 2366 1759 2488 1812; x_wconf 86' lang='lat' dir='ltr'><strong>cap.</strong></span> <span class='ocrx_word' id='word_1_244' title='bbox 2517 1743 2620 1808; x_wconf 72' lang='lat'><strong>‘27;</strong></span> <span class='ocrx_word' id='word_1_245' title='bbox 2649 1741 2886 1797; x_wconf 88' lang='lat' dir='ltr'><strong>Joannes</strong></span> <span class='ocrx_word' id='word_1_246' title='bbox 2921 1741 3029 1797; x_wconf 89' lang='lat' dir='ltr'><strong>Leo</strong></span> <span class='ocrx_word' id='word_1_247' title='bbox 3057 1743 3108 1795; x_wconf 89' lang='lat' dir='ltr'><strong>in</strong></span> <span class='ocrx_word' id='word_1_248' title='bbox 3147 1739 3501 1808; x_wconf 84' lang='lat' dir='ltr'><strong>Descriptione</strong></span> <span class='ocrx_word' id='word_1_249' title='bbox 3545 1741 3769 1808; x_wconf 63' lang='lat' dir='ltr'><strong>Africa,</strong></span> 
     </span>
    </p>
   </div>
   <div class='ocr_carea' id='block_1_34' title="bbox 536 1839 1473 1907">
    <p class='ocr_par' dir='ltr' id='par_1_34' title="bbox 536 1839 1473 1907">
     <span class='ocr_line' id='line_1_34' title="bbox 536 1839 1473 1907; baseline 0.001 -16"><span class='ocrx_word' id='word_1_250' title='bbox 536 1856 648 1893; x_wconf 76' lang='lat' dir='ltr'><strong>esse</strong></span> <span class='ocrx_word' id='word_1_251' title='bbox 683 1841 884 1906; x_wconf 76' lang='lat' dir='ltr'><strong>factum</strong></span> <span class='ocrx_word' id='word_1_252' title='bbox 911 1849 1028 1907; x_wconf 92' lang='lat' dir='ltr'><strong>post</strong></span> <span class='ocrx_word' id='word_1_253' title='bbox 1057 1850 1274 1894; x_wconf 86' lang='lat' dir='ltr'><strong>mortem</strong></span> <span class='ocrx_word' id='word_1_254' title='bbox 1303 1839 1473 1892; x_wconf 72' lang='lat' dir='ltr'><strong>Sarro.</strong></span> 
     </span>
    </p>
   </div>
   <div class='ocr_carea' id='block_1_35' title="bbox 501 1931 2101 2002">
    <p class='ocr_par' dir='ltr' id='par_1_35' title="bbox 501 1931 2101 2002">
     <span class='ocr_line' id='line_1_35' title="bbox 501 1931 2101 2002; baseline -0.001 -16"><span class='ocrx_word' id='word_1_255' title='bbox 501 1941 506 1947; x_wconf 84' lang='grc'><strong>”</strong></span> <span class='ocrx_word' id='word_1_256' title='bbox 603 1932 722 1986; x_wconf 82' lang='lat' dir='ltr'><strong>Col.</strong></span> <span class='ocrx_word' id='word_1_257' title='bbox 753 1932 1010 1999; x_wconf 68' lang='lat' dir='ltr'><strong>765.1‘hr</strong></span> <span class='ocrx_word' id='word_1_258' title='bbox 1025 1933 1374 2001; x_wconf 82' lang='grc' dir='ltr'>Χεττοῦραν.</span> <span class='ocrx_word' id='word_1_259' title='bbox 1391 1932 1516 1985; x_wconf 86' lang='lat' dir='ltr'><strong>Fuit</strong></span> <span class='ocrx_word' id='word_1_260' title='bbox 1533 1931 1878 1986; x_wconf 59' lang='lat' dir='ltr'><strong>Hebraorum</strong></span> <span class='ocrx_word' id='word_1_261' title='bbox 1897 1932 2101 2002; x_wconf 82' lang='lat' dir='ltr'><strong>Opinio,</strong></span> 
     </span>
    </p>
   </div>
   <div class='ocr_carea' id='block_1_36' title="bbox 538 2014 2104 2090">
    <p class='ocr_par' dir='ltr' id='par_1_36' title="bbox 538 2014 2104 2090">
     <span class='ocr_line' id='line_1_36' title="bbox 538 2014 2104 2090; baseline 0.004 -22"><span class='ocrx_word' id='word_1_262' title='bbox 538 2018 836 2071; x_wconf 64' lang='lat' dir='ltr'><strong>tlethuram</strong></span> <span class='ocrx_word' id='word_1_263' title='bbox 894 2027 948 2073; x_wconf 93' lang='lat' dir='ltr'><strong>et</strong></span> <span class='ocrx_word' id='word_1_264' title='bbox 985 2021 1129 2090; x_wconf 84' lang='lat' dir='ltr'><strong>Agar</strong></span> <span class='ocrx_word' id='word_1_265' title='bbox 1157 2014 1319 2074; x_wconf 83' lang='lat' dir='ltr'><strong>unam</strong></span> <span class='ocrx_word' id='word_1_266' title='bbox 1349 2028 1403 2075; x_wconf 90' lang='lat' dir='ltr'><strong>et</strong></span> <span class='ocrx_word' id='word_1_267' title='bbox 1431 2021 1697 2082; x_wconf 87' lang='lat' dir='ltr'><strong>eamdem,</strong></span> <span class='ocrx_word' id='word_1_268' title='bbox 1739 2023 1840 2075; x_wconf 90' lang='lat' dir='ltr'><strong>etsi</strong></span> <span class='ocrx_word' id='word_1_269' title='bbox 1885 2023 2104 2075; x_wconf 83' lang='lat' dir='ltr'><strong>nomina</strong></span> 
     </span>
    </p>
   </div>
   <div class='ocr_carea' id='block_1_37' title="bbox 539 2109 2103 2175">
    <p class='ocr_par' dir='ltr' id='par_1_37' title="bbox 539 2109 2103 2175">
     <span class='ocr_line' id='line_1_37' title="bbox 539 2109 2103 2175; baseline 0.003 -15"><span class='ocrx_word' id='word_1_270' title='bbox 539 2109 771 2171; x_wconf 72' lang='lat' dir='ltr'><strong>varient,</strong></span> <span class='ocrx_word' id='word_1_271' title='bbox 805 2109 1119 2175; x_wconf 88' lang='lat' dir='ltr'><strong>mulierem;</strong></span> <span class='ocrx_word' id='word_1_272' title='bbox 1147 2124 1246 2164; x_wconf 90' lang='lat' dir='ltr'><strong>nec</strong></span> <span class='ocrx_word' id='word_1_273' title='bbox 1278 2125 1417 2163; x_wconf 85' lang='lat' dir='ltr'><strong>n0vo</strong></span> <span class='ocrx_word' id='word_1_274' title='bbox 1452 2109 1798 2163; x_wconf 86' lang='lat' dir='ltr'><strong>matrimonio</strong></span> <span class='ocrx_word' id='word_1_275' title='bbox 1830 2110 1974 2164; x_wconf 86' lang='lat' dir='ltr'><strong>illam</strong></span> <span class='ocrx_word' id='word_1_276' title='bbox 2001 2112 2103 2166; x_wconf 90' lang='lat' dir='ltr'><strong>sibi</strong></span> 
     </span>
    </p>
   </div>
   <div class='ocr_carea' id='block_1_38' title="bbox 541 2199 2106 2270">
    <p class='ocr_par' dir='ltr' id='par_1_38' title="bbox 541 2199 2106 2270">
     <span class='ocr_line' id='line_1_38' title="bbox 541 2199 2106 2270; baseline 0.003 -19"><span class='ocrx_word' id='word_1_277' title='bbox 541 2199 814 2253; x_wconf 84' lang='lat' dir='ltr'><strong>Abraham</strong></span> <span class='ocrx_word' id='word_1_278' title='bbox 841 2210 959 2270; x_wconf 88' lang='lat' dir='ltr'><strong>post</strong></span> <span class='ocrx_word' id='word_1_279' title='bbox 990 2211 1218 2256; x_wconf 85' lang='lat' dir='ltr'><strong>mortem</strong></span> <span class='ocrx_word' id='word_1_280' title='bbox 1255 2199 1402 2254; x_wconf 66' lang='lat' dir='ltr'><strong>Sara:</strong></span> <span class='ocrx_word' id='word_1_281' title='bbox 1435 2201 1740 2270; x_wconf 88' lang='lat' dir='ltr'><strong>copulasse,</strong></span> <span class='ocrx_word' id='word_1_282' title='bbox 1773 2215 1895 2254; x_wconf 90' lang='lat' dir='ltr'><strong>cum</strong></span> <span class='ocrx_word' id='word_1_283' title='bbox 1954 2202 2106 2270; x_wconf 90' lang='lat' dir='ltr'><strong>prius</strong></span> 
     </span>
    </p>
   </div>
   <div class='ocr_carea' id='block_1_39' title="bbox 534 2288 2102 2362">
    <p class='ocr_par' dir='ltr' id='par_1_39' title="bbox 534 2288 2102 2362">
     <span class='ocr_line' id='line_1_39' title="bbox 534 2288 2102 2362; baseline 0.001 -19"><span class='ocrx_word' id='word_1_284' title='bbox 534 2288 687 2344; x_wconf 80' lang='lat' dir='ltr'><strong>&#39;iliam</strong></span> <span class='ocrx_word' id='word_1_285' title='bbox 722 2291 960 2362; x_wconf 87' lang='lat' dir='ltr'><strong>legitime</strong></span> <span class='ocrx_word' id='word_1_286' title='bbox 1003 2293 1106 2346; x_wconf 91' lang='lat' dir='ltr'><strong>sibi</strong></span> <span class='ocrx_word' id='word_1_287' title='bbox 1151 2292 1558 2361; x_wconf 86' lang='lat' dir='ltr'><strong>conjunxisset;</strong></span> <span class='ocrx_word' id='word_1_288' title='bbox 1603 2292 1702 2346; x_wconf 90' lang='lat' dir='ltr'><strong>hos</strong></span> <span class='ocrx_word' id='word_1_289' title='bbox 1743 2292 1915 2346; x_wconf 87' lang='lat' dir='ltr'><strong>secuti</strong></span> <span class='ocrx_word' id='word_1_290' title='bbox 1954 2300 2102 2355; x_wconf 84' lang='lat' dir='ltr'><strong>sunt,</strong></span> 
     </span>
    </p>
   </div>
   <div class='ocr_carea' id='block_1_40' title="bbox 539 2381 2100 2454">
    <p class='ocr_par' dir='ltr' id='par_1_40' title="bbox 539 2381 2100 2454">
     <span class='ocr_line' id='line_1_40' title="bbox 539 2381 2100 2454; baseline 0.002 -19"><span class='ocrx_word' id='word_1_291' title='bbox 539 2389 594 2435; x_wconf 81' lang='lat' dir='ltr'><strong>et</strong></span> <span class='ocrx_word' id='word_1_292' title='bbox 626 2381 893 2453; x_wconf 85' lang='lat' dir='ltr'><strong>Lyranus,</strong></span> <span class='ocrx_word' id='word_1_293' title='bbox 939 2393 991 2438; x_wconf 88' lang='lat' dir='ltr'><strong>et</strong></span> <span class='ocrx_word' id='word_1_294' title='bbox 1025 2383 1263 2438; x_wconf 90' lang='lat' dir='ltr'><strong>Thomas</strong></span> <span class='ocrx_word' id='word_1_295' title='bbox 1294 2385 1497 2454; x_wconf 81' lang='lat' dir='ltr'><strong>Anglus</strong></span> <span class='ocrx_word' id='word_1_296' title='bbox 1537 2385 1592 2438; x_wconf 94' lang='lat' dir='ltr'><strong>in</strong></span> <span class='ocrx_word' id='word_1_297' title='bbox 1632 2399 1751 2454; x_wconf 92' lang='lat' dir='ltr'><strong>cap.</strong></span> <span class='ocrx_word' id='word_1_298' title='bbox 1789 2401 1891 2438; x_wconf 84' lang='lat' dir='ltr'><strong>xxv</strong></span> <span class='ocrx_word' id='word_1_299' title='bbox 1919 2385 2100 2439; x_wconf 78' lang='lat' dir='ltr'><strong>Genes.</strong></span> 
     </span>
    </p>
   </div>
   <div class='ocr_carea' id='block_1_41' title="bbox 541 2473 2106 2547">
    <p class='ocr_par' dir='ltr' id='par_1_41' title="bbox 541 2473 2106 2547">
     <span class='ocr_line' id='line_1_41' title="bbox 541 2473 2106 2547; baseline 0.001 -20"><span class='ocrx_word' id='word_1_300' title='bbox 541 2473 906 2545; x_wconf 84' lang='lat' dir='ltr'><strong>Hieronymus</strong></span> <span class='ocrx_word' id='word_1_301' title='bbox 938 2476 992 2528; x_wconf 92' lang='lat' dir='ltr'><strong>in</strong></span> <span class='ocrx_word' id='word_1_302' title='bbox 1026 2475 1423 2530; x_wconf 86' lang='lat' dir='ltr'><strong>Traditionibus</strong></span> <span class='ocrx_word' id='word_1_303' title='bbox 1462 2476 1736 2531; x_wconf 79' lang='lat' dir='ltr'><strong>Hebraicis</strong></span> <span class='ocrx_word' id='word_1_304' title='bbox 1771 2477 2015 2547; x_wconf 85' lang='lat' dir='ltr'><strong>ambigit,</strong></span> <span class='ocrx_word' id='word_1_305' title='bbox 2054 2484 2106 2530; x_wconf 92' lang='lat' dir='ltr'><strong>ct</strong></span> 
     </span>
    </p>
   </div>
   <div class='ocr_carea' id='block_1_42' title="bbox 539 2567 2103 2638">
    <p class='ocr_par' dir='ltr' id='par_1_42' title="bbox 539 2567 2103 2638">
     <span class='ocr_line' id='line_1_42' title="bbox 539 2567 2103 2638; baseline -0.003 -17"><span class='ocrx_word' id='word_1_306' title='bbox 539 2577 602 2622; x_wconf 85' lang='lat' dir='ltr'><strong>ut</strong></span> <span class='ocrx_word' id='word_1_307' title='bbox 633 2568 895 2622; x_wconf 87' lang='lat' dir='ltr'><strong>incertam</strong></span> <span class='ocrx_word' id='word_1_308' title='bbox 925 2567 1203 2637; x_wconf 84' lang='lat' dir='ltr'><strong>relinquit.</strong></span> <span class='ocrx_word' id='word_1_309' title='bbox 1228 2567 1477 2633; x_wconf 85' lang='lat' dir='ltr'><strong>Cet/mra,</strong></span> <span class='ocrx_word' id='word_1_310' title='bbox 1504 2569 1699 2638; x_wconf 89' lang='lat' dir='ltr'><strong>inquit,</strong></span> <span class='ocrx_word' id='word_1_311' title='bbox 1743 2567 1965 2621; x_wconf 72' lang='lat' dir='ltr'><strong>Hebrum</strong></span> <span class='ocrx_word' id='word_1_312' title='bbox 1993 2585 2103 2621; x_wconf 87' lang='lat' dir='ltr'><strong>ser-</strong></span> 
     </span>
    </p>
   </div>
   <div class='ocr_carea' id='block_1_43' title="bbox 541 2659 2104 2729">
    <p class='ocr_par' dir='ltr' id='par_1_43' title="bbox 541 2659 2104 2729">
     <span class='ocr_line' id='line_1_43' title="bbox 541 2659 2104 2729; baseline -0.001 -17"><span class='ocrx_word' id='word_1_313' title='bbox 541 2675 692 2712; x_wconf 86' lang='lat' dir='ltr'><strong>mone</strong></span> <span class='ocrx_word' id='word_1_314' title='bbox 733 2659 977 2727; x_wconf 82' lang='lat' dir='ltr'><strong>copulata</strong></span> <span class='ocrx_word' id='word_1_315' title='bbox 1023 2659 1420 2728; x_wconf 78' lang='lat' dir='ltr'><strong>interpretatur,</strong></span> <span class='ocrx_word' id='word_1_316' title='bbox 1460 2669 1551 2712; x_wconf 91' lang='lat' dir='ltr'><strong>aut</strong></span> <span class='ocrx_word' id='word_1_317' title='bbox 1597 2661 1909 2729; x_wconf 86' lang='lat' dir='ltr'><strong>conjuncta;</strong></span> <span class='ocrx_word' id='word_1_318' title='bbox 1949 2675 2104 2728; x_wconf 83' lang='lat' dir='ltr'><strong>quant</strong></span> 
     </span>
    </p>
   </div>
   <div class='ocr_carea' id='block_1_44' title="bbox 533 2750 2106 2818">
    <p class='ocr_par' dir='ltr' id='par_1_44' title="bbox 533 2750 2106 2818">
     <span class='ocr_line' id='line_1_44' title="bbox 533 2750 2106 2818; baseline 0 -16"><span class='ocrx_word' id='word_1_319' title='bbox 533 2752 604 2802; x_wconf 23' lang='lat' dir='ltr'><strong>iob</strong></span> <span class='ocrx_word' id='word_1_320' title='bbox 632 2765 848 2802; x_wconf 86' lang='lat' dir='ltr'><strong>causam</strong></span> <span class='ocrx_word' id='word_1_321' title='bbox 877 2751 1211 2818; x_wconf 81' lang='lat' dir='ltr'><strong>suspicantur</strong></span> <span class='ocrx_word' id='word_1_322' title='bbox 1237 2750 1466 2814; x_wconf 70' lang='lat' dir='ltr'><strong>llebra&#39;i,</strong></span> <span class='ocrx_word' id='word_1_323' title='bbox 1499 2759 1699 2804; x_wconf 88' lang='lat' dir='ltr'><strong>mutato</strong></span> <span class='ocrx_word' id='word_1_324' title='bbox 1729 2751 1934 2804; x_wconf 89' lang='lat' dir='ltr'><strong>nomine</strong></span> <span class='ocrx_word' id='word_1_325' title='bbox 1962 2766 2106 2803; x_wconf 87' lang='lat' dir='ltr'><strong>eam-</strong></span> 
     </span>
    </p>
   </div>
   <div class='ocr_carea' id='block_1_45' title="bbox 537 2835 2104 2910">
    <p class='ocr_par' dir='ltr' id='par_1_45' title="bbox 537 2835 2104 2910">
     <span class='ocr_line' id='line_1_45' title="bbox 537 2835 2104 2910; baseline 0.001 -19"><span class='ocrx_word' id='word_1_326' title='bbox 537 2840 660 2892; x_wconf 87' lang='lat' dir='ltr'><strong>dem</strong></span> <span class='ocrx_word' id='word_1_327' title='bbox 710 2857 821 2893; x_wconf 82' lang='lat' dir='ltr'><strong>esse</strong></span> <span class='ocrx_word' id='word_1_328' title='bbox 865 2840 1030 2910; x_wconf 80' lang='lat' dir='ltr'><strong>Agar,</strong></span> <span class='ocrx_word' id='word_1_329' title='bbox 1074 2855 1190 2910; x_wconf 72' lang='lat' dir='ltr'><strong>qua:</strong></span> <span class='ocrx_word' id='word_1_330' title='bbox 1233 2839 1370 2894; x_wconf 92' lang='lat' dir='ltr'><strong>Sara</strong></span> <span class='ocrx_word' id='word_1_331' title='bbox 1415 2850 1645 2903; x_wconf 88' lang='lat' dir='ltr'><strong>mortua,</strong></span> <span class='ocrx_word' id='word_1_332' title='bbox 1697 2841 1760 2893; x_wconf 91' lang='lat' dir='ltr'><strong>de</strong></span> <span class='ocrx_word' id='word_1_333' title='bbox 1820 2835 2104 2894; x_wconf 86' lang='lat' dir='ltr'><strong>concubina</strong></span> 
     </span>
    </p>
   </div>
   <div class='ocr_carea' id='block_1_46' title="bbox 542 2931 2107 2999">
    <p class='ocr_par' dir='ltr' id='par_1_46' title="bbox 542 2931 2107 2999">
     <span class='ocr_line' id='line_1_46' title="bbox 542 2931 2107 2999; baseline 0.001 -17"><span class='ocrx_word' id='word_1_334' title='bbox 542 2932 818 2984; x_wconf 81' lang='lat' dir='ltr'><strong>transierit</strong></span> <span class='ocrx_word' id='word_1_335' title='bbox 861 2932 914 2983; x_wconf 89' lang='lat' dir='ltr'><strong>in</strong></span> <span class='ocrx_word' id='word_1_336' title='bbox 965 2946 1212 2995; x_wconf 78' lang='lat' dir='ltr'><strong>uxorem;</strong></span> <span class='ocrx_word' id='word_1_337' title='bbox 1245 2941 1294 2984; x_wconf 87' lang='lat' dir='ltr'><strong>et</strong></span> <span class='ocrx_word' id='word_1_338' title='bbox 1343 2933 1417 2984; x_wconf 90' lang='lat' dir='ltr'><strong>ita</strong></span> <span class='ocrx_word' id='word_1_339' title='bbox 1461 2948 1584 2985; x_wconf 87' lang='lat' dir='ltr'><strong>sane</strong></span> <span class='ocrx_word' id='word_1_340' title='bbox 1632 2931 1834 2985; x_wconf 76' lang='lat' dir='ltr'><strong>videtur</strong></span> <span class='ocrx_word' id='word_1_341' title='bbox 1861 2931 2107 2999; x_wconf 87' lang='lat' dir='ltr'><strong>decrepiti</strong></span> 
     </span>
    </p>
   </div>
   <div class='ocr_carea' id='block_1_47' title="bbox 535 3021 2102 3092">
    <p class='ocr_par' dir='ltr' id='par_1_47' title="bbox 535 3021 2102 3092">
     <span class='ocr_line' id='line_1_47' title="bbox 535 3021 2102 3092; baseline 0.001 -18"><span class='ocrx_word' id='word_1_342' title='bbox 535 3021 654 3090; x_wconf 82' lang='lat' dir='ltr'><strong>jam</strong></span> <span class='ocrx_word' id='word_1_343' title='bbox 687 3021 914 3077; x_wconf 67' lang='lat' dir='ltr'><strong>Abrahae</strong></span> <span class='ocrx_word' id='word_1_344' title='bbox 951 3023 1194 3076; x_wconf 73' lang='lat' dir='ltr'><strong>excusari</strong></span> <span class='ocrx_word' id='word_1_345' title='bbox 1240 3032 1406 3086; x_wconf 75' lang='lat' dir='ltr'><strong>tetas;</strong></span> <span class='ocrx_word' id='word_1_346' title='bbox 1455 3039 1514 3075; x_wconf 91' lang='lat' dir='ltr'><strong>ne</strong></span> <span class='ocrx_word' id='word_1_347' title='bbox 1549 3039 1702 3076; x_wconf 82' lang='lat' dir='ltr'><strong>senca:</strong></span> <span class='ocrx_word' id='word_1_348' title='bbox 1739 3034 1853 3092; x_wconf 89' lang='lat' dir='ltr'><strong>post</strong></span> <span class='ocrx_word' id='word_1_349' title='bbox 1886 3031 2102 3076; x_wconf 88' lang='lat' dir='ltr'><strong>mortem</strong></span> 
     </span>
    </p>
   </div>
   <div class='ocr_carea' id='block_1_48' title="bbox 545 3114 2099 3185">
    <p class='ocr_par' dir='ltr' id='par_1_48' title="bbox 545 3114 2099 3185">
     <span class='ocr_line' id='line_1_48' title="bbox 545 3114 2099 3185; baseline 0.001 -19"><span class='ocrx_word' id='word_1_350' title='bbox 545 3115 728 3168; x_wconf 75' lang='lat' dir='ltr'><strong>uxoris</strong></span> <span class='ocrx_word' id='word_1_351' title='bbox 758 3131 868 3168; x_wconf 66' lang='lat' dir='ltr'><strong>sum</strong></span> <span class='ocrx_word' id='word_1_352' title='bbox 903 3114 1085 3168; x_wconf 77' lang='lat' dir='ltr'><strong>vetula:</strong></span> <span class='ocrx_word' id='word_1_353' title='bbox 1123 3114 1268 3168; x_wconf 74' lang='lat' dir='ltr'><strong>novis</strong></span> <span class='ocrx_word' id='word_1_354' title='bbox 1305 3125 1560 3185; x_wconf 85' lang='lat' dir='ltr'><strong>arguatur</strong></span> <span class='ocrx_word' id='word_1_355' title='bbox 1591 3116 1784 3181; x_wconf 87' lang='lat' dir='ltr'><strong>nuptiis</strong></span> <span class='ocrx_word' id='word_1_356' title='bbox 1815 3115 2099 3168; x_wconf 82' lang='lat' dir='ltr'><strong>lascivisse.</strong></span> 
     </span>
    </p>
   </div>
   <div class='ocr_carea' id='block_1_49' title="bbox 554 3205 2104 3276">
    <p class='ocr_par' dir='ltr' id='par_1_49' title="bbox 554 3205 2104 3276">
     <span class='ocr_line' id='line_1_49' title="bbox 554 3205 2104 3276; baseline 0.001 -18"><span class='ocrx_word' id='word_1_357' title='bbox 554 3205 744 3260; x_wconf 75' lang='lat' dir='ltr'><strong>Verum</strong></span> <span class='ocrx_word' id='word_1_358' title='bbox 773 3223 866 3260; x_wconf 86' lang='lat' dir='ltr'><strong>nos</strong></span> <span class='ocrx_word' id='word_1_359' title='bbox 894 3207 1029 3276; x_wconf 90' lang='lat' dir='ltr'><strong>quod</strong></span> <span class='ocrx_word' id='word_1_360' title='bbox 1059 3206 1313 3259; x_wconf 88' lang='lat' dir='ltr'><strong>incertum</strong></span> <span class='ocrx_word' id='word_1_361' title='bbox 1354 3214 1431 3259; x_wconf 87' lang='lat' dir='ltr'><strong>est</strong></span> <span class='ocrx_word' id='word_1_362' title='bbox 1472 3206 1848 3276; x_wconf 85' lang='lat' dir='ltr'><strong>relinquamus.</strong></span> <span class='ocrx_word' id='word_1_363' title='bbox 1893 3206 2104 3276; x_wconf 77' lang='lat' dir='ltr'><strong>Cajeta-</strong></span> 
     </span>
    </p>
   </div>
   <div class='ocr_carea' id='block_1_50' title="bbox 543 3297 2102 3368">
    <p class='ocr_par' dir='ltr' id='par_1_50' title="bbox 543 3297 2102 3368">
     <span class='ocr_line' id='line_1_50' title="bbox 543 3297 2102 3368; baseline 0.001 -16"><span class='ocrx_word' id='word_1_364' title='bbox 543 3316 651 3354; x_wconf 86' lang='lat' dir='ltr'><strong>nus</strong></span> <span class='ocrx_word' id='word_1_365' title='bbox 689 3308 743 3353; x_wconf 89' lang='lat' dir='ltr'><strong>et</strong></span> <span class='ocrx_word' id='word_1_366' title='bbox 781 3300 870 3352; x_wconf 87' lang='lat' dir='ltr'><strong>alii</strong></span> <span class='ocrx_word' id='word_1_367' title='bbox 900 3300 1222 3353; x_wconf 90' lang='lat' dir='ltr'><strong>sententiam</strong></span> <span class='ocrx_word' id='word_1_368' title='bbox 1254 3299 1395 3352; x_wconf 91' lang='lat' dir='ltr'><strong>banc</strong></span> <span class='ocrx_word' id='word_1_369' title='bbox 1424 3298 1698 3368; x_wconf 88' lang='lat' dir='ltr'><strong>rejiciunt,</strong></span> <span class='ocrx_word' id='word_1_370' title='bbox 1723 3305 1776 3352; x_wconf 92' lang='lat' dir='ltr'><strong>et</strong></span> <span class='ocrx_word' id='word_1_371' title='bbox 1803 3297 2102 3353; x_wconf 86' lang='lat' dir='ltr'><strong>confutant.</strong></span> 
     </span>
    </p>
   </div>
   <div class='ocr_carea' id='block_1_51' title="bbox 616 3389 2100 3460">
    <p class='ocr_par' dir='ltr' id='par_1_51' title="bbox 616 3389 2100 3460">
     <span class='ocr_line' id='line_1_51' title="bbox 616 3389 2100 3460; baseline 0.001 -18"><span class='ocrx_word' id='word_1_372' title='bbox 616 3389 773 3455; x_wconf 90' lang='lat' dir='ltr'><strong>lbid.,</strong></span> <span class='ocrx_word' id='word_1_373' title='bbox 804 3391 904 3446; x_wconf 90' lang='lat' dir='ltr'><strong>lin.</strong></span> <span class='ocrx_word' id='word_1_374' title='bbox 934 3391 988 3444; x_wconf 93' lang='lat'><strong>9.</strong></span> <span class='ocrx_word' id='word_1_375' title='bbox 1013 3391 1121 3444; x_wconf 77' lang='lat' dir='ltr'><strong>Kal</strong></span> <span class='ocrx_word' id='word_1_376' title='bbox 1142 3391 1370 3456; x_wconf 87' lang='grc' dir='ltr'><strong>τούτοις</strong></span> <span class='ocrx_word' id='word_1_377' title='bbox 1389 3390 1597 3446; x_wconf 80' lang='grc' dir='ltr'>ἅπασι.</span> <span class='ocrx_word' id='word_1_378' title='bbox 1622 3391 1911 3460; x_wconf 74' lang='lat' dir='ltr'><strong>Iosephus,</strong></span> <span class='ocrx_word' id='word_1_379' title='bbox 1930 3391 2023 3446; x_wconf 94' lang='lat' dir='ltr'><strong>lib.</strong></span> <span class='ocrx_word' id='word_1_380' title='bbox 2049 3405 2100 3444; x_wconf 88' lang='lat' dir='ltr'><strong>t:</strong></span> 
     </span>
    </p>
   </div>
   <div class='ocr_carea' id='block_1_52' title="bbox 545 3481 2106 3552">
    <p class='ocr_par' dir='ltr' id='par_1_52' title="bbox 545 3481 2106 3552">
     <span class='ocr_line' id='line_1_52' title="bbox 545 3481 2106 3552; baseline 0.001 -20"><span class='ocrx_word' id='word_1_381' title='bbox 545 3481 766 3543; x_wconf 85' lang='grc' dir='ltr'>Τούτοις</span> <span class='ocrx_word' id='word_1_382' title='bbox 799 3481 966 3534; x_wconf 77' lang='grc' dir='ltr'>ἅπασι</span> <span class='ocrx_word' id='word_1_383' title='bbox 994 3484 1105 3544; x_wconf 88' lang='grc' dir='ltr'>τοῖς</span> <span class='ocrx_word' id='word_1_384' title='bbox 1142 3482 1297 3534; x_wconf 69' lang='grc' dir='ltr'>παισὶ</span> <span class='ocrx_word' id='word_1_385' title='bbox 1326 3483 1416 3534; x_wconf 76' lang='grc' dir='ltr'>καὶ</span> <span class='ocrx_word' id='word_1_386' title='bbox 1444 3485 1554 3545; x_wconf 89' lang='grc' dir='ltr'>τοῖς</span> <span class='ocrx_word' id='word_1_387' title='bbox 1587 3483 1798 3546; x_wconf 81' lang='grc' dir='ltr'>υἱωνοῖς</span> <span class='ocrx_word' id='word_1_388' title='bbox 1828 3482 2106 3552; x_wconf 74' lang='grc' dir='ltr'>Ἅϐραμος</span> 
     </span>
    </p>
   </div>
   <div class='ocr_carea' id='block_1_53' title="bbox 544 3573 2104 3646">
    <p class='ocr_par' dir='ltr' id='par_1_53' title="bbox 544 3573 2104 3646">
     <span class='ocr_line' id='line_1_53' title="bbox 544 3573 2104 3646; baseline -0.001 -20"><span class='ocrx_word' id='word_1_389' title='bbox 544 3575 808 3628; x_wconf 84' lang='grc' dir='ltr'><strong>ἀποικιῶν</strong></span> <span class='ocrx_word' id='word_1_390' title='bbox 852 3573 1068 3637; x_wconf 77' lang='grc' dir='ltr'>στόλους</span> <span class='ocrx_word' id='word_1_391' title='bbox 1103 3576 1427 3644; x_wconf 78' lang='grc' dir='ltr'>μηχανᾶται,</span> <span class='ocrx_word' id='word_1_392' title='bbox 1455 3575 1548 3626; x_wconf 66' lang='grc' dir='ltr'><strong>καὶ</strong></span> <span class='ocrx_word' id='word_1_393' title='bbox 1581 3575 1681 3646; x_wconf 85' lang='grc' dir='ltr'>τήν</span> <span class='ocrx_word' id='word_1_394' title='bbox 1706 3592 1764 3626; x_wconf 90' lang='grc' dir='ltr'><strong>τε</strong></span> <span class='ocrx_word' id='word_1_395' title='bbox 1791 3574 2104 3644; x_wconf 80' lang='grc' dir='ltr'>Τρωγλοδύ-</span> 
     </span>
    </p>
   </div>
   <div class='ocr_carea' id='block_1_54' title="bbox 543 3667 2104 3738">
    <p class='ocr_par' dir='ltr' id='par_1_54' title="bbox 543 3667 2104 3738">
     <span class='ocr_line' id='line_1_54' title="bbox 543 3667 2104 3738; baseline 0 -18"><span class='ocrx_word' id='word_1_396' title='bbox 543 3685 640 3737; x_wconf 91' lang='grc' dir='ltr'><strong>την</strong></span> <span class='ocrx_word' id='word_1_397' title='bbox 688 3667 1156 3737; x_wconf 83' lang='grc' dir='ltr'>καταλαμϐάνουσι</span> <span class='ocrx_word' id='word_1_398' title='bbox 1197 3667 1291 3718; x_wconf 67' lang='grc' dir='ltr'>καὶ</span> <span class='ocrx_word' id='word_1_399' title='bbox 1335 3667 1432 3736; x_wconf 84' lang='grc' dir='ltr'>τῆς</span> <span class='ocrx_word' id='word_1_400' title='bbox 1472 3667 1797 3737; x_wconf 75' lang='grc' dir='ltr'>Εὐδαίμονος</span> <span class='ocrx_word' id='word_1_401' title='bbox 1850 3667 2104 3738; x_wconf 85' lang='grc' dir='ltr'>Ἀραϐίας</span> 
     </span>
    </p>
   </div>
   <div class='ocr_carea' id='block_1_55' title="bbox 543 3756 2105 3829">
    <p class='ocr_par' dir='ltr' id='par_1_55' title="bbox 543 3756 2105 3829">
     <span class='ocr_line' id='line_1_55' title="bbox 543 3756 2105 3829; baseline 0 -19"><span class='ocrx_word' id='word_1_402' title='bbox 543 3760 665 3812; x_wconf 81' lang='grc' dir='ltr'>ὅσον</span> <span class='ocrx_word' id='word_1_403' title='bbox 712 3761 803 3811; x_wconf 72' lang='grc' dir='ltr'><strong>ἐπὶ</strong></span> <span class='ocrx_word' id='word_1_404' title='bbox 835 3757 932 3829; x_wconf 79' lang='grc' dir='ltr'>τὴν</span> <span class='ocrx_word' id='word_1_405' title='bbox 975 3757 1237 3828; x_wconf 81' lang='grc' dir='ltr'>Ἐρυθρὰν</span> <span class='ocrx_word' id='word_1_406' title='bbox 1280 3756 1549 3810; x_wconf 84' lang='grc' dir='ltr'>Θάλασσαν</span> <span class='ocrx_word' id='word_1_407' title='bbox 1587 3758 1835 3828; x_wconf 81' lang='grc' dir='ltr'><strong>καθήκει.</strong></span> <span class='ocrx_word' id='word_1_408' title='bbox 1884 3757 1949 3811; x_wconf 87' lang='lat' dir='ltr'><strong>Et</strong></span> <span class='ocrx_word' id='word_1_409' title='bbox 1981 3766 2105 3828; x_wconf 89' lang='lat' dir='ltr'><strong>post</strong></span> 
     </span>
    </p>
   </div>
   <div class='ocr_carea' id='block_1_56' title="bbox 543 3849 2102 3921">
    <p class='ocr_par' dir='ltr' id='par_1_56' title="bbox 543 3849 2102 3921">
     <span class='ocr_line' id='line_1_56' title="bbox 543 3849 2102 3921; baseline 0 -17"><span class='ocrx_word' id='word_1_410' title='bbox 543 3850 839 3920; x_wconf 84' lang='lat' dir='ltr'><strong>Josepbum</strong></span> <span class='ocrx_word' id='word_1_411' title='bbox 890 3849 1250 3921; x_wconf 89' lang='lat' dir='ltr'><strong>Hieronymus</strong></span> <span class='ocrx_word' id='word_1_412' title='bbox 1294 3851 1459 3904; x_wconf 80' lang='lat' dir='ltr'><strong>tradit</strong></span> <span class='ocrx_word' id='word_1_413' title='bbox 1503 3852 1602 3904; x_wconf 92' lang='lat' dir='ltr'><strong>hos</strong></span> <span class='ocrx_word' id='word_1_414' title='bbox 1661 3850 1908 3904; x_wconf 84' lang='lat' dir='ltr'><strong>Ccthurae</strong></span> <span class='ocrx_word' id='word_1_415' title='bbox 1966 3850 2102 3905; x_wconf 80' lang='lat' dir='ltr'><strong>ﬁlios</strong></span> 
     </span>
    </p>
   </div>
   <div class='ocr_carea' id='block_1_57' title="bbox 545 3941 2102 4013">
    <p class='ocr_par' dir='ltr' id='par_1_57' title="bbox 545 3941 2102 4013">
     <span class='ocr_line' id='line_1_57' title="bbox 545 3941 2102 4013; baseline 0.001 -17"><span class='ocrx_word' id='word_1_416' title='bbox 545 3945 788 3997; x_wconf 87' lang='lat' dir='ltr'><strong>tenuisse</strong></span> <span class='ocrx_word' id='word_1_417' title='bbox 811 3941 1183 4013; x_wconf 86' lang='lat' dir='ltr'><strong>Troglodytin,</strong></span> <span class='ocrx_word' id='word_1_418' title='bbox 1207 3950 1260 3996; x_wconf 91' lang='lat' dir='ltr'><strong>et</strong></span> <span class='ocrx_word' id='word_1_419' title='bbox 1289 3941 1544 3996; x_wconf 87' lang='lat' dir='ltr'><strong>Arabiam</strong></span> <span class='ocrx_word' id='word_1_420' title='bbox 1578 3943 1806 4007; x_wconf 82' lang='lat' dir='ltr'><strong>felicem,</strong></span> <span class='ocrx_word' id='word_1_421' title='bbox 1841 3958 2011 4011; x_wconf 90' lang='lat' dir='ltr'><strong>usque</strong></span> <span class='ocrx_word' id='word_1_422' title='bbox 2036 3943 2102 3997; x_wconf 87' lang='lat' dir='ltr'><strong>ad</strong></span> 
     </span>
    </p>
   </div>
   <div class='ocr_carea' id='block_1_58' title="bbox 546 4033 2102 4105">
    <p class='ocr_par' dir='ltr' id='par_1_58' title="bbox 546 4033 2102 4105">
     <span class='ocr_line' id='line_1_58' title="bbox 546 4033 2102 4105; baseline 0.001 -19"><span class='ocrx_word' id='word_1_423' title='bbox 546 4049 697 4089; x_wconf 91' lang='lat' dir='ltr'><strong>mare</strong></span> <span class='ocrx_word' id='word_1_424' title='bbox 724 4033 990 4088; x_wconf 81' lang='lat' dir='ltr'><strong>Rubrum.</strong></span> <span class='ocrx_word' id='word_1_425' title='bbox 1023 4033 1240 4087; x_wconf 87' lang='lat' dir='ltr'><strong>Addunt</strong></span> <span class='ocrx_word' id='word_1_426' title='bbox 1274 4035 1386 4097; x_wconf 87' lang='lat' dir='ltr'><strong>alii,</strong></span> <span class='ocrx_word' id='word_1_427' title='bbox 1422 4035 1704 4104; x_wconf 89' lang='lat' dir='ltr'><strong>plerasque</strong></span> <span class='ocrx_word' id='word_1_428' title='bbox 1736 4036 1984 4105; x_wconf 79' lang='lat' dir='ltr'><strong>regiones</strong></span> <span class='ocrx_word' id='word_1_429' title='bbox 2015 4035 2102 4088; x_wconf 91' lang='lat' dir='ltr'><strong>ln-</strong></span> 
     </span>
    </p>
   </div>
   <div class='ocr_carea' id='block_1_59' title="bbox 547 4125 2102 4198">
    <p class='ocr_par' dir='ltr' id='par_1_59' title="bbox 547 4125 2102 4198">
     <span class='ocr_line' id='line_1_59' title="bbox 547 4125 2102 4198; baseline 0.001 -18"><span class='ocrx_word' id='word_1_430' title='bbox 547 4126 649 4182; x_wconf 63' lang='lat' dir='ltr'><strong>dim</strong></span> <span class='ocrx_word' id='word_1_431' title='bbox 695 4142 1011 4198; x_wconf 89' lang='lat' dir='ltr'><strong>occupasse.</strong></span> <span class='ocrx_word' id='word_1_432' title='bbox 1067 4125 1172 4181; x_wconf 86' lang='lat' dir='ltr'><strong>Sed</strong></span> <span class='ocrx_word' id='word_1_433' title='bbox 1217 4142 1324 4180; x_wconf 94' lang='lat' dir='ltr'><strong>non</strong></span> <span class='ocrx_word' id='word_1_434' title='bbox 1376 4128 1606 4190; x_wconf 87' lang='lat' dir='ltr'><strong>videtur,</strong></span> <span class='ocrx_word' id='word_1_435' title='bbox 1641 4128 1715 4180; x_wconf 87' lang='lat' dir='ltr'><strong>ait</strong></span> <span class='ocrx_word' id='word_1_436' title='bbox 1745 4127 2017 4190; x_wconf 86' lang='lat' dir='ltr'><strong>Pererius,</strong></span> <span class='ocrx_word' id='word_1_437' title='bbox 2048 4127 2102 4182; x_wconf 90' lang='lat' dir='ltr'><strong>id</strong></span> 
     </span>
    </p>
   </div>
   <div class='ocr_carea' id='block_1_60' title="bbox 547 4217 2102 4288">
    <p class='ocr_par' dir='ltr' id='par_1_60' title="bbox 547 4217 2102 4288">
     <span class='ocr_line' id='line_1_60' title="bbox 547 4217 2102 4288; baseline -0.001 -16"><span class='ocrx_word' id='word_1_438' title='bbox 547 4233 848 4288; x_wconf 78' lang='lat' dir='ltr'><strong>congruere</strong></span> <span class='ocrx_word' id='word_1_439' title='bbox 873 4232 997 4271; x_wconf 92' lang='lat' dir='ltr'><strong>cum</strong></span> <span class='ocrx_word' id='word_1_440' title='bbox 1031 4233 1115 4279; x_wconf 93' lang='lat' dir='ltr'><strong>eo,</strong></span> <span class='ocrx_word' id='word_1_441' title='bbox 1153 4218 1295 4286; x_wconf 92' lang='lat' dir='ltr'><strong>quod</strong></span> <span class='ocrx_word' id='word_1_442' title='bbox 1326 4217 1392 4270; x_wconf 90' lang='lat' dir='ltr'><strong>de</strong></span> <span class='ocrx_word' id='word_1_443' title='bbox 1426 4217 1544 4271; x_wconf 89' lang='lat' dir='ltr'><strong>istis</strong></span> <span class='ocrx_word' id='word_1_444' title='bbox 1571 4226 1832 4271; x_wconf 89' lang='lat' dir='ltr'><strong>memorat</strong></span> <span class='ocrx_word' id='word_1_445' title='bbox 1859 4219 1960 4271; x_wconf 93' lang='lat' dir='ltr'><strong>hoc</strong></span> <span class='ocrx_word' id='word_1_446' title='bbox 1986 4218 2102 4270; x_wconf 93' lang='lat' dir='ltr'><strong>loco</strong></span> 
     </span>
    </p>
   </div>
   <div class='ocr_carea' id='block_1_61' title="bbox 548 4306 2104 4380">
    <p class='ocr_par' dir='ltr' id='par_1_61' title="bbox 548 4306 2104 4380">
     <span class='ocr_line' id='line_1_61' title="bbox 548 4306 2104 4380; baseline -0.003 -19"><span class='ocrx_word' id='word_1_447' title='bbox 548 4307 781 4380; x_wconf 75' lang='lat' dir='ltr'><strong>Moyses,</strong></span> <span class='ocrx_word' id='word_1_448' title='bbox 812 4308 1078 4371; x_wconf 86' lang='lat' dir='ltr'><strong>scribens,</strong></span> <span class='ocrx_word' id='word_1_449' title='bbox 1106 4322 1200 4362; x_wconf 89' lang='lat' dir='ltr'><strong>eos</strong></span> <span class='ocrx_word' id='word_1_450' title='bbox 1232 4307 1506 4362; x_wconf 89' lang='lat' dir='ltr'><strong>habitasse</strong></span> <span class='ocrx_word' id='word_1_451' title='bbox 1538 4306 1602 4359; x_wconf 91' lang='lat' dir='ltr'><strong>ad</strong></span> <span class='ocrx_word' id='word_1_452' title='bbox 1629 4307 1837 4376; x_wconf 84' lang='lat' dir='ltr'><strong>plagam</strong></span> <span class='ocrx_word' id='word_1_453' title='bbox 1867 4309 2104 4360; x_wconf 90' lang='lat' dir='ltr'><strong>orienta-</strong></span> 
     </span>
    </p>
   </div>
   <div class='ocr_carea' id='block_1_62' title="bbox 2130 3071 2171 3129">
    <p class='ocr_par' dir='ltr' id='par_1_62' title="bbox 2130 3071 2171 3129">
     <span class='ocr_line' id='line_1_62' title="bbox 2130 3071 2171 3129; baseline 0 0"><span class='ocrx_word' id='word_1_454' title='bbox 2130 3071 2171 3129; x_wconf 88' lang='lat' dir='ltr'>C</span> 
     </span>
    </p>
   </div>
   <div class='ocr_carea' id='block_1_63' title="bbox 2202 1834 3096 1894">
    <p class='ocr_par' dir='ltr' id='par_1_63' title="bbox 2202 1834 3096 1894">
     <span class='ocr_line' id='line_1_63' title="bbox 2202 1834 3096 1894; baseline -0.003 -4"><span class='ocrx_word' id='word_1_455' title='bbox 2202 1837 2295 1890; x_wconf 91' lang='lat' dir='ltr'><strong>lib.</strong></span> <span class='ocrx_word' id='word_1_456' title='bbox 2331 1852 2368 1889; x_wconf 88' lang='grc' dir='ltr'>ι.</span> <span class='ocrx_word' id='word_1_457' title='bbox 2400 1835 2534 1894; x_wconf 83' lang='lat' dir='ltr'><strong>Vide</strong></span> <span class='ocrx_word' id='word_1_458' title='bbox 2563 1834 2830 1890; x_wconf 88' lang='lat' dir='ltr'><strong>Isidorum</strong></span> <span class='ocrx_word' id='word_1_459' title='bbox 2864 1843 2917 1888; x_wconf 89' lang='lat' dir='ltr'><strong>et</strong></span> <span class='ocrx_word' id='word_1_460' title='bbox 2941 1835 3096 1887; x_wconf 88' lang='lat' dir='ltr'><strong>alios.</strong></span> 
     </span>
    </p>
   </div>
   <div class='ocr_carea' id='block_1_64' title="bbox 2271 1921 3771 1992">
    <p class='ocr_par' dir='ltr' id='par_1_64' title="bbox 2271 1921 3771 1992">
     <span class='ocr_line' id='line_1_64' title="bbox 2271 1921 3771 1992; baseline -0.001 -12"><span class='ocrx_word' id='word_1_461' title='bbox 2271 1927 2429 1992; x_wconf 86' lang='lat' dir='ltr'><strong>lhid.,</strong></span> <span class='ocrx_word' id='word_1_462' title='bbox 2483 1928 2580 1980; x_wconf 93' lang='lat' dir='ltr'><strong>lin.</strong></span> <span class='ocrx_word' id='word_1_463' title='bbox 2629 1926 2714 1980; x_wconf 84' lang='grc'><strong>17.</strong></span> <span class='ocrx_word' id='word_1_464' title='bbox 2768 1926 2992 1990; x_wconf 71' lang='grc' dir='ltr'>Οἴτη-ες</span> <span class='ocrx_word' id='word_1_465' title='bbox 3055 1923 3336 1992; x_wconf 77' lang='grc' dir='ltr'>Ἠρακλεῖ.</span> <span class='ocrx_word' id='word_1_466' title='bbox 3389 1921 3668 1992; x_wconf 84' lang='lat' dir='ltr'><strong>Josephus</strong></span> <span class='ocrx_word' id='word_1_467' title='bbox 3707 1940 3771 1978; x_wconf 88' lang='lat' dir='ltr'><strong>ex</strong></span> 
     </span>
    </p>
   </div>
   <div class='ocr_carea' id='block_1_65' title="bbox 2201 2011 3774 2085">
    <p class='ocr_par' dir='ltr' id='par_1_65' title="bbox 2201 2011 3774 2085">
     <span class='ocr_line' id='line_1_65' title="bbox 2201 2011 3774 2085; baseline -0.009 -11"><span class='ocrx_word' id='word_1_468' title='bbox 2201 2018 2488 2074; x_wconf 86' lang='lat' dir='ltr'><strong>Cleodcmo</strong></span> <span class='ocrx_word' id='word_1_469' title='bbox 2543 2016 2686 2071; x_wconf 86' lang='lat' dir='ltr'><strong>lib.t</strong></span> <span class='ocrx_word' id='word_1_470' title='bbox 2735 2011 3301 2085; x_wconf 73' lang='lat' dir='ltr'><strong>Antiquit.:_To:5:ou;</strong></span> <span class='ocrx_word' id='word_1_471' title='bbox 3349 2014 3457 2084; x_wconf 79' lang='grc' dir='ltr'><strong>γὰρ</strong></span> <span class='ocrx_word' id='word_1_472' title='bbox 3506 2014 3774 2084; x_wconf 66' lang='grc' dir='ltr'>Ἡρακλῄ</span> 
     </span>
    </p>
   </div>
   <div class='ocr_carea' id='block_1_66' title="bbox 2205 2103 3774 2176">
    <p class='ocr_par' dir='ltr' id='par_1_66' title="bbox 2205 2103 3774 2176">
     <span class='ocr_line' id='line_1_66' title="bbox 2205 2103 3774 2176; baseline -0.001 -17"><span class='ocrx_word' id='word_1_473' title='bbox 2205 2105 2596 2176; x_wconf 77' lang='grc' dir='ltr'>συστρατεῦσαι</span> <span class='ocrx_word' id='word_1_474' title='bbox 2633 2106 2723 2157; x_wconf 75' lang='grc' dir='ltr'>ἐπὶ</span> <span class='ocrx_word' id='word_1_475' title='bbox 2762 2105 2966 2175; x_wconf 84' lang='grc' dir='ltr'>Λιϐύην</span> <span class='ocrx_word' id='word_1_476' title='bbox 2996 2104 3089 2157; x_wconf 75' lang='grc' dir='ltr'>καὶ</span> <span class='ocrx_word' id='word_1_477' title='bbox 3125 2103 3380 2169; x_wconf 84' lang='grc' dir='ltr'>Ἀνταῖον,</span> <span class='ocrx_word' id='word_1_478' title='bbox 3422 2105 3684 2173; x_wconf 79' lang='grc' dir='ltr'>γήμαντά</span> <span class='ocrx_word' id='word_1_479' title='bbox 3713 2122 3774 2157; x_wconf 75' lang='grc' dir='ltr'><strong>τε</strong></span> 
     </span>
    </p>
   </div>
   <div class='ocr_carea' id='block_1_67' title="bbox 2202 2195 3773 2270">
    <p class='ocr_par' dir='ltr' id='par_1_67' title="bbox 2202 2195 3773 2270">
     <span class='ocr_line' id='line_1_67' title="bbox 2202 2195 3773 2270; baseline -0.015 1"><span class='ocrx_word' id='word_1_480' title='bbox 2202 2198 2296 2270; x_wconf 72' lang='grc' dir='ltr'><strong>τὴν</strong></span> <span class='ocrx_word' id='word_1_481' title='bbox 2343 2202 2550 2269; x_wconf 63' lang='grc' dir='ltr'>ὀφραν</span> <span class='ocrx_word' id='word_1_482' title='bbox 2597 2197 2872 2268; x_wconf 74' lang='grc' dir='ltr'>θυγατέρα</span> <span class='ocrx_word' id='word_1_483' title='bbox 2923 2195 3190 2266; x_wconf 83' lang='grc' dir='ltr'>Ἡρακλέα</span> <span class='ocrx_word' id='word_1_484' title='bbox 3242 2195 3494 2265; x_wconf 77' lang='grc' dir='ltr'>γεννῆσαι</span> <span class='ocrx_word' id='word_1_485' title='bbox 3553 2197 3672 2250; x_wconf 78' lang='grc' dir='ltr'>υἱὸν</span> <span class='ocrx_word' id='word_1_486' title='bbox 3713 2198 3773 2263; x_wconf 78' lang='grc' dir='ltr'><strong>ἐξ</strong></span> 
     </span>
    </p>
   </div>
   <div class='ocr_carea' id='block_1_68' title="bbox 2203 2285 3772 2361">
    <p class='ocr_par' dir='ltr' id='par_1_68' title="bbox 2203 2285 3772 2361">
     <span class='ocr_line' id='line_1_68' title="bbox 2203 2285 3772 2361; baseline -0.001 -18"><span class='ocrx_word' id='word_1_487' title='bbox 2203 2291 2370 2361; x_wconf 79' lang='grc' dir='ltr'>αὐτῆς</span> <span class='ocrx_word' id='word_1_488' title='bbox 2409 2291 2665 2361; x_wconf 86' lang='grc' dir='ltr'>Δέδωρον.</span> <span class='ocrx_word' id='word_1_489' title='bbox 2705 2289 2904 2342; x_wconf 88' lang='grc' dir='ltr'>Τούτου</span> <span class='ocrx_word' id='word_1_490' title='bbox 2942 2288 2998 2340; x_wconf 85' lang='grc' dir='ltr'>δὲ</span> <span class='ocrx_word' id='word_1_491' title='bbox 3028 2289 3276 2356; x_wconf 79' lang='grc' dir='ltr'>γενέσθαι</span> <span class='ocrx_word' id='word_1_492' title='bbox 3308 2288 3558 2358; x_wconf 81' lang='grc' dir='ltr'>Σοφῶνα,</span> <span class='ocrx_word' id='word_1_493' title='bbox 3589 2290 3687 2358; x_wconf 61' lang='grc' dir='ltr'><strong>ἀφ’</strong></span> <span class='ocrx_word' id='word_1_494' title='bbox 3714 2285 3772 2342; x_wconf 72' lang='grc' dir='ltr'>οὗ</span> 
     </span>
    </p>
   </div>
   <div class='ocr_carea' id='block_1_69' title="bbox 2203 2367 3769 2452">
    <p class='ocr_par' dir='ltr' id='par_1_69' title="bbox 2203 2367 3769 2452">
     <span class='ocr_line' id='line_1_69' title="bbox 2203 2367 3769 2452; baseline -0.001 -18"><span class='ocrx_word' id='word_1_495' title='bbox 2203 2367 2324 2445; x_wconf 79' lang='grc' dir='ltr'>τοὺς</span> <span class='ocrx_word' id='word_1_496' title='bbox 2348 2382 2648 2452; x_wconf 84' lang='grc' dir='ltr'>βαρϐάρους</span> <span class='ocrx_word' id='word_1_497' title='bbox 2667 2380 2918 2450; x_wconf 79' lang='grc' dir='ltr'>Σοφακάς</span> <span class='ocrx_word' id='word_1_498' title='bbox 2937 2379 3185 2449; x_wconf 80' lang='grc' dir='ltr'>λέγεσθαι</span> <span class='ocrx_word' id='word_1_499' title='bbox 3207 2398 3220 2409; x_wconf 75' lang='lat'><strong>&#39;</strong></span> <span class='ocrx_word' id='word_1_500' title='bbox 3247 2381 3336 2434; x_wconf 92' lang='lat' dir='ltr'><strong>alii</strong></span> <span class='ocrx_word' id='word_1_501' title='bbox 3358 2381 3545 2452; x_wconf 88' lang='lat' dir='ltr'><strong>legunt</strong></span> <span class='ocrx_word' id='word_1_502' title='bbox 3569 2380 3769 2450; x_wconf 76' lang='grc' dir='ltr'>Σοφάς.</span> 
     </span>
    </p>
   </div>
   <div class='ocr_carea' id='block_1_70' title="bbox 2204 2473 3772 2544">
    <p class='ocr_par' dir='ltr' id='par_1_70' title="bbox 2204 2473 3772 2544">
     <span class='ocr_line' id='line_1_70' title="bbox 2204 2473 3772 2544; baseline 0.002 -18"><span class='ocrx_word' id='word_1_503' title='bbox 2204 2474 2280 2528; x_wconf 86' lang='lat' dir='ltr'><strong>Ex</strong></span> <span class='ocrx_word' id='word_1_504' title='bbox 2313 2475 2397 2526; x_wconf 90' lang='lat' dir='ltr'><strong>his</strong></span> <span class='ocrx_word' id='word_1_505' title='bbox 2424 2473 2785 2544; x_wconf 87' lang='lat' dir='ltr'><strong>corrigendus</strong></span> <span class='ocrx_word' id='word_1_506' title='bbox 2816 2473 3154 2537; x_wconf 84' lang='lat' dir='ltr'><strong>Eustathius,</strong></span> <span class='ocrx_word' id='word_1_507' title='bbox 3190 2473 3312 2528; x_wconf 84' lang='lat' dir='ltr'><strong>nisi-</strong></span> <span class='ocrx_word' id='word_1_508' title='bbox 3334 2475 3510 2544; x_wconf 86' lang='lat' dir='ltr'><strong>magis</strong></span> <span class='ocrx_word' id='word_1_509' title='bbox 3544 2475 3772 2543; x_wconf 82' lang='lat' dir='ltr'><strong>placue-</strong></span> 
     </span>
    </p>
   </div>
   <div class='ocr_carea' id='block_1_71' title="bbox 2205 2565 3770 2638">
    <p class='ocr_par' dir='ltr' id='par_1_71' title="bbox 2205 2565 3770 2638">
     <span class='ocr_line' id='line_1_71' title="bbox 2205 2565 3770 2638; baseline -0.002 -16"><span class='ocrx_word' id='word_1_510' title='bbox 2205 2569 2274 2622; x_wconf 91' lang='lat' dir='ltr'><strong>rit</strong></span> <span class='ocrx_word' id='word_1_511' title='bbox 2305 2567 2559 2636; x_wconf 82' lang='grc' dir='ltr'>Σοφῶνας</span> <span class='ocrx_word' id='word_1_512' title='bbox 2592 2567 2848 2621; x_wconf 86' lang='lat' dir='ltr'><strong>scribere.</strong></span> <span class='ocrx_word' id='word_1_513' title='bbox 2893 2565 3007 2620; x_wconf 93' lang='lat' dir='ltr'><strong>Hoc</strong></span> <span class='ocrx_word' id='word_1_514' title='bbox 3043 2573 3225 2621; x_wconf 88' lang='lat' dir='ltr'><strong>tamen</strong></span> <span class='ocrx_word' id='word_1_515' title='bbox 3268 2566 3643 2638; x_wconf 84' lang='lat' dir='ltr'><strong>perinsignem</strong></span> <span class='ocrx_word' id='word_1_516' title='bbox 3689 2575 3770 2619; x_wconf 80' lang='lat' dir='ltr'><strong>at-</strong></span> 
     </span>
    </p>
   </div>
   <div class='ocr_carea' id='block_1_72' title="bbox 2203 2655 3770 2726">
    <p class='ocr_par' dir='ltr' id='par_1_72' title="bbox 2203 2655 3770 2726">
     <span class='ocr_line' id='line_1_72' title="bbox 2203 2655 3770 2726; baseline 0.001 -16"><span class='ocrx_word' id='word_1_517' title='bbox 2203 2673 2307 2726; x_wconf 89' lang='lat' dir='ltr'><strong>que.</strong></span> <span class='ocrx_word' id='word_1_518' title='bbox 2338 2657 2730 2726; x_wconf 88' lang='lat' dir='ltr'><strong>perabsurdum</strong></span> <span class='ocrx_word' id='word_1_519' title='bbox 2755 2657 2808 2709; x_wconf 92' lang='lat' dir='ltr'><strong>in</strong></span> <span class='ocrx_word' id='word_1_520' title='bbox 2833 2655 3186 2726; x_wconf 83' lang='lat' dir='ltr'><strong>Cltronologia</strong></span> <span class='ocrx_word' id='word_1_521' title='bbox 3218 2671 3458 2711; x_wconf 91' lang='lat' dir='ltr'><strong>errorem</strong></span> <span class='ocrx_word' id='word_1_522' title='bbox 3479 2657 3770 2712; x_wconf 80' lang='lat' dir='ltr'><strong>continere</strong></span> 
     </span>
    </p>
   </div>
   <div class='ocr_carea' id='block_1_73' title="bbox 2205 2747 3768 2819">
    <p class='ocr_par' dir='ltr' id='par_1_73' title="bbox 2205 2747 3768 2819">
     <span class='ocr_line' id='line_1_73' title="bbox 2205 2747 3768 2819; baseline 0 -16"><span class='ocrx_word' id='word_1_523' title='bbox 2205 2749 2444 2804; x_wconf 85' lang='lat' dir='ltr'><strong>scribere</strong></span> <span class='ocrx_word' id='word_1_524' title='bbox 2487 2747 2770 2815; x_wconf 87' lang='lat' dir='ltr'><strong>Pererius;</strong></span> <span class='ocrx_word' id='word_1_525' title='bbox 2826 2747 3084 2803; x_wconf 85' lang='lat' dir='ltr'><strong>Hercules</strong></span> <span class='ocrx_word' id='word_1_526' title='bbox 3136 2765 3364 2819; x_wconf 85' lang='lat' dir='ltr'><strong>namque</strong></span> <span class='ocrx_word' id='word_1_527' title='bbox 3407 2749 3668 2813; x_wconf 80' lang='lat' dir='ltr'><strong>excessit,</strong></span> <span class='ocrx_word' id='word_1_528' title='bbox 3711 2759 3768 2803; x_wconf 81' lang='lat' dir='ltr'><strong>ut</strong></span> 
     </span>
    </p>
   </div>
   <div class='ocr_carea' id='block_1_74' title="bbox 2204 2844 3765 2914">
    <p class='ocr_par' dir='ltr' id='par_1_74' title="bbox 2204 2844 3765 2914">
     <span class='ocr_line' id='line_1_74' title="bbox 2204 2844 3765 2914; baseline 0.001 -16"><span class='ocrx_word' id='word_1_529' title='bbox 2204 2845 2344 2898; x_wconf 88' lang='lat' dir='ltr'><strong>inter</strong></span> <span class='ocrx_word' id='word_1_530' title='bbox 2388 2860 2576 2899; x_wconf 85' lang='lat' dir='ltr'><strong>omnes</strong></span> <span class='ocrx_word' id='word_1_531' title='bbox 2625 2845 2898 2907; x_wconf 89' lang='lat' dir='ltr'><strong>convenit,</strong></span> <span class='ocrx_word' id='word_1_532' title='bbox 2943 2844 3123 2898; x_wconf 90' lang='lat' dir='ltr'><strong>minus</strong></span> <span class='ocrx_word' id='word_1_533' title='bbox 3165 2844 3384 2914; x_wconf 89' lang='lat' dir='ltr'><strong>triginta</strong></span> <span class='ocrx_word' id='word_1_534' title='bbox 3432 2844 3596 2898; x_wconf 90' lang='lat' dir='ltr'><strong>annis</strong></span> <span class='ocrx_word' id='word_1_535' title='bbox 3638 2853 3765 2900; x_wconf 76' lang='lat' dir='ltr'><strong>ante</strong></span> 
     </span>
    </p>
   </div>
   <div class='ocr_carea' id='block_1_75' title="bbox 2204 2937 3764 3007">
    <p class='ocr_par' dir='ltr' id='par_1_75' title="bbox 2204 2937 3764 3007">
     <span class='ocr_line' id='line_1_75' title="bbox 2204 2937 3764 3007; baseline -0.001 -15"><span class='ocrx_word' id='word_1_536' title='bbox 2204 2939 2402 2992; x_wconf 85' lang='lat' dir='ltr'><strong>bellum</strong></span> <span class='ocrx_word' id='word_1_537' title='bbox 2435 2937 2753 3007; x_wconf 83' lang='lat' dir='ltr'><strong>Trojanum,</strong></span> <span class='ocrx_word' id='word_1_538' title='bbox 2780 2937 2922 3007; x_wconf 91' lang='lat' dir='ltr'><strong>quod</strong></span> <span class='ocrx_word' id='word_1_539' title='bbox 2950 2939 3148 2991; x_wconf 87' lang='lat' dir='ltr'><strong>bellum</strong></span> <span class='ocrx_word' id='word_1_540' title='bbox 3179 2937 3230 2990; x_wconf 93' lang='lat' dir='ltr'><strong>in</strong></span> <span class='ocrx_word' id='word_1_541' title='bbox 3262 2937 3572 3007; x_wconf 81' lang='lat' dir='ltr'><strong>principatu</strong></span> <span class='ocrx_word' id='word_1_542' title='bbox 3605 2939 3764 2991; x_wconf 82' lang='lat' dir='ltr'><strong>Sam-</strong></span> 
     </span>
    </p>
   </div>
   <div class='ocr_carea' id='block_1_76' title="bbox 2203 3028 3770 3102">
    <p class='ocr_par' dir='ltr' id='par_1_76' title="bbox 2203 3028 3770 3102">
     <span class='ocr_line' id='line_1_76' title="bbox 2203 3028 3770 3102; baseline -0.001 -19"><span class='ocrx_word' id='word_1_543' title='bbox 2203 3029 2376 3102; x_wconf 85' lang='lat' dir='ltr'><strong>sonis,</strong></span> <span class='ocrx_word' id='word_1_544' title='bbox 2403 3038 2494 3082; x_wconf 89' lang='lat' dir='ltr'><strong>aut</strong></span> <span class='ocrx_word' id='word_1_545' title='bbox 2524 3045 2630 3082; x_wconf 94' lang='lat' dir='ltr'><strong>non</strong></span> <span class='ocrx_word' id='word_1_546' title='bbox 2657 3029 2841 3097; x_wconf 88' lang='lat' dir='ltr'><strong>procul</strong></span> <span class='ocrx_word' id='word_1_547' title='bbox 2866 3028 2934 3082; x_wconf 90' lang='lat' dir='ltr'><strong>ab</strong></span> <span class='ocrx_word' id='word_1_548' title='bbox 2959 3043 3021 3083; x_wconf 91' lang='lat' dir='ltr'><strong>eo</strong></span> <span class='ocrx_word' id='word_1_549' title='bbox 3043 3036 3282 3098; x_wconf 89' lang='lat' dir='ltr'><strong>tempore</strong></span> <span class='ocrx_word' id='word_1_550' title='bbox 3313 3028 3566 3097; x_wconf 86' lang='lat' dir='ltr'><strong>contigit,</strong></span> <span class='ocrx_word' id='word_1_551' title='bbox 3597 3043 3770 3098; x_wconf 81' lang='lat' dir='ltr'><strong>quare</strong></span> 
     </span>
    </p>
   </div>
   <div class='ocr_carea' id='block_1_77' title="bbox 2207 3120 3766 3191">
    <p class='ocr_par' dir='ltr' id='par_1_77' title="bbox 2207 3120 3766 3191">
     <span class='ocr_line' id='line_1_77' title="bbox 2207 3120 3766 3191; baseline 0 -17"><span class='ocrx_word' id='word_1_552' title='bbox 2207 3120 2298 3175; x_wconf 89' lang='lat' dir='ltr'><strong>isti</strong></span> <span class='ocrx_word' id='word_1_553' title='bbox 2325 3130 2547 3191; x_wconf 90' lang='lat' dir='ltr'><strong>nepotes</strong></span> <span class='ocrx_word' id='word_1_554' title='bbox 2581 3121 2828 3188; x_wconf 61' lang='lat' dir='ltr'><strong>Abrahae,</strong></span> <span class='ocrx_word' id='word_1_555' title='bbox 2863 3121 2988 3190; x_wconf 89' lang='lat' dir='ltr'><strong>plus</strong></span> <span class='ocrx_word' id='word_1_556' title='bbox 3019 3128 3301 3175; x_wconf 80' lang='lat' dir='ltr'><strong>sexcentos</strong></span> <span class='ocrx_word' id='word_1_557' title='bbox 3334 3135 3510 3174; x_wconf 92' lang='lat' dir='ltr'><strong>annos</strong></span> <span class='ocrx_word' id='word_1_558' title='bbox 3556 3121 3766 3174; x_wconf 88' lang='lat' dir='ltr'><strong>Hercu-</strong></span> 
     </span>
    </p>
   </div>
   <div class='ocr_carea' id='block_1_78' title="bbox 2204 3209 3766 3283">
    <p class='ocr_par' dir='ltr' id='par_1_78' title="bbox 2204 3209 3766 3283">
     <span class='ocr_line' id='line_1_78' title="bbox 2204 3209 3766 3283; baseline -0.001 -15"><span class='ocrx_word' id='word_1_559' title='bbox 2204 3209 2311 3268; x_wconf 80' lang='lat' dir='ltr'><strong>lem</strong></span> <span class='ocrx_word' id='word_1_560' title='bbox 2352 3221 2784 3277; x_wconf 88' lang='lat' dir='ltr'><strong>antecesserunt,</strong></span> <span class='ocrx_word' id='word_1_561' title='bbox 2834 3213 3136 3283; x_wconf 90' lang='lat' dir='ltr'><strong>probatque</strong></span> <span class='ocrx_word' id='word_1_562' title='bbox 3178 3213 3499 3267; x_wconf 89' lang='lat' dir='ltr'><strong>auctoritate</strong></span> <span class='ocrx_word' id='word_1_563' title='bbox 3544 3213 3766 3268; x_wconf 77' lang='lat' dir='ltr'><strong>Eusebii</strong></span> 
     </span>
    </p>
   </div>
   <div class='ocr_carea' id='block_1_79' title="bbox 2167 3292 3768 3373">
    <p class='ocr_par' dir='ltr' id='par_1_79' title="bbox 2167 3292 3768 3373">
     <span class='ocr_line' id='line_1_79' title="bbox 2167 3292 3768 3373; baseline 0.001 -17"><span class='ocrx_word' id='word_1_564' title='bbox 2167 3292 2259 3357; x_wconf 29' lang='lat' dir='ltr'><strong>&quot;in</strong></span> <span class='ocrx_word' id='word_1_565' title='bbox 2293 3303 2607 3373; x_wconf 65' lang='lat' dir='ltr'><strong>praafatione</strong></span> <span class='ocrx_word' id='word_1_566' title='bbox 2651 3319 2876 3358; x_wconf 90' lang='lat' dir='ltr'><strong>suorum</strong></span> <span class='ocrx_word' id='word_1_567' title='bbox 2928 3303 3120 3358; x_wconf 85' lang='lat' dir='ltr'><strong>Chron.</strong></span> <span class='ocrx_word' id='word_1_568' title='bbox 3179 3301 3282 3357; x_wconf 89' lang='lat' dir='ltr'><strong>Sed</strong></span> <span class='ocrx_word' id='word_1_569' title='bbox 3328 3318 3576 3357; x_wconf 88' lang='lat' dir='ltr'><strong>errorem</strong></span> <span class='ocrx_word' id='word_1_570' title='bbox 3619 3305 3768 3358; x_wconf 84' lang='lat' dir='ltr'><strong>hunc</strong></span> 
     </span>
    </p>
   </div>
   <div class='ocr_carea' id='block_1_80' title="bbox 2202 3391 3760 3464">
    <p class='ocr_par' dir='ltr' id='par_1_80' title="bbox 2202 3391 3760 3464">
     <span class='ocr_line' id='line_1_80' title="bbox 2202 3391 3760 3464; baseline -0.003 -16"><span class='ocrx_word' id='word_1_571' title='bbox 2202 3394 2566 3464; x_wconf 89' lang='lat' dir='ltr'><strong>perinsignem</strong></span> <span class='ocrx_word' id='word_1_572' title='bbox 2598 3401 2651 3448; x_wconf 91' lang='lat' dir='ltr'><strong>et</strong></span> <span class='ocrx_word' id='word_1_573' title='bbox 2683 3393 3080 3464; x_wconf 89' lang='lat' dir='ltr'><strong>perabsurdum</strong></span> <span class='ocrx_word' id='word_1_574' title='bbox 3114 3392 3168 3446; x_wconf 95' lang='lat' dir='ltr'><strong>in</strong></span> <span class='ocrx_word' id='word_1_575' title='bbox 3199 3391 3580 3461; x_wconf 81' lang='lat' dir='ltr'><strong>Chronologia,</strong></span> <span class='ocrx_word' id='word_1_576' title='bbox 3611 3392 3760 3456; x_wconf 72' lang='lat' dir='ltr'><strong>velit,</strong></span> 
     </span>
    </p>
   </div>
   <div class='ocr_carea' id='block_1_81' title="bbox 2203 3482 3761 3556">
    <p class='ocr_par' dir='ltr' id='par_1_81' title="bbox 2203 3482 3761 3556">
     <span class='ocr_line' id='line_1_81' title="bbox 2203 3482 3761 3556; baseline -0.003 -15"><span class='ocrx_word' id='word_1_577' title='bbox 2203 3486 2356 3548; x_wconf 90' lang='lat' dir='ltr'><strong>nolit,</strong></span> <span class='ocrx_word' id='word_1_578' title='bbox 2394 3487 2549 3540; x_wconf 92' lang='lat' dir='ltr'><strong>nobis</strong></span> <span class='ocrx_word' id='word_1_579' title='bbox 2577 3484 2830 3540; x_wconf 86' lang='lat' dir='ltr'><strong>Pererius</strong></span> <span class='ocrx_word' id='word_1_580' title='bbox 2854 3486 3113 3556; x_wconf 85' lang='lat' dir='ltr'><strong>suggerit,</strong></span> <span class='ocrx_word' id='word_1_581' title='bbox 3147 3482 3238 3553; x_wconf 86' lang='lat' dir='ltr'><strong>qui</strong></span> <span class='ocrx_word' id='word_1_582' title='bbox 3274 3499 3442 3537; x_wconf 91' lang='lat' dir='ltr'><strong>unum</strong></span> <span class='ocrx_word' id='word_1_583' title='bbox 3472 3482 3761 3538; x_wconf 86' lang='lat' dir='ltr'><strong>Herculem</strong></span> 
     </span>
    </p>
   </div>
   <div class='ocr_carea' id='block_1_82' title="bbox 2202 3576 3766 3647">
    <p class='ocr_par' dir='ltr' id='par_1_82' title="bbox 2202 3576 3766 3647">
     <span class='ocr_line' id='line_1_82' title="bbox 2202 3576 3766 3647; baseline -0.001 -15"><span class='ocrx_word' id='word_1_584' title='bbox 2202 3577 2540 3632; x_wconf 88' lang='lat' dir='ltr'><strong>constituens</strong></span> <span class='ocrx_word' id='word_1_585' title='bbox 2583 3585 2754 3647; x_wconf 88' lang='lat' dir='ltr'><strong>putat,</strong></span> <span class='ocrx_word' id='word_1_586' title='bbox 2806 3592 2864 3631; x_wconf 90' lang='lat' dir='ltr'><strong>se</strong></span> <span class='ocrx_word' id='word_1_587' title='bbox 2909 3593 3015 3630; x_wconf 92' lang='lat' dir='ltr'><strong>non</strong></span> <span class='ocrx_word' id='word_1_588' title='bbox 3058 3576 3395 3644; x_wconf 84' lang='lat' dir='ltr'><strong>ineleganter</strong></span> <span class='ocrx_word' id='word_1_589' title='bbox 3430 3576 3766 3646; x_wconf 84' lang='lat' dir='ltr'><strong>redarguere</strong></span> 
     </span>
    </p>
   </div>
   <div class='ocr_carea' id='block_1_83' title="bbox 2201 3666 3762 3736">
    <p class='ocr_par' dir='ltr' id='par_1_83' title="bbox 2201 3666 3762 3736">
     <span class='ocr_line' id='line_1_83' title="bbox 2201 3666 3762 3736; baseline -0.002 -15"><span class='ocrx_word' id='word_1_590' title='bbox 2201 3666 2568 3730; x_wconf 88' lang='lat' dir='ltr'><strong>Cleodemutn,</strong></span> <span class='ocrx_word' id='word_1_591' title='bbox 2599 3668 2961 3723; x_wconf 84' lang='lat' dir='ltr'><strong>Alexandrum</strong></span> <span class='ocrx_word' id='word_1_592' title='bbox 2997 3666 3762 3736; x_wconf 82' lang='lat' dir='ltr'><strong>Polyhistorem,Josephnm,</strong></span> 
     </span>
    </p>
   </div>
   <div class='ocr_carea' id='block_1_84' title="bbox 2201 3757 3766 3830">
    <p class='ocr_par' dir='ltr' id='par_1_84' title="bbox 2201 3757 3766 3830">
     <span class='ocr_line' id='line_1_84' title="bbox 2201 3757 3766 3830; baseline -0.001 -16"><span class='ocrx_word' id='word_1_593' title='bbox 2201 3769 2254 3815; x_wconf 90' lang='lat' dir='ltr'><strong>et</strong></span> <span class='ocrx_word' id='word_1_594' title='bbox 2305 3767 2701 3830; x_wconf 88' lang='lat' dir='ltr'><strong>consequenter</strong></span> <span class='ocrx_word' id='word_1_595' title='bbox 2752 3768 2998 3815; x_wconf 88' lang='lat' dir='ltr'><strong>nostrum</strong></span> <span class='ocrx_word' id='word_1_596' title='bbox 3061 3758 3424 3813; x_wconf 86' lang='lat' dir='ltr'><strong>Eustathium.</strong></span> <span class='ocrx_word' id='word_1_597' title='bbox 3483 3757 3766 3814; x_wconf 86' lang='lat' dir='ltr'><strong>Cleodemi</strong></span> 
     </span>
    </p>
   </div>
   <div class='ocr_carea' id='block_1_85' title="bbox 2201 3851 3763 3920">
    <p class='ocr_par' dir='ltr' id='par_1_85' title="bbox 2201 3851 3763 3920">
     <span class='ocr_line' id='line_1_85' title="bbox 2201 3851 3763 3920; baseline -0.001 -14"><span class='ocrx_word' id='word_1_598' title='bbox 2201 3851 2344 3906; x_wconf 91' lang='lat' dir='ltr'><strong>dicta</strong></span> <span class='ocrx_word' id='word_1_599' title='bbox 2400 3852 2647 3906; x_wconf 68' lang='lat' dir='ltr'><strong>maximae</strong></span> <span class='ocrx_word' id='word_1_600' title='bbox 2697 3866 2819 3906; x_wconf 88' lang='lat' dir='ltr'><strong>esse</strong></span> <span class='ocrx_word' id='word_1_601' title='bbox 2863 3851 3204 3906; x_wconf 89' lang='lat' dir='ltr'><strong>auctoritatis</strong></span> <span class='ocrx_word' id='word_1_602' title='bbox 3245 3851 3328 3904; x_wconf 91' lang='lat' dir='ltr'><strong>vel</strong></span> <span class='ocrx_word' id='word_1_603' title='bbox 3369 3867 3434 3906; x_wconf 88' lang='lat' dir='ltr'><strong>ex</strong></span> <span class='ocrx_word' id='word_1_604' title='bbox 3486 3866 3554 3906; x_wconf 92' lang='lat' dir='ltr'><strong>eo</strong></span> <span class='ocrx_word' id='word_1_605' title='bbox 3591 3859 3763 3920; x_wconf 83' lang='lat' dir='ltr'><strong>patet,</strong></span> 
     </span>
    </p>
   </div>
   <div class='ocr_carea' id='block_1_86' title="bbox 2200 3944 3762 4015">
    <p class='ocr_par' dir='ltr' id='par_1_86' title="bbox 2200 3944 3762 4015">
     <span class='ocr_line' id='line_1_86' title="bbox 2200 3944 3762 4015; baseline -0.001 -17"><span class='ocrx_word' id='word_1_606' title='bbox 2200 3944 2343 4015; x_wconf 89' lang='lat' dir='ltr'><strong>quod</strong></span> <span class='ocrx_word' id='word_1_607' title='bbox 2389 3952 2664 3999; x_wconf 88' lang='lat' dir='ltr'><strong>tantorum</strong></span> <span class='ocrx_word' id='word_1_608' title='bbox 2713 3946 2954 4000; x_wconf 85' lang='lat' dir='ltr'><strong>virorum</strong></span> <span class='ocrx_word' id='word_1_609' title='bbox 2999 3945 3331 4008; x_wconf 90' lang='lat' dir='ltr'><strong>testimonio,</strong></span> <span class='ocrx_word' id='word_1_610' title='bbox 3382 3959 3540 3998; x_wconf 85' lang='lat' dir='ltr'><strong>suam</strong></span> <span class='ocrx_word' id='word_1_611' title='bbox 3586 3944 3762 3998; x_wconf 84' lang='lat' dir='ltr'><strong>histo-</strong></span> 
     </span>
    </p>
   </div>
   <div class='ocr_carea' id='block_1_87' title="bbox 2200 4033 3762 4104">
    <p class='ocr_par' dir='ltr' id='par_1_87' title="bbox 2200 4033 3762 4104">
     <span class='ocr_line' id='line_1_87' title="bbox 2200 4033 3762 4104; baseline -0.001 -15"><span class='ocrx_word' id='word_1_612' title='bbox 2200 4036 2333 4089; x_wconf 91' lang='lat' dir='ltr'><strong>riam</strong></span> <span class='ocrx_word' id='word_1_613' title='bbox 2368 4037 2648 4090; x_wconf 84' lang='lat' dir='ltr'><strong>contexuit</strong></span> <span class='ocrx_word' id='word_1_614' title='bbox 2683 4037 2748 4090; x_wconf 88' lang='lat' dir='ltr'><strong>ad</strong></span> <span class='ocrx_word' id='word_1_615' title='bbox 2795 4035 3148 4089; x_wconf 82' lang='lat' dir='ltr'><strong>imitationem</strong></span> <span class='ocrx_word' id='word_1_616' title='bbox 3199 4034 3402 4104; x_wconf 78' lang='lat' dir='ltr'><strong>Moysis</strong></span> <span class='ocrx_word' id='word_1_617' title='bbox 3445 4033 3762 4087; x_wconf 67' lang='lat' dir='ltr'><strong>Juda‘orum</strong></span> 
     </span>
    </p>
   </div>
   <div class='ocr_carea' id='block_1_88' title="bbox 2203 4125 3763 4198">
    <p class='ocr_par' dir='ltr' id='par_1_88' title="bbox 2203 4125 3763 4198">
     <span class='ocr_line' id='line_1_88' title="bbox 2203 4125 3763 4198; baseline -0.001 -20"><span class='ocrx_word' id='word_1_618' title='bbox 2203 4126 2552 4195; x_wconf 86' lang='lat' dir='ltr'><strong>lcgislatoris.</strong></span> <span class='ocrx_word' id='word_1_619' title='bbox 2599 4128 2657 4180; x_wconf 82' lang='grc' dir='ltr'>Ὀ</span> <span class='ocrx_word' id='word_1_620' title='bbox 2703 4127 2928 4198; x_wconf 80' lang='grc' dir='ltr'>ἱστορῶν</span> <span class='ocrx_word' id='word_1_621' title='bbox 2967 4127 3036 4180; x_wconf 74' lang='grc' dir='ltr'><strong>τὰ</strong></span> <span class='ocrx_word' id='word_1_622' title='bbox 3082 4127 3209 4196; x_wconf 69' lang='grc' dir='ltr'>περὶ</span> <span class='ocrx_word' id='word_1_623' title='bbox 3261 4127 3522 4180; x_wconf 79' lang='grc' dir='ltr'>Ἰουδαίων</span> <span class='ocrx_word' id='word_1_624' title='bbox 3569 4125 3763 4190; x_wconf 76' lang='grc' dir='ltr'>καθὼς</span> 
     </span>
    </p>
   </div>
   <div class='ocr_carea' id='block_1_89' title="bbox 2200 4216 3758 4289">
    <p class='ocr_par' dir='ltr' id='par_1_89' title="bbox 2200 4216 3758 4289">
     <span class='ocr_line' id='line_1_89' title="bbox 2200 4216 3758 4289; baseline 0.001 -20"><span class='ocrx_word' id='word_1_625' title='bbox 2200 4217 2293 4270; x_wconf 74' lang='grc' dir='ltr'>καὶ</span> <span class='ocrx_word' id='word_1_626' title='bbox 2323 4218 2557 4287; x_wconf 82' lang='grc' dir='ltr'><strong>Μωῦσῆς</strong></span> <span class='ocrx_word' id='word_1_627' title='bbox 2587 4217 2863 4289; x_wconf 86' lang='grc' dir='ltr'>ἱστόρησεν</span> <span class='ocrx_word' id='word_1_628' title='bbox 2890 4220 2918 4270; x_wconf 88' lang='grc' dir='ltr'>ὁ</span> <span class='ocrx_word' id='word_1_629' title='bbox 2946 4216 3237 4287; x_wconf 80' lang='grc' dir='ltr'>νομοθέτης</span> <span class='ocrx_word' id='word_1_630' title='bbox 3264 4218 3458 4277; x_wconf 82' lang='grc' dir='ltr'>αὐτῶν,</span> <span class='ocrx_word' id='word_1_631' title='bbox 3485 4232 3758 4286; x_wconf 78' lang='lat' dir='ltr'><strong>nusquam</strong></span> 
     </span>
    </p>
   </div>
   <div class='ocr_carea' id='block_1_90' title="bbox 2203 4309 3763 4365">
    <p class='ocr_par' dir='ltr' id='par_1_90' title="bbox 2203 4309 3763 4365">
     <span class='ocr_line' id='line_1_90' title="bbox 2203 4309 3763 4365; baseline 0 -3"><span class='ocrx_word' id='word_1_632' title='bbox 2203 4309 2303 4363; x_wconf 87' lang='lat' dir='ltr'><strong>iste</strong></span> <span class='ocrx_word' id='word_1_633' title='bbox 2333 4317 2522 4364; x_wconf 91' lang='lat' dir='ltr'><strong>auctor</strong></span> <span class='ocrx_word' id='word_1_634' title='bbox 2549 4325 2579 4363; x_wconf 93' lang='lat' dir='ltr'><strong>a</strong></span> <span class='ocrx_word' id='word_1_635' title='bbox 2612 4309 2862 4365; x_wconf 80' lang='lat' dir='ltr'><strong>Mosaicis</strong></span> <span class='ocrx_word' id='word_1_636' title='bbox 2893 4310 3052 4364; x_wconf 88' lang='lat' dir='ltr'><strong>dictis</strong></span> <span class='ocrx_word' id='word_1_637' title='bbox 3079 4309 3162 4363; x_wconf 88' lang='lat' dir='ltr'><strong>vel</strong></span> <span class='ocrx_word' id='word_1_638' title='bbox 3186 4309 3571 4363; x_wconf 88' lang='lat' dir='ltr'><strong>traditionibus</strong></span> <span class='ocrx_word' id='word_1_639' title='bbox 3602 4310 3763 4362; x_wconf 85' lang='lat' dir='ltr'><strong>aber-</strong></span> 
     </span>
    </p>
   </div>
   <div class='ocr_carea' id='block_1_91' title="bbox 548 4397 3764 4478">
    <p class='ocr_par' dir='ltr' id='par_1_91' title="bbox 548 4397 3764 4478">
     <span class='ocr_line' id='line_1_91' title="bbox 548 4397 3764 4478; baseline -0.001 -24"><span class='ocrx_word' id='word_1_640' title='bbox 548 4399 652 4455; x_wconf 88' lang='lat' dir='ltr'><strong>lem</strong></span> <span class='ocrx_word' id='word_1_641' title='bbox 698 4407 949 4470; x_wconf 89' lang='lat' dir='ltr'><strong>respectu</strong></span> <span class='ocrx_word' id='word_1_642' title='bbox 992 4399 1243 4454; x_wconf 78' lang='lat' dir='ltr'><strong>videlicet</strong></span> <span class='ocrx_word' id='word_1_643' title='bbox 1287 4401 1404 4470; x_wconf 88' lang='lat' dir='ltr'><strong>ejus</strong></span> <span class='ocrx_word' id='word_1_644' title='bbox 1455 4401 1595 4465; x_wconf 94' lang='lat' dir='ltr'><strong>loci,</strong></span> <span class='ocrx_word' id='word_1_645' title='bbox 1638 4414 1795 4468; x_wconf 91' lang='lat' dir='ltr'><strong>quem</strong></span> <span class='ocrx_word' id='word_1_646' title='bbox 1835 4400 2102 4455; x_wconf 84' lang='lat' dir='ltr'><strong>incolebat</strong></span> <span class='ocrx_word' id='word_1_647' title='bbox 2134 4426 2175 4478; x_wconf 72' lang='grc' dir='ltr'>υ</span> <span class='ocrx_word' id='word_1_648' title='bbox 2205 4407 2399 4454; x_wconf 90' lang='lat' dir='ltr'><strong>rasset.</strong></span> <span class='ocrx_word' id='word_1_649' title='bbox 2445 4398 2553 4453; x_wconf 86' lang='lat' dir='ltr'><strong>Nec</strong></span> <span class='ocrx_word' id='word_1_650' title='bbox 2591 4399 2816 4455; x_wconf 88' lang='lat' dir='ltr'><strong>dubium</strong></span> <span class='ocrx_word' id='word_1_651' title='bbox 2850 4409 2933 4454; x_wconf 89' lang='lat' dir='ltr'><strong>est</strong></span> <span class='ocrx_word' id='word_1_652' title='bbox 2968 4398 3251 4453; x_wconf 89' lang='lat' dir='ltr'><strong>Herculem</strong></span> <span class='ocrx_word' id='word_1_653' title='bbox 3281 4397 3430 4453; x_wconf 87' lang='lat' dir='ltr'><strong>Jovis</strong></span> <span class='ocrx_word' id='word_1_654' title='bbox 3459 4407 3514 4452; x_wconf 90' lang='lat' dir='ltr'><strong>et</strong></span> <span class='ocrx_word' id='word_1_655' title='bbox 3551 4400 3764 4454; x_wconf 49' lang='lat' dir='ltr'><strong>Alcma</strong></span> 
     </span>
    </p>
   </div>
   <div class='ocr_carea' id='block_1_92' title="bbox 545 4490 2102 4555">
    <p class='ocr_par' dir='ltr' id='par_1_92' title="bbox 545 4490 2102 4555">
     <span class='ocr_line' id='line_1_92' title="bbox 545 4490 2102 4555; baseline 0.001 -12"><span class='ocrx_word' id='word_1_656' title='bbox 545 4490 843 4555; x_wconf 79' lang='lat' dir='ltr'><strong>Abraham,</strong></span> <span class='ocrx_word' id='word_1_657' title='bbox 880 4490 994 4545; x_wconf 83' lang='lat' dir='ltr'><strong>sive</strong></span> <span class='ocrx_word' id='word_1_658' title='bbox 1021 4491 1068 4544; x_wconf 92' lang='lat' dir='ltr'><strong>is</strong></span> <span class='ocrx_word' id='word_1_659' title='bbox 1091 4502 1236 4544; x_wconf 88' lang='lat' dir='ltr'><strong>esset</strong></span> <span class='ocrx_word' id='word_1_660' title='bbox 1267 4490 1502 4553; x_wconf 91' lang='lat' dir='ltr'><strong>Hebron,</strong></span> <span class='ocrx_word' id='word_1_661' title='bbox 1533 4491 1646 4545; x_wconf 91' lang='lat' dir='ltr'><strong>sive</strong></span> <span class='ocrx_word' id='word_1_662' title='bbox 1667 4490 1921 4544; x_wconf 88' lang='lat' dir='ltr'><strong>Bersabe.</strong></span> <span class='ocrx_word' id='word_1_663' title='bbox 1956 4490 2102 4544; x_wconf 87' lang='lat' dir='ltr'><strong>Scri-</strong></span> 
     </span>
    </p>
   </div>
   <div class='ocr_carea' id='block_1_93' title="bbox 546 4583 2101 4654">
    <p class='ocr_par' dir='ltr' id='par_1_93' title="bbox 546 4583 2101 4654">
     <span class='ocr_line' id='line_1_93' title="bbox 546 4583 2101 4654; baseline 0 -17"><span class='ocrx_word' id='word_1_664' title='bbox 546 4590 704 4653; x_wconf 89' lang='lat' dir='ltr'><strong>ptura</strong></span> <span class='ocrx_word' id='word_1_665' title='bbox 748 4583 894 4638; x_wconf 89' lang='lat' dir='ltr'><strong>enim</strong></span> <span class='ocrx_word' id='word_1_666' title='bbox 943 4585 1196 4654; x_wconf 88' lang='lat' dir='ltr'><strong>regiones</strong></span> <span class='ocrx_word' id='word_1_667' title='bbox 1241 4584 1532 4638; x_wconf 89' lang='lat' dir='ltr'><strong>orientales</strong></span> <span class='ocrx_word' id='word_1_668' title='bbox 1576 4584 1807 4653; x_wconf 90' lang='lat' dir='ltr'><strong>appellat</strong></span> <span class='ocrx_word' id='word_1_669' title='bbox 1852 4592 2101 4654; x_wconf 88' lang='lat' dir='ltr'><strong>respectu</strong></span> 
     </span>
    </p>
   </div>
   <div class='ocr_carea' id='block_1_94' title="bbox 546 4673 2102 4745">
    <p class='ocr_par' dir='ltr' id='par_1_94' title="bbox 546 4673 2102 4745">
     <span class='ocr_line' id='line_1_94' title="bbox 546 4673 2102 4745; baseline 0 -17"><span class='ocrx_word' id='word_1_670' title='bbox 546 4674 867 4740; x_wconf 63' lang='lat' dir='ltr'><strong>Paltestinar,</strong></span> <span class='ocrx_word' id='word_1_671' title='bbox 925 4691 1044 4744; x_wconf 62' lang='lat' dir='ltr'><strong>quae</strong></span> <span class='ocrx_word' id='word_1_672' title='bbox 1094 4682 1340 4745; x_wconf 89' lang='lat' dir='ltr'><strong>spectant</strong></span> <span class='ocrx_word' id='word_1_673' title='bbox 1390 4675 1560 4745; x_wconf 89' lang='lat' dir='ltr'><strong>magis</strong></span> <span class='ocrx_word' id='word_1_674' title='bbox 1594 4679 1660 4728; x_wconf 92' lang='lat' dir='ltr'><strong>ad</strong></span> <span class='ocrx_word' id='word_1_675' title='bbox 1699 4673 2001 4728; x_wconf 73' lang='lat' dir='ltr'><strong>Chaldzeam</strong></span> <span class='ocrx_word' id='word_1_676' title='bbox 2049 4683 2102 4729; x_wconf 89' lang='lat' dir='ltr'><strong>ct</strong></span> 
     </span>
    </p>
   </div>
   <div class='ocr_carea' id='block_1_95' title="bbox 513 4764 2101 4821">
    <p class='ocr_par' dir='ltr' id='par_1_95' title="bbox 513 4764 2101 4821">
     <span class='ocr_line' id='line_1_95' title="bbox 513 4764 2101 4821; baseline 0.001 -3"><span class='ocrx_word' id='word_1_677' title='bbox 513 4778 518 4782; x_wconf 82' lang='lat'><em>&#39;</em></span> <span class='ocrx_word' id='word_1_678' title='bbox 547 4765 846 4820; x_wconf 86' lang='lat' dir='ltr'><strong>Persidem.</strong></span> <span class='ocrx_word' id='word_1_679' title='bbox 873 4765 986 4821; x_wconf 90' lang='lat' dir='ltr'><strong>Hoc</strong></span> <span class='ocrx_word' id='word_1_680' title='bbox 1015 4774 1193 4820; x_wconf 89' lang='lat' dir='ltr'><strong>autem</strong></span> <span class='ocrx_word' id='word_1_681' title='bbox 1227 4765 1376 4819; x_wconf 92' lang='lat' dir='ltr'><strong>nullo</strong></span> <span class='ocrx_word' id='word_1_682' title='bbox 1403 4764 1564 4820; x_wconf 86' lang='lat' dir='ltr'><strong>modo</strong></span> <span class='ocrx_word' id='word_1_683' title='bbox 1597 4767 1846 4820; x_wconf 90' lang='lat' dir='ltr'><strong>convenit</strong></span> <span class='ocrx_word' id='word_1_684' title='bbox 1881 4767 1935 4820; x_wconf 93' lang='lat' dir='ltr'><strong>in</strong></span> <span class='ocrx_word' id='word_1_685' title='bbox 1967 4765 2101 4820; x_wconf 84' lang='lat' dir='ltr'><strong>Tro-</strong></span> 
     </span>
    </p>
   </div>
   <div class='ocr_carea' id='block_1_96' title="bbox 546 4856 2101 4929">
    <p class='ocr_par' dir='ltr' id='par_1_96' title="bbox 546 4856 2101 4929">
     <span class='ocr_line' id='line_1_96' title="bbox 546 4856 2101 4929; baseline 0.001 -19"><span class='ocrx_word' id='word_1_686' title='bbox 546 4858 871 4929; x_wconf 90' lang='lat' dir='ltr'><strong>glodyticam</strong></span> <span class='ocrx_word' id='word_1_687' title='bbox 917 4858 1212 4928; x_wconf 85' lang='lat' dir='ltr'><strong>regionem,</strong></span> <span class='ocrx_word' id='word_1_688' title='bbox 1257 4873 1376 4927; x_wconf 84' lang='lat' dir='ltr'><strong>quae</strong></span> <span class='ocrx_word' id='word_1_689' title='bbox 1408 4857 1554 4925; x_wconf 88' lang='lat' dir='ltr'><strong>jacet</strong></span> <span class='ocrx_word' id='word_1_690' title='bbox 1587 4858 1642 4911; x_wconf 93' lang='lat' dir='ltr'><strong>in</strong></span> <span class='ocrx_word' id='word_1_691' title='bbox 1675 4856 1856 4912; x_wconf 90' lang='lat' dir='ltr'><strong>Africa</strong></span> <span class='ocrx_word' id='word_1_692' title='bbox 1886 4858 2101 4912; x_wconf 68' lang='lat' dir='ltr'><strong>Ethio-</strong></span> 
     </span>
    </p>
   </div>
   <div class='ocr_carea' id='block_1_97' title="bbox 546 4946 2102 5019">
    <p class='ocr_par' dir='ltr' id='par_1_97' title="bbox 546 4946 2102 5019">
     <span class='ocr_line' id='line_1_97' title="bbox 546 4946 2102 5019; baseline 0.003 -21"><span class='ocrx_word' id='word_1_693' title='bbox 546 4947 708 5018; x_wconf 89' lang='lat' dir='ltr'><strong>pibus</strong></span> <span class='ocrx_word' id='word_1_694' title='bbox 739 4949 1000 5016; x_wconf 83' lang='lat' dir='ltr'><strong>proxima,</strong></span> <span class='ocrx_word' id='word_1_695' title='bbox 1031 4955 1082 5000; x_wconf 90' lang='lat' dir='ltr'><strong>et</strong></span> <span class='ocrx_word' id='word_1_696' title='bbox 1123 4961 1155 5000; x_wconf 89' lang='lat' dir='ltr'><strong>a</strong></span> <span class='ocrx_word' id='word_1_697' title='bbox 1196 4946 1505 5016; x_wconf 90' lang='lat' dir='ltr'><strong>supradicta</strong></span> <span class='ocrx_word' id='word_1_698' title='bbox 1540 4947 1901 5017; x_wconf 88' lang='lat' dir='ltr'><strong>descriptione</strong></span> <span class='ocrx_word' id='word_1_699' title='bbox 1932 4949 2102 5019; x_wconf 62' lang='lat' dir='ltr'><strong>plagae</strong></span> 
     </span>
    </p>
   </div>
   <div class='ocr_carea' id='block_1_98' title="bbox 545 5038 2101 5110">
    <p class='ocr_par' dir='ltr' id='par_1_98' title="bbox 545 5038 2101 5110">
     <span class='ocr_line' id='line_1_98' title="bbox 545 5038 2101 5110; baseline 0.004 -21"><span class='ocrx_word' id='word_1_700' title='bbox 545 5041 826 5093; x_wconf 85' lang='lat' dir='ltr'><strong>orientalis</strong></span> <span class='ocrx_word' id='word_1_701' title='bbox 861 5039 1245 5094; x_wconf 89' lang='lat' dir='ltr'><strong>remotissima.</strong></span> <span class='ocrx_word' id='word_1_702' title='bbox 1279 5038 1402 5094; x_wconf 71' lang='lat' dir='ltr'><strong>Haec</strong></span> <span class='ocrx_word' id='word_1_703' title='bbox 1443 5049 1623 5095; x_wconf 88' lang='lat' dir='ltr'><strong>tamen</strong></span> <span class='ocrx_word' id='word_1_704' title='bbox 1668 5041 1953 5110; x_wconf 90' lang='lat' dir='ltr'><strong>requirunt</strong></span> <span class='ocrx_word' id='word_1_705' title='bbox 1983 5043 2101 5096; x_wconf 87' lang='lat' dir='ltr'><strong>lon-</strong></span> 
     </span>
    </p>
   </div>
   <div class='ocr_carea' id='block_1_99' title="bbox 547 5131 1114 5203">
    <p class='ocr_par' dir='ltr' id='par_1_99' title="bbox 547 5131 1114 5203">
     <span class='ocr_line' id='line_1_99' title="bbox 547 5131 1114 5203; baseline -0.004 -17"><span class='ocrx_word' id='word_1_706' title='bbox 547 5133 751 5203; x_wconf 87' lang='lat' dir='ltr'><strong>giorem</strong></span> <span class='ocrx_word' id='word_1_707' title='bbox 785 5131 1114 5201; x_wconf 90' lang='lat' dir='ltr'><strong>indaginem.</strong></span> 
     </span>
    </p>
   </div>
   <div class='ocr_carea' id='block_1_100' title="bbox 614 5221 2095 5294">
    <p class='ocr_par' dir='ltr' id='par_1_100' title="bbox 614 5221 2095 5294">
     <span class='ocr_line' id='line_1_100' title="bbox 614 5221 2095 5294; baseline 0.001 -18"><span class='ocrx_word' id='word_1_708' title='bbox 614 5223 774 5289; x_wconf 82' lang='lat' dir='ltr'><strong>lbid.,</strong></span> <span class='ocrx_word' id='word_1_709' title='bbox 805 5225 899 5278; x_wconf 92' lang='lat' dir='ltr'><strong>lin.</strong></span> <span class='ocrx_word' id='word_1_710' title='bbox 931 5223 1016 5278; x_wconf 76' lang='grc'><strong>15.</strong></span> <span class='ocrx_word' id='word_1_711' title='bbox 1049 5223 1301 5292; x_wconf 71' lang='grc' dir='ltr'><strong>Σωφρὴν</strong></span> <span class='ocrx_word' id='word_1_712' title='bbox 1328 5223 1395 5276; x_wconf 79' lang='grc' dir='ltr'>δὲ</span> <span class='ocrx_word' id='word_1_713' title='bbox 1423 5223 1543 5277; x_wconf 81' lang='grc' dir='ltr'><strong>ἐπί.</strong></span> <span class='ocrx_word' id='word_1_714' title='bbox 1593 5221 1886 5294; x_wconf 75' lang='lat' dir='ltr'><strong>Iosephus,</strong></span> <span class='ocrx_word' id='word_1_715' title='bbox 1912 5225 2005 5280; x_wconf 89' lang='lat' dir='ltr'><strong>lib.</strong></span> <span class='ocrx_word' id='word_1_716' title='bbox 2045 5241 2095 5278; x_wconf 77' lang='grc' dir='ltr'>ιε</span> 
     </span>
    </p>
   </div>
   <div class='ocr_carea' id='block_1_101' title="bbox 543 5309 2098 5388">
    <p class='ocr_par' dir='ltr' id='par_1_101' title="bbox 543 5309 2098 5388">
     <span class='ocr_line' id='line_1_101' title="bbox 543 5309 2098 5388; baseline 0.001 -20"><span class='ocrx_word' id='word_1_717' title='bbox 543 5315 776 5383; x_wconf 81' lang='grc' dir='ltr'>Λέγεται</span> <span class='ocrx_word' id='word_1_718' title='bbox 799 5315 876 5381; x_wconf 79' lang='grc' dir='ltr'>δὲ,</span> <span class='ocrx_word' id='word_1_719' title='bbox 903 5316 976 5380; x_wconf 85' lang='grc' dir='ltr'>ὼς</span> <span class='ocrx_word' id='word_1_720' title='bbox 1003 5309 1155 5380; x_wconf 73' lang='grc' dir='ltr'>οὗτος</span> <span class='ocrx_word' id='word_1_721' title='bbox 1190 5316 1219 5367; x_wconf 84' lang='grc' dir='ltr'>ὁ</span> <span class='ocrx_word' id='word_1_722' title='bbox 1257 5317 1485 5386; x_wconf 79' lang='grc' dir='ltr'>Ὠφρης,</span> <span class='ocrx_word' id='word_1_723' title='bbox 1526 5317 1857 5386; x_wconf 83' lang='grc' dir='ltr'>στρατεύσας</span> <span class='ocrx_word' id='word_1_724' title='bbox 1883 5318 1974 5370; x_wconf 73' lang='grc' dir='ltr'><strong>ἐπὶ</strong></span> <span class='ocrx_word' id='word_1_725' title='bbox 2003 5317 2098 5388; x_wconf 77' lang='grc' dir='ltr'>τὴν</span> 
     </span>
    </p>
   </div>
   <div class='ocr_carea' id='block_1_102' title="bbox 544 5405 2101 5477">
    <p class='ocr_par' dir='ltr' id='par_1_102' title="bbox 544 5405 2101 5477">
     <span class='ocr_line' id='line_1_102' title="bbox 544 5405 2101 5477; baseline 0.003 -21"><span class='ocrx_word' id='word_1_726' title='bbox 544 5405 769 5475; x_wconf 83' lang='grc' dir='ltr'>Λιϐύην,</span> <span class='ocrx_word' id='word_1_727' title='bbox 810 5407 1071 5477; x_wconf 79' lang='grc' dir='ltr'>κατέσχεν</span> <span class='ocrx_word' id='word_1_728' title='bbox 1095 5405 1282 5477; x_wconf 82' lang='grc' dir='ltr'>αὐτὴν,</span> <span class='ocrx_word' id='word_1_729' title='bbox 1311 5407 1402 5458; x_wconf 76' lang='grc' dir='ltr'>καὶ</span> <span class='ocrx_word' id='word_1_730' title='bbox 1425 5409 1471 5459; x_wconf 85' lang='grc' dir='ltr'>οἱ</span> <span class='ocrx_word' id='word_1_731' title='bbox 1499 5408 1679 5460; x_wconf 80' lang='grc' dir='ltr'>υἱωνοὶ</span> <span class='ocrx_word' id='word_1_732' title='bbox 1705 5407 1888 5471; x_wconf 75' lang='grc' dir='ltr'>αὑτοῦ,</span> <span class='ocrx_word' id='word_1_733' title='bbox 1920 5425 2101 5461; x_wconf 88' lang='grc' dir='ltr'>κατοι-</span> 
     </span>
    </p>
   </div>
   <div class='ocr_carea' id='block_1_103' title="bbox 547 5499 2100 5572">
    <p class='ocr_par' dir='ltr' id='par_1_103' title="bbox 547 5499 2100 5572">
     <span class='ocr_line' id='line_1_103' title="bbox 547 5499 2100 5572; baseline 0.004 -24"><span class='ocrx_word' id='word_1_734' title='bbox 547 5499 809 5567; x_wconf 82' lang='grc' dir='ltr'>κήσαντες</span> <span class='ocrx_word' id='word_1_735' title='bbox 844 5501 900 5552; x_wconf 83' lang='grc' dir='ltr'>ὲν</span> <span class='ocrx_word' id='word_1_736' title='bbox 935 5501 1092 5570; x_wconf 81' lang='grc' dir='ltr'>αὐτῇ,</span> <span class='ocrx_word' id='word_1_737' title='bbox 1120 5499 1216 5572; x_wconf 83' lang='grc' dir='ltr'>τὴν</span> <span class='ocrx_word' id='word_1_738' title='bbox 1244 5501 1344 5571; x_wconf 81' lang='grc' dir='ltr'>γῆν</span> <span class='ocrx_word' id='word_1_739' title='bbox 1364 5501 1469 5553; x_wconf 84' lang='grc' dir='ltr'><strong>ἀπὸ</strong></span> <span class='ocrx_word' id='word_1_740' title='bbox 1495 5501 1589 5553; x_wconf 83' lang='grc' dir='ltr'><strong>τοῦ</strong></span> <span class='ocrx_word' id='word_1_741' title='bbox 1612 5501 1818 5553; x_wconf 81' lang='grc' dir='ltr'>ἐκείνου</span> <span class='ocrx_word' id='word_1_742' title='bbox 1841 5502 2100 5572; x_wconf 84' lang='grc' dir='ltr'>ὀνόματος</span> 
     </span>
    </p>
   </div>
   <div class='ocr_carea' id='block_1_104' title="bbox 551 5586 2097 5664">
    <p class='ocr_par' dir='ltr' id='par_1_104' title="bbox 551 5586 2097 5664">
     <span class='ocr_line' id='line_1_104' title="bbox 551 5586 2097 5664; baseline 0.008 -29"><span class='ocrx_word' id='word_1_743' title='bbox 551 5586 820 5656; x_wconf 80' lang='grc' dir='ltr'>’Δφρικαν</span> <span class='ocrx_word' id='word_1_744' title='bbox 835 5591 1295 5662; x_wconf 84' lang='grc' dir='ltr'>προσηγόρευσαν.</span> <span class='ocrx_word' id='word_1_745' title='bbox 1322 5594 1605 5664; x_wconf 84' lang='grc' dir='ltr'>Μαρτυρεῖ</span> <span class='ocrx_word' id='word_1_746' title='bbox 1629 5593 1684 5645; x_wconf 80' lang='grc' dir='ltr'>δέ</span> <span class='ocrx_word' id='word_1_747' title='bbox 1722 5611 1820 5663; x_wconf 87' lang='grc' dir='ltr'><strong>μου</strong></span> <span class='ocrx_word' id='word_1_748' title='bbox 1851 5593 1928 5663; x_wconf 77' lang='grc' dir='ltr'><strong>τῷ</strong></span> <span class='ocrx_word' id='word_1_749' title='bbox 1958 5594 2097 5663; x_wconf 86' lang='grc' dir='ltr'>λόγῳ</span> 
     </span>
    </p>
   </div>
   <div class='ocr_carea' id='block_1_105' title="bbox 547 5677 2096 5756">
    <p class='ocr_par' dir='ltr' id='par_1_105' title="bbox 547 5677 2096 5756">
     <span class='ocr_line' id='line_1_105' title="bbox 547 5677 2096 5756; baseline 0.005 -23"><span class='ocrx_word' id='word_1_750' title='bbox 547 5677 642 5734; x_wconf 79' lang='grc' dir='ltr'>καὶ</span> <span class='ocrx_word' id='word_1_751' title='bbox 671 5678 1009 5753; x_wconf 80' lang='grc' dir='ltr'>Ἀλέξανδρος</span> <span class='ocrx_word' id='word_1_752' title='bbox 1026 5687 1052 5737; x_wconf 82' lang='grc' dir='ltr'>ὁ</span> <span class='ocrx_word' id='word_1_753' title='bbox 1069 5685 1379 5754; x_wconf 78' lang='grc' dir='ltr'>Πολυΐστωρ</span> <span class='ocrx_word' id='word_1_754' title='bbox 1393 5685 1563 5752; x_wconf 80' lang='grc' dir='ltr'>λέγων</span> <span class='ocrx_word' id='word_1_755' title='bbox 1582 5686 1770 5750; x_wconf 75' lang='grc' dir='ltr'>οὕτως·</span> <span class='ocrx_word' id='word_1_756' title='bbox 1789 5685 2096 5756; x_wconf 80' lang='grc' dir='ltr'>Κλεόδημός</span> 
     </span>
    </p>
   </div>
   <div class='ocr_carea' id='block_1_106' title="bbox 2203 4489 3761 4562">
    <p class='ocr_par' dir='ltr' id='par_1_106' title="bbox 2203 4489 3761 4562">
     <span class='ocr_line' id='line_1_106' title="bbox 2203 4489 3761 4562; baseline -0.001 -17"><span class='ocrx_word' id='word_1_757' title='bbox 2203 4507 2286 4546; x_wconf 68' lang='lat' dir='ltr'><strong>nae</strong></span> <span class='ocrx_word' id='word_1_758' title='bbox 2316 4492 2504 4556; x_wconf 87' lang='lat' dir='ltr'><strong>lilium,</strong></span> <span class='ocrx_word' id='word_1_759' title='bbox 2545 4492 2638 4562; x_wconf 91' lang='lat' dir='ltr'><strong>qui</strong></span> <span class='ocrx_word' id='word_1_760' title='bbox 2682 4507 2806 4546; x_wconf 89' lang='lat' dir='ltr'><strong>cum</strong></span> <span class='ocrx_word' id='word_1_761' title='bbox 2837 4491 3166 4561; x_wconf 85' lang='lat' dir='ltr'><strong>Argonautis</strong></span> <span class='ocrx_word' id='word_1_762' title='bbox 3199 4490 3492 4560; x_wconf 79' lang='lat' dir='ltr'><strong>navigavit,</strong></span> <span class='ocrx_word' id='word_1_763' title='bbox 3538 4489 3761 4560; x_wconf 85' lang='lat' dir='ltr'><strong>Trojam</strong></span> 
     </span>
    </p>
   </div>
   <div class='ocr_carea' id='block_1_107' title="bbox 2201 4581 3763 4654">
    <p class='ocr_par' dir='ltr' id='par_1_107' title="bbox 2201 4581 3763 4654">
     <span class='ocr_line' id='line_1_107' title="bbox 2201 4581 3763 4654; baseline -0.001 -16"><span class='ocrx_word' id='word_1_764' title='bbox 2201 4583 2547 4654; x_wconf 86' lang='lat' dir='ltr'><strong>expugnavit,</strong></span> <span class='ocrx_word' id='word_1_765' title='bbox 2579 4589 2632 4637; x_wconf 89' lang='lat' dir='ltr'><strong>et</strong></span> <span class='ocrx_word' id='word_1_766' title='bbox 2661 4583 2746 4637; x_wconf 93' lang='lat' dir='ltr'><strong>cui</strong></span> <span class='ocrx_word' id='word_1_767' title='bbox 2773 4583 3086 4637; x_wconf 67' lang='lat' dir='ltr'><strong>Graecorum</strong></span> <span class='ocrx_word' id='word_1_768' title='bbox 3123 4581 3345 4634; x_wconf 87' lang='lat' dir='ltr'><strong>ambitio</strong></span> <span class='ocrx_word' id='word_1_769' title='bbox 3376 4581 3643 4635; x_wconf 85' lang='lat' dir='ltr'><strong>universa</strong></span> <span class='ocrx_word' id='word_1_770' title='bbox 3679 4597 3763 4636; x_wconf 75' lang='lat' dir='ltr'><strong>re~</strong></span> 
     </span>
    </p>
   </div>
   <div class='ocr_carea' id='block_1_108' title="bbox 2203 4669 3759 4745">
    <p class='ocr_par' dir='ltr' id='par_1_108' title="bbox 2203 4669 3759 4745">
     <span class='ocr_line' id='line_1_108' title="bbox 2203 4669 3759 4745; baseline -0.002 -17"><span class='ocrx_word' id='word_1_771' title='bbox 2203 4676 2495 4744; x_wconf 91' lang='lat' dir='ltr'><strong>liquorum,</strong></span> <span class='ocrx_word' id='word_1_772' title='bbox 2525 4675 2618 4745; x_wconf 92' lang='lat' dir='ltr'><strong>qui</strong></span> <span class='ocrx_word' id='word_1_773' title='bbox 2642 4675 2734 4728; x_wconf 89' lang='lat' dir='ltr'><strong>tali</strong></span> <span class='ocrx_word' id='word_1_774' title='bbox 2764 4675 2984 4729; x_wconf 86' lang='lat' dir='ltr'><strong>nomine</strong></span> <span class='ocrx_word' id='word_1_775' title='bbox 3007 4673 3250 4743; x_wconf 89' lang='lat' dir='ltr'><strong>insigniti</strong></span> <span class='ocrx_word' id='word_1_776' title='bbox 3273 4679 3422 4735; x_wconf 89' lang='lat' dir='ltr'><strong>sunt,</strong></span> <span class='ocrx_word' id='word_1_777' title='bbox 3447 4681 3570 4726; x_wconf 89' lang='lat' dir='ltr'><strong>acta</strong></span> <span class='ocrx_word' id='word_1_778' title='bbox 3604 4669 3759 4725; x_wconf 84' lang='lat' dir='ltr'><strong>attri-</strong></span> 
     </span>
    </p>
   </div>
   <div class='ocr_carea' id='block_1_109' title="bbox 2173 4758 3759 4837">
    <p class='ocr_par' dir='ltr' id='par_1_109' title="bbox 2173 4758 3759 4837">
     <span class='ocr_line' id='line_1_109' title="bbox 2173 4758 3759 4837; baseline -0.002 -16"><span class='ocrx_word' id='word_1_779' title='bbox 2173 4758 2335 4830; x_wconf 85' lang='lat' dir='ltr'><strong>buit,</strong></span> <span class='ocrx_word' id='word_1_780' title='bbox 2368 4768 2568 4837; x_wconf 90' lang='lat' dir='ltr'><strong>quique</strong></span> <span class='ocrx_word' id='word_1_781' title='bbox 2597 4767 2816 4822; x_wconf 79' lang='lat' dir='ltr'><strong>&#39;virium</strong></span> <span class='ocrx_word' id='word_1_782' title='bbox 2855 4774 2908 4822; x_wconf 90' lang='lat' dir='ltr'><strong>et</strong></span> <span class='ocrx_word' id='word_1_783' title='bbox 2952 4765 3289 4821; x_wconf 83' lang='lat' dir='ltr'><strong>fortitudinis</strong></span> <span class='ocrx_word' id='word_1_784' title='bbox 3325 4764 3468 4818; x_wconf 87' lang='lat' dir='ltr'><strong>fama</strong></span> <span class='ocrx_word' id='word_1_785' title='bbox 3511 4766 3662 4818; x_wconf 89' lang='lat' dir='ltr'><strong>venit</strong></span> <span class='ocrx_word' id='word_1_786' title='bbox 3691 4765 3759 4818; x_wconf 83' lang='lat' dir='ltr'><strong>ad</strong></span> 
     </span>
    </p>
   </div>
   <div class='ocr_carea' id='block_1_110' title="bbox 2201 4857 3760 4930">
    <p class='ocr_par' dir='ltr' id='par_1_110' title="bbox 2201 4857 3760 4930">
     <span class='ocr_line' id='line_1_110' title="bbox 2201 4857 3760 4930; baseline -0.002 -16"><span class='ocrx_word' id='word_1_787' title='bbox 2201 4870 2468 4930; x_wconf 87' lang='lat' dir='ltr'><strong>posteros,</strong></span> <span class='ocrx_word' id='word_1_788' title='bbox 2498 4875 2602 4914; x_wconf 90' lang='lat' dir='ltr'><strong>una</strong></span> <span class='ocrx_word' id='word_1_789' title='bbox 2629 4859 2976 4930; x_wconf 89' lang='lat' dir='ltr'><strong>generatione</strong></span> <span class='ocrx_word' id='word_1_790' title='bbox 3009 4857 3263 4915; x_wconf 87' lang='lat' dir='ltr'><strong>Troicum</strong></span> <span class='ocrx_word' id='word_1_791' title='bbox 3285 4857 3484 4912; x_wconf 87' lang='lat' dir='ltr'><strong>bellum</strong></span> <span class='ocrx_word' id='word_1_792' title='bbox 3511 4867 3760 4911; x_wconf 69' lang='lat' dir='ltr'><strong>anteceso</strong></span> 
     </span>
    </p>
   </div>
   <div class='ocr_carea' id='block_1_111' title="bbox 2199 4947 3755 5005">
    <p class='ocr_par' dir='ltr' id='par_1_111' title="bbox 2199 4947 3755 5005">
     <span class='ocr_line' id='line_1_111' title="bbox 2199 4947 3755 5005; baseline -0.002 0"><span class='ocrx_word' id='word_1_793' title='bbox 2199 4953 2338 5005; x_wconf 88' lang='lat' dir='ltr'><strong>sisse</strong></span> <span class='ocrx_word' id='word_1_794' title='bbox 2371 4972 2382 5004; x_wconf 94' lang='lat'>:</span> <span class='ocrx_word' id='word_1_795' title='bbox 2410 4958 2464 5004; x_wconf 89' lang='lat' dir='ltr'><strong>et</strong></span> <span class='ocrx_word' id='word_1_796' title='bbox 2500 4950 2568 5004; x_wconf 94' lang='lat' dir='ltr'><strong>de</strong></span> <span class='ocrx_word' id='word_1_797' title='bbox 2600 4966 2663 5004; x_wconf 92' lang='lat' dir='ltr'><strong>eo</strong></span> <span class='ocrx_word' id='word_1_798' title='bbox 2711 4949 3002 5004; x_wconf 86' lang='lat' dir='ltr'><strong>Eusebium</strong></span> <span class='ocrx_word' id='word_1_799' title='bbox 3054 4950 3107 5003; x_wconf 93' lang='lat' dir='ltr'><strong>in</strong></span> <span class='ocrx_word' id='word_1_800' title='bbox 3153 4947 3411 5004; x_wconf 84' lang='lat' dir='ltr'><strong>Chronico</strong></span> <span class='ocrx_word' id='word_1_801' title='bbox 3443 4963 3755 5004; x_wconf 87' lang='lat' dir='ltr'><strong>sermonem</strong></span> 
     </span>
    </p>
   </div>
   <div class='ocr_carea' id='block_1_112' title="bbox 2201 5039 3755 5112">
    <p class='ocr_par' dir='ltr' id='par_1_112' title="bbox 2201 5039 3755 5112">
     <span class='ocr_line' id='line_1_112' title="bbox 2201 5039 3755 5112; baseline 0 -18"><span class='ocrx_word' id='word_1_802' title='bbox 2201 5043 2476 5105; x_wconf 91' lang='lat' dir='ltr'><strong>habuisse,</strong></span> <span class='ocrx_word' id='word_1_803' title='bbox 2527 5059 2648 5097; x_wconf 90' lang='lat' dir='ltr'><strong>cum</strong></span> <span class='ocrx_word' id='word_1_804' title='bbox 2688 5044 2756 5097; x_wconf 93' lang='lat' dir='ltr'><strong>de</strong></span> <span class='ocrx_word' id='word_1_805' title='bbox 2794 5043 2957 5098; x_wconf 86' lang='lat' dir='ltr'><strong>rebus</strong></span> <span class='ocrx_word' id='word_1_806' title='bbox 2993 5057 3022 5096; x_wconf 93' lang='lat' dir='ltr'><strong>a</strong></span> <span class='ocrx_word' id='word_1_807' title='bbox 3053 5039 3255 5096; x_wconf 74' lang='lat' dir='ltr'><strong>Graecis</strong></span> <span class='ocrx_word' id='word_1_808' title='bbox 3297 5043 3490 5112; x_wconf 88' lang='lat' dir='ltr'><strong>gestis,</strong></span> <span class='ocrx_word' id='word_1_809' title='bbox 3531 5049 3584 5096; x_wconf 90' lang='lat' dir='ltr'><strong>ct</strong></span> <span class='ocrx_word' id='word_1_810' title='bbox 3614 5056 3755 5111; x_wconf 81' lang='lat' dir='ltr'><strong>quo-</strong></span> 
     </span>
    </p>
   </div>
   <div class='ocr_carea' id='block_1_113' title="bbox 2198 5132 3755 5197">
    <p class='ocr_par' dir='ltr' id='par_1_113' title="bbox 2198 5132 3755 5197">
     <span class='ocr_line' id='line_1_113' title="bbox 2198 5132 3755 5197; baseline 0 -11"><span class='ocrx_word' id='word_1_811' title='bbox 2198 5147 2320 5186; x_wconf 89' lang='lat' dir='ltr'><strong>rum</strong></span> <span class='ocrx_word' id='word_1_812' title='bbox 2371 5133 2630 5187; x_wconf 91' lang='lat' dir='ltr'><strong>memoria</strong></span> <span class='ocrx_word' id='word_1_813' title='bbox 2682 5133 3093 5197; x_wconf 83' lang='lat' dir='ltr'><strong>insolescerent,</strong></span> <span class='ocrx_word' id='word_1_814' title='bbox 3146 5147 3452 5187; x_wconf 89' lang='lat' dir='ltr'><strong>sermonem</strong></span> <span class='ocrx_word' id='word_1_815' title='bbox 3499 5132 3755 5197; x_wconf 82' lang='lat' dir='ltr'><strong>haberet;</strong></span> 
     </span>
    </p>
   </div>
   <div class='ocr_carea' id='block_1_114' title="bbox 2198 5223 3752 5294">
    <p class='ocr_par' dir='ltr' id='par_1_114' title="bbox 2198 5223 3752 5294">
     <span class='ocr_line' id='line_1_114' title="bbox 2198 5223 3752 5294; baseline 0.001 -17"><span class='ocrx_word' id='word_1_816' title='bbox 2198 5223 2341 5294; x_wconf 91' lang='lat' dir='ltr'><strong>quod</strong></span> <span class='ocrx_word' id='word_1_817' title='bbox 2374 5223 2419 5278; x_wconf 92' lang='lat' dir='ltr'><strong>si</strong></span> <span class='ocrx_word' id='word_1_818' title='bbox 2450 5223 2727 5279; x_wconf 66' lang='lat' dir='ltr'><strong>de-altero</strong></span> <span class='ocrx_word' id='word_1_819' title='bbox 2770 5223 3000 5280; x_wconf 84' lang='lat' dir='ltr'><strong>Hercule</strong></span> <span class='ocrx_word' id='word_1_820' title='bbox 3048 5239 3353 5280; x_wconf 87' lang='lat' dir='ltr'><strong>sermonem</strong></span> <span class='ocrx_word' id='word_1_821' title='bbox 3387 5224 3752 5286; x_wconf 71' lang='lat' dir='ltr'><strong>instituisset,</strong></span> 
     </span>
    </p>
   </div>
   <div class='ocr_carea' id='block_1_115' title="bbox 2199 5315 3753 5386">
    <p class='ocr_par' dir='ltr' id='par_1_115' title="bbox 2199 5315 3753 5386">
     <span class='ocr_line' id='line_1_115' title="bbox 2199 5315 3753 5386; baseline -0.001 -18"><span class='ocrx_word' id='word_1_822' title='bbox 2199 5321 2575 5386; x_wconf 88' lang='lat' dir='ltr'><strong>argumentum</strong></span> <span class='ocrx_word' id='word_1_823' title='bbox 2607 5315 2726 5386; x_wconf 86' lang='lat' dir='ltr'><strong>ejus</strong></span> <span class='ocrx_word' id='word_1_824' title='bbox 2755 5326 2955 5372; x_wconf 89' lang='lat' dir='ltr'><strong>rueret.</strong></span> <span class='ocrx_word' id='word_1_825' title='bbox 2983 5316 3329 5384; x_wconf 87' lang='lat' dir='ltr'><strong>Compertum</strong></span> <span class='ocrx_word' id='word_1_826' title='bbox 3357 5324 3462 5378; x_wconf 87' lang='lat' dir='ltr'><strong>est,</strong></span> <span class='ocrx_word' id='word_1_827' title='bbox 3499 5316 3557 5369; x_wconf 90' lang='lat' dir='ltr'><strong>in</strong></span> <span class='ocrx_word' id='word_1_828' title='bbox 3590 5316 3753 5370; x_wconf 80' lang='lat' dir='ltr'><strong>histo—</strong></span> 
     </span>
    </p>
   </div>
   <div class='ocr_carea' id='block_1_116' title="bbox 2197 5401 3753 5477">
    <p class='ocr_par' dir='ltr' id='par_1_116' title="bbox 2197 5401 3753 5477">
     <span class='ocr_line' id='line_1_116' title="bbox 2197 5401 3753 5477; baseline -0.003 -17"><span class='ocrx_word' id='word_1_829' title='bbox 2197 5409 2278 5461; x_wconf 90' lang='lat' dir='ltr'><strong>ria</strong></span> <span class='ocrx_word' id='word_1_830' title='bbox 2317 5406 2577 5462; x_wconf 88' lang='lat' dir='ltr'><strong>Hercules</strong></span> <span class='ocrx_word' id='word_1_831' title='bbox 2610 5408 2793 5477; x_wconf 89' lang='lat' dir='ltr'><strong>plures</strong></span> <span class='ocrx_word' id='word_1_832' title='bbox 2831 5407 3020 5464; x_wconf 86' lang='lat' dir='ltr'><strong>fuisse.</strong></span> <span class='ocrx_word' id='word_1_833' title='bbox 3055 5405 3227 5460; x_wconf 78' lang='lat' dir='ltr'><strong>Varro</strong></span> <span class='ocrx_word' id='word_1_834' title='bbox 3260 5416 3498 5476; x_wconf 88' lang='lat' dir='ltr'><strong>quatuor</strong></span> <span class='ocrx_word' id='word_1_835' title='bbox 3533 5416 3588 5461; x_wconf 88' lang='lat' dir='ltr'><strong>et</strong></span> <span class='ocrx_word' id='word_1_836' title='bbox 3623 5401 3753 5476; x_wconf 80' lang='lat' dir='ltr'><strong>qua-</strong></span> 
     </span>
    </p>
   </div>
   <div class='ocr_carea' id='block_1_117' title="bbox 2197 5498 3757 5570">
    <p class='ocr_par' dir='ltr' id='par_1_117' title="bbox 2197 5498 3757 5570">
     <span class='ocr_line' id='line_1_117' title="bbox 2197 5498 3757 5570; baseline -0.002 -16"><span class='ocrx_word' id='word_1_837' title='bbox 2197 5499 2446 5570; x_wconf 89' lang='lat' dir='ltr'><strong>draginta</strong></span> <span class='ocrx_word' id='word_1_838' title='bbox 2468 5509 2738 5566; x_wconf 87' lang='lat' dir='ltr'><strong>recenset,</strong></span> <span class='ocrx_word' id='word_1_839' title='bbox 2767 5499 2956 5556; x_wconf 87' lang='lat' dir='ltr'><strong>Cicero</strong></span> <span class='ocrx_word' id='word_1_840' title='bbox 2980 5516 3094 5565; x_wconf 89' lang='lat' dir='ltr'><strong>sex,</strong></span> <span class='ocrx_word' id='word_1_841' title='bbox 3119 5498 3410 5565; x_wconf 88' lang='lat' dir='ltr'><strong>Diodorus,</strong></span> <span class='ocrx_word' id='word_1_842' title='bbox 3428 5499 3526 5553; x_wconf 92' lang='lat' dir='ltr'><strong>lib.</strong></span> <span class='ocrx_word' id='word_1_843' title='bbox 3545 5514 3624 5560; x_wconf 85' lang='lat' dir='ltr'><strong>tv,</strong></span> <span class='ocrx_word' id='word_1_844' title='bbox 3647 5507 3757 5551; x_wconf 86' lang='lat' dir='ltr'><strong>tres</strong></span> 
     </span>
    </p>
   </div>
   <div class='ocr_carea' id='block_1_118' title="bbox 2200 5579 3759 5664">
    <p class='ocr_par' dir='ltr' id='par_1_118' title="bbox 2200 5579 3759 5664">
     <span class='ocr_line' id='line_1_118' title="bbox 2200 5579 3759 5664; baseline -0.005 -17"><span class='ocrx_word' id='word_1_845' title='bbox 2200 5592 2388 5663; x_wconf 88' lang='lat' dir='ltr'><strong>ponit:</strong></span> <span class='ocrx_word' id='word_1_846' title='bbox 2421 5591 2662 5648; x_wconf 86' lang='lat' dir='ltr'><strong>Primum</strong></span> <span class='ocrx_word' id='word_1_847' title='bbox 2714 5592 3048 5664; x_wconf 68' lang='lat' dir='ltr'><strong>Egyptium,</strong></span> <span class='ocrx_word' id='word_1_848' title='bbox 3098 5591 3255 5662; x_wconf 77' lang='lat' dir='ltr'><strong>cujus</strong></span> <span class='ocrx_word' id='word_1_849' title='bbox 3304 5579 3538 5645; x_wconf 80' lang='lat' dir='ltr'><strong>maxima</strong></span> <span class='ocrx_word' id='word_1_850' title='bbox 3597 5588 3759 5642; x_wconf 78' lang='lat' dir='ltr'><strong>fuerit</strong></span> 
     </span>
    </p>
   </div>
   <div class='ocr_carea' id='block_1_119' title="bbox 2197 5674 3752 5759">
    <p class='ocr_par' dir='ltr' id='par_1_119' title="bbox 2197 5674 3752 5759">
     <span class='ocr_line' id='line_1_119' title="bbox 2197 5674 3752 5759; baseline -0.006 -17"><span class='ocrx_word' id='word_1_851' title='bbox 2197 5688 2390 5756; x_wconf 87' lang='lat' dir='ltr'><strong>virtus,</strong></span> <span class='ocrx_word' id='word_1_852' title='bbox 2421 5702 2692 5759; x_wconf 88' lang='lat' dir='ltr'><strong>quemque</strong></span> <span class='ocrx_word' id='word_1_853' title='bbox 2719 5685 2896 5745; x_wconf 89' lang='lat' dir='ltr'><strong>Osiris</strong></span> <span class='ocrx_word' id='word_1_854' title='bbox 2923 5686 3068 5759; x_wconf 89' lang='lat' dir='ltr'><strong>quod</strong></span> <span class='ocrx_word' id='word_1_855' title='bbox 3101 5701 3330 5758; x_wconf 85' lang='lat' dir='ltr'><strong>corpore</strong></span> <span class='ocrx_word' id='word_1_856' title='bbox 3359 5692 3508 5740; x_wconf 90' lang='lat' dir='ltr'><strong>esset</strong></span> <span class='ocrx_word' id='word_1_857' title='bbox 3531 5674 3752 5737; x_wconf 74' lang='lat' dir='ltr'><strong>validis-</strong></span> 
     </span>
    </p>
   </div>
  </div>
