4008 6208
286 263 420 321 1029

1369 267 1434 321 ΙΝ
1469 267 1854 324 ΕΗΞΤΑΤΗΙΓ
1877 269 2344 328 HEXAEMERON
2381 270 2606 326 ΝΟΤᾹΣ.

3381 273 3515 328 1050

281 383 421 437 simo
436 382 703 438 exercitui
733 382 993 455 praefecit.
1012 382 1112 440 Hic
1133 391 1336 457 magna
1363 386 1515 442 orbis
1548 395 1700 458 parte
1731 403 1833 458 per

1958 388 2128 443 εἰδυῖα
2163 387 2464 451 ποθοῦντας
2497 388 2664 458 αὐτῆς
2691 388 2750 441 τὸ
2797 389 2988 460 ὄνομα,
3022 389 3126 443 ὑπὸ
3161 389 3259 458 τῆς
3291 389 3382 443 τὸν
3411 407 3514 442 πα-

281 484 469 546 ngrata
534 475 588 529 in
637 475 806 546 Libya
855 476 1163 530 columnam
1212 478 1406 540 erexit,
1458 480 1845 548 praecessitque

281 567 570 622 Herculem
595 566 864 622 Alcmenae
897 568 1062 622 lilium
1094 569 1340 638 pluribus
1363 585 1524 639 quam
1572 571 1718 625 mille
1748 585 1844 624 an-

283 661 387 714 nis.
417 659 640 716 Servius
661 660 788 715 item
810 668 1043 730 quatuor
1057 660 1319 716 Hercules
1337 661 1466 715 facit
1484 661 1700 716 zEneid.
1723 677 1839 717 vm:

283 748 624 821 Tyrinthium
652 789 666 815 ,
706 750 964 822 Argium,
1027 750 1380 814 Thebanum,
1430 750 1642 822 Libym.
1698 751 1844 806 lnter

279 856 419 912 quos
473 843 723 912 quamvis
784 858 895 898 non
954 853 1164 898 constet
1223 845 1292 899 de
1353 858 1602 906 numero,
1657 850 1838 898 tamen

279 933 417 988 illud
448 947 617 988 unum
653 942 862 990 certum
893 943 996 998 est,
1037 933 1322 990 Herculem
1357 934 1690 1006 Egyptium,
1728 935 1843 990 sive

279 1026 446 1080 etiam
487 1011 701 1097 Libym,
721 1027 906 1083 multis
935 1028 1150 1083 saeculis
1183 1026 1469 1082 Herculem
1504 1027 1838 1094 Graecorum,

281 1119 350 1174 de
399 1134 508 1189 quo
563 1119 804 1190 loquitur
861 1118 1151 1186 Eusebius,
1204 1119 1594 1190 praecessisse;
1653 1119 1725 1172 ita
1782 1126 1842 1172 ut

279 1209 511 1264 Abrahae
539 1209 831 1279 nepotibus
863 1217 1020 1265 aetate
1054 1225 1152 1280 par
1189 1226 1312 1266 esse
1352 1210 1554 1280 poSsit;
1590 1212 1666 1265 ita
1695 1211 1839 1265 enim

279 1311 334 1356 et
375 1302 516 1357 ratio
557 1309 862 1372 temporum
906 1302 1163 1365 cohaeret,
1212 1318 1313 1358 nec
1348 1314 1622 1368 auctores,
1653 1305 1746 1374 qui
1774 1303 1841 1358 de

277 1391 623 1462 expeditione
668 1401 925 1462 nepotum
977 1392 1210 1446 Abrahae
1264 1409 1370 1446 una
1425 1408 1553 1448 cum
1609 1393 1839 1448 Hercule

280 1485 444 1539 verba
475 1483 702 1548 faciunt,
734 1484 1030 1553 ἀλογίστως
1052 1485 1454 1541 damnabimus.

241 1624 245 1628 .
347 1571 468 1627 Col.
499 1573 621 1640 765,
655 1572 750 1626 lin.
774 1572 863 1626 22.
894 1572 1090 1628 Ἰακὼϐ
1100 1573 1516 1642 παραρπάσας.
1537 1574 1841 1631 Alexander

279 1666 584 1737 Polyhistor
607 1681 672 1720 ex
696 1664 967 1721 Demetrio
997 1665 1141 1736 apud
1167 1665 1485 1731 Eusebium,
1514 1666 1588 1720 De
1608 1682 1835 1737 prwpar.

1945 479 2075 550 τέρα
2127 481 2337 542 εὐνοίας
2389 478 2649 548 ἔνδακρυς
2707 481 3007 551 γενομένη,
3065 480 3377 551 περιϐάλλει
3425 481 3516 533 τὸν

1957 572 2239 638 Ἰάκωϐον,
2309 573 2399 627 καὶ
2457 572 2923 643 κατασπασαμένη
2983 572 3082 643 τὴν
3132 573 3518 644 εὐκταιοτάτην

1943 665 2037 719 καὶ
2082 664 2340 735 μεγίστην
2387 663 2576 734 ἡδονὴν
2620 664 2781 718 αὐτὸν
2839 665 3060 735 κομίσαι
3107 665 3183 735 τῷ
3225 666 3392 736 πατρὶ
3422 667 3518 719 καὶ

1943 761 2052 819 τοῖς
2082 758 2173 808 ἐπὶ
2219 757 2317 826 τῆς
2361 758 2560 819 οἰκείας
2608 757 2832 821 ἅπασιν,
2880 755 3064 824 ἔλεγεν
3105 756 3196 809 ἐπὶ
3226 760 3292 827 τῇ
3328 759 3517 830 μνήμῃ

1941 848 2038 919 τῆς
2070 849 2271 918 μητρὸς
2320 849 2484 903 αὑτοῦ
2543 849 2800 919 κειμένῳ,
2845 850 3112 921 καὶπρὸς
3159 851 3291 922 μόνῃ
3343 851 3513 923 ταύτῃ

1941 937 2290 1006 τυγχάνοντι,
2355 938 2640 1006 φανεῖσθαι
2693 939 2750 991 δὲ
2809 939 2958 1009 αὐτῷ
3010 940 3206 1002 παντὸς
3267 941 3516 1007 ἀντάξιον

1941 1027 2167 1095 ἀγαθοῦ.
2229 1027 2391 1083 Hisce
2432 1038 2485 1084 et
2527 1031 2649 1084 aliis
2678 1030 2950 1101 Josephus
2998 1032 3052 1084 in
3085 1033 3331 1088 historiis
3365 1048 3516 1088 com-

1943 1116 2307 1175 memorandis
2340 1137 2530 1190 parum
2574 1123 2802 1192 diligens
2846 1132 2898 1178 et
2940 1123 3134 1178 lidelis.
3165 1123 3272 1180 Nec
3303 1140 3429 1178 raro
3459 1125 3514 1178 in

1941 1209 2165 1265 historia
2181 1220 2235 1266 ct
2258 1211 2311 1265 in
2329 1212 2678 1283 Chronologia
2707 1229 2829 1268 esse
2858 1216 3044 1283 lapsus
3073 1215 3510 1286 deprehenditur.

2012 1301 2175 1366 lbid.,
2214 1303 2308 1357 lin.
2341 1303 2427 1357 56.
2473 1304 2772 1358 Τίκτονται
2813 1305 2880 1357 δὲ
2907 1307 3136 1372 παῖδες.
3177 1307 3249 1362 De
3293 1316 3416 1361 ortu
3452 1309 3514 1360 ii-

1940 1394 2135 1448 liorum
2184 1393 2391 1460 Jacobi,
2426 1404 2481 1450 et
2514 1407 2777 1466 tempore,
2810 1398 2986 1469 deque
3030 1414 3182 1454 mora
3229 1402 3368 1469 apud
3412 1399 3514 1454 Lit—

1940 1485 2066 1549 han,
2097 1495 2150 1541 et
2174 1487 2463 1554 descensu,
2497 1489 2674 1558 plura,
2715 1491 2815 1544 etsi
2851 1491 2907 1544 in
2947 1492 3229 1546 nonnullis
3264 1492 3512 1546 diversus

1941 1591 1971 1628 a
2005 1578 2179 1631 sacris
2217 1578 2430 1643 litteris,
2455 1581 2761 1636 Alexander
2791 1581 3101 1653 Polyhistor
3128 1599 3192 1637 ex
3241 1581 3512 1639 Demetrio

1940 1669 2084 1738 apud
2119 1667 2412 1725 Eusebium
2442 1671 2518 1725 De
2540 1684 2828 1742 prwparat.
2869 1672 3120 1745 Evangel.
3159 1675 3252 1730 lib.
3292 1691 3366 1729 ιχ.
3474 1696 3485 1726 ·.

243 1805 246 1807 .
280 1757 529 1828 Evangel.
564 1758 657 1811 lib.
697 1758 1115 1828 ιχεΔημήτριός
1148 1775 1280 1829 φησι
1311 1759 1402 1812 τὸν
1446 1757 1658 1823 Ἰακὼϐ,
1689 1761 1833 1827 γενό-

2017 1762 2176 1828 lbid.,
2210 1763 2307 1817 lin.
2345 1763 2434 1816 41.
2479 1766 2542 1816 Οἱ
2580 1763 2678 1815 καὶ
2722 1762 3049 1832 Ἰδουμαῖοι.
3080 1762 3372 1833 Iosephus,
3405 1765 3516 1819 An-

278 1868 436 1922 μενον
453 1849 588 1902 ὲτῶν
606 1850 974 1920 ἐϐδομήκοντα
998 1850 1176 1914 πέντε,
1196 1853 1384 1920 φυγεῖν
1406 1853 1485 1914 εἰς
1508 1853 1728 1924 Χαρρὰν
1745 1854 1840 1923 τῆς

273 1941 716 2011 Μεσοποταμίας,
747 1940 1113 1993 ἀποσταλέντα
1143 1941 1246 1992 ὑπὸ
1273 1941 1380 1992 τῶν
1406 1941 1604 2009 γονέων
1629 1940 1714 1994 διὰ
1743 1941 1839 2012 τὴν

274 2033 411 2106 πρὸς
429 2034 516 2087 τὸν
531 2033 756 2100 ἀδελφὸν
772 2032 1004 2104 κρυφίαν
1021 2032 1217 2103 ἔχθραν
1245 2032 1434 2098 Ἡσαῦ,
1451 2033 1536 2086 διὰ
1552 2032 1612 2086 τὸ
1627 2033 1841 2104 εὐλογῆ-

274 2125 558 2178 σαι·αὺτὸν
584 2125 675 2178 τὸν
707 2124 934 2194 πατέρα,
961 2123 1218 2177 δοκοῦντα
1247 2119 1381 2178 εἶναι
1402 2123 1493 2177 τὸν
1532 2125 1720 2191 Ἡσαῦ,
1746 2125 1839 2178 καὶ

271 2217 422 2278 ὅπως
448 2214 587 2286 λάϐῃ
613 2215 819 2267 ἐκεῖθεν
848 2216 1097 2283 γυναῖκα.
1137 2215 1476 2286 Ἀφορμῆσαι
1512 2211 1603 2269 οὖν
1650 2214 1839 2269 Ἰακὼϐ

243 2306 602 2379 .-είς’Χαρῤὰν
633 2309 731 2377 τῆς
763 2305 1204 2375 Μεσοποταμίας,
1233 2307 1325 2358 τὸν
1360 2307 1457 2377 μὲν
1495 2306 1703 2378 πατέρα
1744 2323 1840 2359 κα-

270 2399 567 2454 ταλιπόντα
606 2398 789 2452 Ἰσαὰκ
817 2398 949 2452 ἑτῶν
975 2397 1166 2450 έκατὸν
1193 2398 1481 2468 τριάκοντα
1499 2399 1656 2464 ἑπτὰ,
1681 2397 1838 2451 αὐτὸν

272 2491 336 2544 δὲ
371 2490 497 2544 ὄντα
539 2490 675 2543 ὲτῶν
713 2490 1078 2562 ἐϐδομήκοντα
1125 2489 1283 2543 ἑπτά.
1338 2491 1701 2562 Διατρίψαντα
1747 2486 1838 2544 οὖν

274 2580 440 2634 αὑτὸν
477 2581 591 2633 ἐκεῖ
624 2579 763 2632 ἑπτὰ
793 2578 888 2648 ἐτη
922 2577 1107 2632 Λάϐαν
1131 2577 1225 2632 τοῦ
1271 2578 1522 2652 μητρῴου
1555 2580 1647 2632 δύο
1675 2580 1838 2649 θυγα-

273 2672 439 2742 τέρας
467 2673 661 2742 γῆμαι,
702 2670 864 2726 Λείαν
907 2672 1000 2726 καὶ
1051 2670 1270 2741 Ῥαχὴλ,
1312 2671 1438 2724 ὄντα
1476 2671 1612 2726 ἐτῶν
1653 2673 1840 2744 ὁγδοή-

275 2779 441 2818 κοντα
469 2763 769 2833 τεσσάρων.

344 2856 501 2921 lbid.,
524 2857 623 2912 lin.
645 2857 734 2912 25.
774 2857 885 2924 Τὰς
905 2857 1013 2911 δύο
1036 2856 1375 2927 θυγατέρας.
1407 2856 1640 2914 Faustus
1667 2855 1839 2911 Mani-

274 2951 461 3006 chacus
491 2949 849 3021 polygamiam
879 2950 1020 3005 hanc
1049 2965 1148 3021 pro
1169 2964 1368 3022 magno
1390 2950 1619 3006 crimine
1648 2957 1837 3005 sancto

277 3044 598 3113 patriarcha:
637 3042 806 3099 Jacob
849 3044 1257 3114 procacissimis
1295 3044 1477 3100 verbis
1522 3043 1833 3114 objectavit.

1946 1852 2034 1922 tiq.
2119 1852 2211 1906 lib.
2264 1868 2324 1916 ιι,
2361 1866 2480 1920 cap.
2532 1851 2584 1914 1,
2637 1851 2752 1906 haec
2782 1852 2972 1907 eadem
3008 1853 3081 1907 ita
3114 1862 3337 1907 narrat:
3375 1856 3512 1910 Ἀλλ’

1924 1942 2119 2007 ,Ἢσαῦ
2158 1944 2280 2014 μὲν,
2307 1947 2404 2014 τῆς
2443 1943 2757 2014 Χεϐρωνίας
2791 1947 3199 2018 παραχωρήσας
3245 1947 3322 2018 τῷ
3358 1949 3514 2003 ἀδελ-ο

1943 2035 2045 2105 φῷ,
2101 2039 2158 2089 ὲν
2191 2035 2388 2107 Σαείρᾳ
2434 2037 2670 2107 διῃτᾶτο,
2723 2038 2814 2090 καὶ
2851 2039 2948 2108 τῆς
2994 2039 3296 2109 Ἰδουμαίας
3345 2037 3512 2112 ἦλθεν

1941 2127 2082 2179 οὕτω
2119 2127 2352 2190 καλέσας
2383 2129 2482 2198 τὴν
2513 2128 2695 2200 χώραν
2723 2129 2908 2183 αὐτοῦ.
2948 2131 3196 2202 ’Ἄδωμος
3224 2133 3266 2185 δ’
3302 2135 3512 2188 ἐπωνο-

1944 2219 2142 2289 μάζετο
2179 2220 2318 2274 κατὰ
2341 2220 2590 2292 τοιαύτην
2616 2222 2795 2275 αἰτίαν
2815 2223 2990 2293 τυχὼν
3019 2225 3118 2295 τῆς
3150 2226 3507 2298 ἐπικλήσεως.

1953 2311 2082 2363 Ἀπὸ
2113 2311 2283 2382 θήρας
2317 2312 2444 2365 ποτὲ
2477 2314 2570 2365 καὶ
2603 2313 2767 2366 πόνου
2804 2314 2898 2367 τοῦ
2936 2317 3063 2386 περὶ
3091 2317 3151 2369 τὸ
3189 2320 3511 2389 κυνηγέσιον

1939 2402 2217 2474 λιμώττων
2249 2404 2570 2475 ἐπανῆλθεν,
2611 2405 2690 2458 ἔτι
2728 2409 2856 2470 παῖς
2886 2404 2960 2460 ὣν
2984 2408 3081 2479 τὴν
3110 2408 3342 2478 ἠλικίαν.
3361 2412 3511 2464 Ἐπι-

1937 2493 2115 2564 τυχὼν
2150 2495 2206 2548 δὲ
2251 2495 2496 2566 τάδελφῷ
2540 2497 2719 2567 φακῆν
2749 2500 3068 2553 ἐσκευακότι
3117 2502 3252 2572 πρὸς
3283 2502 3508 2575 ἄριστον

1939 2583 2086 2655 αὐτῷ
2126 2585 2320 2657 ξανθὴν
2365 2587 2566 2660 σφόδρα
2614 2589 2712 2660 τὴν
2755 2591 2942 2661 χρόαν,
2977 2593 3072 2644 καὶ
3113 2592 3201 2647 διὰ
3243 2595 3387 2648 τοῦτ’
3427 2596 3508 2650 ἔτι

1943 2678 2139 2749 μᾶλλον
2166 2679 2406 2750 ὀρεχθεὶς
2433 2681 2584 2750 ἠξίου
2609 2686 2908 2754 παρασχεῖν
2943 2685 3092 2754 αὺτῷ
3121 2685 3255 2756 πρὸς
3277 2689 3507 2761 τροφήν.

1950 2769 2007 2823 'O
2019 2768 2072 2821 δὲ
2089 2770 2376 2825 ἀποδόσθαι
2398 2772 2459 2825 τὸ
2480 2775 2762 2845 πρεσϐεῖον
2779 2776 2926 2846 αὐτῷ
2941 2778 3035 2830 τοῦ
3055 2782 3247 2847 φαγεῖν
3265 2783 3509 2853 συνεργῷ

1939 2861 2281 2932 χρησάμενος
2310 2866 2375 2934 τῇ
2412 2865 2568 2937 πείνῃ
2599 2867 2689 2921 τὸν
2723 2867 2947 2937 ἀδελφὸν
2979 2871 3276 2940 ἠνάγκασε.
3307 2875 3510 2928 Κάκεῖ-

1939 2970 2045 3017 νος,
2073 2954 2177 3006 ὑπὺ
2210 2955 2303 3008 τοῦ
2330 2955 2492 3025 λιμοῦ
2518 2958 2832 3029 προαχθεὶς,
2860 2968 3178 3034 παραχωρεῖ
3203 2965 3310 3019 τῶν
3343 2981 3510 3037 πρεσ-

1940 3041 2100 3095 ϐείων
2132 3043 2279 3114 αὐτῷ
2326 3045 2442 3114 μεθ’
2478 3046 2674 3117 ὅρκων.
2726 3047 2915 3101 Ἔνθεν
2955 3048 3042 3101 διὰ
3073 3049 3168 3121 τὴν
3212 3050 3508 3123 ξανθότητα

274 3109 416 3187 Huic
459 3133 550 3188 lib.
587 3151 724 3202 xm,
767 3109 886 3205 cap.
926 3136 1016 3200 47,
1059 3134 1350 3206 respondet
1374 3109 1713 3205 Augustinus
1744 3133 1833 3189 Ja-

1938 3134 2030 3189 τοῦ
2057 3134 2338 3206 βρώματος
2374 3138 2477 3190 ὑπὸ
2508 3109 2617 3192 τῶν
2655 3141 2958 3210 ἡλικιωτῶν
2987 3109 3235 3213 Ἀδωυμος
3264 3109 3506 3200 καλεῖται

271 3228 470 3282 cobum
516 3243 545 3282 a
600 3229 872 3284 calumnia
918 3229 1225 3285 vindicans.
1277 3229 1503 3296 Quando
1551 3245 1662 3283 mos
1697 3237 1834 3293 erat,

271 3319 469 3373 crimen
499 3336 602 3373 non
630 3328 744 3374 erat
767 3336 785 3372 :
814 3329 864 3374 et
893 3335 1027 3374 nunc
1055 3330 1329 3389 propterea
1363 3320 1558 3374 crimen
1583 3328 1681 3385 est,
1711 3319 1835 3389 quia

272 3428 386 3466 mos
413 3429 515 3466 non
540 3421 638 3467 est.
663 3411 787 3466 Alia
807 3414 943 3466 enim
966 3422 1089 3468 sunt
1115 3422 1328 3482 peccata
1358 3422 1544 3468 contra
1564 3421 1831 3476 naturam,

271 3501 384 3556 alia
412 3510 598 3556 contra
637 3517 831 3566 mores,
881 3501 991 3556 alia
1037 3511 1221 3556 contra
1243 3512 1520 3571 prtecepta.
1555 3503 1685 3569 Quae
1717 3519 1834 3556 cum

268 3592 348 3646 ita
368 3593 496 3658 sint,
529 3594 651 3663 quid
689 3592 892 3647 tandem
925 3593 1159 3646 criminis
1197 3603 1294 3660 est,
1327 3593 1465 3663 quod
1505 3591 1568 3645 de
1595 3591 1832 3661 pluribus

267 3684 430 3738 simul
467 3683 658 3738 habitis
700 3685 954 3738 uxoribus
995 3684 1240 3754 objicitur
1262 3694 1442 3738 sancto
1481 3685 1589 3738 viro
1628 3682 1834 3738 Jacob?

265 3777 314 3830 si
338 3786 586 3829 naturam
611 3775 884 3840 consulas,
922 3792 1024 3830 non
1073 3775 1395 3839 lasciuiendi,
1452 3775 1542 3830 sed
1590 3773 1833 3845 gignendi

251 3884 432 3923 .causa
460 3867 568 3921 illis
604 3866 905 3922 mulieribus
934 3866 1201 3921 utebatur.
1246 3865 1306 3922 Si
1340 3883 1556 3931 morem,
1587 3867 1682 3920 illo
1704 3876 1834 3920 tem-

265 3973 410 4025 pore,
435 3967 588 4026 atque
610 3957 663 4010 in
692 3957 798 4010 illis
826 3957 977 4010 terris
1012 3955 1107 4009 hoc
1145 3955 1506 4024 factitabatur.
1549 3955 1608 4010 Si
1640 3971 1832 4021 prlece-

265 4059 434 4117 ptum,
467 4048 614 4102 nulla
643 4049 749 4118 lege
774 4047 1160 4117 prohibebatur.
1200 4047 1354 4100 Nunc
1376 4064 1490 4100 vero
1518 4063 1613 4100 cur
1637 4047 1829 4101 crimen

265 4153 364 4202 est,
391 4144 439 4195 si
462 4142 575 4211 quis
602 4141 697 4194 hoc
726 4141 910 4210 faciat,
934 4141 1038 4193 nisi
1057 4140 1182 4210 quia
1205 4149 1253 4193 et
1277 4140 1528 4204 moribus,
1554 4147 1603 4193 et
1635 4138 1828 4210 legibus

265 4252 372 4290 non
406 4235 562 4289 licet?
600 4236 730 4302 Qua:
772 4235 876 4290 duo
919 4236 1152 4306 quisquis
1199 4236 1587 4303 contempserit,
1621 4235 1831 4288 etiamsi

268 4326 630 4380 tantummodo
670 4343 833 4381 causa
866 4325 1147 4397 generandi
1179 4326 1257 4378 uti
1287 4326 1452 4395 possit
1479 4324 1718 4394 pluribus
1753 4324 1829 4393 fe-

1937 3225 2076 3278 κατὰ
2129 3226 2341 3280 παιδιὰν
2386 3229 2716 3300 ἐπικληθείς.
2753 3232 2977 3302 Ἀδωμα
3019 3234 3127 3304 γὰρ
3169 3234 3405 3305 Ἑϐραῖοι
3448 3235 3508 3289 τὸ

1934 3317 2162 3389 ἐρυθρὸν
2204 3317 2445 3372 καλοῦσι.
2479 3319 2588 3391 Τὴν
2630 3322 2687 3374 δὲ
2718 3320 2902 3394 χώραν
2929 3324 3072 3378 οὕτω
3126 3329 3506 3400 προσηγόρευ-

1937 3423 2046 3461 σεν.
2083 3407 2338 3480 ’Έλληνες
2368 3409 2475 3483 γὰρ
2514 3411 2682 3479 αὐτὴν
2717 3412 2807 3465 ἐπὶ
2838 3413 3158 3484 σεμνότερον
3205 3415 3505 3488 Ἰδουμαίαν

1933 3494 2240 3567 ὠνόμασαν.
2269 3497 2350 3552 Ab
2377 3497 2517 3554 Esau
2547 3499 2710 3569 igitur
2742 3502 2839 3555 toti
2864 3502 3012 3572 genti
3048 3517 3244 3558 nomen
3281 3506 3506 3576 imposi-

1934 3593 2070 3654 tum,
2101 3605 2239 3658 quos
2271 3589 2443 3646 Graeci
2499 3591 2767 3648 Idumaeos
2807 3594 3095 3663 appellant.
3143 3595 3297 3650 Errat
3337 3598 3504 3667 igitur

1935 3675 2152 3744 Strabo,
2205 3680 2300 3744 lib.
2332 3697 2443 3744 xvr,
2485 3683 2575 3752 qui
2623 3698 2718 3738 eos
2763 3684 2972 3754 origine
3016 3684 3341 3742 Nabatlimos
3380 3704 3503 3743 esse

1933 3768 2232 3839 aﬂirmavit,
2284 3773 2655 3844 seditioneque
2705 3776 2877 3844 patria
2933 3777 3138 3844 pulsos.
3185 3777 3345 3830 Errat
3385 3775 3504 3832 Stc-

1931 3863 2142 3933 phanus
2188 3865 2316 3936 περὶ
2361 3865 2588 3939 πόλεων,
2623 3882 2718 3922 eos
2770 3883 2798 3921 a
2835 3867 2942 3922 lilio
2976 3869 3210 3939 quodam
3262 3867 3503 3924 Semira-

1932 3931 2090 4020 inidis
2117 3931 2272 4011 ortos
2306 3931 2572 4020 scribeng,
2607 3959 2749 4012 sicut
2777 3960 2845 4012 ab
2892 3931 3008 4013 alio.
3041 3960 3160 4030 ejus
3209 3961 3316 4016 lilio
3361 3961 3500 4017 Juda

1927 4046 2161 4103 Iudaeos.
2200 4048 2486 4103 lnsaniunt
2535 4056 2588 4102 et
2631 4047 2866 4104 Habbini
2921 4065 3045 4103 cum
3096 4051 3370 4107 Abenezra
3404 4055 3498 4122 qui

1931 4139 2157 4195 Romam
2188 4151 2384 4195 vocant
2413 4140 2603 4207 Edom,
2629 4149 2684 4196 et
2713 4141 3023 4211 pontiﬁcem
3058 4141 3360 4200 Romanum
3389 4161 3501 4200 mo-

1927 4232 2161 4287 nachum
2193 4231 2528 4288 Edomaaum.

1998 4324 2159 4389 lbid.,
2200 4324 2295 4380 lin.
2327 4325 2417 4379 44.
2451 4326 2746 4394 ’Υστερον
2788 4325 2856 4380 δὲ
2902 4327 3094 4394 Σύροι.
3145 4325 3358 4398 Syriam
3409 4343 3497 4382 re-

266 4416 446 4479 minis,
483 4427 660 4485 peccat
686 4428 858 4470 tamen
914 4426 964 4471 et
1017 4417 1186 4485 ipsum
1213 4416 1375 4470 violat
1412 4416 1699 4469 humanam
1734 4433 1826 4471 so-
1856 4453 1901 4510 ο
1928 4415 2140 4485 gioncm
2181 4415 2575 4471 nobilissimam
2607 4417 2748 4472 Asiae
2792 4433 2915 4472 cum
2949 4418 3173 4489 Assyria
3223 4419 3291 4473 ab
3321 4430 3499 4474 aucto-

262 4509 534 4572 cietatem,
598 4511 681 4562 cui
727 4511 1019 4563 necessaria
1061 4518 1139 4563 est
1181 4509 1472 4576 procreatio
1522 4508 1821 4563 liberorum.

263 4599 362 4653 His
392 4598 567 4653 aliinia
618 4601 809 4654 scribit
849 4609 901 4655 et
942 4601 1033 4654 lib.
1065 4617 1126 4655 ιιι
1169 4600 1246 4655 De
1287 4599 1458 4654 doctr.
1492 4597 1822 4663 Christiana,

264 4708 386 4761 cap.
421 4693 508 4758 l2,
543 4694 684 4748 idem
729 4695 1086 4764 Augustinus,
1133 4703 1186 4750 et
1233 4694 1595 4766 Hieronymus
1634 4709 1721 4762 ep.
1756 4693 1826 4746 85

263 4785 332 4839 ad
361 4783 656 4851 Oceanum,
685 4795 738 4841 et
773 4783 1142 4842 Thcodoretus
1174 4795 1366 4856 quaest.
1398 4787 1468 4841 84
1489 4789 1540 4839 in
1568 4783 1752 4839 Genes.

335 4875 494 4940 lbid.,
537 4876 632 4930 lin.
657 4876 746 4932 27.
765 4877 1134 4946 Ἐπεθύμησε
1153 4876 1240 4932 δέ.
1275 4876 1516 4932 Thomas
1548 4876 1815 4946 Anglicus

259 4966 318 5022 in
350 4983 465 5036 cap.
530 4983 694 5022 xxvnt
739 4967 921 5025 Genes.
957 4968 1132 5024 tribus
1178 4968 1351 5024 modis
1379 4969 1609 5024 diversis
1641 4969 1708 5022 ab
1757 4983 1822 5024 eo

261 5072 419 5125 quem
453 5057 768 5113 Eustathius
801 5059 985 5121 tradit,
1022 5067 1269 5129 purgata
1307 5061 1436 5116 vitio
1459 5075 1697 5114 amorem
1726 5058 1821 5115 Jac

260 5149 383 5209 cob,
418 5157 472 5204 et
503 5149 884 5219 inculpabilem
921 5151 1116 5215 reddit,
1149 5167 1286 5222 quos
1313 5153 1454 5209 vide.

319 5241 490 5309 lbid.,
527 5243 624 5297 lin.
659 5243 746 5296 51.
787 5242 1266 5309 Συναντήσασαν
1293 5247 1637 5314 ἠσπάσατο.
1670 5247 1824 5304 lose-

259 5331 424 5402 plius,
479 5334 573 5387 lib.
628 5351 666 5397 ι,
698 5350 818 5405 cap.
874 5337 959 5400 l9,
998 5336 1091 5390 ubi
1135 5337 1274 5391 lianc
1309 5339 1473 5393 refert
1505 5341 1818 5406 historiam,

259 5424 628 5494 amplexuslct
657 5428 761 5496 alia
790 5443 910 5498 qua:
938 5427 1222 5501 Scriptura
1246 5439 1599 5494 narrat,-rnon
1630 5434 1823 5488 tribuit

255 5515 460 5572 Jacobo
505 5519 597 5573 sed
653 5517 910 5586 Racheli,
960 5523 1023 5575 Ἠ
1070 5523 1146 5588 δὲ,
1200 5524 1303 5577 ὑπὸ
1356 5525 1607 5596 μνήμης,
1665 5529 1822 5579 ὁποῖα

254 5609 402 5676 φιλεῖ
440 5612 822 5681 συντυγχάνειν
851 5616 962 5680 τοῖς
1009 5613 1167 5679 νέοις,
1203 5616 1630 5686 προπεπυσμένη
1673 5616 1823 5686 παρὰ

256 5702 349 5774 τοῦ
385 5703 587 5774 πατρὸς
615 5688 836 5776 «eam
868 5707 965 5777 τῆς
1007 5707 1316 5773 Ῥεϐέκκας,
1353 5709 1442 5762 καὶ
1480 5710 1605 5775 τοὺς
1639 5711 1822 5781 ,γονεῖς

1929 4506 2080 4561 ribus
2117 4506 2374 4562 confundi
2416 4524 2582 4579 supra
2621 4510 2920 4566 innuimus.
2967 4509 3043 4565 De
3071 4525 3134 4565 ea
3179 4512 3497 4565 Ammianus

1927 4600 2292 4666 Marcellinus,
2328 4603 2423 4658 lib.
2461 4619 2633 4658 xxm:
2675 4602 2824 4658 Citra
2877 4619 3054 4656 amnes
3107 4605 3374 4672 provincia
3417 4616 3493 4658 est

1927 4692 2114 4746 nobilis
2164 4692 2402 4762 Assyria,
2439 4696 2736 4750 celebritate
2778 4706 2827 4748 et
2866 4694 3243 4764 magnitudine,
3298 4705 3409 4748 tum
3446 4705 3496 4749 et

1927 4787 2238 4855 multiformi
2284 4787 2575 4855 feracitate,
2601 4789 2961 4858 ditissimaque
3001 4803 3091 4855 per
3125 4789 3363 4856 populos,
3399 4804 3497 4856 pa-

1923 4895 2113 4949 gosque
2136 4879 2337 4948 amplos
2368 4879 2587 4950 di/I‘usa,
2615 4880 2876 4950 quondam
2904 4892 2950 4935 et
2983 4883 3215 4950 copiosa,
3238 4879 3307 4934 ad
3331 4897 3495 4934 unum

1925 4972 2179 5026 concessit
2200 4971 2525 5035 vocabulum,
2559 4983 2607 5026 et
2636 4991 2771 5026 nunc
2791 4975 2959 5028 omnis
2987 4975 3283 5043 appellatur
3311 4971 3490 5042 Syria.

1926 5065 2089 5119 Plura
2125 5064 2192 5118 de
2226 5080 2289 5118 ea
2341 5065 2462 5120 vide
2501 5067 2648 5134 apud
2699 5065 3044 5121 Eustatbium
3099 5066 3395 5120 Comment.
3440 5066 3494 5119 in

1926 5154 2237 5225 Dionysium
2286 5154 2348 5209 de
2403 5157 2511 5209 situ
2547 5157 2707 5220 orbis,
2743 5157 3110 5210 Abraltarnum
3157 5155 3490 5220 Hortelium,

1925 5255 1978 5303 et
2005 5249 2162 5302 alios.
2743 5261 2748 5268 '

1996 5339 2154 5404 lbid.,
2185 5339 2282 5393 lin.
2328 5339 2416 5394 46.
2456 5341 2510 5393 Ὁ
2553 5339 2627 5393 δὲ
2667 5339 2856 5396 Ἠσαῦ
2899 5340 3208 5409 γυναῖκας.
3256 5339 3491 5406 llelrius,

1924 5439 1978 5487 et
2006 5432 2095 5486 alii
2122 5438 2402 5495 notarunt,
2434 5429 2690 5486 Hebraeos
2734 5431 2924 5484 solitos
2971 5430 3168 5487 habere
3197 5431 3353 5501 plura
3396 5448 3495 5488 no-

1925 5524 2092 5586 mina,
2134 5523 2364 5592 indeque
2417 5536 2643 5592 magnas
2693 5521 2947 5576 tenebras
2997 5522 3130 5576 oriri
3178 5525 3232 5577 in
3283 5521 3492 5579 Genes-

1925 5617 2104 5687 logiis,
2153 5617 2280 5670 dum
2329 5630 2440 5670 uno
2490 5615 2608 5672 loco
2654 5627 2847 5678 urerm,
2903 5614 3010 5669 alio
3050 5615 3196 5670 aliud
3245 5617 3493 5687 ponitur,

1925 5710 2068 5780 quod
2101 5725 2208 5765 non
2253 5707 2664 5766 conhiderantes
2687 5708 2911 5780 quidam
2945 5709 3238 5782 desperant
3269 5709 3496 5770 deson-
