3968 6914
508 287 645 343 lost
1924 262 2097 324 LEON

2205 255 2482 317 ALLATII
3608 247 3636 302 l
3647 247 3754 304 052

507 402 784 458 ciliatione
811 397 973 466 hujus
1011 393 1253 464 Catalogi
1284 407 1407 448 cum
1442 391 1461 445 l
1502 391 1833 462 Paralipom.
1869 401 1910 442 ι.
1950 382 2084 453 Quae

2199 392 2308 433 mus
2352 371 2569 445 epistol.
2611 367 2716 424 {26
2738 366 2807 423 ad
2850 363 3170 437 Evagrium,
3202 361 3587 466 Eippolytuu-i:
3646 361 3757 416 tre-

509 451 846 547 con—s-uetu—do
871 451 1037 540 etiam
1082 485 1138 538 in
1171 451 1497 538 niulieribus
1535 451 1793 537 obtinuit.
1827 451 2073 549 Sequen-
2180 482 2379 531 natum,
2411 463 2707 520 Eusebium
2751 459 3170 520 Caesariensem,
3204 454 3504 549 Eusebium
3535 451 3757 549 Eni-ese-

858 573 1115 646 Cyrillus,
1161 582 1216 628 et
1261 571 1568 642 Procopius
1619 571 1714 642 qui
1760 541 2075 635 observant,
2181 575 2334 622 num,
2368 555 2787 647 Apollinarium,
2814 549 3180 647 Eustathium.
3212 547 3592 647 Hieronymus
3632 541 3760 598 Τηρ

511 637 710 724 uxores
745 637 922 730 Esau:
959 672 1016 719 et
1064 637 1253 720 earum
1291 637 1546 736 parentes
1595 637 1718 720 aliis
1764 661 2078 716 nominibus
2180 648 2469 704 ditionibus
2508 644 2787 700 Hebraicis
2834 644 2897 696 in
2947 638 3158 702 Geues.,
3201 654 3324 736 cap.
3355 637 3448 702 22,
3480 650 3616 691 eum
3662 648 3758 688 non

509 758 568 814 in
603 758 801 815 Genesi
832 765 887 812 et
932 730 1366 826 Paralipomenis
1410 754 1734 824 nuncupari.
1769 752 1901 819 Quae
1934 753 2079 807 enim

2199 743 2252 800 le
2279 757 2476 813 genere
2508 739 2674 802 Esau,
2725 737 2819 792 sed
2850 735 2919 790 de
2967 734 3136 803 stirpe
3184 730 3400 785 Nachor
3443 735 3761 800 generatum

509 851 601 906 hic
627 849 831 906 dicitur
857 849 973 904 Atla
1001 848 1110 902 ﬁlia
1147 847 1300 902 Elom
1330 847 1557 912 llethaai,
1586 847 1695 901 illic
1723 845 1943 901 Iuditha
1974 845 2080 900 ﬁlia

509 939 735 1005 Procri;
767 947 822 994 et
849 953 972 1008 quae
1002 937 1110 992 illic
1143 936 1429 992 Basemath
1466 935 1575 990 ﬁlia
1618 933 1791 1002 Elom,
1817 935 1922 989 hoc
1962 935 2082 989 loco

511 1031 794 1091 Oolibama
848 1033 956 1087 ﬁlia
1008 1035 1216 1100 Annae;
1247 1047 1368 1102 qua:
1404 1032 1494 1086 hic
1543 1031 1828 1088 Bascmath
1860 1032 1968 1086 ﬁlia
2003 1032 2084 1088 ls-

512 1123 676 1188 mael,
703 1123 816 1178 illic
859 1121 1128 1177 Maheleth
1157 1123 1491 1176 nominatur.
1525 1120 1682 1188 Quod
1713 1121 1788 1176 ita
1818 1122 2085 1178 accidisse

512 1222 569 1271 et
599 1214 654 1268 in
688 1223 840 1284 patre
862 1214 1068 1284 Moysis
1102 1212 1330 1267 inferius
1360 1213 1692 1269 notabimus.

583 1304 703 1361 Col.
743 1305 864 1368 765,
890 1305 987 1359 lin.
1022 1305 1110 1359 54.
1139 1307 1241 1372 Εἰς
1273 1306 1337 1358 τὸ
1364 1305 1541 1372 Σηεὶρ
1583 1305 1739 1373 ὄρος.
1777 1303 1894 1361 Νοη
1919 1305 2086 1361 armis

513 1394 704 1464 Iacohi
738 1405 981 1459 coactus,
1016 1395 1112 1450 sed
1146 1397 1218 1450 ita
1264 1395 1376 1451 Deo
1419 1404 1714 1460 annuente,
1744 1406 1935 1466 sponte
1965 1413 2084 1462 sua,

517 1499 578 1546 ut
612 1491 781 1545 libera
820 1487 1016 1544 Jacobi
1053 1489 1256 1558 posteri
1284 1489 1590 1544 Chananzea
1615 1490 1942 1559 potirentur.
1976 1490 2090 1545 Dis-

515 1587 759 1637 cesserat
808 1581 959 1650 prius
1013 1581 1231 1652 quidem
1281 1581 1426 1637 Esau
1486 1583 1542 1636 in
1593 1581 1747 1650 Seir,
1831 1583 1927 1638 sed
1979 1598 2089 1638 non

517 1672 702 1727 animo
753 1671 911 1742 plane
960 1672 1249 1728 deserendi
1291 1672 1688 1738 Chanameam,
1737 1687 1908 1744 quare
1959 1687 2087 1728 cum

2185 835 2482 898 existimat,
2523 846 2685 903 quem
2733 831 2978 899 sequitur
3036 825 3314 894 Rupertus
3375 821 3476 876 lib.
3511 834 3569 874 γι
3605 818 3762 878 Com-

2186 935 2420 985 mentar.
2467 929 2522 979 in
2561 920 2774 986 Genes.,
2807 919 3048 974 Historia
3096 913 3452 974 Scholastica,
3498 925 3630 980 cap.
3679 908 3763 971 58;

2188 1029 2242 1077 et
2273 1019 2557 1088 Philippus
2580 1016 2890 1086 presbyter,
2911 1011 3002 1082 qui
3038 1009 3201 1080 paulo
3223 1012 3342 1076 post
3370 1004 3766 1072 Hieronymum

2189 1111 2415 1180 scripsit
2449 1111 2504 1162 in
2537 1107 2680 1160 hunc
2723 1104 3065 1174 prophetam,
3107 1098 3189 1154 sic
3238 1097 3353 1150 ait:
3385 1093 3532 1149 (Ilius
3578 1101 3631 1145 et
3663 1089 3768 1144 Bus

2191 1205 2291 1274 ﬁlii
2320 1203 2464 1272 fuere
2493 1198 2712 1254 Nachor
2743 1195 2930 1266 fratris
2964 1192 3191 1248 Abraha:
3215 1190 3376 1260 juxta
3402 1188 3568 1258 fidem
3608 1183 3772 1238 Cene-

2193 1314 2306 1352 seos
2339 1295 2481 1356 libri,
2507 1293 2620 1346 nati
2649 1290 2712 1345 de
2735 1287 2941 1344 Melcha
2978 1303 3162 1343 sorore
3201 1285 3353 1339 Sara:
3376 1299 3394 1336 :
3415 1277 3674 1336 credibile
3702 1277 3774 1330 ui-

2193 1388 2305 1442 deri
2329 1397 2490 1458 patest
2523 1395 2578 1438 ut
2613 1385 2668 1438 in
2693 1393 2835 1436 terra
2862 1397 2978 1453 qua;
3004 1395 3069 1434 ea:
3095 1388 3370 1448 parentum
3391 1374 3608 1428 nomine
3626 1372 3774 1424 dicta

2195 1492 2291 1544 est,
2319 1483 2397 1534 vir
2426 1480 2515 1533 ille.
2549 1485 2762 1530 sanctus
2792 1472 3104 1527 habitaverit
3129 1487 3147 1524 :
3177 1480 3226 1524 et
3268 1484 3380 1522 esse
3405 1467 3559 1520 illum
3593 1464 3772 1532 potius

2195 1573 2258 1628 de
2293 1588 2472 1644 genere
2503 1567 2737 1630 Nae/tor,
2769 1583 2873 1620 non
2899 1563 2964 1618 de
3006 1562 3151 1617 Esau
3185 1559 3380 1629 origine
3409 1563 3771 1623 procreatum,

2198 1667 2330 1721 sicut
2353 1663 2568 1734 quidam
2608 1659 2846 1728 opinione
2873 1656 3033 1709 dubia
3065 1655 3420 1721 suspicantur.
3443 1649 3551 1721 .llli
3585 1655 3769 1699 auum

516 1772 635 1819 tota
664 1741 867 1819 fai'uilia
899 1765 1155 1822 redierat.
1203 1761 1312 1820 Sed
1341 1774 1561 1836 propter
1588 1741 1812 1836 gregum
1840 1765 2084 1820 multitu-
2116 1753 2158 1810 Β
2187 1769 2290 1812 tres
2320 1772 2461 1826 reges
2491 1753 2555 1808 de
2589 1767 2770 1823 genere
2809 1751 3020 1818 fuerunt
3058 1745 3226 1800 Esau.
3288 1743 3352 1797 Et
3398 1741 3773 1836 Hieronymus

517 1853 702 1911 dinem
733 1863 786 1911 et
830 1857 1135 1927 angustiam
1179 1871 1508 1927 pascuorum
1553 1865 1761 1912 mutata
1789 1857 2082 1924 sententia,

517 1945 810 2001 revertitur
851 1961 918 2000 eo
979 1944 1122 2000 unde
1162 1953 1406 2001 venerat.
1433 1928 1579 2000 'Vide
1622 1945 1848 2016 August.
1894 1953 2085 2013 quaest.

520 2037 644 2094 H9.

589 2129 706 2184 Col.
741 2128 864 2192 768,
911 2128 1008 2182 lin.
1042 2127 1096 2184 6.
1139 2129 1243 2181 Ἐν
1274 2120 1364 2192 οἷς
1391 2121 1470 2196 ἦν
1503 2124 1622 2180 καί.
1657 2124 1948 2197 Iosephus,
1976 2125 2091 2180 An-

522 2225 615 2294 tiq.
647 2222 740 2278 lib.
777 2237 814 2274 tt
841 2239 854 2276 :
885 2221 1192 2292 Ἀμάληκος
1216 2219 1324 2288 γὰρ
1355 2219 1506 2282 νόθος
1536 2214 1604 2290 ἦν
1637 2219 1917 2290 παλλακῆς
1947 2219 2094 2290 αὐτῷ

520 2309 758 2384 γεγονὼς
815 2309 1076 2381 Θαμνάης
1140 2309 1330 2379 ὄνομα.
1394 2303 1552 2362 Οὗτοι
1612 2308 1939 2380 κατῴκησαν
1995 2310 2094 2380 τῆς

534 2403 838 2474 Ἰδουμαίας
887 2405 986 2475 τὴν
1031 2404 1070 2456 Γ
1071 2402 1302 2456 οὸολῖτιν
1356 2401 1676 2472 λεγομένην.
1710 2404 1805 2455 καῖ⁹
1849 2403 1948 2475 τὴν
1988 2402 2095 2456 ἀπὸ

533 2495 842 2568 Ἀμαλήκου
894 2494 1184 2566 κληθεῖσαν
1225 2494 1594 2566 Ἀμαληκῖτιν.
1639 2495 1811 2566 Πολλὴ
1856 2495 1964 2567 γὰρ
2002 2513 2094 2564 γε-

523 2591 726 2661 νομένη
758 2588 878 2642 τότε
911 2589 944 2658 ἡ
997 2586 1288 2657 Ἰδουμαία,
1315 2586 1435 2640 τότε
1471 2587 1648 2658 πάσης
1687 2587 1854 2657 αὐτῆς
1883 2587 2096 2640 ἀπέσω-

525 2678 619 2745 ζεν
649 2679 836 2751 ὄνομα,
870 2679 965 2732 καὶ⁵
997 2681 1110 2742 τοῖς
1161 2677 1350 2749 μέρεσι
1386 2677 1483 2742 τὰς
1525 2678 1632 2730 ἀπὸ
1660 2677 1768 2730 τῶν
1799 2679 2097 2750 οἰκητόρων

523 2770 896 2845 προσηγορίας
923 2769 1228 2836 διεφύλαξε.

596 2861 759 2929 lbid.,
799 2862 895 2915 lin.
934 2860 1016 2915 l9.
1055 2863 1160 2926 Ὃς
1184 2855 1363 2928 εὗρεν
1402 2858 1472 2914 ἐν
1497 2859 1589 2928 τῇ.
1622 2857 1800 2915 Locus
1830 2859 1917 2914 hic
1948 2859 2096 2914 Scri-

527 2965 720 3026 ptum,
749 2952 814 3006 ad
859 2966 1018 3021 quem
1061 2951 1300 3020 respexit
1329 2949 1670 3016 Eustathius,
1699 2953 1848 3006 varie
1874 2967 1903 3006 a
1927 2953 2094 3008 variis

527 3044 818 3115 accipitur,
849 3057 951 3098 nec
994 3043 1114 3112 ejus
1144 3043 1414 3097 sententia
1459 3042 1777 3099 dilﬁcultate
1803 3045 1952 3100 vocis
1989 3047 2096 3101 He-

527 3136 730 3192 braicre
761 3134 948 3190 haberi
991 3141 1206 3204 potest;
1257 3135 1462 3191 relictis
1505 3144 1685 3192 tamen
1730 3135 1962 3191 aliorum
2009 3154 2098 3193 ex-

528 3226 932 3298 plicationibus,
981 3241 1100 3295 quae
1149 3225 1314 3281 nimis
1366 3227 1625 3282 audacter
1677 3226 1995 3299 Eugubinus
2047 3231 2102 3285 in

528 3319 898 3390 recognitione
926 3319 1282 3374 Pentateuchi
1313 3334 1480 3388 super
1511 3319 1658 3374 hunc
1701 3320 1880 3376 locum
1913 3323 2102 3388 tradit,

529 3409 956 3465 animadvertam
992 3427 1007 3463 :
1042 3425 1166 3464 eum
1217 3418 1272 3466 et
1322 3412 1736 3482 Hieronymum,
1786 3420 1842 3468 et
1876 3411 2098 3484 Septua-

528 3499 675 3568 ginta
722 3496 1050 3568 lnterpretes
1101 3513 1132 3552 a
1181 3499 1410 3553 veritate
1469 3499 1736 3554 Hebraica
1787 3500 2104 3558 discordare

528 3589 779 3644 aﬁirmat.
815 3588 976 3644 Putat
994 3591 1148 3645 enim
1174 3591 1488 3662 Hieronymi
1514 3599 1778 3662 tempore,
1805 3609 1903 3663 pro
1927 3593 2103 3648 Jemin

528 3681 676 3750 quod
727 3681 998 3752 signiﬁcat
1042 3681 1264 3744 multos,
1319 3683 1558 3745 codices,
1610 3683 1808 3752 quibus
1843 3694 1926 3740 est
1970 3702 2103 3743 usus

529 3773 917 3842 Hieronymus,
969 3771 1228 3828 habuisse
1276 3774 1360 3828 vel
1419 3771 1632 3843 Majim,
1685 3776 1739 3830 id
1784 3785 1867 3831 est
1908 3792 2100 3848 aquas,

528 3862 614 3916 vel
640 3855 843 3924 lamin,
878 3861 932 3916 id
962 3869 1046 3918 est
1078 3863 1271 3917 maria.
1304 3863 1416 3918 Cur
1459 3873 1637 3940 autem
1680 3867 1904 3922 verterit
1933 3884 2103 3940 aquas

529 3953 736 4008 calidas
772 3921 839 4008 es
870 3955 1096 4008 Hebraeo
1125 3955 1264 4009 ratio
1298 3957 1445 4009 nulla
1465 3921 1638 4012 .reddi
1670 3966 1865 4028 potest.
1901 3921 2104 4017 Deinde

532 4041 884 4111 reprehendit
932 4041 1288 4114 Septuaginta
1341 4047 1694 4116 lnterpretes,
1735 4049 1881 4118 quod
1915 4066 2100 4106 vocem

528 4132 811 4188 Hebraeam
859 4133 1059 4202 Iemin,
1105 4137 1328 4206 perinde
1360 4139 1516 4208 quasi
1567 4149 1715 4196 esset
1747 4158 1944 4197 nomen
1985 4159 2106 4214 pro-

531 4226 709 4293 prium
734 4224 968 4294 alicujus
997 4225 1259 4292 hominis,
1294 4235 1354 4280 ut
1378 4235 1462 4282 est
1486 4224 1676 4296 Iacob,
1710 4237 1764 4284 et
1793 4231 1966 4294 Isaac,
2015 4231 2102 4287 hic

529 4313 877 4378 retinueriut,
901 4315 976 4369 ita
999 4315 1288 4373 reddentes
1311 4322 1457 4372 hunc
1487 4318 1664 4372 locum
1689 4317 1832 4374 :Iste
1858 4330 1937 4374 est
1959 4319 2098 4386 Ana,

2188 1849 2354 1905 tradit
2389 1847 2631 1917 Eliphaz,
2691 1859 2850 1915 quem
2879 1843 2992 1896 Ada
3023 1841 3228 1911 peperit
3253 1836 3417 1899 Esau,
3455 1833 3614 1888 illum
3649 1845 3773 1886 esse

2189 1942 2347 2011 cujus
2373 1939 2616 1995 meminit
2659 1936 2774 2006 ipse
2818 1933 2942 1998 Iob,
2971 1933 3115 2003 quod
3155 1932 3200 1986 si
3231 1931 3305 1985 ita
3336 1939 3441 1994 est,
3474 1941 3607 1980 cuni
3637 1941 3770 1995 pro-

2189 2031 2478 2103 nepotibus
2497 2027 2724 2082 Abrahae
2746 2023 2942 2080 Iobum
2970 2023 3170 2078 vixisse
3191 2035 3413 2076 necesse
3439 2026 3550 2074 est.
3576 2017 3762 2074 Philo.

2194 2123 2415 2185 Suidas,
2459 2131 2512 2176 et
2561 2119 2922 2190 Paraphrasis
2952 2117 3245 2172 Chaldaica
3272 2127 3536 2184 generum
3579 2108 3773 2164 Jacobi

2193 2213 2401 2269 faciunt
2435 2228 2503 2268 ex
2527 2211 2662 2266 Dina
2695 2224 2883 2264 uxore.
2919 2207 3272 2278 Septuaginta
3305 2204 3518 2258 malunt
3545 2217 3679 2257 esse
3709 2215 3774 2254 es

2194 2305 2428 2376 posteris
2454 2303 2703 2366 Abrabm,
2744 2310 2998 2372 quartum
3046 2298 3116 2352 ab
3167 2295 3331 2351 Esau.
3361 2293 3674 2364 Cajetanus
3718 2293 3774 2345 in

2196 2399 2428 2469 primum
2454 2392 2617 2467 caput
2644 2395 2745 2449 Inb
2773 2395 2841 2450 de
2873 2394 3043 2463 stirpe
3071 2391 3192 2460 cjus
3227 2390 3360 2444 nihil
3392 2395 3608 2442 certum
3651 2400 3776 2441 esse

2196 2496 2430 2642 “illiilli...
2465 2577 2560 2632 lin.
2601 2575 2692 2630 34.
2718 2576 2782 2627 Ol
2805 2571 2873 2626 δὲ
2911 2572 3026 2626 υιοι
3067 2570 3280 2628 Ἰακώϐ.
3313 2568 3569 2625 Justinus
3599 2568 3773 2623 histo-

2196 2673 2344 2727 ricus
2381 2671 2475 2726 lib.
2508 2684 2695 2729 mm,
2728 2664 3011 2720 historiam
3059 2661 3282 2733 Iosephi
3343 2661 3588 2716 breviter
3616 2673 3772 2715 enar-

2196 2777 2326 2817 rans
2356 2759 2547 2815 scribit
2569 2778 2583 2813 :
2605 2757 2706 2813 Sed
2739 2755 2994 2810 Israelem
3023 2753 3152 2824 felix
3178 2753 3351 2808 decem
3379 2753 3618 2821 ﬁliorum
3652 2767 3774 2820 pro-

2198 2863 2375 2907 ventus
2441 2848 2734 2920 majoribus
2803 2847 2912 2900 suis
2985 2846 3262 2900 clariorem
3319 2844 3462 2914 fecit.
3529 2841 3775 2911 Namque

2195 2945 2442 3015 populum
2469 2945 2521 2997 in
2551 2942 2726 2997 decem
2759 2956 2917 3010 regna
2948 2939 3176 2992 divisum
3207 2938 3430 2992 tradidit
3459 2937 3619 3006 ﬁliis,
3658 2951 3768 2989 out-

2201 3053 2388 3107 nesque
2417 3050 2480 3088 ex
2503 3033 2709 3088 nomine
2743 3030 2922 3094 Judw,
2953 3029 3042 3099 qui
3070 3039 3185 3096 post
3213 3029 3524 3083 divisionem
3557 3043 3779 3081 recesse-

2153 3128 2167 3144 ¹
2208 3138 2312 3192 rat,
2345 3127 2562 3182 Iudaeos
2592 3124 2896 3194 appellavit;
2928 3123 3126 3192 colique
3170 3121 3282 3191 ejus
3310 3122 3624 3174 memoriam
3666 3135 3782 3172 aia-

2205 3222 2356 3274 nibus
2377 3221 2558 3291 jussit.
2595 3217 2725 3287 Ejus
2764 3215 2936 3286 portio
2965 3213 3204 3268 omnibus
3240 3223 3559 3267 accesserat.
3612 3208 3780 3264 Hmi-

2203 3331 2320 3368 mus
2355 3322 2510 3367 artate
2545 3311 2680 3364 inter
2711 3309 2904 3379 fratres
2929 3305 3124 3376 Ioseph
3157 3306 3300 3375 fuit:
3333 3306 3484 3373 cujus
3516 3304 3779 3358 excellens

2202 3406 2466 3478 ingenium
2510 3403 2659 3457 veriti
2691 3403 2908 3471 fratres,
2939 3401 3078 3455 clam
3117 3400 3454 3467 interceptum
3489 3397 3781 3466 peregrinis

2203 3495 2579 3552 mercatoribus
2631 3494 2990 3548 vendiderunt.
3028 3492 3072 3545 Α
3117 3492 3304 3562 quibus
3356 3490 3675 3558 deportatus
3724 3490 3781 3542 in

2205 3589 2532 3660 JEgyptum,
2577 3603 2696 3641 cum
2744 3586 2977 3656 magicas
3022 3584 3095 3636 ibi
3140 3592 3280 3637 artes
3333 3581 3524 3636 solerti
3571 3581 3782 3650 ingenio

2201 3683 2532 3751 percepisset,
2581 3679 2721 3734 brevi
2768 3679 2869 3748 ipsi
2915 3677 3023 3747 regi
3055 3676 3339 3746 percliarus
3368 3673 3494 3742 fuit.
3547 3672 3696 3727 Nam
3735 3683 3784 3727 et

2201 3773 2562 3844 prodigiorum
2616 3771 2992 3841 sagacissimus
3025 3777 3161 3833 erat,
3215 3777 3264 3821 et
3306 3767 3642 3823 somniorum
3674 3768 3786 3837 pri-

2203 3879 2319 3916 mus
2348 3861 2745 3930 intelligentiam
2769 3860 3042 3922 condidit;
3071 3857 3301 3928 nihilque
3322 3856 3486 3910 divini
3505 3857 3654 3926 juris
3687 3858 3786 3909 Itu-

2201 3956 2447 4025 manique
2472 3958 2520 4008 ei
2548 3954 2865 4024 incognitum
2905 3951 3197 4014 uidebatur,
3237 3960 3372 4013 etc.,
3415 3949 3515 4005 sed
3546 3949 3640 4004 hic
3682 3964 3786 4004 au-

2197 4056 2318 4104 ctor
2349 4049 2405 4102 in
2432 4047 2622 4118 paucis
2650 4047 2830 4101 verbis
2868 4045 3035 4099 multa
3063 4043 3325 4115 peccavit.
3359 4041 3600 4097 Fuerunt
3625 4044 3782 4097 enim

2199 4141 2294 4197 lilii
2331 4138 2500 4194 Iacob
2526 4138 2811 4193 duodecim
2859 4145 3054 4207 prater
3083 4151 3244 4190 unam
3290 4133 3566 4190 feminam.
3611 4133 3786 4188 Min?-

2203 4246 2323 4285 mus
2359 4236 2521 4283 natus
2569 4235 2686 4282 erat
2733 4226 3037 4297 Bcnjamin,
3085 4241 3194 4281 non
3235 4224 3457 4296 Ioseph.
3491 4222 3694 4293 Ioseph
3744 4238 3781 4278 α

2203 4318 2425 4390 magicis
2450 4317 2662 4372 artibus
2691 4331 2989 4386 earumque
3017 4316 3198 4371 studio
3234 4317 3526 4385 plurimum
3565 4315 3780 4380 abluit;

528 4408 619 4479 qui
647 4407 839 4462 invenit
889 4405 1074 4462 lamin
1121 4409 1176 4464 in
1216 4409 1442 4474 deserto,
1463 4409 1674 4480 quando
1719 4412 1961 4480 pascebat
2007 4413 2072 4483 ju
2133 4433 2174 4486 ι)
2205 4411 2298 4466 sed
2336 4410 2570 4480 Spiritus
2603 4409 2778 4464 sancti
2833 4408 3095 4479 peculiari
3131 4409 3365 4478 quadam
3400 4410 3577 4479 gratia
3607 4407 3784 4463 dona-

529 4509 708 4553 menta
737 4499 907 4570 patris
937 4501 1055 4566 sui;
1081 4517 1221 4573 quos
1247 4509 1470 4558 secutus
1493 4499 1803 4558 Eustathius
1827 4505 1967 4560 idem
2001 4505 2102 4559 hoc

529 4589 587 4644 in
621 4590 741 4644 loco
771 4591 1032 4646 retinens.

601 4682 763 4749 lbid.,
810 4685 903 4738 lin.
950 4683 1029 4738 16.
1064 4685 1203 4739 Μεθ’
1235 4684 1306 4738 ὃν
1351 4684 1562 4740 Ἰωϐἁό.
1587 4684 1762 4740 Iobab
1801 4687 1866 4742 de
1912 4703 2021 4756 quo
2048 4687 2104 4740 ﬁt

531 4775 622 4832 hic
643 4778 866 4842 mentio,
898 4775 1097 4831 Iobum
1133 4776 1304 4832 fuisse
1337 4777 1493 4830 multi
1524 4777 1887 4844 tradiderunt,
1920 4794 2104 4849 quam-

531 4867 616 4925 vis
644 4867 955 4940 oppositum
984 4867 1253 4923 aﬁirment
1274 4867 1544 4938 Lyranus,
1574 4875 1628 4924 et
1656 4866 1926 4934 Oleaster,
1949 4885 2100 4926 eum-

533 4975 640 5030 que
674 4959 848 5016 fuisse
887 4973 995 5013 non
1048 4957 1221 5013 ﬁlium
1269 4957 1434 5022 Esau,
1485 4965 1546 5014 ut
1594 4957 1780 5014 retulit
1817 4957 2102 5020 Aristaeus.

531 5052 626 5124 qui
653 5049 965 5108 Iudteorum
997 5050 1288 5106 historiam
1339 5052 1564 5122 scripsit
1615 5050 1760 5122 apud
1812 5050 2106 5107 Eusebium

531 5143 1056 5209 CasariensemJib.
1091 5159 1145 5199 ts
1175 5143 1255 5199 De
1278 5147 1664 5216 preparatione
1695 5143 2102 5216 Eeaugel.,t-ap.

533 5234 711 5290 ultim.
735 5275 752 5301 ,
788 5233 882 5291 sed
916 5249 982 5290 ex
1036 5233 1207 5306 stirpe
1237 5239 1292 5291 et
1342 5237 1599 5307 progenie
1646 5234 1814 5300 Esau,
1857 5235 2106 5292 scribunt

532 5328 867 5385 Athanasius
921 5326 978 5384 in
1025 5327 1274 5400 synopsi,
1307 5326 1738 5398 Chrysostomus
1777 5328 1927 5382 hora.
1954 5325 1993 5380 2
2033 5326 2106 5380 De

532 5411 755 5488 patient.
788 5419 915 5485 Job,
944 5421 1284 5493 Augustinus
1315 5421 1412 5476 lib.
1443 5436 1578 5477 mn
1611 5419 1688 5474 De
1734 5420 1948 5475 ciuitate
1986 5419 2105 5486 Dei,

535 5525 656 5580 cap.
691 5511 780 5568 l7.
815 5512 962 5569 idem
997 5515 1166 5570 sentit
1211 5521 1268 5570 et
1317 5513 1690 5570 Theodoretus
1717 5513 2006 5584 question.
2040 5511 2109 5566 92

535 5601 594 5658 in
621 5599 751 5657 Gen.
779 5613 834 5660 et
861 5604 1159 5678 Gregorius
1187 5606 1421 5679 Magnus
1449 5605 1608 5661 initio
1653 5605 2025 5662 Commentar.
2055 5605 2110 5658 in

532 5691 658 5748 Job.
695 5692 788 5751 llis
821 5699 1068 5764 patribus
1098 5697 1256 5764 adde,
1292 5706 1346 5754 et
1365 5714 1503 5771 quos
1532 5707 1816 5755 enumerat
1842 5698 2109 5768 Hierony-

2206 4513 2292 4560 tus
2323 4503 2412 4557 illa
2446 4502 2627 4558 omnia
2662 4501 2977 4573 perfecerat.

2277 4593 2432 4655 lbid..
2466 4594 2560 4648 lin.
2594 4592 2684 4646 37.
2733 4589 2816 4657 Τῷ
2844 4589 3178 4660 Πενταφρῇ.
3219 4587 3482 4660 Principi,
3517 4603 3617 4644 seu
3645 4603 3782 4658 prie-

2207 4685 2347 4740 l'ecto
2367 4698 2690 4754 coquorum.
2725 4680 2803 4736 Ita
2838 4680 2992 4736 Philo
3013 4682 3110 4737 lib.
3136 4681 3211 4737 De
3234 4679 3478 4750 Ioseph.;
3507 4678 3779 4752 Iosephus

2203 4777 2299 4833 lib.
2329 4793 2348 4832 ι
2372 4777 2713 4848 Antiquitat.,
2743 4775 3063 4831 Ambrosius
3087 4775 3178 4829 lib.
3211 4773 3288 4829 De
3313 4773 3552 4843 Ioseph,
3577 4782 3634 4829 et
3663 4774 3776 4830 alii.

2203 4869 2464 4926 Nonnulli
2491 4883 2676 4925 vocem
2724 4867 3044 4924 Hebraicam
3082 4868 3390 4939 signiﬁcare
3425 4867 3777 4939 praepositum

2205 4963 2412 5018 militiae
2435 4960 2798 5017 tradiderunt.
2821 4961 2926 5016 Alii
2955 4967 3265 5032 utrumque.
3287 4961 3562 5026 Pererius,
3592 4960 3779 5016 ποδε-

2211 5055 2488 5127 ptuaginta
2517 5055 2845 5123 luterprctcs
2873 5053 2945 5108 ita
2974 5053 3259 5109 reddentes
3282 5067 3502 5110 errasse
3527 5053 3778 5108 videren-

2208 5155 2316 5211 tur,
2349 5147 2426 5200 ait
2457 5143 2852 5217 ἀρχιμάγειρον
2883 5145 3067 5200 omnia
3120 5145 3234 5200 hsec
3282 5145 3616 5215 signiﬁcare.
3673 5143 3778 5200 Sed

2206 5253 2332 5294 eum
2388 5235 2720 5293 audiamus:
2753 5235 2944 5305 Dices,
2991 5237 3132 5310 Ergo
3190 5237 3537 5308 Septuaginta
3604 5236 3778 5292 Inter-

2208 5338 2376 5398 pretcs
2429 5337 2676 5383 errarunt
2725 5329 2820 5384 hoc
2878 5329 3013 5393 loco,
3051 5331 3141 5400 qui
3198 5340 3462 5385 uerterunt
3513 5331 3776 5384 urebi-tr

2208 5422 2356 5492 gira,
2412 5420 2466 5474 id
2525 5431 2636 5488 est,
2708 5423 2932 5492 principi
2992 5424 3321 5493 «quorum?
3385 5421 3613 5477 Minime
3639 5438 3773 5477 sero.

2212 5512 2356 5568 Nam
2410 5529 2513 5570 uox
2553 5515 2948 5586 archimagiros
3001 5517 3208 5587 proprie
3262 5517 3530 5588 significat
3571 5515 3782 5588 prioci-

2212 5621 2334 5681 pem
2381 5606 2689 5663 occisorum
2736 5624 2752 5660 :
2795 5609 3175 5681 μαγειρεύειν,
3253 5609 3440 5679 quippe
3503 5609 3787 5677 interprets

2218 5698 2560 5770 Hieronymo,
2606 5698 2796 5756 Latine
2850 5710 2928 5757 est
2967 5702 3235 5759 occidere.
3298 5700 3402 5758 Sed
3452 5718 3643 5757 nomen
3693 5715 3787 5754 ac.
