4008 6208
251 292 390 350 1ῡὶτῦ

1227 295 1294 351 ΙΝ
1335 295 1703 352 ευετΑτΗιι
1735 293 2208 353 HEXAEMERON
2246 295 2478 354 NOTAL

3340 297 3478 356 1034

246 408 482 462 cisorum
537 408 802 479 trifariam
858 419 1025 480 potest
1076 413 1320 485 intelligi.
1375 414 1470 470 Vel
1512 418 1650 471 enim
1691 427 1809 472 sunt

1913 420 2146 486 γυναῖκα
2173 417 2309 489 ἔχων
2333 417 2420 470 διὰ
2438 416 2538 487 τὴν
2577 414 2808 471 εὔνοιαν.
2839 414 3037 472 Notum
3066 426 3151 473 est
3180 418 3321 474 inter
3355 435 3482 489 spa-

245 501 504 556 occisores
567 501 834 557 hominum
881 507 936 559 in
987 506 1155 571 bello,
1199 508 1379 580 quales
1425 519 1548 563 sunt
1600 510 1815 575 milites,

251 607 299 647 et
319 593 385 652 .in
414 594 549 648 hanc
584 598 892 650 sententiam
913 637 930 662 ,
973 597 1194 652 Latinus
1221 601 1470 669 interpres
1510 603 1658 656 vertit
1703 620 1820 657 ma-

248 687 416 758 gistro
450 687 715 753 militum;
749 690 827 743 vel
864 699 987 744 sunt
1021 693 1274 747 occisores
1313 693 1578 748 hominum
1607 704 1817 766 propter

248 795 429 833 eorum
451 781 697 842 crimina,
726 791 975 850 tanquam
1009 785 1228 853 publica:
1244 785 1468 856 justitite
1492 788 1812 856 administri,

246 881 596 934 exsecutores,
628 889 786 942 quam
819 876 1300 945 interpretationem
1344 881 1508 932 secuti
1548 890 1668 934 sunt
1707 880 1816 934 He-

248 961 378 1014 bra'i
408 970 457 1015 et
491 963 646 1016 multi
683 967 746 1018 de
781 968 976 1021 nostris
1009 983 1170 1034 supra
1222 971 1539 1034 memorati;
1588 971 1663 1025 vel
1693 981 1814 1026 sunt

248 1056 508 1109 occisores
549 1055 865 1110 animalium
895 1057 963 1111 ad
995 1059 1340 1127 coquendum,
1368 1071 1418 1115 et
1441 1063 1813 1118 comedendum

248 1160 307 1203 ut
343 1160 464 1204 sunt
496 1149 651 1212 lanii,
691 1161 740 1205 et
766 1154 917 1222 coqui
943 1169 960 1206 :
987 1155 1072 1206 cui
1096 1158 1404 1225 expositioni
1458 1156 1632 1226 Philo,
1662 1155 1815 1212 Iose-

248 1240 406 1313 phus,
440 1251 487 1294 et
518 1242 830 1298 Ambrosius
862 1245 1181 1302 institerunt.
1249 1249 1380 1304 Cum
1413 1251 1575 1320 igitur
1600 1265 1699 1304 vox
1723 1267 1812 1303 ar-

256 1333 597 1403 chimagiros.
643 1351 747 1404 qua
794 1337 876 1389 usi
903 1347 1025 1392 sunt
1081 1338 1427 1411 Septuaginta
1474 1341 1808 1411 Interpretes,

254 1434 358 1480 tres
395 1427 527 1479 istas
555 1424 966 1496 signiﬁcationes
1018 1439 1068 1484 et
1109 1432 1563 1502 interpretationes
1607 1435 1808 1503 capiat,

248 1516 537 1571 translatio
589 1517 931 1590 Septuaginta
970 1520 1323 1591 Interpretum
1359 1525 1568 1580 lectioni
1614 1536 1810 1580 nostra:

249 1608 457 1664 Latina:
486 1613 662 1680 aptari
689 1614 1108 1669 commodissime
1148 1625 1346 1684 potest;
1399 1620 1687 1686 prwsertim
1714 1637 1811 1673 au-

1918 509 2110 565 donem
2144 518 2198 565 et
2231 509 2539 564 eunuchum
2575 507 2906 577 discrimen;
2938 511 3222 567 eunuchus
3253 527 3398 567 enim
3433 513 3481 569 is

1916 601 2140 665 dicitur,
2172 601 2264 670 qui
2295 599 2606 654 necessaria
2644 599 2712 654 ad
2745 601 3110 670 generandum
3142 611 3295 672 parte
3320 601 3482 658 dimi-

1915 698 2080 745 nutus
2109 699 2212 753 est,
2263 693 2378 745 sive
2426 688 2749 744 naturaliter
2800 690 2874 743 ita
2911 701 3209 762 prognatus
3239 692 3332 756 sit,
3367 695 3485 749 sive

1915 791 2040 834 ante
2063 782 2399 850 pubertatem
2434 782 2672 836 excisus.
2708 779 2887 852 Spado
2917 791 3021 847 est,
3052 785 3146 854 qui
3174 783 3483 840 valetudine

1915 871 2097 942 aliqua
2143 873 2344 928 vitiove
2383 873 2628 943 corporis
2663 874 2921 944 praeditus
2954 889 3215 944 generare
3247 889 3356 930 non
3382 890 3480 945 po-

1914 973 2042 1020 test.
2091 965 2323 1035 ldcoque
2384 966 2651 1035 spadones
2701 967 2948 1038 adOptari
3005 978 3266 1039 possunt,
3326 978 3481 1041 post-

1913 1058 2248 1128 bumumque
2272 1057 2538 1113 baeredem
2566 1060 2826 1125 scribere,
2845 1061 3083 1116 eunuchi
3121 1061 3234 1118 sive
3254 1066 3480 1120 castrati

1911 1165 2017 1204 non
2044 1158 2274 1219 possunt
2299 1168 2313 1218 ;
2344 1151 2398 1204 hi
2431 1166 2664 1221 namque
2688 1154 2910 1207 omnino
2932 1169 3194 1224 generare
3213 1168 3322 1210 non
3353 1172 3480 1227 pos-

1915 1251 2078 1310 sunt;
2115 1243 2192 1297 illi
2232 1242 2654 1314 impedimentis,
2695 1244 2894 1314 quibus
2938 1249 3218 1316 temporali
3272 1251 3481 1306 sterili-

1913 1341 2022 1388 tate
2047 1334 2318 1396 laborant,
2346 1336 2578 1400 liberati,
2611 1344 2856 1407 possunt.
2886 1337 3000 1393 Hoc
3035 1339 3089 1392 in
3111 1341 3287 1410 legum
3317 1346 3480 1414 synoé'

1911 1426 1992 1494 psi
2020 1425 2085 1478 ad
2110 1425 2427 1482 Michaelem
2461 1427 2662 1481 Ducam
2689 1431 2893 1499 optime
2921 1431 3172 1486 versibus
3208 1436 3479 1503 expressit

1912 1518 2138 1574 Michael
2171 1517 2400 1584 Psellus,
2432 1535 2644 1586 eorum,
2673 1521 2800 1591 quia
2835 1521 3014 1577 adhuc
3047 1523 3219 1577 lucem
3258 1539 3367 1579 non
3396 1527 3480 1580 vi-

1909 1611 2124 1671 derunt.
2158 1613 2368 1682 copiam
2402 1613 2531 1666 mihi
2578 1612 2706 1666 fecit
2739 1614 2820 1668 vir
2854 1615 3178 1669 surculorum
3218 1617 3496 1670 memoria-

247 1709 353 1754 tem
385 1719 503 1754 cum
532 1712 744 1758 sanctus
784 1702 1135 1775 Hieronymus
1164 1708 1402 1776 affirmet,
1431 1709 1807 1780 archimagiros
1841 1770 1880 1780 _
1907 1705 2259 1774 dignissimus
2298 1703 2624 1760 FranCiSCUS
2652 1705 2959 1762 BarlOlillus
2992 1725 3006 1761 ε

243 1810 341 1858 pro
371 1796 638 1864 magistris
669 1797 925 1850 exercitus
979 1799 1033 1851 in
1083 1799 1342 1869 plerisque
1397 1800 1526 1855 locis
1577 1802 1807 1857 divinam

244 1882 575 1954 Scripturam
606 1904 1032 1945 commemorare.
1063 1889 1167 1946 Sed
1195 1892 1417 1948 dubium
1444 1894 1620 1948 adhuc
1643 1911 1810 1951 rema-

245 1985 342 2030 net
371 1992 477 2032 non
522 1980 1004 2045 contemnendum,
1062 1983 1315 2054 princeps
1369 1984 1458 2039 hic
1509 1984 1808 2045 Pharaonis

241 2071 365 2126 sive
429 2071 715 2141 praefectus
775 2073 1082 2127 divinarum
1142 2075 1442 2130 litterarum
1497 2080 1808 2137 testimonio

241 2161 446 2216 dicitur
463 2161 633 2218 fuisse
665 2164 970 2230 eunuchus,
995 2172 1049 2220 et
1069 2180 1132 2219 ea
1163 2177 1245 2221 est
1264 2170 1567 2224 communis
1589 2170 1807 2226 Patrum

247 2251 455 2319 Opinio,
489 2251 582 2322 qui
613 2252 667 2306 id
701 2253 1040 2324 ﬁeripotuit,
1071 2264 1130 2310 ut
1160 2272 1383 2312 uxorem
1413 2259 1683 2328 habuerit,
1713 2279 1802 2318 cu-

240 2341 334 2412 ius
357 2341 495 2397 lictis
516 2344 990 2400 criminationibus
1014 2345 1287 2418 Iosephus
1312 2350 1366 2403 in
1397 2365 1667 2407 carcerem
1695 2363 1810 2408 tru-

240 2436 411 2499 ditur,
447 2437 675 2508 vitaeque
711 2440 942 2509 propriae
982 2441 1285 2510 periculum
1319 2443 1484 2500 subit.
1514 2443 1689 2502 Taceo
1722 2447 1809 2502 hic

240 2524 593 2582 Hebraeorum
651 2545 844 2601 nugas,
890 2532 983 2602 qui
1026 2547 1091 2587 eo
1130 2532 1358 2589 inscitia:
1406 2552 1718 2606 pervenere,
1748 2547 1808 2594 ut

241 2622 492 2678 dicerent
551 2625 852 2694 principem
899 2626 1045 2682 hunc
1094 2629 1241 2683 nullo
1294 2630 1455 2686 modo
1497 2619 1804 2688 eunuchum

243 2713 435 2778 fuisse,
469 2715 563 2770 sed
590 2718 854 2787 integrum
877 2720 1132 2776 omnibus
1158 2723 1273 2778 suis
1299 2724 1556 2779 membris
1584 2741 1806 2782 uxorem

240 2807 485 2870 duxisse,
517 2824 641 2862 cum
671 2825 777 2880 qua
818 2800 1049 2866 feliciter
1085 2813 1434 2883 jucundeque
1490 2815 1654 2868 vitam
1707 2815 1810 2870 du—

239 2899 422 2954 cebat.
460 2898 653 2954 Verum
681 2903 844 2972 empti
868 2899 1089 2973 losephi
1120 2903 1314 2958 blanda
1339 2903 1672 2975 pulchraque
1700 2906 1809 2959 lor-

239 3005 336 3045 ma
364 2993 670 3062 pellectum,
703 2995 891 3049 nescio
922 2994 1052 3065 quid
1077 2997 1130 3048 in
1163 2995 1340 3064 ipsum
1368 2993 1661 3066 Josephum
1693 3006 1811 3052 ten-

240 3091 416 3144 tasse.
472 3084 698 3155 ideoque
739 3085 892 3156 justo
934 3086 1025 3141 Dei
1065 3087 1270 3157 judicio
1313 3089 1368 3142 in
1423 3105 1634 3159 poenam
1676 3095 1807 3145 tanti

240 3175 471 3229 sceleris
502 3175 764 3230 membris
814 3175 922 3230 illis
963 3175 1118 3245 quasi
1166 3176 1474 3230 eunuchum
1507 3175 1677 3231 fuisse
1711 3177 1812 3231 imo

238 3267 508 3338 peditum,
554 3266 784 3337 ideoque
831 3281 862 3319 a
916 3267 1199 3336 Scriptura
1247 3266 1558 3321 eunuchum
1604 3268 1809 3332 vocari,

236 3357 459 3414 etiamsi
503 3358 728 3413 haberet
767 3373 1016 3413 uxorem.
1081 3357 1314 3424 Quidam
1367 3357 1644 3423 dixerunt,
1694 3374 1813 3411 mu-

238 3450 428 3505 lierem
466 3451 612 3504 illam
643 3467 751 3504 non
782 3449 949 3505 fuisse
977 3465 1222 3512 uxorem,
1257 3449 1352 3504 sed
1389 3457 1597 3503 tantum
1628 3465 1810 3504 rerum

235 3543 662 3597 domesticarum
690 3557 878 3596 curam
919 3542 1174 3612 gessisse.
1215 3539 1468 3606 Quidam,
1504 3541 1606 3595 etsi
1639 3556 1812 3596 eunu-

235 3636 427 3699 chum,
500 3636 590 3691 illa
653 3643 832 3690 tamen
897 3635 1122 3689 muliere
1170 3644 1425 3703 tanquam
1477 3647 1645 3688 uxore
1680 3632 1812 3702 legi-

236 3731 373 3784 tima
423 3745 604 3785 usum.
664 3727 986 3784 Theodorus
1031 3727 1234 3782 Catena
1287 3727 1340 3780 in
1382 3722 1655 3780 Genesim:
1688 3724 1812 3788 Πῶς

232 3821 492 3893 εὐνοῦχος
529 3820 602 3876 ὢν
629 3823 658 3875 ὁ
681 3821 1074 3893 ἁρχιμάγειρος
1113 3804 1345 3889 γυναῖκα
1378 3813 1523 3888 εἶχες
1562 3815 1811 3870 Μάλιστα

238 3915 340 3985 μὲν
374 3910 468 3968 οὖν
500 3916 594 3968 καὶ
635 3917 760 3978 τοὺς
805 3913 1093 3983 εὐνούχους
1120 3913 1214 3966 καὶ
1243 3913 1367 3975 τοὺς
1409 3908 1666 3981 ἐκτομίας
1705 3911 1810 3979 ὁμ-

233 4007 470 4079 ωνύμως
496 4006 751 4060 καλοῦσιν
768 4023 782 4036 ο
807 4005 956 4059 οὐδὲν
981 4004 1038 4057 δὲ
1063 3999 1131 4076 ἦν
1167 4003 1411 4067 ἀπεικὸς,
1441 4003 1535 4055 καὶ⁵
1559 3999 1810 4070 εὐνοῦχον

232 4099 366 4154 ὅντα
395 4102 627 4168 γυναῖκα
660 4098 800 4169 ἔχειν
827 4101 883 4152 ἐν
912 4100 978 4169 τῇ
1003 4097 1178 4168 οἰκείᾳ
1209 4095 1316 4148 τῶν
1339 4093 1484 4148 ἔνδον
1517 4092 1807 4164 ἐπιμελου-

238 4190 411 4260 μένην
443 4190 801 4260 πραγμάτων.
855 4188 1123 4242 Diodorus
1161 4186 1359 4242 ibidem
1388 4201 1404 4238 :
1445 4184 1589 4249 Πῶς,
1623 4181 1808 4238 εὐνοῦσ

234 4297 333 4350 χον
361 4275 497 4333 εἶναι
531 4280 710 4351 φήσας
742 4279 834 4332 τὸν
856 4278 1160 4350 Πετεφρῆν,
1179 4280 1410 4347 γυναῖκα
1441 4275 1628 4330 τοῦτον
1655 4271 1807 4328 εἶπεν
1839 4268 1849 4278 ’

233 4372 415 4443 Exsul;
456 4367 622 4442 Οἶμαι
646 4371 826 4424 τοίνυν
856 4370 966 4439 ἐγὼ
997 4370 1104 4423 τῶν
1131 4368 1224 4422 δύο
1252 4368 1312 4421 τὺ
1340 4368 1546 4438 ἕτερον,
1572 4365 1606 4436 ἢ
1634 4365 1722 4419 διὰ
1745 4364 1805 4418 τὸ

1912 1815 2219 1892 ξὺγοῦχος
2257 1817 2507 1892 ᾳπάδων
2535 1819 2781 1874 δύναται
2813 1821 3096 1892 υἱοθετεῖν
3123 1840 3222 1878 και
3263 1825 3481 1892 μόνον.

1919 1887 2094 1974 Τοῦτο
2122 1888 2231 1956 γὰρ
2261 1889 2654 1974 ἀπηγέρευξαι
2681 1891 3052 1974 καστράτίίις,
3078 1894 3172 1972 καὶ
3204 1887 3478 1974 θλιϐίᾳις.

1923 1957 1984 2010 Ὁ
2009 1957 2118 2027 γάρ
2147 1975 2236 2011 τοι
2273 1957 2523 2012 σπάδων
2559 1959 2805 2013 δύναται
2829 1957 3266 2030 ’παιδοποιήσαι
3302 1957 3476 2035 nixa.

1911 2072 2083 2127 Porro
2116 2073 2414 2142 spadonum
2471 2084 2524 2130 et
2573 2075 2946 2130 cunuchorum
2989 2077 3277 2147 appellatio
3307 2079 3476 2135 inter-

1913 2165 2039 2220 dum
2087 2167 2355 2236 generalis
2405 2174 2520 2230 est,
2570 2183 2676 2238 qua
2721 2183 2882 2222 omne
2926 2185 3095 2240 genus
3140 2171 3473 2228 eviratoz‘um

1912 2258 2242 2312 continetur.
2263 2256 2442 2324 Quare
2461 2273 2745 2328 possemus
2766 2261 2964 2323 dicere,
2982 2262 3278 2332 principem
3305 2264 3470 2328 hunc.

1911 2346 2013 2401 etsi
2043 2356 2268 2401 vocatur
2287 2349 2591 2414 eunuchus,
2620 2350 2914 2418 Spadonem
2947 2351 3133 2414 fuisse,
3159 2362 3212 2406 et
3247 2368 3471 2408 uxorem

1912 2439 2134 2495 duxisse
2183 2449 2471 2511 antequam
2519 2457 2646 2511 pars
2680 2443 2770 2496 illa
2806 2444 3054 2513 corporis
3107 2443 3470 2513 funeraretur.

1912 2548 2034 2587 cum
2062 2549 2166 2603 qua
2200 2542 2386 2604 postea
2432 2533 2597 2587 vitam
2630 2535 2981 2606 transigebat.
3018 2535 3260 2592 Isidorus
3295 2537 3472 2612 Orig..

1914 2622 1988 2676 lib
2033 2639 2088 2686 χ,
2139 2623 2300 2676 tradit
2337 2624 2712 2678 cunuchorum
2751 2625 3017 2699 quosdam
3053 2627 3220 2689 coire,
3268 2627 3364 2684 sed
3393 2637 3476 2684 ta-

1913 2727 2035 2766 men
2074 2712 2324 2768 virtutem
2378 2714 2432 2766 in
2480 2716 2685 2770 semine
2736 2716 2941 2769 nullam
2991 2732 3112 2772 esse
3147 2737 3159 2771 :
3197 2716 3477 2789 Liquorem

1911 2806 2046 2857 enim
2073 2803 2258 2858 habent
2304 2813 2353 2859 et
2382 2807 2646 2871 emittunt,
2701 2807 2791 2862 sed
2824 2809 2892 2862 ad
2919 2809 3230 2880 gignendum
3268 2813 3478 2866 inanem

1913 2907 2066 2969 atque
2093 2897 2409 2954 invalidum.
2456 2898 2678 2955 Possem
2723 2898 2852 2956 item
2888 2903 3024 2958 alias
3051 2904 3214 2973 hujus
3242 2906 3481 2977 explica-

1913 2991 2092 3045 tioncs
2121 2991 2333 3056 allerre,
2365 3008 2500 3062 quas
2540 2993 2824 3050 brevitatis
2847 2996 3020 3064 gratia
3043 2997 3255 3051 Omitto.

1984 3080 2114 3136 Ibid.
2157 3080 2279 3135 Τῶν
2307 3083 2699 3153 ἀρχιματείρῳ
2725 3084 2950 3153 Φαραώ.
2995 3083 3298 3144 Pharaonis
3323 3103 3481 3142 voca-

1914 3172 2098 3226 bulum
2142 3187 2251 3225 non
2282 3172 2451 3228 fuisse.
2483 3176 2784 3244 proprium,
2827 3177 2922 3231 sed
2964 3193 3255 3236 commune
3288 3195 3476 3250 regum

1912 3265 2152 3319 omnium
2176 3261 2678 3336 Egyptiorumqui
2714 3283 2810 3337 pro
2833 3267 3092 3339 dignitate
3120 3271 3263 3342 regis
3291 3288 3357 3326 eo
3387 3287 3468 3328 no

1911 3359 2056 3414 mine
2093 3367 2348 3429 tanquam
2381 3359 2548 3429 regali
2589 3360 2901 3426 utebantur,
2937 3361 3392 3431 quemadmodum
3423 3373 3479 3418 et

1909 3453 2048 3522 apud
2072 3452 2344 3508 Romanos
2361 3452 2613 3523 Augusti,
2639 3451 3014 3522 imperatores,
3035 3454 3479 3512 traditEusebius

1909 3562 1976 3601 ex
2001 3547 2153 3600 libris
2180 3544 2519 3601 Manethonis
2537 3544 2834 3601 sacerdotis
2853 3545 3254 3616 Egyptiorum,
3279 3556 3334 3602 ct
3357 3564 3477 3602 rur-

1910 3648 2027 3688 sum
2068 3652 2080 3688 :
2121 3633 2342 3706 Ἀνέστη
2392 3633 2449 3687 δὲ
2493 3636 2608 3705 μετ’
2648 3633 2847 3696 αὐτὸν,
2902 3633 3194 3691 Sesostrim
3243 3638 3476 3699 scilicet.

1909 3723 1997 3776 ἐπ’
2039 3721 2341 3792 Αἴγυτπτον
2388 3722 2616 3796 Φαραὼ,
2681 3725 2710 3777 ὁ
2760 3723 2856 3778 καὶ
2929 3725 3160 3797 Ναρεχὼ
3210 3727 3477 3800 καλούμεο

1909 3833 2017 3880 νος,
2051 3818 2330 3887 κρατήσας
2363 3815 2478 3887 ἐτη,
2510 3815 2586 3880 ὥς
2619 3834 2772 3887 φασι,
2810 3818 3165 3890 πεντήκοντα.
3211 3821 3305 3875 Ἐκ
3351 3821 3475 3877 τού-

1907 3925 2001 3962 του
2042 3911 2090 3962 οἱ
2120 3909 2228 3963 ἀπὸ
2265 3910 2359 3964 τοῦ
2394 3911 2583 3980 γένους
2628 3910 2791 3965 αὐτοῦ
2835 3912 3196 3984 καταγόμενοι
3240 3913 3475 3986 βασιλεῖς

1907 3999 2105 4071 Φαραὼ
2167 4001 2682 4075 προσαγορεύονται.
2756 4003 2820 4058 Et
2873 4005 3168 4061 Africanus
3226 4025 3240 4062 :
3290 4008 3450 4062 Ἐπαι

1907 4093 2150 4147 νεθεῖσαν
2211 4095 2300 4158 δὲ,
2371 4111 2594 4151 uxorem
2666 4096 2917 4151 videlicet
2996 4097 3259 4166 Abrahae,
3336 4102 3476 4171 rmi-

1906 4201 2031 4253 γετο
2054 4183 2268 4256 Φαραώ.
2303 4185 2458 4239 Οῦτω
2486 4186 2594 4258 γὰρ
2626 4187 2912 4255 Αἰγύπτιοι
2942 4189 3066 4253 τούς
3101 4188 3339 4260 βασιλεῖς
3368 4191 3477 4244 ὀνο

1911 4274 2168 4347 μάζουσιν
2185 4279 2592 4349 ἑρμηνεύουσιν.
2635 4277 2959 4348 Expressius
2986 4279 3346 4354 Hieronymus
3377 4284 3473 4338 lib.

1906 4376 1961 4415 lx
2012 4360 2303 4417 Comment.
2358 4364 2413 4416 in
2464 4362 2784 4418 Ezecltielem
2823 4382 2841 4419 :
2897 4365 3156 4420 Caeterum
3208 4367 3344 4421 illud
3397 4369 3475 4422 cel

235 4463 424 4518 εὔνουν
453 4463 705 4534 εὐνοῦχον
730 4463 890 4518 αὐτὸν
915 4461 1364 4535 καταχρηστικῶς
1388 4459 1802 4532 προσειρῆσθαι,

1910 4456 2133 4510 maxime
2180 4453 2548 4524 requirendum
2590 4465 2689 4518 est,
2734 4465 2912 4510 utrum
2959 4456 3068 4526 ipse
3117 4457 3186 4510 sit
3235 4456 3470 4519 Pharao.

231 4558 268 4628 ἢ
300 4559 394 4610 καὶ
421 4555 498 4627 τῷ
522 4557 634 4610 δντι
654 4556 761 4609 τῶν
789 4556 991 4628 μορίων
1018 4554 1435 4626 ὲκτετμημένων
1463 4553 1603 4624 ἔχειν
1626 4554 1682 4605 ἐν
1705 4568 1804 4620 γα-

237 4650 412 4721 μετῆς
447 4650 598 4717 τάξει
626 4650 687 4703 τὸ
713 4649 954 4718 γύναιον,
995 4649 1022 4702 ὃ
1049 4649 1110 4720 δὴ
1145 4648 1235 4702 καὶ
1264 4649 1349 4718 ἐφ’
1378 4647 1534 4717 ἡμῶν
1567 4645 1807 4716 ἔγνωμεν

234 4741 343 4794 ὑπὸ
384 4741 593 4794 πολλῶν
634 4740 893 4803 πολλάκις
918 4739 1218 4810 γινόμενον.
1259 4737 1326 4790 Et
1364 4734 1678 4790 Gennadius
1705 4754 1719 4791 :
1744 4735 1807 4788 Εἰ

233 4832 490 4903 εὐνοῦχος
515 4835 544 4886 ὁ
571 4832 875 4904 Πετεφρῆς,
901 4831 1018 4894 πῶς
1050 4830 1360 4902 εὑρίσκεται
1381 4830 1611 4898 γυναῖκα
1635 4826 1804 4898 ἔχωνς

247 4923 390 4977 Ἀλλ’
427 4928 456 4979 ὸ
497 4925 596 4996 μὲν
630 4923 799 4996 Σύρος
821 4924 921 4994 μιᾷ
953 4919 1292 4993 προσηγορίᾳ
1328 4919 1420 4973 τόν
1451 4937 1512 4972 τε
1540 4919 1806 4973 σπάδοντα

234 5015 334 5069 καὶ
380 5016 471 5069 τὸν
528 5016 717 5069 πιστὸν
762 5015 934 5085 ἄνδρα
969 5013 1114 5081 λέγει
1169 5015 1283 5076 τοῖς
1325 5011 1628 5076 δεσπόταις,
1678 5013 1706 5065 ὁ
1749 5010 1807 5063 δὲ

246 5110 497 5182 Ἐϐραῖος
536 5109 749 5182 ἀληθῶς
773 5109 1044 5179 εὐνοῦχον,
1093 5107 1187 5160 καὶ
1211 5105 1397 5160 τοῦτον
1437 5105 1542 5159 ἀπὸ
1573 5105 1672 5175 τῆς
1715 5103 1806 5156 πί-

236 5221 431 5268 στεως,
460 5203 650 5274 ἐπειδὴ
684 5202 828 5273 φιλεῖ
848 5203 908 5257 τὸ
939 5201 1048 5255 τῶν
1088 5200 1354 5272 εὐνούχων
1385 5199 1540 5268 γένος
1574 5197 1805 5270 μάλιστα

234 5295 590 5350 πιστεύεσθαι
613 5296 681 5350 τὰ
698 5295 996 5367 τιμιώτερα
1025 5292 1133 5347 τῶν
1163 5293 1482 5365 κτημάτων,
1515 5292 1609 5346 καὶ
1637 5288 1804 5359 αὐτὴν

232 5386 346 5440 τῶν
377 5386 638 5456 βασιλέων
665 5388 958 5460 σωτηρίαν.
984 5388 1093 5441 Καὶ
1125 5387 1183 5441 οὐ
1211 5385 1539 5457 θαυμαστὸν,
1575 5385 1707 5438 ὅπου
1739 5399 1802 5451 γε

247 5479 521 5551 Ἀϐραὰμ,
554 5481 649 5534 καὶ
676 5480 880 5543 Ἰσαὰκ,
909 5481 1000 5533 καὶ
1037 5477 1230 5533 Ἰακὼϐ
1262 5478 1486 5550 χριστοί.
1514 5478 1604 5549 Μὴ
1633 5477 1801 5531 ἄπτε-

235 5573 362 5628 σθαι
392 5573 500 5646 γάρ
528 5591 660 5646 φησι
682 5573 786 5627 τῶν
812 5572 1049 5646 χριστῶν
1083 5590 1204 5645 μου.
1233 5571 1459 5640 Λέγεται
1484 5571 1543 5625 δὲ
1569 5571 1660 5624 καὶ
1692 5569 1802 5623 K6-

236 5680 332 5737 ρος
359 5668 389 5719 δ
422 5666 636 5739 Πέρσης
668 5666 904 5738 Χριστάςο
932 5664 1118 5728 Οὕτως
1155 5665 1262 5736 ἄρα
1292 5664 1386 5718 καὶ
1410 5663 1508 5734 τὴν
1539 5660 1634 5716 τοῦ
1660 5661 1799 5716 σπά-

231 5758 415 5821 ῦοντος
449 5761 478 5812 ὁ
526 5759 917 5831 ἀρχιμάγειρος
954 5757 1324 5830 προσηγορίαν
1377 5757 1501 5826 ἔσχε
1540 5755 1633 5809 καὶ⁸
1677 5755 1799 5808 τότε

557 5856 832 5916 ΡΑτιιοι..
874 5854 994 5915 Gn.
1063 5853 1280 5918 XVIII.

1616 5960 1674 5975 νο

1907 4547 1995 4617 qui
2030 4547 2085 4600 in
2118 4545 2326 4611 Exodo,
2362 4556 2410 4600 et
2444 4544 2614 4610 Isaia,
2652 4558 2699 4601 et
2739 4545 2971 4602 Ieremia
3010 4558 3060 4602 et
3097 4547 3389 4612 Ezechiele,
3424 4559 3504 4604 et'

1908 4639 1962 4692 in
1990 4636 2224 4694 Canticis
2257 4638 2448 4692 cantic.
2491 4639 2815 4702 nominatur,
2847 4656 2914 4691 an
2945 4639 3084 4692 alius
3111 4649 3265 4710 atque.
3299 4639 3474 4701 alius;

1908 4729 2110 4784 videtur
2142 4727 2270 4782 mihi
2300 4745 2401 4783 non
2433 4744 2544 4783 esse
2578 4744 2732 4783 unus.
2764 4728 2866 4784 Sed
2897 4729 3035 4798 apud
3073 4727 3353 4801 nggptios
3380 4729 3476 4784 hoc

1907 4819 2158 4876 vocabulo
2206 4820 2560 4876 demonstrari
2609 4823 2809 4892 regiam
2859 4822 3188 4893 dignitatem,
3238 4823 3377 4876 sicut
3423 4832 3475 4876 ct

1907 4915 2046 4983 apud
2075 4913 2338 4970 Romanos
2368 4915 2604 4971 Cazsares
2644 4927 2691 4971 et
2733 4916 2959 4987 Augusti
2999 4916 3333 4984 appellantur
3381 4933 3474 4970 eo-

1905 5024 2022 5061 rum
2051 5009 2389 5078 imperutores
2425 5025 2458 5063 a
2504 5009 2672 5077 primo
2721 5007 2852 5064 Caio
2901 5006 3133 5072 Ctesare.
3180 5021 3231 5063 et
3275 5026 3308 5064 a
3357 5011 3472 5082 ﬁlio

1905 5099 2018 5167 ejus
2050 5098 2289 5167 adoptivo
2321 5097 2631 5165 Octaviano,
2654 5100 2743 5168 qui
2771 5109 2953 5168 postea
2983 5101 3248 5169 Augustus
3278 5109 3356 5154 est
3384 5116 3474 5154 no-

1906 5192 2172 5255 minatus;
2198 5191 2634 5262 quemadmodum
2662 5194 2822 5247 etiam
2848 5192 2985 5260 apud
3009 5191 3172 5262 Syros
3203 5193 3470 5256 Antiochi.

1906 5282 2046 5352 apud
2082 5282 2309 5338 Parthos
2331 5284 2625 5348 Arsacidas.
2661 5283 2799 5354 apud
2835 5282 3150 5355 Philistyam
3179 5285 3470 5348 Abimelec.

1901 5385 1952 5430 et
1978 5385 2094 5444 post
2117 5374 2477 5429 Alexandrum
2507 5376 2562 5431 in
2589 5374 2823 5449 Egypto
2855 5393 2996 5447 reges
3018 5377 3328 5434 dicebantur
3353 5378 3476 5436 Pto-

1902 5469 2074 5524 lemwi
2101 5485 2262 5539 usque
2290 5468 2358 5521 ad
2385 5467 2743 5539 Cleopatram,
2773 5487 2877 5541 qua
2913 5471 3051 5525 uicta
3087 5470 3230 5542 apud
3262 5474 3473 5528 Actium

1903 5561 2171 5633 ﬁggptus
2211 5559 2451 5616 Romana
2477 5572 2554 5618 est
2583 5562 2727 5632 facta
2767 5565 3054 5634 provincia.
3084 5563 3223 5635 Ergo
3251 5566 3304 5619 in
3342 5581 3472 5634 pra-

1902 5657 2191 5715 sentiarum
2234 5655 2483 5710 adversus
2522 5672 2684 5711 unum
2728 5657 3005 5728 quemlibet
3041 5674 3212 5728 regem
3249 5652 3473 5732 Αἴαντιιί

1903 5765 2073 5806 sermo
2118 5747 2182 5819 ﬁt
2225 5746 2458 5805 Domini.
2493 5749 2888 5821 Appellationis
2916 5751 3080 5822 hujus
3127 5765 3353 5809 causam
3398 5752 3480 5812 its

3127 5847 3207 5908 33
