3968 6914
533 235 691 298 11035

1883 236 2124 291 LEONIS
2164 236 2436 292 ALLATll

3634 240 3776 297 Ιθῦὕ

548 352 814 424 expressit
833 349 1068 406 Joannes
1088 349 1484 418 Antiochenus,
1510 352 1566 404 in
1592 351 1956 420 Archa’ologia
1978 369 1995 405 :
2015 353 2114 404 Φα-
2141 364 2185 416 Α
2217 352 2383 406 fuisse
2413 350 2554 405 idem
2582 357 2886 420 peccatum:
2928 347 3048 403 lota
3079 351 3195 408 hac
3219 351 3452 407 historia
3471 350 3541 406 de
3571 354 3778 424 nuptiis

551 444 666 519 ραώ
712 461 854 507 τινος
897 441 1156 513 βασιλέως
1200 442 1474 511 Αἰγύπτου
1522 444 1748 508 πολλοὺς
1790 445 1896 498 τῶν
1943 461 2111 516 προσ-

545 539 707 595 οίκων
740 536 1272 606 καταγωνισαμένου,
1301 539 1394 590 καὶ
1421 537 1546 600 τοὺς
1571 537 1892 610 λῃστρικοὺς
1915 536 2112 608 ἄνδρας

549 629 1079 703 μεταρῤυθμίσαντος
1110 631 1246 698 πρὸς
1277 629 1337 683 τὸ
1367 629 1767 700 φιλάνθρωπον,
1800 630 1893 682 καὶ
1923 632 1969 682 oi
2000 629 2111 681 λοι-

547 724 636 776 ποι
663 721 897 792 βασιλεῖς
924 720 1198 789 Αἰγύπτου
1227 722 1308 782 εἰς
1337 719 1502 790 τιμὴν
1534 720 1743 774 ἐκείνου
1763 720 1962 792 Φαραὼ
1985 723 2112 774 ἐκα-

544 811 748 866 λοῦντο.
768 809 904 865 Vide
929 810 1056 864 item
1083 807 1380 878 Josephum
1405 809 1501 862 lib.
1528 824 1662 862 xvm
1695 810 2108 880 Antiquitatum,

543 905 635 975 qui
661 903 828 956 multa
855 902 922 956 de
950 901 1170 956 nomine
1195 899 1494 957 Pharaonis
1518 901 1819 965 adnotavit,
1859 903 2107 971 quamvis

544 993 864 1065 quibusdam
899 993 1190 1062 incompta,
1223 992 1486 1063 falsaque,
1511 1000 1565 1048 et
1590 993 1715 1062 jure
1741 995 1957 1055 merito,
1993 994 2106 1048 visa

545 1086 670 1140 sint.
719 1085 822 1139 Alii
853 1084 1106 1140 dixerunt
1135 1083 1450 1140 Pbaraones
1490 1084 1666 1139 dictos
1701 1085 1856 1153 quasi
1903 1084 2106 1139 Pharo-

544 1192 662 1242 nes,
712 1190 743 1229 a
790 1174 968 1229 Pharo
1015 1176 1191 1229 insula
1235 1191 1266 1230 e
1311 1175 1534 1246 regione
1587 1177 1928 1232 Alexandriae
1977 1178 2104 1232 olim

541 1267 843 1338 Carpathos
871 1268 1035 1332 dicta,
1061 1268 1154 1322 ubi
1177 1267 1422 1338 regnavit
1444 1267 1706 1335 Proteus;
1733 1270 1827 1326 sed
1853 1271 1968 1325 haec
1989 1271 2107 1342 Opi-

542 1363 632 1415 nio
661 1377 760 1416 sua
797 1361 1056 1416 inanitate
1086 1376 1184 1431 per
1217 1377 1277 1416 se
1307 1361 1438 1417 ruit.

608 1451 726 1510 Col.
744 1453 872 1513 768,
904 1453 1000 1507 lin.
1020 1452 1109 1506 45.
1141 1452 1407 1506 Γυναῖκα
1422 1453 1928 1524 drdyan.Tbamar
1941 1454 2102 1510 ﬁliam

543 1543 710 1599 fuisse
749 1543 1145 1599 Melchisedech
1196 1544 1494 1600 sacerdotis
1528 1548 1776 1601 nonnulli
1822 1550 2104 1604 existima-

2215 444 2454 498 Thamar
2505 453 2558 499 et
2609 445 2942 500 scortatione
2983 441 3135 497 Iuda:
3176 444 3388 512 prolixe
3436 451 3699 499 narratur
3724 448 3779 501 in

2214 528 2540 589 Testamento
2565 533 2631 587 12
2653 533 3104 602 patriarcharum,
3131 548 3252 604 cap.
3283 535 3337 588 5.

2279 644 2442 709 lbid.,
2487 645 2584 700 lin.
2634 646 2723 701 50.
2768 646 3039 716 Ἐξέχεεν
3081 645 3181 700 ἐπὶ
3235 646 3366 714 τῆς.
3412 649 3781 719 Augustinus,

2211 738 2304 793 lib.
2348 753 2461 792 xxii
2509 747 2696 793 contra
2728 737 3013 804 Faustum,
3049 755 3171 810 cap.
3202 739 3292 807 84,
3324 741 3568 810 pejorem
3613 742 3781 798 fuisse

2211 829 2338 896 ller,
2368 846 2530 901 quam
2577 830 2787 898 Onam;
2829 832 2982 886 illum
3016 829 3191 887 fuisse
3232 833 3558 902 malignum,
3593 841 3653 888 et
3684 849 3780 888 sa-

2211 938 2358 987 vum,
2382 933 2437 978 et
2454 937 2711 992 peccasse
2740 924 3022 992 nocendo;
3051 923 3197 978 hunc
3218 939 3496 994 peccasse,
3517 925 3780 994 prodesse

2208 1022 2262 1067 et
2301 1014 2496 1084 juvare
2524 1016 2778 1070 nolendo.
2827 1015 3047 1070 Pererio
3076 1017 3384 1086 Oppositum
3431 1016 3780 1086 probabilius

2208 1105 2439 1172 videtur,
2464 1121 2587 1161 cum
2616 1105 2896 1176 Scriptura
2925 1106 3032 1160 Her
3056 1108 3286 1177 appellet
3309 1123 3564 1176 nequam,
3602 1105 3779 1161 Onam

2207 1213 2334 1253 vero
2362 1198 2762 1263 detestandum,
2795 1199 2943 1271 quod
2971 1215 3084 1254 rem
3130 1199 3501 1255 detestabilem
3544 1200 3778 1265 faceret,

2205 1295 2351 1364 quod
2398 1295 2667 1365 gravioris
2706 1293 2958 1349 criminis
3010 1300 3140 1346 nota
3198 1301 3300 1347 est.
3346 1292 3548 1348 Deinde
3598 1292 3780 1347 Onam

2202 1386 2448 1455 exemplo
2477 1386 2780 1455 punitionis
2812 1385 3066 1440 fraterna:
3098 1384 3270 1438 noluit
3293 1384 3639 1452 resipiscere,
3671 1399 3778 1438 nec

2203 1477 2498 1534 deterritus
2527 1478 2814 1542 abstinuit,
2845 1477 2926 1532 vel
2963 1492 2992 1530 a
3025 1477 3212 1542 simili,
3246 1480 3329 1530 vel
3354 1490 3383 1528 a
3414 1477 3608 1546 majori
3641 1494 3777 1548 pec-

2203 1578 2343 1624 cato.
2377 1569 2639 1624 Przeterea
2675 1569 2782 1623 Her
2809 1569 3051 1639 peccavit
3077 1568 3383 1622 inordinata
3408 1569 3632 1625 libidine
3669 1571 3775 1624 de-

542 1645 687 1703 runt,
733 1636 877 1706 quod
922 1634 1088 1691 Judas
1136 1637 1191 1691 in
1226 1640 1559 1694 scortatione
1591 1640 2005 1713 deprehensam,
2045 1656 2095 1701 ut

2205 1661 2511 1716 lectationis
2549 1676 2810 1725 venereae,
2838 1658 3010 1714 Onam
3041 1660 3276 1730 maligna
3307 1660 3506 1715 invidia
3535 1661 3772 1716 fraterni

542 1729 766 1782 inferius
799 1727 1041 1782 comburi
1067 1728 1344 1795 jussisset,
1384 1746 1494 1784 non
1527 1731 1776 1800 lapidari.
1813 1731 1918 1789 Lex
1955 1739 2095 1792 enim

2563 1711 2810 1725 .-__-_---,
2851 1711 3010 1714 ---η
3044 1711 3128 1713 ψη
3158 1711 3220 1730 γυγ
3535 1711 3771 1716 --_---_-

2207 1751 2354 1818 boni,
2417 1768 2486 1807 ne
2551 1752 2946 1822 primogenitus
3001 1767 3134 1807 suus
3181 1752 3558 1822 assignaretur
3601 1753 3771 1808 fratri

539 1821 638 1875 fuit
676 1819 818 1892 apud
852 1819 1126 1884 Hebraeos,
1169 1837 1329 1891 quam
1365 1832 1552 1892 postea
1588 1821 1799 1895 Moyses
1825 1829 2096 1897 repetivit,

537 1920 595 1966 ut
642 1912 749 1968 filia
790 1913 1087 1968 sacerdotis
1127 1921 1362 1967 scortata
1409 1915 1838 1984 combureretur,
1889 1929 2099 1976 casterte

536 2005 926 2075 lapidarentur.
976 2005 1146 2060 Levit.
1197 2021 1269 2058 xx
1313 2014 1368 2061 et
1417 2023 1528 2060 xxi.
1579 2004 1682 2062 Sed
1732 2008 1799 2063 de
1865 2009 2100 2066 Thamar

533 2098 757 2168 ejusque
820 2105 1014 2169 gente,
1085 2098 1393 2153 conditione
1452 2108 1505 2153 et
1557 2099 1800 2156 moribus
1845 2111 2098 2160 accurate

533 2187 706 2256 Philo,
729 2191 824 2245 lib.
860 2189 933 2244 De
963 2189 1274 2244 nobilitate:
1306 2190 1522 2263 Ταύτην
1551 2192 1824 2260 εὐγένειαν
1846 2193 1906 2248 ού
1941 2195 2097 2266 μόνον

532 2281 793 2350 θεοφιλεῖς
821 2281 1030 2352 ἄνδρες,
1065 2281 1198 2336 ἀλλά
1230 2283 1325 2337 καὶ
1349 2285 1603 2352 γυναῖκες
1631 2283 1924 2356 ἐζήλωσαν,
1964 2288 2097 2340 ἀπο·-

535 2375 799 2446 μαθοῦσαι
850 2376 946 2445 μὲν
991 2374 1227 2445 ἀμαθίαν
1275 2373 1372 2445 τὴν
1421 2373 1714 2446 σύντροφον
1762 2377 1888 2446 περὶ
1933 2377 2095 2448 τιμῆς

529 2469 637 2523 τῶν
676 2469 1073 2542 χειροκμήτων,
1118 2465 1487 2532 παιδευθεῖσαι
1532 2466 1588 2520 δὲ
1639 2467 1766 2538 περὶ
1801 2468 2095 2539 μοναρχίας

529 2563 860 2634 ἐπιστήμην,
965 2561 1315 2631 μοναρχεῖται
1344 2561 1372 2612 ὁ
1406 2561 1630 2630 κόσμος.
1669 2559 1864 2632 Θάμαρ
1889 2555 1956 2631 ἦν
1987 2560 2094 2613 τῶν

527 2652 635 2706 ἀπὸ
663 2651 762 2722 τῆς
787 2649 1148 2720 Παλαιστίνης
1178 2648 1380 2720 Συρίας
1406 2649 1627 2718 γύναιον
1655 2649 1713 2702 ὲν
1736 2649 1912 2721 οἰκείᾳ
1943 2650 2092 2703 πόλει

525 2741 730 2814 τραφὲν
763 2738 1027 2809 πολυθέῳ,
1071 2738 1314 2809 γεμούσῃ
1351 2737 1576 2805 ξοάνων,
1616 2738 1711 2793 καὶ
1737 2740 2088 2818 ἀγαλμάτων,

525 2835 620 2890 καὶ
643 2834 874 2896 συνόλως
907 2829 1314 2903 ἀφιδρυμάτων.
1356 2831 1494 2884 Ἀλλ’
1529 2831 1713 2903 ἐπειδὴ
1741 2831 1991 2902 καθάπερ
2028 2832 2090 2885 ἐκ

527 2926 749 2990 σκότους
803 2923 992 2995 βαθέος
1041 2921 1272 2994 ἐδυνήθη
1317 2919 1574 2993 βραχεῖαν
1619 2922 1790 2994 αὐγὴν
1835 2923 2089 2993 ἀληθείας

519 3019 714 3090 ,ἐνιδεῖν
747 3016 959 3087 θανάτῳ
998 3016 1264 3081 κινδύνου,
1284 3015 1441 3109 ῌπρδς
1469 3015 1760 3109 εὐσέϐειαν
1779 3017 2090 3109 ηὐτομόλη-
2114 3051 2156 3109 C

523 3127 634 3173 σεν,
672 3109 826 3177 ὀλίγα
855 3107 1188 3180 φροντίσασα
1217 3105 1312 3160 τοῦ
1341 3106 1460 3177 ζῇν,
1501 3109 1550 3160 εί
1590 3108 1665 3179 μὴ
1699 3107 1876 3180 μέλλοι
1909 3109 2084 3174 καλῶς

521 3203 639 3275 ζῇν.
677 3202 750 3254 Τὸ
788 3201 844 3255 δὲ
888 3200 1066 3264 καλῶς
1098 3199 1358 3271 ἀνέφερεν
1391 3199 1477 3251 ἐπ’
1517 3199 1668 3253 οὐδὲν
1707 3201 1952 3272 ἕτερονῆ
1992 3203 2083 3256 ἐπὶ

517 3295 616 3365 τὴν
657 3291 950 3364 θεραπείαν
988 3291 1079 3344 καὶ
1119 3289 1326 3344 ἱκεσίαν
1363 3287 1456 3341 τοῦ
1495 3289 1613 3353 ἑνὸς
1659 3289 1855 3344 αἰτίου.
1890 3291 2081 3345 Καίτοι

517 3385 666 3440 δυσὶν
693 3383 939 3453 ἀδελφοῖς
967 3381 1294 3454 ἀμφοτέροις
1333 3384 1587 3453 πονηροῖς
1613 3384 1671 3435 ὲν
1709 3383 1861 3454 μέρει
1898 3401 2080 3454 γημα-

521 3475 675 3546 μένη,
711 3473 962 3546 κουριδίῳ
996 3473 1094 3544 μὲν
1127 3471 1201 3542 τῷ
1238 3471 1506 3543 προτέρῳ,
1534 3471 1611 3542 τῷ
1639 3472 1682 3525 δ’
1723 3472 1947 3546 ὕστερον
1987 3477 2079 3529 καὶ

517 3567 690 3637 ἔχοντι
731 3565 1070 3628 ὲπιδικασίας
1107 3564 1275 3636 νόμῳ,
1323 3565 1515 3634 γενεὰν
1553 3564 1645 3618 τοῦ
1693 3567 1956 3638 προτέρου
2003 3568 2076 3639 μὴ

514 3654 920 3722 καταλιπόντος,
965 3655 1078 3710 ἀλλ’
1127 3657 1294 3726 ὅμως,
1336 3655 1664 3726 ἀκηλίδωτον
1709 3656 2076 3726 διαφυλάξασα

512 3750 604 3804 τὸν
637 3749 833 3820 ἑαυτῆς
868 3748 1000 3816 βίον,
1034 3749 1218 3818 ἴσχυσε
1261 3749 1354 3801 καὶ
1385 3748 1766 3821 προσηκούσης
1797 3752 1908 3812 τοῖς
1942 3752 2076 3817 ἀγα-

513 3841 624 3904 θοῖς
646 3841 920 3912 εὐφημίας
950 3839 1240 3910 ἐπιλαχεῖν,
1269 3840 1496 3902 καὶτοῖς
1530 3839 1644 3909 μεθ’
1673 3839 1841 3910 αὐτὴν
1874 3840 2073 3894 ἅπασιν

512 3932 786 4003 εὐγενείας
812 3933 952 4004 ἀρχὴ
980 3930 1245 4001 γενέσθαι.
1286 3930 1424 3984 Ἀλλ’
1455 3930 1590 4000 αὓτη
1617 3931 1712 4002 μὲν
1733 3934 1779 3985 εί
1810 3932 1901 3985 καὶ
1930 3932 2074 3986 άλλό·

2267 1973 2384 2028 Col.
2415 1973 2541 2036 769,
2579 1973 2675 2027 lin.
2722 1973 2807 2027 12.
2851 1973 2944 2040 Ὠς
2985 1975 3038 2027 δ’
3077 1977 3464 2045 ἀποστείλας.
3511 1979 3773 2034 Historia:

2197 2067 2358 2136 hujus
2390 2067 2781 2138 perelegantcm
2827 2069 3142 2138 allegoriam
3181 2071 3348 2126 babes
3389 2074 3533 2143 apud
3579 2072 3770 2126 Philo-

2197 2175 2340 2223 nem,
2381 2159 2477 2214 lib.
2512 2159 2648 2226 Περὶ
2676 2159 2976 2229 φυγάδων,
3008 2177 3168 2231 quem
3193 2163 3334 2218 vide.

2263 2267 2420 2332 lbid.,
2449 2269 2546 2323 lin.
2585 2268 2673 2324 '55.
2727 2269 2840 2339 Τῆς
2883 2269 3184 2342 ἀκρᾶν-του
3213 2278 3460 2345 Μαρίας.
3502 2277 3768 2336 Insulsis-

2195 2362 2316 2416 simi
2374 2361 2740 2418 Mahumetani
2795 2363 3018 2419 Mariam
3071 2369 3492 2438 sanctissimam,
3541 2383 3595 2428 et
3637 2391 3766 2444 quae

2193 2455 2468 2509 Christum
2513 2455 2678 2511 Deum
2719 2459 2946 2526 peperit,
2988 2475 3228 2514 sororem
3263 2461 3462 2535 Moysis
3507 2474 3560 2520 et
3595 2467 3772 2523 Aaro-

2195 2547 2280 2600 nis
2307 2545 2531 2600 faciunt.
2563 2545 2906 2618 Euthymius,
2944 2549 2998 2603 in
3033 2546 3287 2619 Panoplia
3312 2570 3330 2607 :
3362 2555 3471 2608 Καὶ
3504 2558 3641 2610 ὅτιὸ
3665 2559 3770 2612 Λό-

2193 2657 2288 2708 γος
2317 2640 2408 2694 τοῦ
2457 2638 2611 2706 Θεοῦ,
2648 2640 2739 2694 καὶ
2777 2637 2839 2694 τὸ
2881 2643 3103 2714 Πνεῦμα
3144 2645 3326 2710 αὑτοῦ,
3373 2649 3569 2703 κτιστά
3608 2649 3765 2714 ὄντα,

2191 2731 2441 2803 εἰσῆλθεν
2473 2734 2553 2797 είς
2584 2733 2799 2805 Μαρίαν
2829 2732 2926 2805 τὴν
2971 2735 3201 2808 ἀδελφὴν
3241 2739 3482 2804 Μωσέως
3519 2743 3610 2794 καὶ
3631 2743 3765 2795 Ἀα-

2195 2821 2322 2895 ρὼν,
2373 2823 2467 2876 καὶ
2518 2823 2808 2895 ἐγέννησεν
2849 2823 2986 2896 αὕτη
3036 2825 3158 2896 δίχα
3205 2829 3517 2900 σπέρματος
3547 2831 3761 2903 Ἰησοῦν

2191 2916 2284 2968 τὸν
2334 2916 2587 2986 Χριστὸν,
2636 2919 2939 2989 προφήτην,
2994 2918 3088 2971 καὶ
3137 2919 3317 2975 δοῦλον
3366 2926 3630 2992 γεγονότα
3667 2926 3761 2980 τοῦ

2192 3005 2347 3059 Θεοῦ.
2404 3005 2470 3060 Et
2511 3007 2566 3061 in
2615 3007 2804 3063 ordine
2845 3010 2934 3078 qui
2988 3018 3234 3066 servatur
3275 3028 3439 3084 super
3485 3017 3562 3072 iis.
3592 3019 3688 3088 qui
3729 3037 3760 3073 a

2191 3095 2478 3153 Saracenis
2515 3099 2584 3154 ad
2621 3099 3056 3155 Christianorum
3091 3102 3248 3158 fidem
3294 3121 3352 3160 se
3387 3120 3757 3168 convertunt:

2203 3189 2604 3261 Ἀναθεματίζω
2628 3191 2723 3262 τὴν
2752 3190 2846 3245 τοῦ
2880 3193 3124 3264 Μωάμεδ
3149 3195 3413 3268 φλυαρίαν
3439 3200 3541 3271 τὴν
3572 3199 3763 3268 λέγου-

2188 3299 2301 3346 σαν,
2332 3283 2412 3335 ὃτι
2444 3283 2471 3334 ὁ
2518 3282 2720 3353 Κύριος
2769 3283 2862 3337 καὶ
2903 3284 3035 3347 Θεὸς
3077 3286 3278 3355 Ἰησοῦς
3317 3291 3346 3342 ὁ
3376 3289 3613 3362 Χριστὸς
3650 3295 3760 3348 ἀπὸ

2185 3369 2401 3441 Μαρίας
2424 3371 2522 3442 τῆς
2566 3372 2798 3443 ἀδελφῆς
2830 3371 2924 3425 τοῦ
2965 3375 3208 3440 Μωσέως
3237 3378 3332 3430 καὶ⁹
3371 3379 3580 3450 Ἀαρὼν
3607 3383 3760 3449 ἐγενο

2185 3462 2318 3532 νήθη
2345 3460 2472 3515 ἄνευ
2507 3465 2713 3534 σπορᾶς
2752 3465 2816 3515 ὲκ
2852 3462 2946 3516 τοῦ
2992 3466 3164 3533 Λόγου
3208 3466 3301 3520 τοῦ
3346 3467 3483 3522 Θεοῦ
3535 3474 3628 3525 καὶ
3660 3471 3754 3528 τοῦ

2183 3552 2516 3623 Πνεύματος.
2567 3555 2702 3630 Quis
2756 3555 2894 3610 hanc
2958 3559 3340 3631 ἁνιστορησίαν
3394 3567 3745 3630 somniasset,

2183 3642 2287 3698 nisi
2333 3641 2620 3708 Moameth,
2650 3655 2701 3701 et
2730 3655 2882 3716 pater
2923 3648 3040 3717 ejus
3069 3649 3354 3706 diabolus?
3386 3652 3638 3723 Spatium
3663 3660 3746 3712 bis

2181 3734 2327 3788 mille
2364 3749 2631 3790 annorum
2668 3737 2810 3792 inter
2858 3738 3079 3793 Mariam
3126 3756 3370 3797 sororem
3419 3745 3647 3817 Moysis,
3694 3759 3750 3805 et

2181 3823 2400 3882 Mariam
2431 3843 2551 3896 qua:
2576 3828 2855 3884 ChriStum
2887 3831 3112 3902 peperit,
3153 3833 3479 3891 intercessit.
3511 3839 3625 3896 Nec
3650 3845 3754 3896 mi-

2180 3917 2281 3973 n’us
2312 3919 2790 3988 reprehendendus
2819 3933 2902 3976 est
2935 3922 3248 3982 Fridericus
3282 3925 3626 4001 Sylburgius,
3654 3936 3750 4003 qui

2177 4011 2320 4064 notis
2349 4011 2402 4064 in
2435 4010 2782 4076 Saraceniea,
2817 4015 2884 4069 de
2919 4015 3236 4073 adoratione
3274 4020 3564 4091 imaginum
3598 4027 3748 4082 male

511 4025 695 4094 φυλος,
722 4025 834 4079 ἀλλ’
871 4020 964 4078 οὖν
996 4042 1057 4094 γε
1084 4023 1339 4098 ἐλευθέρα
1375 4026 1467 4078 καὶ
1499 4026 1557 4092 ἐξ
1591 4024 1884 4100 ἐλευθέρων
1919 4024 2068 4088 ἴσως,

510 4117 605 4170 καὶ
631 4118 731 4170 οὐκ
763 4118 1010 4189 ἀσήμων.

2205 4102 2416 4158 entiens
2444 4115 2602 4172 negat
2625 4105 2995 4161 adorationem
3019 4107 3200 4164 deberi
3225 4111 3391 4165 beata:
3418 4112 3597 4168 Maria-
3625 4116 3745 4172 vir.

579 4208 716 4264 Ibid.
752 4209 860 4262 Καὶ
895 4208 992 4262 διὰ
1024 4209 1332 4278 πονηρίαν.
1367 4210 1497 4275 Qua,
1529 4209 1692 4265 fuerit
1725 4212 1839 4266 haec
1867 4213 2067 4266 malum
2175 4192 2307 4262 gini,
2335 4193 2495 4262 idque
2525 4195 2661 4248 locis
2700 4195 3027 4264 quibusdam
3059 4203 3233 4254 sancti
3271 4201 3544 4273 Epiphanit
3586 4209 3741 4263 male

509 4301 592 4355 νει
645 4301 905 4370 iniquitas
942 4297 1068 4364 Her,
1100 4317 1273 4370 neque
1312 4299 1595 4369 Scriptura
1644 4303 1932 4372 expressit,
1969 4319 2068 4358 nec
2175 4286 2242 4340 ab
2265 4286 2384 4355 ipso
2416 4287 2721 4342 intellectis.
2748 4285 2796 4342 ls
2827 4289 2968 4343 enim
2993 4291 3069 4344 uti
3098 4291 3422 4347 Calviniana:
3451 4307 3613 4351 secta
3639 4299 3742 4352 atl-

507 4400 715 4447 cenum
765 4392 967 4463 aliquid
1015 4393 1178 4448 smmi
1221 4400 1400 4462 ροιθδι
1437 4393 1508 4446 οι)
1558 4394 1734 4450 νει-ξας
1783 4403 2065 4448 auctorum
2101 4411 2145 4467 υ
2175 4378 2350 4433 dictus
2379 4379 2609 4447 sparsim
2639 4379 2691 4432 in
2724 4379 2828 4434 illis
2864 4381 3009 4435 notis
3055 4383 3284 4439 latenter
3308 4395 3363 4440 et
3391 4387 3622 4445 subdole
3649 4407 3743 4446 ve-

505 4488 822 4542 sententias.
861 4487 1221 4557 Augustinus,
1254 4486 1346 4540 lib.
1393 4503 1508 4540 xxii
1553 4497 1737 4541 contra
1785 4486 2067 4552 Faustum,
2173 4487 2372 4525 ηθηυῐη
2404 4471 2652 4535 “Tum”,
2701 4473 2844 4526 είουί
2887 4483 2938 4527 οι
2975 4478 3228 4545 superius
3275 4477 3342 4532 de
3388 4492 3742 4538 sacramento

505 4593 625 4648 cap.
667 4578 756 4641 84,
794 4579 1084 4648 signiticat,
1121 4590 1402 4649 peccatum
1432 4579 1549 4648 ejus
1581 4579 1751 4636 fuisse
1783 4581 2069 4637 crudelita-

2202 4564 2522 4620 chharistite
2563 4574 2743 4636 egerat
2789 4575 2842 4620 et
2884 4566 2938 4620 in
2982 4567 3100 4636 ipso
3142 4568 3344 4624 lumine
3373 4575 3657 4638 caecutire,
3687 4586 3740 4632 et

505 4673 576 4726 tis
604 4678 658 4725 et
709 4671 950 4727 satvitiaa.
1000 4673 1107 4725 Alii
1141 4674 1544 4742 eonjcctarunt,
1580 4673 1752 4730 fuisse
1784 4666 2064 4744 peccatum
2170 4655 2346 4726 Palam
2395 4657 2663 4711 mendacii
2693 4673 2852 4728 Posse
2907 4659 3156 4714 εοηνίηοῖ
3211 4677 3318 4716 ηοῐὶ
3371 4675 3633 4732 veretur:
3685 4679 3737 4723 at

503 4769 693 4816 contra
727 4771 1000 4828 naturam,
1047 4766 1191 4835 quod
1235 4766 1573 4831 admittebat,
1622 4767 1852 4822 abutens
1900 4781 2068 4821 uxore

2208 4766 2296 4804 um
2324 4765 2530 4804 venena
2554 4760 2792 4821 spargat,
2821 4768 2941 4822 qua:
2973 4753 3233 4813 inliciant.
3260 4771 3451 4826 parum
3483 4759 3556 4812 illi
3589 4777 3736 4816 cura:

501 4865 650 4907 eum
683 4870 778 4909 vas
813 4857 1094 4912 muliebre.
1142 4856 1492 4914 Hebraeorum
1536 4859 1755 4914 ιηάίιίο
1783 4867 1888 4924 εει,
1922 4859 2066 4914 Tha-
2167 4850 2270 4905 est,
2303 4843 2346 4896 si
2375 4859 2528 4897 suam
2562 4845 2616 4897 in
2658 4843 3018 4915 scriptoribus
3062 4846 3424 4917 intelligendis
3458 4850 3729 4906 inscitiam

502 4961 619 4999 mar
655 4946 824 5003 fuisse
853 4948 1274 5018 pulcherrimam
1300 4952 1575 5018 feminam,
1601 4967 1828 5023 eamque
1856 4953 2065 5023 perdite

2203 4933 2475 4990 atefaciat.
2508 4932 2637 4989 Vide
2666 4935 2842 5004 ipsum
2880 4952 2936 5007 p.
2971 4936 3072 4990 156
3108 4945 3161 4992 et
3191 4938 3312 4992 158.
3355 4938 3510 5005 Quod
3537 4942 3582 4996 si
3616 4959 3728 4998 non

501 5037 806 5094 adamatam
851 5055 972 5096 esse
1023 5040 1089 5095 ab
1135 5041 1263 5097 Her.
1312 5042 1416 5109 Qui
1459 5059 1567 5114 quo
1605 5043 1810 5100 diutius
1858 5045 2061 5099 illibata
2163 5034 2246 5080 est
2273 5025 2559 5088 invertere,
2590 5033 3035 5096 transversosque
3060 5042 3216 5098 agere
3240 5026 3432 5084 Patres
3459 5040 3728 5086 eteorum

502 5131 621 5200 eius
659 5133 1060 5203 pulchritudine
1102 5135 1206 5190 frui
1239 5146 1444 5207 posset,
1474 5138 1653 5193 sciens
1686 5154 1783 5208 per
1819 5139 2064 5209 gravida,
2164 5119 2482 5181 sententias,
2515 5116 2645 5186 quid
2683 5118 2824 5172 erit?
2857 5116 2981 5172 Πεεο
3021 5119 3142 5175 ideo
3177 5121 3433 5176 adnotavi
3469 5132 3524 5178 ut
3571 5133 3728 5179 notas

503 5226 678 5282 tiones
709 5235 762 5283 et
802 5235 989 5298 partus
1029 5227 1384 5285 deflorescere
1410 5230 1681 5294 decorem,
1708 5239 1762 5286 et
1804 5240 2060 5286 venusta-
2163 5210 2282 5264 “'35
2314 5216 2471 5264 came
2500 5209 2671 5264 ¹θ⁰¹⁰τ
2699 5218 3002 5280 Perenna“

500 5325 606 5372 tem
658 5320 1006 5394 muliebrem,
1053 5321 1107 5376 in
1155 5321 1555 5392 congrediendo
1609 5338 1732 5378 cum
1783 5322 2055 5390 Thamar,

2230 5318 2364 5374 Ibid.
2410 5318 2523 5389 Τῆς
2558 5319 2880 5390 ἀχράντου.
2921 5321 3051 5388 Quae
3089 5333 3203 5379 tota
3234 5327 3462 5396 pulchra
3495 5337 3602 5396 est,
3625 5345 3724 5385 nec

493 5409 802 5468 effundebat
829 5429 1014 5469 semen
1039 5424 1192 5470 extra
1218 5430 1312 5471 vas
1348 5417 1513 5482 illius,
1542 5432 1610 5471 ne
1637 5417 1906 5486 gravitlari
1934 5433 2058 5487 pos—
2159 5414 2321 5467 ullam
2348 5413 2582 5468 admittit
2614 5415 2835 5470 omnino
2864 5418 3149 5472 maculam.
3179 5418 3235 5472 ln
3258 5435 3376 5474 eam
3409 5420 3644 5477 humiles
3669 5431 3722 5475 et

495 5507 595 5554 set.
630 5498 780 5576 Hanc
806 5512 1029 5559 secutus
1052 5515 1135 5561 est
1163 5505 1476 5576 Cajetanus,
1504 5523 1603 5562 nec
1645 5507 1856 5562 videtur
1894 5511 1961 5563 ab
1992 5525 2054 5563 ea
2157 5506 2356 5571 devoti,
2389 5507 2503 5561 haec
2531 5508 2780 5578 quamvis
2812 5508 3104 5581 incompta,
3134 5510 3326 5566 all'ectu
3357 5523 3539 5568 tamen
3566 5514 3724 5584 plena

493 5589 842 5649 abhorruisse
858 5592 1094 5651 Joannes
1115 5596 1436 5663 Cassianus,
1457 5598 2050 5670 collatione8,cap.ll,
2155 5600 2472 5656 cecinimus.
2514 5600 2645 5666 Qua:
2673 5601 2793 5666 tibi,
2819 5603 3011 5670 lector,
3049 5603 3425 5678 φιλοπαρθένῳ
3478 5622 3593 5662 non
3634 5605 3698 5664 in

484 5682 554 5762 de
579 5692 804 5754 peccato
829 5686 1003 5745 Onam
1027 5689 1189 5745 verba
1221 5689 1447 5760 faciens,
1482 5691 1772 5749 verisimile
1799 5692 1942 5747 enim
1967 5701 2050 5748 est
2155 5703 2303 5766 grata
2337 5694 2450 5751 fore
2482 5694 2873 5753 existimamus.
