3968 6914
545 262 684 319 I039

1869 265 2114 324 LEONIS
2152 266 2424 323 ALLATII

3640 275 3786 332 ιοιο

547 381 772 437 Mariam
817 381 993 451 stupri
1038 389 1092 436 et
1130 381 1399 454 sacrilegii
1434 390 1722 438 accusatos
1773 399 1841 438 ex
1890 386 2090 440 decreti

2212 403 2320 457 ρων
2370 383 2640 439 ἐκώλυσεν
2694 387 3037 458 ἐντυγχάνειν
3093 390 3276 454 αὐτοῖς
3320 390 3511 463 ὥσπερ
3551 394 3618 464 τῇ
3663 392 3788 466 θείᾳ

544 478 884 533 sacerdotum
914 476 1078 532 simul
1116 477 1286 534 fuisse
1315 478 1536 536 adactos
1576 478 1645 534 ad
1675 477 1970 534 bibendum
2013 493 2112 548 po-

542 573 723 625 culum
752 568 1152 636 redargutionis
1176 586 1286 642 quo
1311 570 1524 643 Moyses
1545 569 1815 641 erplorari
1841 570 2007 640 jussit
2038 570 2114 624 in-

541 664 850 718 nocentiam
891 662 1104 719 feminae
1131 664 1197 720 de
1230 665 1500 720 adulterio
1550 670 1836 736 suspectae.
1874 663 2111 734 Epipha-

540 757 664 811 nius
703 755 1005 810 monachus
1045 763 1099 809 et
1151 757 1434 828 presbyter
1466 757 1648 811 libello
1691 755 1758 810 de
1800 756 1909 810 vita
1941 755 2110 810 beatae

540 849 721 907 Maria
751 849 977 920 virginis
1001 848 1262 904 Iacobum
1289 849 1435 902 hunc
1467 849 1600 903 dicit
1643 847 1811 904 fuisse
1837 845 2104 908 Judaeum,

535 951 590 998 et
615 944 802 998 iisdem
828 957 950 996 cum
974 940 1196 1011 Virgine
1221 941 1557 1010 temporibus
1586 940 1787 995 vixisse
1813 959 1828 994 ι
1860 940 1933 994 ita
1962 939 2106 994 enim

535 1037 602 1092 de
632 1051 698 1091 eo
727 1036 1076 1106 pronuntiat:
1113 1033 1270 1086 Ἀλλὰ
1302 1034 1395 1086 καὶ
1427 1035 1476 1086 οί
1524 1032 1965 1104 ἐπιχειρήσαντες
2012 1031 2103 1085 καὶ

536 1127 676 1199 μέρη
731 1126 852 1180 τινὰ
891 1125 1134 1188 εἰπόντες
1173 1125 1274 1178 οὐκ
1298 1123 1771 1194 ’ὀρθοτομήσαντες
1815 1123 1951 1192 ἀμφ’
1977 1123 2103 1175 έαυυ

530 1224 642 1284 τοῖς
669 1218 922 1290 γεγόνασι
949 1217 1264 1288 κατήγοροι,
1291 1209 1668 1278 οἷοιἸὰκωϐος
1709 1213 1976 1285 Ἑϐραῖος,
2013 1214 2105 1267 καὶ

544 1310 946 1383 Ἀφροδισιανὸς
992 1309 1227 1380 Πέρσης,
1275 1308 1370 1361 καὶ
1406 1305 1554 1362 ἄλλοι
1575 1305 1740 1369 τινὲς,
1775 1305 1934 1377 μόνον
1978 1306 2104 1378 περὶ

527 1402 627 1472 τῆς
663 1401 927 1470 γενέσεως
963 1399 1136 1468 αὐτῆς
1180 1398 1458 1462 εἰπόντες,
1509 1397 1711 1460 εὐθέως
1770 1396 2100 1468 ἐσιώπησαν.

529 1493 664 1564 Περὶ
690 1492 746 1545 δὲ
784 1491 883 1560 τῆς
917 1490 1222 1561 κοιμήσεως
1266 1490 1436 1559 αὐτῆς
1477 1487 1725 1560 Ἰωάννης
1761 1489 1790 1541 6
1829 1488 2102 1542 Θεσσαλο-

527 1586 742 1648 νικεὺς,
794 1581 1219 1652 πολυθρύλλητον
1270 1580 1634 1652 ποιησάμενος
1679 1579 1834 1648 λόγον
1867 1619 1882 1644 ,
1943 1578 2103 1641 αὐτὸς

526 1676 716 1730 ἑαυτὸν
764 1673 1076 1728 ὲπεσκίασε.
1115 1674 1224 1726 Καὶ
1276 1673 1461 1745 ἕτερος
1505 1672 1560 1725 δὲ
1619 1671 1898 1742 Ἰωάννης,
1941 1671 2101 1724 αὑτὸν

2213 476 2370 550 λοιπῇ
2408 477 2620 550 Γραφῇ.
2655 479 2766 532 Καὶ
2785 481 2948 552 Δήμεῖς
2978 480 3077 545 τὰς
3108 482 3540 554 περιγραφείσης
3563 484 3789 555 χρήσεις

2211 572 2349 644 ὑπὲρ
2376 571 2470 626 τοῦ
2512 573 2680 640 δεῖξαι
2713 573 2872 644 μόνον
2903 572 3000 643 τὴν
3030 573 3139 628 τῶν
3171 575 3491 648 ὲγρηγόρων
3533 576 3789 646 παράϐαο

2212 679 2314 727 σιν,
2346 663 2438 717 καὶ
2465 663 2564 735 τήν
2608 663 2715 718 τῶν
2744 666 3015 734 γιγάντων
3061 666 3336 735 ἀσέϐειαν,
3381 669 3511 740 περὶ
3537 664 3604 742 ἧς
3643 669 3738 722 καὶ
3760 670 3788 719 6

2210 757 2350 820 θεῖος
2376 758 2614 830 Μωῦσῆς
2647 759 2936 830 μέμνηται,
2967 759 3060 812 καί
3087 759 3167 812 ὅτι
3199 757 3266 811 δι’
3299 759 3495 822 αὐτοὺς
3521 761 3550 812 6
3592 775 3783 828 κοσμι-

2209 847 2301 912 κὺς
2341 849 2530 918 γέγονε
2572 850 2951 921 κατακλυσμὸς
2996 850 3362 922 παρεθέμεθα.
3415 851 3563 906 Bene
3600 851 3783 921 itaque

2209 947 2387 992 actum
2435 953 2558 992 cum
2609 939 2713 993 hoc
2743 948 2989 1002 auctore,
3018 955 3140 994 cum
3176 937 3495 995 Eustathius
3533 941 3779 1005 omissis,

2206 1038 2260 1086 et
2288 1031 2624 1086 detruncatis
2657 1032 2746 1095 iis,
2775 1047 2896 1102 quae
2930 1031 3114 1087 fucum
3145 1031 3323 1089 facere
3354 1045 3601 1102 possent,
3629 1034 3780 1090 utilia

2207 1130 2417 1177 tantum
2450 1123 2724 1194 decerpsit
2765 1125 2961 1180 devoto
3008 1125 3219 1187 lectori,
3263 1123 3621 1197 Virginisque
3661 1135 3779 1182 stu-

2208 1213 2363 1269 dioso
2393 1231 2502 1271 non
2531 1216 2904 1284 incommoda;
2933 1218 3065 1288 quin
3105 1219 3240 1271 tanti
3267 1217 3442 1272 Patris
3470 1221 3781 1276 auctoritas

2208 1305 2420 1373 pondus
2474 1306 2574 1370 illi,
2610 1315 2665 1362 et
2696 1310 3078 1363 auctoritatem
3123 1308 3294 1371 addit,
3330 1311 3607 1380 praecipue
3650 1326 3780 1367 cum

2205 1396 2342 1450 nihil
2374 1398 2445 1452 sit
2476 1414 2542 1453 ex
2589 1399 2677 1463 iis,
2713 1415 2834 1470 quae
2869 1401 2957 1454 hic
3003 1398 3334 1465 referuntur,
3367 1402 3513 1470 quod
3545 1403 3635 1458 vel
3669 1401 3777 1458 Ec-

2203 1487 2382 1543 clesiae
2413 1490 2495 1545 vel
2520 1491 2636 1560 ejus
2677 1493 2993 1546 auctoritati
3023 1495 3356 1547 contrarium
3408 1496 3502 1557 sit,
3545 1495 3662 1549 imo
3693 1505 3778 1552 te-

2205 1581 2477 1636 stimoniis
2522 1583 2790 1654 dictisque
2837 1586 3068 1639 aliorum
3115 1585 3339 1641 Patrum
3387 1596 3444 1642 et
3471 1588 3775 1646 historico-

2203 1687 2323 1726 rum
2346 1673 2528 1727 omnia
2579 1675 2686 1729 sint
2733 1685 3117 1730 consentanea.
3176 1674 3361 1746 quue
3421 1678 3682 1735 libentius
3717 1680 3778 1735 in

526 1769 770 1837 θεολόγον
799 1765 1133 1838 ὲπιχρώσας,
1165 1765 1287 1844 τότε
1316 1764 1544 1834 ψεύδους
1585 1763 1834 1834 ἔγκλημα
1864 1763 1948 1832 ἐφ’
1977 1765 2090 1816 ἐαυ-

2200 1761 2339 1817 hanc
2369 1764 2538 1818 ducor
2571 1768 2916 1830 sententiam,
2951 1781 3073 1820 cum
3106 1765 3315 1820 videam
3350 1782 3460 1821 non
3497 1767 3716 1823 laudari
3745 1785 3775 1823 a

522 1862 612 1916 τὸν
664 1860 1030 1914 ἐπεσπάσατο.
1097 1857 1349 1928 Ἀνδρέας
1397 1857 1453 1909 δὲ
1495 1859 1523 1909 6
1569 1856 1628 1920 ἐξ
1682 1855 2095 1927 Ἰεροσολύμων,

523 1955 820 2017 ἐπίσκοπος
854 1954 1099 2026 Κρήτης,
1145 1951 1301 2019 ὀλίγα
1344 1949 1465 2003 τινὰ
1509 1947 1696 2010 εἰπὼν,
1748 1949 1841 2000 καὶ
1885 1947 2134 2019 ὀρθοτο-·

527 2048 706 2119 μήσας
733 2046 812 2108 εἰς
850 2044 1126 2116 ἐγκωμίου
1145 2040 1299 2106 τάξιν
1318 2041 1415 2112 τὴν
1447 2041 1696 2111 διήγησιν
1731 2038 1974 2108 ἔστησεν.
2009 2036 2094 2103 Et,

521 2139 800 2194 nonnullis
827 2135 1123 2206 interiectis
1156 2153 1172 2190 :
1200 2133 1509 2196 Ἀθανάσιος
1535 2134 1589 2187 δὲ
1614 2136 1640 2188 6
1675 2132 2092 2204 Ἀλεξανδρείας,

522 2233 617 2286 καὶ
640 2231 790 2285 Λέων
815 2232 843 2284 6
891 2228 1130 2300 Ῥώμης,
1165 2227 1407 2290 εἰπόντες
1433 2227 1560 2298 περὶ
1581 2227 1768 2296 αὐτῆς,
1800 2227 1884 2279 ὅτι
1907 2224 2095 2277 ἐπιθυ-

524 2323 652 2394 μίαν
703 2321 894 2392 ἀνδρὸς
936 2320 1193 2392 ἠγνόησε,
1221 2318 1316 2374 καὶ
1365 2319 1420 2371 αἱ
1479 2318 1630 2386 ἆγιαι
1677 2317 1846 2368 πᾶσαι
1892 2313 2095 2367 σύνοδοι

518 2415 786 2490 ὀρθόδοξοι
838 2413 899 2466 τὸ
949 2412 1080 2467 αὐτὸ
1116 2410 1599 2483 ὲπιμαρτυροῦσιν.
1656 2403 1778 2463 Οἷον
1843 2406 2094 2472 Ἰάκωϐος

532 2512 798 2583 Ἐϐραῖος,
833 2509 952 2561 τότε
990 2505 1203 2576 παρὼν,
1237 2507 1331 2558 καὶ
1385 2503 1457 2557 τά
1497 2503 1623 2574 περὶ
1665 2503 1830 2574 αὐτὴν
1859 2500 2092 2573 γράψας,

518 2603 688 2670 λέγει,
719 2601 820 2664 ὅτι,
856 2599 942 2652 διά
965 2597 1026 2650 τὸ
1067 2595 1318 2666 γενέσθαι
1345 2595 1496 2662 ξένον
1525 2595 1616 2647 καὶ
1641 2593 2094 2666 παρηλλαγμένον

519 2694 662 2750 κατὰ
712 2693 889 2747 πάντα
936 2690 1028 2744 τὸν
1083 2688 1336 2751 τοκετὸν,
1388 2687 1788 2759 ψηλαφισθεῖσα
1849 2685 1953 2739 ὑπὸ
1996 2684 2095 2754 τῆς

522 2788 708 2860 μαίας,
758 2783 954 2856 εὑρέθη
1001 2782 1288 2854 παρθένος,
1341 2780 1415 2843 ὡς
1462 2779 1569 2850 πρὸ
1618 2777 1711 2830 τοῦ
1758 2778 1952 2831 τόκου·
2001 2775 2093 2831 καὶ

529 2877 739 2934 Ῥουϐὶν
767 2875 825 2930 δὲ
853 2877 881 2929 6
912 2873 1088 2945 ἱερεὺς
1144 2872 1300 2926 τοῦτο
1331 2869 1838 2942 ὲπεξεργασάμενος
1885 2866 1972 2922 διὰ
1996 2868 2095 2939 τῆς

517 2969 734 3040 Μαρίας
768 2965 1210 3038 ὲπληροφορήθη.
1250 2963 1527 3033 Quidquid
1581 2971 1762 3016 tamen
1813 2961 1905 3025 sit,
1959 2961 2093 3016 illud

517 3062 866 3119 verissimum
915 3067 1020 3121 est,
1070 3059 1334 3128 scriptum
1367 3057 1470 3110 hoc
1503 3069 1626 3111 esse
1675 3053 1985 3123 antiquum,
2035 3062 2088 3108 et

518 3154 874 3212 circumcirca
940 3151 1310 3213 apostolorum
1375 3157 1619 3218 tempora
1687 3148 2079 3216 conscriptum.

512 3247 628 3305 Nec
654 3247 900 3308 dubium,
932 3245 988 3298 in
1018 3245 1143 3307 hoc,
1168 3243 1309 3298 sicut
1337 3248 1390 3296 et
1419 3243 1474 3295 in
1506 3240 1692 3295 multis
1714 3239 1836 3295 aliis
1864 3239 2081 3302 accidit,

518 3346 587 3400 ab
629 3344 902 3399 haereticis
949 3341 1120 3394 multa
1154 3338 1326 3392 fuisse
1374 3337 1580 3390 inserta
1625 3334 1933 3390 astruendae
1966 3348 2086 3404 pro-

521 3437 650 3507 priae
709 3434 979 3488 haereseos
1013 3445 1200 3496 causa,
1248 3427 1607 3496 veritatisque
1649 3426 1932 3480 catholicae
1989 3424 2083 3479 de-

516 3525 809 3584 struenda.
854 3525 1088 3594 Ideoque
1117 3523 1236 3592 ejus
1264 3521 1425 3577 lectio
1451 3536 1552 3575 nec
1579 3518 1832 3572 omnibus
1863 3515 2086 3586 permit-

517 3621 698 3684 tenda,
725 3627 778 3674 et
812 3618 1122 3688 quicunque
1161 3613 1409 3684 legerint,
1439 3617 1644 3667 attente
1685 3608 1818 3664 illud
1865 3623 2084 3677 percur-

515 3720 656 3777 rent,
691 3727 762 3766 ne
807 3725 928 3780 quae
973 3707 1212 3763 lmretici
1248 3704 1508 3769 absurda,
1539 3710 1595 3760 et
1643 3711 1830 3758 contra
1868 3698 2083 3753 divinas

518 3803 751 3858 Litteras
779 3801 942 3862 clam,
967 3798 1266 3866 dolosequc
1286 3795 1664 3856 disseminant,
1695 3793 1799 3862 ipsi
1824 3800 2082 3860 tanquam

515 3908 644 3948 vera
674 3891 927 3946 hauriant
957 3897 1012 3945 et
1041 3888 1298 3960 genuina,
1331 3887 1399 3942 de
1443 3886 1643 3956 quibus
1675 3894 1832 3938 caute
1863 3883 1996 3938 satis
2030 3888 2084 3935 et

516 3987 782 4055 Georgius
819 3982 1138 4055 Syncellus:
1175 3980 1361 4035 Ταῦτα
1395 3980 1493 4051 μὲν
1539 3981 1603 4032 ὲκ
1632 3975 1724 4030 τοῦ
1757 3975 1971 4048 πρώτου
2005 3972 2085 4044 βι-

516 4073 664 4127 ϐλίου
708 4072 876 4142 Ἑνὼχ
903 4072 1032 4144 περὶ
1054 4070 1161 4125 τῶν
1188 4069 1523 4142 έγρηγόρων,
1546 4069 1596 4121 εἰ
1623 4069 1718 4122 καὶ
1754 4065 1828 4139 μὴ
1867 4064 2083 4128 τελείως

515 4167 620 4241 χρὴ
659 4167 944 4239 προσέχειν
971 4163 1327 4235 ἀποκρύφοις,
1363 4162 1594 4235 μάλιστα
1634 4160 1758 4223 τοὺς
1789 4157 2084 4213 ἁπλουστέ-

515 4278 664 4335 ρους,
693 4259 782 4313 διά
811 4277 871 4312 τε
905 4258 967 4311 τὸ
1003 4257 1220 4329 κρυπτά
1259 4271 1380 4308 τινα
1408 4253 1504 4307 καὶ
1538 4251 1733 4324 ἀτριϐῆ
1766 4250 1863 4321 τῆς
1891 4248 2084 4318 ἐκκλη-

516 4353 798 4423 σιαστικῆς
823 4350 1168 4423 παραδόσεως
1198 4349 1358 4420 ἔχειν,
1405 4347 1497 4400 καὶ
1529 4345 1615 4399 διὰ
1640 4344 1700 4397 τὸ
1739 4340 2082 4395 νενοθεῦσθαι

2111 3101 2154 3157 C

2198 1863 2389 1911 nostro
2411 1856 2721 1923 ~Eustathio
2776 1867 3034 1928 tanquam
3091 1875 3229 1928 opus
3255 1858 3442 1915 Jacobi
3503 1865 3772 1932 apostoli,

2193 1947 2292 2003 sed
2326 1948 2550 2004 alterius
2579 1949 2887 2019 cujusdam,
2920 1949 3065 2020 quod
3095 1952 3396 2008 clarissime
3426 1954 3776 2023 signiﬁcatur

2195 2039 2472 2095 additione
2511 2041 2600 2095 ilia
2656 2059 2760 2105 τις,
2805 2043 3058 2108 Ἰάκωϐός
3087 2060 3212 2105 τις,
3247 2043 3480 2100 Iacobus
3523 2047 3772 2116 quidam.

2195 2132 2348 2198 Quod
2374 2133 2420 2187 si
2448 2127 2814 2190 existim‘asset
2835 2149 2957 2190 esse
2985 2138 3234 2205 apostoli,
3268 2153 3550 2208 nunquam
3585 2139 3775 2194 siluis-

2195 2234 2307 2288 set;
2338 2232 2410 2290 et,
2440 2225 2583 2294 quod
2613 2241 2721 2280 non
2755 2234 2838 2282 est
2870 2226 3097 2282 minoris
3139 2230 3416 2294 momenti,
3466 2229 3774 2301 Gregorius

2199 2313 2479 2385 Nyssenus
2525 2317 2592 2371 de
2642 2317 2929 2376 nativitate
2968 2319 3204 2391 Virginis
3240 2329 3516 2388 tractans,
3564 2338 3634 2377 ex
3669 2323 3774 2378 hoc

2194 2408 2378 2464 libello
2406 2411 2578 2464 multa
2614 2420 2890 2468 mutuatus
2926 2429 3048 2469 esse
3075 2415 3288 2470 videtur
3314 2416 3480 2469 tacito
3517 2418 3772 2472 auctoris

2194 2501 2432 2565 nomine,
2462 2502 2564 2557 etsi
2605 2501 2748 2558 inter
2791 2506 3098 2576 apocrypha
3145 2507 3387 2575 rejiciat;
3425 2506 3552 2577 ejus
3606 2509 3769 2562 verba

2194 2595 2462 2652 habentur
2497 2596 2639 2668 apud
2673 2595 2992 2668 Symeonem
3021 2599 3440 2671 Metaphrastem
3471 2601 3554 2656 De
3571 2604 3769 2657 uarici-

2195 2688 2322 2742 tatef
2343 2698 2391 2742 et
2446 2689 2751 2744 educatione
2801 2689 2962 2746 beata
3013 2692 3203 2747 Mariae
3242 2693 3468 2762 Virginis
3496 2710 3517 2748 :
3557 2695 3763 2748 Αὐτίκα

2192 2779 2321 2848 γοῦν
2376 2781 2405 2833 6
2459 2779 2598 2844 θεῖος
2649 2781 2944 2854 Γρηγόριος
2994 2785 3052 2837 ὲν
3101 2785 3178 2856 τῷ
3224 2785 3384 2856 λόγῳ,
3425 2786 3486 2850 ὃς
3541 2788 3622 2850 εἰς

2193 2870 2428 2943 Χριστοῦ
2465 2872 2713 2944 γέννησιν
2745 2875 2893 2947 αὑτῷ
2923 2877 3220 2949 συνετάχθη
3255 2878 3434 2932 τοιάδε
3476 2879 3609 2951 περὶ
3636 2879 3765 2932 ταύ-

2191 2979 2289 3033 της
2316 2962 2703 3034 διαλαμϐάνει·
2749 2966 3012 3030 Ἤκουσα,
3047 2967 3238 3036 λέγων,
3269 2967 3591 3039 άποκρύφου
3619 2967 3764 3032 τινὸς

2195 3055 2432 3126 ἱστορίας
2447 3056 2668 3110 τοιαῦτα
2695 3058 3130 3131 παρατιθεμένης
3151 3059 3218 3112 τὰ
3235 3061 3361 3132 περὶ
3377 3060 3554 3132 αὐτῆς
3568 3061 3765 3132 διηγή-

2187 3163 2365 3219 ματαρ
2391 3148 2688 3221 Ἐπίσημος
2703 3146 2788 3222 ἦν.
2803 3159 2909 3206 etc.
2935 3151 3064 3218 Qua:
3087 3153 3318 3223 pessime
3334 3156 3405 3207 ita
3421 3154 3660 3210 reddidit
3678 3155 3765 3212 ill-

2184 3248 2394 3311 terpres
2412 3258 2427 3298 :
2442 3242 2631 3297 Audivi
2648 3261 2918 3310 arcanam,
2942 3255 2990 3299 et
3006 3246 3259 3299 occultam
3280 3247 3568 3316 quamdam
3593 3249 3762 3302 histo-

2183 3333 2320 3386 riam
2338 3335 2468 3388 tales
2486 3333 2548 3389 de
2569 3351 2631 3390 ea
2652 3335 2952 3403 prodentem
2978 3339 3331 3402 narrationes,
3350 3353 3452 3392 nec
3469 3339 3618 3392 enim
3635 3339 3764 3392 ἀπὸ·

2183 3442 2388 3498 κρυφος
2448 3425 2502 3480 in
2551 3427 2827 3493 historiis,
2871 3442 3102 3492 arcana,
3155 3437 3211 3484 et
3261 3430 3479 3484 occulta
3525 3429 3760 3484 historia

2182 3527 2285 3573 est.
2317 3517 2453 3572 Puto
2488 3519 2632 3573 hunc
2672 3535 2795 3575 esse
2822 3518 3085 3574 Jacobum
3134 3521 3292 3591 cujus
3343 3522 3594 3576 meminit
3627 3517 3750 3575 Ori-

2183 3626 2348 3681 genes
2378 3611 2526 3664 hom.
2563 3610 2632 3664 15
2659 3612 2713 3665 in
2736 3609 3071 3667 Matthazum.

2253 3700 2370 3754 Col.
2403 3700 2525 3760 772,
2556 3701 2652 3754 lin.
2704 3702 2792 3756 51.
2829 3703 2924 3755 Ἐν
2960 3702 3090 3769 ταῖς
3108 3702 3348 3772 φυλαῖς.
3380 3703 3456 3760 De
3501 3706 3608 3762 hoc
3635 3704 3761 3760 ride

2183 3790 2444 3847 Joannem
2497 3791 2921 3859 Damascenum,
2969 3793 3048 3849 De
3105 3795 3210 3865 ﬁde
3265 3797 3477 3854 orlhod.
3531 3799 3629 3854 lib.
3683 3817 3759 3864 tv,

2185 3888 2347 3958 capit.
2384 3887 2484 3954 i5;
2518 3887 2905 3960 Epiphanium,
2943 3890 3132 3945 haeres.
3164 3889 3251 3955 78,
3300 3889 3564 3947 adversus
3600 3893 3760 3948 Anti-

2185 3978 2660 4048 dicomarianitas;
2709 3987 2766 4035 et
2817 3980 3010 4036 haeres.
3070 3980 3137 4045 9,
3195 3980 3456 4038 adversus
3517 3981 3759 4054 Collyri-

2185 4069 2398 4125 dianos.

2255 4161 2414 4226 lbid.,
2438 4161 2537 4217 lin.
2555 4162 2642 4218 σε.
2665 4162 2888 4232 Ἀνδρα
2919 4164 3238 4220 πλούσιον.
3267 4163 3499 4221 Joachim
3517 4161 3747 4220 Patrem

2191 4253 2430 4325 Virginis
2444 4265 2499 4310 et
2515 4255 2758 4320 divitem,
2783 4264 2838 4312 et
2857 4256 3060 4310 sobolis
3073 4265 3346 4326 expertem
3366 4257 3600 4310 maximo
3614 4271 3752 4312 cum

2185 4345 2374 4402 dolore
2394 4346 2461 4401 ad
2483 4345 2649 4402 Deum
2665 4347 2976 4418 confugisse
2996 4349 3067 4402 ita
3091 4357 3278 4402 narrat
3296 4346 3585 4418 Gregorius
3603 4339 3754 4419 Nys-

513 4446 652 4502 αὐτὰ
676 4446 781 4500 ὑπὸ
817 4443 1078 4499 Ἰουδαίων
1096 4444 1186 4496 καὶ
1211 4439 1517 4512 αἱρετικῶν.
1550 4437 1694 4508 Πλὴν
1722 4435 1816 4488 καὶ
1843 4435 1872 4487 6
1902 4433 2076 4505 μακά·
2109 4443 2152 4496 Ι)
2181 4453 2364 4501 genus,
2379 4439 2624 4493 oratione
2637 4439 2715 4502 (1,,
2733 4439 3027 4509 Ἐπίσημος
3039 4435 3107 4510 ἦν
3120 4441 3178 4492 ὲν
3193 4443 3257 4511 τῇ
3272 4439 3409 4492 κατά
3421 4439 3584 4510 νόμον
3596 4440 3753 4511 ἀκρι-

515 4557 630 4613 ριος
659 4537 872 4601 Παῦλος
917 4536 1157 4599 σπανίως
1189 4531 1458 4606 ἐχρήσατὸ
1490 4546 1628 4584 τισιν
1656 4531 1714 4595 ἐξ
1746 4526 2076 4596 ἁποκρύφων

511 4633 791 4704 χρήσεσιν,
805 4629 880 4692 ὡς
903 4629 1031 4682 ὅταν
1052 4627 1212 4698 φησὶν
1235 4625 1293 4677 ὲν
1315 4625 1380 4693 τῇ
1399 4621 1532 4692 πρὸς
1552 4619 1867 4692 Κορινθίους
1887 4615 2078 4687 πρώτῃ

525 4722 808 4794 Ἐπιστολῇ
827 4721 896 4776 τὰ
916 4740 935 4774 ι
957 4717 1261 4790 Ὀφθαλμὺς
1275 4717 1373 4770 οὐκ
1389 4710 1613 4779 εἷδε,καῖ
1627 4711 1720 4776 οὓς
1741 4711 1841 4763 οὐκ
1855 4709 2076 4780 ἢκουσε,

511 4817 605 4872 καὶ⁵
629 4815 720 4871 ἐπὶ
746 4813 973 4886 καρδίαν
1001 4809 1285 4884 ἀνθρώπου
1328 4809 1428 4861 οὐκ
1460 4803 1648 4874 ἀνέϐη,
1681 4822 1698 4855 ι
1737 4801 1830 4855 καὶ
1864 4799 1930 4853 τὰ
1953 4799 2079 4868 ἑξῆς

521 4909 677 4964 Ἠλία
724 4904 1076 4977 ἀποκρύφων.
1120 4900 1231 4955 Καὶ
1263 4900 1421 4954 πάλιν
1450 4899 1506 4952 ὲν
1552 4899 1616 4967 τῇ
1651 4894 1788 4966 πρὸς
1835 4892 2078 4954 Γαλάτας

509 5003 572 5057 ἐκ
613 5000 712 5070 τῆς
751 4996 1029 5060 Μωῦσέως
1055 4992 1464 5063 ἀποκαλύψεως·
1506 5007 1525 5042 ι
1563 4990 1698 5044 Οὔτε
1727 4989 1996 5059 περιτομή
2025 4989 2079 5040 τί

510 5095 655 5146 ἐστιν
679 5090 804 5145 οὔτε
835 5087 1189 5161 ἀκροϐυστία,
1220 5084 1355 5140 ἀλλὰ
1381 5083 1541 5156 καινὴ
1573 5083 1770 5146 κτίσις.
1819 5101 1837 5134 ι
1873 5082 1982 5135 Καὶ
2022 5082 2080 5133 ἐν

510 5188 573 5258 τῇ
607 5184 742 5258 πρὸς
773 5182 1050 5253 Ἐφεσίους
1078 5183 1142 5234 ὲκ
1163 5179 1269 5234 τῶν
1313 5176 1570 5249 Ἰερεμίου
1613 5175 1918 5247 λεγομένων
1947 5175 2080 5228 ἁπο-

510 5276 753 5349 κρύφων,
793 5294 812 5328 ι
855 5275 1130 5345 Ἐγειραι,
1153 5273 1182 5327 6
1211 5270 1506 5336 καθεύδων,
1537 5270 1630 5324 καὶ
1661 5268 1868 5323 άνάστα
1901 5269 1964 5321 ὲκ
1995 5283 2081 5320 νε-

510 5367 676 5438 κρῶν,
711 5369 806 5422 καὶ
835 5366 1128 5436 ἐπιφαύσει
1157 5382 1240 5419 σοι
1259 5365 1288 5417 6
1313 5362 1562 5436 Χριστός.
1597 5381 1616 5414 ι
1655 5360 1838 5415 Ταῦτα
1867 5360 1922 5413 δὲ
1947 5361 2079 5430 ἡμῖν

513 5461 720 5533 εἴρηται
750 5462 812 5515 οὐ
847 5460 982 5532 πρὸς
1031 5458 1210 5514 ἄδειαν
1259 5457 1367 5511 τῶν
1403 5454 1738 5527 βουλομένων
1770 5451 2080 5522 ἀδιαφόρως

511 5551 887 5622 ἐντυγχάνειν
923 5551 996 5622 μὴ
1041 5551 1280 5620 γένοιτοῐ
1325 5549 1514 5602 Πολλοὶ
1551 5547 1658 5620 γὰρ
1688 5546 1994 5618 ἐϐλάϐησαν
2021 5545 2079 5596 ὲν

513 5644 677 5697 πᾶσιν
705 5642 882 5706 αὐτοῖς
917 5642 1288 5706 πιστεύοντες·
1317 5642 1438 5695 ὅθεν
1468 5642 1560 5694 καὶ
1591 5643 1623 5710 ή
1667 5639 1797 5709 ἁγία
1820 5638 1912 5692 τοῦ
1941 5636 2076 5691 Θεοῦ

524 5732 838 5805 Ἐκκλησία,
882 5733 976 5788 καὶ
1007 5735 1035 5786 6
1079 5733 1236 5802 χορὸς
1263 5732 1369 5786 τῶν
1397 5733 1668 5804 θεοφόρων
1703 5731 1860 5803 ήμῶν
1905 5731 2078 5783 Πατέ-

2181 4529 2264 4584 6εῖ
2275 4531 2536 4603 πολιτεία,
2549 4529 2642 4584 καὶ
2657 4530 2928 4604 γνώριμος
2939 4532 3119 4597 ἐντοῖς
3133 4531 3585 4601 καλλίστοιςότῆς
3603 4532 3753 4601 Hap-

2180 4620 2332 4675 θένου
2359 4622 2560 4694 πατὴρ,
2589 4624 2754 4688 ἄπαις
2785 4624 2842 4678 δὲ
2889 4626 3170 4696 κατεγήρα
3199 4626 3291 4678 τὸν
3326 4625 3462 4695 βίον,
3499 4627 3582 4678 ὅτι
3603 4624 3752 4694 αὐτῷ

2180 4713 2316 4786 πρὸς
2344 4715 2685 4784 τεκνογονίαν
2736 4715 2836 4768 οὐκ
2869 4716 3182 4787 ἐπιτηδείως
3232 4711 3376 4787 εἶχεν
3409 4717 3444 4786 ή
3483 4715 3745 4778 σύνοικος.

2179 4801 2287 4860 Ἦν
2307 4806 2365 4859 δέ
2406 4825 2489 4872 τις
2515 4810 2578 4862 ἐκ
2602 4806 2695 4862 τοῦ
2726 4808 2890 4878 νόμου
2919 4810 3050 4880 τιμὴ
3097 4811 3218 4871 ταῖς
3258 4808 3548 4879 μητράσιν,
3587 4804 3654 4880 ἧς
3687 4808 3748 4860 οὐ

2184 4901 2429 4970 μετεῖχον
2455 4901 2503 4952 οἱ
2534 4899 2734 4968 ἄγονοι.
2753 4901 3016 4971 Μιμεῖται
3035 4900 3212 4954 τοίνυν
3237 4901 3329 4954 καὶ
3357 4901 3497 4970 αὐτή
3527 4899 3597 4952 τὰ
3619 4900 3745 4970 περί

2179 4989 2276 5060 τῆς
2307 4991 2511 5062 μητρὸς
2539 4990 2633 5044 τοῦ
2662 4991 2912 5063 Σαμουὴλ
2949 4991 3281 5064 διηγήματα,
3323 4993 3417 5046 καὶ
3459 4991 3602 5054 ἐντὸς
3647 4990 3745 5043 τοῦ

2181 5082 2309 5136 ναοῦ
2349 5083 2517 5152 ἁγίων
2567 5084 2844 5156 γινομένη,
2895 5084 3077 5156 ἱκέτης
3114 5086 3322 5154 γίνεται
3353 5084 3452 5139 τοῦ
3493 5083 3629 5138 Θεοῦ
3675 5084 3748 5154 μὴ

2179 5173 2285 5239 ἔξω
2312 5178 2498 5229 πεσεῖν
2527 5177 2626 5246 τῆς
2660 5178 2723 5229 ὲκ
2749 5175 2854 5230 τῶν
2896 5177 3074 5247 νόμων
3123 5177 3392 5245 εὐλογίας,
3437 5177 3746 5251 ἐξαμαρτά-

2180 5285 2344 5321 νουσα
2376 5269 2505 5340 περὶ
2536 5269 2626 5322 τὸν
2657 5269 2820 5341 νόμον
2851 5270 3001 5323 οὐδέν
3021 5287 3034 5300 ο
3067 5269 3317 5339 γενέσθαι
3339 5270 3395 5323 δὲ
3429 5273 3614 5343 μήτηρ
3656 5272 3746 5324 καὶ

2181 5359 2483 5431 ἀφιερῶσαι
2513 5359 2631 5431 Θεῷ
2662 5362 2722 5415 τὸ
2749 5363 3082 5433 τικτόμενον.
3119 5361 3252 5417 Vide
3279 5359 3639 5432 Epiphanium
3668 5357 3747 5415 De

2181 5452 2431 5506 laudibus
2468 5454 2632 5507 beata:
2687 5453 2876 5509 Mariae
2926 5454 3196 5525 Virginis,
3251 5455 3525 5510 Andream
3572 5454 3746 5508 Casa-

2181 5545 2439 5607 riensem,
2476 5544 2827 5611 Germanum,
2862 5555 2917 5599 et
2945 5548 3101 5603 alios.

2218 5635 2364 5692 2cm.
2403 5637 2525 5699 775,
2567 5637 2664 5692 lin.
2705 5638 2788 5693 15.
2839 5641 2943 5692 Καὶ
2985 5638 3165 5708 γνοὺς
3201 5638 3316 5707 τὴν
3341 5638 3621 5709 γυναῖκα.
3670 5635 3750 5690 Ex

2182 5729 2266 5784 liis
2297 5729 2557 5786 refellitur
2593 5730 3084 5802 Collyridianorum
3130 5747 3302 5798 error,
3334 5733 3426 5802 qui
3460 5730 3553 5786 Dci
3589 5733 3748 5786 Geni-
