1984 3457
124 147 189 174 1041

628 145 662 174 IN
682 145 867 173 EUSTATHII
891 143 1127 173 HEXAEMERON
1147 142 1260 171 NOTIE.

1664 143 1734 171 1οη

121 205 219 232 tricem
236 202 347 230 Mariam
361 202 485 230 humana
500 207 604 230 natura
628 210 741 238 prorsus
756 207 904 238 expertem.
919 206 943 235 Α
955 202 993 230 Ita
1003 201 1135 238 Origenes
1150 208 1228 236 super
1242 199 1410 233 Manlium,
1426 207 1486 235 cap.
1504 200 1555 233 15;
1568 200 1736 236 Epiphanius

123 257 157 278 ac
174 248 273 276 divinat
286 252 393 275 tantum
411 248 571 284 participem
593 247 679 276 fuisse
693 248 830 281 dicebant,
847 255 908 274 cum

123 303 159 324 ex
174 294 225 322 hoc
239 293 399 325 habeamus.
415 292 537 321 Joachim
549 301 613 321 cum
624 294 701 321 Anna
721 293 908 324 concubitum.

125 340 243 375 indeque
259 343 414 375 generatam
428 343 456 366 et
480 343 568 367 ortam
584 338 730 374 Virginem.
749 338 829 366 Certe
843 338 909 365 illud

125 386 213 422 angeli
232 385 335 413 dictum
348 384 470 413 Joachim
485 386 513 413 in
528 385 647 417 deserto,
663 392 730 412 uxor
753 389 799 411 tua
822 392 910 411 conce-

124 433 172 467 pit,
188 437 334 466 antequam
356 430 467 458 domum
490 432 605 462 veniret,
621 431 648 458 in
672 430 829 457 narratione
857 429 909 457 ista

126 487 180 506 non
195 478 305 513 legitur,
325 478 379 505 imo
393 477 460 505 satis
478 481 570 512 aperte
592 476 745 512 oppositum
762 476 908 511 colligitur.

126 523 166 552 Ex
182 532 237 560 quo
261 523 433 551 manifestum
458 527 499 550 est
520 523 555 550 ab
581 522 716 550 haereticis
739 522 837 549 librqu
861 521 909 548 de-

128 575 268 607 pravatum
283 573 404 604 tempore
423 568 577 604 Epiphauii,
599 568 645 603 qui
666 567 759 595 forsan
773 565 909 594 Eustathii

127 620 249 651 tempore
261 616 437 650 incorruptus
449 618 477 642 et
490 614 608 642 intactus
619 614 708 641 adhuc
718 613 806 641 fuerat
821 619 910 640 reser-

127 666 217 689 VIIIIS.

163 706 222 734 Col.
233 706 294 737 775,
307 707 354 734 lin.
368 705 411 733 Η.
428 705 482 733 Καὶ
496 703 638 738 ὀνομάζει.
654 702 801 736 Gregorius
808 701 909 737 Nysse-

129 760 181 781 nus
190 762 197 780 :
206 752 398 787 Δυναμωθεϊσα
414 751 442 778 δὲ
458 749 527 777 Πνεύ
533 758 595 785 ματι
612 749 676 784 θείῳ
689 748 755 784 πρὸς
769 749 818 784 τὴν
831 749 909 784 χάριν

129 800 161 835 ἢν
183 798 299 834 ᾔτησεν,
325 797 387 823 ἐπεὶ
411 796 502 823 ετεχεν
526 795 643 827 παιδίον,
666 795 805 830 ὠνόμασεν
826 794 909 830 αὐτὴν

130 844 256 880 Μαριὰμ,
270 844 306 876 ὡς
322 843 354 871 ἄν
367 843 415 870 καὶ
427 842 469 869 διὰ
485 842 534 877 {si}:
550 840 705 876 ἐπωνυμίας
729 840 759 867 τὸ
772 839 908 866 θεόσδοτον

129 876 325 927 διασημανθείη
350 890 400 925 τῆς
424 876 545 925 χάριτος.
579 887 781 923 Ἀνδρυνθεῖσαν
806 886 834 913 δὲ
861 886 910 921 ἤδη
925 876 947 904 Β

128 940 177 975 τὴν
194 938 288 974 κόρην,
304 937 341 968 ὼς
358 935 455 972 μηκέτι
470 934 572 962 δεῖσθαι
587 932 763 969 προσανέχειν
778 932 811 967 τῇ
833 931 910 967 θηλῇ,

128 983 273 1011 ἀποδοῦναι
288 982 327 1017 τῷ
345 981 414 1017 Θεῷ,
430 981 476 1008 καὶ
501 979 644 1016 πληρῶσαι
669 978 719 1014 τὴν
739 976 910 1012 ἐπαγγελίαν,

129 1029 178 1057 καὶ
194 1028 375 1065 προσαγαγεῖν
396 1026 434 1061 τῷ
457 1025 518 1061 νεῴ.
537 1025 698 1060 Hippolytus
721 1027 824 1059 martyr
842 1022 912 1057 apud

129 1075 322 1110 Nicephorum,
338 1074 356 1100 l.
366 1080 397 1103 ιι,
406 1080 467 1107 cap.
480 1072 496 1099 5
510 1081 516 1099 :
534 1071 596 1098 Tres
610 1071 680 1105 fuere
693 1078 795 1097 sorores
808 1069 913 1096 Bethle-

130 1120 269 1151 Itemitictz,
286 1119 350 1154 lilia:
366 1117 459 1144 Matan
475 1116 632 1148 sacerdotis,
648 1120 672 1142 et
687 1115 782 1142 Maria
796 1114 912 1149 conjugis

129 1166 198 1201 ejus,
225 1165 272 1193 sub
301 1164 457 1198 Cleopatrw,
481 1168 505 1190 et
537 1161 679 1196 Cusoparis
709 1161 797 1188 Perste
823 1167 911 1194 regno.

130 1217 192 1239 ante
207 1210 320 1238 Herodis
336 1210 470 1244 Antipatri
486 1208 536 1238 ﬁlii
552 1215 668 1243 regnum.
695 1206 794 1234 Primae
806 1204 911 1236 Mariae.

131 1256 250 1284 secundm
283 1255 365 1287 Sabe,
393 1255 476 1282 tertiae
501 1254 586 1281 Annre
609 1261 702 1280 nomen
728 1256 785 1279 erat
802 1259 811 1278 :
826 1251 913 1281 nupsit

131 1305 219 1338 prima
233 1304 260 1330 in
282 1302 430 1330 Betltlehem
455 1299 556 1332 Maria,
570 1304 594 1327 et
608 1299 705 1334 peperit
718 1297 849 1325 Salomem
870 1295 915 1322 ob-

132 1350 262 1377 stetricem
278 1356 287 1376 :
304 1347 391 1382 nupsit
406 1355 506 1382 quoque
519 1345 632 1373 secunda
650 1343 744 1371 ibidem
764 1343 791 1370 in
810 1341 914 1369 Bethle-

132 1396 190 1422 Ilem
209 1394 286 1426 Sabe,
302 1398 326 1421 et
350 1394 437 1429 genuit
462 1392 611 1423 Elisabeth,
628 1391 716 1425 nupsit
739 1393 869 1423 postremo
889 1391 913 1414 et

134 1441 211 1468 terlia
230 1440 306 1467 Anna
333 1440 361 1466 in
387 1444 458 1466 terra
483 1437 608 1470 Galiltra,
624 1441 648 1464 et
661 1434 770 1470 protulit
798 1433 915 1460 Mariam

133 1485 183 1513 Dei
201 1486 370 1521 genitricem,
395 1491 427 1512 ea:
447 1492 498 1519 qua
521 1483 595 1510 nobis
620 1486 697 1509 natus
719 1484 758 1508 est
781 1478 912 1508 Christus.

133 1532 238 1566 Quibus
246 1530 343 1558 refellit
354 1530 487 1557 Baronius
499 1537 592 1557 eorum
606 1527 766 1556 sententiam
783 1526 829 1561 qui
839 1525 916 1553 dixe-

135 1581 198 1605 ruut
209 1575 237 1604 S.
249 1577 353 1603 Annam
366 1576 446 1604 tertio
453 1579 575 1610 nuptam,
584 1578 611 1601 et
626 1572 749 1608 singulas
758 1579 790 1599 ex
802 1569 916 1605 singulis

134 1624 201 1651 viris
214 1622 343 1659 genuisse
358 1622 438 1654 tilias,
451 1625 478 1649 et
491 1627 585 1648 eorum
600 1619 645 1654 qui
660 1618 748 1646 conati
761 1622 824 1644 sunt
841 1622 916 1643 asse-

136 1677 205 1701 rere,
220 1677 254 1696 ex
268 1668 362 1696 eodem
383 1668 443 1695 viro
459 1666 581 1694 Joacbim
605 1668 659 1692 tres
679 1663 817 1699 peperisse
836 1661 915 1688 ﬁlias.

171 1714 250 1746 lbid.,
277 1713 326 1740 lin.
343 1711 388 1739 i6.
415 1710 586 1745 Γενομένης
609 1709 643 1735 δὲ
662 1707 765 1741 αὐτῆς.
796 1706 915 1733 Evodius

135 1760 283 1795 episcopus
307 1757 495 1785 Autiochenus
511 1755 581 1790 apud
606 1753 799 1788 Nicephorum,
816 1752 863 1779 lib.
886 1758 916 1782 ιι,

134 1813 187 1840 cap
217 1805 253 1832 5:
268 1803 387 1831 Trimula
402 1811 462 1831 eum
481 1806 547 1829 esset
564 1801 591 1828 in
606 1800 728 1834 templum
743 1802 916 1833 prwsentata,

135 1851 174 1878 ibi
195 1850 222 1876 in
236 1849 342 1877 Sanctis
366 1853 516 1876 sanctorum
541 1846 658 1873 traduxit
686 1852 768 1871 annos
788 1843 916 1876 undecim,

135 1895 229 1924 deinde
246 1903 305 1922 vero
329 1894 495 1922 sacerdotum
516 1892 636 1920 manibus
660 1890 756 1925 Joseph
778 1889 918 1924 adamato-

135 1942 209 1968 diam
224 1946 263 1968 est
279 1940 388 1972 tradita,
412 1939 481 1974 apud
496 1947 571 1974 quem
588 1946 647 1964 cum
664 1944 763 1964 menses
781 1934 917 1970 peregisset

137 1991 260 2023 quatuor,
279 1986 311 2013 ab
327 1986 418 2021 angelo
431 1986 518 2012 (telum
533 1983 600 2011 illud
616 1983 713 2017 accepit
730 1979 918 2009 nuntium.Pe-

135 2034 202 2069 perit
213 2038 300 2060 autem
317 2033 389 2060 illius
407 2031 497 2059 mundi
509 2030 614 2063 Lucem,
634 2037 731 2056 annum
746 2036 823 2063 agens
844 2027 919 2062 quin-

137 2080 276 2111 decimum,
291 2079 413 2105 vicesima
422 2078 514 2113 quinta
528 2076 571 2103 die
582 2076 675 2103 mensis
691 2073 849 2102 Decembris.
858 2072 918 2100 Tri-

136 2126 239 2153 mulam
264 2124 318 2151 Deo
333 2124 450 2152 oblatam
464 2122 602 2158 Virginem
618 2125 715 2157 praeter
734 2119 917 2150 Eustathium,

137 2175 166 2199 et
185 2170 328 2203 Evodium,
353 2170 423 2197 idem
448 2170 568 2197 sentiunt
591 2167 738 2202 Gregorius
766 2166 805 2193 De
819 2164 920 2193 Christi

960 249 1084 277 adversus
1107 248 1405 279 Antidicomarianitas;
1421 246 1558 275 Eusebius
1575 247 1623 275 lib.
1644 256 1664 275 ιι
1685 246 1738 274 Ec-

959 294 1020 321 τίει.
1036 294 1142 325 Meton,
1154 300 1215 328 cap.
1231 292 1242 319 i
1255 301 1263 326 ;
1274 291 1454 327 Nicephorus,
1469 292 1515 319 lib.
1527 299 1557 325 ιι,
1573 300 1633 327 cap.
1649 292 1677 325 '5,
1689 293 1735 321 ubi

958 340 1039 367 etiam
1054 338 1137 367 refert
1154 338 1326 374 Hippolytum
1342 338 1464 372 ejusdem
1481 339 1624 366 sententiae
1642 342 1736 365 auclo-

959 394 1031 418 rcm;
1055 384 1203 420 Gregorius
1237 384 1387 420 Nyssenus.
1412 385 1451 412 De
1472 389 1611 412 resurrect.
1637 384 1737 412 Christi

958 431 1097 462 bomil.2;
1119 430 1280 466 Euthymius
1302 431 1329 457 in
1352 430 1473 457 Matt/tari
1498 438 1555 464 cap.
1574 438 1631 463 xu;
1648 429 1738 457 (Ecu-

959 477 1067 505 mcnius
1082 485 1160 510 super
1176 476 1223 511 Ep.
1246 477 1280 504 ad
1298 476 1357 504 Gal.
1380 485 1440 512 cap.
1457 485 1481 511 ις
1496 476 1646 512 Theophyl.
1662 485 1738 509 super

959 522 1125 554 Hatthteum,
1145 530 1205 557 cap.
1220 529 1278 554 ειη,
1303 527 1329 550 et
1347 523 1443 557 repetit
1458 530 1483 550 ο.
1503 530 1597 555 um;
1617 522 1737 551 Hilarius

959 573 1096 596 comment.
1106 569 1131 595 in
1147 568 1256 600 Matth.,
1267 576 1329 596 can.
1348 570 1374 600 1-,
1386 568 1546 596 AmbrOsius
1559 569 1586 596 in
1601 568 1686 602 Epist.
1702 568 1737 595 ad

960 615 1049 643 Calat.
1074 623 1134 650 cap.
1157 623 1176 647 I,
1199 619 1226 643 et
1248 614 1402 649 Cajctanus,
1436 615 1553 642 ibidem.l
1575 614 1736 650 Oppositum

960 669 1070 689 sensere
1093 661 1272 696 Hieronymus
1285 660 1408 688 adversus
1436 660 1595 692 Helvidium,
1608 661 1739 696 Augusti-

959 714 1028 738 nus,
1056 713 1137 733 serm.
1164 706 1198 732 Η
1222 706 1249 732 in
1266 705 1414 733 Natiuitate
1431 705 1553 737 Domini,
1571 705 1642 733 Beda
1661 713 1739 739 super

959 760 1017 786 cap.
1036 760 1062 779 VI
1083 751 1179 784 Marci,
1199 754 1226 778 et
1251 752 1296 778 alii
1319 751 1484 780 recentiores
1513 751 1559 787 qui
1590 751 1738 779 secundam

960 798 1121 826 sententiam
1134 811 1145 830 ,-
1157 802 1285 833 tanquam
1315 798 1401 833 magis
1418 798 1584 833 probabilem
1614 800 1642 825 et
1664 804 1741 824 reco-

960 849 1033 880 ptam
1043 844 1204 872 defendunt.
1221 843 1280 871 Non
1298 848 1340 872 est
1356 849 1444 872 tamen
1471 844 1575 872 silenda
1600 843 1741 871 temeritas

961 894 987 918 et
1009 890 1175 925 impudentia
1198 890 1227 918 in
1251 893 1360 918 sanctos
1386 890 1481 918 Patres
1502 889 1616 917 Gerardi
1649 888 1742 917 Vossii

962 937 1038 973 {quid
1052 936 1125 964 enim
1141 936 1167 963 id
1182 935 1286 964 facinus
1301 935 1450 963 libertatem
1462 934 1670 971 appellem).qui
1685 933 1743 970 pri-

962 991 1033 1012 mam
1048 982 1227 1011 assertionem
1243 989 1327 1009 ausus
1342 981 1378 1008 sit
1389 988 1499 1013 vocare,
1510 987 1566 1008 non
1580 980 1648 1008 satis
1663 981 1737 1015 piam

961 1038 1012 1058 nec
1027 1028 1215 1061 orthodoxam,
1231 1031 1427 1063 portentosam,
1449 1025 1739 1063 impudentiusculam,

962 1082 995 1102 ac
1008 1074 1099 1101 minus
1121 1076 1239 1105 cautam,
1265 1077 1346 1108 prout
1373 1072 1492 1100 humana
1518 1071 1655 1100 interdum
1690 1070 1743 1098 fert

962 1120 1106 1156 fragilitas,
1121 1119 1193 1155 quod
1216 1118 1446 1154 praestantissimi,
1462 1125 1495 1146 ac
1515 1116 1668 1146 doctissimi
1686 1116 1739 1144 viri

962 1165 1125 1200 quandoque
1138 1164 1298 1197 dormitant,
1312 1164 1398 1192 fuisse
1426 1164 1466 1192 sic
1488 1163 1600 1195 dictam,
1615 1162 1658 1191 vel
1672 1162 1742 1190 scri-

963 1211 1175 1247 ptam.ldeoque
1199 1218 1352 1239 sermonem
1373 1210 1401 1238 in
1422 1210 1664 1238 Annuntiationem
1680 1216 1744 1237 san-

963 1258 1092 1285 ctissima:
1100 1257 1145 1285 Dei
1155 1257 1298 1285 Genilricis
1309 1256 1400 1284 Mariae
1409 1257 1456 1292 qui
1465 1256 1560 1291 incipit
1576 1263 1583 1282 :
1598 1255 1684 1283 Πάλιν
1696 1263 1744 1291 και

964 1303 1013 1338 ρᾶς
1034 1303 1187 1337 εὐαγγέλια,
1208 1303 1288 1330 πάλιν
1300 1302 1453 1338 ἐλευθερίας
1472 1302 1628 1337 μηνύματα,
1645 1302 1744 1336 διεβίω

964 1349 1016 1377 sub
1028 1348 1142 1377 Joannis
1163 1348 1350 1384 Chrysostomi
1379 1348 1490 1376 nomine
1510 1347 1675 1382 evulgatum,
1687 1350 1715 1375 ct
1728 1353 1744 1373 ι

964 1392 1142 1429 Lipomanno,
1155 1392 1255 1421 Davide
1274 1392 1440 1424 Haeschelio,
1464 1396 1492 1420 et
1519 1392 1588 1424 aliis,
1605 1392 1663 1427 ipse
1679 1398 1745 1427 pro-

964 1444 1023 1476 pter
1035 1440 1106 1468 hanc
1121 1439 1276 1474 opinionem
1287 1439 1321 1467 de
1331 1438 1459 1474 Josepho,
1473 1441 1500 1466 et
1513 1445 1542 1466 re
1554 1438 1649 1465 uxoria
1658 1438 1744 1472 ipsius

964 1490 1100 1513 anteacta
1128 1490 1256 1520 tanquam
1281 1485 1421 1520 indignam
1445 1484 1651 1519 Chrysostomo,
1675 1481 1743 1510 Gre-

967 1532 1043 1566 gorio
1075 1530 1278 1566 Thaumaturgo
1310 1530 1433 1558 ascribit.
1462 1528 1623 1561 Considera,
1647 1528 1743 1561 lector,

967 1581 1083 1605 mentem
1114 1578 1232 1605 hominis
1259 1584 1393 1611 aversam,
1414 1584 1581 1613 perversam.
1607 1575 1745 1603 Assertio-

967 1630 1039 1655 nem,
1056 1629 1137 1657 quam
1152 1623 1259 1658 dignam
1274 1626 1367 1650 censet
1392 1626 1433 1650 tot
1457 1630 1489 1649 ac
1509 1622 1591 1650 tantis
1618 1621 1747 1650 Patribus

967 1669 1068 1697 Graecis
1085 1673 1112 1696 et
1136 1668 1248 1703 Latinis,
1279 1669 1418 1704 indignam
1435 1673 1514 1697 vocat
1537 1667 1743 1704 Chrysostomo.

968 1714 996 1742 Si
1010 1715 1062 1743 hoc
1077 1722 1199 1743 asserere
1228 1723 1283 1742 non
1315 1718 1357 1742 cst
1381 1714 1575 1748 orthodoxum,
1587 1714 1635 1741 sed
1648 1721 1744 1750 parum

967 1761 1052 1796 pium,
1070 1765 1269 1796 portentosum,
1299 1760 1588 1795 impudentiusculum,
1605 1767 1636 1786 ac
1654 1760 1746 1787 minus

967 1812 1076 1835 cautum
1103 1808 1130 1835 in
1159 1807 1364 1843 Chrysostomo,
1390 1805 1526 1842 quomodo
1548 1806 1633 1841 pium,
1652 1804 1746 1833 ortho-

967 1853 1077 1885 doxum,
1096 1853 1226 1888 prudens,
1242 1857 1362 1885 cautum,
1383 1860 1415 1880 ac
1431 1852 1542 1879 minime
1557 1854 1746 1886 portentosum

967 1899 995 1925 in
1010 1898 1157 1934 Gregorio?
1167 1906 1227 1934 ego,
1242 1906 1277 1926 ne
1289 1899 1315 1925 in
1333 1902 1372 1925 tot
1388 1897 1484 1925 Patres
1495 1898 1612 1932 injurius
1630 1905 1690 1925 esse
1705 1897 1747 1924 vi-

967 1944 1056 1976 derer,
1072 1944 1211 1972 redderem
1225 1943 1323 1972 Vossio
1351 1944 1432 1971 verba
1448 1951 1514 1977 sua;
1529 1943 1577 1971 sed
1601 1943 1685 1979 quid?
1708 1944 1746 1971 ita

967 1999 1041 2018 nunc
1061 1998 1120 2017 mos
1139 1991 1226 2026 viget;
1242 1990 1278 2017 ita
1305 1997 1378 2017 nunc
1398 1989 1538 2018 servitium
1549 1993 1602 2021 est,
1624 1989 1747 2025 profecto

967 2037 1064 2064 modus
1080 2037 1173 2064 haberi
1190 2044 1243 2063 non
1263 2039 1362 2071 potest.

1002 2080 1082 2113 lbid.,
1097 2082 1146 2109 lin.
1157 2082 1201 2108 55.
1218 2082 1272 2109 Kal
1284 2083 1300 2108 ὀ
1309 2081 1473 2116 ἀρχιερεύς.
1489 2080 1637 2116 Gregorius
1649 2079 1747 2116 Nysae-

968 2137 1036 2157 nus:
1053 2129 1121 2160 Τοὺς
1131 2129 1159 2155 δὲ
1169 2130 1250 2163 ἱερεῖς
1261 2129 1329 2160 τέως
1343 2129 1391 2164 μὲν
1401 2128 1462 2155 καθ’
1476 2128 1620 2164 ὁμοιότητα
1634 2127 1681 2155 τοῦ
1697 2128 1748 2155 Σα-

969 2175 1054 2211 μουὴλ
1066 2176 1094 2201 ὲν
1104 2176 1159 2206 τοῖς
1177 2175 1264 2209 ἁγίοις
1278 2174 1438 2210 ἀνατρέφειν
1449 2174 1497 2210 τὴν
1516 2174 1608 2201 παῖδα·
1624 2173 1748 2209 αὐξηθεί-

137 2217 284 2248 nativitate,
300 2215 419 2242 Joannes
445 2214 627 2241 Damascenus
641 2213 678 2239 De
694 2211 745 2247 ﬁde
760 2210 915 2242 orthodoxa,

969 2210 1019 2257 σης
1033 2210 1077 2253 νδὲ,
1099 2220 1196 2257 βουλὴν
1217 2221 1339 2255 ἀγαγεῖν,
1364 2221 1378 2247 ὃ
1399 2229 1426 2247 τι
1448 2221 1606 2256 ποιήσαντες
1626 2219 1656 2246 τὸ
1679 2218 1749 2254 ἱερὸν

137 2263 221 2298 capit.
241 2263 284 2295 i3,
300 2261 424 2289 Andreas
447 2260 585 2288 Cretensis
601 2266 725 2287 sermone
741 2258 787 2284 De
795 2257 918 2291 Deipara,

137 2309 289 2337 Germanus
306 2315 431 2336 sermone
445 2306 482 2334 De
498 2305 712 2335 Prtesentatione,
726 2303 858 2338 Georgius
874 2302 921 2329 Ni-

138 2352 319 2381 comediensis
340 2352 377 2379 De
393 2351 618 2382 Prwsentatione,
639 2348 778 2376 Ccdrenus
802 2348 829 2375 in
844 2347 921 2375 Com-

138 2398 233 2433 pendio
247 2397 373 2425 Historiae
387 2401 413 2424 et
426 2397 482 2424 alii.
497 2395 700 2423 Observandum
720 2398 748 2422 et
761 2394 837 2425 illud,
848 2394 920 2421 beat.

143 2443 280 2479 Virginem
314 2451 346 2471 ex
376 2446 470 2470 nostro
501 2441 650 2469 Eustathio.
672 2441 756 2468 multo
783 2440 920 2475 juniorem

139 2489 278 2518 Christum
295 2489 443 2525 peperisse,
459 2496 539 2524 quam
554 2488 669 2515 voluerit
684 2486 803 2514 Evodius
822 2490 850 2514 ct
862 2487 921 2519 alii,

140 2534 175 2562 de
188 2535 288 2571 quibus
302 2535 345 2562 hic
363 2542 443 2570 agere
456 2541 511 2561 non
530 2537 573 2561 est
586 2535 727 2569 praesentis
739 2535 850 2570 negotii.

176 2579 255 2611 lbid.,
269 2580 317 2607 lin.
332 2579 377 2608 22.
401 2579 455 2607 Τοῦ
467 2579 543 2606 λαοῦ
557 2580 637 2612 τούς.
655 2579 789 2615 Iosephus
802 2580 921 2608 sanctis:-

141 2627 220 2655 simae
231 2625 352 2661 Virginis
363 2633 485 2661 sponsus
492 2626 652 2661 bigamusne
660 2626 751 2658 fuerit,
767 2635 802 2653 nn
813 2626 921 2659 calebs,

142 2673 256 2708 antiqua
270 2676 312 2700 est
327 2673 353 2700 in
372 2672 495 2700 Ecclesia
509 2672 642 2699 catholica
667 2673 793 2708 quaestio,
806 2673 838 2700 ad
852 2673 922 2701 hanc

141 2725 230 2752 usque
253 2717 324 2745 diem
349 2718 433 2746 variis
458 2718 487 2745 in
509 2721 654 2753 utramque
683 2723 788 2754 partem
810 2718 921 2746 Patrum

141 2763 309 2792 testimoniis
323 2763 433 2800 agitata.
450 2763 572 2792 Celebris
585 2763 656 2799 apud
667 2764 785 2796 Graecos,
803 2772 853 2792 nec
866 2772 920 2792 non

143 2808 301 2837 Latinorum
313 2810 459 2838 nonnullos
473 2809 524 2838 fuit
546 2809 638 2845 opinio
660 2818 721 2838 cum
747 2811 831 2839 fuisse
847 2811 922 2846 biga-

145 2862 228 2888 mum,
247 2859 273 2883 et
289 2855 368 2884 aliam
393 2861 454 2884 ante
483 2855 620 2890 Virginem
637 2856 767 2885 habuisse
794 2864 917 2885 uxorem.

970 2269 1058 2295 ἐκεῖνο
1075 2267 1163 2302 σῶμα,
1187 2267 1238 2294 οὐ»
1259 2267 1292 2293 ἂν
1312 2268 1351 2298 είς
1366 2267 1410 2293 τὸν
1427 2266 1493 2293 Θεὸν
1509 2267 1695 2302 ἐξαμάρτοιεν.
1713 2265 1749 2291 To

972 2313 1021 2348 μὲν
1037 2313 1090 2348 γὰρ
1107 2312 1253 2346 ὑποζεῦξαι
1266 2312 1305 2348 τῷ
1320 2312 1394 2348 νόμῳ
1408 2312 1457 2347 τῆς
1473 2312 1589 2346 φύσεως,
1605 2313 1651 2339 καὶ
1667 2319 1751 2338 κατα-

970 2358 1101 2385 δουλῶσαι
1113 2358 1198 2394 αὑτὴν
1213 2358 1256 2386 διὰ
1273 2358 1318 2385 τοῦ
1329 2358 1417 2393 γάμου
1432 2357 1470 2393 τῷ
1486 2358 1612 2393 ἀγομένῳ
1620 2357 1675 2384 τῶν
1690 2358 1751 2384 ἀτο-

971 2405 1101 2432 πωτάτων
1119 2405 1215 2432 ἐδόκει.
1242 2404 1389 2441 Ἰεροσυλία
1408 2404 1462 2439 γὰρ
1481 2403 1608 2439 ἄντικρυς
1621 2402 1750 2439 ἐνομίσθη

971 2450 1042 2477 θείου
1056 2449 1228 2485 ἀναθήματος
1238 2449 1379 2484 ἄνθρωπον
1389 2448 1514 2483 γενέσθαι
1523 2448 1627 2484 κύριον.
1642 2448 1751 2483 Ἐπειδὴ

971 2494 1109 2531 κυριεύειν
1122 2496 1154 2521 ὲκ
1164 2494 1222 2521 τῶν
1231 2494 1319 2529 νόμων
1329 2494 1343 2520 ὁ
1354 2493 1423 2529 ἀνὴρ
1439 2493 1540 2529 ἐτάχθη
1551 2493 1602 2528 τῆς
1611 2492 1752 2527 γυναικός.

971 2540 1007 2567 Τὸ
1021 2540 1049 2567 δὲ
1063 2542 1117 2572 τοῖς
1134 2540 1251 2576 ἱερεῦσιν
1263 2539 1338 2571 ὲντδς
1347 2539 1401 2566 τῶν
1410 2539 1566 2575 ἀνακτόρων
1578 2538 1753 2574 συναναστρέ-

972 2585 1068 2621 φεσθαι
1080 2588 1222 2621 γυναῖκας,
1237 2586 1285 2614 καὶ
1297 2586 1326 2612 ὲν
1336 2587 1392 2617 τοῖς
1408 2586 1495 2620 ἁγίοις
1510 2586 1624 2622 ὁρᾶσθαι
1633 2585 1695 2613 οὕτε
1708 2585 1752 2612 νό-

973 2639 1054 2666 μιμον
1063 2629 1107 2667 ἦν,
1119 2631 1233 2666 καῐᾶμα
1242 2631 1280 2666 τῷ
1290 2631 1433 2667 πράγματι
1444 2631 1483 2666 τῷ
1491 2631 1590 2667 σεμνὸν
1599 2631 1630 2658 οὺ
1638 2630 1751 2666 προσῆν.

972 2673 1179 2709 Βουλευομένοις
1199 2674 1226 2701 δὲ
1242 2675 1333 2706 αὐτοῖς
1352 2673 1529 2710 περὶτούτων
1545 2673 1636 2700 θεόθεν
1649 2672 1753 2707 γίνεται

973 2719 1109 2755 συμϐουλὴ
1123 2718 1213 2746 ὼῦναι
1229 2719 1278 2755 μὲν
1288 2719 1371 2755 αὐτὴν
1384 2718 1461 2755 ἀνδρὶ
1473 2718 1619 2754 μνηστείας
1631 2717 1751 2753 ὀνόματι·

972 2764 1064 2792 τοῦτον
1079 2765 1107 2792 δὲ
1123 2764 1241 2792 τοιοῦτον
1252 2763 1331 2797 εἰναι,
1348 2761 1403 2792 οἷον
1415 2765 1483 2800 πρὸς
1496 2763 1618 2799 φυλακὴν
1629 2763 1679 2798 τῆς
1688 2770 1755 2798 παρ-

973 2810 1061 2842 θενίας
1083 2810 1241 2845 ἐπιτηδείως
1264 2810 1345 2845 ἔχειν.
1371 2809 1477 2846 Εὑρὲθη
1496 2809 1585 2836 τοίνυν
1602 2810 1617 2836 ὸ
1644 2807 1753 2844 Ἰωσὴφ,

972 2853 1024 2883 οἷον
1045 2856 1167 2891 ἐπεζήτει
1189 2856 1304 2890 ἁλῦγος,
1330 2857 1360 2882 ἐκ
1382 2856 1432 2891 τῆς
1454 2856 1536 2890 αὐτῆς
1560 2854 1645 2889 φυλῆς
1661 2862 1690 2880 τε
1709 2853 1754 2879 καὶ

236 3122 1765 3457 v
