3968 6914
532 290 667 351 {683

1853 281 2093 338 LEONIS
2126 278 2398 334 ALLATII

3606 278 3742 331 1044

527 409 762 479 πατριᾶς
782 409 847 477 τῇ
879 405 1153 476 Παρθένῳ,
1185 405 1278 456 καὶ
1309 403 1596 474 μνηστεύει
1625 400 1763 454 κατὰ
1785 398 2086 470 συμϐουλὴν
2115 400 2163 455 Α
2187 395 2654 468 δυναστευόμενος,
2671 397 2745 461 ὼς
2773 401 2830 450 ὲν
2850 401 2915 468 τῇ
2939 398 3164 467 δυνάμει
3191 395 3356 449 αὐτοῦ
3387 389 3525 448 εἶναι
3557 393 3747 462 καινὴν

526 498 635 552 τῶν
671 498 854 566 ἱερέων
883 494 1060 564 ἑαυτῷ
1086 493 1182 564 τὴν
1215 493 1394 550 παῖδα.
1438 494 1502 547 Ἠ
1541 492 1596 547 δὲ
1631 492 1892 561 συνάφεια
1932 491 2090 561 μέχρι

534 587 822 660 μνηστείας
871 583 959 658 ἦν.
1011 586 1141 639 Τότε
1192 589 1622 657 μυπαγωγεῖται
1663 585 1812 655 παρὰ
1849 583 1940 637 τοῦ
1984 583 2089 636 Γα-

531 680 689 753 ϐριὴλ
717 681 750 750 ἡ
774 678 1066 749 Παρθένος.
1104 677 1221 733 Non
1252 679 1538 734 dissimilia
1570 678 1729 732 habet
1750 675 2087 746 Epiphanius

530 773 776 827 adversus
805 772 1388 835 Antidicomarianitas,
1420 778 1472 825 et
1504 771 1649 825 alibi.

599 866 845 929 (301.775,
865 866 964 920 lin.
985 865 1072 920 '55.
1096 865 1204 917 Καὶ
1225 861 1586 916 καταλιπών.
1601 861 1704 915 Alii
1722 876 1833 915 rem
1861 861 1998 914 hanc
2014 860 2088 914 ita

529 969 772 1011 narrant.
807 956 1139 1024 Desponsata
1162 951 1325 1024 Virgo
1356 951 1673 1022 parentibus
1696 950 1959 1014 redditur,
1988 949 2085 1020 qui

528 1062 648 1101 eam
697 1046 915 1100 domum
961 1046 1240 1107 reducam,
1267 1053 1319 1100 et
1346 1060 1467 1114 qua:
1512 1044 1579 1097 ad
1615 1043 1828 1097 futuras
1869 1043 2084 1111 nuptias

531 1146 659 1193 sunt
707 1139 1016 1193 necessaria
1064 1145 1383 1206 prmparcnt.
1430 1135 1589 1190 Erant
1633 1135 1905 1204 sponsalia
1936 1134 2086 1203 ejus-

528 1229 676 1284 modi
710 1229 853 1300 apud
885 1227 1161 1293 Hebraeos,
1207 1246 1314 1282 non
1351 1228 1578 1282 minoris
1618 1228 1871 1281 momenti
1921 1242 2082 1296 quam

528 1321 661 1389 ipsa:
697 1322 920 1392 nuptiae,
955 1329 1012 1374 ut
1041 1329 1232 1374 auctor
1259 1327 1342 1375 est
1390 1318 1563 1384 Philo,
1593 1319 1637 1374 si
1666 1319 1882 1388 quidem
1914 1320 1966 1372 in
1996 1334 2084 1373 so-

528 1411 697 1465 lemni
756 1413 1053 1464 amicorum
1099 1419 1366 1464 conventu
1424 1394 1604 1462 mariti
1646 1409 1936 1476 uxorisque
1987 1424 2084 1462 no-

527 1504 675 1556 mina
705 1503 1083 1557 scribebantur
1123 1501 1176 1554 in
1211 1500 1428 1565 tabulis,
1455 1509 1508 1554 et
1538 1499 1584 1553 si
1615 1500 1744 1569 quid
1802 1514 1998 1569 sponsa
2029 1499 2082 1551 in

525 1595 687 1649 domo
709 1602 929 1665 paterna
979 1609 1204 1648 manens
1258 1594 1596 1664 deliquisset,
1627 1608 1778 1662 atque
1812 1593 2083 1662 plecteba-

523 1695 634 1749 tur,
671 1701 734 1740 ac
767 1695 961 1757 nupta;
997 1694 1054 1739 ut
1088 1687 1355 1754 lapidibus
1391 1687 1732 1748 obrueretur,
1765 1684 1809 1738 si
1831 1683 2080 1739 adulterii

523 1793 616 1833 rea
633 1779 849 1834 inventa
874 1786 1034 1833 esset.
1060 1777 1282 1832 Mariam
1321 1784 1502 1832 autem
1529 1778 1776 1830 nuntium
1803 1776 1870 1830 ab
1891 1776 2080 1846 angelo

524 1872 850 1942 suscepisse,
881 1870 1010 1925 dum
1061 1872 1236 1926 adhuc
1278 1881 1517 1925 maneret
1555 1871 1610 1924 in
1648 1869 1811 1923 domo
1835 1879 2079 1939 paterna.

593 1963 711 2018 Col.
740 1962 862 2028 776,
892 1962 986 2017 lin.
1007 1963 1060 2016 5.
1093 1964 1194 2016 Ἐν
1216 1959 1304 2029 οἷς
1330 1964 1428 2019 καὶ
1452 1963 1576 2016 τόν.
1599 1961 1805 2016 Similia
1827 1963 1894 2016 de
1915 1977 2080 2016 causa

521 2055 674 2112 necis
704 2055 982 2110 Zachariae
1013 2056 1265 2126 leguntur
1303 2057 1445 2126 apud
1495 2053 1716 2111 Petrum
1765 2055 2080 2124 episcopum

522 2147 947 2203 Alexandrinum
977 2155 1031 2202 et
1078 2156 1365 2219 martyrem
1401 2148 1458 2202 in
1488 2147 1606 2203 suis
1659 2146 1870 2217 Regulis
1919 2145 2082 2200 eccle-

521 2236 784 2302 siasticis,
826 2252 963 2308 quas
995 2237 1195 2308 recepit
1239 2245 1402 2307 atque
1438 2237 1685 2309 probavit
1725 2243 1878 2292 sexta
1924 2250 2079 2308 syno-

521 2332 646 2393 dus,
679 2345 800 2400 cap.
834 2330 884 2396 l,
911 2329 1052 2400 apud
1082 2327 1427 2385 Theodorum
1458 2328 1856 2384 Balsamonem.

590 2421 754 2487 lbid.,
784 2422 880 2477 lin.
913 2423 1000 2477 5L
1033 2424 1154 2477 Οὐκ
1184 2419 1367 2488 εἶδον,
1391 2423 1446 2475 el
1464 2421 1550 2491 μὴ
1584 2420 1648 2474 τὸ
1682 2416 1762 2474 al.
1796 2418 2082 2474 Tertullia-

523 2530 648 2578 nus,
683 2515 737 2569 in
769 2513 1073 2582 Scorpiaco,
1107 2529 1226 2584 cap.
1272 2514 1306 2570 8
1339 2533 1352 2568 :
1397 2512 1687 2568 Zacharias
1727 2513 1871 2566 intra
1913 2511 2082 2566 altare

521 2618 571 2659 et
605 2605 769 2659 cedem
810 2604 1130 2671 trucidatur,
1183 2621 1426 2674 perennes
1473 2605 1674 2658 cruoris
1721 2605 1804 2656 sui
1847 2607 2080 2656 maculas

523 2696 758 2750 silicibus
782 2697 1058 2766 assignans
1080 2713 1102 2760 ;
1127 2705 1182 2751 et
1210 2696 1474 2750 Baronius
1508 2695 1722 2762 scribit,
1753 2711 1811 2750 se
1837 2695 2082 2764 aliquan-

525 2789 597 2843 do
631 2788 884 2843 incidisse
914 2789 968 2842 in
1013 2789 1294 2858 antiquum
1340 2787 1578 2842 codicem
1613 2803 1776 2842 manu
1817 2786 2078 2857 scriptum

528 2880 764 2950 positum
808 2879 861 2933 in
896 2879 1220 2933 bibliotheca
1253 2877 1514 2932 Vaticana
1545 2877 1623 2932 De
1667 2879 2081 2948 peregrinatione

527 2973 596 3026 ad
644 2972 760 3026 loca
797 2982 980 3026 sancta
1011 2988 1030 3026 :
1078 2971 1133 3026 in
1164 2986 1272 3040 quo
1303 2970 1491 3026 eadem
1542 2969 1608 3025 de
1653 2970 1926 3024 Zachariae
1954 2985 2081 3026 san-

521 3065 690 3137 guine
720 3063 991 3132 lapidibus
1035 3063 1219 3133 templi
1269 3062 1540 3118 indelebili
1588 3070 1716 3116 nota
1763 3063 2077 3127 inhaerente,
2105 3095 2149 3154 α

525 3162 675 3210 certa
716 3155 818 3210 lide
847 3155 1167 3224 consignata
1203 3162 1379 3209 erant.
1413 3151 1754 3208 itinerarium
1785 3156 1912 3208 item
1944 3152 2079 3207 Bur-

521 3247 850 3316 degalense:
886 3245 953 3300 In
994 3263 1254 3300 marmore
1283 3255 1404 3299 ante
1444 3263 1593 3298 aram
1620 3247 1924 3315 sanguinem
1961 3243 2083 3298 Za-

525 3336 742 3401 cltarite,
769 3335 842 3389 ibi
867 3337 1012 3389 dicas
1041 3336 1193 3390 hodie
1221 3336 1417 3404 fusum,
1449 3336 1609 3388 etiam
1653 3345 1836 3404 parent
1869 3337 2081 3406 vestigia

523 3425 778 3489 militum,
809 3426 897 3495 qui
924 3443 1040 3480 eum
1072 3426 1400 3479 trucidarunt
1425 3428 1478 3480 in
1515 3436 1675 3480 totam
1706 3443 1881 3480 aream
1910 3437 2082 3496 utpote

527 3521 582 3570 in
607 3533 726 3572 cera
743 3518 908 3586 [imum
933 3534 1062 3573 esse.
1087 3517 1406 3590 Hippolytus
1437 3518 1724 3574 Thebanus
1750 3518 1803 3570 in
1828 3517 2082 3588 Chronico

527 3610 686 3665 aliter
709 3609 777 3665 de
799 3620 969 3666 morte
996 3610 1296 3677 Zacharize;
1333 3613 1408 3666 ait
1427 3613 1570 3666 enim
1591 3630 1734 3676 eum,
1762 3613 1887 3666 dum
1914 3615 2084 3668 sacris

526 3714 843 3772 operaretur
856 3703 922 3762 de
935 3719 1084 3758 more
1102 3703 1540 3774 lapidibusjactis
1558 3706 1878 3759 trucidatum
1893 3707 2080 3769 fuisse,

526 3809 867 3865 eorporeque
909 3805 1119 3865 raptato
1164 3799 1218 3850 in
1253 3798 1390 3852 valle
1421 3795 1681 3867 Josaphat
1711 3814 2030 3868 suspensum
2065 3814 2078 3848 :

541 3885 628 3938 'Ev
662 3886 769 3954 γὰρ
795 3887 873 3956 τῷ
907 3887 1199 3958 ἱερατεύειν
1227 3889 1386 3941 αὑτὸν
1434 3888 1574 3942 κατὰ
1623 3889 1683 3942 τὸ
1727 3889 1912 3952 εἰωθὸς
1938 3888 2084 3959 αὑτῷ

527 3976 966 4048 λιθοϐολῆσαντες
1002 3971 1182 4044 αὖτὸν,
1218 3981 1313 4033 καὶ
1351 3983 1787 4052 κροταφήσαντες
1831 3981 2083 4034 ἀπέκτεις-

527 4084 652 4122 ναν·
686 4069 778 4121 καὶ
813 4069 1074 4140 σύραντες
1115 4071 1422 4142 ἐκρέμασαν
1447 4072 1606 4124 αὑτὸν
1633 4075 1710 4135 εἰς
1737 4072 1834 4142 τὴν
1866 4073 2084 4126 κοιλάδα

526 4158 620 4212 τοῦ
662 4157 945 4228 Ἰωσαφάτ.
978 4159 1339 4231 Hieronymus
1369 4163 1469 4216 hoc
1505 4165 1839 4233 simplicitati
1867 4165 2088 4219 creden-

526 4253 662 4307 tium
699 4253 876 4323 potius
899 4253 1107 4316 tribuit,
1137 4270 1298 4322 quam
1341 4255 1552 4308 veritati
1591 4255 1831 4310 historiae
1863 4258 1914 4310 iu
1943 4255 2086 4310 Mat-

526 4346 651 4400 tluei
680 4362 814 4400 unt
844 4365 858 4401 :
897 4345 1250 4414 Simpliciores
1282 4347 1474 4416 fratres
1512 4349 1647 4401 inter
1679 4351 1860 4402 ruinas
1887 4351 2081 4419 templi,

525 4447 574 4492 et
603 4440 817 4503 altaris,
851 4441 956 4493 sive
983 4441 1035 4493 in
1063 4450 1336 4508 portarum
1369 4442 1615 4504 exitibus,
1651 4443 1738 4512 qui
1766 4441 1960 4496 Siloem
1989 4444 2087 4496 du-

527 4540 671 4597 cunt,
702 4531 862 4585 rubra
909 4548 1043 4586 saxa
1085 4541 1468 4595 monstrantes,
1520 4531 1795 4589 Zacharia:
1839 4536 2089 4606 sanguine

527 4633 713 4693 putant
735 4643 847 4680 esse
870 4627 1092 4695 polluta.
1136 4625 1257 4680 Non
1297 4625 1698 4680 condemnamns
1729 4644 1977 4694 errorem,
2002 4631 2091 4699 qui

527 4717 592 4771 de
617 4717 736 4771 odio
765 4719 1073 4773 Judceorum
1101 4729 1149 4773 et
1175 4718 1296 4789 ﬁdei
1319 4721 1509 4787 pietate
1533 4719 1814 4773 descendit.

598 4809 756 4874 lbid.,
787 4810 882 4864 lin.
931 4810 1018 4865 58.
1073 4812 1262 4877 ’Ἄλλη
1319 4809 1384 4863 δέ
1419 4826 1508 4875 τις
1558 4811 1808 4879 ἱστορία.
1854 4809 2089 4882 Cyrillus

527 4900 950 4964 Alexandrinus,
1001 4899 1248 4954 adversus
1300 4895 2090 4970 Anthropomorphitas:061:0;

527 4993 706 5048 τοίνυν
734 4995 761 5046 ὁ
778 4992 857 5062 τῷ
885 4992 1205 5064 προφητικῷ
1237 4992 1513 5063 Πνεύματι
1542 4993 1676 5064 πρὸς
1701 4992 1796 5064 τὴν
1818 4993 1926 5046 τῶν
1941 5010 2093 5065 ,κρυο

529 5084 679 5138 πτῶν
693 5085 893 5154 γνῶσιν
904 5085 1428 5156 χειραγωγούμενος,
1447 5086 1508 5138 τὸ
1531 5087 1822 5158 μυστήριον
1836 5088 1935 5156 τῆς
1951 5104 2092 5158 παρ-

531 5173 708 5242 θενίας
739 5179 832 5231 ἐπὶ
859 5175 951 5230 τοῦ
985 5176 1220 5249 ἀφθόρου
1274 5177 1433 5230 τόκου
1469 5181 1825 5248 κατανοήσας,
1862 5181 1922 5232 οὐ
1965 5197 2092 5233 κατ-

530 5267 714 5338 έκρινε
751 5267 831 5338 τῷ
867 5268 978 5339 ναῷ
1021 5269 1114 5322 τοῦ
1151 5272 1264 5332 τοῖς
1309 5267 1600 5340 παρθένοις
1644 5269 1781 5323 κατὰ
1813 5271 1902 5323 τὸν
1933 5273 2092 5342 νόμον

531 5361 1057 5432 ἀποκεκληρωμένου
1089 5362 1256 5414 τόπου
1284 5360 1382 5432 τὴν
1408 5361 1681 5430 πάναγνον
1726 5362 1938 5433 μητέρα
1957 5378 1970 5394 ·
2015 5363 2088 5416 δι-

531 5448 745 5504 δάσκων
777 5452 902 5515 τοὺς
943 5452 1244 5516 Ἰουδαίους,
1278 5454 1359 5506 ὅτι
1396 5454 1424 5506 ὁ
1454 5453 1561 5507 τῶν
1599 5453 1734 5506 ὅλων
1769 5454 2095 5526 δημιουργὸς

533 5540 629 5592 καὶ
660 5539 905 5608 βασιλεὺς
934 5543 1112 5613 πάσης
1147 5543 1374 5607 κτίσεως
1420 5545 1726 5617 ὑποχείριον
1776 5545 1898 5615 ἔχει’
1919 5546 2094 5616 ἑαυτῷ

537 5627 674 5698 μετὰ
723 5628 936 5684 πάντων
967 5633 1066 5702 τὴν
1092 5632 1436 5705 ἀνθρωπίνην
1464 5635 1645 5704 φύσιν,
1681 5635 1757 5706 τῷ
1792 5636 1904 5708 ἰδίῳ
1936 5637 2093 5708 θελή-

536 5739 661 5801 ματι
697 5719 827 5796 πρὸς
878 5725 936 5781 τὸ
985 5723 1169 5777 δοκοῦν
1201 5724 1368 5793 ἄγων,
1423 5727 1520 5779 οὐκ
1561 5728 1718 5789 αὐτὸς
1748 5729 1849 5780 ὕπὸ
1896 5729 2094 5801 ταύτης

2189 489 2436 559 γέννησιν
2461 491 2524 560 δη
2534 491 2878 561 μιουργῆσαι,
2891 492 3009 560 ἥτις
3023 492 3121 561 τὴν
3136 489 3433 559 γενομένην
3460 487 3678 558 μητέρα
3692 487 3748 537 τὸ

2187 576 2324 634 εἶναι
2373 582 2634 654 παρθένον
2661 583 2759 634 οὐκ
2811 583 3191 652 ἀφαιρήσεται.
3239 580 3339 632 Διὰ
3373 579 3530 631 τοῦτο
3583 577 3751 647 αὐτὴν

2186 673 2284 725 οὐκ
2311 673 2569 745 ἀπέκρινε
2600 673 2678 744 τῷ
2705 671 2817 743 ναῷ
2853 672 2946 725 τοῦ
2978 672 3152 743 χώρου
3179 671 3286 724 τῶν
3312 671 3623 740 παρθένων.
3645 665 3770 747 Ἦν-

2185 763 2240 816 δὲ
2277 767 2306 818 ὁ
2336 765 2496 828 τόπος
2527 760 2678 828 οὗτος
2709 767 2770 818 τὸ
2807 764 3002 833 μεταξὺ
3045 764 3137 817 τοῦ
3167 763 3294 816 ναοῦ
3335 763 3429 815 καὶ
3457 762 3749 831 θυσιαστη-

2191 853 2304 924 ρίου
2337 853 2624 924 διάστημα.
2665 854 2878 924 Ἐπειδὴ
2910 851 3002 906 οὖν
3029 856 3221 924 ἤκουον
3254 853 3478 922 βασιλέα
3505 853 3605 921 τῆς
3635 852 3749 903 xti-

2189 961 2323 1007 σεως
2353 947 2431 1007 εἰς
2446 945 2690 1014 γέννησιν
2707 945 3046 1017 ἀνθρωπίνην
3068 944 3417 1013 οἰκονομικῶς
3441 942 3747 1012 προελθεῖν,

2187 1035 2336 1105 φόϐῳ
2367 1036 2428 1088 τὸ
2469 1036 2542 1106 μὴ
2579 1036 2825 1104 γενέσθαι
2873 1036 3076 1106 βασιλεῖ
3108 1035 3422 1106 ὑποχείριοι,
3465 1036 3560 1088 τὸν
3611 1052 3750 1106 μαρ-

2183 1126 2446 1196 τυροῦντα
2475 1127 2644 1180 ταῦτα
2674 1130 2799 1201 περὶ
2827 1127 2920 1180 τοῦ
2953 1128 3109 1180 τόκου
3138 1127 3588 1199 ,διαχειρίζονται,
3616 1128 3751 1197 πρὸς

2185 1217 2333 1288 αὐτῷ
2380 1217 2744 1290 θυσιαστηρίῳ
2785 1220 2874 1272 τὸν
2919 1219 3068 1287 ἱερέα
3124 1219 3597 1288 ξερουργήσαντες.
3648 1217 3755 1272 Ea-

2184 1307 2305 1360 dem
2349 1308 2510 1362 habet
2543 1306 2826 1375 Origenes,
2861 1309 2915 1362 in
2953 1306 3147 1361 Matth.
3191 1314 3352 1361 tract.
3403 1307 3496 1369 26,
3538 1307 3754 1378 Grego-

2182 1396 2298 1452 rius
2326 1395 2621 1467 Nyssenus,
2670 1396 2901 1452 Basilius
2946 1404 2998 1451 et
3031 1397 3141 1472 alii.
3172 1396 3238 1448 Et
3278 1396 3345 1450 de
3375 1411 3440 1450 eo
3480 1398 3745 1466 intelligit

2183 1488 2608 1559 Hicronymusin
2626 1486 2819 1542 Matth.
2843 1503 2962 1558 cap.
2988 1505 3143 1552 χχιιι,
3166 1489 3286 1541 libr.
3315 1505 3364 1541 tv
3384 1506 3396 1541 :
3416 1487 3756 1541 AliiZachao

2183 1582 2318 1633 riam
2349 1591 2549 1649 patrem
2588 1580 2811 1634 Joannis
2860 1580 3082 1649 intelligi
3113 1580 3290 1633 volunt
3318 1593 3382 1632 ex
3421 1580 3745 1647 quibusdam

2183 1671 2608 1741 Apocrgphorum
2637 1672 2855 1726 somniis
2892 1671 3256 1740 approbantes,
3288 1671 3426 1740 quod
3470 1682 3757 1740 propterea

2185 1764 2388 1818 occisus
2431 1764 2521 1831 sit,
2550 1765 2674 1833 quia
2719 1761 3012 1818 Saluatoris
3039 1763 3402 1832 praedicauerit
3440 1764 3754 1816 aduentum.

2189 1855 2302 1910 Hoc
2334 1858 2457 1926 quia
2484 1857 2546 1910 de
2575 1856 2866 1924 Scripturis
2894 1872 2996 1908 non
3042 1855 3192 1909 habet
3238 1857 3627 1910 auctoritatem.
3657 1873 3758 1909 ea-

2184 1945 2298 2000 dem
2346 1945 2603 2015 [acilitate
2647 1945 3016 2008 contemnitur,
3055 1961 3159 2015 qua
3186 1945 3460 2012 probatur.
3507 1943 3758 2000 Consule

2185 2049 2444 2110 praeterea
2480 2037 2860 2110 Epiphanium,
2917 2037 2996 2092 De
3044 2037 3138 2092 uit.
3179 2047 3229 2090 et
3266 2037 3418 2090 inter.
3468 2035 3753 2105 Praphet.,

2185 2143 2304 2200 cap.
2342 2129 2433 2183 23.

2248 2241 2434 2308 olbid.,
2488 2244 2584 2297 litt.
2643 2243 2730 2299 50.
2780 2243 3086 2311 Διακρίνας
3126 2243 3414 2311 ὀνείρατα.
3471 2240 3754 2307 Justinus,

2188 2335 2392 2390 Hister.
2425 2335 2548 2389 libr.
2578 2350 2776 2389 xxxvi:
2811 2333 3062 2388 Minimus
3090 2342 3245 2387 (etate
3274 2335 3407 2387 inter
3429 2333 3628 2401 fratres
3655 2332 3758 2388 Ι..-

2185 2427 2307 2495 seph
2354 2427 2498 2496 fuit:
2530 2427 2676 2494 cujus
2724 2427 2979 2480 excellens
3031 2426 3293 2496 ingenium
3328 2426 3478 2478 reriti
3534 2427 3757 2493 fratres,

2185 2519 2324 2573 clam
2375 2519 2715 2586 interceptum
2760 2517 3046 2586 peregrinis
3099 2515 3472 2569 mercatoribus
3509 2517 3756 2580 uendide-

2185 2619 2326 2664 runt.
2350 2609 2391 2663 Α
2424 2610 2606 2681 quibus
2629 2610 2929 2678 deportatus
2954 2619 3030 2663 est
3055 2610 3106 2662 in
3131 2608 3456 2678 zEgyptum;
3492 2625 3614 2661 eum
3639 2627 3753 2663 ma-

2183 2704 2326 2774 gicas
2366 2703 2436 2757 ibi
2471 2713 2607 2756 artes
2665 2703 2845 2756 solerti
2885 2703 3085 2772 ingenio
3122 2703 3447 2769 percepisset,
3477 2701 3620 2754 brevi
3649 2703 3748 2769 ipsi

2186 2796 2293 2864 regi
2334 2795 2614 2863 percharus
2646 2795 2763 2863 fuit.
2811 2791 2951 2846 Nam
2979 2805 3022 2846 et
3059 2793 3416 2862 prodigiorum
3457 2796 3751 2863 sagacissi-

2186 2903 2302 2939 mus
2332 2897 2466 2949 erat,
2493 2895 2541 2938 et
2569 2887 2886 2939 somniorum
2911 2886 3110 2955 primus
3143 2885 3543 2953 intelligentiam
3571 2886 3753 2939 condi-

2184 2977 2282 3040 dit,
2304 2977 2532 3048 nihilque
2558 2978 2721 3031 divini
2743 2977 2884 3046 juris
2915 2977 3225 3046 humanique
3251 2977 3296 3029 ei
3325 2977 3652 3045 incognitum
3677 2979 3754 3031 ei-

2185 3057 2446 3132 debatur;
2478 3069 2605 3123 adeo
2653 3078 2710 3122 ut
2761 3070 2917 3122 etiam
2960 3069 3289 3121 sterilitatem
3331 3086 3584 3138 agrorum
3631 3079 3751 3124 ante

2186 3160 2374 3212 multos
2405 3178 2568 3213 annos
2598 3159 2874 3228 providerit
2899 3175 2915 3223 ;
2943 3161 3256 3229 perissetque
3286 3161 3454 3212 omnis
3485 3159 3751 3229 ﬁgi/plus

2185 3251 2324 3320 fame
2355 3251 2456 3304 nisi
2481 3253 2681 3304 monitu
2728 3251 2839 3319 ejus
2871 3266 2958 3303 rex
3001 3251 3168 3303 edicto
3197 3253 3395 3304 servari
3423 3267 3516 3319 per
3558 3253 3750 3306 multos

2186 3360 2350 3395 annos
2394 3341 2567 3410 fruges
2597 3341 2889 3409 jussisset;
2941 3350 3192 3410 tantaque
3232 3345 3587 3409 experimenta
3632 3345 3746 3413 ejus

2187 3433 2416 3500 fuerunt,
2448 3441 2504 3484 ut
2536 3448 2636 3484 non
2671 3430 2733 3484 ab
2767 3431 2990 3494 homine,
3017 3433 3108 3484 sed
3140 3449 3170 3485 a
3199 3431 3303 3485 Deo
3336 3449 3594 3501 responsa
3627 3433 3750 3488 dari

2189 3524 2500 3578 viderentur.
2541 3522 2646 3576 Sed
2677 3522 2804 3590 quid
2855 3522 3002 3576 aliud
3050 3523 3119 3576 ab
3152 3522 3369 3577 homine
3398 3539 3427 3575 a
3459 3523 3566 3578 ﬁde
3594 3525 3754 3578 Chri-

2188 3619 2363 3673 stiana
2400 3617 2575 3670 alieno
2611 3615 2839 3684 ﬁdeique
2882 3615 3085 3668 lumine
3125 3615 3387 3669 destituto
3421 3627 3753 3685 exspectan-

2188 3709 2314 3763 dum
2350 3716 2486 3771 erat,
2519 3721 2678 3776 quam
2709 3706 2950 3776 prodigia
2993 3706 3174 3759 divina
3221 3707 3442 3772 virtute,
3481 3709 3753 3778 impulsu

2187 3815 2292 3870 quc
2321 3807 2536 3868 peracta
2564 3799 2615 3850 in
2641 3797 2902 3850 humanas
2923 3799 3334 3866 superstitiones
3360 3800 3758 3871 illusionesque

2189 3891 2492 3945 dannonuxn
2540 3887 2781 3942 referre?
2821 3885 3040 3941 Fatetur
3075 3896 3254 3942 tamen
3288 3890 3402 3958 ipse
3444 3893 3756 3957 veritatem,

2190 3982 2430 4036 veritatis
2465 3980 2703 4048 ignarus.
2735 3976 2778 4031 Ο
2813 3977 2919 4031 vim
2957 3979 3202 4032 veritatis
3238 3981 3464 4033 rationis
3498 3981 3758 4036 humana:

2191 4072 2483 4127 asseclam!
2521 4074 2664 4132 quod
2695 4078 2815 4123 erat
2859 4069 3057 4122 divinae
3089 4071 3346 4138 potentia:
3377 4071 3561 4125 tribuit
3602 4073 3754 4126 invi-

2191 4173 2297 4216 tus.
2349 4161 2455 4214 Alii
2505 4160 2628 4213 aliis
2676 4158 3016 4212 somniorum
3058 4159 3527 4230 interpretationes
3568 4164 3750 4216 ascri-

2188 4255 2360 4308 bunt:
2398 4250 2552 4306 Philo
2603 4251 2842 4305 Biblicns
2871 4250 3219 4317 Abrahamo;
3262 4251 3458 4305 Plinius
3510 4252 3606 4305 lib.
3645 4269 3750 4320 vn,

2190 4346 2549 4421 Amphitrioni
2586 4343 2928 4398 Deucalionis
2964 4345 3105 4408 lilio;
3137 4343 3389 4400 Clemens
3428 4345 3758 4401 Alexandri-

2116 4450 2164 4509 ι)
2189 4455 2296 4493 nus
2330 4436 2667 4492 Tcrmissaeis
2701 4437 2914 4505 populis
2941 4435 3136 4506 Lyciae.

2260 4530 2378 4585 Col.
2427 4527 2560 4591 7‘77,
2617 4528 2714 4581 lin.
2759 4528 2846 4582 '55.
2902 4529 3198 4596 Πρότερον
3242 4528 3528 4582 ἕκαστον.
3579 4529 3756 4585 Verba

2190 4632 2464 4693 postrema
2517 4619 2706 4674 Jacobi
2741 4619 2807 4672 ad
2855 4619 2995 4673 lilios
3053 4620 3105 4673 in
3154 4620 3333 4673 vicina
3389 4629 3568 4676 morte
3611 4622 3756 4675 dicta

2190 4731 2323 4770 usus
2353 4713 2589 4767 obtinuit
2621 4721 2678 4765 ut
2723 4711 3127 4766 henedictiones
3169 4723 3520 4766 vocarentur.
3553 4711 3752 4766 Verum

2191 4807 2530 4869 Ambrosius,
2557 4805 2649 4858 lib.
2684 4803 2757 4857 De
2788 4803 3040 4856 benedict.
3064 4803 3381 4871 patriarch.,
3401 4815 3454 4856 ct
3484 4802 3749 4864 Bullinus,

2189 4901 2286 4954 lib.
2327 4900 2568 4968 ejusdem
2604 4897 2782 4962 tituli;
2813 4906 2866 4950 et
2893 4895 3285 4959 Theod‘oretus,
3318 4905 3516 4966 quaest.
3548 4897 3643 4949 ult.
3689 4899 3751 4950 in

2192 4989 2402 5054 Genes.,
2447 5003 2554 5043 non
2587 4987 2997 5042 benedictiones
3029 4985 3282 5050 illas,sed
3302 4987 3488 5055 potius
3520 4985 3753 5057 prophe-

2191 5085 2295 5137 tias
2331 5099 2438 5135 non
2469 5081 2588 5135 sine
2617 5081 2831 5134 ratione
2858 5078 3151 5148 appellant.

2267 5173 2427 5234 Ibid.,
2457 5172 2551 5225 lin.
2587 5170 2676 5225 '55.
2712 5169 2823 5223 Kal
2852 5168 2965 5236 τὴν
2991 5169 3107 5238 μὲν
3145 5169 3448 5237 εὐλογίαν.
3493 5167 3757 5239 Hierony-

2194 5281 2333 5321 mus.
2363 5264 2649 5330 Quwstiun.
2669 5262 2939 5316 Hebraicis
2969 5263 3022 5315 in
3047 5259 3254 5326 Genes.,
3276 5261 3436 5315 verba
3460 5259 3648 5316 Jacobi
3681 5263 3753 5314 ita

2193 5359 2425 5427 explicat
2451 5373 2463 5408 :
2493 5355 2593 5416 Tu.
2618 5354 2886 5422 Ruben,es
2905 5356 3277 5425 primogenitus
3309 5371 3476 5417 meus,
3497 5356 3670 5424 major
3701 5355 3753 5407 in

2195 5451 2393 5516 liberis,
2415 5459 2470 5503 et-
2491 5447 2703 5503 sedebas
2725 5448 2890 5519 juxta
2934 5447 3167 5502 ordinem
3208 5449 3506 5501 nativitatis
3541 5459 3664 5510 tum,
3706 5457 3757 5500 et

2194 5543 2572 5605 lum-editatem,
2595 5557 2712 5610 qua:
2737 5541 3091 5610 primogenitis
3109 5540 3229 5610 jure
3254 5539 3559 5605 debebatur,
3585 5557 3758 5593 sacer-

2196 5636 2396 5690 dotium
2422 5635 2617 5689 scilicet
2644 5642 2692 5687 et
2724 5649 2936 5703 regnum
2975 5634 3204 5699 accipere
3225 5631 3443 5686 debebas
3463 5672 3475 5683 .
3515 5631 3613 5685 hoc
3639 5633 3760 5700 qui-

2198 5730 2310 5784 dem
2350 5729 2398 5783 in
2439 5726 2698 5800 portando
2735 5743 2906 5795 onere,
2939 5737 2985 5781 et
3016 5725 3300 5795 prn'valido
3328 5729 3509 5779 robor:
3540 5724 3760 5779 denitu-
