4008 6208
273 347 409 406 i035

1296 343 1360 398 ΙΝ
1400 343 1766 398 EUSTATllll
1801 341 2266 398 HEXAEMERON
2304 341 2530 398 ΝΟΤᾹΞ.

3359 345 3494 402 ιοιθ

271 468 490 516 uratur.
532 455 741 519 Verum,
772 457 896 525 quia
928 456 1186 523 peccasti,
1249 466 1299 508 et
1341 456 1498 525 quasi
1526 472 1683 525 aqua,
1719 473 1834 525 quis

1955 454 2225 525 Ἐϐραίους
2270 455 2576 526 διατεθῆναι
2610 453 2747 507 κατὰ
2787 454 2976 523 φθόνον
3009 456 3104 526 τῆς
3132 449 3492 526 εὐδαιμονίας,

271 551 480 605 vasculo
512 565 617 602 non
667 557 889 612 tenetur,
932 547 1212 615 voluptatis
1261 548 1458 616 e/I’usus
1514 567 1566 603 es
1613 550 1822 615 impetu,

1939 548 2199 618 Ὁρῶντες
2238 547 2344 618 γὰρ
2375 546 2480 599 τῶν
2520 545 2863 617 Ἰσραηλιτῶν
2901 546 3054 614 γένος
3103 547 3366 617 ἀκμάζον,
3401 552 3495 604 καὶ

273 642 468 696 idcirco
490 639 736 710 praecipio
769 638 884 705 tibi,
922 648 976 690 ut
1019 639 1158 692 ultro
1208 655 1309 691 non
1339 657 1536 709 pecces,
1570 641 1740 709 sisque
1775 641 1828 692 in

1959 641 1989 690 ι’
2020 640 2217 710 ἀρετὴν
2253 640 2343 693 καὶ
2389 638 2524 711 πρὸς
2564 638 2623 689 τὸ
2671 641 2849 690 πονεῖν
2880 640 3101 706 εὐφυΐαν
3141 639 3332 708 πλήθει
3362 658 3496 713 χρη-

273 733 502 802 fratrum
539 747 750 783 numero
777 746 980 798 poenam
1015 746 1078 782 ea:
1113 741 1322 798 peccato
1363 734 1528 794 luens,
1554 731 1691 801 quod
1716 733 1826 795 pri-

273 824 522 893 mogeniti
569 823 803 876 ordinem
851 822 1147 890 perdidisti.
1196 822 1387 878 Ruben
1439 825 1582 879 enim
1623 824 1828 879 dormi-

271 923 424 971 verat
474 927 597 967 cum
641 911 769 964 Bala
804 927 970 966 uxore
1012 913 1177 982 patris
1229 914 1334 974 sui,
1395 913 1621 983 ideoque
1675 915 1830 968 multi

274 1007 633 1068 afﬁrmarent,
657 1013 778 1074 post
807 1004 858 1058 id
890 1011 1101 1073 tempus
1125 1004 1388 1058 Jacobum
1422 1021 1542 1059 cum
1571 1005 1692 1058 Bala
1720 1021 1830 1059 rent

273 1112 387 1153 non
417 1096 693 1150 habuisse.
726 1093 1020 1148 Historiam
1048 1102 1226 1147 tamen
1257 1093 1396 1146 hanc
1425 1095 1501 1146 uti
1549 1093 1748 1147 falsam
1779 1102 1832 1148 et

276 1191 348 1244 ab
385 1185 622 1242 Hebraeis
668 1185 950 1240 conﬁctam
994 1184 1192 1238 refellit
1236 1185 1580 1247 Ambrosius,
1619 1185 1712 1238 lib.
1761 1184 1834 1241 De

277 1278 526 1334 benedict.
573 1275 900 1339 Patriarch.,
935 1289 1054 1344 cap.
1089 1274 1164 1327 Ξῖ
1199 1273 1396 1336 Judaei,
1429 1275 1622 1344 inquit,
1649 1283 1832 1343 putant

274 1369 445 1424 Jacob
469 1368 668 1421 dixisse
695 1369 792 1420 hoc
815 1366 882 1418 ad
912 1365 1110 1428 Ruben,
1130 1368 1252 1435 quia
1279 1382 1394 1417 cum
1422 1365 1707 1418 concubina
1737 1381 1835 1417 sua

274 1458 416 1514 Bala
449 1455 813 1518 concubuerat,
836 1461 885 1508 et
915 1455 1145 1521 patrium
1169 1452 1374 1505 thorum
1407 1451 1669 1520 polluerat
1696 1467 1714 1513 ;
1747 1449 1834 1502 sed

276 1548 437 1620 facile
467 1546 795 1615 refelluntur.
825 1543 938 1599 Hoc
963 1545 1097 1598 enim
1122 1553 1233 1598 erat
1258 1551 1377 1596 ante
1403 1551 1638 1613 gestum;
1671 1540 1834 1595 Iacob

278 1650 454 1696 autem
485 1657 586 1694 non
629 1655 693 1692 ea
741 1654 855 1708 qua:
908 1648 1050 1706 gesta
1075 1645 1225 1691 erant
1251 1675 1266 1699 ,
1308 1634 1396 1688 sed
1456 1650 1572 1703 quae
1623 1643 1838 1687 ventura

279 1743 431 1790 erant
462 1733 514 1786 in
557 1731 852 1786 novissimis
883 1729 1066 1785 diebus
1109 1727 1375 1797 professus
1400 1735 1478 1781 est
1519 1743 1572 1782 se
1605 1742 1714 1781 esse
1754 1724 1837 1778 di-

281 1837 511 1880 cturum.

351 1918 469 1974 Col.
498 1917 622 1981 777,
653 1916 747 1970 litt.
779 1913 868 1970 37.
898 1913 949 1964 Ὁ
981 1910 1048 1964 δὲ
1073 1910 1308 1976 Ῥουϐίμ
1333 1909 1625 1977 ἡττηθείς.
1652 1906 1840 1962 Ruben

283 2011 340 2064 in
358 2015 644 2079 paternum
666 2006 867 2060 lectum
886 2002 1076 2057 rabido
1106 2000 1336 2070 quodam
1358 2001 1542 2054 furore
1559 1999 1840 2062 insiliisse,

283 2101 514 2171 ideoque
564 2112 792 2168 regnum
836 2106 890 2150 et
940 2093 1328 2156 sacerdotium,
1363 2091 1580 2146 tametsi
1643 2089 1841 2159 alioqui

285 2201 417 2246 natu
463 2191 674 2262 primus
723 2193 890 2251 esset,
934 2201 1041 2239 non
1085 2184 1254 2238 fuisse
1305 2191 1692 2245 consecutum,
1748 2179 1843 2236 sed

287 2279 436 2344 Levi,
473 2281 544 2336 ob
583 2279 947 2341 sanctitatem,
989 2286 1040 2331 et
1071 2279 1349 2346 pietatem,
1396 2285 1451 2332 et
1491 2276 1616 2346 quia
1674 2274 1846 2329 divini

287 2373 511 2429 honoris
538 2385 706 2426 causa
731 2376 1088 2439 cognatorum
1124 2368 1388 2438 sanguine
1433 2382 1627 2422 manus
1656 2365 1846 2435 imple-

287 2467 478 2528 visset,
530 2461 836 2518 sacerdotio
863 2459 1146 2525 donatum,
1200 2467 1253 2514 et
1290 2457 1484 2514 Iudam
1514 2467 1736 2528 propter
1766 2457 1848 2511 in—

291 2567 502 2627 tegrum
549 2553 837 2624 judicium,
872 2558 925 2605 et
958 2557 1163 2604 rectam
1197 2549 1482 2604 scientiam
1526 2548 1727 2618 regiam
1761 2545 1847 2600 di.-

287 2650 548 2720 gnitatem
599 2645 906 2700 obtinuisse
957 2642 1200 2696 insinuat
1259 2641 1504 2696 Isidorus
1547 2638 1845 2702 Pelusiota,

291 2741 390 2796 lib.
418 2755 479 2803 ιι,
508 2739 668 2808 epist.
706 2736 797 2801 48,
821 2742 874 2790 et
909 2731 1188 2788 concludit
1214 2751 1228 2786 :
1258 2731 1472 2802 Ἐπειδὴ
1507 2729 1616 2801 γὰρ
1642 2729 1850 2794 πολλοὶ,

291 2833 358 2886 τὰ
388 2833 566 2886 οἰκεῖα
591 2831 919 2902 κρύπτοντες
953 2825 1418 2896 πλημμελήματα,
1443 2823 1660 2893 ἑτέρους
1685 2837 1852 2874 κατα-

289 2923 598 2986 δικάζουσιν
617 2938 630 2950 ·
662 2914 813 2981 οὗτος
839 2919 896 2972 δὲ
922 2916 1113 2970 ἑαυτοῦ
1147 2916 1256 2986 μὲν.
1273 2914 1680 2986 κατεψηφίσατο
1697 2953 1711 2978 ,
1751 2912 1852 2983 τὴν

292 3015 351 3068 δὲ
366 3010 759 3083 πεπορνεῦσθαι
782 3007 1122 3078 νομισθεῖσαν
1144 3005 1418 3077 ἀπήλλαξε
1441 3004 1540 3075 τῆς
1553 3003 1820 3075 τιμωρίας
1835 3019 1849 3032 ·

296 3102 386 3158 διὰ
418 3101 574 3156 τοῦτο
596 3099 822 3162 εἰκότως
851 3097 950 3168 τῆς
981 3094 1255 3165 βασιλείας
1282 3094 1520 3164 ἠξιοῦτο.

362 3193 525 3257 Ibid.,
556 3193 654 3247 lin.
690 3193 778 3246 55.
831 3188 1325 3256 Τελευτήσαντος.
1364 3185 1654 3255 Iosephus,
1696 3184 1851 3238 Anti-

295 3287 454 3357 quit.,
480 3285 575 3340 lib.
615 3300 651 3338 ιι
673 3301 688 3337 :
708 3282 941 3352 Τελευτᾷ
971 3280 1027 3332 δὲ
1062 3280 1208 3350 βιοὺς
1251 3278 1344 3348 ἔτη
1375 3278 1444 3334 τὰ
1483 3277 1658 3330 πάντα
1691 3274 1858 3346 τριῶν

295 3377 481 3431 δέοντα
505 3376 836 3445 πεντήκοντα
867 3373 958 3426 καὶ
987 3370 1199 3434 ἑκατὸν,
1235 3369 1454 3439 μηδενὸς
1479 3368 1574 3438 μὲν
1604 3367 1709 3421 τῶν
1731 3383 1861 3438 προ-

297 3469 468 3538 γόνων
507 3465 839 3537 ἀποληφθεὶς
873 3467 956 3517 ἐπ’
994 3461 1366 3533 εὐσεϐείᾳ-τοῦ
1410 3460 1565 3526 Θεοῦ,
1599 3459 1775 3530 τυχὼν
1806 3459 1861 3512 δὲ

299 3561 551 3631 ἀμοιϐῆς,
594 3557 662 3631 ἦς
691 3559 892 3612 δίκαιον
932 3553 1004 3628 ἦν
1039 3554 1309 3618 τοσούτοις
1353 3553 1553 3622 ἀγαθὸν
1584 3553 1860 3622 γεγονότα.

315 3653 572 3724 Ἰώσηπος
618 3652 697 3719 δὲ,
753 3651 1200 3721 συγχωρήσαντος
1249 3645 1396 3717 αὐτῷ
1440 3645 1533 3698 τοῦ
1583 3645 1862 3716 βασιλέως,

300 3748 391 3801 τόν
427 3746 521 3800 τοῦ
572 3747 776 3816 πατρὸς
815 3744 1004 3815 νεκρὸν
1046 3743 1126 3804 είς
1172 3738 1430 3810 Χεϐρῶνα
1459 3739 1710 3808 κομίσας,
1753 3741 1868 3792 ὲκεῖ

303 3840 496 3894 θάπτει
522 3837 842 3901 πολυτελῶς.

373 3930 487 3986 Col.
517 3931 640 3994 780,
673 3931 768 3983 lin.
802 3929 850 3981 l.
883 3927 992 3982 Καὶ
1032 3928 1072 3994 ἡ
1115 3926 1465 3995 τερέϐινθος.
1504 3921 1578 3976 De
1614 3921 1735 3990 ejus
1765 3921 1868 3974 mi-

305 4023 553 4077 raculosa
622 4022 873 4090 antiquit.
934 4019 1234 4086 Josephus,
1298 4017 1374 4070 De
1431 4015 1561 4068 bello
1617 4012 1865 4075 Iudaico,

305 4112 400 4167 lib.
437 4127 490 4172 v.
524 4111 818 4164 Δείκνυται--
837 4110 893 4162 δὲ
936 4111 1040 4162 ἀπὸ
1075 4108 1298 4162 σταδίων
1344 4107 1401 4173 ἓξ
1438 4104 1531 4158 τοῦ
1571 4105 1759 4166 ἄστεος
1783 4119 1870 4154 τε·

310 4204 552 4277 ρέϐινθος
590 4203 837 4273 μεγίστη,
881 4201 971 4253 καί
1001 4217 1130 4269 φασι
1166 4200 1227 4251 τὸ
1251 4199 1463 4268 δένδρον
1497 4195 1606 4248 ἀπὸ
1634 4195 1730 4263 τῆς
1756 4192 1870 4244 κτί-

309 4312 443 4359 σεως
474 4294 632 4366 μέχρι
653 4292 747 4345 νῦν
775 4292 1044 4361 διαμένειν
1064 4307 1077 4321 ⁸
1113 4289 1180 4343 de
1209 4303 1272 4342 ea
1305 4287 1624 4340 Africanus:
1656 4278 1867 4343 Ἰακὼϐ,

309 4387 634 4460 ἁπαρεσθεὶς
674 4387 782 4447 τοῖς
821 4385 924 4436 ὑπὸ
975 4382 1198 4453 Συμεὼν
1251 4381 1345 4433 καί⁸
1386 4376 1515 4432 Λευῖ
1555 4373 1870 4447 πραχθεῖσιν

1931 731 2114 799 μάτων
2143 731 2240 801 ἤδη
2277 730 2562 800 λαμπροὺς
2599 729 2721 782 καθ’
2764 729 2939 782 αὐτῶν
2969 729 3243 795 αὔξεσθαι,
3278 732 3498 795 τούτους

1929 821 2339 891 ὑπελάμϐανον·
2372 815 2445 874 ὧν
2481 823 2530 873 τ’
2563 816 2702 892 ἦσαν
2742 816 2798 873 εὖ
2841 821 2943 872 ὑπὸ
2989 821 3248 892 Ἰωσήπου
3275 840 3501 895 τετυχη-

1931 916 2084 976 κότες
2111 912 2196 966 διὰ
2227 913 2414 984 χρόνου
2448 913 2620 984 μῆκος
2650 913 2818 984 λήθην
2843 913 3117 976 λαϐόντες,
3142 916 3233 966 καὶ
3265 915 3361 984 τῆς
3400 913 3499 984 βαι

1933 1005 2135 1068 σιλείας
2176 1007 2256 1068 εἰς
2302 1005 2456 1058 ἄλλον
2498 1001 2644 1057 οἷκον
2693 1005 3129 1075 μετεληλυθυίας,
3191 1005 3378 1069 δεινῶς
3418 1010 3502 1060 ὲν-

1933 1096 2150 1167 ύεριζον
2199 1098 2325 1158 τοὺς
2366 1095 2850 1166 Ίσραηλίτας,καὶ
2904 1096 3273 1167 ταλαιπωρίας
3321 1096 3503 1161 αὐτοῖς

1933 1187 2178 1250 ποικίλας
2215 1187 2484 1239 ἐπενόουν.
2516 1184 2671 1239 Philo
2703 1186 2796 1240 lib.
2840 1187 2915 1241 De
2953 1189 3058 1240 vita
3105 1186 3303 1257 Moysis
3340 1205 3357 1242 :
3391 1190 3500 1259 Τῆς

1935 1278 2112 1348 χώρας
2145 1279 2172 1330 ό
2197 1277 2465 1348 βασιλεὺς,
2500 1280 2578 1340 είς
2600 1278 3041 1350 πολυανθρωπίαν
3068 1281 3386 1344 ἐπιδιδόντος
3412 1283 3502 1334 ἀεὶ

1941 1369 2034 1420 τοῦ
2065 1367 2266 1431 ἔθνους,
2294 1369 2472 1430 δείσας
2506 1367 2578 1438 μὴ
2620 1370 2667 1420 οἱ
2701 1369 2926 1432 ἔποικοι,
2964 1369 3178 1433 πλείους
3204 1372 3498 1441 γενόμενοι,

1941 1460 2284 1531 δυνατωτέρα
2324 1461 2464 1530 χειρὶ
2510 1465 2621 1526 τοῖς
2661 1461 2942 1533 αὐτόχθοσι
2985 1464 3110 1534 περὶ
3142 1465 3372 1533 κράτους
3407 1465 3504 1535 ἀρα-

1939 1554 2038 1622 χῆς
2072 1551 2420 1622 ἁμιλλῶνται,
2453 1553 2550 1624 τὴν
2583 1555 2732 1625 ἰσχὺν
2765 1553 2941 1608 αὐτῶν
2974 1556 3224 1626 ἀφαιρεῖν
3245 1555 3504 1618 ἐπινοίαις

1937 1644 2304 1715 ἀνοσιουργοῖς
2338 1645 2646 1713 ἐμηχανᾶτο
2666 1663 2682 1677 ο
2708 1645 2800 1697 καὶ
2828 1644 3035 1699 κελεύει
3065 1645 3172 1698 τῶν
3204 1645 3506 1715 γενομένων

1938 1733 2006 1786 τὰ
2047 1733 2143 1804 μὲν
2173 1734 2339 1804 θήλεα
2361 1735 2598 1806 τρέφειν,
2650 1735 2790 1807 (ἐπεὶ
2818 1737 2956 1806 γυνὴ
2981 1736 3068 1789 διὰ
3098 1735 3308 1804 φύσεως
3345 1734 3507 1789 ἀσθέ-

1939 1844 2084 1879 νειαν
2126 1827 2352 1898 ὀκνηρὸν
2394 1829 2472 1890 είς
2521 1827 2752 1898 πόλεμον
2774 1828 2813 1895 ·)
2851 1827 2920 1880 τὰ
2956 1827 2999 1880 δ’
3033 1828 3238 1899 ἇρῤενα
3268 1827 3510 1898 διαφθεί-

1945 1936 2075 1989 ρειν,
2107 1919 2194 1972 ἵνα
2218 1920 2290 1990 μὴ
2322 1917 2525 1990 αὐξηθῇ
2568 1920 2707 1976 κατὰ
2753 1921 2950 1984 πόλεις.
2992 1921 3143 1973 Ἐπεὶ
3180 1921 3510 1994 εὐανδροῦσα

1939 2010 2165 2081 δύναμις
2204 2011 2508 2065 δυσάλωτον
2545 2012 2640 2064 καὶ
2676 2011 3092 2082 δυσκαθαίρετον
3139 2014 3505 2086 ἐπιτείχισμα.

1942 2101 2092 2157 Hanc
2143 2111 2321 2158 autem
2369 2106 2775 2174 Oppressionem
2821 2104 3090 2160 Eusebius
3147 2106 3203 2160 in
3250 2105 3508 2160 Chronico

1941 2201 2096 2264 putat
2130 2194 2314 2250 statim
2365 2195 2600 2265 cmpisse
2642 2210 2673 2248 a
2703 2202 2877 2250 morte
2917 2193 3142 2266 Josepli,
3187 2205 3239 2250 et
3280 2196 3510 2252 durasse

1941 2298 2099 2337 σχειν
2123 2285 2316 2351 annis;
2356 2282 2564 2338 Hebrmi
2606 2285 2658 2338 in
2683 2295 2855 2338 morte
2880 2283 3027 2348 Levi,
3059 2293 3111 2339 et
3135 2284 3364 2340 durasse
3384 2299 3507 2339 CXVI

1943 2377 2137 2440 annis;
2193 2373 2502 2431 Torniellus
2553 2375 2708 2430 initio
2739 2375 2889 2446 regni
2939 2375 3295 2445 Amenophis,
3330 2383 3384 2430 et
3413 2375 3512 2430 (ιυο

1942 2480 2098 2522 rasse
2128 2481 2213 2520 cvt
2245 2465 2438 2532 annis;
2473 2465 2730 2521 Pererius
2760 2480 2878 2521 eam
2897 2464 3125 2520 durasse
3160 2481 3381 2519 Lxxxvu
3415 2481 3512 2520 an-

1945 2559 2068 2623 nis;
2099 2558 2384 2614 Cornelius
2409 2573 2438 2612 a
2461 2557 2664 2629 Lapide
2688 2560 2740 2612 in
2761 2560 2930 2628 primo
2958 2560 3129 2626 capite
3147 2557 3319 2614 Exod.
3349 2559 3514 2628 paulo

1947 2660 2071 2705 ante
2101 2651 2434 2706 nativitatem
2482 2650 2702 2722 Moysis,
2755 2660 2810 2706 et
2850 2651 3077 2706 durasse
3109 2665 3195 2713 xc,
3243 2650 3365 2720 plus
3412 2651 3516 2704 mi-

1948 2755 2053 2795 nus
2120 2741 2299 2805 annis,
2361 2740 2570 2796 scilicet
2613 2742 2796 2796 decem
2856 2741 3016 2796 annis
3075 2749 3201 2795 ante
3252 2739 3512 2812 Moysom,

1949 2840 2004 2887 et
2051 2847 2191 2884 Lux
2255 2831 2416 2886 annis
2468 2831 2684 2886 vivente
2735 2829 2952 2901 Moyse,
3003 2845 3126 2884 Clllll
3181 2845 3320 2885 Lux
3375 2845 3517 2887 anno

1952 2923 2076 2977 vitae
2125 2937 2236 2977 sua:
2264 2921 2477 2994 Moyses
2509 2938 2573 2980 ex
2631 2937 2714 2988 ea,
2760 2930 2816 2976 et
2863 2937 2928 2976 ex
2975 2921 3209 2994 Aigypto
3263 2921 3518 2978 Hebraeos

1952 3015 2163 3070 eduxit.

2023 3103 2178 3169 lbid.,
2211 3106 2306 3160 lin.
2334 3105 2420 3159 19.
2441 3101 2544 3172 Εἷς
2569 3105 2634 3160 δέ
2655 3123 2744 3171 τις
2762 3105 2880 3159 τῶν
2903 3105 3060 3173 παρ’.
3084 3104 3354 3175 Joscpbus
3375 3105 3516 3160 idem

1959 3198 2141 3253 habet.
2179 3198 2322 3275 Sunt
2348 3199 2511 3252 etiam
2559 3197 2678 3251 alia:
2719 3206 2828 3251 tres
2871 3197 3098 3250 diversa:
3131 3211 3332 3260 causa,
3383 3209 3522 3265 quas

1959 3289 2121 3353 idem,
2155 3297 2209 3343 et
2246 3287 2398 3343 Philo
2431 3288 2804 3357 superioribus
2835 3286 2969 3341 locis
3009 3286 3269 3351 innuunt,
3301 3295 3524 3358 propter

1959 3399 2098 3454 quas
2149 3381 2390 3453 Egyptii
2429 3380 2738 3452 alnigebant
2783 3378 3021 3434 Iudaeos.
3076 3377 3268 3441 Metus,
3322 3395 3388 3432 ne
3438 3379 3526 3434 in-

1959 3483 2187 3547 gruente
2221 3474 2363 3530 bello
2395 3489 2453 3528 se
2494 3473 2786 3543 jungerent
2817 3470 3066 3525 hostibus
3104 3467 3521 3539 Eg-yptiorum;

1964 3568 2188 3630 invidia,
2235 3567 2360 3636 quia
2392 3564 2648 3619 videbant
2683 3564 2806 3618 illos
2855 3563 3041 3618 sobole
3069 3575 3381 3625 numerosa,
3409 3560 3526 3630 pul-

1963 3657 2114 3718 chra,
2151 3656 2396 3719 robusta,
2439 3655 2670 3724 aliisque
2714 3654 2881 3709 animi
2919 3653 3139 3708 dotibus
3182 3653 3522 3717 instructos;

1964 3747 2148 3803 odium
2184 3755 2506 3817 conceptum
2540 3761 2610 3800 ex
2628 3743 2943 3799 diversitate
2994 3739 3296 3811 religionis,
3328 3738 3528 3792 indolis

1965 3849 2015 3894 et
2049 3854 2284 3894 morum.
3109 3871 3112 3874 λ

2037 3930 2196 3996 lbid.,
2223 3930 2318 3983 lin.
2347 3928 2438 3989 20.
2468 3927 2867 3996 Προσημαζνει
2888 3923 2968 3991 τῷ
2988 3924 3210 3994 Φαραώ.
3237 3923 3530 3994 Cajetanus

1968 4030 2122 4092 putat
2146 4021 2315 4076 fuisse
2347 4019 2558 4088 origine
2590 4033 2696 4072 non
2726 4016 3062 4088 Egyptium,
3095 4019 3189 4072 sed
3220 4014 3528 4085 Assyrium.

1968 4114 2195 4180 Quidam
2220 4127 2342 4166 cum
2370 4110 2604 4164 Eusebio
2636 4110 2824 4163 dicunt
2851 4109 3019 4164 fuisse
3053 4107 3349 4180 Mephrem,
3372 4123 3531 4178 quem

1969 4202 2236 4257 Eusebius
2269 4209 2519 4270 quartum
2551 4213 2728 4268 regem
2771 4197 2900 4252 facit
2930 4214 2995 4253 ex
3029 4197 3277 4270 dynastia
3321 4197 3532 4251 decima

1970 4302 2182 4359 octava,
2219 4309 2339 4364 quae
2380 4300 2465 4348 est
2508 4290 2902 4346 Politanorum.
2954 4290 3060 4344 Alii
3104 4297 3317 4361 putant,
3367 4288 3536 4342 fuisse

1973 4388 2307 4452 Bamessem,
2339 4401 2403 4439 ex
2429 4398 2494 4438 eo
2528 4383 2674 4453 quod
2698 4384 2766 4438 ab
2799 4399 2885 4446 eo,
2911 4391 2970 4437 ut
2996 4383 3228 4448 videtur,
3255 4389 3444 4436 vocata
3464 4380 3537 4435 sit

309 4483 368 4534 ὲν
397 4478 639 4548 Σικίμοις
667 4477 751 4530 διὰ
781 4476 877 4546 τὴν
903 4477 998 4546 τῆς
1015 4475 1244 4544 ἀδελφῆς
1270 4471 1474 4542 φθορὰν
1501 4469 1579 4530 είς
1605 4467 1728 4528 τοὺς
1750 4466 1855 4516 επι-

1976 4477 2415 4543 urbskamesse,
2451 4492 2613 4546 quam
2657 4476 2714 4530 in
2744 4476 2847 4529 hac
2884 4475 3173 4530 aﬂlictione
3211 4476 3332 4544 ejus
3375 4473 3535 4542 jussu

310 4573 541 4644 χωρίους
571 4569 746 4639 θάψας
785 4572 842 4622 ὲν
873 4570 1114 4639 Σικίμοις
1143 4566 1236 4630 οὓς
1273 4565 1494 4634 ἐφέρετο
1526 4561 1678 4623 θεοὺς
1725 4556 1874 4626 παρὰ

310 4666 408 4737 τὴν
441 4665 642 4735 πέτραν
672 4662 776 4716 ὑπὸ
803 4663 898 4732 τὴν
938 4660 1244 4732 θαυμασίαν
1274 4655 1600 4728 τερέϐινθον,
1628 4652 1745 4722 ἥτις
1781 4648 1875 4720 μέ-

315 4774 402 4828 χρι
434 4755 529 4808 νῦν
567 4757 644 4818 είς
681 4754 842 4824 τιμὴν
879 4753 987 4806 τῶν
1013 4751 1360 4824 πατριαρχῶν
1385 4748 1490 4801 ὑπὸ
1523 4743 1878 4811 τῶνπλησιο-

314 4849 504 4922 χώρων
525 4850 768 4919 τιμᾶται,
802 4850 1032 4917 μετῆρεν
1060 4848 1138 4908 εἰς
1160 4844 1353 4914 Βεθήλ.
1378 4840 1590 4909 Ταύτης
1617 4835 1766 4906 παρὰ
1790 4834 1878 4887 τὸν

315 4942 556 5014 πρέμνον
598 4941 697 5009 τῆς
729 4939 1033 5013 τερεϐίνθου
1075 4938 1252 5008 βωμὸς
1288 4931 1377 5006 ἦν,
1410 4933 1492 5001 ἐφ’
1519 4929 1700 4988 ὃν.-τὰς
1728 4929 1879 4979 ἐκτε-

315 5034 464 5096 νεῖας
495 5033 754 5103 ἀνέφερον
798 5035 854 5084 ὲν
881 5034 998 5094 ταῖς
1032 5029 1367 5100 πανηγύρεσι
1402 5025 1500 5095 τῆς
1525 5022 1725 5094 χώρας
1745 5019 1878 5073 ένοι-

319 5144 422 5181 κοι.
466 5125 597 5193 Quae
625 5126 812 5180 ultima
857 5124 1020 5179 verba
1052 5125 1105 5177 in
1142 5122 1401 5176 Africano
1428 5122 1681 5183 corrupta
1714 5115 1784 5167 ita
1813 5127 1878 5165 ex

320 5218 605 5274 Ettstathio
629 5217 884 5272 restitue:
905 5216 1092 5286 Βωμὸς
1113 5211 1201 5284 ἦν,
1230 5213 1311 5282 ἐφ’
1336 5212 1394 5265 ὃν
1418 5213 1486 5265 τά
1509 5226 1569 5261 τε
1590 5203 1882 5259 ὁλοκαυτώ-

322 5329 466 5382 ματα
494 5313 587 5364 atati.
620 5311 719 5373 τὰς
748 5309 1053 5380 ἑκατόμϐας
1088 5308 1350 5378 ἀνέφερον
1395 5307 1453 5358 ὲν
1487 5304 1604 5364 ταῖς
1641 5297 1883 5368 πανηγύ-

323 5423 472 5477 ρεσιν
509 5407 570 5458 οἱ.
594 5405 692 5474 τῆς
721 5403 902 5475 χώρας
930 5403 1145 5455 ἔνοικοι.

393 5497 552 5560 lbid.,
590 5497 686 5552 lin.
729 5496 815 5550 14.
847 5496 1152 5560 Ποικίλαις
1193 5509 1336 5562 ova.
1379 5491 1668 5561 Joseplius,
1706 5493 1879 5561 Antiq.

322 5587 417 5643 lib.
443 5602 514 5641 IL:
538 5587 850 5655 Αίγυπτίοις
879 5588 1166 5657 τρυφεροῖς
1199 5585 1293 5638 καὶ
1325 5581 1586 5655 ῥᾳθύμοις
1614 5579 1730 5635 οὖσι
1751 5582 1885 5653 πρὸς

323 5678 536 5745 πόνους,
565 5679 663 5735 καὶ
686 5679 795 5732 τῶν
823 5695 881 5732 τε
905 5677 1077 5733 ἄλλων
1109 5675 1310 5749 ἡδονῶν
1335 5677 1540 5746 ἥττοσι,
1571 5676 1662 5728 καὶ
1693 5675 1756 5746 δὴ
1795 5678 1885 5727 καὶ

327 5771 427 5842 τῆς
468 5771 620 5826 κατὰ.
653 5770 1045 5843 φιλοκέρδειαν,
1099 5769 1295 5840 συνέϐη
1347 5766 1532 5830 δεινῶς
1584 5767 1714 5837 πρὸς
1763 5767 1885 5830 τώς

1971 4573 2378 4628 αξώιίυιινεωιιι
2434 4567 2668 4623 Hebrtei.
2716 4565 2992 4622 Gcrardus
3043 4565 3310 4620 Mercator
3357 4578 3537 4634 regem

1975 4665 2118 4718 hunc
2175 4673 2332 4718 vocat
2382 4661 2908 4724 Armesesmianum,
2954 4673 3115 4727 quem
3163 4657 3238 4710 ait
3283 4669 3540 4726 regnasse

1975 4773 2148 4812 annos
2176 4771 2321 4821 um,
2355 4763 2408 4810 et
2429 4768 2656 4824 regnare
2686 4751 2916 4820 erupisse
2947 4748 3186 4818 quinque
3209 4760 3381 4802 annos
3414 4751 3540 4798 ante

1976 4860 2153 4905 ortum
2180 4847 2404 4919 Moysis.
2433 4844 2739 4899 Torniellus
2764 4843 2839 4895 ait
2863 4842 3032 4896 fuisse
3048 4838 3423 4908 Amenopliim,
3445 4836 3536 4906 qui

1979 4943 2031 4996 in
2063 4941 2126 4994 18
2155 4940 2404 5011 dynastia
2438 4937 2823 5008 Polytanorum
2858 4935 3124 5003 septimus
3161 4940 3275 4997 est;
3307 4937 3361 4985 et
3397 4929 3541 4983 hunc

1977 5033 2196 5104 quidam
2225 5032 2520 5101 opinantur
2547 5029 2713 5082 fuisse
2742 5025 3102 5080 Memnonem.

2047 5123 2208 5186 lbid.,
2251 5123 2349 5178 lin.
2389 5121 2478 5174 9.5.
2511 5121 2695 5189 Ἔργα
2741 5117 2856 5185 μὲν
2903 5115 3127 5181 αὐτοῖς.
3190 5113 3538 5168 Hebraeorum

1980 5216 2295 5271 servitutem
2333 5212 2584 5268 acerbam
2623 5209 2870 5280 pluribus
2899 5206 3162 5262 describit
3208 5204 3363 5258 Philo
3393 5204 3488 5258 lib.
3521 5216 3537 5253 ι

1982 5308 2056 5360 De
2083 5307 2190 5360 vita
2229 5304 2428 5374 Moysis
2453 5320 2470 5367 ;
2492 5301 2780 5371 Josephus,
2812 5299 3067 5368 Antiquit.
3101 5299 3194 5351 lib.
3228 5313 3288 5362 ιι,
3319 5311 3441 5365 cap.
3475 5293 3535 5360 5;

1982 5400 2296 5454 Ezechielus
2320 5395 2622 5466 Tragtedus
2655 5392 2792 5462 apud
2821 5388 3224 5455 Eusebium,De
3254 5397 3537 5459 prtzparat.

1981 5489 2294 5558 evangelica,
2325 5488 2419 5542 lib.
2451 5502 2487 5539 ι.
2523 5485 2595 5540 Ex
2619 5485 2787 5539 nimio
2806 5485 2934 5538 item
2961 5483 3164 5544 labore,
3194 5491 3247 5535 et
3267 5488 3402 5534 testu
3433 5479 3521 5547 plu

1985 5579 2106 5634 rimi
2159 5578 2613 5647 corripiebantur,
2656 5582 2709 5628 et
2759 5573 3131 5628 moriebantur
3175 5577 3358 5640 peste,
3401 5581 3541 5639 quos

1985 5671 2284 5741 insepultos
2331 5668 2688 5740 projiciebant
2719 5665 2975 5737 Egyptii.
3021 5662 3196 5734 Opera
3243 5668 3420 5717 autem
3474 5659 3544 5713 ab

1988 5765 2253 5837 .‘Egyptiis
2285 5761 2558 5834 imposita,
2593 5759 2826 5830 primum
2851 5758 3084 5813 formare
3116 5756 3285 5811 lutum
3319 5754 3372 5808 in
3405 5753 3539 5805 late-
