3968 6914
503 285 639 341 1047

1865 278 2110 335 LEONlS
2135 279 2406 335 ALLATII

3588 280 3731 335 {0&8

501 423 612 473 nes,
645 412 965 470 secundum,
1003 405 1274 462 aediﬁcare
1299 405 1462 461 urbes
1491 403 1728 468 Pithom,
1750 413 1804 459 et
1844 403 2070 458 Rames-

2182 404 2396 474 πινόμενον
2431 405 2648 460 ἄπωθεν
2699 406 2907 462 ἑστῶσα
2933 405 3027 459 τοῦ
3056 404 3243 468 παιδὸς
3280 405 3314 474 ἡ
3344 402 3570 473 ἀδελφή.
3604 404 3736 460 Eu-

501 513 612 559 ses.
651 498 872 552 tertium
913 495 1092 552 Nilum
1128 497 1184 552 in
1221 495 1398 552 fossas
1441 496 1710 552 deducere
1743 495 1808 550 ad
1839 496 2071 565 irrigan-

501 590 632 644 dum
662 589 1001 659 singulorum
1035 603 1218 660 agros,
1251 596 1303 643 ct
1336 599 1508 658 prata,
1547 587 1832 657 fossasque
1865 585 2072 656 aggeri-

502 682 604 738 bus
643 682 882 752 cingere.
924 679 1197 752 Josephus
1230 680 1454 735 insanas
1498 680 1935 737 subSIructiones
1965 679 2070 750 Py-

502 775 766 829 ramidqu
796 775 985 830 tribuit
1011 773 1272 830 Hebrmis.
1297 773 1605 844 Artapanus
1629 771 1856 827 τΤοῦτον
1884 772 1940 831 δὲ
1963 774 2074 836 τοῖς

514 867 787 928 ’ῐουδαίοις
833 866 1050 936 φαύλως
1092 865 1526 941 προσφέρεσθαιο
1573 866 1666 919 καὶ
1715 865 1928 937 πρῶτον
1975 865 2072 936 μὲν

499 959 598 1031 την
625 958 843 1012 Κεσσὰν
875 960 1245 1032 οἰκοδομῆσαι,
1297 961 1356 1013 τό
1383 975 1442 1011 τε
1475 961 1561 1012 ἐπ’
1591 959 1726 1030 αὐτῇ
1761 958 1904 1031 ἱερὸν
1938 957 2072 1012 καθ,

504 1049 838 1122 ιδρύσασθαι,
863 1046 981 1104 εἶτα
1010 1051 1100 1104 τὸν
1127 1053 1185 1105 ὲν
1227 1050 1559 1104 Ἡλιουπόλει
1586 1051 1708 1103 ναὸν
1734 1050 2072 1104 κατασκευά-

503 1158 613 1195 σαι.
643 1139 879 1212 Cyrillus
911 1140 1302 1213 Glaphyrorum
1343 1141 1395 1194 in
1429 1138 1603 1203 Exod.
1624 1140 1718 1194 lib.
1747 1155 1762 1193 ι
1793 1158 1806 1194 :
1840 1140 1898 1192 ’0
1928 1139 1984 1196 δὲ
2009 1138 2072 1211 δὴ

502 1231 802 1287 κακοῦσθαι
840 1233 1038 1306 τρόπος
1073 1229 1142 1304 ἦν
1167 1235 1194 1286 ὁ
1225 1233 1317 1286 ἐπὶ
1369 1232 1673 1296 σκαπάναις
1717 1230 1893 1304 ἱδρὼς,
1924 1230 2074 1284 πλιν-

504 1322 732 1394 θουργία
765 1322 952 1395 μακρὰ
991 1325 1086 1377 καὶ
1118 1322 1347 1394 ἄμισθος
1385 1324 1478 1379 καὶ
1515 1323 1621 1395 μὴν
1649 1322 1743 1376 καὶ
1773 1322 1836 1375 τὸ
1867 1320 2074 1376 ἀναδεί-

505 1415 707 1485 μασθαι
739 1415 921 1478 πόλεις
968 1413 1169 1486 ὀχυρὰς
1313 1412 1534 1486 Φαραὼ,
1574 1414 1820 1473 τουτέστι
1864 1430 2073 1484 πεπυρ-

503 1506 777 1578 γωμένας,
816 1507 848 1578 ἢ
882 1506 1052 1570 οὕτως
1093 1507 1310 1580 εὐρείας
1355 1507 1447 1562 καὶ
1489 1505 1724 1578 μακρὰς,
1758 1506 1834 1570 ὡς
1878 1505 2072 1577 κομιδῆ

501 1601 622 1662 ταῖς
652 1598 838 1670 ἄλλαις
890 1595 1029 1660 εἶναι,
1077 1599 1269 1663 δοκεῖν,
1315 1597 1402 1651 διὰ
1446 1597 1654 1670 πληθὺν
1699 1597 1938 1670 δηλονότι
1965 1597 2073 1652 τῶν

2174 496 2450 551 cbielus...
2477 497 2550 550 Οὐ
2582 496 2816 552 λαθοῦσα
2841 497 2898 551 δὲ

2252 610 2630 676 Ὑπεεέθηκε.
2664 612 2894 679 κόσμον
2918 607 3236 678 ἁμριθεῖσά
3255 626 3357 675 μοι

2240 683 2382 748 Παρ¹
2410 681 2558 750 ἄκρα
2582 680 2845 746 «atatim?
2877 680 3096 734 λάσιον
3114 682 3198 750 εἰς
3218 679 3358 744 ἕλος
3375 681 3565 750 βαθύ.

2240 748 2550 820 Μαριὰμίδ
2583 750 2812 821 ἀδελφή
2839 769 2958 821 μου
2988 748 3358 805 κατώπτευε-ν
3385 749 3603 816 πέλας.

2173 863 2372 920 Fusius
2402 865 2516 922 haec
2544 866 2723 919 omnia
2749 863 2926 920 Philo.

2242 958 2402 1023 lbid.,
2433 959 2527 1012 lin.
2557 958 2645 1012 «il.
2677 959 2786 1014 Καὶ
2808 960 2844 1026 ἡ
2869 957 3126 1028 θυγάτηρ
3153 958 3256 1012 τοῦ
3285 961 3390 1014 Φα.
3434 957 3640 1014 Eadem
3667 960 3741 1016 lo-

2172 1057 2374 1118 guntur
2409 1048 2548 1118 apud
2572 1047 2936 1110 Ezechielum,
2964 1047 3265 1113 Philonem,
3283 1046 3609 1118 Josephum,
3632 1049 3742 1106 Cle-

2173 1146 2407 1195 mentem
2441 1140 2888 1202 Alexandrinum,
2918 1149 2972 1195 et
2996 1141 3154 1196 alios.

2239 1229 2398 1293 lbid.,
2421 1231 2515 1285 lin.
2535 1231 2624 1288 44.
2655 1233 2991 1301 Ἀποροῦσα
3003 1234 3231 1299 παιδός.
3246 1232 3558 1303 Artapanus
3579 1231 3748 1287 ιτοῦ-

2169 1341 2260 1378 τον
2277 1323 2332 1377 δὲ
2343 1323 2594 1395 γεννῆσαι
2605 1322 2874 1395 θυγατέρα
2889 1325 3118 1398 Μέρριν,
3138 1325 3203 1396 ἢν
3218 1326 3466 1397 Χενεφρῇ
3481 1342 3591 1378 τινι
3611 1341 3749 1379 κατ-

2172 1417 2458 1487 εγγυῆσαι,
2487 1417 2594 1472 τῶν
2636 1416 2777 1488 ὑπὲρ
2803 1415 3021 1488 Μέμφιν
3034 1417 3212 1472 τόπων
3227 1418 3579 1489 βασιλεύοντι.
3604 1417 3748 1470 Πολ-

2171 1507 2296 1573 λοὺς
2309 1509 2416 1578 γὰρ
2430 1508 2548 1563 τότε
2564 1507 2663 1578 τῆς
2677 1508 2950 1577 Αἰγύπτου
2969 1507 3290 1579 βασιλεύειν.
3310 1509 3593 1579 Ταύτηνδὲ
3609 1509 3753 1561 στεί-

2177 1619 2274 1673 ραν
2291 1602 2638 1673 ὑπάρχουσαν
2660 1601 3022 1658 ὑποϐαλέσθαι
3039 1602 3182 1666 τινος
3196 1603 3304 1655 τῶν
3341 1601 3610 1655 Ἰουδαίων
3625 1617 3754 1654 παι-

503 1690 876 1761 ίνῳκηκότων.
905 1689 1080 1750 Πειθὼ
1108 1691 1164 1751 δὲ
1184 1687 1322 1762 ἦσαν
1343 1708 1436 1750 και
1479 1691 1778 1763 Ῥαμεσσῆ,
1804 1692 1898 1745 καὶ
1916 1689 2070 1745 ἄλλαι
2106 1756 2144 1765 _
2172 1692 2303 1750 δίον.
2333 1693 2568 1749 Τοῦτοδὲ
2587 1693 2819 1750 Μώῦσον
2832 1694 3091 1765 ὀνομάσαι
3109 1737 3124 1759 ,
3149 1694 3324 1748 ὑπὸδὲ
3345 1694 3453 1748 τῶν
3479 1692 3754 1762 Ἑλλήνων

504 1782 706 1846 πόλεις.
733 1781 971 1840 Tandem
989 1798 1083 1838 eos
1115 1784 1348 1838 servisse
1379 1783 1433 1836 in
1456 1783 1604 1838 omni
1632 1781 1894 1843 famulatu
1925 1797 2071 1840 com-

2182 1785 2336 1840 αὐτὸν
2358 1785 2694 1856 ἀνδρωθέντα
2722 1756 2992 1841 Μουσαίου
3030 1756 3554 1859 προσαγορευθῆναι.
3590 1756 3753 1838 Γενέ-

506 1876 750 1946 perimus
787 1876 840 1928 in
879 1875 1136 1946 operibus
1171 1885 1348 1930 terrae.

575 1965 822 2033 Col.780,
840 1967 933 2020 lin.
953 1967 1010 2021 51
1025 2007 1042 2031 ._
1059 1968 1165 2021 Kal
1191 1967 1261 2022 τὰ
1277 1970 1411 2038 παρ’
1427 1967 1862 2034 abtoiq.Siniilia
1879 1969 2078 2025 habent

502 2058 797 2130 Josephus,
828 2061 1007 2129 Philo,
1041 2069 1094 2117 et
1125 2063 1239 2116 alii.
1272 2061 1402 2117 ltem
1434 2062 1753 2122 Ezechielus
1782 2062 1926 2133 apud
1965 2062 2076 2120 Eu-

506 2156 714 2216 sebium
737 2173 751 2210 :

613 2270 860 2340 Ἔπειτα
881 2270 1174 2336 κηρύσσει
1187 2270 1304 2340 μὲν
1342 2270 1620 2338 Ἑϐραίων
1640 2269 1797 2337 γένει

618 2339 944 2407 Τὰρσενικὰ
967 2342 1206 2410 ῥίπτειν
1225 2341 1492 2410 ποταμὸν
1512 2340 1576 2406 ἐς
1595 2340 1952 2409 βαθύρροον.

577 2442 738 2518 lbid.,
771 2452 867 2508 lin.
910 2454 998 2514 35.
1051 2454 1295 2523 Ἀϐραὰμ
1326 2455 1586 2524 ὀνόματι.
1620 2451 1906 2516 Hebraice,
1939 2459 1992 2506 et
2025 2451 2080 2505 in

507 2541 698 2600 B'lbliis
721 2543 932 2602 Latinis
957 2546 1176 2602 Amram
1206 2547 1425 2616 legitur.
1460 2545 1632 2601 Graeci
1656 2560 1768 2600 suae
1797 2545 2081 2614 orthogra-

507 2638 648 2709 phia:
675 2653 887 2694 canone
918 2638 1172 2712 Ἀμόράμ
1203 2639 1629 2707 scripserunt,et
1651 2638 1740 2692 alii
1766 2647 1949 2707 postea
1963 2651 2082 2691 sua-

504 2733 642 2786 viori
673 2746 808 2786 sono
835 2731 1081 2803 Ἀϐραάμ
1108 2749 1123 2797 ;
1175 2733 1246 2786 ita
1271 2732 1573 2787 Demetrius
1608 2731 1750 2800 apud
1765 2731 2079 2796 Eusebium,

507 2822 588 2878 De
603 2824 1006 2900 prteparatione,
1024 2822 1116 2877 lib.
1137 2839 1190 2876 Ix
1210 2840 1224 2887 ;
1243 2821 1594 2892 Epiphanius,
1619 2823 1712 2891 qui
1739 2833 1796 2876 ut
1821 2837 1944 2876 eum
1967 2822 2082 2877 dis-

507 2916 718 2985 tinguat
743 2916 812 2970 ab
846 2914 1077 2976 Abraam
1108 2915 1414 2984 patriarcha
1441 2914 1688 2986 Ἀϐραὰμ
1708 2914 1931 2985 ἔσχατον
1955 2929 2078 2968 eum

511 3007 752 3077 appellat
796 3006 853 3061 in
886 3007 1187 3077 Ancgroto:
1221 3007 1375 3061 Καὰθ
1405 3006 1461 3059 δὲ
1503 3006 1640 3078 μετὰ
1679 3007 1777 3078 τὴν
1810 3009 1889 3070 είς
1917 3008 2080 3074 Αἴγυ-

507 3116 640 3153 πτον
689 3097 912 3162 κάθοδον
953 3100 1010 3152 ὲν
1055 3098 1132 3168 τῷ
1154 3098 1428 3169 ἑξηκοστῷ
1479 3099 1710 3170 πέμπτῳ
1766 3099 1928 3154 αὑτοῦ
1971 3099 2079 3152 ἔτει
2107 3105 2151 3165 c

505 3193 668 3264 γεννᾷ
697 3193 789 3247 τὸν
823 3194 1031 3268 πατέρα
1059 3194 1300 3258 Μωσέως
1338 3193 1605 3265 Ἀϐραάμ.
1636 3193 1876 3246 Γίνονται
1905 3192 2081 3245 τοίνυν

506 3285 615 3346 ἀπὸ
657 3285 751 3349 τοῦ
797 3285 1010 3358 πρώτου
1063 3286 1308 3359 Ἀϐραὰμ
1349 3284 1442 3338 τοῦ
1483 3284 1874 3356 ὲὸδομηκοστοῢ
1913 3284 2079 3338 αὐτοῦ

506 3379 757 3448 πέμπτου
775 3378 925 3442 ἔτους
938 3379 1043 3442 ἕως
1066 3379 1164 3450 τῆς
1181 3379 1444 3447 γενέσεως
1461 3378 1554 3432 τοῦ
1571 3378 1798 3449 ἐσχάτου
1832 3377 2081 3450 Ἀϐραὰμ.

505 3471 603 3542 ἔτη
644 3477 767 3536 cn’;
802 3471 947 3541 quod
988 3472 1062 3526 ita
1104 3471 1395 3542 separavit,
1441 3471 1571 3542 quia
1604 3470 1746 3526 idem
1796 3471 2080 3540 utriusque

506 3579 705 3625 nomen
737 3563 1040 3619 videbatur.
1916 3576 1923 3582 ‘

579 3654 715 3718 ibid.
745 3656 1014 3713 Γυναῖκα
1037 3655 1165 3723 τήν.
1188 3655 1308 3712 Non
1336 3655 1524 3722 ﬁliam,
1551 3657 1644 3712 sed
1674 3663 1887 3726 neptem
1913 3653 2074 3721 Levi;

508 3765 617 3804 non
671 3751 915 3812 amitam,
963 3749 1055 3805 sed
1104 3750 1487 3808 consobrinam
1543 3749 1786 3803 Amram.
1833 3746 2080 3819 Nugatur

508 3857 642 3912 ergo.
666 3840 945 3904 Calvinus,
972 3858 1096 3896 eum
1129 3841 1368 3914 Moysem
1392 3843 1704 3897 incestuoso
1729 3841 2078 3894 matrimonio

507 3943 834 4004 prognatum
874 3949 996 3989 esse
1033 3933 1282 3997 allirmal,
1325 3933 1466 3989 sicut
1506 3939 1560 3988 et
1608 3930 2080 4001 impudentissime

511 4035 764 4096 parentes
826 4027 1011 4082 ferina:
1057 4027 1413 4082 immanitatis
1483 4027 1554 4082 ob
1612 4025 1783 4095 prolis
1844 4025 2078 4082 similem

505 4119 902 4189 expositionem
937 4118 1282 4173 criminatur.

579 4208 740 4278 l,btd.,
774 4210 868 4266 lin.
905 4211 995 4266 57.
1022 4211 1130 4264 Kal
1153 4210 1466 4281 ἔκρυπτεν.
1498 4209 1676 4273 Philo,
1700 4209 1775 4264 De
1798 4210 1904 4263 vita
1924 4208 2078 4280 Moy-

507 4305 580 4356 sis
600 4321 617 4358 :
635 4302 919 4374 Γεννηθεὶς
946 4299 1038 4357 οὖν
1064 4306 1092 4358 ὁ
1115 4307 1243 4368 παῖς
1271 4305 1432 4369 εὐθὺς
1459 4304 1579 4374 ὄψιν
1601 4305 1854 4376 ἐνέφηνεν
1879 4306 2078 4358 ἀστειο-

504 4393 669 4465 τέραν
695 4392 727 4464 ἢ
762 4395 882 4446 κατ’
921 4392 1153 4465 ἰδιώτην,
1180 4395 1256 4458 ὠς
1285 4396 1379 4448 καὶ
1420 4396 1529 4448 τῶν
1561 4395 1653 4449 τοῦ
1689 4395 1949 4469 τυράννου
1979 4413 2078 4467 κη-

509 4487 824 4565 ρυγμάτων·
852 4489 937 4557 ἐφ’
961 4489 1082 4541 ὅσον
1106 4483 1217 4542 οἷόν
1243 4507 1302 4543 τε
1329 4485 1416 4561 ἦν,
1449 4492 1573 4554 τοὺς
1598 4495 1771 4560 γονεῖς
1794 4491 2074 4562 ἀλογῆσαι.
2111 4471 2152 4526 D

507 4581 667 4649 Τρεῖς
701 4578 831 4648 γοῦν
867 4597 998 4649 φασι
1040 4581 1214 4653 μῆνας
1253 4583 1448 4655 ἑφεξῆς
1477 4583 1613 4636 οἶκοι
1645 4583 2083 4656 γαλακτοτροφη-

507 4671 667 4742 θῆναι
699 4671 1028 4740 λανθάνοντα
1061 4675 1185 4738 τοὺς
1213 4674 1459 4740 πολλούς.
1481 4675 1734 4733 Clemens
1759 4660 2082 4731 Alexandri-

506 4779 634 4825 nus,
673 4763 930 4820 Stromat.
968 4765 1060 4819 lib.
1086 4781 1124 4829 ι,
1163 4765 1505 4837 Εὑπατρίδην
1537 4767 1592 4820 δὲ
1630 4767 1720 4819 τὸν
1763 4766 1926 4820 παῖδα
1955 4766 2084 4820 ὄντα

505 4857 656 4924 τρεῖς
701 4855 898 4927 ἐφεξῆς
940 4855 1274 4926 κρύπτοντες
1320 4856 1545 4927 ἔτρεφον
1589 4857 1760 4928 μῆνας
1805 4859 1854 4910 ot
1884 4860 2079 4926 γονεῖς,

507 4945 744 5018 νικώσης
775 4949 876 5018 τῆς
901 4946 1135 5018 φυσικῆς
1177 4948 1389 5012 εὐνοίας
1421 4948 1518 5020 τὴν
1565 4946 1890 5019 τυραννικὴν
1937 4947 2081 5019 ὠμό-

505 5056 666 5110 τητα.
696 5039 1019 5098 Ezechielus
1048 5040 1191 5111 apud
1226 5043 1498 5106 eumdem,
1527 5048 1582 5096 et
1605 5040 1896 5096 Eusebium
1924 5059 1937 5095 :

701 5175 990 5248 Ἐνταῦθα
1007 5175 1206 5246 μήτηρ
1231 5178 1269 5248 ἠ
1304 5176 1543 5233 τεκοῦσ’
1575 5176 1833 5246 ἔκρυπτέ
1866 5194 1949 5248 με.
2008 5139 2052 5153 κ

688 5247 849 5315 Τρεῖς
881 5245 1102 5316 μῆνας,
1133 5249 1213 5314 ὡς
1235 5247 1521 5317 ἔφασκεν.
1645 5245 1659 5258 ²

577 5384 738 5450 lbid.,
773 5385 871 5440 lin.
906 5383 994 5440 38.
1038 5386 1131 5452 Ὠς
1148 5383 1217 5439 δὲ
1254 5380 1375 5439 εἶδε
1406 5385 1530 5440 τόν.
1563 5384 1818 5440 Clemens
1845 5385 2083 5439 Alexan-

510 5475 723 5542 drinus,
772 5477 1056 5542 Δείσαντες
1085 5478 1144 5532 ea
1183 5477 1408 5550 ὓστερον
1441 5477 1513 5550 μὴ
1569 5479 1972 5533 συναπόλωνται
2010 5477 2092 5548 τῷ

507 5565 682 5630 ιτ-αιδὶ,
706 5570 770 5622 ὲκ
799 5566 979 5638 βίϐλου
1012 5567 1114 5638 τῆς
1155 5566 1447 5638 ἐπιχωρίου
1477 5565 1668 5632 σκεῦός
1701 5583 1754 5619 τι
1781 5566 2082 5638 ποιησάμε-

510 5675 609 5720 νοι,
643 5655 731 5710 τδν
783 5660 946 5716 παῖδα
980 5659 1254 5731 δνθέμενοι
1287 5660 1560 5719 ὲκτιθέασι
1607 5660 1758 5733 παρὰ
1786 5659 1885 5724 τὰς
1921 5660 2084 5730 ὄχθας

509 5748 602 5813 τοῦ
633 5751 871 5825 ποταμοῦ
904 5751 1133 5815 ἑλώδους
1163 5753 1329 5817 ὄντος.
1381 5752 1666 5827 Ἐπετήρει
1688 5751 1745 5806 δὲ
1783 5750 1844 5813 τὸ
1877 5749 2083 5820 ἀποϐη-

2178 1876 2299 1930 σθαι
2317 1876 2374 1930 δὲ
2393 1877 2482 1930 τὸν
2497 1877 2724 1932 Μὼὓσον
2745 1879 2932 1932 τοῦτον
2947 1878 3182 1950 Ὀρφέως
3199 1877 3530 1931 διδάσκαλον.
3550 1875 3750 1929 Mirum
3816 1888 3818 1890 '

2177 1977 2283 2031 est,
2320 1974 2378 2021 ut
2411 1976 2604 2020 auctor
2634 1969 2736 2024 iste
2776 1968 2828 2022 in
2865 1968 3151 2024 referenda
3185 1966 3537 2022 Hebraeorum
3573 1964 3752 2018 histo-

2177 2057 2259 2112 ria
2290 2056 2562 2122 caecutiat,
2603 2058 3041 2128 iuconcinnaque
3077 2058 3323 2122 scribat;
3355 2066 3412 2112 et
3439 2057 3622 2110 ausim
3665 2055 3751 2108 di-

2179 2165 2323 2214 cere,
2349 2161 2480 2221 quut
2507 2151 2695 2212 verba.
2729 2158 2810 2206 tot
2840 2167 2964 2207 eum
2996 2165 3213 2206 errores
3242 2149 3612 2204 commisisse.
3643 2147 3752 2203 Eo-

2178 2258 2298 2297 rum
2328 2245 2594 2298 correctio
2619 2261 2683 2299 ex
2700 2245 2900 2300 divinis
2923 2244 3120 2298 litteris
3145 2244 3195 2296 in
3217 2251 3463 2312 promptu
3486 2251 3575 2297 est
3602 2259 3618 2306 ;
3651 2255 3753 2296 nec

2179 2335 2303 2407 plus
2342 2335 2619 2406 Artapano
2669 2337 2857 2392 sanior
2891 2335 3143 2391 Justinus
3197 2336 3516 2398 historicus,
3569 2335 3755 2388 omnia

2180 2443 2384 2497 susque
2415 2426 2916 2498 dequeﬁtrauSVersa
2963 2429 3094 2497 agit,
3129 2443 3248 2497 quae
3286 2444 3353 2481 ne
3410 2427 3618 2496 saepius
3672 2442 3759 2480 re-

2180 2529 2361 2591 petere
2384 2534 2722 2588 cogeremur,
2756 2519 2843 2573 hic
2867 2520 3032 2574 semel
3066 2519 3552 2588 transcripsimus:
3575 2515 3753 2570 Filius

2178 2610 2396 2681 Iosephi
2438 2610 2646 2682 Moyses
2696 2612 2818 2681 fuit,
2851 2628 3000 2681 quem
3035 2622 3225 2680 prreler
3250 2620 3485 2679 paterna:
3519 2609 3751 2663 scientia

2179 2701 2557 2764 hereditatem,
2576 2703 2734 2756 etiam
2760 2702 2946 2770 forma:
2960 2701 3290 2768 pulchritudo
3323 2698 3743 2755 commendabat.

2183 2793 2288 2851 Sed
2348 2793 2588 2864 Egyptii
2630 2810 2747 2848 cum
2795 2794 3018 2847 scabiem
3063 2802 3112 2846 et
3155 2792 3458 2861 vitiliginem
3507 2802 3748 2860 pateren-

2182 2897 2289 2953 tnr,
2324 2903 2567 2956 responso
2608 2885 2815 2949 moniti,
2855 2902 2970 2939 eum
3002 2901 3117 2938 cum
3146 2885 3320 2954 agris,
3362 2901 3426 2937 ne
3473 2884 3639 2952 pestis
3680 2881 3750 2934 ad

2181 2979 2354 3048 plures
2398 2986 2640 3046 serperet,
2661 2977 2895 3031 terminis
2933 2973 3149 3044 Egypti
3181 2975 3399 3042 pellunt.
3437 2973 3562 3026 Data:
3592 2975 3754 3041 igitur

2183 3071 2424 3126 exsulum
2467 3070 2660 3139 factus,
2697 3085 2852 3122 sacra
2886 3065 3253 3136 .Egyptiorum
3297 3067 3438 3134 furto
3485 3065 3754 3119 abstulit:

2183 3176 2298 3230 qua:
2326 3170 2606 3228 repetentes
2661 3158 2826 3212 aratis
2858 3154 3119 3227 zEgyptii,
3162 3156 3373 3208 domum
3423 3155 3598 3209 redire
3625 3166 3754 3208 tem-

2180 3251 2466 3321 pta-statibus
2497 3250 2751 3318 compulsi
2791 3259 2931 3304 sunt.
2958 3247 3145 3318 Itaque
3175 3246 3384 3317 Moyses
3422 3246 3757 3298 Damascena

2181 3344 2399 3414 antiqua
2430 3345 2606 3407 patria
2636 3346 2852 3410 repetita
2877 3351 3100 3394 montem
3125 3339 3322 3410 Synam
3352 3349 3574 3405 occupat
3606 3355 3624 3391 :
3651 3354 3758 3407 qr)

2181 3447 2372 3508 septem
2387 3436 2593 3491 dierum
2618 3435 2827 3507 jejunio
2854 3452 2945 3505 per
2973 3435 3177 3490 deserta
3198 3433 3407 3487 Arabiae
3429 3451 3547 3486 cum
3563 3431 3758 3500 popula

2179 3544 2275 3583 suo
2307 3527 2584 3597 fatigatus,
2615 3543 2732 3579 cum
2779 3524 2986 3578 tandem
3021 3527 3259 3586 venisset,
3295 3524 3574 3591 septimum
3613 3523 3756 3575 diem

2179 3637 2322 3676 more
2353 3620 2521 3691 gentis
2572 3618 2864 3674 Sabbatum
2909 3620 3223 3687 appellatum
3278 3619 3332 3670 in
3390 3634 3544 3671 omne
3589 3631 3756 3670 arum

2169 3711 2373 3782 jejunio
2403 3711 2629 3765 sacravit
2655 3724 2674 3762 .‘
2703 3710 2950 3779 quoniam
2983 3709 3079 3762 illa
3094 3709 3202 3762 dies
3221 3707 3415 3777 [amem
3448 3707 3583 3764 illis.
3609 3722 3758 3759 erro-

2179 3821 2386 3875 remque
2409 3805 2639 3874 ﬁnierat.
2665 3801 2734 3855 Et
2752 3803 2999 3872 quoniam
3027 3811 3164 3854 metu
3183 3798 3512 3868 contagionis
3527 3798 3681 3866 pulso
3703 3813 3760 3849 se

2179 3903 2244 3956 ab
2267 3899 2498 3971 Egypto
2528 3898 2890 3958 meminerant,
2917 3909 2979 3948 ne
3017 3894 3199 3948 eadem
3236 3909 3398 3946 causa
3427 3890 3584 3945 invisi
3617 3889 3760 3957 apud

2177 3993 2378 4048 incolas
2405 3994 2596 4062 forent,
2615 3998 2856 4043 caverunt
2877 4003 2940 4042 ne
2959 4003 3074 4040 cum
3099 3985 3382 4054 peregrinis
3399 3983 3760 4037 communica-

2177 4095 2290 4142 rent
2317 4102 2334 4148 ;
2364 4087 2498 4156 quod
2526 4099 2590 4140 ea:
2613 4099 2776 4136 causa
2803 4080 3003 4150 factum
3025 4079 3285 4147 paulatim
3319 4078 3372 4129 in
3405 4074 3754 4141 disciplinam

2177 4179 2582 4249 religionemque
2609 4174 2882 4228 convertit.
2918 4170 3069 4238 Quod
3105 4171 3196 4224 hic
3239 4167 3477 4223 Justinus
3517 4167 3585 4221 de
3619 4167 3752 4221 viti-

2177 4272 2356 4341 ligine.
2380 4267 2568 4331 refert,
2616 4265 2868 4322 nonnulli
2899 4266 3065 4319 etiam
3109 4263 3202 4317 alii
3248 4262 3478 4334 gentium
3509 4262 3754 4329 scripto-

2177 4378 2288 4418 res.
2313 4360 2636 4425 Ptolemmus
2673 4359 3004 4428 Hephaestio,
3047 4356 3142 4412 lib.
3167 4373 3201 4410 v
3227 4357 3296 4410 de
3325 4369 3461 4408 nova
3489 4353 3756 4418 historia,

2181 4455 2322 4525 apud
2353 4452 2602 4507 Photium
2639 4452 2693 4504 in
2732 4449 3101 4504 Bibliotheca:
3135 4449 3258 4501 Ὅτι
3300 4445 3552 4516 φλυαρῶν
3605 4439 3759 4508 οὗτος

2181 4551 2210 4602 ὁ
2243 4545 2586 4618 μυθογράφος
2610 4544 2834 4613 Μωσῆς,
2870 4541 3052 4611 φησιν,
3089 4541 3117 4592 ὁ
3155 4539 3262 4594 τῶν
3304 4537 3570 4608 Ἐϐραίων
3600 4553 3759 4607 νομο-

2183 4639 2343 4710 θέτης
2371 4638 2551 4706 Ἀλφα
2598 4634 2844 4689 ἐκαλεῖτο
2887 4632 2976 4686 διὰ
3023 4633 3086 4686 τὸ
3114 4632 3315 4701 ἀλφοὺς
3350 4631 3496 4700 ἔχειν
3544 4629 3638 4681 ἐπὶ
3665 4626 3754 4682 τοῦ

2185 4730 2467 4803 σώματος’
2503 4735 2558 4783 et
2598 4726 2877 4782 Helladius
2922 4724 3284 4781 Besantinous
3320 4722 3375 4775 in
3419 4720 3755 4777 Clu-estcum-

2185 4825 2295 4878 thia
2317 4842 2334 4880 :
2359 4824 2485 4876 Ὅτι
2511 4822 2738 4892 φλυαρεῖ
2759 4820 2854 4873 καὶ
2884 4813 3038 4882 οὗτος
3075 4818 3165 4871 τὸν
3207 4815 3412 4885 Μωσῆν
3449 4813 3626 4881 Ἄλφα
3653 4829 3753 4866 κα-

2181 4917 2411 4982 λεῖσθαι,
2445 4916 2574 4970 διότι
2598 4914 2784 4983 ἁλφοῖς
2813 4912 2873 4966 τδ
2903 4912 3062 4983 σῶμα
3092 4909 3448 4970 κατάστικτος
3473 4904 3570 4978 ἦν·
3596 4912 3652 4959 et
3679 4903 3748 4958 ad

2183 5015 2386 5068 dictum
2424 5027 2585 5068 suum
2621 5008 2902 5063 Philonem
2931 5015 3126 5062 testem
3180 5006 3421 5060 adhibet.
3467 5002 3620 5069 Quod
3663 5012 3749 5054 ta-

2181 5122 2306 5162 men
2336 5103 2478 5176 apud
2504 5103 2785 5161 Philonem
2809 5119 2986 5174 neque
3019 5103 3073 5157 in
3099 5101 3275 5155 tribus
3306 5099 3384 5151 De
3413 5099 3524 5151 rita
3553 5094 3752 5162 Hoysis

2183 5198 2357 5261 libris,
2387 5213 2563 5267 neque
2591 5197 2718 5251 alibi
2751 5197 2855 5263 legi
2885 5195 3196 5251 observavit
3218 5191 3390 5246 David
3433 5188 3752 5244 Heschelius

2183 5287 2642 5343 Adnotationibus
2666 5287 2721 5340 in
2742 5285 3011 5340 Photium.
3047 5283 3149 5337 Sed
3175 5282 3400 5335 minime
3422 5279 3748 5338 dubitarem,

2184 5381 2489 5437 Helladium
2543 5381 2706 5434 alium
2750 5394 2778 5432 a
2833 5377 3060 5433 Philone
3104 5375 3292 5430 Judaeo
3336 5373 3498 5441 cujus
3553 5371 3749 5438 scripta

2185 5471 2363 5528 adhuc
2385 5479 2624 5532 exstant,
2654 5479 2848 5525 testem
2878 5468 3227 5532 adhibuisse;
3257 5474 3312 5521 et
3338 5464 3578 5520 fortasse
3607 5474 3746 5519 eum.

2185 5565 2276 5636 qui
2301 5564 2369 5619 de
2399 5561 2773 5633 Hierosolyma
2805 5561 3048 5616 carmine
3071 5558 3290 5612 heroico
3323 5556 3754 5623 scripsit,quem

2187 5656 2313 5710 item
2369 5654 2553 5709 laudat
2584 5650 2896 5708 Alexander
2934 5649 3242 5722 Polyhistor
3263 5646 3405 5719 apud
3436 5645 3762 5707 Eusebium,

2188 5749 2263 5805 De
2293 5748 2679 5824 pra’paratione
2702 5745 2797 5801 lib.
2827 5745 3000 5813 ix,vel
3017 5744 3178 5800 etiam
3205 5741 3482 5797 Philonem
3498 5737 3763 5801 biblicum
