4008 6208
308 313 328 365 ί
340 308 443 364 049

1276 308 1342 362 ΙΝ
1375 306 1746 365 Ευετλτηιι
1779 306 2253 369 ΗΕΧΔΕΜΕΒΟΝ
2285 312 2511 373 ΝΟΤΒ.

3376 315 3516 371 1050

305 430 652 496 historicum,
679 428 826 501 quod
859 419 1210 487 verisimilius
1241 432 1403 489 duco.
1441 430 1546 488 Sed
1576 431 1843 502 gentiliun

1962 431 2020 487 δὲ
2065 437 2400 508 στρατηγοὺς
2432 437 2559 501 τοὺς
2608 435 3135 509 προκαθιδρυμένους
3179 437 3280 508 τῆς
3312 436 3514 509 χώρας,

272 579 279 583 ι
305 521 689 578 historicorum
720 519 950 588 fabulas,
972 530 1026 577 et
1050 534 1374 594 nugamenta
1395 538 1549 580 sacra
1578 522 1857 594 Scriptura

309 615 520 680 refellit,
558 614 743 685 reique
770 616 1053 670 veritatem
1083 616 1275 685 aperit.
1515 677 1523 688 ,

359 705 602 771 001.780,
623 705 716 761 lio.
734 704 804 759 μ
818 705 925 760 Kal
940 705 1430 777 πολλάς-,Μογεεῐη
1446 720 1732 760 mammam
1752 721 1857 761 non

301 806 605 865 externam,
636 795 729 855 sed
762 797 1013 868 gentilem
1056 798 1340 854 admisisse
1360 798 1549 854 scribit
1565 797 1854 868 Josephus,

302 891 398 947 lib.
433 906 472 946 ιι
506 889 914 962 Antiquitamm.
958 906 1077 961 cap.
1121 890 1173 956 5,
1221 907 1329 946 non
1376 891 1659 946 dissimilia
1699 890 1858 947 habet

298 982 645 1048 Ezechielus,
683 980 858 1046 Philo,
890 980 1138 1036 Clemens
1163 981 1580 1038 Alexandrinus.

370 1074 531 1141 Ibid.,
557 1073 656 1130 lin.
701 1073 792 1128 51.
836 1071 1249 1142 Ἀνδρωθέντα.
1293 1072 1368 1129 De
1408 1075 1625 1129 nomine
1658 1072 1857 1145 Moysis

302 1168 587 1238 primaque
627 1165 748 1236 ejus
787 1165 972 1221 radice
1013 1165 1087 1220 ita
1137 1165 1387 1221 Clemens
1417 1165 1853 1220 Alexandrinus:

298 1252 436 1313 Εἶτα
466 1258 671 1312 τίθεται
718 1256 795 1329 τῷ
840 1257 1034 1329 παιδίῳ
1077 1258 1245 1329 ϐνομα
1285 1258 1319 1329 ἡ
1367 1256 1571 1328 βασιλὶς
1620 1258 1856 1329 Μωῦσῆν

299 1349 537 1421 ἐτύμως,
573 1349 661 1405 διά
703 1350 765 1404 τὸ
804 1349 865 1416 ἐξ
908 1349 1094 1414 ὕδατος
1131 1349 1410 1405 ἀνελέσθαι
1442 1349 1591 1404 αὑτό.
1626 1350 1699 1403 Τὸ
1748 1349 1857 1423 γὰρ

298 1441 444 1515 ὕδωρ
481 1443 599 1512 μῶῦ
636 1442 988 1514 ὀνομάζουσιν
1036 1442 1341 1511 Δίγύπτιοι,
1392 1443 1472 1508 είς
1504 1442 1532 1496 ὃ
1560 1442 1856 1496 ἐκτέθειται

293 1533 706 1606 τεθνηξόμενος.
722 1534 830 1589 Καὶ
848 1534 956 1608 γάρ
979 1552 1058 1589 τοι
1084 1535 1321 1605 Μωῦσῆν
1339 1534 1429 1589 τὸν
1447 1534 1856 1592 ἀποπνεύσαντα

293 1625 373 1699 τῷ
404 1625 555 1681 ὕδατι
594 1626 1100 1699 προσαγορεύουσιν.
1131 1626 1476 1683 Ezecliielus:

438 1742 659 1811 ὀνομα
683 1741 752 1795 δὲ
777 1740 998 1811 Μωσῆν
1021 1739 1296 1809 (inrogatis.
1316 1739 1423 1794 τοῦ
1443 1741 1617 1811 χάριν

447 1810 659 1881 ’Υγρᾶς
683 1810 923 1866 ἀνεῖλεν
938 1812 1226 1881 ποταμίας
1243 1812 1345 1866 ἀπ’
1372 1810 1573 1879 ᾐόνος.

292 1901 449 1957 Philo
484 1900 562 1956 De
590 1902 698 1957 vita
729 1900 927 1972 Moysi:
964 1918 982 1956 :
1019 1897 1150 1957 Εἶτα
1194 1902 1404 1957 δίδωσιν
1451 1902 1620 1972 ὄνομα
1651 1900 1850 1972 θεμένη

291 1993 497 2065 Μωσῆν
543 1992 778 2065 ἐτύμως,
804 1993 892 2048 διὰ
919 1993 982 2047 τὸ
1019 1994 1084 2047 ἐκ
1108 1992 1202 2047 τοῦ
1246 1992 1432 2057 ὓδατος
1460 1993 1621 2047 αὑτὸν
1667 1992 1849 2046 ἀνελέ-

292 2081 438 2138 σθαι.
469 2082 542 2136 Τὸ
578 2081 686 2154 γάρ
716 2082 858 2154 ὕδωρ
898 2083 1014 2154 μῶς
1051 2082 1399 2154 ὀνομάζουσιν
1425 2082 1727 2151 Αἰγύπτιοι.
1758 2081 1851 2138 Jo-

288 2174 514 2245 sepbus,
563 2175 825 2245 Auliquit.
872 2175 969 2230 lib.
1000 2190 1013 2228 I
1043 2193 1058 2229 :
1090 2174 1199 2230 Kal.
1244 2174 1390 2244 αὐτῷ
1433 2173 1529 2246 τὴν
1567 2174 1848 2246 ἐπίκλησιν

286 2266 493 2339 ταύτην
533 2266 673 2321 κατά
712 2268 774 2321 τὸ
807 2266 1146 2338 συμϐεϐηκὸς
1184 2265 1334 2320 ἔθετο
1369 2267 1448 2330 είς
1476 2266 1566 2320 τὸν
1608 2267 1847 2337 ποταμὸν

289 2357 597 2428 ἐμπεσόντι.
624 2346 696 2410 Τὸ
718 2357 827 2429 γάρ
855 2356 996 2428 ὕδωρ
1029 2355 1114 2427 μῶ
1127 2355 1410 2425 Δίγύπτιοι
1447 2355 1687 2419 καλοῦσι,
1712 2355 1847 2428 ὓσης

286 2448 346 2504 δέ
379 2450 502 2513 τοὺς
532 2447 593 2514 ἐξ
617 2447 804 2512 ὓδατος
831 2448 1120 2512 σωθέντας.
1149 2447 1439 2511 Συνθέντες
1458 2443 1549 2501 οὖν
1575 2446 1635 2513 ἐξ
1670 2450 1846 2518 ἀμφο-

286 2539 461 2611 τέρων
480 2540 581 2611 τὴν
618 2540 979 2612 προσηγορίαν
1010 2538 1159 2609 αὐτῷ
1193 2538 1395 2610 ταύτην
1422 2537 1677 2593 τίθενται.
1710 2537 1844 2594 Pro-

288 2632 502 2701 copius,
532 2628 811 2693 Rabanus,
832 2638 887 2686 et
914 2630 1005 2684 alii
1031 2629 1271 2684 eamdem
1296 2629 1460 2699 hujus
1487 2628 1723 2684 nominis
1742 2629 1838 2683 im-

289 2722 575 2794 positionis
620 2723 888 2777 rationem
947 2724 1189 2777 tradunt.
1231 2720 1515 2777 Cornelius
1566 2736 1596 2775 a
1641 2720 1843 2793 Lapide

288 2829 483 2871 nomen
520 2815 572 2868 id
604 2829 714 2869 non
748 2828 869 2869 esse
904 2811 1236 2884 Egyptium,
1270 2812 1363 2867 sed
1395 2810 1675 2867 Hebraeum
1696 2811 1840 2866 allir-

287 2915 420 2970 mat,
473 2906 740 2974 aliamque
770 2904 1007 2960 nominis
1039 2919 1256 2960 causam
1302 2904 1476 2969 aﬂ‘ert,
1505 2920 1573 2961 ex
1615 2902 1838 2960 Hebraea

287 3014 567 3055 nominum
602 2998 807 3053 radice.

357 3090 518 3156 ιδιά..
562 3089 659 3144 lin.
711 3088 802 3144 55.
871 3087 1161 3180 Ἑκάλουν
1214 3088 1299 3145 δέ.
1352 3090 1535 3180 filiter
1587 3090 1836 3180 Clemens
1869 3121 1913 3180 ο

282 3181 701 3246 Alexandrinus,
719 3180 812 3236 lib.
845 3194 861 3234 ι
885 3179 1080 3235 Strom.
1098 3181 1293 3251 εΔῆλον
1318 3176 1430 3246 οὖν,
1459 3182 1534 3245 ὡς
1559 3183 1616 3234 ἐν
1648 3179 1725 3246 τῷ
1746 3180 1843 3251 ἔμ-

284 3271 513 3345 προσθεν
529 3272 702 3347 χρόνῳ
715 3290 783 3325 πε
791 3271 1099 3344 ριτμηθὲντι
1109 3273 1186 3343 τῷ
1202 3272 1392 3342 παιδίῳ
1415 3274 1462 3326 οἱ
1478 3274 1651 3340 γονεῖς
1665 3270 1844 3326 ἔθεντο

281 3364 458 3436 δνομά
478 3382 531 3419 τι
554 3381 569 3397 ·
592 3364 832 3419 ἐκαλεῖτο
857 3363 914 3416 δὲ
958 3364 1227 3434 Ἰωακείμ.
1255 3365 1420 3434 Ἔσχε
1457 3363 1513 3416 δὲ
1542 3362 1636 3417 καὶ
1664 3362 1841 3434 τρίτον

280 3457 450 3527 δνομα
471 3458 530 3510 ἐν
552 3453 761 3527 οὐρανῷ
796 3453 932 3527 μετὰ
961 3454 1060 3526 τὴν
1091 3452 1374 3523 ἀνάληψιν,
1390 3453 1464 3517 ὡς
1484 3469 1644 3522 φασιν
1662 3455 1709 3507 οἱ
1737 3452 1840 3524 μύ-

282 3561 424 3610 σται,
455 3546 675 3616 Μελχίς.

351 3638 511 3704 ιδιά..
539 3639 633 3693 lin.
656 3637 746 3694 56.
775 3633 895 3692 Ἦν
910 3637 979 3690 δὲ
996 3636 1254 3704 ἀστεῖος.
1286 3635 1475 3691 Philo:
1509 3637 1715 3708 Εὐγενῆ
1749 3638 1842 3692 καὶ

281 3730 495 3785 ἀστεῖον
523 3728 772 3799 ὀφθῆναι.
803 3728 1143 3798 Τελειότερον
1176 3728 1231 3781 δὲ
1261 3727 1360 3798 τῆς
1391 3726 1601 3798 ἡλικίας
1640 3727 1839 3793 ίδοῦσα,

194 3850 199 3855 ι
280 3822 391 3878 κάκ
438 3821 540 3891 τῆς
585 3820 757 3891 ὅψεως
807 3820 887 3875 ἐτι
939 3821 1134 3892 μᾶλλον
1174 3821 1207 3892 ἢ
1254 3820 1516 3892 πρότερον
1568 3818 1839 3884 σπάσασα,

279 3911 492 3973 εὐνοίας
523 3913 635 3967 υίδν
661 3915 912 3977 ποιεῖται,
943 3910 1012 3966 τὰ
1035 3912 1160 3984 περὶ
1186 3909 1275 3963 τὸν
1306 3909 1467 3978 ὄγκον
1490 3909 1588 3979 τῆς
1607 3907 1841 3978 γαστρὸς

279 4004 587 4075 τεχνάσασα
625 4005 905 4076 πρότερον,
951 4003 1037 4057 ἵνα
1065 4003 1303 4072 γνήσιος,
1356 3999 1493 4055 ἀλλὰ
1528 3999 1601 4072 μὴ
1648 3998 1843 4054 ὑποϐο-

280 4093 496 4166 λιμαῖος
542 4095 789 4167 νομισθῇ.
817 4095 1001 4149 Πάντα
1034 4095 1090 4149 δὲ
1142 4093 1484 4166 ἐξευμαρίζει
1530 4092 1662 4156 Θεὸς
1700 4091 1737 4146 ἃ
1774 4092 1840 4146 ἂν

282 4185 504 4261 θελήσῃ,
536 4188 630 4241 καὶ
658 4186 727 4241 τὰ
758 4187 1190 4259 δυσκατόρθωτα.
1222 4185 1353 4255 Ejus
1394 4185 1752 4256 proprietates
1787 4192 1842 4238 et

280 4282 604 4337 lineamenta
638 4279 711 4333 ita
741 4281 1006 4347 expressit
1036 4280 1340 4350 Artapanus
1363 4278 1503 4348 apud
1524 4277 1836 4345 Eusebium,

279 4373 356 4429 De
369 4373 751 4443 praparatione
771 4371 865 4427 lib.
885 4386 941 4426 ix
959 4371 1266 4440 ςΓεγονέναι
1279 4371 1335 4426 δέ
1352 4388 1482 4443 φησι
1495 4370 1586 4425 τὸν
1610 4370 1838 4426 Μώῦσον

1957 523 2048 589 οὓς
2070 524 2133 596 δὴ
2160 526 2494 580 πλεονεκτεῖν
2523 526 2797 594 ἐπιφανῶς
2825 526 2963 580 κατὰ
2982 527 3080 591 τὰς
3106 526 3304 597 μάχας.
3326 526 3519 594 Λέγειν

1956 616 2011 671 δέ
2045 634 2204 687 φησιν
2248 618 2650 682 Ἦλιουπολίτας
2676 617 2926 687 γενέσθαι
2951 619 3040 673 τὸν
3073 619 3304 690 πόλεμον
3330 619 3515 674 τοῦτον

1955 706 2048 779 ἐτη
2082 707 2231 764 δέκα.

2026 798 2186 865 Ibid.,
2217 800 2315 855 lin.
2344 801 2434 856 '55.
2466 801 2662 868 Ὅπως
2691 801 2877 856 αὑτὸν
2915 803 3268 873 στρατηγόν.
3290 801 3393 859 Per
3418 805 3515 861 ho-

1954 906 2144 947 norem
2176 908 2207 947 a
2240 909 2300 950 se
2335 894 2524 963 procul
2553 895 2801 965 ablegare
2827 910 2989 964 quem
3022 897 3146 965 quis
3177 895 3513 960 reformidat,

1956 983 2207 1054 pluribus
2262 984 2525 1054 exemplis
2578 1000 2766 1041 omnes
2802 985 3051 1042 historici
3092 985 3511 1054 conﬁrmarunt;

1956 1089 2188 1142 quorum
2218 1090 2472 1145 maguum
2514 1090 2798 1132 numerum
2833 1078 2889 1132 in
2915 1094 3084 1133 unum
3123 1080 3396 1150 congessit
3423 1077 3515 1134 Ja-

1954 1182 2062 1224 nus
2112 1166 2374 1223 Gruterus
2415 1168 2470 1223 in
2503 1168 2739 1224 secunda
2784 1178 2932 1239 parte
2970 1171 3321 1239 prolixiorum
3360 1186 3511 1226 com-

1956 1261 2346 1315 mentariorum
2397 1261 2450 1315 in
2483 1260 2653 1317 Taciti
2697 1263 2993 1332 insigniora
3036 1263 3154 1318 loca
3201 1264 3254 1318 in
3294 1263 3424 1318 illud
3457 1263 3511 1317 in

1955 1352 2050 1407 lib.
2093 1368 2147 1406 XI
2186 1351 2516 1407 Annalium:
2545 1353 2768 1407 Amoliri
2811 1353 3049 1422 juvenem
3089 1354 3253 1423 specie
3302 1355 3512 1410 honoris

1954 1442 2164 1501 statuit.

2027 1533 2187 1601 ibid.,
2236 1534 2331 1591 lin.
2370 1531 2459 1589 ιϐ.
2499 1533 2794 1600 Κιὸωτοὺς
2845 1532 3127 1601 πλεκτὰς.
3171 1533 3361 1589 Totum
3410 1536 3513 1592 hoc

1956 1624 2155 1698 Moysis
2181 1632 2507 1696 stratagema
2536 1625 2612 1680 ita
2644 1633 2863 1680 enarrat
2890 1624 3193 1696 Josrplius:
3231 1626 3396 1680 Ἔνθα
3415 1628 3513 1698 τῆς

1957 1718 2117 1771 αύτοῦ
2146 1718 2409 1781 συνέσεως
2437 1717 2752 1789 θαυμαστὴν
2780 1716 3035 1784 ἐπίδειξιν
3071 1718 3377 1789 ἐποιήσατο.
3403 1719 3515 1789 Τῆς

1958 1808 2065 1879 γὰρ
2101 1809 2203 1879 γῆς
2228 1807 2464 1879 χαλεπῆς
2497 1806 2662 1877 οὔσης
2686 1808 2961 1877 ὁδευθῆναι
2988 1806 3076 1862 διά
3116 1807 3317 1881 πλῆθος
3355 1810 3516 1880 ἐρπεο

1956 1899 2084 1965 τῶν,
2104 1898 2537 1970 (παμφορωτάτη
2558 1899 2666 1970 γάρ
2691 1900 2858 1964 ἐστιν,
2883 1897 2958 1962 ὡς
2980 1897 3070 1953 καὶ
3087 1897 3156 1953 τὰ
3189 1900 3317 1972 παρ’
3337 1899 3512 1964 ἄλλοις

1954 1989 2153 2043 τούτων
2176 1990 2276 2043 οὐκ
2305 1989 2433 2044 ὄντα
2466 1989 2598 2061 μόνη
2630 1989 2869 2062 τρέφειν,
2891 1989 3113 2061 δυνάμει
3135 2006 3194 2043 τε
3221 1990 3315 2044 καὶ
3346 1989 3514 2062 κακίᾳ

1953 2076 2032 2147 τῷ
2061 2079 2159 2148 τῆς
2198 2076 2372 2146 ὅψεως
2401 2076 2657 2149 ἀσυνήθει
2701 2078 3037 2150 διαφέροντα.
3075 2080 3208 2134 Τινά
3239 2079 3295 2134 δὲ
3334 2079 3515 2136 αὐτῶν

1954 2170 2069 2223 ἐστι
2096 2170 2189 2223 καὶ
2230 2169 2469 2241 πετεινὰ,
2505 2170 2580 2235 ὡς
2606 2169 2835 2223 λαθόντα
2875 2170 2971 2241 μὲν
3010 2170 3119 2224 ἀπὸ
3149 2172 3251 2243 γῆς
3274 2189 3507 2245 κακουρ-

1952 2263 2087 2330 γεῖν,
2117 2262 2211 2315 καὶ
2262 2262 2337 2333 μὴ
2375 2261 2755 2334 προϊδομένους
2787 2259 2989 2315 ἀδικεῖν
3040 2262 3319 2335 ὑπερπετῆ
3367 2262 3509 2332 γινό-

1954 2368 2091 2423 μενα
2112 2353 2150 2426 ⁹)
2174 2357 2286 2408 νοεῖ
2315 2354 2452 2425 πρὸς
2482 2353 2777 2422 ἀσφάλειαν
2812 2354 2904 2408 καὶ
2932 2352 3138 2426 ἀϐλαϐῆ
3168 2355 3389 2425 πορείαν
3413 2353 3512 2409 τοῦ

1952 2446 2352 2519 στρατεύματος
2419 2448 2777 2519 στρατήγημα
2830 2446 3159 2518 θαυμαστόν.
3217 2447 3510 2518 Πλέγματα

1948 2536 2055 2608 γάρ
2086 2538 2296 2609 ἐμφερῆ
2344 2537 2593 2603 κιϐωτοῖς
2637 2539 2701 2592 ἐκ
2736 2537 2919 2609 βίϐλου
2959 2538 3388 2603 κατασκευάσας,
3417 2539 3511 2592 καὶ

1949 2629 2239 2701 πληρώσας
2278 2630 2436 2685 ἴϐεων
2456 2669 2471 2695 ,
2524 2630 2765 2701 ἐκόμιζε.
2816 2628 3223 2700 Πολεμιώτατον
3272 2628 3317 2682 δ’
3363 2629 3511 2684 ἐστὶν

1946 2721 2098 2791 ϐφεσι
2127 2721 2283 2774 τοῦτο
2312 2720 2374 2774 τὸ
2406 2719 2560 2786 ζῶον.
2588 2720 2850 2789 Φεύγουσί
2885 2735 2944 2772 τε
2970 2718 3080 2790 γὰρ
3118 2717 3509 2789 ἐπερχομένας,

1945 2816 2040 2869 καὶ
2079 2814 2433 2883 ἀφιστάμενοι
2484 2813 2728 2883 καθάπερ
2769 2812 2859 2864 ὑπ’
2890 2812 3101 2880 ἐλάφων
3141 2811 3510 2882 ἁρπαζόμενοι

1945 2906 2351 2961 καταπίνονται.
2393 2906 2707 2978 Χειροήθεις
2733 2905 2778 2957 δ’
2812 2905 2947 2959 είσὶν
2977 2905 3034 2958 ai
3069 2902 3225 2968 ἴϐεις,
3253 2903 3346 2957 καί
3372 2902 3511 2975 πρὸς

1946 2999 2105 3070 μόνον
2130 2997 2191 3052 τὸ
2216 2998 2323 3051 τῶν
2355 2998 2531 3068 δφεων
2554 2996 2708 3066 γένος
2743 2997 2941 3067 ἄγριοι.
2977 2994 3085 3047 Kal.
3107 2992 3235 3065 περὶ
3268 2991 3364 3064 μὲν
3385 2990 3510 3046 τού·

1943 3106 2051 3143 των
2068 3090 2301 3161 παρίημι
2324 3088 2419 3143 νῦν
2435 3087 2689 3160 γράφειν,
2712 3087 2812 3139 οὐκ
2845 3083 3177 3155 ἀγνοούντων
3197 3084 3306 3135 τῶν
3323 3081 3509 3152 Ἐλλή-

1943 3198 2047 3234 νων
2075 3181 2174 3251 τῆς
2207 3179 2371 3243 ἴϐιδος
2404 3179 2465 3233 τὸ
2495 3175 2651 3241 εἶδος.
2689 3176 2776 3241 Ὠς
2800 3173 2892 3230 οὖν
2925 3178 3005 3239 είς
3028 3176 3125 3247 τὴν
3151 3175 3252 3245 γῆν
3290 3172 3508 3226 ἐνέϐαλε

1941 3274 2039 3345 τὴν
2072 3273 2420 3344 θηροτρόφου,
2465 3269 2683 3333 ταύταις
2732 3269 3046 3339 ἀπεμάχετο
3072 3267 3168 3338 τὴν
3197 3265 3306 3318 τῶν
3347 3267 3512 3337 ἑρπε-

1941 3365 2046 3418 τῶν
2098 3364 2257 3433 φύσιν
2276 3403 2298 3427 ,.
2353 3362 2581 3430 ἐπαφεὶς
2637 3360 2841 3423 αὐτοῖς,
2897 3358 2990 3411 καὶ
3041 3355 3508 3428 προπολεμούσαις

1941 3456 2237 3529 χρώμενος.
2279 3453 2478 3509 Τοῦτον
2505 3450 2596 3507 οὖν
2622 3450 2845 3513 ὁδεύσας
2869 3448 2960 3502 τὸν
2980 3447 3197 3519 τρόπον,
3227 3447 3347 3500 οὐδὲ
3378 3462 3511 3518 προ-

1944 3546 2172 3617 μαθοῦσι
2200 3546 2381 3618 παρῆν
2425 3547 2537 3607 τοῖς
2568 3543 2809 3613 Αἰθίοψιο
2854 3539 2949 3594 καὶ
3000 3536 3285 3609 συμϐαλὼν
3325 3537 3509 3600 αὐτοῖς

1941 3640 2131 3709 κρατεῖ
2156 3639 2219 3709 τῇ
2248 3638 2414 3710 μάχῃ,
2444 3635 2536 3690 καὶ
2566 3633 2674 3688 τῶν
2717 3631 2945 3686 ἐλπίδων
2974 3628 3041 3692 ἃς
3070 3624 3213 3698 εἶχον
3249 3627 3341 3680 ἐπὶ
3380 3627 3506 3689 τοὺς

1939 3733 2265 3801 Αἰγυπτίους
2314 3733 2654 3802 ἀφαιρεῖται·
2689 3726 2787 3790 τάς
2816 3743 2876 3779 τε
2912 3724 3095 3787 πόλεις
3141 3721 3317 3775 αὐτῶν
3349 3717 3511 3790 ἐπῄει

1940 3821 2463 3893 καταστρεφόμενος,
2505 3820 2600 3872 καλ⁸
2651 3818 2807 3888 φόνος
2854 3816 3020 3880 πολὺς
3073 3814 3183 3869 τῶν
3231 3811 3506 3866 Aleidamas

1940 3913 2253 3986 ἐπράττετο.
2287 3912 2399 3965 Καὶ
2439 3911 2537 3981 τῆς
2566 3909 2652 3964 διὰ
2680 3907 2916 3977 Μωῦσῆν
2961 3905 3264 3978 εὐπραγίας
3308 3899 3507 3970 γευσά-

1943 4022 2098 4078 μενον
2122 4004 2183 4059 τδ
2198 4003 2306 4059 τῶν
2332 4001 2641 4073 Αἰγυπτίων
2669 4000 2982 4072 στράτευμα
3024 4000 3208 4052 πονεῖν
3245 3995 3344 4049 οὐκ
3379 3993 3509 4048 Eua-

1942 4113 2090 4166 μνεν,
2123 4095 2199 4159 ῶς
2220 4096 2345 4166 περὶ
2372 4091 2801 4165 ἀνδραποδισμοῦ
2827 4088 2919 4144 καὶ
2946 4088 3240 4153 παντελοῦς
3269 4086 3505 4142 ἀναστά-

1940 4204 2075 4251 σεως
2104 4186 2192 4240 τὸν
2217 4186 2458 4241 κίνδυνον
2498 4180 2635 4238 εἶναι
2664 4186 2775 4246 τοῖς
2804 4180 3069 4250 Αἰθίοψιν.
3101 4179 3343 4234 Meminit
3370 4178 3501 4234 item

1937 4278 2245 4349 Artapanus
2271 4296 2284 4332 :
2319 4278 2454 4342 Τοὺς
2482 4272 2574 4330 οὖν
2606 4274 2733 4346 περὶ
2761 4274 2850 4328 τὸν
2869 4271 3099 4328 Μώῠσον
3134 4272 3221 4326 διὰ
3250 4271 3311 4325 τὺ
3341 4269 3503 4343 μέγε-

1940 4371 2028 4436 θος
2058 4372 2158 4440 τῆς
2193 4370 2448 4442 στρατιᾶς
2495 4367 2646 4421 πόλιν
2685 4370 2741 4421 ἐν
2785 4365 2959 4436 τούτῳ
3004 4364 3188 4419 κτίσαι
3219 4363 3295 4434 τῷ
3330 4362 3508 4432 τόπῳ,

280 4464 512 4537 μακρὸν,
561 4463 836 4534 πυῤῥακῆ,
890 4462 1091 4527 πολιὸν,
1146 4463 1409 4534 κομήτην,
1450 4459 1835 4532 ἀξιωματικόν.
1868 4456 1913 4513 Ι)
1937 4464 2033 4518 καὶ
2056 4463 2157 4534 τὴν
2187 4462 2293 4514 ῐϐιν
2337 4462 2393 4513 ἐν
2424 4460 2559 4531 αὐτῇ
2594 4456 2945 4529 καθιερῶσαι,
2986 4454 3073 4509 διά
3118 4454 3181 4508 τὸ
3210 4452 3411 4523 ταύτην
3432 4451 3505 4506 τά

345 4556 468 4612 Col.
521 4554 643 4619 781,
678 4555 773 4609 lin.
819 4554 871 4608 1.
904 4551 1196 4624 Προσάγει
1232 4554 1435 4608 αὐτόν.
1481 4551 1606 4608 Haec
1646 4551 1833 4608 eadem

278 4646 470 4702 iisdem
510 4644 625 4701 fere
658 4645 837 4701 verbis
868 4644 1117 4715 leguntur
1156 4644 1296 4716 apud
1337 4643 1650 4714 Josepbum,
1677 4643 1833 4697 Anti-

276 4739 408 4808 quit.
449 4736 544 4794 lib.
578 4751 619 4803 ι,
657 4752 778 4807 cap.
810 4737 867 4800 ὅ,
898 4752 1056 4807 quem
1082 4736 1325 4793 consule.

345 4828 508 4892 Ibid.,
539 4828 634 4884 lin.
676 4828 767 4883 25.
807 4830 1080 4894 Αἰθίοπες
1107 4826 1176 4881 δὲ
1218 4830 1292 4882 oi.
1342 4825 1418 4883 De
1458 4826 1561 4881 hac
1601 4824 1833 4882 Mosaica

275 4919 620 4990 expeditione
670 4917 934 4973 adversus
966 4915 1255 4988 Ethiopas
1297 4924 1493 4987 praeter
1535 4915 1830 4987 Joseplium

276 5013 350 5067 ita
377 5011 721 5084 Artapanus:
752 5010 861 5066 Kai
885 5026 1014 5065 ποτε
1048 5009 1156 5062 τῶν
1181 5008 1450 5064 Αἰθιόπων
1478 5009 1830 5082 ἐπιστρατευ-

276 5101 522 5173 σαμένων
546 5103 613 5172 τῇ
645 5098 920 5172 Αἰγύπτῳ,
949 5099 1041 5153 τὸν
1062 5099 1358 5171 Χενεφρῆν,
1389 5098 1720 5155 ὑπολαϐόντα
1742 5102 1832 5156 εύ-

276 5194 500 5266 ρηκέναι
524 5192 712 5266 καιρὸν
742 5190 977 5257 εὔθετον,
1018 5191 1228 5263 πέμψαι
1255 5191 1346 5246 τὸν
1369 5190 1600 5246 Μὼῡσον
1623 5192 1709 5245 ἐπ’
1738 5194 1829 5251 αὐ-

272 5288 396 5350 τοὺς
427 5285 728 5359 στρατηγὸν
760 5284 896 5356 μετά
918 5284 1225 5356 δυνάμεως.
1244 5284 1316 5339 Τὸ
1335 5284 1393 5339 δὲ
1420 5284 1528 5340 τῶν
1555 5286 1827 5355 συγγενῶν

271 5375 420 5449 αὐτῷ
447 5377 708 5449 συστῆσαι
731 5376 950 5447 πλῆθος,
975 5375 1308 5432 ὑπολαϐόντα
1334 5376 1529 5449 ῥᾳδίως
1565 5378 1723 5439 αὑτὸν
1740 5378 1828 5434 διὰ

270 5468 369 5541 τὴν
404 5469 515 5524 τῶν
566 5469 906 5541 στρατιωτῶν
952 5469 1235 5524 ἀσθένειαν
1279 5470 1384 5525 ὑπὸ
1405 5470 1515 5525 τῶν
1555 5470 1826 5542 πολεμίων

269 5562 739 5634 ἀναιρεθήσεσθαι.
770 5563 874 5619 Τὸν
914 5562 973 5616 δὲ
1020 5562 1270 5629 Μώῡσον,
1327 5561 1549 5619 ἐλθόντα
1596 5564 1689 5617 ἐπὶ
1733 5564 1825 5619 τὸν

282 5653 704 5727 ἐρμουπολίτην
719 5654 1109 5726 ὀνομαζόμενον
1127 5654 1309 5727 νομὸν,
1336 5653 1523 5726 ἔχοντα
1549 5659 1676 5726 περὶ
1695 5655 1825 5713 δέκα

276 5745 535 5823 μυριάδας
573 5746 858 5817 γεωργῶν,
890 5745 1051 5803 αὐτοῦ
1087 5746 1569 5821 καταστρατεῦσαι.
1603 5746 1825 5818 Πίμψαι

1939 4554 2244 4626 βλάπτοντα
2266 4552 2391 4616 τοὺς
2417 4548 2734 4621 ἀνθρώπους
2764 4549 3002 4618 ἀναιρεῖν
3022 4564 3034 4578 ·
3069 4543 3509 4619 προσαγορεῦσαι

1934 4647 1991 4700 δὲ
2038 4645 2207 4717 αὐτὴν
2238 4642 2437 4715 Ἐρμοῦ
2476 4641 2649 4695 πόλιν.
2689 4638 2829 4696 Hinc
2847 4640 2965 4694 avis
2994 4639 3108 4694 hac
3143 4653 3296 4694 sacra
3332 4635 3499 4710 [Egy-
3550 4638 3554 4642 ‘

1934 4737 2083 4808 ptiis.
2111 4735 2436 4792 Herodotus.
2475 4731 2581 4787 Sed
2610 4731 2679 4787 de
2702 4730 2806 4784 bac
2832 4730 3091 4785 nonnulla
3121 4729 3390 4800 superius.

2004 4828 2163 4894 ιδιά..
2198 4827 2294 4882 lin.
2323 4825 2413 4881 56.
2440 4821 2551 4879 Ἦν
2589 4824 2698 4894 γὰρ
2746 4821 2962 4878 αὐτῶν.
3005 4820 3198 4876 Omnia
3248 4821 3361 4876 hac
3402 4819 3499 4874 ha—

1930 4920 2129 4977 bentur
2155 4919 2331 4976 l'usius
2354 4916 2496 4989 apud
2524 4914 2843 4985 Josephum,
2878 4914 2973 4984 qui
3008 4928 3109 4968 nec
3131 4912 3385 4968 Tharmis
3408 4926 3497 4967 re-

1930 5015 2068 5085 ginis
2097 5013 2364 5085 perditum
2397 5025 2634 5073 amorem
2665 5010 2720 5063 in
2753 5007 2988 5085 Moysem
3019 5006 3233 5061 silentio
3271 5014 3492 5074 praeter-

1926 5105 2003 5167 it,
2040 5120 2106 5159 ex
2137 5104 2334 5173 quibus
2379 5117 2479 5158 sua
2524 5100 2779 5155 videntur
2817 5098 3047 5154 mutuati
3085 5095 3255 5151 Graeci
3285 5094 3501 5150 fabula.

1928 5204 2074 5252 tores
2105 5210 2226 5266 quae
2256 5194 2323 5251 de
2348 5195 2530 5266 Scylla
2562 5202 2617 5249 et
2637 5194 2761 5248 aliis
2785 5199 3033 5248 narrant.

1996 5288 2114 5344 Col.
2148 5287 2272 5351 πει,
2303 5286 2399 5342 lin.
2431 5286 2518 5342 15.
2558 5286 2720 5339 Οὕτω
2750 5287 2859 5355 γὰρ
2889 5285 3027 5338 ὑπό.
3059 5281 3314 5348 Q‘uaenam
3352 5278 3495 5350 May.

1925 5393 2013 5436 ses
2048 5378 2266 5435 doceret
2298 5377 2579 5449 Egyptios
2604 5376 2809 5432 indicat
2837 5375 3055 5442 Strabo,
3076 5376 3171 5431 lib.
3203 5390 3292 5430 xv:
3319 5392 3332 5428 :
3362 5372 3497 5428 Non

1927 5482 2061 5533 recte
2105 5474 2313 5539 sentire,
2347 5474 2435 5541 qui
2481 5470 2791 5532 bestiarum,
2846 5486 2908 5524 ac
2948 5485 3193 5539 pecorum
3233 5469 3495 5539 imagines.

1928 5565 2035 5623 Deo
2080 5563 2389 5628 tribuerunt,
2422 5564 2644 5633 itemque
2688 5561 2864 5631 Afros,
2908 5570 2958 5615 et
3000 5560 3209 5616 ercos
3252 5561 3341 5630 qui
3379 5560 3490 5615 diis

1926 5658 2190 5713 hominum
2235 5656 2463 5728 ﬁgurant
2515 5654 2832 5726 alﬁngerent.
2885 5651 2952 5708 Id
3000 5669 3117 5707 vero
3157 5652 3327 5709 solum
3373 5668 3489 5706 esse

1925 5747 2110 5815 Deum,
2131 5745 2267 5818 quod
2303 5763 2418 5813 nos,
2451 5754 2499 5799 et
2537 5753 2751 5809 terram,
2788 5759 2848 5797 ac
2881 5759 3023 5798 mare
3052 5743 3314 5807 continet;
3348 5740 3486 5815 quod
