3968 6914
504 316 634 372 1051

1869 325 2110 383 ιΕοΝιε
2152 325 2423 382 ALLATII

3586 323 3728 377 105‘!

501 431 708 496 caelum,
736 442 784 487 et
813 434 1060 488 mundum
1082 446 1130 490 et
1159 454 1332 493 rerum
1365 441 1596 494 omnium
1622 453 1870 496 naturam
1896 445 2071 511 appel-

2187 458 2303 513 ρησι
2331 441 2546 514 πρῶτον
2575 439 2734 510 σοφὸν
2759 439 3027 508 γενέσθαι,
3055 439 3150 492 καὶ
3173 437 3568 509 γραμματικὴν
3592 439 3732 508 πρῶ-

500 523 698 587 lamus,
744 526 893 594 cujus
925 527 1159 595 profecto
1191 531 1472 600 imaginem
1518 547 1666 586 nemo
1709 549 1850 585 same
1884 535 2067 588 mentis

503 615 730 682 alicujus
758 633 942 670 earum
974 635 1171 682 rerum,
1203 637 1318 688 qua:
1351 638 1503 690 penes
1529 640 1623 677 nos
1666 634 1807 689 sunt,
1845 626 2070 680 similem

503 706 694 759 audeat
721 708 972 777 e/ﬁngere.
1001 711 1229 766 Proinde
1248 715 1389 765 omni
1403 714 1807 768 simulacrorum
1825 717 2072 785 eﬂictione

502 800 801 868 repudiata,
830 803 1044 873 dignum
1073 807 1121 860 ei
1166 807 1436 876 templum,
1469 825 1528 861 ac
1569 809 1843 862 delubrum
1879 814 2073 864 consti-

502 892 774 958 tuendum,
808 912 869 948 ac
906 897 1016 950 sine
1047 899 1225 967 aliqua
1253 900 1424 969 ﬁgura
1460 899 1749 953 colendum.
1785 902 1888 966 Qui
1908 911 2072 968 caste,

503 1001 565 1038 ac
582 985 728 1054 juste
764 989 958 1054 vivunt,
993 991 1066 1043 eis
1112 990 1246 1044 bona
1277 993 1479 1044 somnia
1505 993 1684 1060 offerri
1711 1009 1727 1044 :
1758 993 1937 1047 debere
1966 995 2072 1047 ita-

501 1087 617 1140 que,
642 1083 690 1124 et
717 1089 812 1139 pro
841 1091 914 1138 se,
960 1085 1008 1128 et
1039 1093 1134 1144 pro
1167 1078 1292 1131 aliis
1322 1095 1408 1133 eos
1450 1078 1680 1134 dormire
1707 1083 1762 1134 in
1786 1083 1994 1151 templo,
2023 1092 2074 1137 et

505 1180 537 1216 a
563 1163 671 1218 Deo
703 1166 921 1221 subinde
955 1169 1156 1238 aliquid
1181 1169 1321 1234 boni,
1352 1180 1506 1241 atque
1538 1172 1722 1228 indicii
1755 1185 2072 1245 exspectare.

503 1259 705 1310 caeteris
737 1257 870 1311 nihil
891 1260 1236 1327 sperandum.

573 1348 689 1404 Col.
724 1350 844 1415 784,
871 1353 964 1405 lin.
1003 1354 1090 1408 18.
1139 1353 1409 1423 Ἐτιμᾶτο
1445 1357 1514 1411 δὲ
1543 1360 1664 1413 καί.
1696 1361 1851 1412 Οὕτω
1871 1361 1934 1432 δὴ
1951 1362 2074 1424 τοὺς

505 1441 782 1507 Αἰθίοπας,
815 1445 1019 1514 καίπερ
1047 1445 1204 1509 ὄντας
1230 1447 1538 1518 πολεμίους,
1567 1451 1888 1522 στέρξαιτδν
1917 1451 2077 1506 Μὼῦ-

507 1550 620 1598 σον,
651 1533 788 1586 ὥστε
820 1538 913 1589 καὶ
947 1539 1046 1607 τὴν
1078 1541 1377 1611 περιτομὴν
1407 1542 1514 1594 τῶν
1543 1543 1756 1596 αἰδοίων
1783 1545 1912 1614 παρ’
1939 1545 2078 1596 ἐκεί-

504 1646 596 1682 νου
632 1628 842 1699 μαθεῖν.
875 1630 947 1682 Ού
977 1631 1134 1700 μόνον
1163 1632 1218 1684 δέ
1240 1634 1461 1696 τούτους
1491 1634 1622 1687 ἀλλά
1647 1637 1738 1688 καὶ
1769 1637 1894 1698 τοὺς
1918 1638 2078 1707 ἱερεῖς

506 1718 772 1781 ἅπαντας.
807 1717 981 1773 Verba
1017 1729 1144 1774 sunt
1181 1724 1479 1793 Artapani;
1521 1725 1666 1779 hunc
1701 1727 2074 1782 circumcisio-

2172 549 2262 586 τον
2294 537 2404 596 τοῖς
2443 530 2712 593 Ἰουδαίοις
2753 529 3100 602 παραδοῦναι,
3145 531 3240 583 καὶ
3279 529 3429 601 παρά
3471 529 3733 584 Ἰουδαίων

2169 623 2412 685 Φοίνικας
2457 621 2822 692 παραλαϐεῖν⁸
2856 621 3115 690 Ἕλληνας
3149 621 3207 674 δὲ
3256 621 3404 691 παρά
3450 620 3733 676 Φοινίκιον.

2172 711 2267 765 His
2299 728 2406 766 non
2437 713 2711 766 consentit
2740 710 2974 766 Joannes
3004 711 3373 766 Antiochenus
3396 712 3452 763 in
3488 711 3735 766 Archite-

2172 803 2310 873 logia
2336 817 2354 854 :
2388 804 2507 856 Ἔτι
2533 802 2637 856 τῶν
2657 802 2860 856 δώδεκα
2904 803 3249 874 πατριαρχῶν
3284 798 3352 873 ἦν
3390 803 3656 867 Ἡσίοδος,
3680 803 3735 866 ὃς

2171 894 2238 946 τὰ
2278 893 2576 963 Ἀσσυρίων
2611 892 2911 964 γράμματα
2932 895 3010 955 είς
3052 892 3269 946 Ἐλλάδα
3310 893 3568 961 γλῶσσαν
3613 910 3729 963 μετο

2175 984 2383 1037 έϐαλεν.
2420 985 2554 1038 lllud
2591 1000 2738 1047 vero,
2761 985 2972 1038 litteras
2996 984 3228 1054 primum
3264 999 3292 1036 a
3327 983 3513 1054 Moyse
3536 983 3736 1039 Judais

2173 1077 2400 1130 traditas
2428 1092 2535 1130 non
2574 1078 2763 1146 probat
2794 1077 3150 1146 Augustinus,
3181 1077 3277 1131 lib.
3323 1093 3455 1131 xvm
3502 1077 3582 1130 De
3615 1078 3738 1130 cici-

2175 1176 2283 1220 tate
2314 1167 2432 1233 Dei,
2463 1183 2582 1238 cap.
2608 1168 2709 1232 39;
2741 1178 2926 1223 censet
2965 1169 3128 1233 enim,
3155 1169 3611 1238 quemadmodum
3636 1169 3740 1222 lin-

2174 1277 2332 1332 guam
2367 1263 2440 1315 ita
2473 1269 2527 1316 ct
2570 1262 2796 1325 litteras,
2827 1269 2948 1315 ante
2981 1261 3218 1332 Moysem
3250 1261 3434 1322 fuisse.
3461 1270 3515 1316 et
3542 1277 3611 1316 ex
3656 1262 3744 1316 his

2174 1370 2296 1424 quae
2327 1356 2576 1424 superius
2608 1370 2672 1409 ex
2705 1353 2940 1425 Josepho
2963 1355 3039 1408 De
3069 1355 3312 1423 antiquit.
3342 1355 3437 1408 lib.
3480 1369 3519 1417 ι,
3553 1353 3747 1407 attuli-

2175 1463 2296 1502 mus
2325 1447 2391 1502 de
2411 1447 2698 1511 columnis,
2726 1447 2894 1502 altera
2924 1447 3154 1518 lapidea,
3201 1447 3366 1499 altera
3393 1446 3650 1510 lateritia,
3689 1447 3746 1500 in

2175 1538 2374 1607 quibus
2415 1545 2640 1606 nepotes
2683 1537 2808 1592 Selli
2859 1545 2984 1591 ante
3023 1536 3332 1590 illuvionem
3380 1536 3530 1589 illam
3573 1539 3747 1589 totius

2176 1626 2326 1680 orbis
2373 1625 2652 1680 scientiam
2685 1640 2868 1680 rerum
2919 1625 3221 1680 caelestium
3261 1625 3328 1680 ab
3377 1625 3509 1695 ipsis
3550 1626 3747 1679 inven-

2181 1724 2312 1779 tam,
2359 1715 2552 1770 litteris
2594 1715 2944 1784 insculptam,
2983 1717 3461 1786 consignatamque
3509 1717 3749 1785 relique—

507 1805 594 1864 nis
625 1810 843 1863 modum
893 1813 1028 1866 mire
1079 1815 1309 1883 amplexi
1349 1826 1498 1876 sum,
1535 1817 1610 1870 ita
1659 1825 1717 1871 υι
1767 1819 1928 1872 etiam
1985 1834 2076 1872 ac-
2107 1801 2147 1855 Β
2177 1813 2324 1869 runt,
2353 1807 2486 1861 satis
2527 1805 2884 1860 conﬁrmatur
2912 1806 3200 1878 Augustini
3241 1807 3445 1877 opinio.
3485 1805 3574 1861 Sic
3614 1810 3747 1862 item

505 1909 666 1971 cepto
701 1901 1121 1958 Christianismo
1158 1907 1422 1976 praeputia
1457 1903 1522 1961 ad
1565 1909 1704 1962 hanc
1735 1924 1908 1979 usque
1933 1904 2076 1963 diem

506 2003 751 2063 ponant;
784 1995 928 2065 quod
961 2013 1026 2051 ex
1057 1998 1280 2067 antiqua
1305 2000 1425 2068 ejus
1474 2001 1648 2070 gentis
1689 2001 2078 2056 consuetudine

505 2087 689 2142 facere
725 2089 876 2158 ipsos
913 2090 1032 2144 sine
1086 2088 1356 2154 Judaismi
1404 2094 1793 2162 superstitione
1849 2100 2080 2148 testatur

505 2178 774 2250 Iosephus
805 2181 1065 2252 Scaliger,
1092 2183 1187 2237 lib.
1219 2199 1295 2236 vn
1329 2183 1404 2237 De
1435 2184 1638 2240 emend.
1667 2194 1842 2253 temp.,
1877 2201 1927 2255 p.
1951 2185 2075 2240 640.

508 2273 592 2326 An
630 2281 852 2343 propter
900 2274 1004 2329 hoc
1038 2282 1092 2330 et
1133 2290 1164 2329 a
1214 2277 1506 2347 gentilismi
1553 2278 1940 2348 superstitione
1978 2279 2079 2332 im-

508 2365 738 2419 munes?
770 2363 1032 2435 Scaliger.

577 2455 685 2509 Ibid
716 2497 732 2521 ,
761 2457 858 2510 lin.
891 2457 982 2510 9.2.
1010 2459 1131 2511 Ἔτι
1161 2457 1230 2510 δὲ
1261 2458 1359 2511 καὶ
1386 2457 1519 2525 τήν.
1554 2457 1686 2525 Qua:
1716 2457 1784 2513 de
1812 2457 2081 2513 divisione

508 2545 726 2617 Egypti
761 2546 1077 2602 Eustathius
1125 2547 1295 2618 Moysi
1345 2549 1540 2604 tribuit
1581 2549 1795 2604 videtur
1842 2549 2081 2602 tribuere

504 2637 740 2709 Josepho
760 2639 1064 2695 Alexander
1080 2639 1390 2711 Polyhistor
1406 2657 1468 2695 ex
1494 2641 1770 2712 Artapano
1793 2659 1806 2694 :
1833 2641 2082 2694 Ἐλθόντα

504 2730 564 2782 δὲ
599 2729 758 2782 αὐτὸν
791 2732 870 2795 είς
905 2732 1004 2801 τὴν
1046 2731 1339 2800 Αἴγυπτον,
1381 2734 1476 2785 καὶ
1512 2732 1840 2785 συσταθέντα
1879 2731 1955 2802 τῷ
1989 2731 2082 2801 βα-

509 2820 646 2873 σιλεῖ
686 2821 960 2892 διοικητὴν
987 2823 1086 2892 τῆς
1135 2822 1262 2893 ὅλης
1296 2822 1548 2890 γενέσθαι
1579 2823 1781 2893 χώρας,
1818 2825 1912 2876 καὶ
1950 2823 2083 2894 πρό-

509 2929 666 2985 τερον
692 2914 941 2978 ἀτάκτως
962 2914 1068 2969 τῶν
1100 2915 1408 2983 Αἰγυπτίων
1435 2914 1878 2987 γεωμορούντων,
1913 2915 1998 2969 διά
2021 2915 2081 2968 τὸ

506 3006 607 3077 τὴν
640 3005 821 3077 χώραν
858 3005 1158 3078 ἀδιαίρετον
1185 3004 1340 3069 εἶναι,
1376 3008 1469 3060 καὶ
1497 3008 1605 3060 τῶν
1637 3007 1936 3061 ἐλασσόνων
1977 3006 2080 3059 ὑπὸ

506 3098 615 3153 τῶν
645 3100 971 3170 κρεισσόνων
1003 3099 1394 3172 ἀδικουμένων,
1425 3100 1611 3153 τοῦτον
1651 3099 1864 3170 πρῶτον
1899 3100 1995 3171 τήν
2019 3115 2078 3151 τε
2103 3136 2152 3200 C

508 3195 611 3263 γῆν
637 3193 849 3256 διελεῖν,
882 3194 975 3246 καὶ
1011 3194 1155 3264 ὅροις
1193 3193 1652 3264 διασημήνασθαι,
1679 3193 1774 3245 κα)⁵
1811 3191 1908 3262 τὴν
1957 3190 2080 3244 πολ-

507 3285 604 3358 λὴν
623 3287 1017 3358 χερσευομένην
1037 3288 1418 3358 γεωργήσιμον
1450 3284 1792 3349 ἀποτελέσαι,
1820 3286 1910 3336 καί
1931 3301 2083 3349 τινας

509 3378 617 3432 τῶν
649 3377 893 3449 ἀρουρῶν
929 3381 1041 3440 τοῖς
1083 3377 1318 3449 ἱερεῦσιν
1348 3376 1753 3448 ἀποκληρῶσαι.
1790 3376 1988 3429 Τοῦτον
2025 3377 2081 3428 δέ

510 3466 602 3520 καὶ
639 3467 810 3538 μέτρα
842 3468 1040 3539 εὑρεῖν,
1073 3468 1166 3520 καὶ
1214 3467 1464 3538 μεγάλως
1505 3467 1666 3520 αὐτὸν
1713 3467 1816 3520 ὑπὸ
1848 3468 1956 3519 τῶν
1991 3468 2083 3520 Ai-

510 3558 748 3627 γυπτίων
800 3558 884 3611 διὰ
946 3558 1115 3612 ταῦτα
1163 3559 1531 3629 ἀγαπηθῆναι.
1589 3559 1765 3628 Γῆμαι
1811 3558 1866 3611 δὲ
1923 3558 2082 3610 αὑτὸν

521 3649 918 3702 Ἦλιουπολίτου
949 3651 1137 3721 ἱερέως
1182 3651 1397 3703 Ἀσενέθ
1429 3649 1719 3721 θυγατέρα,
1746 3649 1801 3714 ἐξ
1823 3645 1889 3719 ἦς
1905 3649 2085 3720 γεννῆ-

513 3759 602 3795 σαι
631 3742 844 3806 παῖδας.
869 3741 1229 3797 Ρτωίοοιυτοε
1269 3741 1486 3812 Egypti
1517 3759 1545 3794 τι
1581 3741 1812 3810 Memphi
1842 3740 1906 3794 ad
1942 3738 2083 3793 The-

509 3833 724 3888 baidem
763 3850 936 3904 usque
985 3841 1236 3888 numerat
1281 3833 1706 3904 Agatliarchides
1754 3831 1894 3900 apud
1941 3829 2083 3884 Pho-

509 3927 648 3980 tium
696 3925 751 3980 in
788 3925 954 3987 Bibl..
990 3925 1208 3989 Strabo,
1251 3925 1343 3980 lib.
1375 3940 1508 3990 xvu,
1551 3924 1844 3994 Aigyptum
1892 3923 2080 3978 scribit

510 4020 746 4090 primum
773 4019 1004 4074 divisam
1042 4020 1097 4072 in
1129 4018 1500 4088 praefecturas,
1534 4018 1860 4072 Tltebaciam
1899 4017 1949 4069 in
1991 4017 2082 4070 de-

511 4125 653 4174 cem,
687 4125 830 4174 eam,
860 4127 980 4180 quae
1015 4110 1068 4163 in
1097 4109 1268 4174 Delta,
1301 4111 1356 4164 in
1393 4109 1528 4164 alias
1577 4109 1785 4170 decem,
1825 4106 2082 4160 Interme-

511 4200 656 4254 diam
688 4202 743 4256 in
775 4203 1032 4258 sedecim.
1064 4199 1165 4256 Tot
1205 4202 1348 4256 enim
1380 4210 1536 4254 erant
1582 4197 1893 4268 bujusmodi
1946 4212 2083 4267 prte-

514 4291 759 4358 fecturae,
789 4300 922 4363 quot
945 4292 1247 4363 labyrinthi
1287 4293 1444 4355 aulze,
1473 4306 1593 4360 qua:
1618 4291 1840 4345 circiter
1860 4289 2081 4359 triginta

511 4382 756 4437 fuerunt.
781 4381 1019 4437 Rursum
1047 4381 1402 4452 przel'ecturas
1439 4379 1642 4435 divisas
1666 4381 1718 4434 in
1747 4379 2080 4447 toparchias,

2176 1893 2514 1962 explodenda
2546 1902 2629 1947 est
2667 1891 2913 1949 Philonis
2961 1895 3164 1964 opinio,
3220 1897 3312 1965 qui
3356 1896 3424 1949 ad
3466 1895 3747 1949 Abraham

2177 1983 2540 2037 inventionem
2576 1984 2876 2038 litterarum
2911 1983 3297 2039 Hebraicarum
3338 1987 3530 2041 refert.

2247 2075 2405 2144 lbid.,
2435 2076 2530 2131 lin.
2561 2077 2650 2131 35.
2674 2077 2836 2130 Μετὰ
2856 2075 2924 2129 δὲ
2944 2075 3058 2145 τὴν
3075 2077 3244 2132 κατὰ.
3269 2077 3498 2144 Quidam
3524 2081 3750 2135 tradux:

2179 2168 2414 2240 Moysen:
2448 2175 2605 2238 parta
2639 2169 2869 2222 victoria
2904 2183 3029 2223 cum
3066 2171 3249 2226 redire
3279 2172 3441 2225 vellet
3483 2172 3540 2225 in
3576 2171 3748 2243 (Egy-

2179 2272 2352 2334 ptum,
2388 2277 2488 2316 nec
2532 2261 2832 2317 dimitteret
2875 2277 2999 2317 eum
3032 2261 3288 2326 Tharbis,
3322 2263 3526 2332 ipsum,
3564 2273 3625 2318 ut
3657 2268 3748 2334 qui

2180 2353 2541 2424 peritissimus
2581 2360 2726 2406 esset
2767 2359 3060 2416 astrorum,
3095 2352 3232 2407 duas
3271 2353 3538 2424 imagines
3600 2356 3751 2410 scut-

2180 2446 2354 2516 psisse
2389 2445 2443 2498 in
2468 2445 2694 2515 gemmis
2723 2444 2843 2512 ejus
2873 2444 3110 2509 virtutis,
3137 2459 3202 2498 ac
3232 2447 3539 2514 potestatis,
3574 2454 3636 2499 ut
3673 2451 3751 2500 al-

2180 2544 2295 2592 tera
2331 2537 2642 2590 memoriam
2669 2537 2903 2599 aﬂ‘erret,
2927 2536 3095 2590 altera
3119 2535 3444 2592 oblivionem
3467 2579 3482 2602 ,
3513 2554 3753 2609 cumque

2180 2629 2401 2699 paribus
2449 2629 2664 2684 annulis
2710 2644 2802 2684 eas
2849 2628 3186 2692 inseruisset,
3245 2629 3474 2683 alterum
3531 2633 3753 2686 scilicet

2179 2720 2453 2774 memoriae
2500 2720 2603 2774 sibi
2648 2734 2974 2783 reservasse,
3024 2719 3253 2774 alterum
3303 2721 3599 2776 oblivionis
3652 2724 3749 2778 de-

2179 2810 2323 2866 disse
2347 2810 2600 2874 Tharbis,
2626 2827 2784 2880 quem
2811 2811 2900 2864 illa
2926 2811 3153 2865 induens
3187 2827 3309 2866 mox
3342 2811 3549 2884 Moysis
3577 2816 3750 2868 oblita

2180 2902 2316 2968 fuit;
2357 2902 2546 2972 sicque
2596 2902 2687 2956 ille
2735 2901 2790 2955 in
2833 2898 3128 2972 Egyptum
3171 2902 3347 2958 redire
3391 2905 3591 2973 potuit.
3641 2903 3750 2960 Sed

2180 3009 2355 3064 nugae.

2251 3084 2408 3150 lbid.,
2442 3084 2538 3138 lin.
2562 3082 2649 3138 56.
2683 3084 2789 3139 Kal
2833 3088 2866 3138 ὀ
2899 3084 3219 3154 Χενεφρῆς.
3248 3085 3562 3156 Artapanus
3597 3107 3610 3140 :
3646 3087 3752 3140 re:

2182 3177 2238 3230 δὲ
2266 3177 2564 3248 Χενεφρῆν,
2601 3177 2849 3240 λυθέντος
2871 3176 2964 3230 τοῦ
2989 3178 3243 3248 πολέμου,
3277 3179 3418 3249 λόγῳ
3454 3181 3558 3250 μὲν
3589 3182 3752 3236 αὑτὸν

2182 3267 2577 3332 ἀποδέξασθαι,
2629 3268 2773 3340 ἔργῳ
2830 3268 2886 3321 δέ
2935 3268 3317 3324 ἐπιϐουλεύειν.
3372 3271 3755 3342 Παρελόμενοιρ

2182 3357 2310 3426 γοῦν
2344 3356 2505 3410 αὑτοῦ
2535 3357 2658 3419 τοὺς
2698 3356 2884 3425 ὖχλους
2928 3357 3051 3420 τοὺς
3104 3357 3202 3426 μὲν
3234 3358 3327 3408 ἐπὶ
3367 3357 3435 3409 τὰ
3482 3359 3609 3429 ὅρια
3649 3358 3754 3427 τῆς

2180 3449 2462 3511 Αἰθιοπίας
2497 3449 2706 3518 πέμψαι
2739 3448 3090 3518 προφυλακῆς
3118 3449 3296 3518 χάριν,
3339 3451 3467 3512 τοὺς
3497 3450 3553 3502 δὲ
3583 3467 3754 3521 προσο

2182 3542 2337 3606 τάξαι
2370 3541 2459 3593 τὸν
2500 3543 2556 3592 ἐν
2581 3539 2701 3603 Διὸς
2734 3539 2881 3591 πόλει
2911 3539 3032 3592 ναὸν
3069 3539 3128 3603 ἐξ
3155 3541 3322 3609 ὀπτῆς
3364 3540 3585 3593 πλίνθου
3618 3557 3753 3594 κατ-

2183 3635 2580 3706 εσκευασμένον
2636 3633 2946 3705 καθαιρεῖν·
3010 3633 3193 3704 ἕτερον
3236 3633 3293 3686 δὲ
3337 3634 3536 3687 λίθινον
3586 3652 3752 3688 κατα-

2185 3728 2464 3789 σκευάσαι,
2507 3727 2566 3778 τὸ
2610 3725 2832 3796 πλησίον
2873 3724 2994 3795 ὅρος
3043 3724 3470 3796 λατομῄσαντας
3505 3725 3665 3790 τάξαι
3694 3727 3754 3781 δέ

2182 3821 2275 3874 ἐπὶ
2301 3820 2399 3889 τῆς
2417 3819 2723 3890 οἰκοδομίας
2755 3819 3048 3889 ἐπιστάτην
3077 3821 3393 3890 Ναχέρωτα.

2255 3910 2411 3976 lbid.,
2450 3911 2547 3965 lin.
2579 3911 2670 3964 40.
2721 3913 2777 3963 Τι
2822 3910 2945 3974 τοῖς
2971 3909 3184 3978 ἀνθρώ.
3239 3912 3553 3978 Artapanus
3608 3913 3754 3979 apud

2185 4003 2466 4057 Eusebium
2488 4019 2505 4056 :
2524 4003 2624 4056 Τὸν
2654 4002 2730 4068 δὲ,
2761 4001 2977 4054 ἐλθόντα
2999 4003 3132 4072 μετά
3153 4003 3283 4054 Μωΰ
3294 4018 3379 4053 σου
3400 4004 3476 4063 εἰς
3497 4002 3746 4072 Μέμφιν,

2183 4094 2448 4149 πυθέσθαι
2481 4095 2611 4165 παρ’
2637 4093 2820 4157 αὑτοῦ,
2852 4093 2903 4144 εῖ
2920 4111 2972 4144 τι
2998 4093 3123 4146 ἄλλο
3144 4094 3290 4145 ἐστὶν
3313 4092 3603 4161 εὔχρηστον
3627 4096 3748 4157 τοῖς

2183 4187 2504 4258 ἀνθρώποις,
2535 4185 2637 4238 Τὸν
2668 4185 2724 4237 δέ
2756 4185 2921 4253 φάναι
2954 4185 3108 4252 γένος
3152 4184 3214 4236 τὸ
3262 4183 3408 4253 βοῶν,
3436 4182 3523 4234 διὰ
3549 4184 3611 4235 τὸ
3635 4184 3744 4255 τὴν

2181 4281 2284 4350 γῆν
2314 4279 2418 4332 ὑπὸ
2453 4277 2655 4330 τούτων
2695 4274 2974 4348 ἀροῦσθαι.
3017 4273 3119 4326 Τὸν
3156 4273 3213 4326 δὲ
3244 4271 3534 4343 Χενεφρῆν,
3569 4287 3748 4342 προσ..

2182 4372 2551 4444 αγορεύσαντα
2569 4367 2766 4441 ταῦρον
2793 4371 2977 4432 Ἀπιν,
3004 4365 3256 4420 κελεῦσαι
3279 4365 3415 4436 ἱερὸν
3431 4363 3597 4417 αὑτοῦ
3620 4365 3752 4427 τοὺς

512 4474 824 4545 toparchias
864 4475 918 4528 in
943 4474 1078 4529 alias
1107 4475 1404 4544 portiones,
1437 4487 1664 4542 quarum
1697 4473 1934 4527 minima:
1953 4487 2080 4527 arva

2187 4467 2371 4537 ὗχλους
2399 4462 2841 4536 καθιδρύσασθαι,
2874 4462 2968 4515 καὶ
2991 4460 3060 4513 τά
3088 4457 3204 4523 ζῶα
3238 4458 3310 4511 τά
3343 4457 3750 4530 καθιερωθέντα

513 4575 672 4622 erant
703 4574 758 4621 et
797 4564 1035 4637 Egyptii
1063 4566 1165 4619 hac
1195 4565 1466 4635 exquisita
1493 4565 1807 4634 minutaque
1841 4561 1925 4618 usi
1952 4573 2080 4618 sunt.

513 4657 786 4713 divisione
837 4668 1059 4728 prOpter
1109 4657 1400 4712 continuas
1452 4655 1638 4709 ﬁnium
1695 4654 2078 4719 conl'usiones,

515 4763 735 4823 propter
786 4749 892 4804 Nili
928 4751 1286 4816 incrementa,
1319 4749 1412 4819 qui
1462 4756 1656 4804 auctus
1700 4746 1786 4801 bis
1829 4745 2079 4810 addebat,

515 4846 638 4902 aliis
683 4844 979 4910 adimebat,
1013 4843 1193 4898 omnia
1236 4858 1392 4897 versa
1437 4840 1575 4895 facie
1608 4854 1790 4894 rerum
1841 4853 2083 4893 commu-

515 4949 661 5004 tans,
702 4937 911 5008 ﬁguris,
947 4936 1225 5006 signisque
1258 4933 1490 4988 obrutis.
1518 4931 1593 4987 De
1623 4931 1708 4986 bis
1745 4928 2082 5000 praefecturis

514 5031 638 5087 vide
668 5028 988 5091 Diodorum,
1020 5026 1282 5091 Plinium,
1311 5033 1366 5080 et
1395 5024 1552 5078 alios.

584 5121 746 5185 lbid.,
773 5122 869 5175 lin.
899 5120 988 5174 29.
1021 5117 1259 5188 Πρῶτος
1290 5117 1400 5188 γὰρ
1424 5111 1621 5182 οὗτος.
1645 5113 1949 5170 Alexander
1979 5111 2083 5168 Po-

515 5214 746 5286 lyhistor
793 5212 936 5283 apud
965 5209 1296 5266 Eusebium:
1343 5207 1656 5278 Εὐπόλεμος
1699 5205 1757 5259 δέ
1808 5221 1939 5277 φησι
1992 5204 2082 5256 τὸν

515 5307 720 5376 Μωσῆν
753 5305 965 5377 πρῶτον
993 5303 1153 5374 σοφὸν
1172 5299 1442 5372 γενέσθαι,
1468 5299 1561 5352 καὶ
1583 5297 1884 5368 γράμματα
1910 5311 2084 5366 παρα-

515 5398 698 5454 δοῦναι
752 5402 864 5463 τοῖς
917 5397 1187 5460 Ἰουδαίοις
1229 5394 1475 5467 πρῶτον·
1527 5390 1676 5464 παρὰ
1725 5390 1781 5444 δὲ
1819 5387 2082 5441 Ἰουδαίων

515 5489 760 5552 Φοίνικας
804 5487 1156 5562 παραλαϐεῖν,
1197 5486 1463 5558 Ἕλληνας
1499 5483 1556 5537 δὲ
1607 5481 1757 5552 παρά
1802 5478 2078 5539 Φοινίκων,

518 5583 714 5652 νόμους
753 5600 813 5635 τε
856 5583 1070 5654 πρῶτον
1117 5580 1325 5653 γράψαι
1381 5579 1584 5649 Μωσῆν
1629 5578 1739 5640 τοῖς
1787 5571 2081 5634 Ἰουδαίοις.

519 5680 769 5734 Clemens
799 5677 1218 5744 Alexandrinus,
1247 5682 1339 5737 lib.
1368 5698 1380 5736 ι
1417 5680 1620 5737 Strom.
1650 5669 1994 5740 εΕὐπόλεμος
2026 5666 2081 5720 δὲ

519 5771 578 5826 ἐν
607 5768 682 5839 τῷ
712 5769 836 5822 moi.
862 5768 966 5822 τῶν
1001 5773 1055 5823 ἐν
1080 5773 1142 5840 τῇ
1186 5771 1402 5826 17.65--
1439 5767 1698 5841 ζ’·κσιλέων
1727 5763 1816 5817 τὸν
1845 5759 2080 5830 Μωῡσῆν

2183 4559 2288 4611 ὑπὸ
2329 4557 2423 4610 τοῦ
2467 4556 2701 4611 Μωΰσου
2743 4553 2982 4607 κελεύειν
3026 4554 3142 4606 ἐκεῖ
3185 4551 3449 4623 φέροντας
3499 4550 3748 4616 θάπτειν,

2182 4646 2582 4718 κατακρύπτειν
2614 4644 2780 4698 θέλων
2805 4643 2897 4696 τοῦ
2925 4643 3156 4698 Μωΰσου
3187 4643 3374 4711 ἐπινοή
3384 4659 3551 4713 ματα.

2250 4735 2411 4800 lbid.,
2435 4735 2532 4790 lin.
2560 4735 2648 4789 48.
2688 4734 2799 4788 Τὸν
2819 4733 2888 4786 δὲ
2911 4732 3116 4801 ὄχλον.
3153 4729 3230 4786 De
3267 4730 3372 4786 hoc
3399 4731 3563 4786 verba
3589 4733 3747 4785 Arta-

2182 4825 2310 4896 pani
2337 4840 2500 4895 supra
2533 4823 2836 4894 posuimus.

2250 4917 2412 4982 lbid.,
2443 4916 2538 4970 lin.
2563 4915 2650 4972 54.
2685 4910 3091 4978 Ἆποξενώσας
3112 4909 3198 4966 δέ.
3221 4909 3531 4978 Artapanus
3551 4907 3742 4961 :~'A.-.u-

2182 5009 2528 5076 ξενωσάντων
2557 5007 2614 5061 δὲ
2655 5005 2815 5061 αὐτὸν
2857 5003 2964 5057 τῶν
2999 5001 3327 5071 Αἰγυπτίων,
3362 4998 3740 5069 ,ὁρκομοτῆσαι

2181 5104 2306 5168 τοὺς
2345 5102 2532 5172 φίλους
2569 5098 2644 5170 μὴ
2677 5097 2983 5166 ἐξαγγεῖλαι
3029 5095 3109 5166 τῷ
3138 5094 3358 5164 Μωΰσῳ
3390 5093 3492 5163 τὴν
3526 5093 3746 5144 ἐπισυν-

2184 5195 2477 5268 ισταμένην
2511 5191 2656 5264 αὑτῷ
2708 5190 3016 5262 ἐπιϐουλὴν,
3069 5187 3162 5242 καὶ
3211 5184 3576 5258 προϐαλέσθαι
3620 5183 3745 5244 τοὺς

2181 5289 2570 5360 ἀναιρήσοντας
2593 5284 2772 5338 αὐτόν.
2798 5281 3042 5352 Μηδενὸς
3067 5279 3112 5333 δ’
3141 5277 3574 5340 ὑπακούσαντος,
3605 5277 3740 5328 ἀνει-

2181 5380 2322 5435 δίσαι
2353 5379 2443 5434 τὸν
2468 5375 2750 5446 Χενεφρῆν
2778 5371 3121 5442 Χανενώθην,
3169 5371 3260 5424 τὸν
3303 5368 3538 5440 μάλιστα
3581 5381 3740 5439 προσ-

2181 5471 2572 5545 αγορευόμενον
2612 5466 2703 5520 ὑπ’
2741 5465 2927 5520 αὐτοῦ.
2950 5464 3053 5517 Τὸν
3083 5462 3163 5529 δὲ,
3199 5460 3582 5526 ὀνειδισθέντα,
3615 5458 3740 5512 ὑιο-

2183 5563 2402 5637 σχέσθαι
2427 5563 2527 5634 τὴν
2555 5560 2815 5626 ἐπίθεσιν,
2848 5556 3079 5610 λαϐόντα
3109 5553 3318 5626 καιρόν.

2248 5656 2408 5724 lbid.,
2437 5656 2537 5713 lin.
2565 5652 2652 5711 59.
2691 5652 2824 5708 Τότε
2850 5649 2926 5719 δὴ
2950 5650 3047 5705 καί
3074 5647 3202 5717 τῆς.
3227 5647 3536 5717 Artapanus
3563 5661 3579 5698 :
3609 5638 3746 5697 Ὑπὸ

2181 5753 2237 5808 δέ
2279 5750 2461 5807 τοῦτον
2499 5749 2587 5803 τὸν
2631 5745 2818 5816 καιρὸν
2866 5743 2961 5813 τῆς
3009 5740 3274 5812 Μέρῥιδος
3321 5736 3762 5806 τελευτησάσης,
