2004 3104
135 155 209 190 ,toss

139 211 302 246 ὑποσχέσθαι
318 212 363 239 τὸν
375 213 514 250 Χενεφρῆν
528 214 567 250 τῷ
580 224 609 242 τε
626 216 734 252 Μωΰσῳ
747 218 793 244 καὶ
804 217 844 252 τῷ
858 218 914 244 Χα-
930 222 951 248 Α

138 257 240 294 νενώθῃ
253 258 283 284 τὸ
298 258 386 293 σῶμα,
407 259 486 293 ὥστε,
502 261 711 297 διακομίσαντας
724 264 762 294 είς
774 264 835 294 τοὺς
846 263 915 298 ὑπὲρ

138 303 274 340 Αἴγυπτον
289 305 397 339 τόπους,
423 306 514 342 θάψαι,
540 308 708 336 ὑπολαϐόντα
730 309 776 335 τὸν
801 309 915 335 Μώῦσον

138 350 192 377 ὑπὸ
209 350 255 377 τοῦ
270 350 396 378 Χανενὼθ
419 352 652 389 ἀναιρεθήσεσθαι.
676 355 867 390 Πορευομένων
888 355 916 381 δὲ

138 397 239 430 αὐτῶν,
259 397 307 433 τὴν
324 398 467 434 ἐπιϐουλὴν
481 399 519 434 τῷ
535 401 643 435 Μωΰσῳ
666 400 819 435 ἐξαγγεῖλαι
844 410 914 428 τινα.

138 443 190 470 Τὸν
202 443 230 471 δὲ
247 444 414 478 φυλάσσοντα
428 445 507 472 αὐτὸν
522 446 570 481 τὴν
586 447 633 481 μὲν
647 447 751 482 Μέρῤιν
767 447 859 482 θάψαι,
871 447 916 474 τὸν

137 490 167 516 δὲ
186 490 316 525 ποταμὸν,
338 491 384 516 καὶ
402 490 448 526 τὴν
462 492 489 517 ὲν
506 492 601 527 ἐκείνῳ
614 493 689 519 πόλιν
706 493 813 529 Μερόην
832 502 917 529 προσ-

139 536 296 571 αγορεῦσαι.
309 536 444 571 Τιμᾶσθαι
460 537 488 563 δὲ
508 537 556 573 τὴν
573 538 677 574 Μέρῤιν
690 539 789 574 ταύτην
803 539 854 565 ὑπό
863 540 916 566 τῶν

140 583 279 618 ἐγχωρίων
299 583 348 609 οὐκ
371 583 478 610 ἔλαττον
493 584 509 619 ἢ
524 584 572 619 τὴν
587 585 663 613 Ἶσιν.
689 585 827 618 Omnium,
849 592 917 619 quas

139 628 217 655 Nilus
239 629 322 655 ambit
344 629 462 656 maxima
482 633 509 657 et
526 630 707 664 pulcherrima
723 631 823 658 insula.
841 630 917 657 Mulli

138 674 331 701 existimarunt
353 674 424 701 inter
446 683 515 709 quos
538 675 672 710 Josepbus
690 676 738 705 lib.
754 684 772 703 ιι
787 676 916 711 Antiquit.

137 719 247 747 Judaic.
270 720 368 749 nomen
392 729 407 748 a
434 721 522 749 Meroe
539 722 680 758 Cambysis
698 730 801 752 sorore,
821 723 872 756 vel,
888 727 918 750 ut

139 765 275 795 Diodorus
289 768 336 800 ait,
353 772 440 795 matre
458 768 493 795 ibi
516 774 632 801 mortua,
648 777 708 796 cum
726 769 759 796 ad
775 768 917 804 Ethiopas

138 811 281 846 ingressus
292 817 376 844 esset,
387 812 534 845 habuisse;
546 813 607 848 ejus
618 814 742 841 meminit
752 813 917 841 Herodotus.

139 855 178 884 De
187 864 218 884 ea
232 856 369 889 Lucanus,
386 858 432 885 lib.
446 866 463 885 ι
481 867 488 885 :

209 912 331 949 émbitur
348 913 429 949 nigris
443 913 530 940 Meroe
543 914 654 949 fecunda
669 913 767 941 colonis

209 946 284 974 Lit-ta
298 946 383 975 comis
393 948 494 980 hebeni,
510 946 562 976 etc.

138 991 201 1019 Fuit
223 993 308 1028 regia.
330 998 356 1020 et
381 995 538 1029 metropolis
560 994 727 1030 )Ethiopum.
745 995 915 1029 Heliodorus,

137 1037 187 1064 lib.
196 1045 213 1064 ι
225 1038 273 1065 :'ﬂ
283 1038 336 1073 γὰρ
347 1039 378 1073 δὴ
388 1039 490 1075 Μερόη,
506 1040 670 1076 μητρόπολις
684 1039 750 1068 οὖσα
760 1041 814 1068 τῶν
827 1042 917 1068 Αἰθιό-

138 1091 207 1116 πων,
222 1083 256 1110 τὰ
272 1083 321 1118 μὲν
332 1083 398 1112 ἄλλα
411 1085 468 1110 ἐστὶ
483 1085 562 1119 νῆσος
581 1086 778 1121 τριγωνίζουσα
789 1088 917 1122 ποταμοῖς

139 1128 178 1164 τῷ
193 1137 224 1155 τε
243 1129 332 1164 Νείλῳ
350 1130 396 1157 καὶ
418 1130 456 1165 τῷ
482 1131 642 1166 Ἀσταϐόρα,
663 1132 709 1158 καὶ
726 1132 765 1167 τῷ
785 1133 917 1168 Ἀσασόϐα

139 1174 347 1210 περιρῤεομένη.
369 1175 415 1201 τοῦ
436 1176 485 1211 μὲν
508 1177 578 1203 κατὰ
596 1178 718 1213 κορυφὴν
739 1177 918 1213 ἐμπίπτοντος

137 1219 184 1246 τοῦ
202 1220 310 1252 Νείλου,
331 1220 378 1251 καὶ
394 1221 460 1257 πρὸς
479 1221 595 1257 ἑκάτερα
610 1222 776 1258 σχιζομένου,
793 1223 846 1250 τῶν
859 1224 917 1250 ἐτέ-

139 1275 193 1302 ρων
214 1267 242 1293 δέ
267 1267 339 1295 δυοῖν
353 1267 423 1295 κατὰ
438 1268 555 1304 πλευρὰν
571 1269 700 1305 ἑκατέραν
717 1269 830 1305 θατέρου
845 1278 916 1305 παρ-

138 1312 316 1347 αμειϐόντων,
339 1314 385 1343 καὶ
402 1311 478 1345 αὖθις
493 1314 615 1349 ἀλλήλοις
630 1314 847 1349 συμπιπτόντων,
871 1314 918 1341 καὶ

139 1361 178 1391 cl;
197 1360 246 1387 ἕνα
260 1360 307 1387 τὸν
325 1360 420 1387 Νεῖλον
433 1361 463 1387 τό
477 1369 507 1388 τε
519 1361 607 1397 ῥεῦμα
622 1361 653 1387 τό
666 1370 696 1387 τε
710 1361 794 1396 ὄνομα
806 1362 919 1387 ἐκνικυ-

142 1406 240 1442 μένων.
376 1424 381 1430 ν

173 1453 232 1480 Col.
244 1453 305 1484 785.
321 1453 369 1480 lin.
391 1454 417 1481 8.
436 1454 532 1486 Αὐτὸς
550 1453 584 1480 δὲ
607 1454 641 1480 ὲκ
658 1453 724 1488 μέν.
748 1453 917 1488 Artapanus:

145 1498 270 1533 Ἀαρῶνα
288 1498 316 1525 δὲ
333 1499 378 1525 τὸν
396 1499 443 1525 τοῦ
458 1500 575 1526 Μωῠσου
595 1499 717 1534 ἀδελφὸν,
739 1498 774 1525 τὰ
793 1499 856 1534 περὶ
869 1498 919 1534 τὴν

139 1543 283 1579 ἐπιϐουλὴν
306 1545 461 1578 ἐπιγνόντα,
479 1545 676 1580 συμϐουλεῦσαι
691 1544 729 1580 τῷ
749 1544 853 1579 ἀδελφῷ
868 1553 918 1579 φυ-
931 1557 952 1585 G

139 1591 197 1624 γεῖν
209 1591 248 1621 είς
263 1590 311 1625 τὴν
329 1591 467 1626 Ἀραϐίαν.
485 1591 536 1618 Τὸν
554 1591 593 1623 δὲ,
610 1591 764 1622 πεισθέντα,
777 1590 830 1617 ἀπὸ
843 1591 919 1626 Μέμ-

140 1645 211 1672 φεως
228 1637 274 1664 τὸν
292 1637 386 1664 Νεῖλον
407 1637 614 1669 διαπλεύσαντα,
639 1636 855 1664 ἀπαλλάσσεσθαι
878 1638 918 1668 είς

138 1681 189 1717 τὴν
213 1682 351 1717 Ἀραϐίαν.
375 1682 425 1709 Τὸν
447 1683 476 1709 δὲ
498 1682 669 1718 Χανεθώθην,
697 1682 845 1717 πυθόμενον
871 1681 917 1707 τοῦ

140 1728 257 1754 Μωΰσου
283 1729 331 1763 τὴν
358 1728 455 1764 φυγὴν,
486 1728 633 1764 ἐνεδρεύειν
663 1728 700 1759 ὡς
727 1728 916 1764 ὰναιρήσοντα.

147 1771 245 1799 ’ἰδόντα
264 1772 292 1799 δὲ
313 1773 467 1808 ἐρχόμενον,
489 1772 641 1799 σπάσασθαι
656 1773 705 1808 τὴν
725 1773 860 1808 μάχαιραν
875 1774 918 1800 ἐπ’

140 1816 231 1843 αὐτόν.
258 1817 308 1842 Τὸν
330 1816 359 1843 δὲ
381 1816 506 1849 Μώῦσον,
527 1817 798 1852 προκατασχήσαντα,
819 1818 868 1852 τήν
888 1826 918 1843 τε

139 1864 218 1898 χεῖρα
240 1864 385 1897 κατασχεῖν
402 1863 493 1895 αὑτοῦ,
520 1863 565 1889 καὶ
587 1863 756 1897 σπασάμενον
778 1863 807 1889 τὸ
833 1863 917 1897 ξίφος,

139 1907 267 1942 φονεῦσαι
279 1909 323 1935 τὸν
337 1908 507 1944 Χανεθώθην.
519 1909 678 1943 Διεκδράναι
689 1909 718 1934 δὲ
730 1910 769 1940 είς
780 1908 827 1944 τὴν
845 1909 919 1944 Ἀρα-

140 1953 201 1981 ϐίαν
213 1954 259 1981 καὶ
278 1955 431 1990 Ῥαγουήλῳ
442 1954 480 1989 τῷ
490 1954 543 1980 τῶν
554 1954 643 1981 τόπων
654 1954 761 1990 ἄρχοντι
776 1954 917 1990 συμϐιοῦν,

141 1999 254 2027 λαϐόντα
270 2000 319 2036 τὴν
335 2001 438 2027 ἐκείνου
454 2000 600 2035 θυγατέρα.

173 2046 253 2076 lbid.,
269 2047 317 2073 lin.
329 2047 374 2074 9.5.
392 2046 508 2080 Πρῶτος
521 2046 575 2081 γάρ
587 2053 658 2075 παν.
669 2046 821 2080 Artapanus
836 2046 919 2072 ε’Υπὺ

141 2090 170 2117 δὲ
182 2091 227 2118 τὸν
241 2091 320 2121 αὐτὸν
337 2091 431 2126 χρόνον
452 2092 498 2117 καὶ
517 2091 657 2125 Χενεφρῆν
673 2090 779 2126 πρῶτον
795 2091 920 2117 ἁπάντων

141 2138 290 2174 ἀνθρώπων
304 2140 531 2174 ἐλεφαντιάσαντα
547 2139 718 2175 μεταλλάξαι.
735 2140 827 2175 Τούτῳ
841 2140 869 2166 δὲ
881 2140 920 2175 τῷ

141 2185 221 2212 πάθει
247 2188 402 2221 περιπεσεῖν
425 2186 467 2212 διὰ
487 2186 517 2212 τὺ
536 2186 581 2213 τοῦ
606 2186 746 2218 Ἰουδαίους
769 2186 920 2222 προστάξαι

606 160 641 187 IN
660 160 840 188 EUSTATHlI
860 161 1092 191 HEXAEMERON
1112 164 1224 193 ΝΟΤᾸΕ.

1675 172 1742 199 105.5

966 219 1057 252 pltanti
1075 229 1084 247 :
1101 222 1175 257 cujus
1194 223 1352 250 naturaliter
1365 224 1443 256 dura,
1459 230 1484 251 et
1499 233 1590 259 aspera
1606 228 1680 261 pellis
1696 238 1743 256 no-

967 274 1023 293 men
1037 268 1125 294 morbo
1137 269 1162 294 in
1178 268 1326 295 hominibus
1341 270 1410 296 dedit
1424 278 1433 298 ε
1450 272 1511 305 quia
1527 274 1641 307 corporis
1655 283 1743 309 super-

966 312 1050 346 ﬁciem
1072 313 1183 339 similent
1200 313 1264 347 facit
1288 314 1483 348 elephantorum
1505 317 1559 343 cuti
1579 326 1588 343 .'
1613 319 1664 345 sive
1682 321 1743 353 quia

966 357 1054 391 ingens
1068 359 1157 391 passio
1172 363 1219 390 est,
1232 360 1300 385 sicut
1312 360 1411 387 animal
1426 362 1520 395 ipsum,
1537 370 1568 388 ex
1583 371 1632 397 quo
1644 364 1745 392 deriva-

968 407 1022 429 tum
1041 403 1113 430 ducit
1135 412 1239 431 nomen.
1261 404 1367 437 Celsus,
1393 406 1440 433 lib.
1466 415 1507 438 lll,
1532 415 1591 442 cap.
1609 408 1653 442 25,
1677 417 1744 444 pene

967 448 1088 483 ignotum
1109 450 1137 475 in
1158 448 1235 476 Italia
1257 451 1392 483 morbum,
1409 452 1455 483 ait,
1476 452 1502 478 in
1523 453 1682 487 quibusdam
1700 463 1743 482 re-

967 494 1093 528 gionibus
1118 493 1380 529 frequentissimum.
1407 496 1557 530 Lucretius,
1584 499 1632 526 lib.
1657 507 1683 526 Vl
1707 499 1745 527 De

967 548 1063 567 rerum.
1092 546 1194 573 natur.,
1220 542 1304 569 solam
1332 542 1478 578 Aigyptum
1509 545 1663 578 molestare,
1694 554 1744 574 nec

968 586 1048 613 aliam
1064 587 1200 621 regionem
1216 595 1329 622 usquam
1345 598 1350 615 :

986 631 1034 669 Est
1046 632 1282 669 olepltaintorbus,
1299 635 1343 669 qui
1357 640 1461 669 propter
1475 636 1586 669 [Iuntina
1603 636 1661 663 Nili

986 667 1108 703 Giguitur
1120 667 1235 703 Egypto
1249 670 1276 695 in
1291 667 1385 702 media,
1397 667 1479 704 neque
1488 676 1613 704 prwterea
1622 681 1743 707 usquam.

968 714 1081 747 Plinius,
1099 715 1146 741 lib.
1163 723 1236 747 xxxx,
1252 723 1313 750 cap.
1327 716 1352 748 l,
1370 717 1461 744 scribit
1483 717 1592 753 Egypti
1611 720 1745 753 peculiare

968 761 1019 788 hoc
1034 762 1145 794 malum,
1162 763 1188 789 in
1206 763 1279 789 llalia
1293 770 1400 797 quoque
1418 767 1559 798 vagatum:
1576 764 1645 791 vide.

1003 806 1082 838 lbid.,
1101 807 1149 835 lin.
1166 807 1211 835 56.
1233 808 1296 834 Ἐπὶ
1314 807 1388 842 γοῦν
1399 808 1435 841 τῇ
1448 809 1578 843 τοιαύτῃ.
1593 808 1746 844 Artapanus

969 852 1038 886 apud
1052 851 1206 881 Eusebium.
1226 852 1350 880 Clemens
1369 853 1567 881 Alexandrinus
1583 863 1615 881 ex
1631 855 1743 882 eodem:

929 887 954 917 Β
973 898 1139 933 Ἀρτάπανος
1151 898 1216 932 γοῦν
1226 900 1255 925 ἐν
1267 899 1306 934 τῷ
1323 899 1386 934 περὶ
1406 900 1538 926 Ἰουδαίων
1553 901 1746 936 συγγράμματι

968 944 1067 979 ἱστορεῖ
1081 944 1305 970 κατακλεισθέντα
1332 946 1371 976 είς
1399 945 1521 980 φυλακὴν
1547 946 1667 972 Μωῦσέα
1695 947 1748 973 ὑπὸ

966 990 1126 1026 Νεχεφρέως
1142 991 1188 1017 τοῦ
1202 991 1355 1025 Αἰγυπτίων
1375 991 1515 1026 βασιλέως,
1532 993 1577 1019 ἐπὶ
1593 992 1632 1027 τῷ
1648 1002 1747 1029 παραι-

966 1035 1069 1062 τεῖσθαι
1093 1035 1138 1062 τὸν
1160 1036 1221 1063 λαὸν
1242 1036 1272 1068 ἐξ
1290 1036 1426 1070 Αἰγύπτου
1449 1037 1624 1072 ἀπολυθῆναι,
1640 1038 1747 1074 νύκτωρ

967 1081 1132 1116 ἀνοιχθέντος
1149 1082 1195 1108 τοῦ
1206 1083 1390 1118 δεσμωτηρίου
1403 1083 1471 1109 κατὰ
1485 1083 1609 1118 βούλησιν
1622 1083 1668 1110 τοῦ
1679 1083 1746 1111 Θεοῦ

967 1127 1117 1161 ἐξελθόντα,
1133 1129 1180 1155 καὶ
1193 1130 1232 1160 είς
1246 1129 1278 1155 τὰ
1290 1128 1410 1164 βασίλεια
1420 1129 1586 1165 παρελθόντα
1604 1130 1747 1166 ἐπιστῆναι

967 1175 1129 1210 κοιμωμένῳ
1142 1174 1180 1210 τῷ
1198 1174 1309 1210 βασιλεῖ,
1325 1176 1372 1202 καὶ
1385 1175 1519 1211 ἐξεγεῖραι
1536 1176 1625 1203 αὐτόν,
1644 1176 1694 1203 Τὸν
1706 1176 1745 1204 δὲ.

967 1220 1175 1253 καταπλαγέντα
1190 1220 1229 1256 τῷ
1245 1221 1377 1254 γεγονότι,
1398 1220 1523 1247 κελεῦσαι
1539 1221 1578 1256 τῷ
1596 1222 1699 1257 Μωῦσῇ
1717 1222 1747 1248 τὸ

967 1265 1014 1292 τοῦ
1036 1266 1191 1301 πέμψαντος
1217 1267 1302 1293 εἰπεῖν
1326 1266 1410 1302 ὄνομα
1433 1266 1510 1293 Θεοῦ.
1538 1268 1592 1293 Καὶ
1613 1267 1658 1293 τὸν
1687 1267 1746 1302 μὲν,

968 1311 1162 1347 προσκύψαντα
1179 1312 1246 1347 πρὸς
1257 1312 1287 1338 τὸ
1301 1310 1357 1344 οὖς,
1371 1313 1466 1339 εἰπεῖν·
1487 1312 1640 1339 ἀκούσαντα
1659 1313 1687 1339 δε
1703 1313 1748 1340 τδν

970 1357 1080 1393 βασιλέα
1102 1358 1208 1392 ἄφωνον
1230 1360 1332 1385 πεσεῖν·
1354 1358 1568 1394 διακρατηθέντα
1583 1359 1612 1386 δὲ
1629 1359 1681 1385 ὑπὸ
1700 1359 1747 1386 τοῦ

968 1403 1106 1435 Μωῦσέως
1121 1404 1200 1430 πάλιν
1214 1404 1370 1431 ἀναϐιῶναι.
1388 1404 1417 1431 Id
1429 1404 1498 1431 idem
1514 1409 1540 1430 et
1554 1404 1655 1432 Graecis
1671 1404 1749 1432 l‘abu-

968 1450 1056 1477 larum
1083 1450 1231 1477 involucris
1258 1451 1392 1484 innotuit,
1418 1451 1447 1477 ‘U
1472 1451 1633 1486 'EvGuulwv,
1662 1451 1749 1486 inquit

968 1494 1088 1522 Joannes
1103 1495 1290 1523 Antiochenus
1304 1496 1331 1522 in
1344 1495 1536 1531 Archwologia,
1549 1495 1591 1522 διὰ
1611 1496 1749 1532 μυστικῶν

969 1542 1054 1577 εὐχῶν
1072 1542 1125 1568 ἀπὸ
1139 1542 1188 1576 τῆς
1203 1542 1316 1577 σελήνης
1331 1541 1455 1568 ἐϐούλετο
1470 1542 1563 1576 μαθεῖν
1578 1542 1608 1568 τὸ
1622 1543 1668 1569 τοῦ
1682 1542 1749 1569 Θεοῦ

968 1588 1063 1623 ὄνομα,
1079 1588 1125 1614 καὶ
1139 1588 1171 1614 δι’
1188 1588 1290 1622 ὀνείρου
1307 1587 1400 1622 μαθὼν
1416 1588 1561 1622 ἁπέψυξεν.
1580 1588 1609 1615 '0
1625 1588 1653 1614 δέ
1666 1588 1749 1624 μῦθός

969 1641 1049 1668 φησιν
1065 1633 1143 1659 αὑτὸν
1162 1632 1214 1659 ὑπὸ
1231 1633 1280 1668 τῆς
1295 1633 1411 1668 Σελήνης
1426 1633 1568 1667 φιλεῖσθαι.
1584 1632 1687 1661 Nomen
1700 1633 1749 1661 Dei

969 1679 1041 1711 Iotlt,
1059 1679 1099 1709 Ite.
1116 1687 1176 1711 vau,
1197 1679 1237 1711 he,
1255 1679 1327 1713 quod
1349 1679 1453 1713 antiqui
1473 1679 1600 1707 dixerunt
1619 1680 1748 1716 ἄρρητον,

969 1723 1166 1758 ἀνεκφώνητον,
1193 1723 1337 1750 inelTabile.
1363 1723 1404 1749 An
1424 1724 1497 1758 quod
1512 1724 1587 1751 ellari
1606 1725 1673 1751 illud
1695 1733 1749 1753 non

969 1774 1089 1805 possent,
1112 1777 1146 1796 an
1166 1769 1238 1804 quod
1258 1768 1388 1804 religione
1403 1769 1519 1804 quadam
1538 1769 1572 1796 ab
1591 1777 1623 1796 co
1642 1770 1749 1797 ell'ando

969 1816 1145 1848 abstinerent,
1172 1816 1197 1844 id
1219 1816 1300 1851 prisci
1317 1824 1410 1843 omnes
1434 1816 1593 1850 interpretes
1608 1816 1750 1851 diligenter

969 1865 1122 1894 servarunt,
1140 1869 1188 1896 pro
1203 1869 1235 1888 eo
1247 1861 1319 1888 aliud
1334 1862 1450 1896 legentes
1464 1866 1491 1888 et
1502 1861 1587 1888 ϐιτευί
1600 1862 1664 1888 olim
1677 1862 1749 1896 quod

969 1910 1099 1944 scriptum
1125 1912 1183 1935 erat
1208 1907 1348 1935 Hebraicis
1374 1907 1578 1935 characteribus
1605 1908 1681 1940 lotlt,
1708 1908 1748 1939 he,

969 1962 1029 1984 tvau,
1049 1953 1088 1984 Ite,
1106 1958 1176 1984 rum,
1198 1957 1307 1988 propter
1327 1953 1529 1981 similitudinem
1545 1954 1667 1988 legebant
1685 1955 1748 1988 pipi.

969 1999 1040 2034 quod
1064 2003 1154 2026 tamen
1180 2007 1233 2026 non
1247 2000 1343 2034 probat
1359 1999 1541 2035 Hieronymus
1557 2000 1666 2035 epistol.
1685 2000 1747 2027 l56:

970 2042 1071 2068 Nomen
1087 2043 1341 2078 τετραγράμματον,
1357 2044 1423 2078 quod
1439 2043 1638 2079 ἁνεκφὼνητον,
1654 2045 1681 2071 id
1699 2051 1749 2078 est,

969 2089 1099 2123 ine/fabile
1112 2093 1266 2123 putaverunt
1284 2088 1352 2124 quod
1372 2090 1412 2116 his
1427 2089 1521 2116 litteris
1535 2091 1670 2123 scribitur,
1689 2091 1747 2121 Iod.

970 2134 1010 2166 Ite,
1026 2143 1086 2167 vau,
1100 2134 1131 2163 Ite
1144 2143 1153 2162 .'
1167 2135 1236 2170 quod
1256 2135 1363 2169 quidam
1385 2144 1436 2164 non
1452 2137 1625 2172 intelligentes
1640 2143 1750 2173 propter

969 2181 1153 2208 elementorum
1168 2181 1378 2214 similitudinem,
1395 2174 1452 2208 cum
1468 2184 1495 2209 in
1510 2182 1608 2210 Crtecis
1622 2184 1697 2211 libris
1709 2193 1750 2211 re-

142 2231 260 2263 σινδόνας
276 2232 480 2267 ἀμφιέννυσθαι,
498 2234 577 2268 ἐρεᾶν
593 2233 615 2259 δ’
630 2233 729 2268 ἐσθῆτα
744 2233 780 2269 μὴ
797 2234 918 2269 ἀμπέχε-

969 2228 1091 2261 pererint,
1118 2228 1172 2262 pipi
1201 2228 1283 2263 legere
1307 2234 1502 2257 consueverunt.
1532 2229 1631 2257 Verum
1644 2232 1751 2258 cumde

141 2276 214 2308 σθαι,
238 2278 311 2309 ὅπως
332 2277 407 2309 ὁντες
425 2279 552 2313 ἐπίσημοι
569 2277 735 2310 κολάζωνται
760 2279 805 2305 ὑπ’
826 2278 918 2306 αὐτοῦ.

141 2323 179 2351 Eo
195 2324 301 2355 morbo,
315 2328 343 2350 ut
355 2324 436 2352 refert
451 2325 592 2352 Cornelius
609 2324 714 2356 Celsus,
730 2330 756 2352 et
769 2325 825 2356 alii,
837 2330 919 2351 totum

140 2377 232 2403 corpus
249 2370 361 2404 afﬁcitur
374 2370 412 2396 ita
431 2374 459 2395 ut
479 2378 540 2397 ossa
553 2378 652 2405 quoque
673 2371 762 2397 uitiari
783 2370 917 2402 dicantur,

139 2423 242 2441 summa
252 2423 314 2449 pars
331 2416 447 2449 corporis
463 2415 566 2442 crebras
580 2416 698 2442 maculas
713 2415 866 2451 crebrosque
878 2421 919 2442 tu-

140 2468 224 2486 mores
238 2460 323 2488 habet.
338 2460 427 2487 Rubor
441 2460 534 2487 harum
548 2460 678 2494 paulatim
692 2461 720 2487 in
737 2465 824 2487 atrum
841 2461 920 2487 colo—

140 2513 194 2532 rem
208 2506 375 2538 convertitur,
388 2514 490 2533 summa
507 2507 573 2533 cutis
584 2507 750 2541 ianualiter
765 2515 865 2539 crassa,
882 2512 920 2533 te-

140 2551 211 2583 nuis,
223 2551 300 2582 dura,
316 2551 452 2586 mollisque
464 2552 540 2586 quasi
557 2552 674 2587 squamis
686 2551 842 2587 quibusdam
856 2559 920 2578 exa-

139 2600 270 2629 speratur,
285 2603 378 2630 corpus
392 2597 554 2630 emacrescit,
572 2605 611 2629 os,
626 2605 707 2630 ειη-α’,
723 2597 799 2632 pedes
807 2598 919 2624 intume-

138 2646 226 2673 scunt,
243 2645 296 2669 etc.
313 2641 345 2674 Q.
362 2641 482 2669 Serenus
499 2641 707 2670 Sammonicus:

175 2696 223 2734 list
239 2698 340 2734 elephas
355 2698 460 2725 morbus
474 2699 554 2726 tristis
569 2707 669 2734 quoque
683 2699 786 2726 nomine
798 2699 882 2733 dirus,

176 2732 237 2759 Non
249 2733 333 2760 solum
346 2738 455 2767 turpans
467 2732 584 2761 infandis
596 2732 643 2761 ora
654 2734 770 2768 papillis,

175 2768 227 2795 Sed
241 2769 292 2795 cito
307 2769 473 2803 praecipitans
487 2769 590 2804 funesto
601 2769 658 2805 fata
674 2778 778 2797 veneno.

139 2823 271 2857 lsidorus,
294 2825 340 2853 lib.
358 2833 394 2858 Iv,
414 2833 474 2861 cap.
497 2826 524 2857 8,
549 2827 666 2854 nominis
683 2834 791 2854 causam
804 2827 893 2855 reddit
909 2836 915 2853 :

140 2869 334 2898 Eleo/tantiasis
358 2872 463 2899 morbus
495 2872 592 2899 dicitur
615 2880 646 2900 ex
669 2872 840 2900 similitudine
864 2872 917 2900 ele-

972 2273 1082 2300 nomine
1100 2273 1229 2300 inellabili
1253 2281 1343 2300 sermo
1373 2274 1418 2305 sit,
1437 2274 1589 2301 conandum
1613 2279 1655 2302 est
1670 2276 1750 2302 etiam

972 2319 1050 2346 nobis
1068 2319 1090 2346 si
1109 2319 1174 2354 quid
1198 2319 1328 2346 habemus
1345 2326 1393 2353 pro
1407 2318 1524 2351 Irenaeo,
1540 2320 1587 2346 lib.
1603 2328 1610 2346 1
1626 2320 1750 2347 adversm

972 2366 1065 2393 hwres.
1082 2373 1142 2400 cap.
1160 2366 1203 2397 l2,
1221 2366 1257 2392 ita
1272 2366 1343 2392 enim
1358 2366 1440 2393 habet
1455 2375 1461 2392 :
1480 2365 1568 2400 Hujus
1587 2371 1673 2392 autem
1685 2375 1750 2401 qua»

973 2411 1127 2438 ternationis
1142 2411 1278 2437 universus
1293 2418 1415 2436 numerus
1435 2414 1474 2436 est
1496 2410 1644 2436 litterarum
1660 2410 1750 2444 viginti

971 2460 1084 2492 quatuor
1098 2464 1107 2482 :
1122 2455 1239 2491 ἄρρητός
1259 2456 1327 2482 enim
1352 2463 1444 2481 nomen
1467 2454 1569 2481 litteras
1590 2454 1666 2481 habet
1682 2455 1708 2481 in
1723 2463 1751 2481 se

971 2509 1078 2539 septem,
1102 2504 1163 2538 σιγή
1188 2504 1308 2538 quinque,
1325 2502 1415 2537 πατήρ
1431 2502 1551 2536 quinque,
1574 2500 1685 2536 ἀλήθεια
1710 2508 1751 2527 τις

970 2557 1049 2585 ptem,
1061 2557 1118 2585 qua!
1130 2549 1274 2583 compositu
1291 2549 1317 2575 in
1330 2556 1357 2575 se
1374 2547 1412 2574 bis
1428 2548 1548 2582 quinque,
1562 2551 1586 2573 et
1603 2546 1641 2572 bis
1655 2551 1750 2574 septem

972 2604 1035 2624 xxxv
1057 2603 1194 2623 numerum
1217 2593 1438 2628 adimpleverunt;
1467 2592 1574 2619 videtur
1596 2592 1667 2619 enim
1692 2591 1753 2618 falli

971 2643 1098 2674 lrentcus,
1124 2645 1171 2668 aut
1196 2648 1294 2667 nomen
1322 2639 1387 2666 illud
1410 2639 1471 2674 σιγή
1489 2645 1542 2665 una
1562 2638 1652 2665 littera
1670 2638 1751 2665 debet

971 2689 1031 2717 lieri
1048 2688 1163 2718 auctior.
1181 2696 1195 2713 a
1210 2687 1307 2721 quibus
1326 2694 1379 2712 non
1401 2685 1562 2712 dissentiunt
1581 2684 1672 2711 Graeca
1685 2684 1749 2719 Epi-

970 2734 1073 2770 phanii.
1093 2733 1207 2766 Quidam
1226 2733 1338 2763 luerent,
1362 2740 1412 2758 nec
1433 2730 1525 2757 vident
1552 2731 1618 2765 quid
1644 2731 1678 2758 de
1703 2731 1751 2757 illo

971 2779 1033 2814 σιγή
1048 2778 1165 2811 iaciant;
1183 2778 1307 2804 dubitant
1321 2784 1354 2803 an
1371 2776 1511 2804 addendus
1527 2776 1658 2803 articulus
1673 2780 1702 2802 ut
1712 2775 1754 2803 sit

971 2826 987 2860 ἡ
1006 2824 1079 2859 σιγή,
1099 2831 1133 2850 an
1161 2824 1249 2858 potius
1268 2824 1346 2857 σιγῇν
1360 2829 1459 2849 nomen
1472 2830 1505 2849 ex
1520 2819 1824 2928 inﬁnitwﬁ,

972 2880 1025 2900 non
1042 2870 1186 2901 satisiacit,
1212 2871 1247 2897 ita
1271 2877 1319 2897 nec
1344 2869 1424 2903 mihi;
1453 2869 1584 2897 articulus
1603 2874 1638 2899 I.»

972 2880 1025 2900 non
1042 2870 1186 2901 satisiacit,
1212 2871 1247 2897 ita
1271 2877 1319 2897 nec
1344 2869 1424 2903 mihi;
1453 2869 1584 2897 articulus
1603 2874 1638 2899 I.»
