1984 3457
141 145 211 173 ίοὸἵ

628 147 661 174 ΙΝ
675 146 862 175 ευετΑτΒιι
878 146 1113 175 HEXAEMERON
1135 146 1250 174 κοτε.

1692 151 1703 177 1
1708 151 1761 178 053

137 205 174 232 lis
183 204 229 240 qui
244 212 259 232 ο
271 204 379 241 regione
392 205 443 233 sub
455 204 559 233 brumae
570 204 674 234 circulo
684 206 797 241 degunt,
809 206 914 233 hiemen

967 209 1025 236 ’τος
1053 205 1178 241 μέγιστον
1193 202 1309 240 ὤρυξαν·
1330 203 1448 240 ὖπιγμος
1462 205 1516 240 γάρ
1542 205 1615 232 ἐστιν
1639 206 1654 232 ὁ
1668 206 1760 238 τύταις.

135 258 209 281 esse,
229 257 244 277 a
260 250 360 285 quibus
371 255 428 278 tum
441 251 583 279 exundans
597 259 668 287 aqua
682 252 850 287 prorumpit;
863 259 924 286 quae

136 295 188 324 fuit
212 296 294 323 etiam
316 296 409 331 opinio
426 296 575 330 Plutarchi,
596 297 644 325 lib.
661 297 731 331 Περὶ
749 296 857 329 Ἴσιδος
874 297 923 323 καί

144 341 293 377 Ὁσίριδος¹
308 342 377 370 hanc
392 343 461 371 forte
483 344 637 379 opinionem
653 343 785 371 Martialis
797 351 860 371 cum
876 344 925 370 ha-

135 388 215 416 beret
241 389 268 416 in
292 389 393 421 animo,
416 390 480 417 dum
505 390 563 418 haec
591 390 733 421 scriberet,
757 390 924 424 nuncupavit

134 434 226 462 Nilum
245 435 425 469 imbriferum,
443 444 497 463 non
513 437 587 472 quod
604 437 664 464 loco
678 436 806 463 imbrium
821 439 847 463 et
861 437 923 471 plu-

135 481 244 508 viarum
262 482 308 512 sit.
329 483 376 510 sed
396 483 468 518 quod
482 483 591 516 imbres,
607 487 634 511 et.
649 483 755 518 pluvias
772 483 924 518 quibus.in-

135 528 266 555 tumescit
280 528 482 564 elTunditurque
495 533 571 556 extra
587 530 671 565 ripas.
688 533 716 555 et
728 529 854 557 eluvione
867 533 925 556 tau-

134 580 218 608 quam
231 573 298 600 mari
310 573 428 608 quodam
442 573 587 610 [Egyptum
601 575 728 609 operiens
744 574 860 602 adventu
874 581 924 601 suo

136 618 278 650 fecundat,
304 619 382 646 ferat.
404 619 441 647 De
458 619 510 646 Nili
528 618 616 647 autem
634 620 814 651 incremento,
837 625 864 647 et
878 620 925 648 dc-

133 668 286 695 cremento,
303 669 329 691 et
343 664 403 699 ejus
419 665 510 691 causis
524 665 688 692 Plutarchus
700 665 733 692 de.
745 665 852 699 placitis
866 665 924 700 phi-

134 708 313 743 losophorum
328 709 376 736 lib.
391 716 427 739 Iv,
440 717 500 744 cap.
518 709 549 742 i;
566 708 700 736 Diodorus
717 708 837 741 Siculus,
851 709 897 736 lib.
915 713 923 731 I

133 753 261 781 Biblioth.
274 754 334 781 hist.
346 763 355 786 ,'
367 755 509 787 Aristides,
529 756 647 781 oratione
662 754 838 790 Egyptinca;
851 754 925 781 Stra-

134 799 183 832 bo,
195 801 242 827 lib.
252 809 306 827 xvu
318 810 324 834 ;
334 800 613 836 Joannrchiphilinus
622 802 648 828 in
657 801 729 835 Epit.
740 801 861 836 Dionys.;
876 800 924 828 He-

134 847 270 878 liodorus,
293 847 414 882 jEtlu'op.
435 847 482 875 lib.
506 855 542 880 Il;
565 846 754 874 Theodore-tus
772 846 809 873 De
835 851 921 873 curat.

975 250 1066 277 Ταῦτα
1083 250 1111 276 δέ
1127 249 1214 276 πάντα
1242 250 1373 285 ἐποίησαν
1390 250 1546 283 ἐλπίζοντες
1573 251 1641 286 μετὰ
1653 251 1703 287 τὴν
1717 252 1762 279 tv-

973 296 1069 323 τεῦθεν
1084 297 1172 323 ἐκεῖσε
1185 295 1276 331 ἄφιξιν
1289 297 1317 323 ἐν
1330 296 1416 332 τούτῳ
1426 296 1464 333 τῷ
1476 297 1631 333 παραδείσῳ
1643 299 1760 335 τρυφᾷν.

974 344 1007 370 Ει
1018 344 1131 371 inferius
1144 353 1151 370 :
1171 343 1282 377 Ἔλεγεν
1296 343 1324 369 δὲ
1341 344 1355 370 ὁ
1371 343 1456 378 ἆγιος,
1470 344 1521 376 δτι,
1537 344 1694 378 ἐγγίσαντός
1709 354 1760 380 μου

976 391 1054 426 μόνον
1068 390 1107 426 τῷ
1129 390 1301 426 κηποταφίῳ,
1315 390 1361 418 ἀπ’
1377 391 1460 418 αὐτοῦ
1481 391 1591 428 ἐξῆλθον
1609 393 1649 424 είς
1666 394 1761 420 συνάν-

972 437 1051 471 τησίν
1065 445 1114 472 μου
1121 436 1305 471 ἑϐδομήκοντα
1310 437 1435 472 δαίμονες
1447 437 1564 473 παντοίῳ
1573 438 1612 473 τῷ
1627 441 1756 474 σχήματι,

973 482 1053 517 οἱμὲν
1063 481 1186 517 βοῶντες,
1200 482 1256 508 οἶδὲ
1263 482 1441 517 πηδῶντες,οί
1449 483 1477 509 δὲ
1487 483 1554 518 μετὰ
1568 484 1686 518 μεγάλου
1700 485 1762 520 βρυο

973 527 1044 562 γμοῡ
1058 527 1201 564 τρύζοντες
1218 530 1278 555 κατ’
1293 528 1359 563 ἐμοῦ
1375 529 1438 559 τοὺς
1451 529 1558 561 ὀδόντας
1568 538 1574 545 ·
1589 530 1677 566 ἕτεροι
1685 531 1713 557 δε
1722 531 1760 564 ὡς

975 573 1091 608 κόρακες
1106 574 1318 609 πτερυσσόμενοι
1331 574 1448 610 ἐτόλμων
1460 575 1530 602 κατὰ
1539 576 1587 611 τῆς
1607 576 1693 611 ὄψεώς
1708 586 1758 612 μου

974 618 1106 652 λέγοντες.
1126 619 1158 646 Et
1181 620 1319 648 nonnullis
1351 621 1500 656 interjectis
1518 632 1525 648 :
1543 623 1677 649 Εἰσελθὼν
1700 622 1757 654 οὖν,

975 665 1068 700 φησὶν,
1081 665 1236 701 ἐθεασάμην
1256 666 1291 692 τὰ
1305 666 1402 698 πάντα,
1419 668 1447 693 ὲν
1471 665 1512 698 οἷς
1527 664 1605 704 εὗρον
1619 670 1664 696 καὶ
1679 670 1759 697 κάδον

974 710 1090 746 χαλκοῦν
1107 711 1200 738 ἁλύσει
1221 712 1318 748 σιδηρᾷ
1337 714 1510 749 κρεμάμενον
1528 715 1598 741 κατὰ
1613 715 1659 742 τοῦ
1676 716 1759 751 φρέα-

973 765 1019 788 τος
1035 757 1126 783 λοιπον
1137 757 1176 793 τῷ
1195 758 1282 793 χρόνῳ
1295 759 1476 791 ἀναλωθέντα,
1491 761 1538 787 καὶ
1555 761 1660 796 καρπὸν
1677 762 1759 797 ροιῶυ

973 802 1023 829 οὐκ
1038 803 1156 837 ἐχουσῶν
1168 803 1240 830 ἔνδον
1253 804 1339 831 οὐδέν·
1349 805 1478 840 ἐξήραντο
1489 805 1543 841 γὰρ
1556 806 1608 833 ὑπὸ
1615 806 1662 832 τοῦ
1673 807 1758 842 ἡλίου.

1009 846 1089 879 ibid,
1106 848 1153 874 lin.
1175 848 1220 875 2b.
1238 849 1291 875 Kal
1312 849 1449 882 πένθους.
1467 850 1640 885 Artapanus:
1663 851 1759 878 Τελευ-

134 892 220 920 erc.
230 893 398 928 affectuum].
409 902 434 920 Iv
444 902 451 926 ;
461 892 560 921 llerod.
580 893 598 920 Ι.
613 901 644 925 n;
654 891 872 928 Theophylactus
882 893 914 920 Si-

973 894 1046 919 ταῖον
1062 893 1201 924 τοιαύταις
1216 896 1367 930 συμςροραῖς
1388 896 1568 931 περιπεσόντα
1581 895 1627 923 τδν
1648 895 1758 931 βασιλέα

132 945 267 971 mocatus,
279 939 349 967 Hist.
359 940 405 967 lib.
415 947 462 972 vn,
472 947 532 975 cap.
543 939 587 971 17,
597 939 643 974 qui
652 939 743 966 omnia
755 946 803 966 sua
814 939 922 974 scripsit

131 985 190 1013 fere
199 985 337 1019 αὺτολεξεὶ
351 994 384 1013 ex
393 986 509 1013 Diodoro
519 985 612 1013 Siculo
621 986 692 1012 bono
701 986 747 1012 illo
760 986 818 1012 viro
829 994 862 1013 ne
872 994 921 1013 no-

131 1032 235 1059 minato
247 1032 369 1066 quidem;
384 1031 497 1063 Seneca,
511 1031 629 1059 Joannes
642 1031 705 1064 Leo,
718 1037 744 1059 et
756 1033 848 1066 plures
861 1032 918 1059 alii.

159 1077 281 1105 Col.788.
291 1078 337 1105 lin.
352 1078 393 1105 ιυ.
402 1078 428 1104 '0
437 1078 510 1113 γοῦν
517 1078 629 1112 Φαραώ.
638 1077 792 1113 Artapanus
802 1086 807 1104 ι
818 1078 918 1105 Τούτου

129 1123 160 1150 δὲ
172 1123 327 1159 γενομένου,
338 1123 382 1150 τὸν
399 1123 509 1159 βασιλέα
519 1124 581 1156 τοὺς
590 1125 661 1160 ὑπὲρ
674 1124 783 1159 Μέμφιν
794 1124 917 1157 καλέσαι,

131 1170 178 1196 καὶ
186 1170 268 1204 φάναι
276 1170 373 1201 αὐτοὺς
382 1171 550 1205 ἀναιρήσειν,
560 1171 606 1197 καὶ
613 1170 646 1197 τὰ
657 1170 716 1207 ιερὰ
722 1170 916 1205 κατασκάψειν,

130 1217 180 1244 ἐὰν
194 1217 231 1253 μὴ
247 1217 293 1244 καὶ
307 1217 383 1244 αὐτοὶ
397 1218 647 1253 τερατουργήσωσι.
668 1217 736 1249 Τοὺς
752 1216 780 1243 δὲ
795 1217 855 1244 τότε
873 1217 917 1243 διά

130 1270 211 1289 τινων
229 1263 376 1298 μαγγάνων
385 1263 431 1290 καὶ
442 1263 574 1290 ἐπαοιδῶν
589 1263 723 1298 δράκοντα
738 1263 858 1299 ποιῆσαι,
869 1263 916 1290 καὶ

130 1308 177 1335 τὸν
194 1309 315 1344 ποταμὸν
331 1309 514 1345 μεταχρῶσαι.
529 1309 580 1335 Τὸν
591 1309 619 1335 δέ
635 1309 756 1344 βασιλέα,
783 1318 916 1345 φρονιμα-

130 1356 255 1383 κτισθέντα
273 1355 319 1382 ἐπὶ
328 1355 365 1391 τῷ
378 1356 512 1391 γεγονότι,
526 1355 600 1392 πάσῃ
612 1356 731 1391 τιμωρίᾳ
743 1356 790 1382 καὶ
806 1356 914 1382 κολάσει

130 1403 298 1434 καταικίζειν
315 1403 377 1434 τοὺς
393 1402 545 1434 Ἰουδαίους.
571 1403 621 1429 Τδν
638 1402 667 1429 δὲ
681 1402 805 1434 Μώῦσον,
827 1402 913 1428 ταῦτα

130 1449 246 1483 δρῶντα,
259 1448 326 1475 ἄλλα
339 1457 368 1475 τε
381 1450 480 1484 σημεῖα
495 1448 615 1484 ποιῆσαι,
633 1448 680 1475 καὶ
696 1448 853 1480 πατάξαντα
864 1447 912 1482 τὴν

129 1492 181 1529 γῆν
195 1494 227 1529 τῇ
245 1493 343 1529 ράδδῳ,
354 1493 421 1525 ζῶόν
432 1502 458 1520 τι
471 1494 571 1529 πτηνὸν
584 1495 698 1525 ἀνεῖναι,
712 1493 726 1519 δ
739 1493 911 1528 λυμήνασθαι

130 1540 192 1571 τοὺς
210 1540 385 1574 Αἰγυπτίους,
401 1540 489 1566 πάντα
501 1548 530 1566 τε
545 1539 726 1575 ἐξελκωθῆναι
740 1539 774 1566 τὰ
788 1539 909 1574 σώματα.
927 1561 945 1575 ρ

130 1585 190 1612 Τῶν
208 1586 236 1612 δὲ
252 1586 351 1621 ίατρῶν
373 1587 410 1622 μὴ
434 1586 588 1621 δυναμένων
611 1586 700 1612 ἰᾶσθαι
716 1586 779 1617 τοὺς
795 1586 912 1620 κάμνον-

130 1640 188 1664 τας,
206 1630 276 1658 οὓτω
292 1631 372 1658 πάλιν
383 1631 500 1663 ἀνέσεως
514 1632 604 1666 τυχεῖν
614 1632 676 1662 τοὺς
690 1630 841 1662 Ἰουδαίους.
860 1630 914 1656 Ho-

131 1684 189 1703 rum
210 1677 382 1703 sacerdotum
403 1676 540 1711 principes
568 1676 642 1703 tuere
658 1675 760 1702 Janncs
777 1678 804 1702 et
829 1674 914 1701 Mam-

129 1723 187 1754 brc.
202 1722 222 1750 ll
237 1723 402 1753 Timotlmn,
417 1721 450 1749 de
466 1730 580 1756 quorum
596 1722 721 1756 sepulcro
737 1722 804 1748 mira
819 1725 912 1748 narrat

129 1767 266 1795 Palladius
282 1768 308 1794 in
326 1767 446 1793 Historia
462 1765 594 1793 Lausiaca
610 1766 637 1793 in
661 1765 778 1792 Macario
791 1765 911 1792 Alexan-

128 1815 219 1845 drino,
233 1813 267 1840 ab
280 1821 312 1840 eo
323 1813 380 1840 visa
392 1817 419 1840 et.
435 1816 572 1847 comperta
585 1820 592 1845 ;
609 1811 713 1838 scilicet
729 1811 849 1846 sepultos
864 1818 911 1838 eos

132 1868 194 1889 esse
210 1861 236 1887 in
255 1860 352 1892 hortis,
366 1859 392 1886 in
412 1859 512 1893 quibus
528 1858 578 1892 ipsi
600 1857 663 1884 dum
679 1857 810 1889 viverent,
823 1857 911 1884 omnis

129 1906 236 1939 generis
262 1905 373 1932 arbores
399 1905 597 1940 plantaverant,
620 1908 760 1938 sperantes
785 1903 852 1935 fore,
882 1908 912 1930 ut

130 1957 189 1987 post
204 1955 318 1979 mortem
328 1951 356 1978 in
372 1951 418 1978 illo
431 1950 507 1985 quasi
522 1949 651 1976 Paradiso
667 1949 771 1976 deliciis
788 1949 911 1977 frueren-

129 2003 183 2027 tur.
202 1998 251 2026 Hic
265 2002 354 2025 autem
371 1998 447 2025 locus
467 1997 609 2024 tenebatur
629 2004 644 2023 a
658 1996 836 2028 daemonibus,
863 1996 909 2031 qui

128 2045 241 2081 proinde
261 2044 408 2071 Macarium
433 2050 495 2070 eum
521 2041 717 2077 ingredientem
742 2041 908 2072 invaserunt,

130 2092 176 2119 sed
192 2092 225 2119 ab
237 2098 269 2118 eo
284 2090 362 2125 signo
377 2089 467 2116 crucis
495 2088 578 2123 fugati
595 2091 670 2114 sunt.
698 2086 832 2114 Macarius
846 2094 910 2113 vero

129 2137 233 2172 singula
249 2137 368 2163 lustrans
388 2135 490 2162 invenit
515 2134 632 2161 fructum
650 2133 782 2160 malorum
796 2133 909 2168 punico-

130 2191 199 2214 rum,
209 2189 268 2217 qua:
280 2181 344 2208 nihil
358 2182 431 2208 intus
447 2180 581 2207 habebant
592 2188 599 2213 ;
612 2183 691 2206 erant
704 2179 775 2205 enim
792 2177 908 2205 arefacta

972 939 1035 970 τοὺς
1051 939 1193 970 Ἰουδαίους
1208 939 1423 971 ἀπολῦσαι-Τοὺς
1436 940 1463 966 δέ
1478 941 1668 976 χρησαμένους
1682 942 1757 978 παρὰ

971 985 1025 1011 τῶν
1038 986 1192 1019 Αἰγυπτίων
1210 986 1294 1012 πολλὰ
1316 986 1362 1022 μὲν
1378 986 1538 1022 ἐκπώματα,
1556 989 1605 1014 οὐκ
1626 988 1714 1023 ὀλίγον
1728 989 1756 1015 δὲ

972 1031 1128 1066 ίματισμὸν,
1138 1031 1219 1067 ἄλλην
1228 1040 1255 1058 τε
1269 1032 1418 1068 παμπληθῆ
1432 1033 1527 1067 γάζαν,
1537 1034 1682 1066 διαΰάντας
1692 1035 1755 1066 τοὺς

970 1078 1040 1104 κατὰ
1062 1078 1110 1113 τὴν
1129 1078 1253 1113 Ἀραϐίαν
1271 1080 1419 1114 ποταμοὺς,
1440 1080 1486 1105 καὶ
1506 1079 1650 1112 διαϐάντας
1663 1082 1755 1109 ἱκανὸν

968 1125 1059 1157 τόπον,
1075 1125 1120 1150 ἐπὶ
1135 1124 1183 1160 τὴν
1196 1124 1327 1161 Ἐρυθρὰν
1344 1126 1482 1160 τριταίους
1504 1126 1588 1153 ἐλθεῖν
1606 1126 1753 1155 θάλασσαν.

1004 1169 1083 1201 ll)id.,
1101 1169 1148 1196 lin.
1162 1170 1206 1198 53.
1235 1170 1346 1203 Μηδεὶς
1360 1170 1386 1196 δ’
1399 1170 1548 1206 ὑπολάϐῃ.
1572 1171 1626 1199 Res
1643 1173 1699 1200 haec
1714 1175 1755 1200 al-

969 1214 1065 1242 tiorem
1084 1216 1198 1250 requirit
1216 1215 1380 1250 indaginem,
1404 1225 1489 1252 quare
1510 1218 1554 1245 hic
1577 1218 1655 1252 plura
1670 1219 1754 1246 addu-

967 1268 1028 1287 cere
1043 1261 1218 1298 supersedeo.
1235 1260 1302 1289 Vide
1314 1262 1499 1296 expositiones
1522 1271 1591 1298 quas
1605 1263 1681 1291 alIeit
1692 1263 1754 1291 Ori-

966 1314 1048 1341 genes
1061 1306 1094 1333 ad
1110 1307 1183 1333 hunc
1206 1307 1295 1334 locum
1310 1309 1338 1335 in
1352 1308 1514 1339 Pliilocalia,
1541 1310 1624 1344 capit.
1645 1310 1751 1337 ultimo.

1001 1350 1080 1383 lbid.,
1098 1352 1146 1378 lin.
1163 1352 1207 1379 57.
1229 1352 1317 1379 Ἀλλὰ
1343 1353 1517 1387 γινωσκέτω.
1541 1353 1618 1386 Quod
1636 1362 1668 1382 ea
1693 1364 1753 1390 qua:

965 1396 997 1424 de
1010 1396 1064 1424 Deo
1076 1397 1206 1424 dicuntur
1218 1397 1244 1424 in
1260 1397 1401 1433 Scriptura
1416 1399 1518 1426 absona
1532 1408 1653 1435 congruo
1668 1408 1751 1429 sensu

964 1443 1017 1471 dici
1034 1443 1200 1471 censendum
1217 1444 1262 1475 sit,
1285 1445 1337 1471 late
1355 1445 1451 1480 probat
1466 1445 1596 1480 Origenes
1610 1447 1707 1475 homil.
1718 1448 1751 1475 i9

964 1490 989 1516 iu
1012 1490 1078 1516 illud
1093 1489 1227 1521 Jeremia‘,
1240 1489 1369 1524 Decepisti
1379 1499 1428 1521 me.
1440 1491 1561 1523 Domine,
1577 1496 1603 1519 et
1628 1493 1749 1527 deceptus

963 1544 1032 1567 sum,
1049 1544 1130 1571 quam
1148 1544 1200 1562 una
1223 1544 1285 1563 cum
1301 1537 1362 1564 aliis
1390 1545 1404 1563 a
1421 1538 1500 1565 nobis
1527 1537 1639 1567 Latinas
1664 1539 1749 1567 factas

965 1582 1050 1608 edidit.
1072 1581 1185 1609 Michael
1199 1580 1350 1610 Ghislerius
1368 1584 1425 1610 suis
1449 1584 1477 1610 in
1504 1583 1646 1611 Jeremiam
1667 1584 1749 1613 Com-

965 1627 1120 1654 meritoriis.

997 1671 1055 1698 Col.
1071 1671 1133 1703 789,
1150 1672 1197 1699 lin.
1211 1672 1237 1699 8.
1248 1673 1280 1699 οι
1294 1671 1338 1703 δὲ,
1357 1671 1746 1709 6tatp£6510nc.Artapanus:

968 1717 1172 1749 Ἦλιουπολίτας
1183 1718 1211 1745 δὲ
1229 1718 1317 1753 λέγειν
1332 1719 1560 1754 ἐπικαταδραμεῖν
1576 1720 1621 1746 τὸν
1636 1720 1748 1755 βασιλέα

963 1762 1032 1798 μετὰ
1050 1762 1151 1798 πολλῆς
1169 1763 1308 1799 δυνάμεως
1327 1763 1384 1799 ἅμα
1399 1765 1446 1790 καὶ
1461 1765 1517 1796 τοῖς
1535 1764 1747 1800 καθιερωμένοις

963 1808 1052 1841 ζώοις,
1066 1808 1111 1835 διὰ
1125 1809 1156 1835 τὸ
1180 1809 1229 1844 τὴν
1254 1808 1369 1845 ὓπαρξιν
1386 1811 1447 1842 τοὺς
1467 1810 1609 1842 Ἰουδαίους
1631 1811 1685 1837 τῶν
1697 1812 1746 1838 Al-

961 1856 1085 1890 γυπτίων
1103 1856 1291 1891 χρησαμένους
1304 1856 1478 1892 διακομίζειν.
1490 1857 1535 1892 Τῷ
1548 1857 1657 1893 Μωῢσῳ
1672 1857 1747 1885 θείαν

960 1902 1051 1938 φωνὴν
1061 1902 1186 1937 γενέσθαι
1204 1902 1321 1935 πατάξαι
1332 1903 1381 1938 τὴν
1394 1903 1528 1930 θάλασσαν
1541 1905 1573 1940 τῇ
1586 1904 1686 1941 ράσδῳ.
1695 1904 1746 1932 Τὸν

960 1947 988 1975 δέ
997 1947 1113 1975 Μώῦσον
1123 1948 1275 1975 ἀκούσαντα
1290 1948 1422 1983 ἐπιθίγειν
1431 1951 1465 1985 τῇ
1478 1949 1567 1985 ῥάϐδῳ
1578 1949 1625 1977 τοῦ
1639 1949 1744 1982 ὕδατος.

960 1996 1006 2021 καὶ
1021 1994 1091 2021 οὕτω
1106 1994 1136 2021 τδ
1146 1995 1193 2030 μὲν
1208 1995 1282 2030 νᾶμα
1299 1995 1451 2029 διαστῆναι,
1467 1996 1515 2032 τὴν
1531 1996 1558 2023 δὲ
1572 1996 1685 2032 δύναμιν
1701 1996 1745 2023 δια

960 2040 1045 2077 ξηρᾶς
1060 2040 1119 2067 ὁδοῦ
1142 2040 1313 2076 πορεύεσθαι.
1344 2041 1537 2076 Συνεμῦάντων
1558 2042 1586 2069 δὲ
1615 2042 1669 2070 τῶν
1696 2043 1743 2069 Δί-

959 2087 1079 2121 γυπτίων
1094 2086 1141 2113 καὶ
1155 2087 1316 2119 διωκόντων,
1331 2087 1397 2123 φησὶ
1411 2087 1466 2123 πῦρ
1484 2089 1575 2119 αὐτοῖς
1583 2090 1614 2115 ἐκ
1628 2088 1680 2115 τῶν
1694 2088 1742 2124 ἐμ-

959 2132 1075 2168 προσθεν
1091 2133 1239 2168 ἐκλάμψαι,
1251 2134 1301 2169 τὴν
1317 2133 1345 2159 δέ
1364 2132 1500 2160 θάλασσαν
1518 2134 1598 2161 πάλιν
1623 2134 1671 2170 τὴν
1685 2135 1744 2162 ὁδὸν

959 2178 1114 2205 ἐπικλύσαι.
1143 2179 1212 2210 Τοὺς
1241 2178 1269 2205 δὲ
1295 2179 1457 2212 Αἰγυπτίους
1478 2179 1529 2206 ὑπό
1545 2188 1574 2206 τε
1593 2179 1639 2206 τοῦ
1659 2180 1741 2216 πυρὺ,

128 2236 143 2255 a
163 2228 230 2258 Sole,
255 2227 369 2262 plurima
396 2227 459 2253 item
480 2233 561 2253 aurea
585 2225 720 2252 donaria:
739 2223 909 2259 Ἐπεθύμησέ

967 2225 1007 2251 cal.
1027 2225 1077 2260 τῆς
1092 2224 1280 2261 πλημμυρίδος
1297 2225 1401 2257 πάντας
1414 2224 1606 2261 διαφθαρῆναι.
1621 2224 1741 2253 Gentiles

127 2284 191 2302 ποτε
209 2272 284 2306 οὗτος
307 2275 321 2300 ὁ
338 2273 429 2305 αὐτὸς,
448 2273 486 2304 ὡς
508 2273 588 2304 αὐτὸς
609 2273 673 2315 ἡμῖν
696 2272 852 2306 διηγήσατο,
869 2271 908 2301 εἰς

126 2323 157 2349 τὸ
174 2321 341 2357 κηποτάεριον
362 2319 490 2346 εἰσελθεῖν
512 2319 558 2345 τοῦ
589 2317 688 2344 Ἰαννοῦ
706 2318 752 2343 καὶ
782 2315 908 2351 Ἰαμὸροῦ

127 2369 180 2396 τῶν
198 2369 291 2403 μάγων
306 2367 360 2393 τῶν
375 2366 420 2392 ἐπὶ
434 2364 480 2392 τοῦ
492 2363 591 2399 Φαραὼ
605 2363 683 2399 χάριν
698 2362 815 2397 ἱστορίας
830 2362 846 2397 ἢ
862 2362 908 2387 καὶ

128 2412 269 2447 συντυχίας
285 2410 338 2437 τῶν
361 2411 448 2436 ἐκεῖσε
469 2408 612 2443 δαιμόνων.
628 2407 750 2440 Ἑλὲγετο
764 2406 817 2442 γὰρ
832 2415 906 2440 παμ-

127 2458 240 2488 πόλλους
261 2457 307 2483 καὶ
326 2455 458 2492 χαλεποὺς
476 2452 720 2488 ἁποκεκληρῶσθαι
743 2452 806 2489 παρ’
819 2451 907 2478 αὐτῶν

127 2504 237 2531 ἐκείνων
243 2502 280 2537 τῷ
288 2502 362 2536 τόπῳ
370 2498 595 2534 ἐκείνῳδαίμονας
601 2498 633 2524 δι’
641 2497 791 2533 ὑπερὸολὴν
800 2497 885 2531 τῆςὰτ
890 2497 908 2522 ί-

128 2559 178 2586 μου
188 2549 283 2585 τέχνης
292 2545 478 2574 αὐτῶν.Τοῦτο
486 2545 513 2571 δὲ
524 2544 553 2570 τὺ
561 2553 595 2580 κη
600 2545 727 2578 ποτάφιον
735 2543 828 2577 γέγονε
842 2542 905 2577 παρ’

127 2595 208 2624 αὑτοῦ
218 2595 264 2621 τοῦ
273 2592 372 2621 Ἰαννοῦ
382 2592 428 2618 καὶ
442 2589 568 2626 Ἰαμϐροῦ
581 2589 634 2616 τῶν
649 2588 819 2623 ἀδελφῶν,δι¹
828 2588 906 2623 ὑπερ-

126 2642 207 2677 ϐολὴν
222 2641 270 2676 τῆς
290 2639 408 2675 μαγικῆς
428 2637 524 2672 τέχνης
543 2635 577 2662 τὰ
597 2635 692 2672 πρῶτα
712 2635 826 2670 ἐχόντων
846 2634 905 2660 κατ’

126 2689 227 2715 ἐκεῖνον
235 2686 331 2723 καιροῦ
342 2684 416 2721 παρὰ
426 2684 463 2719 τῷ
473 2684 580 2720 Φαραὼ.
588 2683 686 2718 πολλὴν
692 2691 774 2718 κεκτη
779 2682 853 2717 μένοι
863 2681 906 2707 δυ-

126 2734 249 2762 ναστείαν
260 2733 307 2767 τὴν
318 2733 345 2757 ἐν
359 2729 563 2765 Δίγύτττῳὲντῷ
574 2731 621 2763 τῆς
635 2729 706 2763 ζωῆς
714 2727 799 2754 αὐτῶν
808 2727 903 2762 χρόνῳ.

133 2780 179 2805 Ἐκ
188 2778 355 2813 τετραπέδων
364 2777 441 2802 λίθων
452 2776 558 2801 ἔκτισαν
567 2775 595 2800 τὸ
605 2774 683 2808 ἔργον
692 2775 786 2803 ἐκεῖνο,
796 2774 822 2798 ἐν
832 2772 904 2807 αὑτῴ

446 2821 491 2846 7.1".
513 2820 610 2854 χρυσὸν
627 2819 708 2845 πολὺν
731 2819 901 2853 ἀποθέμενοι.

130 2824 220 2859 μνῆμα
238 2823 424 2856 πεποιηκότες,

143 2870 298 2904 Εφυτευςαν
309 2867 352 2894 οὖν
366 2869 410 2893 καὶ
427 2867 518 2901 δένδρα
535 2868 655 2897 παντοῖα,
680 2867 724 2892 καὶ
741 2867 826 2900 φρέαρ
843 2866 902 2891 ὓδα-

960 2270 1032 2297 hunc
1059 2271 1204 2298 transitum
1223 2270 1395 2298 liclmeorum
1419 2270 1492 2298 sicco
1509 2270 1576 2306 pede
1603 2279 1651 2306 per
1668 2279 1743 2298 mare

958 2315 1110 2350 ascripserc
1125 2324 1179 2343 non
1196 2316 1337 2348 miraculo,
1354 2316 1401 2344 sed
1419 2316 1628 2351 reciprocationi
1646 2317 1740 2343 maris.

959 2361 1029 2388 Idem
1048 2361 1177 2388 dixerunt
1204 2361 1349 2397 Memphite
1368 2362 1462 2390 eodem
1485 2364 1623 2397 Artapano
1653 2368 1739 2391 teste:

957 2408 1011 2433 Kal.
1022 2408 1165 2443 Μεμφίταις
1179 2408 1226 2443 μὲν
1240 2408 1328 2442 λέγειν
1349 2408 1478 2444 ἔμπειρον
1490 2408 1553 2435 ὄντα
1567 2409 1612 2436 τὶν
1626 2408 1741 2437 Μώϋσον

956 2453 1006 2488 τῆς
1024 2453 1124 2490 χώρας,
1136 2454 1184 2489 τὴν
1198 2455 1322 2490 ἄμπωτιν
1336 2455 1504 2491 τηρήσαντα,
1531 2455 1574 2482 διὰ
1589 2454 1673 2491 ξηρᾶς
1690 2456 1740 2491 τῆς

957 2500 1093 2536 θαλάσσης
1109 2500 1139 2527 τὸ
1153 2500 1254 2535 πλῆθος
1265 2502 1427 2537 περαιῶσαι.
1445 2501 1520 2528 llanc
1528 2502 1668 2536 gentilium
1680 2502 1739 2537 opi-

957 2545 1065 2573 nionem
1085 2546 1178 2573 multis
1195 2546 1294 2573 refellit
1311 2546 1445 2574 Diodorus
1462 2547 1563 2574 Catena
1578 2547 1604 2573 in
1622 2546 1712 2574 Gener.
1728 2555 1737 2573 :

964 2592 1069 2628 Ἐπειδὴ
1092 2592 1151 2627 ἴχνη
1169 2591 1216 2618 τοῦ
1232 2592 1292 2618 τότε
1307 2592 1487 2627 γεγενημένου
1503 2592 1638 2628 θαύματος
1655 2593 1738 2619 είσέτι

956 2638 1004 2664 καὶ
1023 2637 1070 2664 νῦν
1088 2638 1223 2664 δείκνυται
1236 2638 1285 2673 τῆς
1307 2638 1438 2673 Ἐρυθρᾶς
1456 2639 1674 2674 ἀμπωτιζούσης,
1690 2639 1736 2666 καὶ

956 2683 1006 2718 τῆς
1017 2684 1195 2720 ὑπηργμένης
1206 2684 1280 2719 παρὰ
1289 2683 1334 2710 τοῦ
1342 2683 1408 2710 θεοῦ
1421 2684 1523 2720 δωρεᾶς
1534 2686 1589 2717 τοῖς
1602 2684 1736 2720 Ἑϐραίοις

957 2729 1107 2764 ἀνάμνησιν
1133 2729 1312 2765 παρεχούσης.
1323 2729 1448 2764 Ἕλληνες
1470 2730 1499 2756 τὸ
1513 2730 1651 2765 γινόμενον
1668 2731 1734 2766 πρό-

957 2784 1036 2810 φασιν
1053 2775 1232 2810 λαμϐάνουσιν
1251 2775 1389 2806 εὐσεϐείας
1407 2777 1434 2801 ἐν
1452 2775 1554 2801 πλείοσι
1565 2776 1614 2810 τῆς
1635 2775 1734 2802 θαλάσ-

957 2830 1004 2855 σης
1022 2821 1111 2851 τόποις
1128 2820 1278 2851 δεικνύντες
1294 2821 1497 2855 άμπωτισμοὺς,
1517 2820 1622 2855 φύσεως
1643 2820 1733 2856 ἔργον,

956 2868 985 2894 οὐ
1009 2867 1239 2901 (hiantia-39120;.
1260 2867 1352 2900 Ἡμεῖς
1372 2867 1591 2903 συγχωρήσαντες
1606 2867 1696 2900 αὐτοῖς
1717 2865 1734 2892 δ

1704 2996 1720 3012 τ

1696 3014 1708 3036 ἔ,

1683 3040 1696 3064 ἐ,

1659 3070 1680 3103 εὶ)

1661 3109 1664 3116 .

1655 3123 1660 3132 ν

573 3148 599 3167 ΙΙ
1636 3146 1652 3168 3-
1868 3162 1872 3164 -
1976 3164 1977 3173 η

619 3160 821 3206 κ
856 3191 872 3211 .
879 3198 894 3217 '
1640 3200 1648 3212 ﬁ
1784 3180 1816 3209 Nc.
1823 3192 1860 3206 1I_
1864 3184 1870 3202 -_|
1976 3183 1979 3196 ,γ

1632 3216 1644 3236 ι¹¹
1768 3216 1782 3241 ᾖ

1596 3286 1612 3328 1‘}

783 3339 787 3341 .
790 3340 795 3342 ,
1592 3338 1596 3348 J

1756 3362 1762 3366 κ
1800 3374 1808 3384 λδ
1814 3354 1830 3372 l—
1836 3358 1862 3384 -_:|

1590 3360 1592 3420 l
1805 3400 1816 3416 ρ
1852 3400 1860 3416 .-

1586 3440 1588 3448 .
1844 3424 1846 3450 |
