3968 6914
562 245 698 300 ωὸυ

1876 234 2120 290 LEONIS
2156 232 2429 287 ALLATH

3571 244 3673 300 toto

564 364 839 436 βούλονται
873 367 1029 429 νοεῖν,
1059 364 1155 417 καὶ
1189 363 1287 432 τῆς
1331 361 1539 433 φύσεως
1585 356 1722 414 εἶναι
1748 358 1839 413 τὸν
1868 359 2115 429 ἀμπωτι-

2112 386 2115 396 ι
2141 360 2185 416 Δ
2214 369 2336 409 cum
2361 359 2464 410 hoc
2493 354 2814 410 miraculum
2847 362 3085 426 tempore
3103 354 3378 411 Theodosii
3405 358 3679 430 imperatoris

566 456 702 530 σμδν
728 456 869 511 κατὰ
891 456 1014 519 τοὺς
1046 454 1261 521 τόπους,
1308 456 1364 506 ὲν
1402 447 1483 516 οἷς
1522 451 1799 506 ἀπώλοντο
1828 450 1926 521 μὲν
1951 449 2002 502 οἱ
2031 450 2122 502 ΔΞ-

562 549 801 621 γύπτιοι,
838 545 1172 620 διεσώθησαν
1202 546 1260 602 δὲ
1295 548 1343 600 οἱ
1371 546 1628 617 Ἑϐραῖοι,
1680 540 1976 613 πυθώμεθα
2024 542 2121 595 αὑ-

562 641 671 695 τῶν
701 641 754 693 ετ
778 656 880 693 που
906 639 1005 710 τῆς
1034 638 1305 709 θαλάσσης
1338 633 1699 707 ἀμπωτισμὸς
1745 632 1906 704 μέσον
1933 631 2120 702 τέμνει

564 734 658 788 καὶ
688 732 906 794 κόλπον,
942 732 1037 785 καὶ
1078 730 1264 784 τοῦτον
1310 726 1675 799 σχοινοτενῶς,
1706 725 1844 779 ὥστε
1883 722 2121 794 γυμνοῦν

559 821 649 876 τὸν
672 822 1043 894 κρυπτόμενον
1074 822 1256 883 αὐτοῖς
1283 820 1467 883 τόπον,
1504 818 1598 871 καὶ
1640 818 1810 870 ποιεῖν
1842 814 1960 868 ὁδὸν
1994 813 2123 866 πλα-

2216 446 2416 501 imitari
2446 447 2712 503 volentem
2749 445 2933 501 multis
2958 445 3193 502 Hebraeis
3215 448 3408 504 excidio
3430 448 3588 519 fuisse,
3608 454 3685 511 So.

2217 546 2417 603 crates,
2448 538 2539 593 lib.
2570 554 2645 593 vn
2679 537 2851 603 Hist.,
2877 554 2992 608 cap.
3023 538 3111 593 58.

2286 631 2397 686 Col.
2425 630 2551 696 789,
2576 631 2673 685 lin.
2703 630 2789 685 19.
2822 629 2929 684 Kal
2948 634 2980 684 ὀ
3005 625 3370 700 Ῥαῃουῆλος.
3399 629 3684 706 DeBaguelo,

2218 730 2273 777 et
2299 722 2416 792 ejus
2442 722 2759 792 parentibus
2789 723 2939 792 plura
2970 719 3232 777 Eusebius
3281 720 3351 777 De
3374 730 3687 792 preparation

2219 827 2421 881 evang.,
2442 812 2535 866 lib.
2559 827 2637 876 rx,
2678 828 2742 867 ex
2767 811 3048 867 Ezechielo
3070 822 3124 867 et
3149 811 3419 879 Demetrio,
3444 818 3521 886 qui
3545 817 3688 877 lathor

559 914 728 976 τεῖαν,
757 913 953 984 μᾶλλον
971 913 1026 966 δὲ
1051 912 1201 975 ὁδοὺς
1219 910 1450 973 εὐθείας,
1478 909 1612 980 ὅπερ
1635 905 1761 970 τοῦς
1786 905 2122 978 Ἰσραηλίτας

2121 924 2122 928 η
2222 910 2275 955 et
2313 900 2611 972 Raguelum
2643 903 2889 957 diversos
2933 902 3082 968 facit,
3136 904 3293 958 tradit
3317 908 3446 959 enim
3474 910 3688 968 Abraham

569 1001 808 1071 παρέσχε
847 1000 977 1063 Θεὸς
1020 1000 1160 1054 κατὰ
1209 999 1299 1052 τὸν
1342 998 1447 1051 Δὰδ
1482 997 1730 1065 λέγοντα·
1773 1013 1791 1046 ι
1829 994 1919 1065 Τῷ
1963 1011 2124 1047 κατα-

2121 1023 2124 1032 ι
2222 1008 2288 1047 ex
2317 990 2551 1047 Cethura
2577 994 2831 1065 genuisse
2858 993 3049 1061 Jexan,
3066 1011 3131 1050 ex
3154 1011 3257 1065 quo
3277 1004 3423 1053 natus
3440 1008 3511 1055 est
3534 1001 3688 1074 Dadan,

560 1090 784 1144 διελόντι
814 1089 912 1161 τὴν
947 1090 1209 1162 Ἐρυθρὰν
1230 1089 1497 1143 θάλασσαν
1527 1089 1607 1150 εἰς
1633 1085 1922 1159 διαιρέσεις
1940 1104 1954 1118 ο
1976 1104 1995 1136 ι
2030 1085 2123 1139 καὶ

2225 1095 2254 1135 a
2281 1097 2389 1152 quo
2419 1080 2695 1153 Raguelus
2738 1093 2889 1152 pater
2915 1081 3095 1146 Jetho,
3146 1084 3298 1153 cujus
3342 1083 3484 1139 ﬁliam
3529 1087 3692 1161 Moyses

562 1184 641 1246 si;
678 1182 736 1236 τὸ
763 1182 1042 1237 θαλάττιον
1076 1182 1247 1254 ὓδωρ,
1287 1180 1498 1252 σχισθὲν
1542 1181 1606 1232 ὲκ
1635 1179 1821 1244 δεξιῶν
1856 1197 1915 1234 τε
1940 1183 2031 1232 καὶ
2066 1179 2124 1246 ἐξ

2123 1231 2124 1236 η
2225 1174 2431 1243 accepit
2464 1190 2705 1229 uxorem.
2734 1173 2961 1237 Hebraei,
2992 1173 3238 1245 Lyranus
3265 1181 3316 1229 et
3344 1175 3589 1235 Abuleusis
3612 1188 3690 1237 tra-

561 1273 872 1345 εὺωνύμων,
909 1274 1067 1343 φύσιν
1095 1274 1205 1345 ἔχει
1237 1274 1426 1343 στῆναι
1465 1271 1617 1341 δίκην
1648 1271 1840 1341 τειχῶν
1865 1270 2122 1343 eseam,

2226 1260 2382 1323 dunt,
2412 1262 2708 1334 Raguelum
2737 1265 2903 1320 fuisse
2937 1264 3388 1333 quadrinomium.
3414 1266 3566 1326 Primo
3586 1274 3692 1327 enim

562 1365 695 1437 ὅπερ
719 1366 811 1418 ἐπὶ
832 1365 937 1419 τῶν
970 1365 1312 1437 Ἰσραηλιτῶν
1332 1364 1551 1433 γέγονεν
1573 1363 1675 1430 ὁδῷ
1695 1365 1804 1426 τοῖς
1825 1361 2126 1426 θαλαττίοις

2123 1380 2126 1414 τ
2225 1355 2523 1409 vocabatur
2568 1355 2788 1427 Raguel,
2829 1356 3000 1411 Exod.
3031 1372 3069 1409 ιι
3100 1364 3154 1410 et
3206 1372 3283 1419 ιιι,
3333 1357 3517 1425 Jethro,
3554 1360 3598 1415 id
3634 1373 3690 1420 est

561 1457 746 1522 τόποις
796 1460 1109 1529 χρωμένων.
1165 1460 1227 1512 Εἰ
1263 1460 1319 1513 δὲ
1353 1461 1626 1513 ἀπιστεῖεν
1674 1459 1755 1510 ὃτι
1791 1456 1965 1510 ταῦτά
1996 1471 2126 1509 ποτε

2224 1445 2455 1510 Addens,
2493 1447 2607 1517 ipse
2638 1449 2780 1502 enim
2811 1449 3019 1503 addidit
3050 1465 3215 1502 unum
3244 1457 3391 1519 caput
3413 1449 3535 1521 Legi,
3560 1453 3612 1509 de
3628 1471 3695 1509 or-

563 1546 775 1615 γέγονε,
794 1548 879 1601 διὰ
899 1549 951 1600 τί
981 1549 1073 1618 μὴ,
1100 1549 1191 1619 τῆς
1213 1548 1352 1603 κατὰ
1374 1549 1537 1622 μέρος
1553 1548 1857 1617 ἀντιλογίας
1876 1547 2123 1616 ἀφέντες,

2226 1538 2504 1595 dinatione
2553 1542 2733 1611 populi
2778 1557 2872 1611 per
2908 1541 3182 1605 tribunos,
3226 1544 3691 1616 centuriones,quin-

564 1639 694 1692 αὐτὸ
720 1639 876 1692 τοῦτο
917 1640 1139 1709 ζητοῦσι
1173 1640 1306 1711 πρὸς
1330 1643 1474 1711 ἡμᾶς
1525 1640 1828 1711 διδασκάλῳ
1859 1638 2127 1711 χρώμενοι

2156 1696 2199 1711 _
2227 1647 2504 1701 quagenos
2532 1641 2584 1687 et
2606 1634 2862 1698 decanos,
2881 1633 3053 1688 Exod.
3097 1649 3250 1689 IVNI.
3272 1633 3488 1690 Vocatur
3517 1635 3694 1702 Cissus.

565 1734 634 1803 τῇ
673 1696 941 1802 ἀληθείᾳ.-
969 1696 1184 1785 ίνῐᾶλλον
1215 1696 1304 1784 ,δὲῠ
1323 1696 1418 1803 7'qu
1448 1696 1701 1803 ἀλήθειαν
1744 1696 1811 1784 ex.
1855 1696 2129 1785 gibt/Idm-

2125 1696 2200 1771 ,Β
2227 1696 2408 1775 .ludic.
2455 1740 2529 1777 iv.
2560 1721 2798 1779 Tandem
2832 1696 3063 1779 vocatur
3114 1724 3318 1789 Hobab,
3354 1727 3403 1780 id
3430 1736 3504 1783 est
3532 1696 3692 1797 Amans,

568 1824 931 1894 δεικνυμένων
964 1825 1299 1895 πραγμάτων
1335 1824 1724 1894 διδασκόμενοι.
1752 1824 2012 1893 Ἐγχωρεῖ
2030 1823 2128 1893 τὴν

2126 1842 2128 1857 ι
2228 1814 2354 1883 quia
2399 1813 2585 1868 dilexit
2625 1816 2791 1886 legem
2840 1816 2954 1884 Dei,
2982 1826 3040 1872 et
3073 1820 3139 1872 ad
3169 1816 3482 1874 Judaismum
3515 1830 3693 1878 estcoa.

580 1912 846 1984 Ἐρυθρὰν
882 1914 1237 1983 ἁμπωτξξειν,
1275 1914 1348 1985 πὴ
1384 1915 1479 1986 μὲν
1510 1915 1914 1984 ἐπιτρέχουσαν,
2072 1914 2128 1967 δὲ

567 2005 984 2077 ἀναχωροῦσανς
1022 2006 1156 2059 Ἀλλ’
1184 2008 1275 2059 ἐπὶ
1300 2006 1405 2059 τῶν
1437 2006 1775 2078 Ἰσραηλιτῶν
1805 2008 1903 2060 οὐκ
1922 2002 1988 2077 ἦν
2018 2008 2126 2077 ἀμ-

566 2096 865 2167 πωτισμός.
922 2095 1044 2160 Πῶς
1093 2097 1199 2168 γὰρ
1246 2097 1306 2149 τὸ
1359 2096 1637 2167 σχισθῆναι
1691 2097 1789 2168 τὴν
1830 2096 2124 2160 θάλασσαν,

567 2185 658 2240 καὶ
713 2188 952 2258 παγῆναι
1001 2191 1079 2252 εἰς
1132 2187 1321 2258 τειχῶν
1382 2188 1570 2241 στάσιν
1628 2189 1712 2258 εἴη
1760 2188 1824 2243 ἂν
1877 2189 2126 2260 ἁμπωτι-

569 2278 738 2349 σμός;
795 2277 1064 2349 Josepbus
1121 2280 1354 2343 dubitat,
1399 2295 1468 2333 an
1527 2278 1723 2335 divisio
1789 2282 1901 2334 haec
1968 2279 2129 2334 fuerit

568 2369 915 2435 miraculosa,
956 2373 1037 2426 vel
1083 2373 1367 2428 naturalis.
1416 2370 1559 2426 Nam
1612 2385 1661 2428 et
1697 2371 1983 2427 Alexandri
2022 2390 2129 2426 ma-

567 2460 658 2531 gni
681 2462 862 2525 ductu,
897 2463 1092 2532 inquit,
1124 2480 1267 2517 mare
1300 2462 1699 2535 Pampltylicum
1726 2466 1899 2527 cessit,
1936 2474 1986 2518 et
2029 2466 2127 2519 iter

569 2554 805 2630 aperuit,
836 2570 952 2607 cum
989 2553 1129 2609 Deus
1163 2555 1274 2623 ejus
1304 2571 1459 2623 opera
1491 2557 1558 2609 ad
1590 2556 1959 2611 destruendum
1999 2556 2125 2611 Per-

567 2660 752 2697 sarum
798 2645 1077 2714 imperium
1132 2647 1211 2698 uti
1260 2646 1586 2702 decrevisset.
1650 2648 1860 2704 Hebraei
1909 2657 2125 2719 negant,

569 2750 704 2791 suos
742 2737 977 2804 majores
1006 2745 1179 2792 totum
1212 2754 1361 2794 mare
1388 2738 1633 2794 Rubrum
1664 2748 1929 2806 tranasse,
1959 2743 2075 2811 sive
2097 2757 2125 2796 a

568 2830 750 2885 littore
783 2828 1037 2901 Egyptio
1068 2832 1122 2885 in
1153 2833 1304 2888 littus
1334 2833 1647 2897 Arabicum,
1679 2834 1770 2889 sed
1803 2835 1946 2905 quod
1966 2851 2129 2908 gran-

569 2919 693 2976 dius
726 2928 830 2982 est,
870 2928 930 2974 ut
983 2920 1151 2975 refert
1183 2921 1584 2988 Genebrardus,
1644 2924 1990 2990 miraculum,
2057 2927 2122 2983 ad

2227 1920 2438 1969 versus,
2461 1914 2519 1959 ut
2539 1905 2712 1961 Exod.
2749 1924 2893 1962 xvm.
2933 1909 3039 1962 Alii
3072 1910 3396 1978 probabilius
3425 1912 3696 1981 putant,llo«

2226 1997 2334 2052 bab
2382 2015 2489 2054 non
2534 2015 2655 2056 esse
2695 2000 3022 2074 Raguelum,
3075 2001 3297 2074 Bagueli
3342 2005 3510 2063 lilium.
3544 2007 3597 2063 de
3620 2025 3697 2079 quo

2227 2087 2445 2146 Numer.
2463 2107 2494 2145 κ
2506 2132 2520 2145 .

2297 2183 2457 2249 lbid.,
2507 2185 2603 2239 lin.
2654 2185 2743 2241 20.
2775 2186 3195 2259 Ἔπαγόμενος.
3254 2190 3447 2263 Moyses
3487 2193 3618 2257 enim,
3656 2204 3698 2250 ut

2227 2272 2580 2345 Epiphanius,
2613 2276 2806 2332 haeres.
2846 2277 2933 2340 78,
2975 2280 3165 2343 tradit,
3196 2288 3458 2350 postquam
3493 2283 3698 2353 propheta

2226 2383 2425 2423 munus
2458 2370 2718 2439 suscepit,
2749 2371 2935 2426 uxoris
2973 2372 3172 2425 notitia
3198 2372 3462 2435 abstinuit,
3504 2382 3553 2429 ut
3576 2390 3697 2445 purus

2226 2466 2335 2511 tam
2366 2465 2567 2511 sanctae
2593 2457 2858 2513 functioni
2892 2468 3145 2526 vacaret;
3179 2462 3318 2531 quod
3355 2463 3547 2516 totidem
3570 2466 3698 2519 verbis

2227 2564 2286 2603 se
2332 2557 2519 2619 postea
2548 2550 2816 2619 reperisse
2846 2550 2904 2605 in
2939 2550 3337 2605 Traditionibus
3363 2550 3564 2607 Hebreis
3582 2554 3697 2608 tradit

2226 2636 2627 2694 Genehrardus.

2295 2729 2452 2795 lbid.,
2483 2732 2579 2785 lin.
2606 2732 2694 2787 30.
2712 2731 2765 2785 '0
2782 2732 3049 2803 Μωῦσῆς
3065 2734 3423 2803 ἐτελεύτησε.
3437 2734 3694 2795 Ambrosius.

2226 2822 2322 2877 lib.
2350 2839 2366 2877 ι
2390 2823 2466 2877 De
2488 2822 2621 2879 Cain
2646 2833 2695 2879 et
2722 2824 2872 2892 Abel,
2902 2842 2954 2880 c.
2976 2826 3034 2891 2,
3066 2828 3259 2883 asserit
3296 2827 3507 2900 Moysem
3524 2828 3697 2883 nondum

2225 2925 2497 2973 mortuum
2526 2935 2668 2987 esse,
2705 2921 2797 2975 sed
2825 2921 3160 2976 translatum
3184 2923 3249 2978 ad
3279 2924 3526 2978 meliorem
3552 2922 3698 2985 rium;

569 3012 708 3068 idem
759 3014 934 3079 littus,
993 3013 1156 3070 ducto
1212 3015 1353 3069 intra
1388 3030 1534 3071 mare
1586 3016 1746 3088 longo
1792 3020 2045 3085 circuitu,
2074 3029 2127 3077 et

2155 3038 2198 3096 ρ
2229 3015 2284 3064 et
2312 3024 2434 3064 cum
2474 3010 2733 3081 scriptum
2762 3018 2868 3076 est,
2899 3027 3021 3066 eum
3058 3028 3188 3068 esse
3227 3020 3497 3075 mortuum,
3535 3008 3697 3077 intelligi

569 3105 727 3177 quasi
764 3106 1126 3169 semicirculo,
1158 3108 1301 3164 unde
1327 3107 1560 3179 ingressi
1599 3108 1812 3165 fuerant
1842 3115 2131 3169 revertisse

570 3197 820 3267 probant.
880 3197 1017 3264 Quia
1061 3199 1337 3254 haerebant
1382 3200 1459 3259 tin
1509 3201 1724 3257 deserto
1788 3202 1959 3259 Ethan
2009 3214 2133 3261 ante

570 3286 885 3349 transitum,
927 3288 1121 3343 deinde
1162 3297 1285 3358 post
1332 3290 1621 3347 transitum
1657 3293 1712 3347 in
1742 3294 1929 3347 eodem
1961 3311 2019 3350 se
2047 3312 2134 3351 re-

571 3378 824 3448 periunt;
854 3378 946 3433 ubi
983 3394 1078 3448 per
1111 3388 1221 3435 tres
1246 3379 1362 3436 dies
1388 3381 1566 3452 vagati
1610 3394 1788 3438 castra
1817 3395 2025 3454 ponunt
2078 3387 2132 3441 in

572 3465 743 3534 Mara,
767 3468 937 3524 Exod.
953 3486 1065 3525 ut.
1088 3471 1288 3528 Deinde
1310 3488 1459 3529 mare
1488 3471 1731 3529 Rubrum
1762 3475 1952 3530 dividit
1968 3475 2135 3548 Egy-

572 3566 721 3632 ptum
754 3563 821 3616 ab
856 3561 1078 3626 Arabia,
1109 3579 1215 3617 non
1239 3579 1269 3618 a
1299 3572 1444 3620 terra
1476 3573 1684 3621 sancta.
1741 3565 1852 3622 lmo
1874 3583 2001 3622 vero
2024 3585 2132 3624 non

571 3649 671 3704 fuit
710 3666 934 3706 necesse
972 3660 1030 3705 ut
1078 3653 1491 3722 ingrederentur
1541 3669 1709 3717 mare,
1741 3657 1845 3710 nisi
1897 3665 1955 3710 ut
2004 3660 2131 3713 sub-

573 3752 910 3812 mergeretur
936 3741 1168 3798 Pharao.
1199 3743 1469 3815 Josephus
1501 3757 1553 3801 et
1579 3747 1750 3802 nostri
1784 3749 1850 3803 de
1872 3749 2053 3803 littore
2077 3750 2132 3803 in

570 3829 745 3887 littus.
794 3833 923 3898 Alii,
984 3850 1123 3903 quos
1175 3836 1423 3906 sequitur
1475 3836 1737 3909 Origenes
1786 3839 1972 3895 homil.
2007 3843 2040 3897 5
2082 3844 2134 3896 in

574 3920 834 3987 Exodum,
869 3924 1248 3982 Geuebrardus
1282 3930 1335 3981 in
1367 3929 1768 3997 psalm.cxxxv,
1802 3930 2134 4001 Epiphanius

571 4014 764 4070 hmres.
786 4016 872 4083 οι,
904 4016 1193 4084 alllrmant,
1224 4034 1375 4076 mare
1418 4019 1661 4077 Rubrum
1702 4023 1872 4080 fuisse
1901 4025 2133 4079 divisum

569 4105 627 4160 in
659 4105 942 4162 duodecim
975 4111 1268 4176 sectiones,
1295 4113 1364 4166 ita
1400 4114 1515 4183 pari
1547 4131 1735 4185 gressu
1768 4132 1865 4186 per
1896 4117 2027 4172 illud
2054 4119 2135 4172 in-

571 4198 822 4253 cederent
886 4200 1169 4256 duodecim
1231 4204 1440 4272 tribus,
1516 4209 1766 4276 quaelibet
1832 4210 1973 4264 enim
2037 4227 2135 4265 sua

572 4289 813 4345 sectione
840 4280 1344 4351 incedebat.'Philo
1371 4308 1572 4362 tamen,
1601 4297 1995 4365 Theodoretus,
2026 4302 2135 4356 Eu-

2232 3118 2342 3158 non
2374 3101 2440 3157 de
2469 3102 2686 3157 interitu
2717 3102 2807 3174 qui
2864 3101 2922 3156 ﬁt
2959 3120 3054 3173 per
3113 3101 3483 3176 'separationem
3507 3101 3653 3156 anim:
3676 3114 3697 3152 ι

2234 3208 2484 3263 corpore,
2518 3192 2611 3249 sed
2646 3193 2713 3250 de
2741 3195 3107 3252 translatione
3140 3196 3207 3251 ad
3245 3196 3439 3251 felicem
3474 3200 3520 3249 et
3543 3194 3697 3247 beatam

2233 3284 2420 3338 vitam.
2458 3282 2537 3338 llli
2588 3286 2887 3339 assentitur
2914 3284 3157 3343 Hilarius
3192 3285 3518 3342 Pictaviensis
3538 3285 3579 3336 in
3599 3281 3699 3335 Nst-

2236 3376 2449 3440 thazum,
2479 3392 2601 3431 can.
2632 3376 2723 3432 20.
2755 3376 2898 3432 Idem
2925 3395 2991 3433 ex
3032 3379 3417 3435 recentioribus
3451 3375 3585 3431 tradit
3609 3374 3697 3427 Amo

2234 3467 2450 3522 brosius
2469 3466 2796 3525 Catherinus
2825 3471 2879 3523 in
2900 3470 3027 3524 illud
3050 3469 3149 3535 IIl,
3166 3470 3234 3524 24
3253 3469 3433 3525 Cenes.
3455 3487 3466 3523 :
3485 3464 3697 3522 Collomit

2234 3572 2356 3613 ante
2403 3559 2710 3628 paradisum
2765 3562 3046 3631 voluptatis
3114 3563 3371 3618 cherubin.
3429 3561 3484 3616 Et
3528 3562 3569 3615 in
3604 3555 3695 3611 illud

2234 3648 2365 3705 Gen.
2382 3667 2435 3714 ll,
2459 3651 2491 3704 8
2511 3650 2878 3707 :Plautaverat
2902 3652 3165 3709 Dominus
3182 3654 3463 3725 paradisum
3480 3651 3609 3707 Ede».
3628 3649 3698 3703 lle-

2238 3743 2396 3810 brzei,
2452 3758 2573 3798 eum
2623 3745 2947 3800 translatum
2991 3751 3182 3803 vivum
3229 3750 3525 3806 existimant.
3576 3756 3698 3813 quare

2235 3833 2392 3887 Philo
2435 3836 2742 3904 sepulcrum
2791 3837 2913 3904 ejus
2962 3854 3073 3893 non
3108 3841 3337 3895 inveniri
3384 3839 3539 3895 scribit
3573 3831 3700 3903 τΠερὶ

2235 3920 2309 3981 ὧν
2345 3928 2712 3999 ἱερουργοῦσιν
2738 3930 2903 3984 ’Ἅϐελ
2933 3948 2993 3984 τε
3017 3933 3116 3986 καὶ
3146 3934 3284 3987 Κάῖν
3313 3929 3477 4001 δίδωμί
3498 3944 3559 3986 σεο
3579 3922 3692 3994 φησιν

2234 4019 2364 4072 Θεὸν
2389 4019 2605 4091 Φαραώ.
2640 4020 2771 4085 Θεὸς
2814 4021 2869 4075 δὲ
2900 4021 3136 4093 ἔλλειψιν
3174 4022 3206 4093 ἢ
3258 4021 3501 4095 πρόσθεσιν
3525 4014 3599 4068 οὐκ
3621 4013 3693 4064 ἀν·

2235 4110 2414 4182 ἐχεται
2432 4111 2661 4182 πλήρης,
2676 4112 2769 4166 καὶ
2799 4114 3067 4177 ἰσαίτατος
3088 4114 3165 4168 ὢν
3180 4113 3370 4183 ἐαυτῷ.
3386 4107 3520 4179 Παρ²ὅ
3535 4100 3689 4169 mile

2234 4202 2408 4273 ταφὴν
2431 4200 2643 4270 λέγεται
2686 4202 2817 4273 μηδὲ
2862 4198 2940 4267 εἷς
2967 4204 3164 4258 εἰδέναι
3197 4205 3395 4258 τούτου.
3429 4200 3501 4262 Τίς
3532 4194 3612 4264 γὰρ
3636 4192 3688 4245 ἂν

2236 4289 2441 4359 γένοιτο
2471 4291 2650 4356 ἱκανὸς
2678 4293 2773 4364 τὴν
2798 4294 2931 4364 πρὸς
2956 4294 3026 4346 τὰ
3046 4295 3179 4349 ὄντα
3207 4293 3543 4366 μετανάστασιν
3561 4281 3692 4354 ψυχῆς

570 4378 811 4450 thymius
833 4380 886 4433 in
919 4383 1109 4451 psalm.
1142 4398 1317 4439 cxxxv
1349 4386 1564 4439 unicam
1586 4396 1795 4444 tantum
1822 4379 1991 4445 fuisse
2022 4400 2128 4445 tra-

2163 4400 2205 4454 ο
2236 4384 2443 4447 τελείας
2464 4386 2790 4456 κατανοῆσαι
2817 4403 2831 4449 ;
2861 4385 3003 4440 Idem
3027 4390 3226 4458 repetit
3252 4390 3303 4443 in
3333 4388 3425 4441 line
3449 4383 3524 4436 lib.
3547 4377 3602 4431 De
3617 4376 3697 4429 till

572 4469 727 4525 dunt.
755 4470 845 4526 Sic
874 4474 1035 4527 etiam
1067 4473 1413 4531 Hebraeorum
1445 4479 1534 4532 illa
1562 4480 1781 4535 traditio
1798 4490 1901 4546 est,
1930 4485 2130 4539 tribum

571 4559 731 4625 Juda,
760 4563 1116 4635 ejusdemque
1145 4567 1335 4622 ducem
1360 4570 1685 4637 Aminadab,
1723 4577 1935 4631 celeris
1962 4580 2131 4649 trepi-

571 4654 850 4723 dantibus,
907 4659 1139 4729 primum
1189 4661 1494 4731 ingressum
1525 4681 1646 4721 esse
1695 4682 1867 4732 mare,
1906 4669 2158 4741 ideoque.

576 4746 777 4800 tribum
807 4746 945 4801 Juda
962 4749 1215 4820 deinceps
1249 4750 1419 4806 fuisse
1447 4751 1699 4823 primam,
1731 4766 1784 4811 et
1811 4757 2003 4812 ducem
2033 4759 2133 4813 ali-

576 4852 754 4903 arum,
774 4841 1126 4911 meritamque
1140 4858 1260 4898 esse
1288 4860 1533 4913 regnum.
1558 4853 1612 4900 et
1643 4846 1746 4902 huc
1778 4848 1943 4903 alludi
1970 4850 2131 4908 Cant.

573 4931 726 4998 v1,“
762 4932 985 4986 :Anima
1008 4950 1121 4988 mea
1138 4935 1467 4989 conturbavit
1495 4954 1574 4991 me
1599 4949 1807 5009 propter
1843 4943 2130 5015 quadrigas

574 5023 891 5089 Aminadab;
919 5034 971 5080 et
997 5023 1148 5081 Osca:
1181 5043 1256 5089 x1,
1291 5029 1357 5083 12
1390 5048 1403 5085 :
1444 5028 1617 5085 Judas
1659 5041 1832 5087 autem
1867 5034 2133 5091 descendit

576 5115 722 5169 testis
756 5132 873 5169 cum
906 5117 1034 5181 Deo,
1070 5125 1119 5171 et
1158 5137 1274 5173 cum
1309 5122 1505 5177 sanctis
1532 5122 1725 5192 ﬁdelis.
1767 5124 2132 5199 Hieronymus

576 5208 920 5265 traditionem
968 5211 1107 5266 hanc
1145 5212 1380 5268 fabulam
1427 5224 1606 5273 vocat.
1663 5217 1836 5289 Hujus
1867 5224 2133 5278 transitus

574 5301 827 5372 vestigia,
866 5311 921 5357 et
968 5310 1176 5361 tractus
1231 5321 1490 5363 curruum
1538 5318 1890 5382 rotarumque
1923 5315 2132 5370 orbitas

576 5408 817 5458 manere,
870 5399 1221 5469 repararique
1270 5407 1384 5454 tum
1416 5418 1470 5456 in
1510 5403 1706 5468 littore,
1744 5412 1858 5459 tum
1910 5405 1965 5459 in
2015 5406 2133 5477 ipso

575 5486 712 5539 mari
763 5484 948 5545 Rubro
990 5491 1157 5545 tradit
1183 5490 1429 5559 Orosius,
1472 5495 1564 5552 lib.
1615 5514 1668 5562 ι,
1694 5512 1814 5568 cap.
1849 5498 1946 5564 l0;
1993 5499 2133 5555 idem

576 5575 815 5629 insinuat
862 5577 1131 5636 Diodorus
1168 5583 1222 5638 in
1247 5584 1466 5641 Catena.
1506 5584 1638 5642 illud
1672 5588 1796 5643 item
1845 5589 2133 5645 ridiculum

574 5672 680 5729 est,
731 5666 1197 5742 pseudo-Moysem
1235 5675 1523 5743 quemdam
1562 5676 1898 5747 Cretensem,
1939 5679 2135 5737 Mosai-

1318 5894 1329 5933 ν

2233 4473 2435 4547 Hoysis
2455 4516 2468 4538 ,
2495 4487 2547 4530 et
2577 4476 2731 4531 rabbi
2760 4476 2979 4532 Samuel
3023 4479 3421 4535 Marrochianus
3443 4476 3521 4529 lib.
3546 4470 3602 4525 De
3628 4464 3698 4521 ad-

2231 4579 2383 4622 ventu
2426 4567 2655 4631 Μειδίας,
2689 4585 2847 4639 quem
2875 4569 3045 4625 Judaei
3087 4582 3288 4627 temere
3316 4571 3597 4640 exspectant.
3616 4560 3699 4614 Ιια

2232 4660 2393 4715 habet
2421 4675 2537 4730 cap.
2566 4659 2632 4713 12
2666 4679 2680 4715 :
2718 4660 2785 4714 De
2811 4660 2991 4731 Moyse
3015 4664 3175 4717 etiam
3204 4679 3302 4717 non
3317 4673 3387 4716 est
3415 4651 3696 4711 dubitandum.

2230 4752 2353 4822 quin
2376 4753 2442 4805 sit
2483 4752 2536 4805 in
2575 4753 2701 4808 cwlo
2734 4754 2788 4806 in
2832 4770 3047 4824 corpore
3081 4765 3130 4808 et
3160 4760 3351 4818 anima,
3389 4761 3435 4806 ut
3470 4749 3572 4801 dicit
3599 4743 3696 4797 Det—

2234 4851 2330 4897 ter.
2361 4859 2543 4910 xxxxv,
2568 4844 2601 4898 6
2627 4861 2639 4896 :
2679 4862 2698 4896 ι
2722 4844 2871 4899 Dixit
2890 4846 3028 4901 Deus
3055 4847 3123 4900 ad
3163 4847 3387 4917 Moysem
3419 4859 3436 4895 :
3462 4832 3693 4895 Ascendu'l

2233 4946 2457 4990 montem
2482 4948 2651 5001 nocte,
2672 4946 2721 4991 et
2745 4955 2943 4993 morere
2963 4938 3055 5004 ibi,
3072 4950 3120 4995 et
3144 4940 3368 4995 ascendit
3388 4937 3435 4990 in
3450 4940 3636 4989 montem.
3656 4931 3691 4977 ιι

2232 5037 2467 5082 mortuus
2488 5038 2563 5082 est
2581 5027 2651 5081 ibi
2675 5044 2693 5093 ;
2715 5039 2763 5083 et
2791 5031 3001 5084 nescivit
3016 5031 3167 5084 homo
3189 5031 3463 5102 sepulcrum
3479 5024 3569 5093 ejus
3584 5028 3694 5085 “4"

2230 5120 2285 5172 in
2317 5118 2623 5174 hodiernum
2656 5120 2814 5175 diem.
2845 5140 2863 5172 ι
2894 5120 2959 5175 Et
2993 5123 3118 5193 quid
3143 5124 3420 5193 signiﬁcat,
3445 5104 3697 5188 quodut)”

2229 5226 2377 5264 crum
2397 5211 2510 5280 ejus
2536 5219 2613 5264 est
2637 5211 2870 5281 ignotum
2886 5213 2939 5266 in
2962 5222 3124 5276 terra,
3148 5230 3262 5266 cum
3284 5214 3385 5281 ipse
3403 5209 3490 5278 fuit
3516 5196 3697 5296 prop”?

2232 5303 2425 5373 major,
2466 5314 2515 5358 et
2545 5306 2777 5359 sanctior
2806 5305 2949 5372 aliis,
2991 5307 3095 5361 nisi
3133 5305 3267 5372 quod
3294 5304 3421 5359 Deus
3447 5293 3693 5354 resuscitat"

2230 5412 2369 5461 eum,
2398 5405 2449 5450 et
2488 5398 2770 5465 assumpsit
2807 5414 2927 5452 eunt
2966 5400 3017 5454 in
3061 5416 3289 5471 corpore.
3333 5405 3379 5451 et
3418 5382 3695 5471 animati"?

2234 5488 2367 5542 alios
2386 5488 2559 5557 justas
2591 5492 2893 5559 assumpsit,
2925 5501 2973 5546 et
2999 5468 3212 5547 elevaoit
3233 5490 3299 5543 ad
3323 5489 3475 5543 locum
3492 5479 3566 5535 ubi
3584 5468 3694 5530 sui?

2304 5580 2463 5645 lbid.,
2514 5582 2610 5637 lin.
2644 5582 2733 5637 52.
2789 5585 2898 5639 Καὶ
2933 5584 3129 5655 ἐξάγει
3170 5586 3291 5639 τόν.
3342 5583 3603 5647 Artapanus
3626 5560 3697 5617 Ηε·

2237 5679 2409 5734 brmos
2443 5696 2538 5751 per
2571 5680 2789 5751 triginta
2821 5697 2993 5738 annos
3037 5684 3091 5737 in
3127 5683 3332 5739 deserto
3358 5680 3548 5745 vagatus
3576 5661 3697 5718 fuit“
