4008 6208
263 271 393 328 1061

1277 263 1342 318 IN
1381 263 1750 321 EUSTATHII
1781 261 2250 319 HEXAEMERON
2288 261 2520 318 NOTxE.

3363 261 3499 315 {069.

260 383 450 440 scribit
483 401 496 438 :
529 382 665 444 Τοὺς
700 381 758 434 δὲ
795 379 1096 444 Ἰουδαίους,
1153 379 1515 450 διαφυγόντας
1579 383 1670 437 τὸν
1720 382 1810 434 κίν

1934 395 2182 450 superior
2202 379 2466 442 substitit,
2484 387 2537 434 et
2563 378 2843 442 intumuit,
2862 377 3083 434 assidue
3103 379 3260 449 aquis
3280 378 3502 435 afﬂuen‘

257 477 434 540 δυνον,
474 473 766 544 τριάκοντα
798 471 893 542 ἐτη
938 470 996 522 ἐν
1023 473 1088 541 τῇ
1139 471 1331 542 ἐρήμῳ
1361 469 1659 542 διατρίψαι,
1708 470 1832 542 βρέ-

257 583 444 640 χοντος
468 566 650 628 αὐτοῖς
669 561 760 616 τοῦ
790 561 924 616 Θεοῦ
955 562 1181 633 κρίμνον
1214 564 1399 633 ὅμοιον
1433 561 1636 633 ἐλύμῳ,
1691 562 1830 631 χιόνι

258 658 642 732 παραπλήσιον
670 655 770 728 τὴν
802 656 987 726 χρόαν.

329 750 444 805 Col.
468 749 590 813 789,
619 747 695 802 lin
741 747 831 802 54.
855 750 918 802 Οἱ
945 749 1056 819 γὰρ
1072 748 1264 818 χάριν.
1286 748 1582 818 Antiquam
1607 764 1830 820 peregre

257 841 532 913 proﬁciscn
589 838 871 910 religionis
927 854 1056 911 ergo
1117 842 1361 895 meminit
1430 850 1484 896 et
1539 841 1829 911 Gregorius

259 936 538 1007 Nyssenus
580 934 659 989 De
694 934 816 988 Vita
844 933 902 989 S.
931 933 1187 989 Macrina:
1230 937 1448 1006 virginis
1471 952 1489 989 :
1512 936 1734 1000 Πάντως
1772 937 1827 989 δὲ

256 1029 359 1082 οὐκ
398 1028 733 1097 ἀμνημονεῖς
779 1026 878 1096 τῆς
917 1026 1229 1097 συντυχίας,
1279 1028 1369 1080 ὅτε
1419 1028 1540 1081 κατ’
1567 1028 1729 1098 εὐχὴν
1770 1030 1829 1080 ἐν

266 1117 680 1191 Ἰεροσολύμοις,
731 1119 1014 1188 ἐπιφοιτᾷν
1061 1118 1289 1189 μέλλων,
1319 1113 1470 1188 ἐφ’ᾇ»
1515 1118 1585 1172 τὰ
1627 1122 1827 1190 σημεῖα

254 1209 358 1280 τῆς
385 1208 474 1263 τοῦ
497 1208 702 1280 Κυρίου
741 1207 830 1261 διὰ
863 1208 1062 1278 σαρκὸς
1095 1208 1386 1280 ἐπιδημίας
1413 1211 1470 1262 ἐν
1495 1211 1606 1273 τοῖς
1635 1208 1825 1272 τύποις

257 1300 388 1355 ἰδεῖν
427 1297 756 1370 συνέδραμόν
789 1313 869 1351 σοι
901 1298 1042 1352 κατὰ
1067 1297 1165 1370 τὴν
1202 1299 1476 1369 Ἀντιόχου
1503 1299 1678 1352 πόλιν.

323 1388 484 1454 lbid.,
513 1389 610 1445 lin.
644 1389 732 1445 57.
771 1389 843 1442 Td
869 1405 933 1442 τε
960 1389 1203 1443 Σιναῖον
1231 1389 1386 1456 ὅρος.
1423 1388 1500 1444 De
1527 1397 1712 1445 monte
1745 1388 1825 1444 Si-

252 1481 366 1547 nai,
411 1483 639 1552 ejusque
683 1482 818 1536 locis
855 1481 1027 1536 sacris
1082 1481 1240 1550 plura
1283 1479 1479 1535 Petrus
1522 1480 1819 1541 Bellonius.

255 1573 689 1632 Observationum
712 1574 807 1628 lib.
846 1588 899 1638 ιι,
917 1587 1039 1642 cap.
1071 1573 1142 1626 62
1164 1579 1217 1627 et
1249 1588 1388 1644 seq.,
1415 1573 1482 1628 de
1513 1588 1622 1644 quo
1652 1574 1820 1627 multa

255 1683 423 1724 sacrae
444 1666 898 1736 litterae,insignis
923 1666 1014 1721 ille
1039 1666 1331 1733 quidemet
1366 1663 1461 1718 Dei
1485 1680 1608 1718 cum
1637 1664 1821 1735 Moyse

1933 471 2112 539 tibus;
2141 487 2265 526 cum
2292 486 2422 526 vero
2449 471 2779 526 transissent
2801 468 3010 525 Hebraei
3035 484 3147 524 non
3173 471 3378 536 subito,
3404 471 3499 526 sed

1931 564 2134 618 sensim
2184 562 2476 626 detumuit,
2513 569 2568 618 et
2622 560 2866 628 deﬂuxit,
2911 575 2980 615 ne
3024 561 3172 631 ripas
3195 571 3248 615 et
3276 577 3501 635 campos

1929 655 2218 721 obrueret;
2267 655 2452 720 tertio,
2489 653 2546 708 in
2589 653 2726 708 mari
2767 652 3040 708 submersi
3071 662 3199 708 sunt
3230 652 3494 725 Egyptii.

1930 746 2112 801 nullus
2140 760 2267 800 vero
2293 760 2508 800 mersus
2542 751 2626 800 est
2660 745 2716 799 in
2744 741 3012 810 Iordane;
3040 751 3255 813 quarto,
3283 746 3336 798 in
3363 745 3498 800 mari

1929 836 2072 892 Deus
2100 838 2326 892 immisit
2360 846 2602 904 ventum,
2636 836 2702 890 ad
2741 834 2968 890 fundum
2995 835 3247 889 limosum
3282 836 3498 891 siccan-

1928 930 2076 993 dum,
2101 931 2155 984 id
2181 945 2310 986 vero
2332 945 2440 986 non
2472 929 2600 985 fecit
2630 929 2684 984 in
2716 927 2974 993 Iordane,
2999 928 3129 998 quia
3159 928 3278 998 ejus
3309 929 3497 984 alveus

1927 1032 2012 1078 εει
2044 1038 2272 1092 parvus,
2300 1031 2355 1078 ει
2387 1037 2674 1078 arenosus.

1995 1112 2155 1180 lbid.,
2208 1115 2305 1170 lin.
2363 1115 2414 1169 7.
2479 1116 2606 1168 Ἐπὶ
2633 1115 2748 1182 τὴν
2782 1113 3022 1182 Ἰεριχώ.
3051 1112 3321 1184 Iosephus
3343 1113 3496 1168 Anti-

1924 1206 2054 1275 quit.
2088 1205 2182 1259 lib.
2222 1221 2298 1270 tv,
2337 1220 2458 1276 cap.
2487 1207 2520 1260 5
2546 1225 2558 1260 :
2594 1205 2754 1268 Πόλις
2775 1203 2830 1256 δέ
2858 1206 3001 1256 ἐστιν
3029 1203 3294 1274 εὐδαίμων
3335 1204 3494 1276 αὕτη,

1925 1296 2171 1366 φοίνικάς
2213 1315 2272 1350 τε
2304 1297 2487 1368 φέρειν
2544 1296 2743 1368 ἀγαθὴ,
2773 1297 2865 1348 καὶ
2899 1295 3172 1366 βάλσαμον
3199 1295 3493 1367 νεμομένη.

1923 1387 2177 1459 Ejusdem
2236 1390 2646 1460 topographiam
2700 1388 2869 1444 habes
2926 1388 3069 1458 apud
3116 1394 3363 1444 eumdem
3417 1387 3494 1444 De

1924 1481 2054 1537 bello
2075 1481 2204 1537 Jud.
2239 1483 2273 1537 l.
2295 1499 2349 1548 v,
2381 1498 2434 1539 c.
2472 1481 2574 1545 9.6;
2604 1480 2912 1535 Brocardus
2963 1480 3261 1535 monachus
3306 1481 3361 1534 in
3395 1479 3492 1534 Be-

1922 1573 2201 1641 scriptione
2248 1571 2422 1626 Terra:
2446 1580 2645 1626 sanctae
2681 1589 2699 1624 :
2733 1570 2867 1625 Item
2903 1587 2937 1623 a
2962 1568 3184 1641 Galgala
3221 1585 3310 1638 per
3334 1587 3490 1626 unam

1923 1665 2122 1718 leucam
2147 1675 2331 1719 contra
2364 1667 2614 1719 orientem
2645 1673 2721 1718 est
2751 1665 2857 1718 sita
2885 1661 3119 1728 Iericho,
3149 1665 3332 1718 civitas
3367 1664 3492 1720 olim

253 1759 561 1830 colloquiis,
593 1769 639 1812 et
663 1759 795 1814 locis
827 1758 928 1828 piis
978 1759 1262 1827 sacrisque
1293 1757 1362 1812 ad
1395 1758 1540 1811 hunc
1561 1757 1702 1812 diem
1725 1755 1822 1810 lio-
1853 1726 1894 1784 Β
1923 1757 2154 1826 famosa,
2206 1774 2344 1812 nunc
2398 1766 2572 1811 autem
2602 1755 2755 1810 habet
2784 1765 2899 1810 octo
2939 1755 3149 1822 domos,
3181 1756 3267 1809 vix
3306 1773 3492 1811 nomen

255 1851 525 1914 rentibus,
564 1865 666 1904 nec
695 1865 802 1904 non
832 1851 1030 1904 nobilis
1059 1850 1197 1904 divae
1228 1849 1532 1904 Catberinae
1569 1864 1816 1920 corpore,

252 1949 312 1997 et
343 1943 571 1996 aliorum
598 1950 910 1995 sanctorum
946 1941 1162 1996 duobus
1214 1939 1592 1996 cacuminibus
1627 1941 1820 1995 divisis

251 2038 489 2106 assurgit
522 2035 696 2090 solido
721 2051 877 2098 saxo,
901 2042 954 2089 et
982 2036 1256 2089 variorum
1281 2036 1521 2089 colorum
1551 2036 1816 2105 granulis,

250 2145 376 2203 quae
417 2129 660 2183 diversas
701 2129 902 2199 ﬁguras
935 2126 1174 2182 elﬁciunt
1220 2125 1499 2191 distincto,
1552 2127 1819 2182 excelsior

253 2237 383 2294 pars
422 2237 622 2276 nomen
679 2220 850 2287 Sinai,
885 2219 1197 2290 depressior
1245 2216 1424 2274 lioreb
1456 2226 1704 2289 occupat.
1757 2215 1816 2272 ln

252 2314 434 2369 Horcb
465 2312 636 2384 Moysi
675 2312 762 2367 lex
791 2313 938 2379 data,
975 2312 1030 2366 in
1061 2325 1172 2382 quo
1209 2318 1263 2365 et
1295 2311 1470 2366 adhuc
1500 2311 1555 2364 in
1583 2326 1818 2366 marmo-

252 2419 347 2460 reo
375 2403 551 2473 lapide
600 2401 800 2473 Moysis
841 2400 1040 2472 eﬂigies
1085 2401 1420 2471 conspicitur
1442 2399 1510 2454 ad
1553 2401 1814 2456 amussim

252 2495 540 2564 impreSsa.
578 2494 631 2547 In
665 2492 795 2547 Sina
825 2507 1024 2562 corpus
1066 2500 1268 2547 sanctae
1299 2490 1606 2546 Catberina:
1628 2491 1696 2545 ab
1718 2506 1816 2546 an-

251 2588 386 2658 gelis
413 2587 754 2656 deportatum
784 2591 887 2650 est,
919 2584 1061 2655 quod
1092 2598 1385 2655 progressu
1413 2583 1671 2652 temporis
1697 2597 1814 2636 mo-

249 2679 410 2734 nachi
437 2677 638 2732 montis
669 2676 867 2730 accola;
893 2676 950 2728 in
978 2677 1141 2729 imam
1171 2685 1380 2744 partem
1405 2673 1604 2727 montis
1635 2671 1814 2728 Horeb

249 2772 606 2842 deportarunt
655 2779 714 2824 ut
741 2777 918 2823 tutum
975 2769 1044 2822 ab
1086 2766 1337 2822 hostibus
1381 2772 1808 2820 conservarent:

247 2866 423 2919 multa
450 2871 578 2920 sunt
613 2863 668 2917 in
700 2863 803 2916 hoc
847 2869 1031 2916 monte
1072 2857 1411 2914 admirabilia
1451 2857 1544 2912 illa
1571 2857 1810 2928 quidem,

249 2958 594 3026 maximaque
630 2970 736 3008 non
778 2953 997 3024 indigna
1041 2950 1532 3006 animadversione.
1573 2949 1699 3005 Haec
1737 2951 1813 3004 le-

245 3058 370 3103 ctor
410 3049 505 3103 tibi
558 3048 900 3103 communico
959 3053 1088 3116 typo
1131 3045 1353 3111 montis,
1403 3059 1563 3114 quem
1618 3044 1747 3097 olim
1779 3057 1808 3095 a
1838 3080 1878 3137 Ο

245 3141 532 3195 monachis
569 3140 694 3194 inde
730 3137 957 3193 Romam
989 3137 1329 3192 venientibus
1356 3136 1562 3206 accepi,
1593 3141 1647 3190 et
1676 3135 1809 3188 alio-

243 3250 370 3288 rum
410 3233 742 3296 testimonio,
787 3231 880 3301 qui
920 3231 1038 3286 loca
1068 3231 1157 3284 illa
1200 3230 1519 3292 inviserunt,
1569 3230 1808 3299 apprime

244 3325 391 3389 ﬁdo;
439 3325 557 3379 loca
594 3323 1046 3394 quemadmodum
1092 3323 1176 3376 his
1216 3322 1548 3392 temporibus
1595 3336 1808 3375 nuncu-

241 3426 445 3485 pantur
478 3414 532 3467 in
570 3414 717 3469 calce
747 3410 992 3483 exposui.

315 3503 481 3567 lbid.,
514 3503 609 3556 lin.
645 3503 732 3557 57.
779 3503 922 3569 Hap’
949 3493 997 3567 ᾧ
1035 3500 1142 3568 τὰς
1169 3499 1545 3570 νομοθεσίας.
1573 3498 1806 3555 Crassus

241 3612 402 3651 error
456 3594 744 3649 Alexandri
800 3593 1177 3664 Polyhistoris,
1225 3593 1317 3662 qui
1369 3594 1462 3655 ait,
1507 3593 1648 3662 apud
1702 3592 1806 3646 lle-

241 3688 421 3744 braaos
459 3687 740 3740 mulierem
779 3681 1065 3752 quamdam
1110 3680 1274 3752 μωσὼ
1311 3680 1502 3745 fuisse,
1535 3696 1656 3752 qua:
1686 3697 1802 3736 eam

240 3779 416 3849 legem
457 3775 696 3844 scripsit,
732 3787 838 3842 qua
885 3769 1059 3825 Iudaei
1108 3779 1357 3834 utuntur,
1397 3771 1501 3824 hoc
1550 3777 1634 3826 est
1693 3769 1805 3824 Mo-

240 3871 445 3924 saicam
471 3867 637 3935 legem
668 3862 978 3918 Iudaeorum
1018 3875 1127 3914 non
1157 3875 1188 3912 a
1208 3859 1411 3930 Moyse,
1434 3873 1592 3926 quem
1625 3858 1803 3912 nullus

240 3959 327 4013 vel
357 3958 424 4013 de
453 3958 607 4027 plebe
645 3955 922 4015 minimus,
973 3953 1064 4023 qui
1101 3950 1317 4021 quidem
1355 3949 1569 4004 Iudaeos
1599 3960 1800 4012 nosset,

240 4053 498 4122 ignorare
529 4049 722 4119 potuit,
754 4049 851 4105 sed
880 4048 949 4103 ab
990 4047 1094 4100 hac
1126 4045 1355 4099 muliere
1382 4043 1580 4096 dictam
1611 4043 1799 4097 fuisse.

309 4141 472 4209 lbid.,
512 4143 607 4198 lin.
647 4142 740 4198 40.
788 4140 1086 4210 Ζητητέον
1121 4137 1189 4192 δὲ
1224 4140 1278 4190 οὶ
1305 4136 1356 4192 ἐ.
1387 4134 1549 4189 Plura
1599 4135 1666 4189 de
1703 4135 1802 4188 hac

237 4235 635 4298 controversia,
684 4243 738 4289 et
791 4249 1054 4289 annorum
1109 4231 1500 4302 supputatione
1546 4227 1802 4281 eruditis-

237 4331 378 4384 sime
426 4329 615 4383 scribit
661 4326 912 4380 Pererius
953 4327 1007 4378 in
1044 4342 1160 4394 cap.
1221 4341 1289 4379 xv
1353 4321 1532 4376 Cenes.
1585 4321 1639 4374 in
1696 4336 1800 4390 qua

1923 1851 2062 1904 villa:
2099 1851 2312 1905 sortita.

1991 1940 2151 2006 lbid.,
2183 1943 2280 1996 lin.
2318 1943 2403 1996 14.
2448 1940 2557 1996 Καὶ
2585 1940 2752 1994 πᾶσα
2794 1938 2874 2004 τῷ
2922 1939 3136 2007 Κυρίῳ.
3191 1937 3486 2008 Iosephus.

1918 2034 2095 2106 Antiq.
2135 2035 2229 2088 lib.
2258 2050 2312 2098 v,
2347 2049 2468 2105 cap.
2501 2035 2526 2087 1
2563 2035 2860 2104 εἈπειρον
2886 2031 2941 2084 δέ
2980 2049 3034 2084 τι
3064 2031 3264 2101 πλῆθος
3298 2034 3362 2084 ἐκ
3389 2031 3490 2100 τῆς

1916 2123 2167 2188 ἁλώσεως
2193 2122 2599 2196 συναθροίζεται
2638 2122 2876 2196 ἀργύρου
2918 2139 2978 2176 τε
3009 2121 3104 2175 καὶ
3135 2120 3356 2193 χρυσοῦ.
3394 2122 3488 2174 καὶ

1917 2214 2138 2285 προσέτι
2171 2215 2391 2284 χαλκοῦ,
2439 2213 2663 2286 μηδενὸς
2695 2213 3039 2285 παραϐάντος
3075 2212 3144 2268 τὰ
3192 2212 3488 2283 δεδογμένα

1918 2304 2039 2376 μηδ’
2097 2305 2176 2367 είς
2219 2305 2349 2358 ἰδίαν
2395 2304 2660 2374 ὠφέλειαν
2699 2305 2836 2359 αὐτὰ
2883 2303 3345 2376 διαπερσαμένων.
3377 2305 3486 2357 Καὶ

1913 2395 2088 2449 ταῦτα
2123 2396 2219 2466 μὲν
2253 2395 2458 2468 Ἰησοῦς
2491 2399 2602 2460 τοῖς
2635 2395 2867 2468 ἱερεῦσιν
2912 2398 2990 2460 εἰς
3025 2397 3152 2459 τοὺς
3177 2394 3483 2466 θησαυροὺς

1914 2487 2245 2558 παραδίδωσι
2275 2488 2626 2542 καταθέσθαι.

1981 2577 2142 2643 lbid.,
2177 2579 2275 2633 lin.
2309 2579 2394 2634 15.
2434 2579 2552 2647 Τὴν
2579 2581 2758 2633 πόλιν
2791 2580 2950 2633 Οὐατ.
2989 2577 3129 2634 Fuse
3157 2578 3270 2634 ιιιεο
3301 2577 3481 2632 omnia

1912 2669 2261 2744 prosequitur
2284 2667 2576 2740 Iosephus,
2603 2671 2802 2739 Antiq.,
2835 2668 2955 2723 loco
2988 2669 3042 2723 d.

1981 2758 2141 2824 lbid.,
2163 2759 2258 2814 lin.
2276 2757 2366 2814 21.
2390 2763 2452 2813 Οἱ
2480 2759 2546 2812 δὲ
2579 2757 2961 2812 Γαϐαωνῖται.
2979 2757 3175 2814 Eadem
3205 2758 3364 2814 habet
3385 2756 3479 2811 Io-

1914 2849 2142 2919 sephus,
2172 2850 2341 2904 latius
2373 2857 2552 2906 tamen
2585 2866 2646 2905 ea
2674 2859 2882 2905 narrat.

1980 2939 2142 3008 lbid.,
2169 2941 2265 2997 lin.
2290 2943 2379 2998 40.
2400 2944 2724 3012 Ὀρτισθεὶς
2748 2942 2836 2998 δέ.
2863 2940 3062 2996 Eadem
3073 2941 3341 3013 Iosephus
3362 2941 3480 2996 loco

1912 3029 2078 3086 dicto.

1980 3120 2142 3186 lbid.,
2163 3123 2260 3177 lin.
2283 3123 2370 3179 52.
2399 3123 2609 3179 ἰναὸὲ
2627 3123 2852 3178 τέλεον.
2876 3122 3176 3195 Iosephus:
3197 3123 3363 3178 Ἔνθα
3388 3125 3478 3178 καὶ

1907 3213 2005 3284 τὴν
2036 3214 2129 3266 τοῦ
2163 3214 2295 3268 Θεοῦ
2315 3217 2634 3286 συνεργείαν
2664 3215 2884 3287 ἔμαθεν,
2906 3217 3274 3288 ἐπιμήναντος
3302 3215 3474 3269 αὑτοῦ

1909 3306 2151 3377 βρονταῖς
2180 3324 2236 3360 τε
2265 3307 2359 3360 καὶ
2386 3308 2668 3377 κεραυνῶν
2699 3309 2911 3377 ἀφέσει,
2937 3309 3028 3361 καὶ
3050 3308 3290 3380 χαλάζης
3313 3327 3479 3362 κατα-

1907 3400 2044 3470 φορᾷ
2066 3397 2305 3468 μείζονος
2326 3399 2426 3468 τῆς
2454 3398 2862 3470 συνήθους.Ἔτι
2886 3416 2949 3467 γε
2978 3401 3082 3470 μὴν
3113 3401 3206 3452 καὶ
3225 3401 3322 3471 τὴν
3344 3402 3477 3472 ήμέ-

1908 3507 2004 3562 ραν
2029 3489 2324 3560 αὐξηθῆναι
2353 3489 2532 3556 πλέον,
2556 3491 2701 3543 ὠσὰν
2738 3488 2809 3562 μὴ
2832 3491 3206 3544 καταλαϐοῦσα
3231 3492 3326 3558 νὺξ
3357 3494 3474 3545 ἐπι-

1907 3584 2050 3652 σχεῖν
2083 3581 2178 3651 τὴν
2206 3581 2316 3635 τῶν
2340 3581 2603 3654 Ἐϐραίων
2634 3583 2942 3655 προθυμίαν
2968 3583 3277 3638 συνέπεσεν.
3313 3584 3471 3636 Ὥστε

1905 3676 1997 3727 καὶ
2029 3673 2288 3744 λαμϐάνει
2333 3674 2433 3727 οὐκ
2464 3673 2718 3743 βασιλέας
2761 3674 2965 3744 Ἰησοῦς
2996 3674 3052 3727 ἓν
3099 3692 3203 3727 τινι
3234 3691 3468 3744 κρυπτο-

1905 3764 2096 3835 μένους
2127 3764 2376 3835 σπηλαίῳ
2402 3763 2541 3817 κατὰ
2568 3763 2840 3834 Μακχιδὰ,
2865 3763 2960 3818 καὶ
2996 3762 3210 3828 κολάζει
3245 3763 3468 3825 πάντας.

1905 3857 2025 3908 Ὅτι
2065 3856 2121 3909 δὲ
2151 3856 2211 3908 τὸ
2243 3857 2414 3926 μῆκος
2451 3854 2550 3923 τῆς
2592 3855 2805 3924 ἡμέρας
2844 3853 3082 3907 ἐπέδωκε
3114 3854 3232 3906 τότε
3258 3853 3352 3906 καὶ
3377 3854 3469 3906 τοῦ

1905 3948 2168 4018 συνήθους
2209 3947 2500 4000 ἐπλεόνασε
2533 3945 2784 4017 δηλοῦται
2825 3945 2910 3999 διὰ
2959 3944 3066 3998 τῶν
3103 3944 3468 4016 ἀνακειμένων

1903 4039 1958 4092 ἐν
1979 4038 2055 4109 τῷ
2085 4037 2214 4110 ἱερῷ
2251 4038 2612 4110 γραμμάτων.

1970 4131 2130 4194 lbid.,
2185 4132 2279 4185 lin.
2309 4131 2396 4184 54.
2434 4128 2672 4196 Στήσας
2711 4129 2816 4183 τὸν
2848 4129 3042 4197 ἥλιον.
3075 4128 3313 4185 Ioannes
3355 4129 3462 4183 Ke-

1903 4223 2083 4293 plerus
2116 4224 2171 4277 in
2205 4222 2606 4277 introductione
2635 4222 2702 4276 ad
2737 4236 2892 4276 suam
2932 4222 3324 4276 Astronomiam
3368 4239 3461 4274 no-

1901 4334 2036 4378 vam,
2060 4325 2117 4369 ut
2157 4317 2408 4384 probaret
2450 4323 2650 4369 terram
2680 4315 2905 4377 moveri,
2926 4315 3095 4369 solem
3113 4322 3280 4377 stare,
3312 4314 3463 4376 dicit,

238 4421 479 4489 reliquas
523 4419 751 4472 aliorum
797 4417 1092 4471 sententias
1131 4413 1491 4469 examinanda
1522 4412 1600 4465 uti
1637 4411 1799 4465 falsas
1833 4424 1874 4476 ι)
1903 4409 2143 4478 quotidie
2176 4423 2271 4461 nos
2298 4407 2467 4460 multa
2503 4406 2648 4476 loqui
2679 4421 2800 4459 cum
2830 4407 3109 4460 oculorum
3136 4422 3321 4470 sensu,
3345 4422 3464 4476 quin

233 4523 288 4568 et
343 4511 409 4566 ad
456 4509 822 4565 dillicultatem
861 4509 967 4562 loci
1009 4508 1156 4562 illius
1205 4503 1579 4576 eXplicandam
1611 4517 1802 4574 parum

235 4609 462 4663 idoneas
502 4607 716 4670 refellit,
761 4615 815 4659 et
860 4607 1003 4659 hanc
1032 4603 1207 4659 nostri
1239 4603 1482 4658 auctoris
1512 4602 1589 4656 uti
1629 4601 1802 4672 legiti-

234 4703 450 4764 timam,
496 4713 788 4767 veramque
833 4696 1094 4759 defendit,
1141 4696 1333 4750 solidis
1386 4693 1707 4750 rationibus.
1749 4700 1802 4746 et

233 4800 552 4847 sanctorum
606 4789 823 4844 Patrum
875 4787 1293 4842 auctoritatibus
1349 4783 1615 4839 adductis.
1665 4780 1800 4835 Vide

233 4885 397 4938 etiam
429 4881 856 4948 Genebrardum,
887 4888 940 4934 et
975 4879 1210 4933 Delrium
1254 4878 1308 4930 in
1337 4893 1451 4946 cap.
1489 4891 1558 4929 xv
1612 4872 1792 4927 Gencs.

299 4974 420 5028 Col.
453 4973 572 5037 792,
617 4974 713 5027 lin.
760 4972 812 5027 3.
863 4970 965 5025 Διὰ
991 4970 1096 5024 τοῦ
1119 4967 1440 5038 Ἰορδάνου.
1469 4966 1792 5021 Divisionem

235 5071 405 5121 maris
435 5064 605 5119 Rubri
645 5073 879 5134 quatuor
913 5062 1220 5116 rationibus
1241 5059 1558 5115 dissimilem
1595 5073 1624 5110 a
1653 5057 1794 5110 divi-

235 5156 393 5211 sione
439 5155 542 5209 hac
580 5167 843 5223 aquarum
898 5149 1153 5205 Iordanis
1203 5148 1372 5202 tradit
1428 5145 1714 5200 Cornelius
1764 5158 1794 5197 a

234 5245 438 5317 Lapide
467 5247 521 5299 in
548 5261 640 5300 xxv
669 5260 784 5313 cap.
813 5240 985 5298 Exod.
1007 5240 1227 5294 :Primo
1257 5240 1311 5293 in
1330 5253 1395 5293 eo
1416 5235 1560 5308 quod
1596 5235 1794 5290 divisio

233 5339 404 5392 maris
449 5337 591 5392 facta
633 5345 716 5392 est
748 5351 845 5406 per
878 5334 1114 5405 Moysem
1159 5329 1540 5386 extendentem
1573 5327 1629 5380 in
1660 5325 1791 5380 illud

233 5445 388 5485 suam
445 5430 685 5499 virgam;
718 5427 913 5481 divisio
958 5441 1085 5480 vero
1113 5422 1370 5477 Iordanis
1412 5420 1553 5473 facta
1585 5427 1668 5474 est
1697 5434 1791 5487 per

234 5521 576 5592 praesentiam
623 5535 762 5577 arcae
800 5517 1049 5582 Domini;
1084 5513 1346 5575 secundo,
1379 5513 1435 5566 in
1485 5511 1620 5565 mari
1653 5509 1790 5563 divi-

234 5631 307 5670 sae
339 5629 492 5684 aquae
516 5612 769 5682 utrinque
793 5611 948 5681 quasi
978 5608 1117 5663 muri
1158 5605 1550 5666 constiterunt;
1597 5602 1650 5656 in
1675 5599 1792 5655 Ior-

233 5709 369 5769 ilane
411 5721 540 5764 vero
577 5705 800 5761 inferior
825 5718 951 5775 pars
991 5699 1210 5759 deﬂuxit
1235 5700 1286 5753 in
1315 5711 1463 5751 mare
1494 5693 1784 5760 Mortuum,

1905 4508 2054 4554 certo
2081 4500 2285 4554 scimus
2314 4499 2471 4553 aliter
2505 4513 2563 4554 se
2594 4498 2791 4553 habere
2821 4516 2835 4562 ;
2867 4506 2920 4553 et
2950 4498 3092 4553 hunc
3137 4497 3355 4552 modum
3384 4497 3462 4550 ln~

1903 4591 2102 4662 qucndi
2137 4592 2300 4646 etiam
2332 4605 2452 4644 esse
2478 4588 2716 4654 Christo,
2744 4596 2797 4643 et
2821 4589 3017 4643 divina:
3045 4589 3339 4657 Scriptura:
3381 4588 3463 4641 fa-

1901 4683 2195 4748 miliarem;
2228 4683 2534 4752 loquuntur.
2556 4683 2700 4735 enim
2726 4695 2847 4735 cum
2876 4678 3189 4734 hominibus
3224 4679 3463 4733 humano

1901 4775 2082 4842 modo,
2113 4785 2172 4829 ut
2197 4775 2264 4828 ab
2288 4773 2602 4828 hominibus
2630 4771 3021 4841 percipiantur,
3056 4779 3111 4824 et
3135 4778 3360 4826 utuntur
3394 4772 3461 4825 iis

1901 4883 2020 4936 qua:
2047 4877 2174 4923 sunt
2205 4865 2345 4936 apud
2373 4866 2617 4919 homines
2647 4864 2703 4918 in
2730 4863 3002 4926 confesso,
3034 4862 3099 4916 ad
3133 4863 3458 4917 insinuanda

1899 4961 2004 5013 alia
2060 4959 2376 5014 sublimiora
2418 4967 2470 5012 et
2502 4957 2706 5021 divina,
2737 4963 2790 5010 et
2823 4955 3085 5025 exemplis
3107 4969 3272 5010 sacrae
3311 4952 3462 5009 Scri-

1897 5057 2068 5118 ptura:
2103 5050 2478 5104 demonstrare
2524 5055 2788 5112 conatur;
2818 5047 2958 5101 inter
3007 5061 3069 5100 ea
3125 5046 3198 5098 ita
3229 5046 3459 5115 explicat

1899 5141 2042 5196 hunc
2085 5141 2287 5202 locum,
2317 5149 2374 5192 ut
2398 5140 2578 5208 potius
2609 5138 2944 5193 contrarium
2968 5151 3089 5192 esse
3113 5136 3346 5206 quisque
3369 5135 3453 5190 in—

1895 5233 2132 5302 telligat;
2172 5232 2446 5286 concludit
2483 5231 2629 5286 enim
2661 5240 2792 5284 tunc
2825 5238 3025 5284 terram
3062 5230 3300 5290 stetisse.
3333 5245 3454 5301 qua.

1892 5324 2114 5394 perenni
2145 5333 2292 5377 motu
2333 5324 2670 5387 movebatur,
2702 5338 2810 5376 non
2853 5322 2980 5375 item
3037 5322 3228 5377 solem.
3276 5319 3452 5376 Verba

1891 5416 2009 5486 ejus
2039 5424 2165 5471 sunt
2191 5435 2204 5469 :
2241 5414 2421 5467 Facile
2455 5424 2626 5468 autem
2650 5414 2788 5467 Deus
2827 5430 2890 5467 ea:
2919 5412 3082 5467 Josue
3129 5411 3452 5482 verbis,qui.£

1892 5509 1936 5562 is
1971 5508 2138 5568 vellet.
2177 5507 2437 5560 intellexit
2472 5522 2490 5559 :
2516 5506 2860 5575 praestititque
2897 5504 3113 5559 inhibito
3156 5514 3299 5558 motu
3343 5514 3449 5558 ter-

1891 5617 1983 5666 rm,
2019 5611 2072 5652 ut
2111 5600 2192 5654 illi
2216 5609 2359 5654 stare
2385 5599 2642 5652 videretur
2665 5599 2764 5652 sol.
2800 5598 3078 5652 Petilianis
3103 5599 3238 5651 enim
3271 5595 3450 5649 losum

1891 5708 2096 5746 summa
2148 5691 2244 5744 huc
2271 5690 2496 5756 redibat,
2527 5699 2584 5742 ut
2636 5690 2731 5744 hoc
2785 5691 2859 5744 sic
2912 5688 3014 5744 sibi
3056 5688 3218 5742 videri
3253 5696 3446 5756 posset,
