3968 6914
498 280 634 335 1063

1804 269 2047 326 LEONIS
2087 268 2364 324 ALLATH

3571 256 3707 313 {06‘

491 393 743 466 Quidquid
773 395 981 447 interim
1015 404 1184 458 esset;
1212 394 1398 463 quippe
1429 391 1523 444 hoc
1563 389 1725 443 videri
1750 403 1961 451 uanum,
2003 393 2054 440 et
2081 401 2128 453 Α
2154 383 2244 438 ubi
2312 380 2615 451 prodigiosa
2675 376 2985 466 Adargartis
3045 372 3320 466 [emendat
3374 368 3716 466 Ramires‘ius

493 489 700 540 irritum
725 502 826 538 non
853 484 976 554 fuit,
1017 484 1106 539 sed
1138 484 1472 554 conjunctum
1507 498 1622 534 cum
1644 480 1826 549 eﬁ'ertu
1853 487 2048 548 optato.

495 577 637 631 Dura
670 592 801 632 sane
849 577 1156 630 divinarum
1184 577 1488 630 litterarum
1537 571 1824 641 expositio,
1859 578 1914 623 et
1940 568 2052 623 dis-

495 677 666 737 torta;
720 670 970 739 quamvis
1025 669 1169 724 enim
1235 669 1516 730 sciamus,
1577 665 1876 734 saepissime
1938 676 2052 723 eas,

497 775 648 815 more
677 761 952 814 hominum
983 761 1152 813 multa
1184 759 1451 830 proferre,
1478 773 1600 828 quin
1645 755 1800 808 aliter
1831 767 1953 807 esse
1998 765 2057 804 re

499 861 646 908 certa
695 853 1077 922 comperimus,
1131 859 1309 904 tamen
1344 849 1613 904 sententia
1653 860 1865 914 semper
1903 843 2055 897 ﬁrma

500 949 792 1020 ﬁgurarum
833 963 895 1000 ac
928 946 1261 1001 schematum
1288 943 1476 999 modos
1501 941 1845 1012 exponimus,
1870 938 2056 1005 sicque

499 1042 662 1096 rebus
689 1054 809 1095 esse
841 1036 1232 1092 conformatam
1255 1032 1732 1104 deprehendimus,
1761 1039 1816 1082 at
1838 1029 1892 1082 in
1925 1043 2057 1081 con-

499 1133 724 1186 trarium
754 1146 972 1186 sensum
1004 1130 1324 1197 detorquere
1347 1128 1468 1196 quis
1495 1140 1639 1180 sanae
1663 1123 1861 1178 mentis
1887 1119 2054 1174 aude-

495 1223 610 1278 bit?
643 1223 733 1277 Sol
763 1229 890 1285 stat,
928 1221 979 1275 id
1007 1227 1111 1282 est,
1135 1229 1280 1273 terra
1309 1224 1435 1282 stat,
1471 1217 1592 1286 quis
1636 1215 1689 1269 id
1713 1212 1928 1268 credet?
1958 1209 2058 1264 Sa-

495 1316 722 1372 nissima
748 1329 961 1383 semper
990 1319 1300 1366 sanctorum
1338 1309 1560 1362 Patrum
1592 1306 1877 1376 expositio,
1895 1319 2056 1373 quam

498 1410 641 1464 sicut
684 1413 736 1459 et
788 1406 842 1458 in
893 1405 1016 1470 hoc,
1044 1403 1115 1456 ita
1138 1408 1192 1455 et
1227 1400 1280 1453 in
1313 1399 1436 1453 aliis
1469 1411 1681 1453 summa
1713 1394 2057 1450 veneratione

499 1497 896 1566 amplectimur.

567 1589 682 1644 Col.
711 1589 832 1649 794,
869 1588 964 1640 lin.
997 1587 1046 1640 7.
1089 1584 1276 1652 Ἀσὼρ
1305 1581 1372 1636 δὲ
1407 1585 1439 1636 ὀ
1461 1582 1566 1646 βα.
1589 1579 1662 1634 De
1689 1579 1774 1633 his
1803 1578 2057 1632 omnibus

496 1678 617 1732 vide
640 1677 933 1746 Josephum
977 1677 1122 1729 dicto
1157 1675 1276 1728 loco
1302 1690 1316 1738 ;
1347 1672 1413 1727 de
1443 1671 1710 1726 divisione
1735 1677 1891 1724 terra:
1916 1667 2059 1721 Cha-

2156 466 2464 540 Adargatis]
2499 467 2699 521 Graecis
2738 476 2910 518 autem
2942 462 3163 516 Derecto
3191 461 3334 513 dicta
3361 459 3577 513 colitur.
3615 456 3721 511 Sa-

2153 567 2378 628 natque,
2405 564 2465 611 ut
2521 556 2640 625 ipse
2694 552 2988 614 existimat,
3017 551 3197 603 locum
3223 546 3369 602 Petri
3397 544 3594 600 Criniti
3625 544 3718 596 lib.

2155 663 2245 702 xxv
2307 645 2385 699 De
2455 643 2674 698 honesta
2720 641 2930 707 discip.,
2979 653 3096 707 cap.
3142 635 3210 699 8,
3287 633 3569 704 Syriarum
3624 631 3724 684 dea

2155 739 2461 811 Adagartis,
2511 731 2772 789 mutando
2815 733 2870 785 in
2919 729 3223 800 Adargatis.
3270 725 3402 792 Quae
3450 721 3723 777 correctio

2155 832 2404 904 quamvis
2457 835 2638 892 acuta,
2684 825 2846 880 nimis
2891 839 3022 880 sane
3066 821 3448 892 superstitiosa
3480 815 3721 870 videtur.

2157 923 2247 978 Sic
2294 923 2437 978 enim
2467 928 2646 976 textus
2680 933 2868 973 omnes
2912 917 3256 986 antiquorum
3307 919 3493 967 essent
3541 910 3720 963 inver-

2156 1016 2327 1080 tendi,
2367 1021 2427 1069 ut
2481 1028 2649 1068 unum
2705 1011 2791 1066 vel
2829 1010 3059 1065 alterum
3107 1006 3546 1069 emendaremus,
3596 1016 3724 1055 cum

2157 1113 2337 1159 tamen
2372 1102 2518 1157 nulla
2546 1101 2852 1156 necessitas
2905 1107 3116 1168 urgeat.
3168 1095 3366 1150 Demus
3396 1093 3544 1149 enim
3582 1091 3727 1161 apud

2158 1195 2344 1268 Syrios
2375 1194 2659 1262 Adardaga
2690 1192 2795 1246 dici
2821 1192 3044 1261 piscem,
3078 1187 3270 1242 ideone
3293 1194 3346 1240 et
3385 1187 3523 1238 hanc
3562 1185 3728 1238 deam

2155 1289 2230 1341 ita
2276 1293 2642 1356 nuncupatam
2693 1281 3109 1344 aiﬁrmabimus,
3142 1277 3290 1331 nulla
3331 1276 3527 1338 littera,
3571 1273 3727 1328 nulla

2157 1379 2362 1450 syllaba
2416 1376 2740 1432 immutata?
2789 1373 2892 1428 Sed
2937 1379 3055 1427 esto
3097 1371 3205 1435 ita;
3245 1368 3436 1424 ideune
3479 1375 3536 1421 et
3578 1364 3728 1435 apud

2156 1467 2392 1533 Graecos,
2430 1467 2544 1521 sive
2574 1466 2737 1520 etiam
2769 1462 3044 1517 Romanos
3073 1462 3223 1530 ipsos
3251 1460 3327 1513 ita
3360 1458 3560 1513 debere
3593 1471 3730 1527 pro-

2158 1561 2398 1615 nuntiari
2441 1557 2783 1614 evincemur?
2831 1555 3005 1610 Verba
3048 1555 3187 1609 dura
3221 1568 3286 1607 ac
3325 1566 3516 1622 aspera
3551 1550 3733 1604 emol-

2156 1651 2296 1705 liunt
2331 1648 2524 1715 Graeci,
2559 1647 2918 1717 Romanique,
2951 1653 3006 1699 et
3053 1643 3337 1697 barbarica
3385 1643 3477 1694 illa
3520 1642 3575 1695 in
3605 1654 3731 1694 me-

496 1784 638 1822 naan
662 1731 916 1822 distincte
948 1767 1129 1820 omnia
1175 1765 1427 1834 leguntur
1460 1762 1514 1816 in
1545 1762 1717 1816 sacris
1760 1759 1997 1814 Litteris.
2076 1766 2118 1821 Β
2144 1747 2333 1800 liorem
2374 1743 2580 1814 frugem
2637 1741 2924 1834 reducufl‘:
2983 1736 3477 1834 Ρ⁰¹ίιίο¹ξίδυείίυθη
3504 1742 3566 1834 ιιξ
3615 1731 3731 1803 ίΡειί

569 1857 835 1920 lbid.,t|in.
855 1856 942 1910 45.
975 1853 1052 1923 Τῇ
1068 1853 1372 1922 Ἀστάρτῃ.
1393 1851 2058 1914 Astarte,vetustissunum

499 1949 668 2019 Syria:
721 1962 924 2001 numen
980 1945 1150 2000 fuisse
1189 1952 1340 1998 notat
1364 1943 1753 2006 Tertullianus,
1787 1940 2056 2010 Apologet.

497 2059 617 2114 cap.
640 2041 732 2106 24,
771 2039 1055 2111 Unicuique
1102 2039 1261 2093 etiam
1314 2037 1594 2106 provincia:
1623 2047 1670 2088 et
1705 2035 1904 2088 civitati
1933 2050 2059 2088 suus

499 2140 625 2190 deus
672 2145 771 2199 est,
821 2143 876 2186 ut
924 2132 1096 2202 Syriae
1140 2133 1400 2186 Astartes.
1429 2129 1806 2184 Artemidorus
1841 2127 2062 2183 Oneiro-

499 2232 621 2284 erit.
673 2229 770 2282 lib.
813 2242 850 2291 ι,
884 2241 984 2295 cap
1046 2225 1102 2289 9,
1146 2223 1355 2294 Ἰχθύας
1406 2222 1602 2284 πάντες
1650 2220 1884 2274 ἐσθίουσι
1924 2219 2060 2290 πλὴν

497 2321 684 2393 Σύρων
714 2321 875 2372 τινῶν
897 2317 1005 2370 τῶν
1048 2317 1143 2388 τὴν
1173 2317 1473 2387 Ἀστάρτην
1495 2313 1819 2384 σεϐομένων.
1838 2313 2062 2368 Constat

501 2426 565 2465 ex
591 2410 900 2476 Plutarcho.
934 2408 1101 2479 Syros
1143 2407 1353 2478 Syriam
1386 2405 1540 2460 deam
1592 2404 1849 2468 coluisse,
1904 2405 2062 2471 cujus

500 2503 606 2558 lilia
661 2519 784 2558 cum
830 2503 944 2556 haec
986 2501 1316 2563 crederetur,
1348 2499 1485 2554 nihil
1518 2498 1714 2552 mirum
1750 2498 1916 2569 Syros
1944 2512 2062 2551 eam

500 2595 752 2649 coluisse.
825 2591 1171 2646 Phoenicibus
1224 2599 1278 2646 et
1326 2591 1565 2646 Sidoniis
1628 2589 1719 2644 alii
1796 2590 2061 2643 tribuunt.

501 2687 735 2740 Achilles
769 2684 957 2738 Tatius
983 2685 1138 2737 initio
1163 2683 1258 2737 lib.
1289 2699 1303 2736 t
1346 2700 1360 2736 :
1393 2681 1654 2736 Ἐνταῦθα
1680 2698 1829 2752 ηκων
1850 2681 1914 2732 ἐκ
1941 2679 2067 2733 πολ-

500 2778 588 2831 λοῦ
625 2775 908 2847 χειμῶνος,
943 2773 1248 2845 Σώστρατε,
1286 2773 1438 2826 ἔθυον
1464 2774 1681 2844 ἐμαυτῷ
1713 2776 1776 2844 τῇ
1804 2771 1912 2826 τῶν
1943 2774 2065 2825 Φοι-

501 2869 679 2921 νίκωνο
723 2865 973 2919 καλοῦσιν
1019 2865 1187 2935 αὐτὴν
1227 2864 1522 2936 Ἀστάρτην
1555 2867 1602 2917 oi
1637 2863 1894 2918 Σιδώνιοι.
1942 2863 2065 2916 Sui--

500 2959 596 3012 das
631 2977 643 3012 :
679 2957 944 3026 Ἀστάρτη
981 2958 1014 3025 ἡ
1041 2955 1172 3026 παρ’
1193 2954 1444 3024 Ἕλλησιν
1476 2953 1756 3025 Ἀφροδίτη
1779 2953 2062 3024 λεγομένη,

499 3047 620 3112 Θεὸς
655 3047 939 3099 Σιδωνίων.
965 3043 1201 3099 Joannes
1228 3043 1536 3114 Xiphilinus
1567 3044 1814 3099 oratione
1843 3043 1916 3097 De
1938 3044 2064 3097 ado-

2161 1835 2500 1907 politissimis
2546 1840 2676 1889 sunt
2726 1831 3009 1894 moribus,
3069 1829 3410 1883 vestimentis
3464 1826 3734 1887 induunt.

2160 1938 2384 1982 accentu
2435 1926 2664 1988 scilicet,
2723 1937 2882 1987 sono,
2930 1921 3394 1992 pronuntiatione,
3450 1917 3731 1971 numeris.

2161 2019 2300 2086 Quid
2349 2018 2546 2072 mirum
2598 2017 2645 2071 si
2680 2015 2945 2087 Syrorum
2993 2011 3298 2081 Adardaga,
3333 2011 3386 2064 in
3422 2010 3733 2079 Atargatim

2161 2112 2376 2178 abierit,
2414 2108 2712 2182 przesertim
2769 2109 2842 2162 ita
2887 2107 3159 2162 scribente
3189 2103 3363 2158 Plinio
3393 2103 3515 2158 loco
3557 2103 3730 2166 dicto,

2163 2212 2216 2259 et
2246 2211 2372 2257 ante
2415 2217 2538 2257 eum
2570 2201 2838 2255 Strabone
2885 2200 2982 2252 lib.
3019 2212 3129 2259 xvt,
3158 2212 3224 2252 ex
3266 2210 3374 2266 quo
3404 2209 3507 2249 sua
3542 2194 3735 2248 habuit

2162 2296 2368 2351 Plinius
2388 2315 2401 2348 :
2419 2295 2763 2366 ’Υπέρκειται
2795 2293 2852 2346 δὲ
2881 2292 2972 2345 τοῦ
3001 2289 3244 2361 ποταμοῦ
3279 2289 3524 2359 σχοίνους
3546 2288 3734 2340 τέττα-

2167 2407 2263 2460 ρας
2297 2387 2544 2458 διέχουσα
2566 2388 2598 2458 ἡ
2620 2384 2902 2455 Βαμϐύκη,
2927 2385 2991 2454 ἣν
3027 2384 3120 2436 καὶ
3144 2382 3424 2443 Ἔδεσσαν,
3458 2382 3556 2434 καὶ
3583 2380 3733 2450 ἱερὰν

2164 2478 2316 2530 πόλιν
2367 2475 2641 2538 καλοῦσιν,
2687 2477 2744 2528 ὲν
2864 2473 3063 2544 τιμῶσι
3103 2474 3192 2526 τὸν
3220 2473 3414 2544 Συρίαν
3467 2470 3593 2524 Θεὸν
3637 2470 3734 2540 τὴν

2176 2568 2512 2640 Ἀταργάτιν,
2543 2583 2640 2621 nec
2665 2566 2919 2622 dissimili
2952 2568 3165 2620 ratione
3198 2580 3395 2619 nomen
3418 2565 3588 2618 etiam
3629 2563 3733 2633 ipsi

2163 2676 2231 2716 ex
2261 2660 2484 2732 Syriaco
2517 2659 2839 2726 deﬂectunt;
2874 2674 2940 2713 ex
2968 2657 3253 2727 Adardaga
3294 2671 3534 2725 namque
3565 2658 3730 2710 Atar-

2162 2753 2327 2822 gatim
2357 2751 2583 2815 faciunt,
2620 2751 2828 2805 meliori
2857 2765 2993 2806 sono
3031 2761 3192 2820 atque
3229 2749 3577 2803 formatione.
3617 2746 3733 2803 Nec

2165 2845 2270 2898 alia
2325 2845 2536 2899 ratione
2589 2845 2850 2908 voluisse,
2882 2845 2965 2898 vel
2998 2844 3238 2914 potuisse
3270 2843 3515 2897 scribere
3553 2841 3735 2897 Crini-

2166 2946 2303 3005 tum,
2351 2945 2405 2992 et
2461 2939 2620 3002 alios,
2653 2939 2745 3008 qui
2778 2939 2833 2992 in
2863 2938 2956 2993 illo
2988 2939 3167 3008 capite
3209 2938 3524 3001 laudantur,
3547 2937 3638 2991 vel
3665 2952 3734 2994 ex

2097 3027 2110 3040 ”
2167 3046 2232 3086 eo
2281 3031 2402 3085 solo
2455 3031 2801 3086 manifestum
2855 3038 2960 3095 est,
2995 3029 3138 3101 quod
3191 3030 3480 3084 Strabonis
3527 3030 3729 3092 lerunt,

501 3140 703 3190 ratione
728 3136 937 3196 crucis,
989 3133 1094 3188 Kal
1141 3134 1591 3205 προσκυνήσασαν
1633 3135 1699 3204 τῇ
1760 3133 2057 3206 Ἀστάρτῃ,

2164 3137 2324 3193 quem
2350 3137 2515 3192 supra
2545 3124 2887 3193 scripsimus,
2911 3123 3038 3176 dum
3068 3122 3156 3174 illa
3180 3122 3504 3186 scrilerent,
3525 3120 3733 3176 habue-

499 3229 593 3282 καὶ
619 3228 696 3297 τῷ
720 3225 943 3297 Χαμὼς,
974 3226 1002 3279 ὃ
1042 3226 1156 3278 ἐστι
1185 3224 1448 3278 Σιδωνίων
1482 3223 1771 3294 βδέλυγμα.
1799 3223 2059 3295 Augusti-

499 3335 604 3374 nus
657 3318 869 3378 asserit,
908 3318 1089 3387 lingua
1132 3314 1358 3379 Punica,
1388 3330 1507 3385 quae
1533 3331 1600 3370 ex
1640 3314 1861 3370 Hebraea
1909 3327 2057 3380 nata,

498 3410 761 3466 lunonem
805 3410 921 3464 sine
944 3408 1279 3463 dubitatione
1303 3409 1484 3461 vocari
1514 3408 1805 3470 Astartem,
1832 3408 1928 3463 lib.
1962 3423 2057 3472 vn,

499 3509 690 3572 quaest.
723 3500 806 3554 16.
833 3498 1012 3553 Multze
1039 3497 1280 3554 Junones
1315 3498 1613 3566 veteribus,
1635 3498 1775 3553 sicut
1803 3509 1856 3553 et
1879 3497 2060 3562 Joves,

498 3600 554 3648 et
582 3592 835 3658 Veneres,
876 3592 1000 3646 inde
1033 3589 1256 3655 factum,
1293 3597 1354 3644 ut
1403 3598 1597 3659 quarta
1652 3589 1836 3645 Venus
1857 3606 1884 3644 a
1911 3590 2063 3660 Syris

500 3688 734 3752 Astarte,
763 3700 859 3739 seu
897 3683 1150 3738 Astareth
1177 3682 1346 3754 Syriae
1374 3693 1427 3738 et
1451 3681 1578 3754 Tyri
1615 3683 1721 3737 lilia
1756 3692 2060 3746 vocaretur,

502 3789 637 3838 teri:
665 3778 925 3832 Cicerone
957 3776 1051 3830 lib.
1074 3792 1133 3830 ιιι
1165 3775 1240 3829 De
1260 3786 1370 3828 nat.
1394 3776 1539 3830 deor.
1579 3776 1922 3842 Quibusdam
1949 3775 2063 3830 hinc

501 3871 673 3937 Luna,
704 3887 799 3926 seu
822 3870 989 3924 Diana
1013 3869 1236 3924 credita.
1265 3869 1402 3924 Sunt
1425 3871 1516 3940 qui
1550 3879 1741 3941 putant
1773 3886 1890 3924 eam
1920 3885 2059 3934 esse,

501 3976 621 4031 qua:
665 3961 720 4014 in
769 3961 940 4015 sacris
971 3959 1194 4014 Litteris
1223 3965 1276 4014 et
1318 3961 1588 4029 praecipue
1618 3959 1869 4014 Jutlicum
1910 3977 1965 4027 ι,
2007 3962 2061 4026 6,

502 4051 758 4106 Astaroth
787 4051 1007 4118 dicitur,
1043 4058 1097 4104 et
1135 4050 1228 4104 ubi
1267 4049 1334 4104 IV
1367 4049 1496 4121 Reg.
1522 4067 1654 4105 χχιιι
1677 4092 1691 4115 ,
1719 4053 1784 4105 15
1826 4053 2020 4123 legitur
2047 4073 2058 4106 :

505 4143 636 4210 Qua:
670 4143 1019 4211 wdi/icaverat
1048 4139 1297 4195 Salomon
1323 4157 1413 4196 rea:
1435 4140 1608 4195 Israel
1634 4141 1887 4196 Astarotlt
1922 4142 2064 4198 idolo

505 4233 867 4297 Sidoniorum,
906 4231 1257 4303 Septuaginta
1292 4240 1528 4295 vertunt,
1546 4231 1604 4286 ὃν
1628 4232 1938 4304 ᾠκοδόμησε
1964 4235 2066 4288 Σα-

503 4324 681 4396 λομὼν
712 4323 959 4396 βασιλεὺς
995 4323 1206 4395 Ἰσραὴλ
1247 4327 1313 4395 τῇ
1358 4324 1644 4396 Ἀστάρτῃ,
1674 4324 1753 4401 sic.
1781 4325 1926 4379 enim
1967 4342 2064 4395 pu-

2159 3214 2270 3268 rint
2291 3229 2400 3283 pm
2425 3215 2633 3281 oculis;
2660 3215 2732 3269 ibi
2761 3216 2902 3270 enim
2917 3213 3188 3283 Atargatis
3205 3214 3418 3284 legitur.
3437 3212 3516 3267 En
3539 3213 3732 3282 singu-

2159 3305 2274 3361 lare
2297 3306 2364 3361 de
2390 3306 2494 3361 hac
2520 3309 2816 3362 mutatione
2837 3306 3120 3363 Strabonis
3140 3307 3510 3360 testimonium
3544 3307 3601 3360 in
3627 3307 3734 3362 fine

2159 3397 2289 3451 dicti
2320 3397 2469 3461 libri,
2500 3399 2566 3450 Ai
2589 3397 2645 3451 δὲ
2664 3399 2770 3451 τῶν
2787 3399 3060 3468 ὀνομάτων
3089 3397 3483 3470 μεταπτώσεις,
3506 3399 3602 3453 καὶ
3632 3400 3734 3470 μά-

2159 3488 2315 3543 λιστα
2329 3488 2434 3542 τῶν
2462 3490 2805 3562 βαρϐαρικῶν
2839 3491 3049 3555 πολλαὶ,
3077 3490 3323 3561 καθάπερ
3340 3492 3433 3544 τὸν
3458 3494 3734 3563 Δαριήκην

2160 3582 2381 3653 Δαρεῖον
2407 3582 2691 3648 ἐκάλεσαν,
2717 3581 2815 3654 τὴν
2837 3583 2892 3636 δὲ
2921 3583 3176 3656 Πάρζιλιν
3193 3584 3529 3655 Παρυσάτιν,
3546 3585 3738 3656 Ἀταρ-

2161 3672 2332 3743 γατὴν
2353 3671 2409 3724 δὲ
2438 3673 2578 3743 (lego
2613 3673 2957 3744 Ἀταργάτιν,
2985 3675 3072 3728 vel
3119 3673 3468 3744 Ἀτεργάτιν,
3494 3683 3555 3727 ut
3575 3689 3735 3743 supe-

2161 3762 2276 3816 rius
2328 3763 2444 3830 ipse
2489 3763 2803 3834 scripserat,
2851 3765 2957 3822 nisi
3005 3766 3142 3822 velis
3198 3767 3575 3838 Ἀταργάτην)
3633 3768 3736 3838 τὴν

2174 3851 2431 3923 Ἀθάραν,
2453 3853 2700 3924 Δερκετὼ
2726 3854 2783 3908 δὲ
2809 3856 2976 3926 αὐτὴν
3012 3855 3256 3926 Κτησίας
3285 3857 3462 3909 καλεῖ.
3486 3859 3736 3914 Astartes

2163 3941 2290 3996 item
2329 3943 2626 3998 meminere
2676 3943 2950 4007 Elianus,
2995 3943 3186 4001 Cicero
3229 3945 3304 4000 De
3353 3955 3532 4000 natur.
3554 3947 3732 4012 deum,

2163 4031 2528 4088 Tertullianus
2585 4035 2638 4088 in
2686 4034 2902 4106 Apolog.
2936 4050 3055 4107 cap.
3098 4035 3190 4099 24,
3220 4035 3484 4106 Josephus
3533 4047 3728 4089 contra

2164 4123 2749 4193 Appionemﬁusebius
2776 4126 2852 4181 De
2888 4131 3268 4198 prreparatione
3311 4129 3529 4198 erangel.
3557 4129 3652 4181 lib.
3678 4142 3722 4193 ι,

2163 4229 2285 4283 cap.
2337 4215 2391 4270 2.
2462 4215 2797 4286 Epiphanius
2845 4234 2911 4272 ex
2962 4219 3188 4274 aliorum
3241 4219 3487 4289 opinione
3535 4219 3726 4290 prodit

2165 4316 2372 4377 patrem
2401 4306 2790 4362 Melchisedech
2830 4308 3034 4364 dictum
3079 4308 3248 4365 fuisse
3276 4309 3577 4374 Heraelam,
3606 4324 3732 4365 ma-

503 4424 618 4470 tant
650 4414 956 4486 legendum,
989 4430 1096 4467 non
1129 4413 1378 4486 Ἀσάλτῃ.
1407 4414 1492 4479 Et,
1512 4416 1532 4469 l
1556 4415 1685 4485 Reg.
1708 4400 1859 4478 arm,
1881 4417 1944 4471 10
1964 4435 1976 4470 :
2000 4415 2060 4470 Et

2168 4409 2302 4453 trem
2325 4413 2452 4453 vero
2489 4400 2768 4453 Astaroth.

501 4514 783 4576 posuerunt
830 4521 980 4558 arma
1025 4504 1137 4568 eius
1174 4507 1227 4558 in
1269 4509 1453 4574 templo
1485 4507 1791 4561 Ast/taroth.
1829 4507 2053 4578 Septua-

503 4599 674 4667 ginta,
699 4596 808 4649 Kal.
841 4594 1107 4666 ἀνέθηκαν
1132 4595 1199 4647 τὰ
1222 4597 1385 4668 σκεύη
1413 4597 1576 4651 αὑτοῦ
1617 4601 1694 4661 είς
1729 4599 1790 4650 τὸ
1837 4600 2062 4673 Ἀσταρ-

505 4687 665 4750 τεῖον,
695 4686 785 4740 ubi
819 4683 1000 4738 Schol.
1034 4687 1111 4748 είς
1139 4685 1197 4737 τὸ
1233 4685 1373 4756 ἱερὸν
1399 4686 1497 4754 τῆς
1538 4687 1852 4758 Ἀστάρτης.
1901 4688 2069 4744 Sonat

505 4776 823 4832 Phoenicum
879 4777 1060 4846 lingua
1112 4774 1320 4846 Greges,
1359 4777 1520 4847 μῆλα,
1549 4787 1602 4832 et
1640 4781 1782 4848 apud
1813 4780 2068 4837 Hebraeos

506 4869 691 4925 eadem
723 4883 852 4922 voce
880 4867 1254 4937 proferuntur,
1279 4867 1487 4936 Grcges,
1511 4877 1564 4923 et
1593 4873 1875 4935 Astaroth;
1900 4889 2069 4942 quare

507 4957 676 5013 David
714 4955 914 5021 Kilnhi,
969 4963 1022 5010 et
1065 4955 1307 5012 Marinus
1362 4957 1652 5014 Brixianus
1717 4963 2068 5030 suspicantur

508 5051 710 5105 idolum
749 5049 919 5103 fuisse
954 5047 1123 5114 ﬁgura
1158 5050 1298 5110 Ovis,
1336 5049 1409 5102 ita
1447 5049 1718 5106 referente
1744 5051 1952 5109 Joanne
1981 5055 2068 5109 Pi-

509 5139 643 5194 neda
675 5139 764 5193 lib.
789 5156 861 5193 vn
882 5138 956 5193 De
975 5139 1122 5194 rebus
1157 5137 1381 5202 Salom.,
1411 5155 1462 5194 c.
1488 5141 1574 5206 11,
1599 5159 1747 5197 ιιιιιιι.
1781 5145 1836 5202 2.
1866 5145 2067 5204 Graecis

507 5231 727 5285 Det-ceto
779 5231 886 5285 diei
935 5231 1147 5294 volunt,
1201 5247 1334 5286 voce
1370 5233 1623 5287 nimirum
1657 5236 1864 5291 detorta
1900 5257 1927 5293 a
1968 5241 2067 5312 Sy-

508 5323 654 5376 riaca
709 5322 1019 5393 Adardaga,
1074 5337 1179 5393 qua
1255 5324 1331 5376 illi
1407 5325 1606 5394 piscem
1660 5329 2062 5394 significabant.

507 5411 686 5476 Quare
731 5413 1056 5469 Laurentius
1104 5414 1437 5470 Ramiresius
1484 5419 1538 5472 in
1598 5419 2062 5490 Pentecontarcho,

509 5519 628 5571 cap.
657 5504 746 5570 2|,
783 5509 1007 5578 corrigit
1044 5506 1399 5567 Macrobium.
1439 5511 1531 5565 lib.
1561 5529 1598 5576 I,
1636 5527 1753 5583 cap.
1788 5517 1877 5582 2i,
1915 5520 2064 5587 Apud

509 5610 634 5664 quos
667 5594 876 5651 Veneris
910 5599 1219 5662 Architidis,
1247 5611 1296 5655 et
1321 5601 1517 5656 Adonis
1554 5607 1800 5670 maxime,
1834 5617 1940 5663 etc.
1989 5613 2062 5665 Ex

510 5683 668 5742 Plinii
693 5685 788 5740 lib.
817 5701 871 5740 v1
909 5687 1040 5743 Nat.
1073 5688 1222 5757 hist.,
1257 5707 1306 5747 c.
1349 5694 1439 5764 23,
1482 5695 1653 5766 Syriis
1689 5715 1806 5754 rere
1843 5699 2058 5776 Hngog,

2239 4489 2395 4556 lbid.,
2456 4492 2553 4545 litt.
2600 4491 2690 4545 45.
2748 4493 2846 4561 Ὧς
2895 4493 2991 4548 ἐπὶ
3029 4496 3357 4550 πολύκατα.
3381 4495 3440 4550 In
3471 4497 3635 4552 malis
3676 4508 3731 4552 et

2169 4583 2567 4639 calamitatibus
2608 4584 2675 4638 ad
2714 4583 2880 4639 Deum
2923 4586 3280 4656 caelestesque
3331 4587 3520 4642 auxilii
3564 4603 3730 4643 causa

2168 4675 2534 4746 confugimus,
2567 4676 2776 4746 hocque
2804 4677 3043 4734 solemne
3065 4686 3150 4733 est
3171 4680 3451 4736 omnibus.
3470 4679 3730 4752 Virgilius

2169 4767 2381 4822 IEneid.
2407 4770 2500 4826 lib.
2530 4786 2581 4826 ιε

2171 4878 2381 4955 {nterea
2410 4882 2756 4955 adltemplum
2789 4901 2890 4939 non
2925 4901 3086 4955 requa!
3116 4882 3360 4938 Palladis
3405 4885 3552 4939 ibant

2169 4949 2417 5024 Qrinious
2449 4949 2648 5024 Iliades
2674 4956 2868 5023 passis,
2907 4949 3210 5024 peplumque
3239 4955 3497 5024 ferebant,

2169 5018 2484 5087 Suppliciter
2522 5018 2718 5093 tristes,
2748 5035 2798 5078 et
2832 5018 2999 5080 tunsa'
3029 5018 3248 5094 pectora.
3268 5026 3484 5093 palmis.

2169 5111 2234 5163 Et
2263 5111 2337 5166 lib
2387 5128 2422 5165 11
2456 5132 2468 5167 :

2169 5200 2280 5280 {Vae
2309 5221 2412 5280 non
2441 5203 2508 5256 ad
2539 5207 2806 5274 templum,
2832 5225 3163 5280 summasque
3195 5208 3264 5262 ad
3306 5207 3554 5263 Palladis
3584 5227 3726 5263 arces

2167 5270 2477 5349 Subita/titur
2505 5270 2695 5349 magna
2726 5289 2950 5332 matrum
2986 5270 3164 5349 regina
3192 5290 3403 5334 caterva

2166 5341 2318 5420 Qona
2346 5343 2534 5420 ferens,
2565 5341 2823 5420 juxtaque
2856 5366 3024 5404 comes
3040 5341 3272 5404 'Lavinia
3315 5351 3459 5420 virgo

2166 5410 2352 5466 Causa
2377 5416 2503 5468 ntali
2532 5410 2685 5472 tanti.

2168 5524 2456 5582 Sallustius
2504 5528 2556 5582 in
2591 5527 2866 5599 Conjurat.
2891 5502 3139 5587 catilina
3171 5551 3188 5588 :
3221 5535 3306 5588 Ad
3333 5534 3430 5588 hoc
3459 5535 3720 5590 mulieres.

2164 5616 2347 5684 quibus
2380 5635 2472 5688 pro
2509 5623 2862 5689 magnitudine
2897 5625 3016 5679 belli
3065 5626 3222 5679 timor
3263 5627 3513 5681 insolitus
3561 5627 3728 5680 inres-

2164 5720 2324 5776 serat,
2351 5711 2612 5781 afﬂictare
2640 5734 2768 5783 sese,
2797 5735 2979 5774 manus
3010 5722 3263 5788 supplices
3296 5720 3365 5775 ad
3390 5722 3580 5776 calum
3613 5733 3697 5775 tm
3721 5757 3726 5762 -
