4008 6208
285 194 425 249 1υ65

1345 195 1554 252 TITUS
1593 192 2039 253 BOSTRENSIS.
2071 231 2139 240 -—
2171 196 2467 254 NOTITIA.

3382 203 3522 258 {005

273 306 419 370 dere,
469 309 711 362 miserari
745 325 932 378 parvos
989 310 1199 373 liberos,
1251 315 1502 382 rogitare,
1525 316 1705 368 omnia
1745 331 1842 382 pa-
1872 327 1919 380 Α
1945 319 2114 371 moria
2156 319 2423 372 hominum
2455 319 2718 383 elabitur,
2744 336 2861 373 cum
2891 320 3152 389 beneﬁciis
3185 321 3298 390 ejus
3335 329 3517 388 Irueno

280 410 414 456 uere,
443 397 688 463 superbia
722 407 875 465 atque
926 397 1126 454 deliciis
1162 402 1396 467 omissis,
1433 404 1534 457 sibi
1563 407 1851 474 patriisque

281 484 530 554 cli/ﬁdere.
565 484 1004 558 TheOphylactus
1043 490 1388 562 Symocattus
1445 493 1609 553 Ηὶει..
1657 496 1752 548 lib.
1788 518 1799 547 ι
1835 515 1850 550 :

283 577 580 650 Τοιγαροῦν
621 581 830 651 ἡμέρας
885 583 1190 656 κλινούσης,
1232 585 1454 639 ἐδινεῖτο
1505 588 1566 640 τὸ
1605 588 1848 659 κέντρον,

277 673 372 723 καὶ
409 673 436 723 ὁ
465 671 625 740 φόϐος
649 673 882 737 ἐξαίσιος
911 671 999 746 ἦν.
1027 676 1102 739 ὡς
1126 679 1219 730 καὶ
1245 678 1372 741 τοὺς
1407 679 1852 748 ἱππομανοῦντας

278 762 383 814 ὑπὸ
429 763 521 816 τοῦ
567 764 718 828 δέους
751 765 943 836 ἀθρόον
979 766 1336 837 μεΘάλλεσΘαι
1379 770 1514 841 πρὸς
1544 772 1605 824 τὸ
1636 771 1851 844 σῶφρον

274 853 430 926 δίκην
453 856 654 909 παίδων
678 858 735 908 ὲν
755 858 942 930 παιδιᾷ
962 859 1140 912 κύϐων
1164 861 1494 931 ἀφικομένου
1525 862 1852 928 ἐξαπιναίως

275 946 372 1000 τοῦ
399 948 764 1020 παιδοτρίϐου.
793 951 923 1004 Τότε
962 954 1368 1024 παραπέτασμα
1395 955 1459 1007 τὸ
1497 956 1602 1026 πρὸ
1635 956 1730 1009 τοῦ
1755 973 1853 1024 γυ-

273 1041 505 1110 μνασίου
550 1040 657 1094 τῶν
691 1042 929 1094 ἱππικῶν
976 1045 1394 1116 ἀγωνισμάτων,
1436 1047 1463 1099 ὃ
1507 1046 1570 1118 δὴ
1603 1048 1853 1119 σύνθημα

274 1131 378 1199 ’τῆς
397 1131 616 1203 ὶλαρίας
634 1133 921 1202 ἐτύγχανεν
945 1135 1026 1197 ὃν,
1057 1141 1416 1209 περιαιρεῖται
1438 1139 1525 1192 διὰ
1546 1140 1635 1192 τὸν
1659 1141 1853 1210 ἀδόκη-

268 1239 366 1274 ντον
433 1223 697 1279 κίνδυνον.
762 1226 1040 1291 Ἀπαντάς
1079 1247 1139 1282 τε
1204 1230 1480 1285 συνέὗαινε
1540 1233 1675 1303 πρὸς
1727 1233 1852 1296 τοὺς

277 1315 456 1384 ἱεροὺς
485 1317 684 1386 σηκοὺς
722 1318 1178 1389 ἐντεμενῖζεσθαι,
1201 1323 1574 1394 ὀρρωδοῦντας
1617 1325 1708 1376 τὸν
1758 1324 1845 1377 05t-

275 1422 456 1457 νατον.
849 1418 860 1429 ’

352 1498 687 1554 Concludunt
719 1502 817 1557 has
856 1503 1400 1574 notas'pulcherrima
1433 1505 1699 1560 Lactantii
1731 1521 1856 1561 sen-

269 1593 440 1646 tentia
471 1593 563 1648 lib.
600 1609 660 1658 ιι,
704 1611 749 1649 c.
788 1597 810 1648 t
843 1616 857 1650 :
897 1595 1037 1650 Nam
1070 1607 1179 1651 tum
1213 1600 1438 1652 maxime
1467 1598 1604 1652 Deus
1653 1613 1718 1652 ea:
1749 1615 1854 1652 me-

1953 419 2049 474 t‘es,
2080 411 2325 464 honorem
2365 411 2493 465 dare
2533 410 2723 466 divinet
2772 412 3116 481 indulgentia:
3146 413 3406 467 deberent.
3453 415 3523 467 Αι

1953 521 2069 558 vero
2104 507 2150 559 si
2187 523 2291 575 qua
2330 506 2612 558 necessitas
2668 506 2845 576 gravis
2893 507 3164 574 presserit,
3189 513 3312 560 tunc
3356 505 3525 560 Deum

1953 597 2296 651 recordamur
2330 615 2348 651 :
2379 598 2426 650 si
2458 596 2581 651 belli
2621 607 2792 650 terror
2836 597 3187 666 infremuerit.
3220 598 3268 651 si
3310 601 3524 651 morbo-

1953 704 2069 740 rum
2107 686 2354 756 pestifera
2409 687 2484 740 vis
2534 687 2850 747 incubuerit.
2899 687 2946 740 si
2995 687 3262 739 alimento
3285 685 3523 756 frugibus

1954 779 2110 849 longa
2160 781 2373 834 siccitas
2420 780 2770 849 denegaverit,
2823 781 2868 833 si
2929 796 3070 833 saeva
3121 787 3422 847 tempestas,
3477 779 3525 831 si

1951 873 2154 946 grando
2179 875 2473 944 ingruerit:
2510 875 2578 927 ad
2620 875 2782 928 Deum
2811 875 3139 943 confugiunt,
3179 890 3211 926 a
3256 873 3365 927 Deo
3386 875 3522 942 peti-

1954 975 2042 1020 tur
2093 967 2536 1029 auxilium,Deus
2585 978 2641 1020 ut
2691 969 2960 1021 subveniat
3013 978 3232 1020 oratur:
3258 967 3305 1020 si
3325 968 3438 1036 quis
3469 966 3526 1019 in

1954 1061 2092 1113 mari
2135 1068 2282 1113 vento
2321 1061 2562 1112 saeviente
2603 1059 2863 1127 jactatur,
2897 1058 3032 1111 hunc
3086 1059 3314 1118 invocat,
3336 1057 3384 1109 si
3401 1057 3522 1125 quis

1954 1156 2133 1224 aliqua
2160 1154 2207 1206 vi
2230 1152 2534 1223 aﬂlictatur,
2565 1151 2700 1204 hunc
2727 1153 2968 1221 protinus
2993 1150 3245 1220 implorat
3277 1164 3294 1202 :
3326 1150 3372 1202 si
3399 1149 3522 1218 quis

1955 1245 2022 1296 ad
2075 1255 2364 1298 extremam
2420 1242 2751 1296 mendicandi
2826 1243 3183 1296 necessitatem
3245 1238 3522 1303 deductus,

1954 1337 2143 1388 victum
2178 1334 2414 1402 precibus
2455 1335 2708 1402 exposcit,
2741 1333 2904 1386 Deum
2933 1332 3102 1387 solum
3137 1331 3446 1389 obtestatur.
3473 1339 3525 1382 et

1953 1445 2044 1498 per
2084 1430 2197 1498 ejus
2249 1429 2482 1480 divinum
2530 1439 2685 1497 atque
2731 1443 2945 1480 unicum
3008 1441 3198 1478 numen
3255 1424 3524 1476 hominum

1954 1521 2054 1575 sibi
2095 1521 2511 1574 miseric0rdiam
2553 1520 2764 1588 quierit.
2806 1517 3086 1586 Nunquam
3115 1517 3276 1586 igitur
3300 1512 3392 1565 Dei
3420 1528 3524 1563 mc-

1958 1617 2242 1677 minerunt,
2281 1616 2379 1668 nisi
2420 1615 2542 1666 dum
2575 1615 2626 1666 in
2660 1614 2816 1666 malis
2853 1622 2993 1665 sunt.

1407 1976 1544 2016 ANNO
1579 1976 1765 2016 DOIINI
1803 1976 2374 2016 εεεικχνιιι-ιιχνιιι.

577 2139 1064 2370 mus
1155 2066 2183 2372 BOS’l‘llllNSlS
2282 2142 3224 2376 EPISCOPIIS.

1499 2563 2292 2818 NOTITIA

1058 2924 1357 2987 (Gustum,
1381 2921 1674 2975 Bibliotheca
1704 2931 1794 2975 vet.
1826 2926 1990 2984 Patr.,
2017 2933 2050 2975 t.
2077 2925 2136 2985 ν,
2162 2940 2209 2989 p.
2240 2940 2370 2984 sxw,
2395 2933 2514 2988 etp.
2535 2925 2669 2984 269.)

329 3205 382 3266 Ι.
413 3202 812 3264 Titus'BoStTaz
853 3205 909 3262 in
965 3206 1160 3262 Arabia
1219 3205 1522 3266 Ecclesiam
1573 3209 1837 3278 regebat,
1873 3224 1912 3277 Β
1936 3209 2177 3282 jusmodi
2204 3208 2396 3264 Patres
2419 3248 2436 3272 ,
2465 3208 2789 3264 honestatur
2821 3217 3009 3264 noster
3040 3209 3274 3266 antistes
3329 3211 3385 3264 in
3439 3227 3525 3266 re-

265 3316 384 3371 quo
414 3311 656 3371 tempore
703 3301 1000 3370 imperator
1043 3301 1394 3357 renuntiatus
1433 3312 1516 3357 est
1565 3299 1840 3360 Julianus.

267 3395 474 3448 Rerum
526 3394 732 3464 potitus
801 3393 894 3448 ille
955 3400 1238 3462 apostata,
1293 3408 1418 3448 cum
1475 3393 1842 3451 Ecclesiarum

269 3489 533 3558 praesules
570 3487 914 3557 potissimum
948 3503 1015 3542 ex
1066 3487 1296 3543 urbibus
1332 3488 1637 3557 ejiciendos
1683 3505 1844 3543 cura-

264 3587 384 3644 ret,
425 3577 717 3634 Bostrenos
743 3579 906 3632 etiam
938 3577 1095 3632 malis
1121 3579 1331 3634 artibus
1363 3580 1614 3634 hortatus
1644 3589 1748 3642 est,
1785 3589 1843 3633 ut

257 3670 451 3726 Titum
481 3672 797 3742 episcopum
843 3679 1100 3741 tanquam
1147 3673 1348 3725 civium
1400 3672 1696 3727 delatorem
1743 3689 1841 3727 ex-

263 3763 530 3832 pellerent
565 3763 834 3817 clamante
875 3777 1141 3830 praecone.
1191 3761 1322 3816 Rem
1359 3771 1548 3817 narrat
1586 3762 1844 3818 Sozome-

259 3870 373 3909 nus
395 3856 494 3924 (a),
517 3855 876 3926 edisseritque
896 3856 1161 3910 Baronius
1191 3856 1288 3927 (b).
1324 3856 1513 3912 Exstat
1542 3857 1840 3912 etiamnum

264 3947 382 4001 haec
411 3945 612 4001 Juliani
649 3949 879 4018 epistola
904 3947 1183 4003 Bostrenis
1212 3949 1476 4020 inscripta
1505 3951 1573 4022 (e)
1599 3991 1614 4014 ,
1659 3952 1710 4004 in
1738 3967 1843 4021 qua

265 4040 430 4094 verba
467 4041 723 4094 nonnulla
758 4039 923 4094 refert
953 4041 1152 4110 quibus
1175 4057 1308 4096 usus
1335 4051 1452 4096 erat
1483 4051 1667 4098 noster
1702 4060 1841 4113 pra:-

263 4131 352 4183 sul
379 4129 685 4185 Bostrensis
723 4131 776 4183 in
810 4130 990 4185 libello
1022 4131 1090 4184 ad
1121 4134 1298 4202 ipsum
1327 4132 1606 4187 lulianum
1632 4135 1805 4189 misso
1825 4174 1840 4198 ,

263 4220 411 4274 unde
441 4221 783 4291 postmodum
809 4223 1104 4291 imperator
1118 4225 1292 4280 eidem
1322 4227 1651 4279 calumniam
1685 4235 1836 4280 stru-

263 4316 366 4366 xit.
418 4311 587 4368 Porro
619 4317 894 4368 exstincto
927 4313 1144 4369 Juliano
1167 4357 1184 4380 ,
1245 4315 1312 4369 ad
1344 4318 1612 4387 synodum
1648 4319 1842 4371 Antio-

253 4406 494 4460 chenam
521 4420 581 4460 se
611 4408 840 4460 contulit
871 4422 1015 4462 anno
1058 4410 1164 4463 565
1217 4424 1246 4461 a
1297 4407 1511 4464 Meletio
1553 4420 1801 4463 coactam
1826 4453 1840 4476 ,

253 4499 426 4566 cujus
453 4500 615 4554 etiam
649 4501 957 4570 synodicae,
1014 4503 1080 4555 ad
1124 4499 1413 4556 Iovianum
1459 4503 1840 4572 imperatorem

1943 3304 2027 3372 gia
2051 3301 2372 3356 veneranda:
2397 3300 2738 3370 antiquitatis
2775 3312 2968 3356 catena
3011 3299 3525 3357 Commentariorum

1943 3400 1996 3450 in
2031 3393 2256 3461 Lucam,
2299 3391 2560 3449 consulas
2592 3394 2637 3447 si
2669 3393 2847 3462 placet
2875 3393 3261 3448 Combetisium
3289 3395 3375 3463 (Γ).
3419 3394 3525 3449 Ne-

1943 3506 2048 3559 que
2080 3487 2238 3542 aliter
2269 3487 2323 3540 in
2362 3484 2645 3539 Parallelis
2678 3483 3072 3536 Damascenicis
3107 3485 3410 3554 appellatur
3426 3486 3522 3556 (g).

2012 3578 2074 3632 ll.
2107 3576 2213 3630 Titi
2245 3575 2558 3631 Bostrensis
2591 3575 2899 3628 doctrinam
2937 3573 3160 3626 maximi
3189 3575 3398 3628 ducunt
3435 3591 3527 3628 ve-

1945 3679 2108 3724 teres.
2134 3668 2277 3724 Inter
2306 3683 2400 3724 eos
2427 3667 2616 3721 Patres
2647 3666 2824 3735 ipsum
2867 3665 3032 3720 refert
3051 3665 3410 3736 Hieronymus
3428 3667 3524 3735 (h),

1942 3762 2032 3830 qui
2057 3761 2116 3814 in
2149 3770 2348 3814 tantum
2381 3758 2808 3828 philosophorum
2846 3757 3101 3812 doctrinis
3131 3768 3287 3828 atque
3327 3768 3530 3813 senten-

1946 3855 2032 3908 tiis
2067 3871 2186 3907 suos
2227 3854 2515 3922 refarciunt
2562 3852 2754 3918 libros,
2801 3861 2856 3903 ut
2899 3852 3099 3905 nescias
3145 3852 3270 3923 quid
3317 3853 3370 3905 in
3417 3853 3526 3906 illis

1944 3949 2169 4017 primum
2221 3947 2478 4000 admirari
2538 3947 2762 4010 debeas,
2830 3946 3180 4000 eruditionem
3230 3947 3410 4000 sa'culi
3458 3964 3527 3999 an

1943 4041 2220 4094 scientiam
2287 4040 2706 4108 Scripturarum.
2792 4037 2859 4092 Et
2921 4037 3258 4094 Sozomenus
3324 4041 3526 4093 multos

1945 4132 2165 4200 quidem
2216 4134 2378 4187 tradit
2433 4131 2494 4203 (i)
2536 4148 2599 4187 ea
2653 4140 2974 4203 tempestate
3020 4133 3075 4186 in
3121 4132 3381 4189 Eeclesiis
3429 4133 3527 4189 ilo-

1941 4226 2124 4281 ruisse
2161 4225 2454 4280 admodum
2489 4225 2682 4280 doctos
2737 4235 2790 4279 et
2825 4226 3146 4294 eloquentes
3189 4227 3370 4291 viros;
3430 4227 3525 4282 sed

1946 4335 2056 4390 pra:
2113 4319 2324 4373 caeteris
2380 4317 2561 4372 Titum
2625 4318 3004 4380 Bostrensem,
3083 4318 3524 4388 ἐπισημότατον,

1944 4411 2330 4464 celeberrimum
2369 4412 2645 4480 pradicet.
2709 4411 2943 4480 Scripsit
2989 4421 3168 4465 autem
3199 4413 3522 4482 praeclarum

1944 4521 2081 4574 opus
2129 4505 2377 4558 adversus
2433 4503 2756 4557 Manichwos
2812 4506 3166 4559 doctissimus
3212 4503 3371 4558 Pater
3405 4511 3528 4574 post

263 4592 461 4646 oblatae
503 4593 856 4662 subscripsit;
895 4595 1122 4662 ejusque
1177 4610 1373 4648 nomen
1425 4595 1566 4650 inter
1609 4596 1838 4649 aliorum
1869 4571 1912 4630 ε
1941 4596 2141 4651 Juliani
2173 4597 2371 4650 eaedem
2404 4605 2568 4666 atque
2596 4597 2895 4666 imperante
2944 4597 3081 4650 forte
3122 4593 3384 4660 Joviano,
3432 4603 3526 4647 aut

259 4684 649 4753 episcoporum
686 4678 1119 4754 sub-scriptiones
1148 4696 1426 4756 comparet
1463 4686 1604 4756 apud
1636 4687 1839 4741 Socra-

269 4784 378 4829 tem
407 4776 506 4847 (d).
545 4779 773 4831 Moritur
807 4789 981 4831 autem
1011 4780 1104 4831 sub
1163 4778 1392 4839 Valente,
1428 4780 1599 4847 inquit
1654 4778 1840 4832 Hiero-

268 4883 465 4938 nymus
504 4869 612 4941 (e);
647 4871 698 4924 id
742 4879 846 4934 est,
879 4872 1070 4926 saltem
1100 4881 1227 4925 ante
1251 4887 1453 4924 annum
1485 4871 1607 4926 578.
1651 4871 1724 4926 De
1774 4871 1844 4924 ti-

266 4960 384 5012 tqu
421 4959 606 5015 Sancti
641 4977 749 5032 quo
783 4963 1008 5031 perinde
1039 4978 1101 5016 ac
1148 4961 1379 5018 Irenaeus
1415 4962 1803 5034 Lugdunensis
1828 5004 1842 5022 .

266 5049 729 5123 Cbrysos’tomus,
781 5055 1016 5126 Cyrillus
1054 5054 1452 5110 Alexandrinus
1496 5056 1697 5124 aliique
1741 5056 1842 5107 ltu-

337 5206 416 5278 (a)
457 5206 674 5266 Sozom.
707 5207 853 5263 Hist.
888 5209 1016 5263 eccl.
1046 5210 1143 5264 lib.
1173 5226 1225 5272 ν,
1252 5225 1374 5278 cap.
1408 5210 1496 5264 15.

360 5279 411 5351 b)
454 5279 652 5351 Baron.
695 5283 761 5333 ait
794 5281 1087 5351 ιιιιιιηῦϐὲ.
1125 5279 1151 5351 §
1183 5296 1346 5334 cun.

337 5348 646 5430 (e)-Julian.
695 5352 856 5420 epist.
893 5348 982 5414 52,
1016 5348 1159 5405 inter
1210 5351 1331 5419 ejus
1379 5349 1518 5419 Opp.
1572 5364 1694 5420 pag.
1735 5349 1839 5402 455

260 5419 396 5475 edit.
428 5419 576 5490 Lips.
733 5419 740 5420 “

335 5491 411 5572 (Id)
451 5490 666 5572 _S_ocrat.
700 5489 1001 5572 {list-eccl.
1035 5491 1140 5572 lib...
1161 5505 1244 5552 lli,
1275 5505 1401 5559 cap.
1443 5490 1532 5572 2.5“.

334 5559 405 5634 (e)
451 5561 674 5634 ψει-οηἰ
705 5561 798 5634 Iill.
838 5558 910 5613 De
950 5563 1046 5614 vir.
1082 5560 1278 5617 illustr.
1314 5558 1591 5634 camilli.

337 5629 406 5702 (Γ)
447 5631 691 5687 (Ζοιιιὺοιῖ.
756 5629 986 5687 Recens.
1051 5639 1196 5684 auct.
1271 5632 1336 5683 ad
1400 5629 1538 5682 Bibl.
1601 5630 1838 5682 concion.

703 5727 972 5787 Pu‘noL.
1016 5725 1129 5785 Gn.
1184 5723 1410 5786 XVIII.

1942 4702 2090 4744 certe
2124 4691 2225 4744 sub
2251 4690 2466 4742 initium
2516 4689 2726 4759 imperii
2766 4689 3043 4752 Valentis,
3089 4699 3148 4740 ut
3183 4705 3246 4742 ex
3282 4688 3348 4741 iis
3393 4703 3526 4742 con-

1943 4787 2052 4832 stat
2077 4794 2196 4847 quae
2234 4779 2398 4833 tradit
2439 4781 2668 4849 ipsemet
2703 4787 2894 4832 auctor
2942 4779 2995 4832 in
3047 4781 3161 4832 haec
3216 4778 3383 4832 verba
3437 4778 3520 4848 (j).

1950 4888 1968 4920 ι
2010 4869 2146 4936 Etsi,
2173 4872 2370 4941 inquit,
2395 4871 2646 4926 civitates
2690 4873 3004 4933 concidant,
3029 4872 3169 4926 sicut
3199 4885 3369 4925 uersa
3397 4885 3527 4925 con-

1945 4962 2088 5030 tigit,
2118 4979 2242 5018 cum
2283 4965 2372 5016 ille
2420 4964 2776 5032 impiissimus
2833 4966 3162 5034 (apostata)
3215 4966 3525 5019 dominare-

1949 5064 2061 5118 tur,
2092 5051 2180 5108 οἷοι
2208 5055 2274 5124 δὴ
2300 5055 2394 5106 καὶ
2425 5056 2658 5125 ΠΡῼΗΝ
2717 5056 2807 5107 ἐπὶ
2831 5053 2924 5108 τοῦ
2969 5055 3087 5108 λίαν
3136 5056 3522 5132 ἀσεϐήςαντος,

1945 5217 2077 5261 ιοιη.
2111 5208 2149 5266 1,
2179 5225 2230 5278 p.
2266 5209 2354 5264 49.

2018 5281 2092 5347 (g)
2133 5277 2386 5333 Datnasc.
2423 5277 2628 5332 Parall.
2663 5279 2822 5334 infra.

2018 5283 2070 5347 (g
2133 5281 2386 5333 Dattiasc.
2423 5281 2628 5332 Parall.
2663 5281 2822 5334 infra.

2017 5281 2094 5420 (lib
2124 5349 2356 5422 _|lieron.
2397 5352 2556 5422 epist.
2596 5350 2681 5412 70,
2713 5352 2783 5422 al.
2815 5350 2916 5410 8i,
2954 5350 3019 5422 ad
3058 5350 3310 5422 Magnum
3355 5359 3523 5416 om“,

1953 5419 1979 5490 §
2015 5419 2084 5482 tv,
2109 5419 2244 5487 Opp.
2283 5428 2416 5490 tom.
2453 5419 2490 5479 Ι,
2523 5436 2644 5490 pag.
2674 5421 2778 5474 4'27
2805 5421 2935 5474 edit.
2974 5419 3174 5477 Veron:

2019 5491 2080 5555 (i)
2123 5490 2340 5544 Sozom.
2374 5489 2515 5544 Hist.
2548 5489 2674 5543 eccl.
2709 5493 2799 5543 lib.
2837 5507 2919 5545 ιιι.
2960 5510 3078 5560 cap.
3125 5494 3206 5548 ιι.

2128 5560 2234 5618 Tit.
2268 5563 2360 5614 lib.
2395 5577 2432 5614 ιι
2466 5561 2582 5616 adv.
2617 5560 2871 5625 Maniclt.,
2901 5562 2928 5633 ᾗ
2960 5580 3064 5615 xw.

3218 5724 3300 5786 3h
