3968 6914
633 223 763 277 106³1

1832 223 1968 279 TITI
2010 222 2442 279 BOSTRENSIS
2478 222 2783 279 EPISCOPI

3683 241 3788 302 1068

628 353 682 400 et
708 358 951 400 errorem
983 342 1302 399 idololatriae
1325 342 1588 399 recoleret
1616 358 1680 399 ac
1701 355 2010 404 renovaret.
2036 365 2055 396 ι
2081 354 2190 401 etc.
2222 352 2269 407 Α
2295 363 2420 402 nam
2468 356 2523 405 et
2564 361 2688 402 cum
2728 343 2881 400 Novo
2926 344 3273 402 Testamento
3334 363 3611 421 congruere
3646 354 3785 421 docet,

700 434 783 491 ΙΙΙ.
853 435 1023 490 Porro
1084 436 1139 488 in
1201 445 1435 506 quatuor
1483 436 1655 491 libros
1711 436 2010 507 dispescuit
2061 453 2198 507 Opus

626 542 788 581 suum
816 525 1125 582 Bostrensis
1151 526 1400 592 antistes,
1431 541 1571 596 quos
1614 526 1774 595 fortes
1806 528 2045 598 appellat
2074 527 2200 582 Hie-

627 632 887 689 ronymus
916 614 1016 688 (a),
1042 624 1095 673 et
1123 617 1318 688 legisse
1364 616 1578 674 videtur
1611 618 1949 690 Epiphanius
1982 618 2059 691 (b)
2106 619 2200 689 qui

628 709 901 765 scribebat
931 724 1076 764 anno
1106 709 1245 775 376,
1294 717 1353 763 ut
1395 710 1629 766 advertit
1685 708 2072 765 Tillemontius
2106 709 2197 780 (c).

627 803 733 858 Eos
780 802 908 857 item
960 808 1224 855 memorat
1280 800 1423 871 apud
1477 799 1727 857 Photium
1771 800 1845 871 (ά)
1893 798 2200 871 Stephanus

626 895 872 947 Gobarus
901 891 1144 946 tritheita
1170 931 1185 954 ,
1231 893 1341 965 qui,
1379 898 1434 946 et
1490 891 1751 946 nonnulla
1796 892 1921 947 inde
1957 891 2197 962 profert;

626 997 837 1036 necnon
871 980 1227 1036 Heraclianus
1271 979 1734 1038 Chalcedonensis
1770 982 2089 1053 episcOpus',
2141 990 2201 1037 ut

624 1085 815 1130 auctor
843 1085 929 1131 est
968 1075 1110 1129 idem
1143 1072 1369 1129 Photius
1404 1073 1493 1144 (ε).
1543 1072 1747 1130 Verum
1805 1090 1913 1129 non
1946 1083 2050 1146 gest
2112 1076 2200 1130 hic

622 1168 759 1223 illud
796 1167 1211 1235 omittendum,
1264 1166 1409 1234 quod
1462 1166 1687 1220 adnotat
1738 1166 2040 1238 Basnagius
2086 1168 2197 1238 (f):

623 1262 769 1316 hunc
800 1259 1056 1313 nimirum
1078 1259 1363 1328 praesulem
1381 1257 1907 1325 Chalcedonensem,
1928 1260 2025 1330 qui
2050 1259 2200 1315 circa

623 1364 866 1423 tempora
894 1350 1173 1405 Anastasii
1214 1350 1565 1423 imperatoris
1594 1351 1861 1406 claruisse
1898 1348 2074 1406 fertur
2100 1350 2196 1422 (g),

619 1453 675 1498 et
704 1445 863 1513 cujus
895 1443 1158 1497 doctrinae
1186 1443 1385 1513 placita
1412 1452 1601 1499 sancto
1629 1441 1867 1498 Maximo
1893 1441 2040 1497 haud
2074 1457 2199 1512 pro-

620 1537 744 1590 bata
780 1534 952 1589 fuisse
982 1534 1348 1604 comperimus
1380 1533 1478 1606 (Ii),
1508 1533 1691 1589 Titum
1726 1532 2073 1593 Bostrensem
2113 1548 2199 1588 re-

619 1629 904 1698 darguere,
936 1626 1081 1696 quod
1116 1626 1365 1680 scribens
1392 1627 1655 1681 adversus
1708 1623 1919 1679 Addam
1968 1639 2065 1679 seu
2100 1639 2198 1695 po-

619 1718 727 1774 tius
764 1716 1028 1780 Buddam,
1060 1732 1118 1772 se
1167 1715 1493 1772 Manichaaos
1544 1716 1792 1772 refellere
1838 1714 2187 1773 existimarit.
2222 1706 2265 1761 Β

620 1810 811 1879 lniqua
864 1807 1024 1877 plane
1073 1822 1325 1863 censura.
1378 1805 1487 1861 Fac
1529 1808 1715 1871 enim,
1761 1786 2004 1861 Buddam
2061 1812 2185 1861 ante

619 1903 797 1969 ipsum
819 1897 1086 1953 Manetem
1123 1898 1391 1952 haereseos
1416 1896 1764 1951 Manichaica:
1790 1896 2066 1952 exstitisse
2086 1909 2185 1951 au-

619 2002 849 2056 ctorem,
874 2001 969 2046 aut
997 1991 1043 2046 si
1090 1991 1285 2058 mavis,
1318 2005 1486 2044 unum
1523 2005 1589 2045 ex
1618 1989 1907 2044 duodecim
1937 1986 2182 2059 ejusdem

622 2081 847 2136 Manetis
881 2079 1164 2149 discipulis
1194 2078 1383 2141 fuisse,
1418 2087 1477 2132 ut
1504 2095 1571 2133 ex
1611 2077 1774 2134 Petro
1799 2078 1987 2133 Siculo
2030 2079 2097 2148 (ὁ)
2130 2084 2185 2132 et

618 2175 811 2228 Photio
861 2174 926 2243 (j)
974 2173 1298 2228 erudimur:
1334 2187 1458 2227 cum
1494 2183 1675 2228 tamen
1710 2172 1963 2242 discipuli
1995 2186 2185 2226 erran-

616 2276 725 2321 tem
753 2265 1007 2320 assectati
1044 2263 1396 2335 magistrum,
1464 2264 1518 2317 in
1571 2264 1861 2333 praecipuis
1914 2262 2183 2332 capitibus

614 2356 961 2421 conveniant,
987 2355 1232 2426 adeoque
1275 2354 1461 2411 Manes
1509 2370 1618 2409 non
1672 2370 1830 2410 secus
1868 2369 1931 2409 ac
1965 2354 2183 2409 Buddas

612 2448 893 2511 docuerit;
932 2463 1039 2501 non
1087 2456 1205 2503 erat
1251 2448 1529 2503 enimvero
1558 2463 1657 2502 cur
1686 2446 1843 2502 Titus
1870 2462 1936 2503 eo
1966 2448 2184 2502 nomine

613 2541 1099 2612 reprehenderetur
1129 2580 1143 2605 ,
1206 2542 1299 2611 qui
1359 2539 1488 2595 dum
1536 2539 1779 2595 Buddam
1826 2540 2181 2611 perstrinxit,

613 2632 877 2687 Manetem
912 2647 1127 2701 quoque
1180 2632 1355 2701 ipsum
1388 2632 1618 2702 ejusque
1650 2641 1946 2689 sectatores
1989 2633 2184 2687 conlu-

609 2732 755 2779 tasse
782 2724 907 2793 jure
937 2723 1141 2793 Optimo
1166 2724 1527 2778 existimatur.

681 2811 769 2867 IV.
808 2812 892 2867 Ad
935 2812 1229 2868 editionem
1279 2812 1426 2883 quod
1474 2814 1669 2868 attinet
1715 2812 1822 2867 Titi
1871 2813 2181 2870 Bostrensis

608 2906 791 2975 operis
818 2906 1077 2973 adversus
1111 2904 1453 2970 Manichwos,
1487 2905 1655 2961 libros
1679 2913 1791 2961 tres
1820 2907 2028 2977 priores
2056 2920 2180 2961 cum

608 2997 835 3067 integris
865 2996 1124 3050 librorum
1158 3003 1394 3065 quatuor
1427 2997 1783 3065 argumentis,
1819 2997 2030 3067 primus
2060 2996 2174 3052 edi-

607 3088 688 3140 dit
721 3101 786 3141 ex
818 3086 1070 3142 versione
1108 3084 1389 3141 Francisci
1420 3084 1674 3141 Turriani
1708 3085 1979 3143 Henricus
2007 3084 2174 3142 Cani-

607 3180 726 3233 sius
765 3177 838 3249 (k)
879 3196 891 3231 :
925 3175 1110 3231 Graeca
1150 3192 1282 3232 vero
1313 3175 1552 3233 Jacobus
1585 3176 1890 3249 Basnagius
1924 3178 1988 3251 (Ι)
2012 3218 2027 3243 ,
2076 3179 2170 3249 qui

605 3288 668 3324 ea
698 3286 763 3325 ex
782 3269 1120 3324 bibliothecae
1146 3267 1511 3324 llolsteniaua:
1538 3269 1962 3341 llamburgensis
1985 3271 2171 3328 codice

606 3364 901 3435 descripta,
948 3362 1144 3417 Joanni
1189 3359 1468 3417 Friderico
1522 3361 1837 3419 Wincklero
1878 3363 2044 3420 refert
2074 3379 2169 3420 ac-

602 3464 800 3524 cepta:
847 3472 954 3525 quo
999 3456 1220 3525 quidem
1264 3454 1319 3509 in
1357 3456 1547 3511 codice
1582 3455 1723 3510 haud
1759 3457 1914 3526 plura
1952 3464 2168 3512 exstare

604 3546 874 3609 novimus,
909 3562 1070 3615 quam
1104 3561 1223 3616 qua:
1253 3548 1416 3602 vertit
1449 3546 1699 3602 laudatus
1727 3546 2031 3603 Turrianus
2058 3564 2087 3613 ;.
2110 3557 2169 3603 ut

600 3646 887 3708 propterea
922 3640 1190 3709 interpres
1218 3640 1303 3695 vel
1331 3655 1397 3695 eo
1419 3639 1542 3710 ipso
1581 3641 1908 3711 exemplari,
1949 3641 2038 3696 vel
2088 3641 2168 3696 ei-

601 3731 722 3785 dem
756 3731 921 3787 simili
957 3748 1090 3787 usus
1118 3732 1287 3790 fuisse
1316 3734 1584 3790 videatur.
1613 3733 1852 3801 Quartus
1893 3716 2075 3804 porro.
2101 3734 2167 3788 li-

600 3824 696 3877 ber
722 3830 869 3880 totus
907 3825 1205 3881 intercidit.
1260 3825 1411 3883 Hanc
1442 3835 1622 3882 autem
1664 3822 1919 3897 Basnagii
1968 3825 2166 3881 editio-

601 3931 723 3971 nem
750 3916 930 3973 minus
960 3927 1213 3973 accurate
1244 3918 1412 3975 fuisse
1446 3918 1784 3981 adornatam,
1819 3917 2012 3972 merito
2038 3932 2166 3974 cen-

598 4010 711 4064 suit
759 4009 951 4065 Petrus
989 4009 1384 4083 Wcssclingius
1423 4010 1488 4067 V.
1538 4012 1600 4066 C.
1644 4012 1728 4068 his
1775 4012 1957 4067 verbis
1995 4009 2090 4082 (m)
2146 4029 2157 4064 :

603 4121 621 4152 ι
670 4101 863 4156 lnserti
893 4112 1041 4163 sunt.
1073 4105 1278 4174 inquit,
1319 4103 1629 4160 Canisianis
1675 4103 2007 4158 Lectionibus
2052 4100 2162 4156 Titi

594 4192 928 4261 Bustrensis,
980 4196 1082 4251 viri
1119 4197 1190 4265 pii
1224 4205 1278 4252 et
1298 4198 1511 4269 egregie
1539 4197 1720 4261 docti,
1751 4198 1807 4250 in
1835 4194 2158 4249 Manicha’os

597 4286 787 4356 scripti
821 4287 977 4353 libri;
1011 4287 1137 4352 sed,
1178 4289 1322 4358 quod
1358 4290 1625 4355 dolemus,
1675 4289 1839 4343 laceri
1882 4297 1935 4343 et
1965 4287 2158 4358 spissis

2299 453 2423 494 esse
2475 438 2730 500 alienam,
2787 435 3088 507 referrique
3145 451 3394 509 oportere
3448 440 3509 495 ad
3544 457 3648 497 eam
3695 446 3789 502 libri

2299 526 2458 598 primi
2498 536 2731 598 partem,
2772 541 2882 595 qua
2923 526 3029 580 duo
3073 526 3313 596 ingenita
3352 528 3616 601 principia,
3662 534 3792 592 duas-

2300 634 2406 690 que
2439 618 2674 680 radices,
2706 618 2908 671 bonam
2939 616 3187 682 alteram,
3221 617 3439 673 alteram
3467 621 3658 686 malam,
3683 624 3792 680 unde

2300 710 2483 765 omnia
2522 709 2666 763 bona
2694 708 2945 778 malaque
2978 707 3299 777 prodierint,
3331 723 3601 783 Oppugnat,
3632 715 3790 772 obiter-

2299 817 2406 872 que
2438 801 2711 856 hominem
2745 798 2840 854 Dei
2871 800 3061 870 Optimi
3095 802 3315 855 maximi
3355 816 3473 858 esse
3499 818 3622 875 Opus
3648 817 3789 862 osten-

2301 893 2399 948 dit.
2457 893 2596 949 Addi
2627 893 2887 949 etiamet
2928 893 3224 949 editionem
3261 895 3603 952 condecorare
3624 901 3787 968 potuit.

2300 994 2424 1044 sent
2471 987 2772 1059 fragmenta
2799 1002 2865 1042 ex
2908 986 3012 1040 hoc
3056 984 3167 1040 Titi
3205 1002 3365 1056 opere
3398 1003 3429 1041 a
3456 986 3635 1045 Graecis
3669 992 3786 1048 nobis

2299 1087 2514 1137 servata
2550 1098 2564 1135 :
2595 1078 2902 1149 cujusmodi
2935 1086 3065 1133 sunt
3106 1078 3163 1132 in
3194 1077 3381 1148 primis
3414 1094 3473 1135 ea
3502 1097 3606 1151 quae
3627 1086 3785 1139 exscri-

2298 1173 2408 1245 psit
2469 1179 2661 1227 auctor
2715 1171 3111 1226 Parallelorum
3170 1188 3467 1238 sacrorum,
3513 1191 3615 1245 quae
3667 1179 3783 1249 vulgo

2297 1256 3213 1327 JoanniDamascenotribuuntur;
3265 1274 3318 1319 et
3366 1281 3395 1321 e
3427 1263 3782 1337 Rupefucaldino

2297 1356 2488 1411 codice
2523 1355 2740 1427 vulgata
2776 1365 2905 1411 sunt
2949 1371 2979 1409 a
3015 1354 3075 1408 D.
3112 1355 3370 1413 Michaele
3400 1356 3628 1427 Lequien.
3656 1402 3667 1415 .

2296 1446 2433 1503 Esse
2480 1456 2659 1505 autem
2691 1448 2746 1503 in
2778 1447 3061 1504 Parallelis
3101 1448 3346 1518 quaedam
3370 1450 3664 1507 emendatius
3685 1469 3778 1524 per-

2297 1540 2522 1611 scripta,
2573 1555 2683 1594 non
2710 1546 2794 1595 est
2823 1547 2880 1594 ut
2914 1555 3167 1597 moneam
3192 1560 3206 1596 :
3235 1541 3349 1610 ipsa
3377 1542 3593 1597 locorum
3615 1545 3779 1600 collatio

2297 1646 2410 1688 rem
2437 1630 2824 1696 manifestabit,
2868 1650 2890 1683 ι
2922 1638 3033 1689 etc.

2364 1758 2429 1815 V.
2472 1760 2601 1815 Viro
2630 1760 2792 1816 docto
2821 1762 3070 1816 monenti
3097 1777 3304 1818 morem
3334 1765 3597 1834 gessimus.
3621 1764 3671 1819 Et
3694 1768 3775 1838 pri-

2285 1867 2434 1907 mum
2473 1852 2690 1923 quidem
2719 1854 2905 1907 omnia
2930 1856 3328 1925 exscripsimus
3362 1873 3476 1927 quae
3512 1858 3561 1911 in
3592 1857 3772 1913 Paulle»

2286 1944 2355 1998 lis
2389 1941 2841 2013 Rupefucaldinis
2883 1954 3209 2013 occurrunt,
3264 1948 3331 2002 ad
3362 1956 3549 2003 textum
3576 1949 3661 2004 'l'iti
3698 1949 3771 2003 Bo.

2286 2035 2518 2092 strensis
2561 2033 2812 2090 adversus
2845 2034 3178 2092 Haniclueos
3213 2038 3502 2110 evulgatum
3537 2040 3629 2095 sive
3653 2040 3767 2095 casti-

2286 2127 2521 2198 gandum
2553 2126 2669 2183 sive
2706 2129 3106 2198 supplendum;
3132 2145 3306 2200 eaque
3329 2130 3393 2184 ad
3422 2132 3598 2185 calcem
3630 2131 3764 2200 reieci-

2287 2238 2410 2277 mus
2445 2241 2457 2276 :
2495 2236 2604 2291 quo
2632 2222 2848 2277 scilicet
2874 2223 3113 2297 quisque
3146 2224 3388 2278 locorum
3432 2223 3671 2278 collatione
3705 2224 3762 2277 in-

2286 2314 2498 2378 stituta,
2517 2314 2585 2369 de
2602 2314 2895 2369 lectionum
2920 2315 3155 2369 veritate
3180 2313 3439 2383 judicium
3463 2314 3597 2370 ferat.
3617 2312 3760 2366 Deinde

2286 2407 2502 2461 notulas
2543 2406 2714 2460 textui
2760 2405 3121 2476 subjecimus,
3166 2405 3361 2476 quibus
3397 2411 3504 2460 tum
3541 2402 3759 2458 Paratldo-

2284 2509 2402 2546 rum
2451 2493 2569 2547 loca
2623 2494 2955 2561 indicantur,
3006 2503 3127 2549 tum
3161 2496 3323 2550 etiam
3362 2495 3485 2551 locis
3511 2494 3674 2548 vexatis
3695 2499 3755 2544 aut

2284 2586 2559 2657 corruptis
2602 2586 2696 2640 lux
2729 2586 3055 2650 aﬂ'unditur,
3097 2597 3192 2642 aut
3215 2586 3485 2657 integritas
3509 2585 3751 2642 restituitur.

2286 2674 2342 2730 In
2391 2676 2531 2731 idem
2590 2685 2851 2747 praeterea
2893 2677 3193 2733 consilium
3234 2678 3484 2732 nonnulla
3534 2690 3678 2732 sumus
3706 2686 3752 2728 et

2282 2766 2478 2823 Photio
2505 2768 2754 2823 mutuati.
2804 2767 2891 2823 Ad
2932 2768 3052 2824 haec
3082 2776 3321 2839 quatuor
3348 2768 3581 2823 librorum
3611 2764 3750 2834 integri

2282 2860 2464 2929 aperis
2508 2859 2616 2913 Titi
2651 2869 2975 2930 argumenta
3020 2858 3382 2915 subdidimus.
3412 2858 3614 2928 Denique
3635 2856 3749 2910 trium

2282 2949 2636 3018 superstitum
2684 2949 2946 3004 librorum
2991 2949 3251 3005 lemmata
3292 2943 3747 3015 contexuimus,qui-

2205 3041 2251 3102 C
2284 3041 2386 3096 bus
2418 3048 2745 3111 conspectus
2770 3040 2937 3096 totius
2967 3041 3157 3111 operis
3194 3041 3483 3097 exhibetur.

2345 3174 2433 3234 Vl.
2474 3175 2570 3233 His
2616 3191 2782 3248 porro
2833 3175 3015 3230 addita
3055 3183 3142 3231 est
3187 3175 3442 3232 Oratiaia
3475 3174 3632 3229 Remos
3657 3171 3741 3239 pal-

2274 3283 2502 3333 marum,
2554 3283 2677 3339 quae
2722 3267 2826 3324 sub
2857 3266 2968 3322 Titi
3001 3266 3321 3325 Bostrensis
3348 3269 3541 3323 nomine
3572 3264 3742 3319 circum.

2270 3359 2462 3416 fertur.
2519 3360 2624 3426 Qui
2667 3376 2736 3416 ex
2780 3358 2970 3415 codice
3018 3362 3177 3432 regio
3207 3375 3326 3417 eam
3371 3358 3519 3416 edidit
3548 3352 3739 3413 Combeli—

2258 3450 2385 3506 ‘sius
2418 3449 2493 3521 (η)
2524 3492 2539 3515 ,
2577 3451 2792 3506 dubitat
2826 3451 2948 3521 ejus
2978 3466 3052 3507 ne
3089 3453 3162 3508 sit
3189 3452 3256 3509 de
3280 3468 3384 3523 quo
3409 3452 3487 3506 hic
3516 3462 3667 3509 sermo,
3687 3460 3734 3497 an

2269 3558 2399 3597 vero
2434 3544 2658 3600 alterius
2696 3544 2955 3613 junioris,
3004 3545 3172 3616 cujus
3217 3542 3558 3603 Cammeutarii
3592 3542 3632 3594 in
3657 3537 3732 3592 ιι·

2269 3651 2385 3688 cam
2435 3651 2559 3691 esse
2603 3635 2875 3693 feruntur.
2924 3636 3205 3693 Nimirum
3240 3638 3372 3693 duos
3406 3637 3485 3692 ille
3513 3634 3630 3688 Titos
3658 3629 3730 3682 Βοο

2268 3737 2577 3782 strenorum
2622 3728 2910 3798 episcopos
2943 3736 3293 3786 commentus
3326 3739 3438 3795 est;
3477 3740 3576 3781 cum
3602 3732 3727 3776 tamen

2266 3827 2477 3874 veteres
2508 3800 2695 3873 unum"
2714 3827 2924 3874 tantum
2956 3829 3281 3892 agnoscant.
3303 3821 3433 3876 Alibi
3466 3813 3725 3872 autemiden

2265 3909 2441 3965 editor
2473 3910 2609 3966 nihil
2646 3919 2830 3968 vetare
2854 3913 2931 3967 ait
2966 3913 3041 3983 (ο
3068 3913 3111 3987 ),
3143 3915 3223 3970 uti
3254 3929 3350 3969 nec
3374 3909 3543 3982 aliquid
3565 3917 3723 3975 cogere.

2265 4003 2396 4073 quin
2435 4003 2549 4058 hare
2579 4004 2698 4074 ipsa
2737 4005 2915 4059 oratio
2939 4008 3150 4063 seniori
3181 4007 3353 4067 detur.
3381 4003 3602 4069 Simulque
3624 3996 3723 4052 sub.

2264 4097 2342 4151 dit
2383 4116 2395 4150 :
2450 4115 2469 4148 ι
2515 4096 2904 4169 Cujuscunque
2947 4113 3082 4155 vero
3120 4100 3215 4164 sit,
3246 4114 3375 4170 opus
3404 4102 3470 4151 est
3493 4088 3717 4147 eruditum.

2259 4189 2492 4260 egregiis
2535 4188 2797 4246 refertum
2839 4192 3041 4256 censis,
3084 4206 3150 4247 ac
3193 4191 3432 4263 dogmatis
3455 4189 3713 4239 accuratum.

2262 4287 2321 4333 ut
2372 4280 2605 4351 quisque
2638 4282 2922 4354 theologus
2954 4284 3076 4353 ipsa
3113 4285 3297 4340 statim
3330 4281 3510 4338 lectione
3540 4269 3711 4326 videbit.

596 4377 827 4433 maculis
860 4379 1150 4448 deturpati.
1181 4378 1360 4436 Facile
1387 4381 1582 4437 fuisset
1620 4381 1689 4435 ad
1726 4380 2161 4446 animadverten-
2192 4371 2235 4425 Ι)
2262 4369 2437 4427 Locos
2481 4371 2779 4444 Scriptura:
2805 4374 2945 4431 scite
2972 4376 3270 4432 admodum
3296 4372 3479 4445 exponil
3507 4381 3557 4420 ³ο
3583 4360 3713 4431 ²ΡΡ¹Ῑ’

593 4471 745 4533 dum,
788 4471 950 4525 modo
972 4472 1089 4527 viro
1120 4472 1285 4527 docto
1314 4473 1404 4527 cui
1434 4472 1621 4529 Graeca
1656 4472 1937 4538 debemus,
1970 4473 2162 4528 libuis-

595 4570 699 4626 set,
738 4562 999 4618 intextam
1051 4571 1294 4619 extremo
1343 4564 1484 4620 libro
1527 4566 1688 4620 tertio
1738 4565 2160 4635 disputationem

589 4650 660 4705 de
692 4650 929 4705 hominis
961 4654 1254 4714 creatione,
1287 4667 1449 4722 quam
1479 4652 1586 4709 Titi
1610 4656 1907 4711 adversarii
1940 4654 2157 4710 diabolo

586 4752 868 4815 acceptam
909 4746 1169 4810 ferebant,
1224 4746 1292 4801 ab
1319 4761 1385 4802 eo
1419 4747 1538 4801 loco
1575 4764 1684 4819 quo
1713 4749 1884 4819 legem
1912 4764 2033 4806 esse
2060 4749 2157 4805 bo-

660 4922 736 4997 (ᾳ)
755 4920 997 4997 yieron.
1021 4921 1095 4977 De
1123 4924 1220 4979 vir.
1255 4924 1476 4989 illustr.,
1503 4940 1623 4997 cap.
1658 4927 1779 4982 102.

653 4994 729 5063 (b)
754 4991 950 5065 Epiph.
985 4994 1115 5065 hagr.
1148 5009 1295 5059 val,
1325 5011 1447 5065 cap.
1479 4996 1568 5050 2i.

655 5062 725 5137 (c)
769 5062 994 5137 Tillcm;
1010 5063 1171 5137 diem.
1200 5066 1327 5137 eccl.
1355 5062 1489 5123 tom.
1522 5065 1633 5131 νυ,
1666 5083 1788 5137 pag.
1818 5067 1944 5123 585.

581 5132 926 5258 Βέίῖδοιῖῖωί·
956 5133 1093 5198 ΒΜ
1123 5136 1247 5231 ⁰⁰¹¹έ
1293 5150 1530 5204 δοκίων
1562 5132 1683 5208 βδεῖ
1713 5132 1817 5193 8'94
1860 5154 1974 5210 seq.
2016 5140 2145 5195 edit.

878 5276 1011 5331 ibid.
1043 5277 1398 5348 COdLLX‘XV,
1425 5292 1549 5348 pag.
1575 5277 1703 5333 203.

652 5346 719 5413 (ﬂ)
762 5345 989 5417 Basnag.
1045 5349 1110 5401 ad
1164 5347 1314 5402 Thes.
1370 5344 1557 5404 (lanis.
1604 5359 1737 5404 tom.
1773 5348 1831 5414 l,
1881 5366 2003 5424 pag.
2039 5344 2142 5419 57,

585 5412 613 5484 ἐ
763 5485 1144 5561 [_._equien.__0r.
1174 5488 1375 5561 Christ.
1395 5496 1526 5545 tom.
1563 5491 1605 5555 l,
1626 5507 1745 5561 pag.
1774 5491 1895 5550 602.

654 5556 729 5621 (⁷⁸)
771 5556 985 5613 Matii").
1020 5556 1159 5630 Opp.
1196 5570 1326 5616 tom.
1360 5559 1425 5629 ll,
1470 5577 1591 5633 pag.
1627 5556 1716 5617 65:

2263 4472 2371 4526 cat,
2416 4471 2476 4519 ut
2508 4466 2643 4519 nihil
2673 4466 2975 4523 desiderari
3015 4469 3287 4526 videatur.
3321 4486 3339 4519 ι
3372 4462 3459 4519 Sed
3494 4461 3582 4514 hac
3615 4452 3709 4510 salii

2261 4554 2329 4610 de
2363 4554 2498 4624 Tito
2544 4556 2845 4613 Bostrensi.
2892 4557 3165 4615 (laterum
3216 4560 3283 4615 de
3320 4545 3642 4613 Commentariis
3670 4542 3707 4592 in

2258 4644 2458 4701 Lucam
2495 4648 2615 4719 ejus
2667 4652 2889 4705 nomine
2937 4650 3254 4722 inscriptis,
3312 4663 3405 4704 nos
3438 4644 3546 4698 alias
3567 4645 3706 4705 0W"

2258 4740 2446 4797 tunius

2327 4915 2391 4991 (ἦ)
2430 4914 2575 4991 gen.
2603 4915 2709 4991 Sic.
2754 4916 2898 4991 Hist.
2949 4918 3186 4977 Manich.
3214 4963 3229 4986 ,
3258 4935 3372 4991 pag.
3400 4916 3473 4991 .30.

2432 4969 2588 5042 Phot.
2615 4969 2708 5042 lib
2728 4969 3370 5054 τέοῆίτῗῄδὶἇᾶἰῖὴῖοέ
3481 4995 3561 5039 xlv,
3592 4969 3693 5043 apud

2253 5052 2420 5133 Wolf.
2440 5056 2783 5133 amem.
2820 5067 2955 5133 tom.
2987 5060 3027 5128 l,
3072 5078 3193 5133 pag.
3214 5060 3318 5133 ξι.

2321 5125 2395 5204 (ff)
2426 5126 2621 5204 Qanis.
2655 5128 2797 5204 Left.
2848 5118 3175 5204 antiqitomv.
3214 5130 3256 5181 V
3279 5172 3298 5204 ε
3317 5140 3456 5199 pagg.
3480 5118 3667 5204 ὃςηὲςῇ

2426 5196 2657 5269 Ιῇξξηαε.
2714 5199 2865 5254 Thes.
2901 5187 3085 5257 Ca'nis.
3118 5212 3248 5256 tom.
3280 5187 3334 5261 l:
3361 5187 3492 5269 Ρῖἔέδ·
3517 5187 3569 5242 59
3585 5195 3684 5269 5°93;

2320 5244 2415 5336 δή)
2428 5244 2691 5325 ’νῦὲξξίἑι
2716 5244 3085 5326 ὶίὲἷὸαῖῗὶἓόῗ
3102 5244 3248 5343 ε’ὗπῖίξ
3265 5244 3602 5338 ἑᾶρῖἒῖἶξριεε·
3621 5244 3686 5303 ¹⁶⁶

2248 5348 2403 5488 sevi).
2431 5405 2681 5488 pombef.
2713 5410 2865 5464 Auct.
2898 5427 3016 5466 non.
3052 5419 3183 5488 tom.
3216 5408 3255 5470 l,
3289 5422 3397 5488 pag.

2245 5469 2508 5615 pagol‘lél.
2560 5478 2615 5535 iu
2640 5496 2848 5537 recens.
2899 5491 3045 5537 auct.
3082 5480 3149 5535 ad
3190 5469 3315 5535 tom.
3354 5469 3379 5530 Ι
3414 5469 3527 5527 Bibl.
3558 5470 3681 5516 ulc-9
3784 5498 3787 5581 in
