4008 6208
233 177 374 238 1069

1304 192 1671 250 Αονειιευδ
1707 190 2131 248 ΜΑΝΙΟΗᾹΞΟΒ
2169 192 2297 247 LIB.
2337 192 2379 247 I.

3336 187 3477 243 {070

243 311 3457 348 Mm

488 629 497 638 .
568 476 959 630 TITI
1036 474 2204 633 BOSTRENSIS
2265 477 3131 634 EPISCOPI

471 750 848 864 LIBRI
984 751 1347 864 TRES
1388 750 2168 868 .ADVERSUS

2296 753 3218 868 MANICH/EOS.

1075 991 1478 1037 INTERPRETE
1520 974 1970 1039 FRANCISCO
2005 976 2418 1041 TUBRIANO
2454 977 2516 1037 S.
2560 978 2619 1039 Ι.

1390 1256 1747 1345 LIBER
1820 1255 2306 1347 ΡΒΙΜυδ.

1428 1513 1553 1569 Car.
1594 1514 1633 1570 Ι.
1671 1516 1833 1590 Origo
1870 1517 2275 1575 Manichwismi.

296 1631 440 1687 Πᾶσι
472 1631 569 1703 μὲν
599 1624 679 1694 οἷς
710 1629 897 1700 γέγονε
943 1628 1032 1685 διὰ
1073 1630 1307 1702 σπουδῆς
1339 1632 1448 1688 τῶν
1484 1637 1543 1688 ἐν
1581 1636 1792 1709 ἀνθρώ-

1965 1638 2177 1706 Quibus
2206 1635 2450 1692 studium
2479 1642 2564 1690 est
2594 1648 2792 1689 causas
2820 1648 3012 1688 eorum
3057 1648 3181 1704 quae
3222 1633 3473 1688 homines

228 1740 351 1787 ποις
377 1722 839 1795 ἁμαρτανομένων
870 1721 969 1787 τὰς
1005 1723 1180 1788 αἰτίας
1213 1723 1417 1788 ἐξελεῖν
1460 1725 1618 1795 Θεοῦ,
1656 1729 1801 1794 ὅσιός

230 1835 288 1871 τε
321 1818 414 1873 καὶ
450 1816 654 1888 ἀληθὴς
700 1815 892 1885 γέγονε
941 1815 1086 1870 κατὰ
1129 1815 1288 1870 τοῦτο
1333 1816 1443 1872 τῶν
1484 1819 1740 1875 τοιούτων
1772 1825 1802 1877 ὁ

231 1909 464 1974 σκοπός·
492 1908 606 1977 εἴγε
651 1908 727 1980 μὴ
754 1908 1107 1979 διαφυγόντες
1150 1909 1210 1963 τὸ
1243 1912 1490 1983 προνοεῖν
1539 1912 1646 1968 τῶν
1679 1915 1800 1970 καθ’

226 2002 376 2073 ἡμᾶς
405 2001 496 2055 τὸν
536 2000 689 2069 Θεὸν,
730 2000 969 2069 εὐλόγως
1010 2003 1107 2057 καὶ
1152 2001 1457 2076 φιλαλήθως
1495 2004 1801 2076 ἀνθρώποις

227 2095 500 2166 ἀνέθηκαν
546 2095 615 2149 τὰ
658 2094 807 2164 σφῶν
853 2094 1032 2149 αὐτῶν
1077 2097 1483 2169 ἁμαρτήματα⁸
1527 2099 1801 2169 ὲπείτοιγε

228 2190 425 2261 μικρὸν
465 2188 645 2243 ἰᾶσθαί
676 2206 729 2241 τι
781 2188 1151 2259 βουληθέντες,
1186 2189 1395 2261 μείζονι
1439 2193 1534 2245 καὶ
1581 2192 1801 2265 χαλεπῷ

223 2283 493 2354 νοσήματι
527 2283 628 2353 τῆς
657 2282 911 2345 ἀσεϐείας
942 2282 1287 2353 περιέπεσον,
1319 2285 1398 2347 είς
1440 2284 1669 2356 ἀρνησιν
1701 2284 1800 2354 τῆς

222 2376 286 2428 ἐν
317 2375 483 2428 παντὶ
513 2373 842 2446 φαινομένης
867 2372 960 2427 τοῦ
995 2372 1128 2427 Θεοῦ
1163 2375 1420 2446 προνοίας
1446 2377 1796 2447 ἐμπεσόντες.

238 2467 297 2519 ’0
351 2467 409 2520 δὲ
445 2467 634 2537 μανεὶς
675 2467 741 2520 ἐκ
783 2464 1072 2538 βαρϐάρων
1112 2468 1206 2521 καὶ
1246 2467 1345 2537 τῆς
1391 2468 1587 2538 μανίας
1632 2468 1802 2541 αὐτῆς

227 2557 530 2629 ἐπώνυμος,
559 2556 639 2610 ἔτι
666 2557 801 2628 πρὸς
824 2558 1077 2612 ἀσέϐειαν
1105 2558 1495 2632 βλαϐερωτέρῳ
1523 2560 1800 2632 φαρμάκῳ

228 2651 602 2722 κατεχρήσατο
625 2667 639 2681 ·
695 2649 889 2714 κακίας
939 2650 1048 2722 γὰρ
1097 2650 1335 2706 ἀναίτιον
1359 2677 1365 2684 -
1388 2652 1665 2717 ἀποδεῖξαι
1709 2650 1801 2705 τὸν

225 2741 360 2794 Θεὸν
410 2739 710 2811 βουληθεὶς,
748 2741 943 2794 κακίαν
990 2740 1197 2814 προῖὼν
1248 2743 1576 2812 ἀντέστησεν
1620 2743 1797 2815 αὐτῷ’

228 2833 635 2906 ἀγέννητον,ῶς
650 2851 834 2905 φησιν,
864 2835 1163 2905 ἀγεννήτῳ,
1187 2835 1364 2899 ζῶσαν
1388 2835 1573 2901 ζῶντι,
1593 2836 1678 2889 ἀεὶ
1703 2836 1801 2907 μὶν

226 2928 664 2999 ἐπανισταμένην
698 2928 791 2981 καὶ
825 2928 1157 3000 μαχομένην,
1189 2929 1283 2981 καὶ
1330 2926 1524 2982 οὔποτε
1572 2929 1645 3000 μὴ
1679 2929 1802 3000 οὐχὶ

1901 1736 2130 1800 peccant
2150 1769 2165 1792 ,
2197 1742 2229 1780 a
2258 1726 2369 1782 Deo
2398 1739 2709 1790 removere,
2743 1724 2897 1778 aiunt
2924 1733 3175 1779 sanctum
3204 1733 3258 1779 et
3285 1740 3472 1779 verum

1901 1839 2023 1880 esse
2052 1822 2221 1876 Deum
2250 1841 2264 1875 :
2299 1821 2407 1875 huc
2438 1826 2689 1891 spectant
2716 1819 2856 1873 tales
2877 1856 2893 1881 ,
2921 1827 2976 1873 et
3005 1818 3110 1872 hoc
3151 1816 3233 1872 eis
3275 1832 3476 1888 pr0po-

1901 1917 2069 1971 situm
2093 1922 2179 1971 est
2209 1913 2376 1968 tueri.
2406 1911 2543 1967 Cum
2583 1911 2729 1965 enim
2773 1925 2882 1964 non
2926 1916 3129 1980 negant
3175 1923 3477 1979 procurare

1902 2005 2072 2061 Deum
2098 2021 2189 2061 res
2215 2013 2435 2060 nostras
2452 2045 2467 2069 ,
2491 2010 2640 2058 recte
2666 2016 2730 2056 ac
2756 2016 2883 2058 vere
2909 2001 3222 2058 hominibus
3250 2013 3477 2073 peccata

1901 2112 2091 2153 eorum
2122 2097 2448 2169 assignant;
2474 2095 2694 2166 |alioqui
2734 2109 2925 2165 parum
2969 2094 3100 2164 quid
3144 2110 3340 2150 sanare
3381 2095 3477 2164 qui

1901 2191 2194 2246 voluerunt
2214 2231 2227 2256 ,
2261 2189 2317 2243 in
2346 2189 2651 2260 graviorem
2683 2196 2738 2242 et
2780 2184 3139 2243 diﬁiciliorem
3180 2187 3476 2257 impietatis

1900 2282 2274 2354 aegritudinem
2308 2281 2653 2344 inciderunt,
2688 2278 2780 2333 Dei
2810 2278 3239 2349 providentiam,
3272 2296 3392 2351 qua:
3418 2282 3477 2335 in

1902 2376 2257 2432 universitate
2283 2389 2466 2429 rerum
2496 2374 2764 2436 cernitur,
2812 2381 3098 2444 negantes.
3144 2373 3475 2429 Manichacus

1901 2482 2062 2534 vero,
2089 2467 2184 2538 qui
2215 2481 2246 2520 a
2271 2465 2525 2520 barbarie
2553 2475 2607 2520 et
2638 2464 2820 2520 furore
2842 2480 3039 2520 nomen
3068 2465 3254 2533 ducit,
3281 2482 3478 2522 nocen-

1901 2559 2042 2614 tiore
2064 2558 2244 2613 adhuc
2269 2565 2463 2611 contra
2494 2556 2825 2627 impietatem
2852 2556 3093 2612 remedio
3116 2556 3322 2613 abusus
3353 2566 3438 2612 est
3459 2576 3482 2614 '.

1903 2667 2028 2706 cum
2068 2651 2211 2705 enim
2253 2652 2631 2705 demonstrare
2671 2650 2935 2705 voluisset
2980 2665 3090 2705 non
3137 2666 3259 2706 esse
3307 2650 3479 2707 Deum

1905 2750 2179 2796 auctorem
2212 2740 2372 2805 mali,
2403 2741 2608 2795 malum
2637 2742 2689 2796 ei
2718 2743 3009 2811 opposuit,
3046 2742 3346 2813 ingenitum
3371 2784 3384 2807 ,
3421 2755 3482 2797 ut

1903 2836 2008 2901 ait,
2042 2835 2317 2906 ingenito,
2348 2835 2531 2888 vivum
2561 2835 2683 2889 vivo
2704 2874 2721 2893 .
2749 2850 2967 2905 semper
2997 2837 3275 2893 obsistens
3304 2853 3366 2892 ac
3392 2854 3482 2893 re-

1903 2943 2185 2997 pugnans,
2216 2935 2269 2981 et
2308 2942 2588 2996 nunquam
2635 2942 2743 2980 non
2778 2928 3061 2998 negotium
3107 2937 3160 2984 et
3201 2930 3480 2985 molestias

227 3020 529 3092 πράγματα
576 3019 918 3091 παρέχουσαν
960 3019 1138 3091 αὐτῷ·
1184 3018 1621 3091 ἀναιρεθῆναιδέ
1664 3020 1800 3090 πρὸς

1903 3020 2147 3076 inferens
2173 3039 2187 3087 ;
2218 3019 2473 3089 quodque
2505 3020 2574 3073 ab
2601 3035 2668 3072 eo
2708 3020 2957 3075 funditus
2996 3021 3269 3092 exstingui
3300 3030 3354 3076 et
3397 3023 3482 3076 in—

224 3111 390 3165 αύτοῦ
419 3110 695 3175 παντελῶς
722 3110 797 3182 μὴ
817 3111 1143 3183 δυναμένην,
1163 3113 1240 3176 ὼς
1262 3112 1432 3166 ἀΐδιόν
1456 3128 1515 3165 τε
1539 3112 1634 3166 καὶ
1661 3129 1801 3184 συμ-

226 3202 664 3275 πεπληρωμένην
694 3203 794 3275 τὴν
837 3204 1023 3257 οὐσίαν
1073 3204 1167 3257 κα)⁸
1216 3205 1510 3276 ἀγένητον·
1558 3205 1652 3260 καὶ
1698 3222 1803 3260 καρ-

223 3296 404 3361 πνὸν,
432 3296 507 3360 ὥς
540 3313 693 3366 φασι,
731 3298 987 3367 φεύγων,
1021 3297 1403 3367 ἐμπέπτωκεν
1437 3300 1525 3364 εὶς
1562 3298 1627 3352 τὸ
1655 3298 1795 3368 πῦρ.

225 3390 344 3442 Ἵνα
373 3389 482 3461 γάρ
524 3391 599 3461 μὴ
630 3390 738 3443 τῶν
768 3392 896 3461 παρ’
930 3391 1081 3461 ἡμῖν,
1110 3388 1186 3453 ὡς
1222 3390 1412 3456 οἴεται,
1458 3391 1642 3443 κακῶν
1693 3393 1796 3444 ὑπ-

221 3481 369 3553 έχειν
404 3482 532 3556 δοκῇ
566 3482 666 3547 τὰς
690 3483 866 3547 αἰτίας
889 3484 918 3536 6
933 3483 1084 3547 Θεὸς,
1107 3482 1270 3546 αὐτὸς
1296 3501 1360 3552 γε
1389 3482 1516 3556 ὅλης
1542 3485 1683 3549 τινὸς
1706 3485 1799 3537 καὶ

224 3574 518 3646 ὁλοκλήρου
552 3576 682 3647 παρ’
721 3574 868 3645 αὐτῷ
892 3574 1089 3637 κακίας
1124 3575 1551 3646 παραπολαύειν.
1586 3577 1651 3629 Τί
1689 3577 1798 3647 γὰρ

224 3667 274 3718 εἰ
305 3665 674 3737 μακροθύμως
701 3666 794 3719 καὶ
819 3665 1019 3735 σοφῶς,
1044 3664 1119 3729 ὣς
1144 3681 1297 3735 φησι,
1330 3666 1795 3737 μεταχειρίζεται;

223 3756 339 3811 ἀλλ’
363 3758 513 3828 ὅμως
532 3758 633 3811 οὐκ
658 3756 1000 3829 ἀπολέμητος
1031 3757 1097 3810 ἂν
1126 3759 1209 3829 εἵη
1242 3759 1384 3812 κατά
1398 3775 1460 3826 γε
1489 3758 1587 3829 τὴν
1614 3758 1798 3813 τοιαύ-

224 3865 325 3919 την
359 3848 613 3903 ὑπόθεσιν
632 3866 645 3878 ·
674 3844 735 3903 οὗ
766 3848 817 3903 τί
839 3849 905 3904 ἀν
934 3849 1143 3919 γένοιτο
1179 3850 1288 3902 τῶν
1319 3855 1643 3921 πρεπόντων
1669 3852 1800 3923 περὶ

225 3938 361 3994 Θεοῦ
382 3940 655 4012 λογισμῶν
679 3940 1097 4015 ἀλλοτριώτερον
1116 3959 1129 4005 ;

1907 3112 2073 3167 terire
2104 3118 2371 3180 nequeat,
2400 3118 2587 3177 utpote
2614 3119 2817 3166 teter-na
2845 3120 2899 3166 et
2921 3113 3191 3183 completa
3221 3114 3483 3171 substan-

1905 3205 2015 3267 tia,
2048 3214 2304 3273 tanquain
2334 3201 2576 3272 ingenita
2607 3220 2619 3256 :
2653 3204 2734 3257 sic
2755 3203 2959 3273 fugiens
3007 3202 3209 3265 fumum
3233 3244 3247 3266 ,
3297 3213 3356 3258 ut
3396 3212 3482 3260 est

1903 3296 1961 3350 in
1991 3295 2314 3357 Proverbia,
2349 3296 2404 3347 in
2437 3296 2606 3364 ignem
2648 3294 2856 3349 incidit.
2886 3294 3096 3348 Etenim
3142 3296 3482 3352 ne'videatur

1901 3388 2080 3454 Deus,
2125 3395 2186 3441 ut
2225 3386 2559 3440 Manichaeus
2603 3387 2914 3449 existimat,
2961 3396 3279 3441 nostrorum
3310 3391 3481 3443 malo-

1903 3497 2023 3536 rum
2045 3496 2168 3537 esse
2194 3481 2248 3534 in
2278 3494 2446 3534 causa
2471 3518 2485 3541 ,
2514 3493 2579 3533 ex
2606 3482 2724 3533 toto
2748 3478 2984 3547 quodam
3015 3486 3070 3532 ct
3099 3480 3308 3550 integro
3335 3481 3479 3534 malo

1906 3574 2048 3644 apud
2080 3589 2139 3629 se
2169 3573 2403 3626 fructum
2432 3571 2586 3641 lingit
2610 3570 2911 3641 percipere.
2942 3569 3085 3636 Quid
3111 3572 3254 3624 enim
3275 3612 3291 3639 ,
3315 3572 3360 3627 si
3389 3588 3479 3627 res

1906 3675 2105 3721 tractat
2133 3666 2277 3722 Deus
2297 3706 2312 3728 ,
2345 3674 2404 3718 ut
2431 3663 2763 3719 Manichacus
2807 3663 2914 3727 ait,
2961 3664 3259 3719 toleranter
3302 3672 3357 3718 et
3388 3680 3478 3719 sa-

1905 3746 2158 3830 pienter?
2189 3769 2243 3811 at
2275 3772 2584 3827 nunquam,
2614 3754 2871 3825 opinione
2904 3755 3097 3824 hujus,
3128 3757 3269 3811 bello
3294 3768 3347 3812 et
3377 3774 3479 3827 pu-

1906 3865 2012 3922 gna
2050 3850 2301 3904 carebit:
2336 3864 2446 3919 quo
2487 3848 2620 3917 quid
2663 3854 2839 3918 potest
2867 3848 2933 3903 de
2960 3848 3068 3903 Deo
3103 3849 3247 3918 quod
3295 3850 3477 3904 minus

1907 3956 2030 3995 eum
2062 3940 2256 3995 deceat
2273 3980 2289 4004 ,
2321 3940 2552 4011 cogitari
2579 3939 2603 3992 ?

1354 4059 1482 4113 CAP.
1526 4058 1591 4111 ll.
1621 4058 2017 4114 Catholicorum
2044 4057 2322 4111 sententia.

290 4151 418 4206 Ὅτι
467 4152 565 4223 μὲν
608 4150 716 4223 γὰρ
756 4150 980 4216 εὐσεϐὲς
1009 4151 1116 4205 τῶν
1158 4151 1309 4221 παρά
1351 4149 1658 4223 ἀνθρώποις
1683 4150 1797 4206 ἀδι-

1968 4147 2127 4216 Quod
2160 4149 2310 4219 pium
2343 4148 2564 4218 quidem
2592 4149 2664 4203 sit
2693 4148 2836 4219 apud
2868 4148 3119 4204 homines
3140 4188 3155 4212 ,
3187 4150 3318 4206 totis
3344 4150 3475 4205 viri-

227 4243 486 4316 κημάτων
519 4243 757 4297 ἀναίτιον
801 4244 961 4298 παντὶ
990 4243 1166 4297 σθένει
1204 4244 1294 4297 τὸν
1335 4244 1465 4297 Θεὸν
1494 4242 1797 4313 ὁμολογεῖν,

227 4333 443 4405 πρῶτος
468 4332 788 4406 πρεσϐεύειν
810 4333 1108 4389 ἐσπούδακε
1133 4334 1233 4405 τῆς
1253 4334 1548 4404 ωθολικῆς
1581 4333 1803 4405 Ἐκκλη-

227 4428 348 4492 σίας
375 4428 404 4480 ὁ
430 4427 586 4497 λόγος
605 4425 967 4499 ’ζητουμένου
985 4428 1062 4492 δὲ,
1088 4430 1210 4482 τίνα
1232 4429 1431 4500 τρόπον
1451 4428 1558 4500 πλη
1566 4427 1803 4501 μμελοῦ-

224 4538 330 4592 μεγ
364 4522 548 4591 ἡμεῖς,
574 4518 668 4573 τοῦ
700 4519 834 4575 Θεοῦ
870 4521 945 4591 μὴ
981 4520 1323 4592 βουλομένου,
1349 4521 1411 4573 ού
1455 4522 1586 4592 περὶ
1617 4519 1800 4592 μειζό-

222 4630 334 4667 νων
376 4610 791 4684 κατηγοροῦμεν
830 4611 989 4675 Θεοῦ,
1039 4613 1166 4683 περὶ
1214 4612 1570 4684 μικροτέρων,
1613 4611 1803 4686 ὥσπερ

226 4705 451 4766 ἐκεῖνος,
471 4701 855 4772 ἀπολογεῖσθαι
886 4702 1196 4773 βουλόμενοι
1214 4702 1309 4773 (1).

308 4791 447 4845 Ἀλλ’
478 4787 646 4863 αὐτὴν
668 4792 765 4863 τῆς
788 4791 1043 4864 ἀληθείας
1064 4793 1164 4862 τὴν
1185 4791 1322 4855 ὁδὸν,
1351 4790 1417 4845 ἐκ
1431 4808 1489 4845 τε
1504 4790 1610 4843 τῶν
1631 4789 1801 4860 ἀγίων

226 4884 461 4958 Γραφῶν
500 4886 594 4938 καὶ
632 4882 741 4938 τῶν
784 4882 979 4937 κοινῶν
1025 4882 1241 4937 ἐννοιῶν
1274 4882 1506 4952 ἔχοντες,
1546 4878 1801 4952 ἀσφαλῶς

224 4976 480 5047 ὁδεύομεν
501 4975 599 5046 (Γ)
620 4974 756 5046 πρὸς
772 4973 869 5046 τὴν
883 4974 1135 5045 τοιαύτην
1158 4974 1405 5046 ζήτησιν,
1427 4973 1505 5045 τῷ
1526 4990 1591 5043 γε
1618 4973 1802 5036 αὐτοῖς

229 5065 533 5137 φιλαλήθως
572 5065 985 5137 προσεγκαλεῖν,
1022 5064 1217 5135 εὐσεϐῆ
1268 5065 1366 5135 τὴν
1409 5063 1681 5129 ἀπόδειξιν
1701 5062 1800 5133 τὴν

227 5157 369 5229 ὑπὲρ
407 5154 541 5213 Θεοῦ
584 5155 895 5226 ποιούμενοι
920 5172 935 5187 ο
988 5157 1047 5209 οὐ
1088 5156 1197 5227 γὰρ
1243 5156 1333 5210 ἵνα
1376 5155 1454 5228 τῷ
1501 5155 1645 5227 λόγῳ
1687 5149 1801 5209 δια-

225 5246 536 5318 φεύγωμεν,
561 5239 635 5299 ὧν
663 5247 740 5308 είς
766 5244 1024 5316 ἀλλήλους
1054 5243 1478 5316 πλημμελοῦμεν
1508 5244 1576 5299 τὰ
1606 5245 1803 5316 ἐγκλή-

228 5357 396 5411 ματα,
460 5339 734 5410 προσῆκεν
786 5340 865 5401 εἰς
919 5337 1050 5391 Θεὸν
1102 5336 1337 5401 ἀσεϐεῖν,
1394 5320 1800 5409 πραττομένους

226 5434 357 5502 παρ’
386 5430 550 5485 αὐτοῦ
583 5432 651 5485 τὰ
689 5432 905 5486 πάντων
936 5430 1367 5503 ὑϐριστικώτερα
1406 5434 1499 5486 καὶ
1536 5431 1799 5503 μηδαμῶς

222 5522 354 5576 ὅντα

300 5636 374 5708 (Ι)
404 5635 583 5710 γωδ..
612 5639 961 5711 Βουλόμενος.
1002 5641 1158 5697 Eutr.

1902 4241 2006 4298 bus
2035 4242 2314 4307 conﬁteri,
2350 4241 2514 4297 Deum
2544 4257 2651 4296 non
2680 4257 2805 4296 esse
2835 4241 3161 4310 injuriarum
3188 4251 3241 4297 et
3268 4242 3475 4298 maleﬁ-

1898 4334 2112 4390 ciorum
2143 4343 2423 4388 auctorem
2447 4376 2461 4398 ,
2494 4334 2670 4403 prima
2704 4333 2958 4389 doctrina
2988 4334 3248 4392 Ecclesiae
3288 4337 3477 4393 catho-

1899 4425 2020 4481 licae
2065 4422 2280 4481 studuit
2309 4425 2577 4496 proﬁteri.
2611 4426 2748 4482 Cum
2781 4436 2963 4483 autem
2996 4430 3294 4498 quaerimus
3335 4446 3475 4500 quo-

1899 4518 2065 4573 modo
2109 4533 2211 4573 nos
2250 4533 2540 4588 peccemus
2582 4520 2800 4575 nolente
2841 4520 3013 4585 Deo,“
3041 4529 3100 4574 ut
3150 4537 3474 4592 peccemus,

1901 4606 1968 4663 de
1999 4608 2347 4679 gravioribus
2377 4624 2483 4662 non
2515 4609 2684 4664 Deum
2713 4626 3058 4677 accusamus,
3092 4629 3216 4669 cum
3249 4629 3279 4669 a
3308 4615 3476 4671 levio-

1900 4700 2053 4755 ribus
2077 4715 2201 4756 eum
2219 4740 2233 4765 ,
2269 4701 2413 4756 sicut
2441 4702 2565 4764 ille,
2596 4702 2889 4760 defendere
2915 4707 3190 4764 volumus.

1971 4792 2031 4852 Si
2058 4794 2153 4863 qui
2180 4793 2323 4847 viam
2356 4794 2605 4849 veritatis
2632 4810 2698 4851 ex
2729 4799 2938 4852 sanctis
2982 4796 3283 4870 Scripturis
3323 4810 3378 4856 et
3406 4817 3475 4856 ex

1901 4885 2282 4941 communibus
2314 4885 2632 4942 nationibus
2662 4888 2934 4958 cognitam
2962 4890 3248 4954 habemus,
3274 4907 3473 4962 perga-

1899 4990 2024 5029 mus
2055 4973 2206 5030 ﬁrme
2235 4975 2302 5029 ad
2332 4976 2494 5031 talem
2525 4979 2906 5047 quaestionem,
2942 4982 3082 5050 piam
3127 4991 3475 5051 argumenta-

1900 5068 2102 5122 tionem
2151 5081 2252 5136 pro
2299 5066 2409 5121 Deu
2459 5068 2888 5135 concludentes,
2941 5087 3042 5127 nos
3090 5073 3239 5143 ipsos
3290 5072 3473 5128 studio

1900 5157 2154 5214 veritatis
2185 5159 2499 5214 accusando
2530 5178 2543 5214 :
2575 5176 2687 5214 non
2712 5164 2856 5217 enim
2891 5172 2949 5217 ut
2975 5165 3139 5219 verbo
3163 5169 3474 5221 accusatio-

1900 5265 2022 5305 nem
2052 5264 2241 5304 eorum
2265 5290 2280 5313 ,
2311 5266 2433 5323 qua:
2465 5251 2518 5304 in
2550 5268 2650 5308 nos
2682 5255 2823 5309 inter
2866 5271 2967 5311 nos
3010 5273 3335 5327 peccamus.
3375 5259 3472 5313 dc-

1900 5345 2197 5407 clinemus,
2226 5343 2453 5399 decebat
2480 5346 2533 5399 in
2564 5347 2731 5402 Deum
2766 5350 2963 5420 impios
2988 5367 3111 5408 esse
3131 5392 3146 5415 ,
3178 5363 3469 5423 poscentes

1901 5434 1968 5487 ab
2006 5449 2072 5487 eo
2112 5449 2233 5503 qua:
2275 5446 2403 5489 sunt
2431 5438 2914 5496 contumeliosiora
2942 5445 3195 5502 omnibus
3215 5487 3229 5515 ,
3264 5453 3318 5502 et
3346 5462 3470 5518 quae

1826 5506 1869 5558 ι)
1898 5541 2237 5595 nequaquam
2266 5538 2408 5585 sunt.

1971 5642 2066 5714 (Ιῖ)
2099 5640 2282 5710 Forte,
2322 5646 2607 5715 ὀδεύωμεν.
2645 5647 2796 5704 Enn.

2950 5740 3075 5756 και-..ομ
