  <div class='ocr_page' id='page_1' title='image "/cluster/home/n/w/nwhite01/storage/ocr_20150623/18/hvd.32044073501207/541.png"; bbox 0 0 3968 6914; ppageno 0'>
   <div class='ocr_carea' id='block_1_1' title="bbox 570 223 698 283">
    <p class='ocr_par' dir='ltr' id='par_1_1' title="bbox 570 223 698 283">
     <span class='ocr_line' id='line_1_1' title="bbox 570 223 698 283; baseline -0.023 0"><span class='ocrx_word' id='word_1_1' title='bbox 570 223 698 283; x_wconf 69' lang='grc' dir='ltr'><strong>ίθῖί</strong></span> 
     </span>
    </p>
   </div>
   <div class='ocr_carea' id='block_1_2' title="bbox 1684 218 2623 278">
    <p class='ocr_par' dir='ltr' id='par_1_2' title="bbox 1684 218 2623 278">
     <span class='ocr_line' id='line_1_2' title="bbox 1684 218 2623 278; baseline 0.001 -4"><span class='ocrx_word' id='word_1_2' title='bbox 1684 219 1820 274; x_wconf 80' lang='lat' dir='ltr'><strong>TITI</strong></span> <span class='ocrx_word' id='word_1_3' title='bbox 1854 218 2281 276; x_wconf 82' lang='lat' dir='ltr'><strong>BOSTBENSIS</strong></span> <span class='ocrx_word' id='word_1_4' title='bbox 2319 219 2623 278; x_wconf 83' lang='lat' dir='ltr'><strong>EPISCOPI</strong></span> 
     </span>
    </p>
   </div>
   <div class='ocr_carea' id='block_1_3' title="bbox 3574 237 3677 291">
    <p class='ocr_par' dir='ltr' id='par_1_3' title="bbox 3574 237 3677 291">
     <span class='ocr_line' id='line_1_3' title="bbox 3574 237 3677 291; baseline 0 -1"><span class='ocrx_word' id='word_1_5' title='bbox 3574 237 3677 291; x_wconf 69' lang='lat'><strong>107?.</strong></span> 
     </span>
    </p>
   </div>
   <div class='ocr_carea' id='block_1_4' title="bbox 634 336 2201 420">
    <p class='ocr_par' dir='ltr' id='par_1_4' title="bbox 634 336 2201 409">
     <span class='ocr_line' id='line_1_4' title="bbox 634 336 2201 409; baseline -0.003 -13"><span class='ocrx_word' id='word_1_6' title='bbox 634 339 902 396; x_wconf 62' lang='lat' dir='ltr'><strong>Praeterea</strong></span> <span class='ocrx_word' id='word_1_7' title='bbox 932 339 1024 409; x_wconf 89' lang='lat' dir='ltr'><strong>qui</strong></span> <span class='ocrx_word' id='word_1_8' title='bbox 1060 339 1435 393; x_wconf 80' lang='lat' dir='ltr'><strong>existimamus</strong></span> <span class='ocrx_word' id='word_1_9' title='bbox 1458 345 1686 408; x_wconf 83' lang='lat' dir='ltr'><strong>peccata</strong></span> <span class='ocrx_word' id='word_1_10' title='bbox 1712 339 1854 408; x_wconf 87' lang='lat' dir='ltr'><strong>apud</strong></span> <span class='ocrx_word' id='word_1_11' title='bbox 1884 336 2129 391; x_wconf 86' lang='lat' dir='ltr'><strong>homines</strong></span> <span class='ocrx_word' id='word_1_12' title='bbox 2156 345 2201 401; x_wconf 77' lang='grc' dir='ltr'>Α</span> 
     </span>
    </p>
   </div>
   <div class='ocr_carea' id='block_1_5' title="bbox 2115 336 3682 420">
    <p class='ocr_par' dir='ltr' id='par_1_5' title="bbox 2115 336 3682 420">
     <span class='ocr_line' id='line_1_5' title="bbox 2115 336 3682 420; baseline 0.005 -29"><span class='ocrx_word' id='word_1_13' title='bbox 2115 352 2129 391; x_wconf 70' lang='lat'><strong>5</strong></span> <span class='ocrx_word' id='word_1_14' title='bbox 2156 345 2204 401; x_wconf 74' lang='grc' dir='ltr'>Α</span> <span class='ocrx_word' id='word_1_15' title='bbox 2299 337 2442 408; x_wconf 83' lang='grc' dir='ltr'><strong>Πρὸς</strong></span> <span class='ocrx_word' id='word_1_16' title='bbox 2469 336 2526 390; x_wconf 88' lang='grc' dir='ltr'><strong>δὲ</strong></span> <span class='ocrx_word' id='word_1_17' title='bbox 2558 336 2764 399; x_wconf 83' lang='grc' dir='ltr'><strong>τούτοις</strong></span> <span class='ocrx_word' id='word_1_18' title='bbox 2785 336 2980 408; x_wconf 76' lang='grc' dir='ltr'><strong>-ίᾶσιμα</strong></span> <span class='ocrx_word' id='word_1_19' title='bbox 3008 340 3073 393; x_wconf 83' lang='grc' dir='ltr'><strong>τὰ</strong></span> <span class='ocrx_word' id='word_1_20' title='bbox 3097 342 3240 413; x_wconf 87' lang='grc' dir='ltr'><strong>παρὰ</strong></span> <span class='ocrx_word' id='word_1_21' title='bbox 3270 344 3532 414; x_wconf 77' lang='grc' dir='ltr'><strong>ἀνθρώποις</strong></span> <span class='ocrx_word' id='word_1_22' title='bbox 3551 349 3682 420; x_wconf 79' lang='grc' dir='ltr'><strong>ἀμαρ-</strong></span> 
     </span>
    </p>
   </div>
   <div class='ocr_carea' id='block_1_6' title="bbox 571 428 2130 500">
    <p class='ocr_par' dir='ltr' id='par_1_6' title="bbox 571 428 2130 500">
     <span class='ocr_line' id='line_1_6' title="bbox 571 428 2130 500; baseline -0.006 -11"><span class='ocrx_word' id='word_1_23' title='bbox 571 433 833 490; x_wconf 85' lang='lat' dir='ltr'><strong>sanabilia</strong></span> <span class='ocrx_word' id='word_1_24' title='bbox 862 446 984 486; x_wconf 89' lang='lat' dir='ltr'><strong>esse</strong></span> <span class='ocrx_word' id='word_1_25' title='bbox 1003 470 1017 494; x_wconf 95' lang='lat'><strong>,</strong></span> <span class='ocrx_word' id='word_1_26' title='bbox 1053 437 1240 500; x_wconf 90' lang='lat' dir='ltr'><strong>utpote</strong></span> <span class='ocrx_word' id='word_1_27' title='bbox 1267 444 1388 499; x_wconf 70' lang='lat' dir='ltr'><strong>qua:</strong></span> <span class='ocrx_word' id='word_1_28' title='bbox 1415 445 1522 483; x_wconf 92' lang='lat' dir='ltr'><strong>non</strong></span> <span class='ocrx_word' id='word_1_29' title='bbox 1551 445 1579 482; x_wconf 91' lang='lat' dir='ltr'><strong>a</strong></span> <span class='ocrx_word' id='word_1_30' title='bbox 1605 429 1873 500; x_wconf 89' lang='lat' dir='ltr'><strong>principio</strong></span> <span class='ocrx_word' id='word_1_31' title='bbox 1898 428 2130 499; x_wconf 87' lang='lat' dir='ltr'><strong>quodam</strong></span> 
     </span>
    </p>
   </div>
   <div class='ocr_carea' id='block_1_7' title="bbox 571 517 2133 583">
    <p class='ocr_par' dir='ltr' id='par_1_7' title="bbox 571 517 2133 583">
     <span class='ocr_line' id='line_1_7' title="bbox 571 517 2133 583; baseline -0.003 -5"><span class='ocrx_word' id='word_1_32' title='bbox 571 531 761 578; x_wconf 88' lang='lat' dir='ltr'><strong>contra</strong></span> <span class='ocrx_word' id='word_1_33' title='bbox 793 535 887 576; x_wconf 90' lang='lat' dir='ltr'><strong>eos</strong></span> <span class='ocrx_word' id='word_1_34' title='bbox 915 517 1167 583; x_wconf 77' lang='lat' dir='ltr'><strong>eﬁluant,</strong></span> <span class='ocrx_word' id='word_1_35' title='bbox 1199 519 1296 575; x_wconf 87' lang='lat' dir='ltr'><strong>sed</strong></span> <span class='ocrx_word' id='word_1_36' title='bbox 1341 519 1449 574; x_wconf 92' lang='lat' dir='ltr'><strong>alio</strong></span> <span class='ocrx_word' id='word_1_37' title='bbox 1501 521 1663 574; x_wconf 88' lang='lat' dir='ltr'><strong>modo</strong></span> <span class='ocrx_word' id='word_1_38' title='bbox 1711 535 1743 573; x_wconf 91' lang='lat' dir='ltr'><strong>a</strong></span> <span class='ocrx_word' id='word_1_39' title='bbox 1793 520 1952 574; x_wconf 90' lang='lat' dir='ltr'><strong>nobis</strong></span> <span class='ocrx_word' id='word_1_40' title='bbox 2002 519 2133 573; x_wconf 89' lang='lat' dir='ltr'><strong>ﬁant</strong></span> 
     </span>
    </p>
   </div>
   <div class='ocr_carea' id='block_1_8' title="bbox 574 612 2131 686">
    <p class='ocr_par' dir='ltr' id='par_1_8' title="bbox 574 612 2131 686">
     <span class='ocr_line' id='line_1_8' title="bbox 574 612 2131 686; baseline -0.004 -16"><span class='ocrx_word' id='word_1_41' title='bbox 574 618 774 686; x_wconf 85' lang='lat' dir='ltr'><strong>(quem</strong></span> <span class='ocrx_word' id='word_1_42' title='bbox 816 613 1114 684; x_wconf 74' lang='lat' dir='ltr'><strong>disputatio</strong></span> <span class='ocrx_word' id='word_1_43' title='bbox 1153 627 1253 667; x_wconf 90' lang='lat' dir='ltr'><strong>suo</strong></span> <span class='ocrx_word' id='word_1_44' title='bbox 1299 620 1540 682; x_wconf 90' lang='lat' dir='ltr'><strong>tempore</strong></span> <span class='ocrx_word' id='word_1_45' title='bbox 1584 612 1978 682; x_wconf 71' lang='lat' dir='ltr'><strong>explanabit),</strong></span> <span class='ocrx_word' id='word_1_46' title='bbox 2026 626 2131 666; x_wconf 89' lang='lat' dir='ltr'><strong>non</strong></span> 
     </span>
    </p>
   </div>
   <div class='ocr_carea' id='block_1_9' title="bbox 574 703 2133 775">
    <p class='ocr_par' dir='ltr' id='par_1_9' title="bbox 574 703 2133 775">
     <span class='ocr_line' id='line_1_9' title="bbox 574 703 2133 775; baseline -0.002 -14"><span class='ocrx_word' id='word_1_47' title='bbox 574 707 747 762; x_wconf 78' lang='lat' dir='ltr'><strong>solum</strong></span> <span class='ocrx_word' id='word_1_48' title='bbox 782 721 892 760; x_wconf 90' lang='lat' dir='ltr'><strong>non</strong></span> <span class='ocrx_word' id='word_1_49' title='bbox 935 721 1125 760; x_wconf 89' lang='lat' dir='ltr'><strong>sumus</strong></span> <span class='ocrx_word' id='word_1_50' title='bbox 1168 705 1224 759; x_wconf 94' lang='lat' dir='ltr'><strong>in</strong></span> <span class='ocrx_word' id='word_1_51' title='bbox 1269 703 1438 759; x_wconf 89' lang='lat' dir='ltr'><strong>Deum</strong></span> <span class='ocrx_word' id='word_1_52' title='bbox 1485 705 1669 775; x_wconf 85' lang='lat' dir='ltr'><strong>impii,</strong></span> <span class='ocrx_word' id='word_1_53' title='bbox 1710 719 1822 759; x_wconf 90' lang='lat' dir='ltr'><strong>non</strong></span> <span class='ocrx_word' id='word_1_54' title='bbox 1861 703 2133 758; x_wconf 79' lang='lat' dir='ltr'><strong>audentes</strong></span> 
     </span>
    </p>
   </div>
   <div class='ocr_carea' id='block_1_10' title="bbox 574 795 2135 870">
    <p class='ocr_par' dir='ltr' id='par_1_10' title="bbox 574 795 2135 870">
     <span class='ocr_line' id='line_1_10' title="bbox 574 795 2135 870; baseline -0.004 -15"><span class='ocrx_word' id='word_1_55' title='bbox 574 800 944 870; x_wconf 85' lang='lat' dir='ltr'><strong>conjecturam</strong></span> <span class='ocrx_word' id='word_1_56' title='bbox 977 797 1185 864; x_wconf 78' lang='lat' dir='ltr'><strong>facere,</strong></span> <span class='ocrx_word' id='word_1_57' title='bbox 1213 813 1324 852; x_wconf 88' lang='lat' dir='ltr'><strong>non</strong></span> <span class='ocrx_word' id='word_1_58' title='bbox 1353 812 1515 867; x_wconf 87' lang='lat' dir='ltr'><strong>posse</strong></span> <span class='ocrx_word' id='word_1_59' title='bbox 1545 795 1713 851; x_wconf 90' lang='lat' dir='ltr'><strong>Deum</strong></span> <span class='ocrx_word' id='word_1_60' title='bbox 1743 806 1965 866; x_wconf 84' lang='lat' dir='ltr'><strong>propter</strong></span> <span class='ocrx_word' id='word_1_61' title='bbox 1994 795 2135 850; x_wconf 84' lang='lat' dir='ltr'><strong>diﬁi-</strong></span> 
     </span>
    </p>
   </div>
   <div class='ocr_carea' id='block_1_11' title="bbox 575 887 2134 958">
    <p class='ocr_par' dir='ltr' id='par_1_11' title="bbox 575 887 2134 958">
     <span class='ocr_line' id='line_1_11' title="bbox 575 887 2134 958; baseline -0.003 -11"><span class='ocrx_word' id='word_1_62' title='bbox 575 894 831 947; x_wconf 81' lang='lat' dir='ltr'><strong>cultatem</strong></span> <span class='ocrx_word' id='word_1_63' title='bbox 860 890 1117 945; x_wconf 87' lang='lat' dir='ltr'><strong>resistere</strong></span> <span class='ocrx_word' id='word_1_64' title='bbox 1140 890 1271 944; x_wconf 92' lang='lat' dir='ltr'><strong>vitio</strong></span> <span class='ocrx_word' id='word_1_65' title='bbox 1301 888 1444 958; x_wconf 92' lang='lat' dir='ltr'><strong>quod</strong></span> <span class='ocrx_word' id='word_1_66' title='bbox 1474 889 1523 942; x_wconf 91' lang='lat' dir='ltr'><strong>ei</strong></span> <span class='ocrx_word' id='word_1_67' title='bbox 1549 903 1657 942; x_wconf 93' lang='lat' dir='ltr'><strong>non</strong></span> <span class='ocrx_word' id='word_1_68' title='bbox 1681 887 1862 951; x_wconf 88' lang='lat' dir='ltr'><strong>inest,</strong></span> <span class='ocrx_word' id='word_1_69' title='bbox 1894 888 1989 943; x_wconf 92' lang='lat' dir='ltr'><strong>sed</strong></span> <span class='ocrx_word' id='word_1_70' title='bbox 2013 902 2134 958; x_wconf 67' lang='lat' dir='ltr'><strong>qua:</strong></span> 
     </span>
    </p>
   </div>
   <div class='ocr_carea' id='block_1_12' title="bbox 573 970 2130 1052">
    <p class='ocr_par' dir='ltr' id='par_1_12' title="bbox 573 970 2130 1052">
     <span class='ocr_line' id='line_1_12' title="bbox 573 970 2130 1052; baseline -0.004 -14"><span class='ocrx_word' id='word_1_71' title='bbox 573 1003 607 1038; x_wconf 86' lang='lat' dir='ltr'><strong>a</strong></span> <span class='ocrx_word' id='word_1_72' title='bbox 653 984 814 1040; x_wconf 89' lang='lat' dir='ltr'><strong>nobis</strong></span> <span class='ocrx_word' id='word_1_73' title='bbox 866 982 1060 1038; x_wconf 83' lang='lat' dir='ltr'><strong>vitiose</strong></span> <span class='ocrx_word' id='word_1_74' title='bbox 1107 990 1362 1052; x_wconf 85' lang='lat' dir='ltr'><strong>aguntur,</strong></span> <span class='ocrx_word' id='word_1_75' title='bbox 1410 981 1638 1034; x_wconf 88' lang='lat' dir='ltr'><strong>nitimur</strong></span> <span class='ocrx_word' id='word_1_76' title='bbox 1667 980 1722 1034; x_wconf 89' lang='lat' dir='ltr'><strong>in</strong></span> <span class='ocrx_word' id='word_1_77' title='bbox 1761 979 1842 1035; x_wconf 89' lang='lat' dir='ltr'><strong>eis</strong></span> <span class='ocrx_word' id='word_1_78' title='bbox 1873 970 2130 1046; x_wconf 84' lang='lat' dir='ltr'><strong>cessare;</strong></span> 
     </span>
    </p>
   </div>
   <div class='ocr_carea' id='block_1_13' title="bbox 567 1070 2133 1144">
    <p class='ocr_par' dir='ltr' id='par_1_13' title="bbox 567 1070 2133 1144">
     <span class='ocr_line' id='line_1_13' title="bbox 567 1070 2133 1144; baseline -0.004 -14"><span class='ocrx_word' id='word_1_79' title='bbox 567 1091 701 1130; x_wconf 66' lang='lat' dir='ltr'><strong>«cum</strong></span> <span class='ocrx_word' id='word_1_80' title='bbox 720 1075 790 1129; x_wconf 91' lang='lat' dir='ltr'><strong>iis</strong></span> <span class='ocrx_word' id='word_1_81' title='bbox 817 1073 910 1144; x_wconf 89' lang='lat' dir='ltr'><strong>qui</strong></span> <span class='ocrx_word' id='word_1_82' title='bbox 939 1073 1256 1135; x_wconf 83' lang='lat' dir='ltr'><strong>advertunt,</strong></span> <span class='ocrx_word' id='word_1_83' title='bbox 1283 1070 1724 1127; x_wconf 78' lang='lat' dir='ltr'><strong>demonstremus</strong></span> <span class='ocrx_word' id='word_1_84' title='bbox 1741 1110 1756 1133; x_wconf 92' lang='lat'><strong>,</strong></span> <span class='ocrx_word' id='word_1_85' title='bbox 1781 1085 1901 1141; x_wconf 71' lang='lat' dir='ltr'><strong>quae</strong></span> <span class='ocrx_word' id='word_1_86' title='bbox 1923 1086 1951 1124; x_wconf 92' lang='lat' dir='ltr'><strong>a</strong></span> <span class='ocrx_word' id='word_1_87' title='bbox 1973 1071 2133 1124; x_wconf 91' lang='lat' dir='ltr'><strong>nobis</strong></span> 
     </span>
    </p>
   </div>
   <div class='ocr_carea' id='block_1_14' title="bbox 567 1163 2134 1238">
    <p class='ocr_par' dir='ltr' id='par_1_14' title="bbox 567 1163 2134 1238">
     <span class='ocr_line' id='line_1_14' title="bbox 567 1163 2134 1238; baseline -0.002 -17"><span class='ocrx_word' id='word_1_88' title='bbox 567 1165 905 1238; x_wconf 69' lang='lat' dir='ltr'><strong>&quot;principium</strong></span> <span class='ocrx_word' id='word_1_89' title='bbox 951 1167 1190 1232; x_wconf 86' lang='lat' dir='ltr'><strong>ducunt,</strong></span> <span class='ocrx_word' id='word_1_90' title='bbox 1234 1171 1292 1218; x_wconf 90' lang='lat' dir='ltr'><strong>ut</strong></span> <span class='ocrx_word' id='word_1_91' title='bbox 1326 1164 1492 1229; x_wconf 89' lang='lat' dir='ltr'><strong>ﬁant,</strong></span> <span class='ocrx_word' id='word_1_92' title='bbox 1536 1178 1633 1233; x_wconf 88' lang='lat' dir='ltr'><strong>per</strong></span> <span class='ocrx_word' id='word_1_93' title='bbox 1675 1177 1777 1217; x_wconf 90' lang='lat' dir='ltr'><strong>nos</strong></span> <span class='ocrx_word' id='word_1_94' title='bbox 1825 1163 2021 1228; x_wconf 90' lang='lat' dir='ltr'><strong>etiam,</strong></span> <span class='ocrx_word' id='word_1_95' title='bbox 2064 1178 2134 1218; x_wconf 91' lang='lat' dir='ltr'><strong>ne</strong></span> 
     </span>
    </p>
   </div>
   <div class='ocr_carea' id='block_1_15' title="bbox 577 1255 2133 1326">
    <p class='ocr_par' dir='ltr' id='par_1_15' title="bbox 577 1255 2133 1326">
     <span class='ocr_line' id='line_1_15' title="bbox 577 1255 2133 1326; baseline -0.003 -14"><span class='ocrx_word' id='word_1_96' title='bbox 577 1258 735 1321; x_wconf 90' lang='lat' dir='ltr'><strong>ﬁant,</strong></span> <span class='ocrx_word' id='word_1_97' title='bbox 767 1257 927 1311; x_wconf 87' lang='lat' dir='ltr'><strong>ﬁnem</strong></span> <span class='ocrx_word' id='word_1_98' title='bbox 953 1255 1204 1324; x_wconf 88' lang='lat' dir='ltr'><strong>assequi,</strong></span> <span class='ocrx_word' id='word_1_99' title='bbox 1235 1257 1450 1310; x_wconf 86' lang='lat' dir='ltr'><strong>tametsi</strong></span> <span class='ocrx_word' id='word_1_100' title='bbox 1473 1270 1579 1308; x_wconf 92' lang='lat' dir='ltr'><strong>non</strong></span> <span class='ocrx_word' id='word_1_101' title='bbox 1602 1255 1742 1326; x_wconf 87' lang='lat' dir='ltr'><strong>apud</strong></span> <span class='ocrx_word' id='word_1_102' title='bbox 1767 1270 1997 1324; x_wconf 88' lang='lat' dir='ltr'><strong>omnes;</strong></span> <span class='ocrx_word' id='word_1_103' title='bbox 2027 1270 2133 1309; x_wconf 92' lang='lat' dir='ltr'><strong>non</strong></span> 
     </span>
    </p>
   </div>
   <div class='ocr_carea' id='block_1_16' title="bbox 578 1347 2135 1419">
    <p class='ocr_par' dir='ltr' id='par_1_16' title="bbox 578 1347 2135 1419">
     <span class='ocr_line' id='line_1_16' title="bbox 578 1347 2135 1419; baseline -0.001 -15"><span class='ocrx_word' id='word_1_104' title='bbox 578 1351 723 1404; x_wconf 90' lang='lat' dir='ltr'><strong>enim</strong></span> <span class='ocrx_word' id='word_1_105' title='bbox 754 1349 859 1404; x_wconf 92' lang='lat' dir='ltr'><strong>hoc</strong></span> <span class='ocrx_word' id='word_1_106' title='bbox 887 1349 1139 1419; x_wconf 81' lang='lat' dir='ltr'><strong>generale</strong></span> <span class='ocrx_word' id='word_1_107' title='bbox 1166 1348 1221 1402; x_wconf 87' lang='lat' dir='ltr'><strong>in</strong></span> <span class='ocrx_word' id='word_1_108' title='bbox 1252 1347 1483 1418; x_wconf 78' lang='lat' dir='ltr'><strong>singulis</strong></span> <span class='ocrx_word' id='word_1_109' title='bbox 1511 1355 1596 1402; x_wconf 92' lang='lat' dir='ltr'><strong>est</strong></span> <span class='ocrx_word' id='word_1_110' title='bbox 1616 1388 1630 1411; x_wconf 90' lang='lat'><strong>,</strong></span> <span class='ocrx_word' id='word_1_111' title='bbox 1666 1347 1759 1402; x_wconf 89' lang='lat' dir='ltr'><strong>sed</strong></span> <span class='ocrx_word' id='word_1_112' title='bbox 1810 1348 1863 1401; x_wconf 92' lang='lat' dir='ltr'><strong>in</strong></span> <span class='ocrx_word' id='word_1_113' title='bbox 1906 1348 2135 1418; x_wconf 83' lang='lat' dir='ltr'><strong>singulis</strong></span> 
     </span>
    </p>
   </div>
   <div class='ocr_carea' id='block_1_17' title="bbox 563 1439 2133 1509">
    <p class='ocr_par' dir='ltr' id='par_1_17' title="bbox 563 1439 2133 1509">
     <span class='ocr_line' id='line_1_17' title="bbox 563 1439 2133 1509; baseline -0.001 -15"><span class='ocrx_word' id='word_1_114' title='bbox 563 1456 766 1495; x_wconf 76' lang='lat' dir='ltr'><strong>eorum</strong></span> <span class='ocrx_word' id='word_1_115' title='bbox 793 1440 886 1509; x_wconf 92' lang='lat' dir='ltr'><strong>qui</strong></span> <span class='ocrx_word' id='word_1_116' title='bbox 916 1439 1156 1494; x_wconf 90' lang='lat' dir='ltr'><strong>studium</strong></span> <span class='ocrx_word' id='word_1_117' title='bbox 1199 1439 1563 1493; x_wconf 89' lang='lat' dir='ltr'><strong>adhibuerunt</strong></span> <span class='ocrx_word' id='word_1_118' title='bbox 1605 1439 1910 1508; x_wconf 84' lang='lat' dir='ltr'><strong>(judicium</strong></span> <span class='ocrx_word' id='word_1_119' title='bbox 1957 1451 2133 1494; x_wconf 88' lang='lat' dir='ltr'><strong>tamen</strong></span> 
     </span>
    </p>
   </div>
   <div class='ocr_carea' id='block_1_18' title="bbox 580 1530 2134 1601">
    <p class='ocr_par' dir='ltr' id='par_1_18' title="bbox 580 1530 2134 1601">
     <span class='ocr_line' id='line_1_18' title="bbox 580 1530 2134 1601; baseline 0.001 -16"><span class='ocrx_word' id='word_1_120' title='bbox 580 1533 820 1587; x_wconf 89' lang='lat' dir='ltr'><strong>universi</strong></span> <span class='ocrx_word' id='word_1_121' title='bbox 846 1539 929 1586; x_wconf 89' lang='lat' dir='ltr'><strong>est</strong></span> <span class='ocrx_word' id='word_1_122' title='bbox 953 1571 967 1594; x_wconf 95' lang='lat'><strong>,</strong></span> <span class='ocrx_word' id='word_1_123' title='bbox 1003 1546 1164 1601; x_wconf 89' lang='lat' dir='ltr'><strong>posse</strong></span> <span class='ocrx_word' id='word_1_124' title='bbox 1189 1546 1312 1585; x_wconf 90' lang='lat' dir='ltr'><strong>esse</strong></span> <span class='ocrx_word' id='word_1_125' title='bbox 1345 1531 1397 1583; x_wconf 91' lang='lat' dir='ltr'><strong>in</strong></span> <span class='ocrx_word' id='word_1_126' title='bbox 1430 1530 1720 1601; x_wconf 81' lang='lat' dir='ltr'><strong>singulis).</strong></span> <span class='ocrx_word' id='word_1_127' title='bbox 1747 1531 2134 1586; x_wconf 83' lang='lat' dir='ltr'><strong>Verumtamen</strong></span> 
     </span>
    </p>
   </div>
   <div class='ocr_carea' id='block_1_19' title="bbox 581 1623 2136 1695">
    <p class='ocr_par' dir='ltr' id='par_1_19' title="bbox 581 1623 2136 1695">
     <span class='ocr_line' id='line_1_19' title="bbox 581 1623 2136 1695; baseline 0.002 -19"><span class='ocrx_word' id='word_1_128' title='bbox 581 1625 673 1695; x_wconf 88' lang='lat' dir='ltr'><strong>qui</strong></span> <span class='ocrx_word' id='word_1_129' title='bbox 701 1624 929 1678; x_wconf 85' lang='lat' dir='ltr'><strong>barbare</strong></span> <span class='ocrx_word' id='word_1_130' title='bbox 972 1638 1095 1677; x_wconf 89' lang='lat' dir='ltr'><strong>cum</strong></span> <span class='ocrx_word' id='word_1_131' title='bbox 1143 1623 1470 1693; x_wconf 87' lang='lat' dir='ltr'><strong>impietatem</strong></span> <span class='ocrx_word' id='word_1_132' title='bbox 1519 1624 1880 1694; x_wconf 82' lang='lat' dir='ltr'><strong>excogitavit,</strong></span> <span class='ocrx_word' id='word_1_133' title='bbox 1929 1623 2136 1694; x_wconf 89' lang='lat' dir='ltr'><strong>ﬁngens</strong></span> 
     </span>
    </p>
   </div>
   <div class='ocr_carea' id='block_1_20' title="bbox 582 1697 2211 1786">
    <p class='ocr_par' dir='ltr' id='par_1_20' title="bbox 582 1697 2211 1786">
     <span class='ocr_line' id='line_1_20' title="bbox 582 1697 2211 1786; baseline 0.001 -17"><span class='ocrx_word' id='word_1_134' title='bbox 582 1715 786 1769; x_wconf 90' lang='lat' dir='ltr'><strong>malum</strong></span> <span class='ocrx_word' id='word_1_135' title='bbox 821 1715 940 1769; x_wconf 90' lang='lat' dir='ltr'><strong>sine</strong></span> <span class='ocrx_word' id='word_1_136' title='bbox 969 1715 1241 1784; x_wconf 86' lang='lat' dir='ltr'><strong>principio</strong></span> <span class='ocrx_word' id='word_1_137' title='bbox 1261 1755 1275 1778; x_wconf 96' lang='lat'><strong>,</strong></span> <span class='ocrx_word' id='word_1_138' title='bbox 1305 1722 1494 1769; x_wconf 88' lang='lat' dir='ltr'><strong>contra</strong></span> <span class='ocrx_word' id='word_1_139' title='bbox 1519 1714 1686 1769; x_wconf 88' lang='lat' dir='ltr'><strong>Deum</strong></span> <span class='ocrx_word' id='word_1_140' title='bbox 1715 1731 1840 1771; x_wconf 83' lang='lat' dir='ltr'><strong>vere</strong></span> <span class='ocrx_word' id='word_1_141' title='bbox 1868 1717 2138 1786; x_wconf 87' lang='lat' dir='ltr'><strong>principio</strong></span> <span class='ocrx_word' id='word_1_142' title='bbox 2171 1697 2211 1754; x_wconf 75' lang='grc' dir='ltr'><strong>Β</strong></span> 
     </span>
    </p>
   </div>
   <div class='ocr_carea' id='block_1_21' title="bbox 583 1806 2139 1880">
    <p class='ocr_par' dir='ltr' id='par_1_21' title="bbox 583 1806 2139 1880">
     <span class='ocr_line' id='line_1_21' title="bbox 583 1806 2139 1880; baseline -0.001 -19"><span class='ocrx_word' id='word_1_143' title='bbox 583 1814 894 1880; x_wconf 74' lang='lat' dir='ltr'><strong>carentem,</strong></span> <span class='ocrx_word' id='word_1_144' title='bbox 927 1821 990 1860; x_wconf 89' lang='lat' dir='ltr'><strong>ac</strong></span> <span class='ocrx_word' id='word_1_145' title='bbox 1021 1806 1196 1860; x_wconf 90' lang='lat' dir='ltr'><strong>solum</strong></span> <span class='ocrx_word' id='word_1_146' title='bbox 1217 1846 1232 1869; x_wconf 92' lang='lat'><strong>,</strong></span> <span class='ocrx_word' id='word_1_147' title='bbox 1259 1813 1316 1862; x_wconf 89' lang='lat' dir='ltr'><strong>et</strong></span> <span class='ocrx_word' id='word_1_148' title='bbox 1349 1807 1451 1861; x_wconf 90' lang='lat' dir='ltr'><strong>hoc</strong></span> <span class='ocrx_word' id='word_1_149' title='bbox 1482 1809 1780 1862; x_wconf 90' lang='lat' dir='ltr'><strong>secundum</strong></span> <span class='ocrx_word' id='word_1_150' title='bbox 1813 1809 2139 1878; x_wconf 86' lang='lat' dir='ltr'><strong>principium</strong></span> 
     </span>
    </p>
   </div>
   <div class='ocr_carea' id='block_1_22' title="bbox 582 1899 2142 1962">
    <p class='ocr_par' dir='ltr' id='par_1_22' title="bbox 582 1899 2142 1962">
     <span class='ocr_line' id='line_1_22' title="bbox 582 1899 2142 1962; baseline -0.001 -8"><span class='ocrx_word' id='word_1_151' title='bbox 582 1902 774 1956; x_wconf 84' lang='lat' dir='ltr'><strong>insane</strong></span> <span class='ocrx_word' id='word_1_152' title='bbox 803 1899 1173 1962; x_wconf 90' lang='lat' dir='ltr'><strong>constituens,</strong></span> <span class='ocrx_word' id='word_1_153' title='bbox 1207 1913 1314 1952; x_wconf 92' lang='lat' dir='ltr'><strong>non</strong></span> <span class='ocrx_word' id='word_1_154' title='bbox 1360 1901 1536 1954; x_wconf 89' lang='lat' dir='ltr'><strong>solum</strong></span> <span class='ocrx_word' id='word_1_155' title='bbox 1582 1900 1782 1952; x_wconf 91' lang='lat' dir='ltr'><strong>malum</strong></span> <span class='ocrx_word' id='word_1_156' title='bbox 1827 1900 2058 1954; x_wconf 91' lang='lat' dir='ltr'><strong>collocat</strong></span> <span class='ocrx_word' id='word_1_157' title='bbox 2088 1901 2142 1953; x_wconf 93' lang='lat' dir='ltr'><strong>in</strong></span> 
     </span>
    </p>
   </div>
   <div class='ocr_carea' id='block_1_23' title="bbox 584 1988 2144 2060">
    <p class='ocr_par' dir='ltr' id='par_1_23' title="bbox 584 1988 2144 2060">
     <span class='ocr_line' id='line_1_23' title="bbox 584 1988 2144 2060; baseline -0.002 -14"><span class='ocrx_word' id='word_1_158' title='bbox 584 1990 775 2046; x_wconf 85' lang='lat' dir='ltr'><strong>ordine</strong></span> <span class='ocrx_word' id='word_1_159' title='bbox 816 1990 1010 2060; x_wconf 58' lang='lat' dir='ltr'><strong>aquali</strong></span> <span class='ocrx_word' id='word_1_160' title='bbox 1060 1988 1202 2054; x_wconf 90' lang='lat' dir='ltr'><strong>Deo,</strong></span> <span class='ocrx_word' id='word_1_161' title='bbox 1247 1997 1500 2059; x_wconf 86' lang='lat' dir='ltr'><strong>tanquam</strong></span> <span class='ocrx_word' id='word_1_162' title='bbox 1546 1990 1651 2044; x_wconf 91' lang='lat' dir='ltr'><strong>hoc</strong></span> <span class='ocrx_word' id='word_1_163' title='bbox 1681 1991 1950 2045; x_wconf 88' lang='lat' dir='ltr'><strong>honorare</strong></span> <span class='ocrx_word' id='word_1_164' title='bbox 1977 1991 2144 2055; x_wconf 86' lang='lat' dir='ltr'><strong>velit,</strong></span> 
     </span>
    </p>
   </div>
   <div class='ocr_carea' id='block_1_24' title="bbox 585 2079 2146 2152">
    <p class='ocr_par' dir='ltr' id='par_1_24' title="bbox 585 2079 2146 2152">
     <span class='ocr_line' id='line_1_24' title="bbox 585 2079 2146 2152; baseline -0.001 -17"><span class='ocrx_word' id='word_1_165' title='bbox 585 2081 728 2152; x_wconf 90' lang='lat' dir='ltr'><strong>quod</strong></span> <span class='ocrx_word' id='word_1_166' title='bbox 757 2081 966 2136; x_wconf 88' lang='lat' dir='ltr'><strong>scilicet</strong></span> <span class='ocrx_word' id='word_1_167' title='bbox 994 2079 1150 2145; x_wconf 87' lang='lat' dir='ltr'><strong>odit;</strong></span> <span class='ocrx_word' id='word_1_168' title='bbox 1182 2080 1275 2135; x_wconf 90' lang='lat' dir='ltr'><strong>sed</strong></span> <span class='ocrx_word' id='word_1_169' title='bbox 1323 2081 1486 2143; x_wconf 89' lang='lat' dir='ltr'><strong>mala,</strong></span> <span class='ocrx_word' id='word_1_170' title='bbox 1531 2097 1649 2150; x_wconf 70' lang='lat' dir='ltr'><strong>qua:</strong></span> <span class='ocrx_word' id='word_1_171' title='bbox 1695 2097 1763 2137; x_wconf 83' lang='lat' dir='ltr'><strong>ex</strong></span> <span class='ocrx_word' id='word_1_172' title='bbox 1814 2082 1957 2135; x_wconf 90' lang='lat' dir='ltr'><strong>malo</strong></span> <span class='ocrx_word' id='word_1_173' title='bbox 2000 2081 2146 2152; x_wconf 91' lang='lat' dir='ltr'><strong>quod</strong></span> 
     </span>
    </p>
   </div>
   <div class='ocr_carea' id='block_1_25' title="bbox 584 2170 2148 2245">
    <p class='ocr_par' dir='ltr' id='par_1_25' title="bbox 584 2170 2148 2245">
     <span class='ocr_line' id='line_1_25' title="bbox 584 2170 2148 2245; baseline -0.002 -18"><span class='ocrx_word' id='word_1_174' title='bbox 584 2172 853 2245; x_wconf 80' lang='lat' dir='ltr'><strong>principio</strong></span> <span class='ocrx_word' id='word_1_175' title='bbox 883 2180 1068 2236; x_wconf 89' lang='lat' dir='ltr'><strong>caret,</strong></span> <span class='ocrx_word' id='word_1_176' title='bbox 1101 2170 1428 2226; x_wconf 86' lang='lat' dir='ltr'><strong>insanabilia</strong></span> <span class='ocrx_word' id='word_1_177' title='bbox 1461 2174 1678 2242; x_wconf 85' lang='lat' dir='ltr'><strong>penitus</strong></span> <span class='ocrx_word' id='word_1_178' title='bbox 1709 2187 1864 2235; x_wconf 81' lang='lat' dir='ltr'><strong>esse,</strong></span> <span class='ocrx_word' id='word_1_179' title='bbox 1898 2187 2020 2226; x_wconf 92' lang='lat' dir='ltr'><strong>cum</strong></span> <span class='ocrx_word' id='word_1_180' title='bbox 2055 2187 2148 2224; x_wconf 89' lang='lat' dir='ltr'><strong>ne-</strong></span> 
     </span>
    </p>
   </div>
   <div class='ocr_carea' id='block_1_26' title="bbox 583 2259 2148 2332">
    <p class='ocr_par' dir='ltr' id='par_1_26' title="bbox 583 2259 2148 2332">
     <span class='ocr_line' id='line_1_26' title="bbox 583 2259 2148 2332; baseline -0.001 -15"><span class='ocrx_word' id='word_1_181' title='bbox 583 2261 825 2317; x_wconf 83' lang='lat' dir='ltr'><strong>cessario</strong></span> <span class='ocrx_word' id='word_1_182' title='bbox 852 2259 1117 2324; x_wconf 83' lang='lat' dir='ltr'><strong>aﬁirmat,</strong></span> <span class='ocrx_word' id='word_1_183' title='bbox 1147 2259 1277 2315; x_wconf 77' lang='lat' dir='ltr'><strong>facit</strong></span> <span class='ocrx_word' id='word_1_184' title='bbox 1301 2261 1564 2317; x_wconf 86' lang='lat' dir='ltr'><strong>insidiose</strong></span> <span class='ocrx_word' id='word_1_185' title='bbox 1585 2303 1600 2326; x_wconf 93' lang='lat'><strong>,</strong></span> <span class='ocrx_word' id='word_1_186' title='bbox 1627 2269 1688 2317; x_wconf 87' lang='lat' dir='ltr'><strong>ut</strong></span> <span class='ocrx_word' id='word_1_187' title='bbox 1712 2263 2028 2317; x_wconf 84' lang='lat' dir='ltr'><strong>existiment</strong></span> <span class='ocrx_word' id='word_1_188' title='bbox 2055 2263 2148 2332; x_wconf 91' lang='lat' dir='ltr'><strong>qui</strong></span> 
     </span>
    </p>
   </div>
   <div class='ocr_carea' id='block_1_27' title="bbox 586 2354 2149 2426">
    <p class='ocr_par' dir='ltr' id='par_1_27' title="bbox 586 2354 2149 2426">
     <span class='ocr_line' id='line_1_27' title="bbox 586 2354 2149 2426; baseline -0.001 -13"><span class='ocrx_word' id='word_1_189' title='bbox 586 2358 635 2413; x_wconf 90' lang='lat' dir='ltr'><strong>ei</strong></span> <span class='ocrx_word' id='word_1_190' title='bbox 677 2357 942 2420; x_wconf 89' lang='lat' dir='ltr'><strong>credunt,</strong></span> <span class='ocrx_word' id='word_1_191' title='bbox 987 2354 1310 2425; x_wconf 75' lang='lat' dir='ltr'><strong>iniustitiam</strong></span> <span class='ocrx_word' id='word_1_192' title='bbox 1353 2369 1460 2408; x_wconf 92' lang='lat' dir='ltr'><strong>non</strong></span> <span class='ocrx_word' id='word_1_193' title='bbox 1503 2369 1664 2425; x_wconf 91' lang='lat' dir='ltr'><strong>posse</strong></span> <span class='ocrx_word' id='word_1_194' title='bbox 1707 2357 1850 2426; x_wconf 88' lang='lat' dir='ltr'><strong>apud</strong></span> <span class='ocrx_word' id='word_1_195' title='bbox 1897 2355 2149 2411; x_wconf 89' lang='lat' dir='ltr'><strong>homines</strong></span> 
     </span>
    </p>
   </div>
   <div class='ocr_carea' id='block_1_28' title="bbox 583 2443 2151 2515">
    <p class='ocr_par' dir='ltr' id='par_1_28' title="bbox 583 2443 2151 2515">
     <span class='ocr_line' id='line_1_28' title="bbox 583 2443 2151 2515; baseline -0.003 -13"><span class='ocrx_word' id='word_1_196' title='bbox 583 2447 808 2515; x_wconf 83' lang='lat' dir='ltr'><strong>corrigi.</strong></span> <span class='ocrx_word' id='word_1_197' title='bbox 832 2445 906 2499; x_wconf 89' lang='lat' dir='ltr'><strong>lta</strong></span> <span class='ocrx_word' id='word_1_198' title='bbox 929 2452 989 2499; x_wconf 92' lang='lat' dir='ltr'><strong>ut</strong></span> <span class='ocrx_word' id='word_1_199' title='bbox 1017 2445 1311 2514; x_wconf 79' lang='lat' dir='ltr'><strong>anticipata</strong></span> <span class='ocrx_word' id='word_1_200' title='bbox 1341 2443 1618 2514; x_wconf 86' lang='lat' dir='ltr'><strong>voluptate</strong></span> <span class='ocrx_word' id='word_1_201' title='bbox 1645 2455 1988 2515; x_wconf 88' lang='lat' dir='ltr'><strong>peccatorum</strong></span> <span class='ocrx_word' id='word_1_202' title='bbox 2011 2484 2024 2507; x_wconf 98' lang='lat'><strong>,</strong></span> <span class='ocrx_word' id='word_1_203' title='bbox 2050 2460 2151 2514; x_wconf 89' lang='lat' dir='ltr'><strong>pro</strong></span> 
     </span>
    </p>
   </div>
   <div class='ocr_carea' id='block_1_29' title="bbox 587 2519 2151 2606">
    <p class='ocr_par' dir='ltr' id='par_1_29' title="bbox 587 2519 2151 2606">
     <span class='ocr_line' id='line_1_29' title="bbox 587 2519 2151 2606; baseline -0.003 -14"><span class='ocrx_word' id='word_1_204' title='bbox 587 2519 944 2594; x_wconf 84' lang='lat' dir='ltr'><strong>conversione</strong></span> <span class='ocrx_word' id='word_1_205' title='bbox 977 2536 1284 2606; x_wconf 86' lang='lat' dir='ltr'><strong>desperatio</strong></span> <span class='ocrx_word' id='word_1_206' title='bbox 1314 2535 1645 2604; x_wconf 89' lang='lat' dir='ltr'><strong>objiciatur;</strong></span> <span class='ocrx_word' id='word_1_207' title='bbox 1679 2535 1834 2604; x_wconf 89' lang='lat' dir='ltr'><strong>quasi</strong></span> <span class='ocrx_word' id='word_1_208' title='bbox 1884 2536 1998 2590; x_wconf 83' lang='lat' dir='ltr'><strong>ﬁeri</strong></span> <span class='ocrx_word' id='word_1_209' title='bbox 2043 2552 2151 2589; x_wconf 91' lang='lat' dir='ltr'><strong>non</strong></span> 
     </span>
    </p>
   </div>
   <div class='ocr_carea' id='block_1_30' title="bbox 589 2628 2153 2699">
    <p class='ocr_par' dir='ltr' id='par_1_30' title="bbox 589 2628 2153 2699">
     <span class='ocr_line' id='line_1_30' title="bbox 589 2628 2153 2699; baseline -0.003 -13"><span class='ocrx_word' id='word_1_210' title='bbox 589 2632 797 2699; x_wconf 76' lang='lat' dir='ltr'><strong>possit,</strong></span> <span class='ocrx_word' id='word_1_211' title='bbox 831 2637 888 2682; x_wconf 89' lang='lat' dir='ltr'><strong>ut</strong></span> <span class='ocrx_word' id='word_1_212' title='bbox 917 2630 1151 2698; x_wconf 88' lang='lat' dir='ltr'><strong>impetus</strong></span> <span class='ocrx_word' id='word_1_213' title='bbox 1178 2628 1293 2682; x_wconf 88' lang='lat' dir='ltr'><strong>vitii</strong></span> <span class='ocrx_word' id='word_1_214' title='bbox 1320 2629 1464 2697; x_wconf 86' lang='lat' dir='ltr'><strong>quod</strong></span> <span class='ocrx_word' id='word_1_215' title='bbox 1496 2628 1765 2698; x_wconf 88' lang='lat' dir='ltr'><strong>principio</strong></span> <span class='ocrx_word' id='word_1_216' title='bbox 1791 2637 1970 2692; x_wconf 90' lang='lat' dir='ltr'><strong>caret,</strong></span> <span class='ocrx_word' id='word_1_217' title='bbox 2001 2643 2153 2682; x_wconf 86' lang='lat' dir='ltr'><strong>coer-</strong></span> 
     </span>
    </p>
   </div>
   <div class='ocr_carea' id='block_1_31' title="bbox 590 2722 2151 2793">
    <p class='ocr_par' dir='ltr' id='par_1_31' title="bbox 590 2722 2151 2793">
     <span class='ocr_line' id='line_1_31' title="bbox 590 2722 2151 2793; baseline -0.001 -15"><span class='ocrx_word' id='word_1_218' title='bbox 590 2734 796 2779; x_wconf 91' lang='lat' dir='ltr'><strong>ceatnr.</strong></span> <span class='ocrx_word' id='word_1_219' title='bbox 828 2723 1193 2792; x_wconf 63' lang='lat' dir='ltr'><strong>Praeterquam</strong></span> <span class='ocrx_word' id='word_1_220' title='bbox 1223 2723 1266 2775; x_wconf 92' lang='lat' dir='ltr'><strong>si</strong></span> <span class='ocrx_word' id='word_1_221' title='bbox 1289 2723 1414 2792; x_wconf 92' lang='lat' dir='ltr'><strong>quis</strong></span> <span class='ocrx_word' id='word_1_222' title='bbox 1434 2722 1731 2792; x_wconf 88' lang='lat' dir='ltr'><strong>cupiditate</strong></span> <span class='ocrx_word' id='word_1_223' title='bbox 1755 2722 1941 2791; x_wconf 69' lang='lat' dir='ltr'><strong>gloriae</strong></span> <span class='ocrx_word' id='word_1_224' title='bbox 1961 2761 1976 2786; x_wconf 88' lang='lat'><strong>,</strong></span> <span class='ocrx_word' id='word_1_225' title='bbox 2005 2723 2151 2793; x_wconf 91' lang='lat' dir='ltr'><strong>quod</strong></span> 
     </span>
    </p>
   </div>
   <div class='ocr_carea' id='block_1_32' title="bbox 592 2810 2154 2884">
    <p class='ocr_par' dir='ltr' id='par_1_32' title="bbox 592 2810 2154 2884">
     <span class='ocr_line' id='line_1_32' title="bbox 592 2810 2154 2884; baseline -0.003 -16"><span class='ocrx_word' id='word_1_226' title='bbox 592 2816 714 2884; x_wconf 84' lang='lat' dir='ltr'><strong>plus</strong></span> <span class='ocrx_word' id='word_1_227' title='bbox 753 2812 918 2874; x_wconf 86' lang='lat' dir='ltr'><strong>boni,</strong></span> <span class='ocrx_word' id='word_1_228' title='bbox 969 2818 1030 2865; x_wconf 88' lang='lat' dir='ltr'><strong>ut</strong></span> <span class='ocrx_word' id='word_1_229' title='bbox 1072 2811 1160 2864; x_wconf 93' lang='lat' dir='ltr'><strong>isti</strong></span> <span class='ocrx_word' id='word_1_230' title='bbox 1205 2811 1444 2880; x_wconf 85' lang='lat' dir='ltr'><strong>ﬁngunt,</strong></span> <span class='ocrx_word' id='word_1_231' title='bbox 1489 2810 1688 2864; x_wconf 89' lang='lat' dir='ltr'><strong>habere</strong></span> <span class='ocrx_word' id='word_1_232' title='bbox 1730 2811 2001 2874; x_wconf 90' lang='lat' dir='ltr'><strong>videatur,</strong></span> <span class='ocrx_word' id='word_1_233' title='bbox 2035 2818 2154 2866; x_wconf 88' lang='lat' dir='ltr'><strong>stu-</strong></span> 
     </span>
    </p>
   </div>
   <div class='ocr_carea' id='block_1_33' title="bbox 593 2901 2151 2973">
    <p class='ocr_par' dir='ltr' id='par_1_33' title="bbox 593 2901 2151 2973">
     <span class='ocr_line' id='line_1_33' title="bbox 593 2901 2151 2973; baseline -0.002 -15"><span class='ocrx_word' id='word_1_234' title='bbox 593 2906 743 2959; x_wconf 87' lang='lat' dir='ltr'><strong>dium</strong></span> <span class='ocrx_word' id='word_1_235' title='bbox 775 2903 1028 2957; x_wconf 88' lang='lat' dir='ltr'><strong>adhibeat</strong></span> <span class='ocrx_word' id='word_1_236' title='bbox 1047 2941 1062 2965; x_wconf 94' lang='lat'><strong>,</strong></span> <span class='ocrx_word' id='word_1_237' title='bbox 1089 2910 1182 2965; x_wconf 92' lang='lat' dir='ltr'><strong>ut,</strong></span> <span class='ocrx_word' id='word_1_238' title='bbox 1209 2901 1388 2971; x_wconf 91' lang='lat' dir='ltr'><strong>quoad</strong></span> <span class='ocrx_word' id='word_1_239' title='bbox 1417 2901 1530 2955; x_wconf 89' lang='lat' dir='ltr'><strong>ﬁeri</strong></span> <span class='ocrx_word' id='word_1_240' title='bbox 1560 2909 1772 2970; x_wconf 89' lang='lat' dir='ltr'><strong>potest,</strong></span> <span class='ocrx_word' id='word_1_241' title='bbox 1801 2918 1908 2956; x_wconf 90' lang='lat' dir='ltr'><strong>non</strong></span> <span class='ocrx_word' id='word_1_242' title='bbox 1935 2909 2151 2973; x_wconf 89' lang='lat' dir='ltr'><strong>peccet,</strong></span> 
     </span>
    </p>
   </div>
   <div class='ocr_carea' id='block_1_34' title="bbox 596 2992 2156 3063">
    <p class='ocr_par' dir='ltr' id='par_1_34' title="bbox 596 2992 2156 3063">
     <span class='ocr_line' id='line_1_34' title="bbox 596 2992 2156 3063; baseline -0.002 -13"><span class='ocrx_word' id='word_1_243' title='bbox 596 3004 654 3050; x_wconf 89' lang='lat' dir='ltr'><strong>ut</strong></span> <span class='ocrx_word' id='word_1_244' title='bbox 687 2994 1036 3048; x_wconf 78' lang='lat' dir='ltr'><strong>manifestum</strong></span> <span class='ocrx_word' id='word_1_245' title='bbox 1068 2992 1261 3058; x_wconf 81' lang='lat' dir='ltr'><strong>faciat,</strong></span> <span class='ocrx_word' id='word_1_246' title='bbox 1295 3007 1404 3046; x_wconf 93' lang='lat' dir='ltr'><strong>non</strong></span> <span class='ocrx_word' id='word_1_247' title='bbox 1435 2992 1654 3047; x_wconf 90' lang='lat' dir='ltr'><strong>aliunde</strong></span> <span class='ocrx_word' id='word_1_248' title='bbox 1685 3009 1851 3063; x_wconf 90' lang='lat' dir='ltr'><strong>quam</strong></span> <span class='ocrx_word' id='word_1_249' title='bbox 1880 3008 1910 3046; x_wconf 89' lang='lat' dir='ltr'><strong>a</strong></span> <span class='ocrx_word' id='word_1_250' title='bbox 1941 3009 2000 3049; x_wconf 90' lang='lat' dir='ltr'><strong>se</strong></span> <span class='ocrx_word' id='word_1_251' title='bbox 2028 3007 2156 3063; x_wconf 82' lang='lat' dir='ltr'><strong>pec—</strong></span> 
     </span>
    </p>
   </div>
   <div class='ocr_carea' id='block_1_35' title="bbox 2231 432 3687 511">
    <p class='ocr_par' dir='ltr' id='par_1_35' title="bbox 2231 432 3687 511">
     <span class='ocr_line' id='line_1_35' title="bbox 2231 432 3687 511; baseline 0.004 -25"><span class='ocrx_word' id='word_1_252' title='bbox 2231 434 2448 504; x_wconf 85' lang='grc' dir='ltr'><strong>τήματα</strong></span> <span class='ocrx_word' id='word_1_253' title='bbox 2491 432 2819 503; x_wconf 81' lang='grc' dir='ltr'><strong>νομίζοντες,</strong></span> <span class='ocrx_word' id='word_1_254' title='bbox 2857 433 2948 485; x_wconf 76' lang='grc' dir='ltr'><strong>ἅτε</strong></span> <span class='ocrx_word' id='word_1_255' title='bbox 2975 433 3040 504; x_wconf 79' lang='grc' dir='ltr'><strong>δὴ</strong></span> <span class='ocrx_word' id='word_1_256' title='bbox 3068 435 3141 505; x_wconf 82' lang='grc' dir='ltr'><strong>μὴ</strong></span> <span class='ocrx_word' id='word_1_257' title='bbox 3173 435 3245 498; x_wconf 82' lang='grc' dir='ltr'><strong>ὡς</strong></span> <span class='ocrx_word' id='word_1_258' title='bbox 3270 434 3367 488; x_wconf 80' lang='grc' dir='ltr'><strong>ἀπό</strong></span> <span class='ocrx_word' id='word_1_259' title='bbox 3400 453 3522 500; x_wconf 85' lang='grc' dir='ltr'><strong>τινος</strong></span> <span class='ocrx_word' id='word_1_260' title='bbox 3556 439 3687 511; x_wconf 76' lang='grc' dir='ltr'><strong>ἀρχῆς</strong></span> 
     </span>
    </p>
   </div>
   <div class='ocr_carea' id='block_1_36' title="bbox 2231 523 3690 600">
    <p class='ocr_par' dir='ltr' id='par_1_36' title="bbox 2231 523 3690 600">
     <span class='ocr_line' id='line_1_36' title="bbox 2231 523 3690 600; baseline 0.001 -22"><span class='ocrx_word' id='word_1_261' title='bbox 2231 524 2352 578; x_wconf 84' lang='grc' dir='ltr'><strong>καθ’</strong></span> <span class='ocrx_word' id='word_1_262' title='bbox 2397 523 2553 596; x_wconf 82' lang='grc' dir='ltr'><strong>ἡμῶν</strong></span> <span class='ocrx_word' id='word_1_263' title='bbox 2597 524 2825 596; x_wconf 76' lang='grc' dir='ltr'><strong>ῥέοντα,</strong></span> <span class='ocrx_word' id='word_1_264' title='bbox 2872 523 2981 577; x_wconf 85' lang='grc' dir='ltr'><strong>ἀλλ’</strong></span> <span class='ocrx_word' id='word_1_265' title='bbox 3018 525 3196 596; x_wconf 76' lang='grc' dir='ltr'><strong>ἕτερόν</strong></span> <span class='ocrx_word' id='word_1_266' title='bbox 3234 543 3345 578; x_wconf 90' lang='grc' dir='ltr'><strong>τινα</strong></span> <span class='ocrx_word' id='word_1_267' title='bbox 3386 527 3551 598; x_wconf 85' lang='grc' dir='ltr'>τρόπον</span> <span class='ocrx_word' id='word_1_268' title='bbox 3586 530 3690 600; x_wconf 75' lang='grc' dir='ltr'><strong>πρὸς</strong></span> 
     </span>
    </p>
   </div>
   <div class='ocr_carea' id='block_1_37' title="bbox 2233 615 3692 692">
    <p class='ocr_par' dir='ltr' id='par_1_37' title="bbox 2233 615 3692 692">
     <span class='ocr_line' id='line_1_37' title="bbox 2233 615 3692 692; baseline 0.004 -24"><span class='ocrx_word' id='word_1_269' title='bbox 2233 616 2386 687; x_wconf 82' lang='grc' dir='ltr'><strong>ἡμῶν</strong></span> <span class='ocrx_word' id='word_1_270' title='bbox 2429 617 2774 688; x_wconf 85' lang='grc' dir='ltr'><strong>πραττόμενα</strong></span> <span class='ocrx_word' id='word_1_271' title='bbox 2807 615 2884 684; x_wconf 82' lang='grc' dir='ltr'><strong>(ὃν</strong></span> <span class='ocrx_word' id='word_1_272' title='bbox 2925 616 2952 667; x_wconf 84' lang='grc' dir='ltr'>ὁ</span> <span class='ocrx_word' id='word_1_273' title='bbox 2991 615 3141 684; x_wconf 85' lang='grc' dir='ltr'><strong>λόγος</strong></span> <span class='ocrx_word' id='word_1_274' title='bbox 3179 615 3350 684; x_wconf 80' lang='grc' dir='ltr'><strong>σαφῶς</strong></span> <span class='ocrx_word' id='word_1_275' title='bbox 3393 617 3514 671; x_wconf 83' lang='grc' dir='ltr'><strong>κατὰ</strong></span> <span class='ocrx_word' id='word_1_276' title='bbox 3547 620 3692 692; x_wconf 73' lang='grc' dir='ltr'><strong>καιρὸν</strong></span> 
     </span>
    </p>
   </div>
   <div class='ocr_carea' id='block_1_38' title="bbox 2233 706 3692 782">
    <p class='ocr_par' dir='ltr' id='par_1_38' title="bbox 2233 706 3692 782">
     <span class='ocr_line' id='line_1_38' title="bbox 2233 706 3692 782; baseline 0.046 -23"><span class='ocrx_word' id='word_1_277' title='bbox 2233 706 2608 779; x_wconf 74' lang='grc' dir='ltr'><strong>ἑρμηνεύσει),</strong></span> <span class='ocrx_word' id='word_1_278' title='bbox 2650 707 2711 760; x_wconf 69' lang='grc' dir='ltr'><strong>οὗ</strong></span> <span class='ocrx_word' id='word_1_279' title='bbox 2743 707 2900 778; x_wconf 60' lang='grc' dir='ltr'>μόνον</span> <span class='ocrx_word' id='word_1_280' title='bbox 2939 708 3016 770; x_wconf 61' lang='grc' dir='ltr'><strong>εἰς</strong></span> <span class='ocrx_word' id='word_1_281' title='bbox 3047 707 3173 760; x_wconf 63' lang='grc' dir='ltr'><strong>Θεὸν</strong></span> <span class='ocrx_word' id='word_1_282' title='bbox 3212 709 3304 761; x_wconf 68' lang='grc' dir='ltr'><strong>οὐκ</strong></span> <span class='ocrx_word' id='word_1_283' title='bbox 3334 709 3606 779; x_wconf 63' lang='grc' dir='ltr'><strong>ἀπὸοὖμεν’</strong></span> <span class='ocrx_word' id='word_1_284' title='bbox 3639 713 3692 782; x_wconf 60' lang='grc' dir='ltr'><strong>μὴ</strong></span> 
     </span>
    </p>
   </div>
   <div class='ocr_carea' id='block_1_39' title="bbox 2232 795 3692 869">
    <p class='ocr_par' dir='ltr' id='par_1_39' title="bbox 2232 795 3692 869">
     <span class='ocr_line' id='line_1_39' title="bbox 2232 795 3692 869; baseline 0.003 -21"><span class='ocrx_word' id='word_1_285' title='bbox 2232 795 2533 866; x_wconf 81' lang='grc' dir='ltr'><strong>τολμῶντες</strong></span> <span class='ocrx_word' id='word_1_286' title='bbox 2582 795 2746 849; x_wconf 75' lang='grc' dir='ltr'><strong>αὑτοῦ</strong></span> <span class='ocrx_word' id='word_1_287' title='bbox 2785 796 3261 868; x_wconf 75' lang='grc' dir='ltr'><strong>καταστοχάζεσθαι</strong></span> <span class='ocrx_word' id='word_1_288' title='bbox 3300 796 3511 869; x_wconf 77' lang='grc' dir='ltr'><strong>χαλεπὴν</strong></span> <span class='ocrx_word' id='word_1_289' title='bbox 3547 799 3692 852; x_wconf 78' lang='grc' dir='ltr'><strong>ἀδυνα-</strong></span> 
     </span>
    </p>
   </div>
   <div class='ocr_carea' id='block_1_40' title="bbox 2238 886 3696 958">
    <p class='ocr_par' dir='ltr' id='par_1_40' title="bbox 2238 886 3696 958">
     <span class='ocr_line' id='line_1_40' title="bbox 2238 886 3696 958; baseline 0.002 -19"><span class='ocrx_word' id='word_1_290' title='bbox 2238 887 2385 957; x_wconf 89' lang='grc' dir='ltr'><strong>μίαν,</strong></span> <span class='ocrx_word' id='word_1_291' title='bbox 2415 886 2509 940; x_wconf 87' lang='grc' dir='ltr'><strong>τοῦ</strong></span> <span class='ocrx_word' id='word_1_292' title='bbox 2539 886 2867 941; x_wconf 83' lang='grc' dir='ltr'><strong>ἀνθεστάναι</strong></span> <span class='ocrx_word' id='word_1_293' title='bbox 2911 887 3075 958; x_wconf 75' lang='grc' dir='ltr'><strong>κακία</strong></span> <span class='ocrx_word' id='word_1_294' title='bbox 3110 890 3172 958; x_wconf 82' lang='grc' dir='ltr'><strong>τῇ</strong></span> <span class='ocrx_word' id='word_1_295' title='bbox 3213 888 3281 958; x_wconf 82' lang='grc' dir='ltr'><strong>μὴ</strong></span> <span class='ocrx_word' id='word_1_296' title='bbox 3320 887 3458 957; x_wconf 72' lang='grc' dir='ltr'><strong>οὔσῃ,</strong></span> <span class='ocrx_word' id='word_1_297' title='bbox 3487 888 3596 941; x_wconf 76' lang='grc' dir='ltr'><strong>ἀλλὰ</strong></span> <span class='ocrx_word' id='word_1_298' title='bbox 3629 891 3696 942; x_wconf 76' lang='grc' dir='ltr'><strong>καὶ</strong></span> 
     </span>
    </p>
   </div>
   <div class='ocr_carea' id='block_1_41' title="bbox 2218 978 3698 1050">
    <p class='ocr_par' dir='ltr' id='par_1_41' title="bbox 2218 978 3698 1050">
     <span class='ocr_line' id='line_1_41' title="bbox 2218 978 3698 1050; baseline 0.001 -19"><span class='ocrx_word' id='word_1_299' title='bbox 2218 978 2301 1031; x_wconf 73' lang='grc' dir='ltr'><strong>τὰ</strong></span> <span class='ocrx_word' id='word_1_300' title='bbox 2321 978 2666 1050; x_wconf 84' lang='grc' dir='ltr'><strong>πραττόμενα</strong></span> <span class='ocrx_word' id='word_1_301' title='bbox 2691 978 2825 1050; x_wconf 76' lang='grc' dir='ltr'><strong>πρὸς</strong></span> <span class='ocrx_word' id='word_1_302' title='bbox 2851 978 3006 1049; x_wconf 85' lang='grc' dir='ltr'><strong>ἡμῶν</strong></span> <span class='ocrx_word' id='word_1_303' title='bbox 3031 979 3220 1042; x_wconf 90' lang='grc' dir='ltr'><strong>κακίας</strong></span> <span class='ocrx_word' id='word_1_304' title='bbox 3241 978 3407 1050; x_wconf 81' lang='grc' dir='ltr'><strong>τρόπῳ</strong></span> <span class='ocrx_word' id='word_1_305' title='bbox 3431 978 3590 1033; x_wconf 84' lang='grc' dir='ltr'><strong>παύειν</strong></span> <span class='ocrx_word' id='word_1_306' title='bbox 3609 981 3698 1034; x_wconf 76' lang='grc' dir='ltr'><strong>ἑπι-</strong></span> 
     </span>
    </p>
   </div>
   <div class='ocr_carea' id='block_1_42' title="bbox 2233 1070 3700 1143">
    <p class='ocr_par' dir='ltr' id='par_1_42' title="bbox 2233 1070 3700 1143">
     <span class='ocr_line' id='line_1_42' title="bbox 2233 1070 3700 1143; baseline 0.001 -20"><span class='ocrx_word' id='word_1_307' title='bbox 2233 1071 2520 1143; x_wconf 87' lang='grc' dir='ltr'><strong>χειροῦμεν</strong></span> <span class='ocrx_word' id='word_1_308' title='bbox 2545 1114 2560 1140; x_wconf 90' lang='grc'><strong>,</strong></span> <span class='ocrx_word' id='word_1_309' title='bbox 2599 1072 2675 1142; x_wconf 81' lang='grc' dir='ltr'><strong>τῷ</strong></span> <span class='ocrx_word' id='word_1_310' title='bbox 2724 1090 2774 1141; x_wconf 72' lang='grc' dir='ltr'><strong>γε</strong></span> <span class='ocrx_word' id='word_1_311' title='bbox 2809 1071 2996 1141; x_wconf 82' lang='grc' dir='ltr'><strong>σαφῶς</strong></span> <span class='ocrx_word' id='word_1_312' title='bbox 3040 1073 3149 1134; x_wconf 87' lang='grc' dir='ltr'><strong>τοῖς</strong></span> <span class='ocrx_word' id='word_1_313' title='bbox 3194 1070 3512 1141; x_wconf 84' lang='grc' dir='ltr'><strong>προσέχουσιν</strong></span> <span class='ocrx_word' id='word_1_314' title='bbox 3537 1072 3700 1124; x_wconf 83' lang='grc' dir='ltr'><strong>ἀποδει-</strong></span> 
     </span>
    </p>
   </div>
   <div class='ocr_carea' id='block_1_43' title="bbox 2235 1165 3700 1240">
    <p class='ocr_par' dir='ltr' id='par_1_43' title="bbox 2235 1165 3700 1240">
     <span class='ocr_line' id='line_1_43' title="bbox 2235 1165 3700 1240; baseline -0.004 -17"><span class='ocrx_word' id='word_1_315' title='bbox 2235 1169 2445 1235; x_wconf 85' lang='grc' dir='ltr'><strong>κνῦναι,</strong></span> <span class='ocrx_word' id='word_1_316' title='bbox 2474 1169 2551 1233; x_wconf 84' lang='grc' dir='ltr'><strong>ῶς</strong></span> <span class='ocrx_word' id='word_1_317' title='bbox 2595 1169 2662 1222; x_wconf 80' lang='grc' dir='ltr'><strong>τὰ</strong></span> <span class='ocrx_word' id='word_1_318' title='bbox 2696 1168 2832 1240; x_wconf 60' lang='grc' dir='ltr'><strong>πρὶς</strong></span> <span class='ocrx_word' id='word_1_319' title='bbox 2880 1170 2913 1238; x_wconf 76' lang='grc' dir='ltr'>ἡ</span> <span class='ocrx_word' id='word_1_320' title='bbox 2925 1167 3038 1238; x_wconf 87' lang='grc' dir='ltr'><strong>μῶν</strong></span> <span class='ocrx_word' id='word_1_321' title='bbox 3075 1165 3317 1237; x_wconf 79' lang='grc' dir='ltr'><strong>ἀλήθειαν</strong></span> <span class='ocrx_word' id='word_1_322' title='bbox 3359 1165 3522 1235; x_wconf 77' lang='grc' dir='ltr'><strong>ἔχοντα</strong></span> <span class='ocrx_word' id='word_1_323' title='bbox 3543 1165 3615 1218; x_wconf 86' lang='grc' dir='ltr'><strong>τοῦ</strong></span> <span class='ocrx_word' id='word_1_324' title='bbox 3637 1166 3700 1235; x_wconf 86' lang='grc' dir='ltr'><strong>γί-</strong></span> 
     </span>
    </p>
   </div>
   <div class='ocr_carea' id='block_1_44' title="bbox 2234 1255 3702 1332">
    <p class='ocr_par' dir='ltr' id='par_1_44' title="bbox 2234 1255 3702 1332">
     <span class='ocr_line' id='line_1_44' title="bbox 2234 1255 3702 1332; baseline -0.004 -19"><span class='ocrx_word' id='word_1_325' title='bbox 2234 1261 2456 1330; x_wconf 89' lang='grc' dir='ltr'><strong>γνεσθαι</strong></span> <span class='ocrx_word' id='word_1_326' title='bbox 2491 1261 2590 1331; x_wconf 83' lang='grc' dir='ltr'><strong>τὴν</strong></span> <span class='ocrx_word' id='word_1_327' title='bbox 2623 1261 2817 1332; x_wconf 75' lang='grc' dir='ltr'><strong>ἀρχὴν,</strong></span> <span class='ocrx_word' id='word_1_328' title='bbox 2866 1257 3108 1330; x_wconf 73' lang='grc' dir='ltr'><strong>δι’ζὴμῶν</strong></span> <span class='ocrx_word' id='word_1_329' title='bbox 3138 1256 3201 1310; x_wconf 82' lang='grc' dir='ltr'><strong>ἂν</strong></span> <span class='ocrx_word' id='word_1_330' title='bbox 3246 1256 3335 1309; x_wconf 73' lang='grc' dir='ltr'><strong>καὶ</strong></span> <span class='ocrx_word' id='word_1_331' title='bbox 3373 1256 3501 1319; x_wconf 87' lang='grc' dir='ltr'><strong>τέλος</strong></span> <span class='ocrx_word' id='word_1_332' title='bbox 3539 1255 3613 1308; x_wconf 82' lang='grc' dir='ltr'><strong>τοῦ</strong></span> <span class='ocrx_word' id='word_1_333' title='bbox 3648 1258 3702 1326; x_wconf 78' lang='grc' dir='ltr'><strong>μὴ</strong></span> 
     </span>
    </p>
   </div>
   <div class='ocr_carea' id='block_1_45' title="bbox 2235 1348 3704 1421">
    <p class='ocr_par' dir='ltr' id='par_1_45' title="bbox 2235 1348 3704 1421">
     <span class='ocr_line' id='line_1_45' title="bbox 2235 1348 3704 1421; baseline -0.003 -17"><span class='ocrx_word' id='word_1_334' title='bbox 2235 1353 2514 1421; x_wconf 87' lang='grc' dir='ltr'><strong>γίγνεσθαι</strong></span> <span class='ocrx_word' id='word_1_335' title='bbox 2544 1351 2721 1415; x_wconf 79' lang='grc' dir='ltr'><strong>λάϐοι,</strong></span> <span class='ocrx_word' id='word_1_336' title='bbox 2752 1354 2800 1404; x_wconf 88' lang='grc' dir='ltr'><strong>εί</strong></span> <span class='ocrx_word' id='word_1_337' title='bbox 2834 1352 2928 1404; x_wconf 75' lang='grc' dir='ltr'><strong>καὶ</strong></span> <span class='ocrx_word' id='word_1_338' title='bbox 2964 1351 3038 1421; x_wconf 80' lang='grc' dir='ltr'><strong>μὴ</strong></span> <span class='ocrx_word' id='word_1_339' title='bbox 3083 1348 3228 1420; x_wconf 80' lang='grc' dir='ltr'><strong>παρὰ</strong></span> <span class='ocrx_word' id='word_1_340' title='bbox 3255 1351 3403 1401; x_wconf 80' lang='grc' dir='ltr'><strong>πᾶσιν</strong></span> <span class='ocrx_word' id='word_1_341' title='bbox 3422 1366 3433 1378; x_wconf 89' lang='grc'><strong>·</strong></span> <span class='ocrx_word' id='word_1_342' title='bbox 3457 1349 3508 1400; x_wconf 69' lang='grc' dir='ltr'><strong>οὔ</strong></span> <span class='ocrx_word' id='word_1_343' title='bbox 3541 1348 3625 1419; x_wconf 82' lang='grc' dir='ltr'><strong>γὰρ</strong></span> <span class='ocrx_word' id='word_1_344' title='bbox 3642 1349 3704 1417; x_wconf 70' lang='grc' dir='ltr'><strong>ἐφ’</strong></span> 
     </span>
    </p>
   </div>
   <div class='ocr_carea' id='block_1_46' title="bbox 2237 1442 3707 1515">
    <p class='ocr_par' dir='ltr' id='par_1_46' title="bbox 2237 1442 3707 1515">
     <span class='ocr_line' id='line_1_46' title="bbox 2237 1442 3707 1515; baseline -0.005 -16"><span class='ocrx_word' id='word_1_345' title='bbox 2237 1446 2448 1515; x_wconf 80' lang='grc' dir='ltr'><strong>ἑκάστῳ</strong></span> <span class='ocrx_word' id='word_1_346' title='bbox 2475 1445 2534 1498; x_wconf 85' lang='grc' dir='ltr'><strong>τὺ</strong></span> <span class='ocrx_word' id='word_1_347' title='bbox 2556 1445 2804 1505; x_wconf 84' lang='grc' dir='ltr'><strong>καθόλου,</strong></span> <span class='ocrx_word' id='word_1_348' title='bbox 2835 1443 2971 1497; x_wconf 77' lang='grc' dir='ltr'><strong>ἀλλά</strong></span> <span class='ocrx_word' id='word_1_349' title='bbox 2995 1459 3057 1512; x_wconf 86' lang='grc' dir='ltr'><strong>γε</strong></span> <span class='ocrx_word' id='word_1_350' title='bbox 3089 1443 3212 1513; x_wconf 82' lang='grc' dir='ltr'><strong>παρ’</strong></span> <span class='ocrx_word' id='word_1_351' title='bbox 3240 1442 3434 1511; x_wconf 77' lang='grc' dir='ltr'><strong>ἑκάστῳ</strong></span> <span class='ocrx_word' id='word_1_352' title='bbox 3456 1443 3543 1494; x_wconf 84' lang='grc' dir='ltr'><strong>τῶν</strong></span> <span class='ocrx_word' id='word_1_353' title='bbox 3565 1443 3707 1493; x_wconf 53' lang='lat' dir='ltr'><strong>iam».</strong></span> 
     </span>
    </p>
   </div>
   <div class='ocr_carea' id='block_1_47' title="bbox 2235 1532 3707 1607">
    <p class='ocr_par' dir='ltr' id='par_1_47' title="bbox 2235 1532 3707 1607">
     <span class='ocr_line' id='line_1_47' title="bbox 2235 1532 3707 1607; baseline -0.006 -15"><span class='ocrx_word' id='word_1_354' title='bbox 2235 1539 2474 1592; x_wconf 82' lang='grc' dir='ltr'><strong>δακότων</strong></span> <span class='ocrx_word' id='word_1_355' title='bbox 2516 1538 2730 1607; x_wconf 80' lang='grc' dir='ltr'><strong>(δεῖγμα</strong></span> <span class='ocrx_word' id='word_1_356' title='bbox 2779 1535 2961 1606; x_wconf 85' lang='grc' dir='ltr'><strong>μέντοι</strong></span> <span class='ocrx_word' id='word_1_357' title='bbox 3011 1534 3103 1586; x_wconf 89' lang='grc' dir='ltr'><strong>τοῦ</strong></span> <span class='ocrx_word' id='word_1_358' title='bbox 3147 1533 3382 1597; x_wconf 78' lang='grc' dir='ltr'><strong>καθόλου,</strong></span> <span class='ocrx_word' id='word_1_359' title='bbox 3429 1533 3480 1584; x_wconf 81' lang='grc' dir='ltr'><strong>τὸ</strong></span> <span class='ocrx_word' id='word_1_360' title='bbox 3521 1532 3586 1600; x_wconf 78' lang='grc' dir='ltr'><strong>ἐφ’</strong></span> <span class='ocrx_word' id='word_1_361' title='bbox 3616 1532 3707 1584; x_wconf 77' lang='grc' dir='ltr'><strong>ἑκά·</strong></span> 
     </span>
    </p>
   </div>
   <div class='ocr_carea' id='block_1_48' title="bbox 2241 1619 3709 1697">
    <p class='ocr_par' dir='ltr' id='par_1_48' title="bbox 2241 1619 3709 1697">
     <span class='ocr_line' id='line_1_48' title="bbox 2241 1619 3709 1697; baseline -0.005 -17"><span class='ocrx_word' id='word_1_362' title='bbox 2241 1645 2365 1680; x_wconf 91' lang='grc' dir='ltr'><strong>στου</strong></span> <span class='ocrx_word' id='word_1_363' title='bbox 2414 1625 2802 1697; x_wconf 77' lang='grc' dir='ltr'><strong>ἐνδεχόμενον).</strong></span> <span class='ocrx_word' id='word_1_364' title='bbox 2855 1626 2914 1678; x_wconf 90' lang='lat'><strong>&#39;0</strong></span> <span class='ocrx_word' id='word_1_365' title='bbox 2943 1625 3131 1694; x_wconf 83' lang='grc' dir='ltr'><strong>μέντοι</strong></span> <span class='ocrx_word' id='word_1_366' title='bbox 3176 1621 3485 1693; x_wconf 76' lang='grc' dir='ltr'><strong>βαρϐαρικὴν</strong></span> <span class='ocrx_word' id='word_1_367' title='bbox 3522 1619 3709 1673; x_wconf 75' lang='grc' dir='ltr'><strong>ἀσέϐειαν</strong></span> 
     </span>
    </p>
   </div>
   <div class='ocr_carea' id='block_1_49' title="bbox 2240 1707 3711 1788">
    <p class='ocr_par' dir='ltr' id='par_1_49' title="bbox 2240 1707 3711 1788">
     <span class='ocr_line' id='line_1_49' title="bbox 2240 1707 3711 1788; baseline -0.007 -18"><span class='ocrx_word' id='word_1_368' title='bbox 2240 1718 2552 1788; x_wconf 78' lang='grc' dir='ltr'><strong>ἐπινοήσας,</strong></span> <span class='ocrx_word' id='word_1_369' title='bbox 2587 1718 2820 1787; x_wconf 78' lang='grc' dir='ltr'><strong>ἄναρχον</strong></span> <span class='ocrx_word' id='word_1_370' title='bbox 2867 1714 3067 1767; x_wconf 88' lang='grc' dir='ltr'><strong>κακίαν</strong></span> <span class='ocrx_word' id='word_1_371' title='bbox 3119 1711 3252 1765; x_wconf 81' lang='grc' dir='ltr'><strong>κατὰ</strong></span> <span class='ocrx_word' id='word_1_372' title='bbox 3295 1711 3378 1763; x_wconf 91' lang='grc' dir='ltr'><strong>τοῦ</strong></span> <span class='ocrx_word' id='word_1_373' title='bbox 3417 1709 3531 1762; x_wconf 87' lang='grc' dir='ltr'><strong>Θεοῦ</strong></span> <span class='ocrx_word' id='word_1_374' title='bbox 3558 1707 3711 1779; x_wconf 78' lang='grc' dir='ltr'><strong>άληθῶς</strong></span> 
     </span>
    </p>
   </div>
   <div class='ocr_carea' id='block_1_50' title="bbox 2242 1800 3711 1880">
    <p class='ocr_par' dir='ltr' id='par_1_50' title="bbox 2242 1800 3711 1880">
     <span class='ocr_line' id='line_1_50' title="bbox 2242 1800 3711 1880; baseline -0.007 -17"><span class='ocrx_word' id='word_1_375' title='bbox 2242 1810 2475 1880; x_wconf 82' lang='grc' dir='ltr'><strong>ἀνάρχου</strong></span> <span class='ocrx_word' id='word_1_376' title='bbox 2499 1809 2591 1862; x_wconf 77' lang='grc' dir='ltr'><strong>καὶ</strong></span> <span class='ocrx_word' id='word_1_377' title='bbox 2622 1808 2779 1879; x_wconf 79' lang='grc' dir='ltr'><strong>μόνου</strong></span> <span class='ocrx_word' id='word_1_378' title='bbox 2811 1805 3178 1875; x_wconf 81' lang='grc' dir='ltr'><strong>πλασάμενος,</strong></span> <span class='ocrx_word' id='word_1_379' title='bbox 3210 1803 3301 1857; x_wconf 68' lang='grc' dir='ltr'><strong>καὶ</strong></span> <span class='ocrx_word' id='word_1_380' title='bbox 3329 1801 3551 1873; x_wconf 79' lang='grc' dir='ltr'><strong>δευτέραν</strong></span> <span class='ocrx_word' id='word_1_381' title='bbox 3585 1800 3711 1870; x_wconf 79' lang='grc' dir='ltr'><strong>ἀρχὴν</strong></span> 
     </span>
    </p>
   </div>
   <div class='ocr_carea' id='block_1_51' title="bbox 2241 1891 3712 1973">
    <p class='ocr_par' dir='ltr' id='par_1_51' title="bbox 2241 1891 3712 1973">
     <span class='ocr_line' id='line_1_51' title="bbox 2241 1891 3712 1973; baseline -0.009 -18"><span class='ocrx_word' id='word_1_382' title='bbox 2241 1903 2444 1973; x_wconf 79' lang='grc' dir='ltr'><strong>ταύτην</strong></span> <span class='ocrx_word' id='word_1_383' title='bbox 2489 1900 2728 1972; x_wconf 83' lang='grc' dir='ltr'><strong>μανικῶς</strong></span> <span class='ocrx_word' id='word_1_384' title='bbox 2771 1899 3120 1969; x_wconf 81' lang='grc' dir='ltr'><strong>ὁρισάμενος,</strong></span> <span class='ocrx_word' id='word_1_385' title='bbox 3153 1897 3211 1949; x_wconf 80' lang='grc' dir='ltr'><strong>οὑ</strong></span> <span class='ocrx_word' id='word_1_386' title='bbox 3249 1895 3394 1967; x_wconf 77' lang='grc' dir='ltr'><strong>μόνον</strong></span> <span class='ocrx_word' id='word_1_387' title='bbox 3431 1896 3479 1946; x_wconf 82' lang='grc' dir='ltr'><strong>ὲν</strong></span> <span class='ocrx_word' id='word_1_388' title='bbox 3518 1894 3591 1965; x_wconf 78' lang='grc' dir='ltr'><strong>[σῃ</strong></span> <span class='ocrx_word' id='word_1_389' title='bbox 3606 1891 3712 1955; x_wconf 78' lang='grc' dir='ltr'><strong>τάξει</strong></span> 
     </span>
    </p>
   </div>
   <div class='ocr_carea' id='block_1_52' title="bbox 2242 1983 3715 2064">
    <p class='ocr_par' dir='ltr' id='par_1_52' title="bbox 2242 1983 3715 2064">
     <span class='ocr_line' id='line_1_52' title="bbox 2242 1983 3715 2064; baseline -0.009 -17"><span class='ocrx_word' id='word_1_390' title='bbox 2242 1993 2424 2064; x_wconf 82' lang='grc' dir='ltr'><strong>τίθησι</strong></span> <span class='ocrx_word' id='word_1_391' title='bbox 2455 1993 2652 2046; x_wconf 86' lang='grc' dir='ltr'><strong>κακίαν</strong></span> <span class='ocrx_word' id='word_1_392' title='bbox 2700 1990 2838 2060; x_wconf 81' lang='grc' dir='ltr'><strong>Θεῷ,</strong></span> <span class='ocrx_word' id='word_1_393' title='bbox 2881 1989 3073 2060; x_wconf 83' lang='grc' dir='ltr'><strong>ὥσπερ</strong></span> <span class='ocrx_word' id='word_1_394' title='bbox 3102 1986 3322 2059; x_wconf 75' lang='grc' dir='ltr'><strong>τιμῆσαι</strong></span> <span class='ocrx_word' id='word_1_395' title='bbox 3351 1986 3526 2055; x_wconf 81' lang='grc' dir='ltr'><strong>ταύτην</strong></span> <span class='ocrx_word' id='word_1_396' title='bbox 3562 1983 3715 2053; x_wconf 79' lang='grc' dir='ltr'><strong>ὁδῆθεν</strong></span> 
     </span>
    </p>
   </div>
   <div class='ocr_carea' id='block_1_53' title="bbox 2250 2075 3714 2157">
    <p class='ocr_par' dir='ltr' id='par_1_53' title="bbox 2250 2075 3714 2157">
     <span class='ocr_line' id='line_1_53' title="bbox 2250 2075 3714 2157; baseline -0.01 -19"><span class='ocrx_word' id='word_1_397' title='bbox 2250 2085 2420 2157; x_wconf 82' lang='grc' dir='ltr'><strong>μισῶν</strong></span> <span class='ocrx_word' id='word_1_398' title='bbox 2467 2083 2846 2155; x_wconf 82' lang='grc' dir='ltr'><strong>προελόμενος,</strong></span> <span class='ocrx_word' id='word_1_399' title='bbox 2889 2081 3030 2135; x_wconf 77' lang='grc' dir='ltr'><strong>ἀλλὰ</strong></span> <span class='ocrx_word' id='word_1_400' title='bbox 3067 2081 3160 2134; x_wconf 70' lang='grc' dir='ltr'><strong>καὶ</strong></span> <span class='ocrx_word' id='word_1_401' title='bbox 3202 2081 3386 2134; x_wconf 83' lang='grc' dir='ltr'><strong>ἀνίατα</strong></span> <span class='ocrx_word' id='word_1_402' title='bbox 3416 2079 3562 2148; x_wconf 79' lang='grc' dir='ltr'><strong>πάντη</strong></span> <span class='ocrx_word' id='word_1_403' title='bbox 3593 2075 3643 2127; x_wconf 76' lang='grc' dir='ltr'><strong>τὰ</strong></span> <span class='ocrx_word' id='word_1_404' title='bbox 3672 2076 3714 2125; x_wconf 76' lang='grc' dir='ltr'><strong>ἐκ</strong></span> 
     </span>
    </p>
   </div>
   <div class='ocr_carea' id='block_1_54' title="bbox 2245 2162 3716 2249">
    <p class='ocr_par' dir='ltr' id='par_1_54' title="bbox 2245 2162 3716 2249">
     <span class='ocr_line' id='line_1_54' title="bbox 2245 2162 3716 2249; baseline -0.01 -18"><span class='ocrx_word' id='word_1_405' title='bbox 2245 2180 2344 2249; x_wconf 81' lang='grc' dir='ltr'><strong>τῆς</strong></span> <span class='ocrx_word' id='word_1_406' title='bbox 2375 2177 2612 2248; x_wconf 83' lang='grc' dir='ltr'><strong>ἀνάρχου</strong></span> <span class='ocrx_word' id='word_1_407' title='bbox 2639 2176 2828 2247; x_wconf 74' lang='grc' dir='ltr'><strong>ῥέοντα</strong></span> <span class='ocrx_word' id='word_1_408' title='bbox 2853 2174 3002 2227; x_wconf 83' lang='grc' dir='ltr'><strong>κακὰ</strong></span> <span class='ocrx_word' id='word_1_409' title='bbox 3029 2174 3327 2239; x_wconf 76' lang='grc' dir='ltr'><strong>ἐπάναγκες</strong></span> <span class='ocrx_word' id='word_1_410' title='bbox 3349 2169 3560 2238; x_wconf 75' lang='grc' dir='ltr'><strong>φάσκων,</strong></span> <span class='ocrx_word' id='word_1_411' title='bbox 3579 2162 3716 2234; x_wconf 80' lang='grc' dir='ltr'><strong>ἀόιὼρ-</strong></span> 
     </span>
    </p>
   </div>
   <div class='ocr_carea' id='block_1_55' title="bbox 2249 2259 3715 2340">
    <p class='ocr_par' dir='ltr' id='par_1_55' title="bbox 2249 2259 3715 2340">
     <span class='ocr_line' id='line_1_55' title="bbox 2249 2259 3715 2340; baseline -0.011 -17"><span class='ocrx_word' id='word_1_412' title='bbox 2249 2269 2416 2323; x_wconf 85' lang='grc' dir='ltr'><strong>θωτον</strong></span> <span class='ocrx_word' id='word_1_413' title='bbox 2466 2268 2616 2340; x_wconf 71' lang='grc' dir='ltr'><strong>παρὰ</strong></span> <span class='ocrx_word' id='word_1_414' title='bbox 2651 2265 2955 2339; x_wconf 83' lang='grc' dir='ltr'><strong>ἀνθρώποις</strong></span> <span class='ocrx_word' id='word_1_415' title='bbox 3001 2266 3100 2336; x_wconf 70' lang='grc' dir='ltr'><strong>τὴν</strong></span> <span class='ocrx_word' id='word_1_416' title='bbox 3135 2264 3339 2318; x_wconf 84' lang='grc' dir='ltr'><strong>ἀδικίαν</strong></span> <span class='ocrx_word' id='word_1_417' title='bbox 3367 2259 3615 2320; x_wconf 73' lang='grc' dir='ltr'><strong>ἐπιϐούλως</strong></span> <span class='ocrx_word' id='word_1_418' title='bbox 3644 2259 3715 2309; x_wconf 71' lang='lat' dir='ltr'><strong>ofs-</strong></span> 
     </span>
    </p>
   </div>
   <div class='ocr_carea' id='block_1_56' title="bbox 2253 2345 3718 2428">
    <p class='ocr_par' dir='ltr' id='par_1_56' title="bbox 2253 2345 3718 2428">
     <span class='ocr_line' id='line_1_56' title="bbox 2253 2345 3718 2428; baseline -0.012 -14"><span class='ocrx_word' id='word_1_419' title='bbox 2253 2361 2374 2414; x_wconf 84' lang='grc' dir='ltr'><strong>σθαι</strong></span> <span class='ocrx_word' id='word_1_420' title='bbox 2409 2363 2552 2413; x_wconf 87' lang='grc' dir='ltr'><strong>ποιεῖ</strong></span> <span class='ocrx_word' id='word_1_421' title='bbox 2595 2360 2722 2422; x_wconf 76' lang='grc' dir='ltr'><strong>τοὺς</strong></span> <span class='ocrx_word' id='word_1_422' title='bbox 2761 2356 3116 2428; x_wconf 80' lang='grc' dir='ltr'><strong>πειθομένους</strong></span> <span class='ocrx_word' id='word_1_423' title='bbox 3154 2353 3329 2424; x_wconf 74' lang='grc' dir='ltr'><strong>αὐτῷ·</strong></span> <span class='ocrx_word' id='word_1_424' title='bbox 3365 2351 3487 2404; x_wconf 79' lang='grc' dir='ltr'><strong>ὥστε</strong></span> <span class='ocrx_word' id='word_1_425' title='bbox 3526 2345 3718 2419; x_wconf 59' lang='grc' dir='ltr'><strong>πωλήῷει</strong></span> 
     </span>
    </p>
   </div>
   <div class='ocr_carea' id='block_1_57' title="bbox 2249 2435 3719 2522">
    <p class='ocr_par' dir='ltr' id='par_1_57' title="bbox 2249 2435 3719 2522">
     <span class='ocr_line' id='line_1_57' title="bbox 2249 2435 3719 2522; baseline -0.007 -17"><span class='ocrx_word' id='word_1_426' title='bbox 2249 2452 2348 2522; x_wconf 77' lang='grc' dir='ltr'><strong>τῆς</strong></span> <span class='ocrx_word' id='word_1_427' title='bbox 2373 2449 2480 2503; x_wconf 87' lang='grc' dir='ltr'><strong>τῶν</strong></span> <span class='ocrx_word' id='word_1_428' title='bbox 2506 2447 2915 2521; x_wconf 85' lang='grc' dir='ltr'><strong>ἁμαρτημάτων</strong></span> <span class='ocrx_word' id='word_1_429' title='bbox 2944 2447 3139 2517; x_wconf 76' lang='grc' dir='ltr'><strong>ἡδονῆς</strong></span> <span class='ocrx_word' id='word_1_430' title='bbox 3165 2441 3525 2515; x_wconf 79' lang='grc' dir='ltr'><strong>προϐάλλεσθαι</strong></span> <span class='ocrx_word' id='word_1_431' title='bbox 3546 2438 3637 2492; x_wconf 77' lang='grc' dir='ltr'><strong>ἀντὶ</strong></span> <span class='ocrx_word' id='word_1_432' title='bbox 3655 2435 3719 2503; x_wconf 75' lang='grc' dir='ltr'><strong>τῆς</strong></span> 
     </span>
    </p>
   </div>
   <div class='ocr_carea' id='block_1_58' title="bbox 2253 2529 3718 2614">
    <p class='ocr_par' dir='ltr' id='par_1_58' title="bbox 2253 2529 3718 2614">
     <span class='ocr_line' id='line_1_58' title="bbox 2253 2529 3718 2614; baseline -0.013 -18"><span class='ocrx_word' id='word_1_433' title='bbox 2253 2543 2585 2614; x_wconf 74' lang='grc' dir='ltr'><strong>ἐπιστροφῆς</strong></span> <span class='ocrx_word' id='word_1_434' title='bbox 2617 2542 2716 2612; x_wconf 79' lang='grc' dir='ltr'><strong>τὴν</strong></span> <span class='ocrx_word' id='word_1_435' title='bbox 2756 2539 3147 2610; x_wconf 77' lang='grc' dir='ltr'><strong>ἀπαγόρευσιν.</strong></span> <span class='ocrx_word' id='word_1_436' title='bbox 3179 2537 3251 2600; x_wconf 80' lang='grc' dir='ltr'><strong>ὡς</strong></span> <span class='ocrx_word' id='word_1_437' title='bbox 3290 2534 3518 2588; x_wconf 82' lang='grc' dir='ltr'><strong>ἀδύνατον</strong></span> <span class='ocrx_word' id='word_1_438' title='bbox 3553 2529 3718 2599; x_wconf 71' lang='grc' dir='ltr'><strong>ἁνάρχαι</strong></span> 
     </span>
    </p>
   </div>
   <div class='ocr_carea' id='block_1_59' title="bbox 2252 2617 3721 2705">
    <p class='ocr_par' dir='ltr' id='par_1_59' title="bbox 2252 2617 3721 2705">
     <span class='ocr_line' id='line_1_59' title="bbox 2252 2617 3721 2705; baseline -0.015 -15"><span class='ocrx_word' id='word_1_439' title='bbox 2252 2636 2445 2699; x_wconf 85' lang='grc' dir='ltr'><strong>κακίας</strong></span> <span class='ocrx_word' id='word_1_440' title='bbox 2489 2637 2730 2705; x_wconf 77' lang='grc' dir='ltr'><strong>ἐπισχεῖν</strong></span> <span class='ocrx_word' id='word_1_441' title='bbox 2771 2632 2868 2703; x_wconf 84' lang='grc' dir='ltr'><strong>τὴν</strong></span> <span class='ocrx_word' id='word_1_442' title='bbox 2911 2631 3115 2701; x_wconf 74' lang='grc' dir='ltr'><strong>φοράνο</strong></span> <span class='ocrx_word' id='word_1_443' title='bbox 3154 2629 3288 2699; x_wconf 73' lang='grc' dir='ltr'><strong>πλὴν</strong></span> <span class='ocrx_word' id='word_1_444' title='bbox 3329 2629 3374 2678; x_wconf 84' lang='grc' dir='ltr'><strong>εί</strong></span> <span class='ocrx_word' id='word_1_445' title='bbox 3408 2625 3472 2695; x_wconf 78' lang='grc' dir='ltr'><strong>μή</strong></span> <span class='ocrx_word' id='word_1_446' title='bbox 3498 2639 3566 2684; x_wconf 85' lang='grc' dir='ltr'><strong>τις</strong></span> <span class='ocrx_word' id='word_1_447' title='bbox 3590 2617 3721 2672; x_wconf 80' lang='grc' dir='ltr'><strong>ἐπιθυ-</strong></span> 
     </span>
    </p>
   </div>
   <div class='ocr_carea' id='block_1_60' title="bbox 2256 2709 3721 2798">
    <p class='ocr_par' dir='ltr' id='par_1_60' title="bbox 2256 2709 3721 2798">
     <span class='ocr_line' id='line_1_60' title="bbox 2256 2709 3721 2798; baseline -0.019 -12"><span class='ocrx_word' id='word_1_448' title='bbox 2256 2727 2355 2798; x_wconf 73' lang='grc' dir='ltr'><strong>μία</strong></span> <span class='ocrx_word' id='word_1_449' title='bbox 2380 2725 2537 2796; x_wconf 80' lang='grc' dir='ltr'><strong>δόξης</strong></span> <span class='ocrx_word' id='word_1_450' title='bbox 2579 2723 2670 2776; x_wconf 88' lang='grc' dir='ltr'><strong>τοῦ</strong></span> <span class='ocrx_word' id='word_1_451' title='bbox 2705 2724 2879 2776; x_wconf 83' lang='grc' dir='ltr'><strong>δοκεῖν</strong></span> <span class='ocrx_word' id='word_1_452' title='bbox 2912 2723 2973 2775; x_wconf 87' lang='grc' dir='ltr'><strong>τὸ</strong></span> <span class='ocrx_word' id='word_1_453' title='bbox 3014 2722 3182 2774; x_wconf 83' lang='grc' dir='ltr'><strong>πλέον</strong></span> <span class='ocrx_word' id='word_1_454' title='bbox 3214 2721 3275 2771; x_wconf 83' lang='grc' dir='ltr'><strong>ὲκ</strong></span> <span class='ocrx_word' id='word_1_455' title='bbox 3302 2715 3387 2769; x_wconf 80' lang='grc' dir='ltr'><strong>τοῦ</strong></span> <span class='ocrx_word' id='word_1_456' title='bbox 3415 2711 3586 2783; x_wconf 82' lang='grc' dir='ltr'><strong>ἀγαθοῦ</strong></span> <span class='ocrx_word' id='word_1_457' title='bbox 3609 2709 3721 2777; x_wconf 73' lang='grc' dir='ltr'><strong>ἔχειν,</strong></span> 
     </span>
    </p>
   </div>
   <div class='ocr_carea' id='block_1_61' title="bbox 2252 2801 3724 2888">
    <p class='ocr_par' dir='ltr' id='par_1_61' title="bbox 2252 2801 3724 2888">
     <span class='ocr_line' id='line_1_61' title="bbox 2252 2801 3724 2888; baseline -0.023 -5"><span class='ocrx_word' id='word_1_458' title='bbox 2252 2817 2326 2881; x_wconf 79' lang='grc' dir='ltr'><strong>ὡς</strong></span> <span class='ocrx_word' id='word_1_459' title='bbox 2371 2817 2436 2888; x_wconf 79' lang='grc' dir='ltr'><strong>δὴ</strong></span> <span class='ocrx_word' id='word_1_460' title='bbox 2494 2814 2862 2886; x_wconf 90' lang='grc' dir='ltr'><strong>μυθολογοῦσι,</strong></span> <span class='ocrx_word' id='word_1_461' title='bbox 2917 2814 3226 2874; x_wconf 79' lang='grc' dir='ltr'><strong>σπουδάσας</strong></span> <span class='ocrx_word' id='word_1_462' title='bbox 3273 2810 3383 2882; x_wconf 84' lang='grc' dir='ltr'><strong>μὲν,</strong></span> <span class='ocrx_word' id='word_1_463' title='bbox 3424 2801 3724 2875; x_wconf 79' lang='grc' dir='ltr'><strong>κατορθώσειεν</strong></span> 
     </span>
    </p>
   </div>
   <div class='ocr_carea' id='block_1_62' title="bbox 2254 2891 3724 2980">
    <p class='ocr_par' dir='ltr' id='par_1_62' title="bbox 2254 2891 3724 2980">
     <span class='ocr_line' id='line_1_62' title="bbox 2254 2891 3724 2980; baseline -0.012 -18"><span class='ocrx_word' id='word_1_464' title='bbox 2254 2909 2328 2973; x_wconf 86' lang='grc' dir='ltr'><strong>ὡς</strong></span> <span class='ocrx_word' id='word_1_465' title='bbox 2361 2905 2472 2963; x_wconf 77' lang='grc' dir='ltr'><strong>οἷόν</strong></span> <span class='ocrx_word' id='word_1_466' title='bbox 2516 2927 2578 2962; x_wconf 86' lang='grc' dir='ltr'><strong>τε</strong></span> <span class='ocrx_word' id='word_1_467' title='bbox 2621 2908 2682 2962; x_wconf 84' lang='grc' dir='ltr'><strong>τὸ</strong></span> <span class='ocrx_word' id='word_1_468' title='bbox 2723 2909 2797 2980; x_wconf 85' lang='grc' dir='ltr'><strong>μὴ</strong></span> <span class='ocrx_word' id='word_1_469' title='bbox 2839 2907 3198 2979; x_wconf 80' lang='grc' dir='ltr'><strong>ἁμαρτάνειν,</strong></span> <span class='ocrx_word' id='word_1_470' title='bbox 3236 2904 3309 2966; x_wconf 85' lang='grc' dir='ltr'><strong>ὡς</strong></span> <span class='ocrx_word' id='word_1_471' title='bbox 3350 2898 3543 2953; x_wconf 74' lang='grc' dir='ltr'><strong>αὐτόθεν</strong></span> <span class='ocrx_word' id='word_1_472' title='bbox 3566 2891 3724 2962; x_wconf 72' lang='grc' dir='ltr'><strong>ποιῆσαι</strong></span> 
     </span>
    </p>
   </div>
   <div class='ocr_carea' id='block_1_63' title="bbox 2253 2982 3725 3072">
    <p class='ocr_par' dir='ltr' id='par_1_63' title="bbox 2253 2982 3725 3072">
     <span class='ocr_line' id='line_1_63' title="bbox 2253 2982 3725 3072; baseline -0.026 1"><span class='ocrx_word' id='word_1_473' title='bbox 2253 3002 2431 3072; x_wconf 62' lang='grc' dir='ltr'><strong>δῆλον,</strong></span> <span class='ocrx_word' id='word_1_474' title='bbox 2476 3001 2551 3064; x_wconf 77' lang='grc' dir='ltr'><strong>ὼς</strong></span> <span class='ocrx_word' id='word_1_475' title='bbox 2572 3001 2669 3070; x_wconf 78' lang='grc' dir='ltr'><strong>οὐχ</strong></span> <span class='ocrx_word' id='word_1_476' title='bbox 2703 2999 2985 3071; x_wconf 81' lang='grc' dir='ltr'><strong>ἑτέρωθεν,</strong></span> <span class='ocrx_word' id='word_1_477' title='bbox 3016 2997 3159 3052; x_wconf 80' lang='grc' dir='ltr'><strong>ἀλλὰ</strong></span> <span class='ocrx_word' id='word_1_478' title='bbox 3187 2997 3312 3067; x_wconf 80' lang='grc' dir='ltr'><strong>παρ’</strong></span> <span class='ocrx_word' id='word_1_479' title='bbox 3345 2991 3489 3046; x_wconf 83' lang='grc' dir='ltr'><strong>αὑτοῦ</strong></span> <span class='ocrx_word' id='word_1_480' title='bbox 3516 2982 3725 3055; x_wconf 69' lang='grc' dir='ltr'><strong>ὲπλημςιέο</strong></span> 
     </span>
    </p>
   </div>
   <div class='ocr_carea' id='block_1_64' title="bbox 592 3078 2159 3165">
    <p class='ocr_par' dir='ltr' id='par_1_64' title="bbox 592 3083 2154 3156">
     <span class='ocr_line' id='line_1_64' title="bbox 592 3083 2154 3156; baseline -0.003 -12"><span class='ocrx_word' id='word_1_481' title='bbox 592 3094 774 3144; x_wconf 89' lang='lat' dir='ltr'><strong>catum</strong></span> <span class='ocrx_word' id='word_1_482' title='bbox 805 3085 1098 3155; x_wconf 90' lang='lat' dir='ltr'><strong>proﬁcisci.</strong></span> <span class='ocrx_word' id='word_1_483' title='bbox 1132 3083 1546 3140; x_wconf 83' lang='lat' dir='ltr'><strong>Existimabitur</strong></span> <span class='ocrx_word' id='word_1_484' title='bbox 1590 3092 1770 3140; x_wconf 90' lang='lat' dir='ltr'><strong>tamen</strong></span> <span class='ocrx_word' id='word_1_485' title='bbox 1819 3086 1959 3156; x_wconf 89' lang='lat' dir='ltr'><strong>apud</strong></span> <span class='ocrx_word' id='word_1_486' title='bbox 2005 3087 2154 3156; x_wconf 91' lang='lat' dir='ltr'><strong>ipsos</strong></span> 
     </span>
    </p>
   </div>
   <div class='ocr_carea' id='block_1_65' title="bbox 2156 3078 3723 3165">
    <p class='ocr_par' dir='ltr' id='par_1_65' title="bbox 2181 3078 3723 3165">
     <span class='ocr_line' id='line_1_65' title="bbox 2181 3078 3723 3165; baseline -0.008 -17"><span class='ocrx_word' id='word_1_487' title='bbox 2181 3105 2221 3162; x_wconf 73' lang='grc' dir='ltr'>ο</span> <span class='ocrx_word' id='word_1_488' title='bbox 2254 3094 2334 3147; x_wconf 88' lang='grc' dir='ltr'><strong>λει</strong></span> <span class='ocrx_word' id='word_1_489' title='bbox 2355 3113 2368 3127; x_wconf 77' lang='grc' dir='ltr'><strong>ο</strong></span> <span class='ocrx_word' id='word_1_490' title='bbox 2419 3095 2568 3165; x_wconf 84' lang='grc' dir='ltr'><strong>ὅμως</strong></span> <span class='ocrx_word' id='word_1_491' title='bbox 2613 3093 2659 3146; x_wconf 86' lang='grc' dir='ltr'><strong>δ’</strong></span> <span class='ocrx_word' id='word_1_492' title='bbox 2703 3091 3076 3161; x_wconf 79' lang='grc' dir='ltr'><strong>ἀπενέγκηταί</strong></span> <span class='ocrx_word' id='word_1_493' title='bbox 3109 3107 3228 3143; x_wconf 90' lang='grc' dir='ltr'><strong>τινα</strong></span> <span class='ocrx_word' id='word_1_494' title='bbox 3261 3088 3406 3152; x_wconf 79' lang='grc' dir='ltr'><strong>δόξαν</strong></span> <span class='ocrx_word' id='word_1_495' title='bbox 3439 3084 3547 3154; x_wconf 83' lang='grc' dir='ltr'><strong>παρ’</strong></span> <span class='ocrx_word' id='word_1_496' title='bbox 3579 3078 3723 3138; x_wconf 75' lang='grc' dir='ltr'><strong>αὐτοῖς.</strong></span> 
     </span>
    </p>
   </div>
   <div class='ocr_carea' id='block_1_66' title="bbox 541 3174 2155 3246">
    <p class='ocr_par' dir='ltr' id='par_1_66' title="bbox 541 3174 2155 3246">
     <span class='ocr_line' id='line_1_66' title="bbox 541 3174 2155 3246; baseline -0.001 -15"><span class='ocrx_word' id='word_1_497' title='bbox 541 3174 546 3179; x_wconf 68' lang='grc'><strong><em>’</em></strong></span> <span class='ocrx_word' id='word_1_498' title='bbox 594 3177 784 3232; x_wconf 83' lang='lat' dir='ltr'><strong>melior</strong></span> <span class='ocrx_word' id='word_1_499' title='bbox 811 3192 934 3231; x_wconf 89' lang='lat' dir='ltr'><strong>esse</strong></span> <span class='ocrx_word' id='word_1_500' title='bbox 965 3183 1187 3246; x_wconf 87' lang='lat' dir='ltr'><strong>propter</strong></span> <span class='ocrx_word' id='word_1_501' title='bbox 1214 3175 1593 3230; x_wconf 89' lang='lat' dir='ltr'><strong>admistionem</strong></span> <span class='ocrx_word' id='word_1_502' title='bbox 1624 3183 1832 3230; x_wconf 65' lang='lat' dir='ltr'><strong>natura:</strong></span> <span class='ocrx_word' id='word_1_503' title='bbox 1852 3216 1867 3239; x_wconf 91' lang='lat'><strong>,</strong></span> <span class='ocrx_word' id='word_1_504' title='bbox 1912 3177 2003 3246; x_wconf 90' lang='lat' dir='ltr'><strong>qui</strong></span> <span class='ocrx_word' id='word_1_505' title='bbox 2043 3192 2155 3230; x_wconf 92' lang='lat' dir='ltr'><strong>non</strong></span> 
     </span>
    </p>
   </div>
   <div class='ocr_carea' id='block_1_67' title="bbox 597 3266 2154 3337">
    <p class='ocr_par' dir='ltr' id='par_1_67' title="bbox 597 3266 2154 3337">
     <span class='ocr_line' id='line_1_67' title="bbox 597 3266 2154 3337; baseline -0.001 -13"><span class='ocrx_word' id='word_1_506' title='bbox 597 3279 791 3325; x_wconf 86' lang='lat' dir='ltr'><strong>natura</strong></span> <span class='ocrx_word' id='word_1_507' title='bbox 811 3309 825 3334; x_wconf 92' lang='lat'><strong>,</strong></span> <span class='ocrx_word' id='word_1_508' title='bbox 855 3269 950 3324; x_wconf 91' lang='lat' dir='ltr'><strong>sed</strong></span> <span class='ocrx_word' id='word_1_509' title='bbox 979 3268 1163 3332; x_wconf 87' lang='lat' dir='ltr'><strong>labore</strong></span> <span class='ocrx_word' id='word_1_510' title='bbox 1191 3275 1244 3322; x_wconf 88' lang='lat' dir='ltr'><strong>et</strong></span> <span class='ocrx_word' id='word_1_511' title='bbox 1269 3266 1470 3322; x_wconf 91' lang='lat' dir='ltr'><strong>sudore</strong></span> <span class='ocrx_word' id='word_1_512' title='bbox 1501 3282 1635 3322; x_wconf 92' lang='lat' dir='ltr'><strong>usus</strong></span> <span class='ocrx_word' id='word_1_513' title='bbox 1664 3275 1782 3334; x_wconf 92' lang='lat' dir='ltr'><strong>est,</strong></span> <span class='ocrx_word' id='word_1_514' title='bbox 1814 3267 1905 3337; x_wconf 91' lang='lat' dir='ltr'><strong>qui</strong></span> <span class='ocrx_word' id='word_1_515' title='bbox 1935 3268 2154 3337; x_wconf 89' lang='lat' dir='ltr'><strong>quidem</strong></span> 
     </span>
    </p>
   </div>
   <div class='ocr_carea' id='block_1_68' title="bbox 544 3358 2158 3434">
    <p class='ocr_par' dir='ltr' id='par_1_68' title="bbox 544 3358 2158 3434">
     <span class='ocr_line' id='line_1_68' title="bbox 544 3358 2158 3434; baseline 0 -19"><span class='ocrx_word' id='word_1_516' title='bbox 544 3402 549 3408; x_wconf 94' lang='lat'><strong>.</strong></span> <span class='ocrx_word' id='word_1_517' title='bbox 587 3362 805 3434; x_wconf 81' lang='lat' dir='ltr'><strong>putabit</strong></span> <span class='ocrx_word' id='word_1_518' title='bbox 835 3377 894 3416; x_wconf 92' lang='lat' dir='ltr'><strong>se</strong></span> <span class='ocrx_word' id='word_1_519' title='bbox 921 3359 1168 3422; x_wconf 90' lang='lat' dir='ltr'><strong>laudari,</strong></span> <span class='ocrx_word' id='word_1_520' title='bbox 1200 3375 1322 3413; x_wconf 91' lang='lat' dir='ltr'><strong>cum</strong></span> <span class='ocrx_word' id='word_1_521' title='bbox 1355 3359 1555 3428; x_wconf 90' lang='lat' dir='ltr'><strong>alioqui</strong></span> <span class='ocrx_word' id='word_1_522' title='bbox 1603 3373 1729 3412; x_wconf 74' lang='lat' dir='ltr'><strong>vera</strong></span> <span class='ocrx_word' id='word_1_523' title='bbox 1775 3358 1933 3414; x_wconf 88' lang='lat' dir='ltr'><strong>laude</strong></span> <span class='ocrx_word' id='word_1_524' title='bbox 1979 3361 2158 3430; x_wconf 90' lang='lat' dir='ltr'><strong>prive-</strong></span> 
     </span>
    </p>
   </div>
   <div class='ocr_carea' id='block_1_69' title="bbox 589 3451 2161 3525">
    <p class='ocr_par' dir='ltr' id='par_1_69' title="bbox 589 3451 2161 3525">
     <span class='ocr_line' id='line_1_69' title="bbox 589 3451 2161 3525; baseline -0.003 -13"><span class='ocrx_word' id='word_1_525' title='bbox 589 3467 707 3512; x_wconf 85' lang='lat' dir='ltr'><strong>tur.</strong></span> <span class='ocrx_word' id='word_1_526' title='bbox 741 3455 937 3525; x_wconf 84' lang='lat' dir='ltr'><strong>Veram</strong></span> <span class='ocrx_word' id='word_1_527' title='bbox 965 3455 1111 3510; x_wconf 90' lang='lat' dir='ltr'><strong>enim</strong></span> <span class='ocrx_word' id='word_1_528' title='bbox 1139 3452 1364 3522; x_wconf 85' lang='lat' dir='ltr'><strong>gloriam</strong></span> <span class='ocrx_word' id='word_1_529' title='bbox 1399 3467 1465 3506; x_wconf 79' lang='lat' dir='ltr'><strong>ex</strong></span> <span class='ocrx_word' id='word_1_530' title='bbox 1509 3451 1696 3505; x_wconf 89' lang='lat' dir='ltr'><strong>labore</strong></span> <span class='ocrx_word' id='word_1_531' title='bbox 1734 3465 1797 3504; x_wconf 89' lang='lat' dir='ltr'><strong>ac</strong></span> <span class='ocrx_word' id='word_1_532' title='bbox 1841 3451 2022 3506; x_wconf 89' lang='lat' dir='ltr'><strong>studio</strong></span> <span class='ocrx_word' id='word_1_533' title='bbox 2052 3453 2161 3507; x_wconf 85' lang='lat' dir='ltr'><strong>vir-</strong></span> 
     </span>
    </p>
   </div>
   <div class='ocr_carea' id='block_1_70' title="bbox 587 3542 2160 3618">
    <p class='ocr_par' dir='ltr' id='par_1_70' title="bbox 587 3542 2160 3618">
     <span class='ocr_line' id='line_1_70' title="bbox 587 3542 2160 3618; baseline -0.004 -14"><span class='ocrx_word' id='word_1_534' title='bbox 587 3549 732 3604; x_wconf 40' lang='lat' dir='ltr'><strong>itutis</strong></span> <span class='ocrx_word' id='word_1_535' title='bbox 773 3546 1206 3618; x_wconf 88' lang='lat' dir='ltr'><strong>proﬁciscentem</strong></span> <span class='ocrx_word' id='word_1_536' title='bbox 1245 3543 1580 3611; x_wconf 90' lang='lat' dir='ltr'><strong>relinquens,</strong></span> <span class='ocrx_word' id='word_1_537' title='bbox 1631 3542 1675 3598; x_wconf 93' lang='lat' dir='ltr'><strong>si</strong></span> <span class='ocrx_word' id='word_1_538' title='bbox 1710 3544 1926 3612; x_wconf 91' lang='lat' dir='ltr'><strong>quidem</strong></span> <span class='ocrx_word' id='word_1_539' title='bbox 1974 3545 2160 3613; x_wconf 89' lang='lat' dir='ltr'><strong>pietati</strong></span> 
     </span>
    </p>
   </div>
   <div class='ocr_carea' id='block_1_71' title="bbox 585 3619 2157 3716">
    <p class='ocr_par' dir='ltr' id='par_1_71' title="bbox 585 3619 2157 3716">
     <span class='ocr_line' id='line_1_71' title="bbox 585 3619 2157 3716; baseline -0.006 -19"><span class='ocrx_word' id='word_1_540' title='bbox 585 3656 725 3716; x_wconf 81' lang='lat' dir='ltr'><strong>erga</strong></span> <span class='ocrx_word' id='word_1_541' title='bbox 754 3637 919 3693; x_wconf 90' lang='lat' dir='ltr'><strong>Deum</strong></span> <span class='ocrx_word' id='word_1_542' title='bbox 945 3635 1199 3703; x_wconf 81' lang='lat' dir='ltr'><strong>studebat</strong></span> <span class='ocrx_word' id='word_1_543' title='bbox 1218 3674 1232 3698; x_wconf 93' lang='lat'><strong>,</strong></span> <span class='ocrx_word' id='word_1_544' title='bbox 1262 3619 1642 3688; x_wconf 84' lang='lat' dir='ltr'><strong>necessitatem</strong></span> <span class='ocrx_word' id='word_1_545' title='bbox 1674 3644 1882 3689; x_wconf 83' lang='lat' dir='ltr'><strong>naturae</strong></span> <span class='ocrx_word' id='word_1_546' title='bbox 1912 3636 2157 3705; x_wconf 89' lang='lat' dir='ltr'><strong>rapinam</strong></span> 
     </span>
    </p>
   </div>
   <div class='ocr_carea' id='block_1_72' title="bbox 600 3726 2161 3797">
    <p class='ocr_par' dir='ltr' id='par_1_72' title="bbox 600 3726 2161 3797">
     <span class='ocr_line' id='line_1_72' title="bbox 600 3726 2161 3797; baseline -0.004 -10"><span class='ocrx_word' id='word_1_547' title='bbox 600 3747 722 3787; x_wconf 86' lang='lat' dir='ltr'><strong>esse</strong></span> <span class='ocrx_word' id='word_1_548' title='bbox 751 3731 888 3786; x_wconf 82' lang='lat' dir='ltr'><strong>falso</strong></span> <span class='ocrx_word' id='word_1_549' title='bbox 913 3728 1063 3782; x_wconf 84' lang='lat' dir='ltr'><strong>ducit</strong></span> <span class='ocrx_word' id='word_1_550' title='bbox 1085 3769 1099 3792; x_wconf 90' lang='lat'><strong>,</strong></span> <span class='ocrx_word' id='word_1_551' title='bbox 1130 3727 1224 3796; x_wconf 88' lang='lat' dir='ltr'><strong>qui</strong></span> <span class='ocrx_word' id='word_1_552' title='bbox 1255 3726 1543 3779; x_wconf 90' lang='lat' dir='ltr'><strong>utilitatem</strong></span> <span class='ocrx_word' id='word_1_553' title='bbox 1570 3726 1850 3782; x_wconf 84' lang='lat' dir='ltr'><strong>industriae</strong></span> <span class='ocrx_word' id='word_1_554' title='bbox 1875 3727 1943 3782; x_wconf 90' lang='lat' dir='ltr'><strong>ad</strong></span> <span class='ocrx_word' id='word_1_555' title='bbox 1970 3728 2161 3797; x_wconf 90' lang='lat' dir='ltr'><strong>impie-</strong></span> 
     </span>
    </p>
   </div>
   <div class='ocr_carea' id='block_1_73' title="bbox 603 3818 2162 3889">
    <p class='ocr_par' dir='ltr' id='par_1_73' title="bbox 603 3818 2162 3889">
     <span class='ocr_line' id='line_1_73' title="bbox 603 3818 2162 3889; baseline -0.003 -13"><span class='ocrx_word' id='word_1_556' title='bbox 603 3831 772 3877; x_wconf 89' lang='lat' dir='ltr'><strong>tatem</strong></span> <span class='ocrx_word' id='word_1_557' title='bbox 806 3822 862 3876; x_wconf 88' lang='lat' dir='ltr'><strong>in</strong></span> <span class='ocrx_word' id='word_1_558' title='bbox 891 3819 1058 3874; x_wconf 89' lang='lat' dir='ltr'><strong>Deum</strong></span> <span class='ocrx_word' id='word_1_559' title='bbox 1091 3818 1308 3871; x_wconf 88' lang='lat' dir='ltr'><strong>adhibet</strong></span> <span class='ocrx_word' id='word_1_560' title='bbox 1336 3835 1350 3882; x_wconf 93' lang='lat'><strong>;</strong></span> <span class='ocrx_word' id='word_1_561' title='bbox 1385 3825 1445 3869; x_wconf 92' lang='lat' dir='ltr'><strong>ut</strong></span> <span class='ocrx_word' id='word_1_562' title='bbox 1479 3832 1578 3870; x_wconf 92' lang='lat' dir='ltr'><strong>nec</strong></span> <span class='ocrx_word' id='word_1_563' title='bbox 1610 3819 1824 3872; x_wconf 89' lang='lat' dir='ltr'><strong>animus</strong></span> <span class='ocrx_word' id='word_1_564' title='bbox 1855 3818 2080 3889; x_wconf 66' lang='lat' dir='ltr'><strong>ignavia:</strong></span> <span class='ocrx_word' id='word_1_565' title='bbox 2107 3828 2162 3873; x_wconf 89' lang='lat' dir='ltr'><strong>et</strong></span> 
     </span>
    </p>
   </div>
   <div class='ocr_carea' id='block_1_74' title="bbox 603 3905 2160 3979">
    <p class='ocr_par' dir='ltr' id='par_1_74' title="bbox 603 3905 2160 3979">
     <span class='ocr_line' id='line_1_74' title="bbox 603 3905 2160 3979; baseline -0.004 -12"><span class='ocrx_word' id='word_1_566' title='bbox 603 3913 813 3967; x_wconf 62' lang='lat' dir='ltr'><strong>inertiae</strong></span> <span class='ocrx_word' id='word_1_567' title='bbox 841 3909 1087 3973; x_wconf 88' lang='lat' dir='ltr'><strong>deditus,</strong></span> <span class='ocrx_word' id='word_1_568' title='bbox 1115 3921 1238 3961; x_wconf 90' lang='lat' dir='ltr'><strong>cum</strong></span> <span class='ocrx_word' id='word_1_569' title='bbox 1272 3905 1411 3960; x_wconf 88' lang='lat' dir='ltr'><strong>male</strong></span> <span class='ocrx_word' id='word_1_570' title='bbox 1441 3907 1584 3976; x_wconf 87' lang='lat' dir='ltr'><strong>agit,</strong></span> <span class='ocrx_word' id='word_1_571' title='bbox 1617 3917 1908 3979; x_wconf 85' lang='lat' dir='ltr'><strong>pungatur,</strong></span> <span class='ocrx_word' id='word_1_572' title='bbox 1953 3909 2000 3963; x_wconf 91' lang='lat' dir='ltr'><strong>si</strong></span> <span class='ocrx_word' id='word_1_573' title='bbox 2035 3909 2160 3979; x_wconf 89' lang='lat' dir='ltr'><strong>qui-</strong></span> 
     </span>
    </p>
   </div>
   <div class='ocr_carea' id='block_1_75' title="bbox 591 3998 2158 4067">
    <p class='ocr_par' dir='ltr' id='par_1_75' title="bbox 591 3998 2158 4067">
     <span class='ocr_line' id='line_1_75' title="bbox 591 3998 2158 4067; baseline -0.002 -9"><span class='ocrx_word' id='word_1_574' title='bbox 591 4004 728 4058; x_wconf 84' lang='lat' dir='ltr'><strong>dem</strong></span> <span class='ocrx_word' id='word_1_575' title='bbox 783 4000 940 4056; x_wconf 90' lang='lat' dir='ltr'><strong>alteri</strong></span> <span class='ocrx_word' id='word_1_576' title='bbox 993 4000 1208 4054; x_wconf 88' lang='lat' dir='ltr'><strong>cuidam</strong></span> <span class='ocrx_word' id='word_1_577' title='bbox 1269 3998 1540 4067; x_wconf 87' lang='lat' dir='ltr'><strong>principio</strong></span> <span class='ocrx_word' id='word_1_578' title='bbox 1595 4001 1838 4054; x_wconf 88' lang='lat' dir='ltr'><strong>actiones</strong></span> <span class='ocrx_word' id='word_1_579' title='bbox 1893 4000 2158 4055; x_wconf 90' lang='lat' dir='ltr'><strong>ascribit:</strong></span> 
     </span>
    </p>
   </div>
   <div class='ocr_carea' id='block_1_76' title="bbox 607 4088 2161 4164">
    <p class='ocr_par' dir='ltr' id='par_1_76' title="bbox 607 4088 2161 4164">
     <span class='ocr_line' id='line_1_76' title="bbox 607 4088 2161 4164; baseline -0.002 -16"><span class='ocrx_word' id='word_1_580' title='bbox 607 4109 781 4164; x_wconf 91' lang='lat' dir='ltr'><strong>neque</strong></span> <span class='ocrx_word' id='word_1_581' title='bbox 826 4093 920 4164; x_wconf 89' lang='lat' dir='ltr'><strong>qui</strong></span> <span class='ocrx_word' id='word_1_582' title='bbox 970 4091 1148 4146; x_wconf 85' lang='lat' dir='ltr'><strong>studio</strong></span> <span class='ocrx_word' id='word_1_583' title='bbox 1193 4088 1385 4153; x_wconf 92' lang='lat' dir='ltr'><strong>utitur,</strong></span> <span class='ocrx_word' id='word_1_584' title='bbox 1431 4089 1593 4144; x_wconf 90' lang='lat' dir='ltr'><strong>laude</strong></span> <span class='ocrx_word' id='word_1_585' title='bbox 1633 4091 1832 4160; x_wconf 90' lang='lat' dir='ltr'><strong>dignus</strong></span> <span class='ocrx_word' id='word_1_586' title='bbox 1877 4092 2161 4158; x_wconf 89' lang='lat' dir='ltr'><strong>habeatur,</strong></span> 
     </span>
    </p>
   </div>
   <div class='ocr_carea' id='block_1_77' title="bbox 606 4181 2166 4257">
    <p class='ocr_par' dir='ltr' id='par_1_77' title="bbox 606 4181 2166 4257">
     <span class='ocr_line' id='line_1_77' title="bbox 606 4181 2166 4257; baseline -0.001 -18"><span class='ocrx_word' id='word_1_587' title='bbox 606 4187 803 4257; x_wconf 83' lang='lat' dir='ltr'><strong>quippe</strong></span> <span class='ocrx_word' id='word_1_588' title='bbox 842 4185 932 4255; x_wconf 92' lang='lat' dir='ltr'><strong>qui</strong></span> <span class='ocrx_word' id='word_1_589' title='bbox 974 4184 1030 4237; x_wconf 92' lang='lat' dir='ltr'><strong>in</strong></span> <span class='ocrx_word' id='word_1_590' title='bbox 1072 4183 1126 4236; x_wconf 89' lang='lat' dir='ltr'><strong>id</strong></span> <span class='ocrx_word' id='word_1_591' title='bbox 1169 4181 1494 4250; x_wconf 83' lang='lat' dir='ltr'><strong>cogitatione</strong></span> <span class='ocrx_word' id='word_1_592' title='bbox 1535 4182 1849 4248; x_wconf 85' lang='lat' dir='ltr'><strong>incumbat,</strong></span> <span class='ocrx_word' id='word_1_593' title='bbox 1901 4185 2042 4253; x_wconf 91' lang='lat' dir='ltr'><strong>quod</strong></span> <span class='ocrx_word' id='word_1_594' title='bbox 2081 4191 2166 4239; x_wconf 89' lang='lat' dir='ltr'><strong>est</strong></span> 
     </span>
    </p>
   </div>
   <div class='ocr_carea' id='block_1_78' title="bbox 605 4269 2165 4342">
    <p class='ocr_par' dir='ltr' id='par_1_78' title="bbox 605 4269 2165 4342">
     <span class='ocr_line' id='line_1_78' title="bbox 605 4269 2165 4342; baseline -0.003 -10"><span class='ocrx_word' id='word_1_595' title='bbox 605 4277 849 4332; x_wconf 89' lang='lat' dir='ltr'><strong>omnium</strong></span> <span class='ocrx_word' id='word_1_596' title='bbox 884 4271 1320 4333; x_wconf 87' lang='lat' dir='ltr'><strong>atrocissimum,</strong></span> <span class='ocrx_word' id='word_1_597' title='bbox 1358 4269 1571 4324; x_wconf 88' lang='lat' dir='ltr'><strong>institui</strong></span> <span class='ocrx_word' id='word_1_598' title='bbox 1607 4271 1819 4326; x_wconf 87' lang='lat' dir='ltr'><strong>scilicet</strong></span> <span class='ocrx_word' id='word_1_599' title='bbox 1852 4271 1920 4324; x_wconf 91' lang='lat' dir='ltr'><strong>ad</strong></span> <span class='ocrx_word' id='word_1_600' title='bbox 1973 4272 2165 4342; x_wconf 89' lang='lat' dir='ltr'><strong>impie-</strong></span> 
     </span>
    </p>
   </div>
   <div class='ocr_carea' id='block_1_79' title="bbox 607 4362 1281 4423">
    <p class='ocr_par' dir='ltr' id='par_1_79' title="bbox 607 4362 1281 4423">
     <span class='ocr_line' id='line_1_79' title="bbox 607 4362 1281 4423; baseline -0.009 -1"><span class='ocrx_word' id='word_1_601' title='bbox 607 4377 771 4423; x_wconf 88' lang='lat' dir='ltr'><strong>tatem</strong></span> <span class='ocrx_word' id='word_1_602' title='bbox 802 4367 1060 4420; x_wconf 89' lang='lat' dir='ltr'><strong>adversus</strong></span> <span class='ocrx_word' id='word_1_603' title='bbox 1092 4362 1281 4416; x_wconf 88' lang='lat' dir='ltr'><strong>Deum.</strong></span> 
     </span>
    </p>
   </div>
   <div class='ocr_carea' id='block_1_80' title="bbox 2257 3167 3724 3256">
    <p class='ocr_par' dir='ltr' id='par_1_80' title="bbox 2257 3167 3724 3256">
     <span class='ocr_line' id='line_1_80' title="bbox 2257 3167 3724 3256; baseline -0.009 -17"><span class='ocrx_word' id='word_1_604' title='bbox 2257 3187 2332 3250; x_wconf 81' lang='grc' dir='ltr'><strong>ὡς</strong></span> <span class='ocrx_word' id='word_1_605' title='bbox 2362 3186 2459 3256; x_wconf 86' lang='grc' dir='ltr'><strong>τὴν</strong></span> <span class='ocrx_word' id='word_1_606' title='bbox 2487 3186 2683 3256; x_wconf 81' lang='grc' dir='ltr'><strong>κρᾶσιν</strong></span> <span class='ocrx_word' id='word_1_607' title='bbox 2714 3185 2797 3254; x_wconf 76' lang='grc' dir='ltr'><strong>εἴη</strong></span> <span class='ocrx_word' id='word_1_608' title='bbox 2832 3182 3057 3253; x_wconf 79' lang='grc' dir='ltr'><strong>βελτίων</strong></span> <span class='ocrx_word' id='word_1_609' title='bbox 3081 3182 3184 3252; x_wconf 82' lang='grc' dir='ltr'><strong>τῆς</strong></span> <span class='ocrx_word' id='word_1_610' title='bbox 3212 3179 3429 3248; x_wconf 76' lang='grc' dir='ltr'><strong>φύσεως,</strong></span> <span class='ocrx_word' id='word_1_611' title='bbox 3459 3176 3482 3228; x_wconf 81' lang='grc' dir='ltr'><strong>ὁ</strong></span> <span class='ocrx_word' id='word_1_612' title='bbox 3515 3173 3573 3243; x_wconf 83' lang='grc' dir='ltr'><strong>μὴ</strong></span> <span class='ocrx_word' id='word_1_613' title='bbox 3599 3167 3724 3236; x_wconf 72' lang='grc' dir='ltr'><strong>φύσειν</strong></span> 
     </span>
    </p>
   </div>
   <div class='ocr_carea' id='block_1_81' title="bbox 2259 3257 3729 3348">
    <p class='ocr_par' dir='ltr' id='par_1_81' title="bbox 2259 3257 3729 3348">
     <span class='ocr_line' id='line_1_81' title="bbox 2259 3257 3729 3348; baseline -0.016 -16"><span class='ocrx_word' id='word_1_614' title='bbox 2259 3278 2407 3348; x_wconf 85' lang='grc' dir='ltr'><strong>πόνῳ</strong></span> <span class='ocrx_word' id='word_1_615' title='bbox 2452 3277 2507 3329; x_wconf 83' lang='grc' dir='ltr'><strong>δὲ</strong></span> <span class='ocrx_word' id='word_1_616' title='bbox 2551 3276 2644 3329; x_wconf 74' lang='grc' dir='ltr'><strong>καὶ</strong></span> <span class='ocrx_word' id='word_1_617' title='bbox 2693 3273 2876 3347; x_wconf 84' lang='grc' dir='ltr'><strong>ἱδρῶτι</strong></span> <span class='ocrx_word' id='word_1_618' title='bbox 2916 3271 3203 3346; x_wconf 83' lang='grc' dir='ltr'><strong>χρώμενος</strong></span> <span class='ocrx_word' id='word_1_619' title='bbox 3226 3289 3238 3302; x_wconf 62' lang='grc' dir='ltr'>δ</span> <span class='ocrx_word' id='word_1_620' title='bbox 3285 3270 3342 3333; x_wconf 75' lang='grc' dir='ltr'><strong>ὃς</strong></span> <span class='ocrx_word' id='word_1_621' title='bbox 3370 3268 3426 3338; x_wconf 80' lang='grc' dir='ltr'><strong>δὴ</strong></span> <span class='ocrx_word' id='word_1_622' title='bbox 3456 3263 3535 3319; x_wconf 65' lang='grc' dir='ltr'><strong>καὶ</strong></span> <span class='ocrx_word' id='word_1_623' title='bbox 3559 3257 3729 3314; x_wconf 81' lang='grc' dir='ltr'><strong>ἐπαινεῖ·</strong></span> 
     </span>
    </p>
   </div>
   <div class='ocr_carea' id='block_1_82' title="bbox 2261 3349 3728 3436">
    <p class='ocr_par' dir='ltr' id='par_1_82' title="bbox 2261 3349 3728 3436">
     <span class='ocr_line' id='line_1_82' title="bbox 2261 3349 3728 3436; baseline -0.005 -14"><span class='ocrx_word' id='word_1_624' title='bbox 2261 3369 2385 3423; x_wconf 86' lang='grc' dir='ltr'><strong>σθαι</strong></span> <span class='ocrx_word' id='word_1_625' title='bbox 2414 3368 2561 3421; x_wconf 71' lang='grc' dir='ltr'><strong>οἴοιτ’</strong></span> <span class='ocrx_word' id='word_1_626' title='bbox 2588 3367 2675 3431; x_wconf 84' lang='grc' dir='ltr'><strong>ἂν,</strong></span> <span class='ocrx_word' id='word_1_627' title='bbox 2701 3365 2794 3419; x_wconf 90' lang='grc' dir='ltr'><strong>τοῦ</strong></span> <span class='ocrx_word' id='word_1_628' title='bbox 2815 3364 3048 3436; x_wconf 74' lang='grc' dir='ltr'><strong>ἀληθοῦς</strong></span> <span class='ocrx_word' id='word_1_629' title='bbox 3072 3363 3293 3418; x_wconf 79' lang='grc' dir='ltr'><strong>ἐπαίνου</strong></span> <span class='ocrx_word' id='word_1_630' title='bbox 3324 3357 3639 3430; x_wconf 79' lang='grc' dir='ltr'><strong>στερούμενος·</strong></span> <span class='ocrx_word' id='word_1_631' title='bbox 3653 3349 3728 3417; x_wconf 67' lang='grc' dir='ltr'><strong>Τὴν</strong></span> 
     </span>
    </p>
   </div>
   <div class='ocr_carea' id='block_1_83' title="bbox 2259 3438 3729 3531">
    <p class='ocr_par' dir='ltr' id='par_1_83' title="bbox 2259 3438 3729 3531">
     <span class='ocr_line' id='line_1_83' title="bbox 2259 3438 3729 3531; baseline -0.031 -1"><span class='ocrx_word' id='word_1_632' title='bbox 2259 3460 2366 3531; x_wconf 77' lang='grc' dir='ltr'><strong>γὰρ</strong></span> <span class='ocrx_word' id='word_1_633' title='bbox 2400 3457 2642 3522; x_wconf 69' lang='grc' dir='ltr'><strong>εὖδοξίαν</strong></span> <span class='ocrx_word' id='word_1_634' title='bbox 2673 3455 2765 3509; x_wconf 85' lang='grc' dir='ltr'><strong>τοῦ</strong></span> <span class='ocrx_word' id='word_1_635' title='bbox 2813 3455 2973 3509; x_wconf 82' lang='grc' dir='ltr'><strong>πόνου</strong></span> <span class='ocrx_word' id='word_1_636' title='bbox 3011 3455 3116 3525; x_wconf 83' lang='grc' dir='ltr'><strong>τῆς</strong></span> <span class='ocrx_word' id='word_1_637' title='bbox 3159 3450 3370 3524; x_wconf 73' lang='grc' dir='ltr'><strong>ἀρετῆς,</strong></span> <span class='ocrx_word' id='word_1_638' title='bbox 3407 3448 3505 3514; x_wconf 80' lang='grc' dir='ltr'><strong>εῐγε</strong></span> <span class='ocrx_word' id='word_1_639' title='bbox 3533 3438 3729 3510; x_wconf 62' lang='lat' dir='ltr'><strong>rigatis:-</strong></span> 
     </span>
    </p>
   </div>
   <div class='ocr_carea' id='block_1_84' title="bbox 2261 3534 3729 3619">
    <p class='ocr_par' dir='ltr' id='par_1_84' title="bbox 2261 3534 3729 3619">
     <span class='ocr_line' id='line_1_84' title="bbox 2261 3534 3729 3619; baseline -0.012 -16"><span class='ocrx_word' id='word_1_640' title='bbox 2261 3551 2412 3613; x_wconf 77' lang='grc' dir='ltr'><strong>ϐείας</strong></span> <span class='ocrx_word' id='word_1_641' title='bbox 2441 3550 2538 3618; x_wconf 80' lang='grc' dir='ltr'><strong>τῆς</strong></span> <span class='ocrx_word' id='word_1_642' title='bbox 2563 3547 2695 3619; x_wconf 84' lang='grc' dir='ltr'><strong>πρὸς</strong></span> <span class='ocrx_word' id='word_1_643' title='bbox 2712 3544 2841 3598; x_wconf 78' lang='grc' dir='ltr'><strong>Θεὸν</strong></span> <span class='ocrx_word' id='word_1_644' title='bbox 2861 3545 3079 3615; x_wconf 73' lang='grc' dir='ltr'><strong>ἠνύετο,</strong></span> <span class='ocrx_word' id='word_1_645' title='bbox 3098 3540 3516 3611; x_wconf 73' lang='grc' dir='ltr'><strong>καταλιμπάνων,</strong></span> <span class='ocrx_word' id='word_1_646' title='bbox 3536 3534 3729 3602; x_wconf 69' lang='grc' dir='ltr'><strong>ἅρπαγμα</strong></span> 
     </span>
    </p>
   </div>
   <div class='ocr_carea' id='block_1_85' title="bbox 2259 3622 3729 3712">
    <p class='ocr_par' dir='ltr' id='par_1_85' title="bbox 2259 3622 3729 3712">
     <span class='ocr_line' id='line_1_85' title="bbox 2259 3622 3729 3712; baseline -0.012 -18"><span class='ocrx_word' id='word_1_647' title='bbox 2259 3641 2467 3712; x_wconf 75' lang='grc' dir='ltr'><strong>ψευδῶς</strong></span> <span class='ocrx_word' id='word_1_648' title='bbox 2495 3641 2554 3692; x_wconf 80' lang='grc' dir='ltr'><strong>τὸ</strong></span> <span class='ocrx_word' id='word_1_649' title='bbox 2583 3640 2875 3707; x_wconf 77' lang='grc' dir='ltr'><strong>ἀναγκαῖον</strong></span> <span class='ocrx_word' id='word_1_650' title='bbox 2908 3637 3004 3707; x_wconf 82' lang='grc' dir='ltr'><strong>τῆς</strong></span> <span class='ocrx_word' id='word_1_651' title='bbox 3051 3634 3268 3704; x_wconf 78' lang='grc' dir='ltr'><strong>φύσεως</strong></span> <span class='ocrx_word' id='word_1_652' title='bbox 3295 3633 3501 3702; x_wconf 82' lang='grc' dir='ltr'><strong>ἡγεῖται,</strong></span> <span class='ocrx_word' id='word_1_653' title='bbox 3529 3625 3576 3679; x_wconf 82' lang='grc' dir='ltr'><strong>τὸ</strong></span> <span class='ocrx_word' id='word_1_654' title='bbox 3595 3622 3729 3691; x_wconf 77' lang='grc' dir='ltr'><strong>χρήσι·</strong></span> 
     </span>
    </p>
   </div>
   <div class='ocr_carea' id='block_1_86' title="bbox 2263 3716 3730 3804">
    <p class='ocr_par' dir='ltr' id='par_1_86' title="bbox 2263 3716 3730 3804">
     <span class='ocr_line' id='line_1_86' title="bbox 2263 3716 3730 3804; baseline -0.01 -19"><span class='ocrx_word' id='word_1_655' title='bbox 2263 3751 2362 3804; x_wconf 87' lang='grc' dir='ltr'><strong>μον</strong></span> <span class='ocrx_word' id='word_1_656' title='bbox 2389 3733 2488 3801; x_wconf 80' lang='grc' dir='ltr'><strong>τῆς</strong></span> <span class='ocrx_word' id='word_1_657' title='bbox 2512 3729 2820 3799; x_wconf 67' lang='grc' dir='ltr'><strong>φιλοπονίας</strong></span> <span class='ocrx_word' id='word_1_658' title='bbox 2849 3729 2982 3798; x_wconf 82' lang='grc' dir='ltr'><strong>πρὸς</strong></span> <span class='ocrx_word' id='word_1_659' title='bbox 3008 3727 3268 3780; x_wconf 79' lang='grc' dir='ltr'><strong>ἀσέϐειαν</strong></span> <span class='ocrx_word' id='word_1_660' title='bbox 3295 3723 3424 3777; x_wconf 75' lang='grc' dir='ltr'><strong>κατὰ</strong></span> <span class='ocrx_word' id='word_1_661' title='bbox 3453 3716 3562 3773; x_wconf 81' lang='grc' dir='ltr'><strong>Θεοῦ</strong></span> <span class='ocrx_word' id='word_1_662' title='bbox 3591 3727 3730 3785; x_wconf 79' lang='grc' dir='ltr'><strong>μετερ-</strong></span> 
     </span>
    </p>
   </div>
   <div class='ocr_carea' id='block_1_87' title="bbox 2263 3804 3731 3896">
    <p class='ocr_par' dir='ltr' id='par_1_87' title="bbox 2263 3804 3731 3896">
     <span class='ocr_line' id='line_1_87' title="bbox 2263 3804 3731 3896; baseline -0.013 -20"><span class='ocrx_word' id='word_1_663' title='bbox 2263 3826 2512 3896; x_wconf 76' lang='grc' dir='ltr'><strong>χόμενοςο</strong></span> <span class='ocrx_word' id='word_1_664' title='bbox 2539 3823 2613 3886; x_wconf 82' lang='grc' dir='ltr'><strong>ὡς</strong></span> <span class='ocrx_word' id='word_1_665' title='bbox 2641 3823 2775 3892; x_wconf 77' lang='grc' dir='ltr'><strong>μήτε</strong></span> <span class='ocrx_word' id='word_1_666' title='bbox 2817 3821 2905 3873; x_wconf 76' lang='grc' dir='ltr'><strong>τὸν</strong></span> <span class='ocrx_word' id='word_1_667' title='bbox 2959 3819 3216 3892; x_wconf 76' lang='grc' dir='ltr'><strong>ῥᾳστώνῃ</strong></span> <span class='ocrx_word' id='word_1_668' title='bbox 3247 3816 3586 3889; x_wconf 82' lang='grc' dir='ltr'><strong>προσκείμενον</strong></span> <span class='ocrx_word' id='word_1_669' title='bbox 3612 3804 3731 3896; x_wconf 45' lang='lat' dir='ltr'><strong>alit:</strong></span> 
     </span>
    </p>
   </div>
   <div class='ocr_carea' id='block_1_88' title="bbox 2262 3893 3729 3979">
    <p class='ocr_par' dir='ltr' id='par_1_88' title="bbox 2262 3893 3729 3979">
     <span class='ocr_line' id='line_1_88' title="bbox 2262 3893 3729 3979; baseline -0.003 -13"><span class='ocrx_word' id='word_1_670' title='bbox 2262 3893 2448 3966; x_wconf 56' lang='grc' dir='ltr'><strong>ἕξεσθαι</strong></span> <span class='ocrx_word' id='word_1_671' title='bbox 2493 3911 2584 3964; x_wconf 74' lang='grc' dir='ltr'><strong>τὸν</strong></span> <span class='ocrx_word' id='word_1_672' title='bbox 2620 3910 2739 3964; x_wconf 89' lang='grc' dir='ltr'><strong>νοῦν</strong></span> <span class='ocrx_word' id='word_1_673' title='bbox 2770 3908 3250 3979; x_wconf 80' lang='grc' dir='ltr'><strong>κακοπραγοῦντα,</strong></span> <span class='ocrx_word' id='word_1_674' title='bbox 3289 3906 3395 3973; x_wconf 83' lang='grc' dir='ltr'><strong>εἴγε</strong></span> <span class='ocrx_word' id='word_1_675' title='bbox 3425 3903 3532 3974; x_wconf 76' lang='grc' dir='ltr'><strong>ἄλλῃ</strong></span> <span class='ocrx_word' id='word_1_676' title='bbox 3553 3899 3602 3967; x_wconf 75' lang='grc' dir='ltr'><strong>τῇ</strong></span> <span class='ocrx_word' id='word_1_677' title='bbox 3626 3893 3729 3964; x_wconf 73' lang='grc' dir='ltr'><strong>ἀρχῇ</strong></span> 
     </span>
    </p>
   </div>
   <div class='ocr_carea' id='block_1_89' title="bbox 2263 3984 3732 4072">
    <p class='ocr_par' dir='ltr' id='par_1_89' title="bbox 2263 3984 3732 4072">
     <span class='ocr_line' id='line_1_89' title="bbox 2263 3984 3732 4072; baseline -0.009 -15"><span class='ocrx_word' id='word_1_678' title='bbox 2263 4005 2526 4072; x_wconf 76' lang='grc' dir='ltr'><strong>λογίζοιτο</strong></span> <span class='ocrx_word' id='word_1_679' title='bbox 2563 4004 2630 4056; x_wconf 79' lang='grc' dir='ltr'><strong>τὰ</strong></span> <span class='ocrx_word' id='word_1_680' title='bbox 2669 4001 3032 4072; x_wconf 87' lang='grc' dir='ltr'><strong>πραττόμενα,</strong></span> <span class='ocrx_word' id='word_1_681' title='bbox 3079 4000 3218 4072; x_wconf 87' lang='grc' dir='ltr'><strong>μήτε</strong></span> <span class='ocrx_word' id='word_1_682' title='bbox 3246 3999 3334 4052; x_wconf 79' lang='grc' dir='ltr'><strong>τὸν</strong></span> <span class='ocrx_word' id='word_1_683' title='bbox 3375 3991 3532 4060; x_wconf 80' lang='grc' dir='ltr'><strong>σπουδῇ</strong></span> <span class='ocrx_word' id='word_1_684' title='bbox 3567 3984 3732 4057; x_wconf 79' lang='grc' dir='ltr'><strong>χρώμε-</strong></span> 
     </span>
    </p>
   </div>
   <div class='ocr_carea' id='block_1_90' title="bbox 2266 4077 3732 4163">
    <p class='ocr_par' dir='ltr' id='par_1_90' title="bbox 2266 4077 3732 4163">
     <span class='ocr_line' id='line_1_90' title="bbox 2266 4077 3732 4163; baseline -0.008 -14"><span class='ocrx_word' id='word_1_685' title='bbox 2266 4113 2354 4149; x_wconf 92' lang='grc' dir='ltr'><strong>νον</strong></span> <span class='ocrx_word' id='word_1_686' title='bbox 2386 4095 2533 4160; x_wconf 83' lang='grc' dir='ltr'><strong>ἄξιον</strong></span> <span class='ocrx_word' id='word_1_687' title='bbox 2567 4093 2703 4148; x_wconf 79' lang='grc' dir='ltr'><strong>εἶναι</strong></span> <span class='ocrx_word' id='word_1_688' title='bbox 2750 4092 3160 4163; x_wconf 79' lang='grc' dir='ltr'><strong>θαυμάζεσθαι,</strong></span> <span class='ocrx_word' id='word_1_689' title='bbox 3222 4091 3385 4145; x_wconf 88' lang='grc' dir='ltr'><strong>καίτοι</strong></span> <span class='ocrx_word' id='word_1_690' title='bbox 3429 4077 3614 4151; x_wconf 76' lang='grc' dir='ltr'><strong>λογισμῷ</strong></span> <span class='ocrx_word' id='word_1_691' title='bbox 3654 4089 3732 4163; x_wconf 60' lang='lat' dir='ltr'><strong>mf</strong></span> 
     </span>
    </p>
   </div>
   <div class='ocr_carea' id='block_1_91' title="bbox 2265 4162 3733 4258">
    <p class='ocr_par' dir='ltr' id='par_1_91' title="bbox 2265 4162 3733 4258">
     <span class='ocr_line' id='line_1_91' title="bbox 2265 4162 3733 4258; baseline -0.009 -17"><span class='ocrx_word' id='word_1_692' title='bbox 2265 4187 2458 4241; x_wconf 88' lang='grc' dir='ltr'><strong>νοῦντα</strong></span> <span class='ocrx_word' id='word_1_693' title='bbox 2487 4187 2620 4258; x_wconf 83' lang='grc' dir='ltr'><strong>πρὸς</strong></span> <span class='ocrx_word' id='word_1_694' title='bbox 2652 4187 2712 4239; x_wconf 82' lang='grc' dir='ltr'><strong>τὺ</strong></span> <span class='ocrx_word' id='word_1_695' title='bbox 2735 4185 2842 4238; x_wconf 88' lang='grc' dir='ltr'><strong>τῶν</strong></span> <span class='ocrx_word' id='word_1_696' title='bbox 2878 4184 3095 4238; x_wconf 88' lang='grc' dir='ltr'><strong>πάντων</strong></span> <span class='ocrx_word' id='word_1_697' title='bbox 3122 4182 3484 4254; x_wconf 84' lang='grc' dir='ltr'><strong>χαλεπώτατον,</strong></span> <span class='ocrx_word' id='word_1_698' title='bbox 3507 4170 3613 4242; x_wconf 70' lang='grc' dir='ltr'><strong>πρὸς</strong></span> <span class='ocrx_word' id='word_1_699' title='bbox 3631 4162 3733 4218; x_wconf 69' lang='grc' dir='ltr'><strong>ἆσέ·</strong></span> 
     </span>
    </p>
   </div>
   <div class='ocr_carea' id='block_1_92' title="bbox 2267 4275 3290 4346">
    <p class='ocr_par' dir='ltr' id='par_1_92' title="bbox 2267 4275 3290 4346">
     <span class='ocr_line' id='line_1_92' title="bbox 2267 4275 3290 4346; baseline -0.003 -17"><span class='ocrx_word' id='word_1_700' title='bbox 2267 4278 2418 4331; x_wconf 86' lang='grc' dir='ltr'><strong>6ειαν</strong></span> <span class='ocrx_word' id='word_1_701' title='bbox 2449 4277 2591 4331; x_wconf 86' lang='grc' dir='ltr'><strong>κατὰ</strong></span> <span class='ocrx_word' id='word_1_702' title='bbox 2615 4275 2748 4330; x_wconf 86' lang='grc' dir='ltr'><strong>Θεοῦ</strong></span> <span class='ocrx_word' id='word_1_703' title='bbox 2779 4275 3290 4346; x_wconf 79' lang='grc' dir='ltr'><strong>παιδαγωγηθῆναι.</strong></span> 
     </span>
    </p>
   </div>
   <div class='ocr_carea' id='block_1_93' title="bbox 1508 4475 2901 4547">
    <p class='ocr_par' dir='ltr' id='par_1_93' title="bbox 1508 4475 2901 4547">
     <span class='ocr_line' id='line_1_93' title="bbox 1508 4475 2901 4547; baseline 0 -15"><span class='ocrx_word' id='word_1_704' title='bbox 1508 4475 1640 4532; x_wconf 73' lang='lat' dir='ltr'><strong>CAP.</strong></span> <span class='ocrx_word' id='word_1_705' title='bbox 1681 4475 1770 4532; x_wconf 87' lang='lat' dir='ltr'><strong>lll.</strong></span> <span class='ocrx_word' id='word_1_706' title='bbox 1807 4475 1940 4530; x_wconf 76' lang='lat' dir='ltr'><strong>Mali</strong></span> <span class='ocrx_word' id='word_1_707' title='bbox 1974 4477 2210 4547; x_wconf 77' lang='lat' dir='ltr'><strong>deﬁnitio</strong></span> <span class='ocrx_word' id='word_1_708' title='bbox 2249 4482 2531 4534; x_wconf 76' lang='lat' dir='ltr'><strong>secundum</strong></span> <span class='ocrx_word' id='word_1_709' title='bbox 2563 4480 2901 4534; x_wconf 73' lang='lat' dir='ltr'><strong>Manichwos.</strong></span> 
     </span>
    </p>
   </div>
   <div class='ocr_carea' id='block_1_94' title="bbox 677 4579 2244 4669">
    <p class='ocr_par' dir='ltr' id='par_1_94' title="bbox 677 4594 2237 4656">
     <span class='ocr_line' id='line_1_94' title="bbox 677 4594 2237 4656; baseline -0.003 -2"><span class='ocrx_word' id='word_1_710' title='bbox 677 4599 811 4656; x_wconf 90' lang='lat' dir='ltr'><strong>Cum</strong></span> <span class='ocrx_word' id='word_1_711' title='bbox 843 4599 980 4653; x_wconf 88' lang='lat' dir='ltr'><strong>vero</strong></span> <span class='ocrx_word' id='word_1_712' title='bbox 999 4595 1278 4650; x_wconf 66' lang='lat' dir='ltr'><strong>Manichaai</strong></span> <span class='ocrx_word' id='word_1_713' title='bbox 1309 4594 1572 4648; x_wconf 88' lang='lat' dir='ltr'><strong>rationem</strong></span> <span class='ocrx_word' id='word_1_714' title='bbox 1601 4594 1894 4648; x_wconf 85' lang='lat' dir='ltr'><strong>creationis</strong></span> <span class='ocrx_word' id='word_1_715' title='bbox 1920 4595 2103 4649; x_wconf 90' lang='lat' dir='ltr'><strong>mundi</strong></span> <span class='ocrx_word' id='word_1_716' title='bbox 2131 4611 2160 4649; x_wconf 91' lang='lat' dir='ltr'><strong>a</strong></span> <span class='ocrx_word' id='word_1_717' title='bbox 2194 4601 2237 4655; x_wconf 82' lang='grc' dir='ltr'><strong>Ι)</strong></span> 
     </span>
    </p>
   </div>
   <div class='ocr_carea' id='block_1_95' title="bbox 2164 4579 3731 4669">
    <p class='ocr_par' dir='ltr' id='par_1_95' title="bbox 2194 4579 3731 4669">
     <span class='ocr_line' id='line_1_95' title="bbox 2194 4579 3731 4669; baseline -0.005 -14"><span class='ocrx_word' id='word_1_718' title='bbox 2194 4601 2237 4655; x_wconf 85' lang='grc' dir='ltr'><strong>Ι)</strong></span> <span class='ocrx_word' id='word_1_719' title='bbox 2334 4600 2424 4669; x_wconf 82' lang='grc' dir='ltr'><strong>Μὴ</strong></span> <span class='ocrx_word' id='word_1_720' title='bbox 2463 4597 2729 4660; x_wconf 84' lang='grc' dir='ltr'><strong>συνιέντες</strong></span> <span class='ocrx_word' id='word_1_721' title='bbox 2762 4597 2818 4650; x_wconf 81' lang='grc' dir='ltr'><strong>δὲ</strong></span> <span class='ocrx_word' id='word_1_722' title='bbox 2856 4599 2902 4650; x_wconf 86' lang='grc' dir='ltr'><strong>οί</strong></span> <span class='ocrx_word' id='word_1_723' title='bbox 2945 4599 3037 4650; x_wconf 82' lang='grc' dir='ltr'><strong>ἀπ’</strong></span> <span class='ocrx_word' id='word_1_724' title='bbox 3079 4597 3291 4650; x_wconf 80' lang='grc' dir='ltr'><strong>ἐκείνου</strong></span> <span class='ocrx_word' id='word_1_725' title='bbox 3327 4595 3416 4664; x_wconf 81' lang='grc' dir='ltr'><strong>τῆς</strong></span> <span class='ocrx_word' id='word_1_726' title='bbox 3435 4588 3513 4643; x_wconf 70' lang='grc' dir='ltr'><strong>τοῦ</strong></span> <span class='ocrx_word' id='word_1_727' title='bbox 3547 4582 3650 4638; x_wconf 69' lang='grc' dir='ltr'><strong>Θεοὗ</strong></span> <span class='ocrx_word' id='word_1_728' title='bbox 3669 4579 3731 4648; x_wconf 81' lang='grc' dir='ltr'><strong>δη·</strong></span> 
     </span>
    </p>
   </div>
   <div class='ocr_carea' id='block_1_96' title="bbox 603 4687 2169 4759">
    <p class='ocr_par' dir='ltr' id='par_1_96' title="bbox 603 4687 2169 4759">
     <span class='ocr_line' id='line_1_96' title="bbox 603 4687 2169 4759; baseline -0.003 -13"><span class='ocrx_word' id='word_1_729' title='bbox 603 4695 716 4749; x_wconf 87' lang='lat' dir='ltr'><strong>Deo</strong></span> <span class='ocrx_word' id='word_1_730' title='bbox 746 4693 876 4747; x_wconf 76' lang='lat' dir='ltr'><strong>facti</strong></span> <span class='ocrx_word' id='word_1_731' title='bbox 908 4706 1014 4746; x_wconf 87' lang='lat' dir='ltr'><strong>non</strong></span> <span class='ocrx_word' id='word_1_732' title='bbox 1046 4689 1438 4759; x_wconf 86' lang='lat' dir='ltr'><strong>intelligerent,</strong></span> <span class='ocrx_word' id='word_1_733' title='bbox 1467 4701 1578 4741; x_wconf 90' lang='lat' dir='ltr'><strong>non</strong></span> <span class='ocrx_word' id='word_1_734' title='bbox 1602 4687 1774 4740; x_wconf 87' lang='lat' dir='ltr'><strong>solum</strong></span> <span class='ocrx_word' id='word_1_735' title='bbox 1807 4689 2047 4743; x_wconf 88' lang='lat' dir='ltr'><strong>actiones</strong></span> <span class='ocrx_word' id='word_1_736' title='bbox 2075 4689 2169 4742; x_wconf 84' lang='lat' dir='ltr'><strong>ho-</strong></span> 
     </span>
    </p>
   </div>
   <div class='ocr_carea' id='block_1_97' title="bbox 608 4780 2166 4842">
    <p class='ocr_par' dir='ltr' id='par_1_97' title="bbox 608 4780 2166 4842">
     <span class='ocr_line' id='line_1_97' title="bbox 608 4780 2166 4842; baseline -0.003 -4"><span class='ocrx_word' id='word_1_737' title='bbox 608 4787 816 4839; x_wconf 90' lang='lat' dir='ltr'><strong>minum</strong></span> <span class='ocrx_word' id='word_1_738' title='bbox 864 4799 893 4836; x_wconf 90' lang='lat' dir='ltr'><strong>a</strong></span> <span class='ocrx_word' id='word_1_739' title='bbox 941 4783 1154 4835; x_wconf 89' lang='lat' dir='ltr'><strong>ratione</strong></span> <span class='ocrx_word' id='word_1_740' title='bbox 1208 4794 1429 4834; x_wconf 90' lang='lat' dir='ltr'><strong>aversas</strong></span> <span class='ocrx_word' id='word_1_741' title='bbox 1475 4780 1846 4842; x_wconf 81' lang='lat' dir='ltr'><strong>exeutientes,</strong></span> <span class='ocrx_word' id='word_1_742' title='bbox 1896 4793 1961 4834; x_wconf 93' lang='lat' dir='ltr'><strong>eo</strong></span> <span class='ocrx_word' id='word_1_743' title='bbox 2005 4780 2166 4833; x_wconf 90' lang='lat' dir='ltr'><strong>modo</strong></span> 
     </span>
    </p>
   </div>
   <div class='ocr_carea' id='block_1_98' title="bbox 605 4869 2168 4945">
    <p class='ocr_par' dir='ltr' id='par_1_98' title="bbox 605 4869 2168 4945">
     <span class='ocr_line' id='line_1_98' title="bbox 605 4869 2168 4945; baseline 0 -19"><span class='ocrx_word' id='word_1_744' title='bbox 605 4889 770 4945; x_wconf 83' lang='lat' dir='ltr'><strong>quem</strong></span> <span class='ocrx_word' id='word_1_745' title='bbox 829 4872 1104 4935; x_wconf 78' lang='lat' dir='ltr'><strong>diximus,</strong></span> <span class='ocrx_word' id='word_1_746' title='bbox 1154 4870 1290 4938; x_wconf 91' lang='lat' dir='ltr'><strong>lapsi</strong></span> <span class='ocrx_word' id='word_1_747' title='bbox 1341 4876 1508 4934; x_wconf 89' lang='lat' dir='ltr'><strong>sunt,</strong></span> <span class='ocrx_word' id='word_1_748' title='bbox 1555 4869 1649 4923; x_wconf 87' lang='lat' dir='ltr'><strong>sed</strong></span> <span class='ocrx_word' id='word_1_749' title='bbox 1690 4869 1854 4922; x_wconf 88' lang='lat' dir='ltr'><strong>etiam</strong></span> <span class='ocrx_word' id='word_1_750' title='bbox 1906 4871 2168 4938; x_wconf 90' lang='lat' dir='ltr'><strong>plurimas</strong></span> 
     </span>
    </p>
   </div>
   <div class='ocr_carea' id='block_1_99' title="bbox 605 4959 2166 5028">
    <p class='ocr_par' dir='ltr' id='par_1_99' title="bbox 605 4959 2166 5028">
     <span class='ocr_line' id='line_1_99' title="bbox 605 4959 2166 5028; baseline -0.004 -8"><span class='ocrx_word' id='word_1_751' title='bbox 605 4977 891 5020; x_wconf 86' lang='lat' dir='ltr'><strong>creaturas</strong></span> <span class='ocrx_word' id='word_1_752' title='bbox 915 5003 928 5027; x_wconf 95' lang='lat'><strong>,</strong></span> <span class='ocrx_word' id='word_1_753' title='bbox 963 4963 1070 5018; x_wconf 89' lang='lat' dir='ltr'><strong>imo</strong></span> <span class='ocrx_word' id='word_1_754' title='bbox 1104 4961 1215 5016; x_wconf 83' lang='lat' dir='ltr'><strong>fere</strong></span> <span class='ocrx_word' id='word_1_755' title='bbox 1244 4961 1422 5014; x_wconf 92' lang='lat' dir='ltr'><strong>omnia</strong></span> <span class='ocrx_word' id='word_1_756' title='bbox 1465 4961 1519 5014; x_wconf 92' lang='lat' dir='ltr'><strong>in</strong></span> <span class='ocrx_word' id='word_1_757' title='bbox 1559 4959 1764 5014; x_wconf 88' lang='lat' dir='ltr'><strong>crimen</strong></span> <span class='ocrx_word' id='word_1_758' title='bbox 1802 4971 2166 5028; x_wconf 87' lang='lat' dir='ltr'><strong>vocaverunt,</strong></span> 
     </span>
    </p>
   </div>
   <div class='ocr_carea' id='block_1_100' title="bbox 602 5053 2163 5129">
    <p class='ocr_par' dir='ltr' id='par_1_100' title="bbox 602 5053 2163 5129">
     <span class='ocr_line' id='line_1_100' title="bbox 602 5053 2163 5129; baseline -0.004 -18"><span class='ocrx_word' id='word_1_759' title='bbox 602 5074 728 5129; x_wconf 70' lang='lat' dir='ltr'><strong>qua:</strong></span> <span class='ocrx_word' id='word_1_760' title='bbox 757 5057 960 5112; x_wconf 88' lang='lat' dir='ltr'><strong>nullam</strong></span> <span class='ocrx_word' id='word_1_761' title='bbox 990 5064 1166 5109; x_wconf 91' lang='lat' dir='ltr'><strong>tamen</strong></span> <span class='ocrx_word' id='word_1_762' title='bbox 1197 5053 1648 5124; x_wconf 87' lang='lat' dir='ltr'><strong>vituperationem</strong></span> <span class='ocrx_word' id='word_1_763' title='bbox 1679 5067 1802 5106; x_wconf 76' lang='lat' dir='ltr'><strong>vere</strong></span> <span class='ocrx_word' id='word_1_764' title='bbox 1832 5053 2124 5106; x_wconf 90' lang='lat' dir='ltr'><strong>admittunt</strong></span> <span class='ocrx_word' id='word_1_765' title='bbox 2149 5073 2163 5119; x_wconf 89' lang='lat'><strong>;</strong></span> 
     </span>
    </p>
   </div>
   <div class='ocr_carea' id='block_1_101' title="bbox 609 5140 2163 5212">
    <p class='ocr_par' dir='ltr' id='par_1_101' title="bbox 609 5140 2163 5212">
     <span class='ocr_line' id='line_1_101' title="bbox 609 5140 2163 5212; baseline -0.001 -15"><span class='ocrx_word' id='word_1_766' title='bbox 609 5147 751 5198; x_wconf 87' lang='lat' dir='ltr'><strong>mala</strong></span> <span class='ocrx_word' id='word_1_767' title='bbox 777 5151 957 5199; x_wconf 88' lang='lat' dir='ltr'><strong>autem</strong></span> <span class='ocrx_word' id='word_1_768' title='bbox 982 5143 1094 5197; x_wconf 74' lang='lat' dir='ltr'><strong>hzee</strong></span> <span class='ocrx_word' id='word_1_769' title='bbox 1113 5142 1546 5212; x_wconf 88' lang='lat' dir='ltr'><strong>appellaverunt,</strong></span> <span class='ocrx_word' id='word_1_770' title='bbox 1577 5140 1633 5194; x_wconf 91' lang='lat' dir='ltr'><strong>in</strong></span> <span class='ocrx_word' id='word_1_771' title='bbox 1659 5140 1780 5196; x_wconf 89' lang='lat' dir='ltr'><strong>aliis</strong></span> <span class='ocrx_word' id='word_1_772' title='bbox 1809 5141 2028 5211; x_wconf 89' lang='lat' dir='ltr'><strong>quidem</strong></span> <span class='ocrx_word' id='word_1_773' title='bbox 2058 5143 2163 5196; x_wconf 88' lang='lat' dir='ltr'><strong>mi-</strong></span> 
     </span>
    </p>
   </div>
   <div class='ocr_carea' id='block_1_102' title="bbox 609 5234 2168 5301">
    <p class='ocr_par' dir='ltr' id='par_1_102' title="bbox 609 5234 2168 5301">
     <span class='ocr_line' id='line_1_102' title="bbox 609 5234 2168 5301; baseline -0.001 -9"><span class='ocrx_word' id='word_1_774' title='bbox 609 5238 842 5292; x_wconf 89' lang='lat' dir='ltr'><strong>stionem</strong></span> <span class='ocrx_word' id='word_1_775' title='bbox 871 5236 1308 5299; x_wconf 88' lang='lat' dir='ltr'><strong>contrariorum,</strong></span> <span class='ocrx_word' id='word_1_776' title='bbox 1355 5234 1485 5289; x_wconf 93' lang='lat' dir='ltr'><strong>boni</strong></span> <span class='ocrx_word' id='word_1_777' title='bbox 1531 5235 1742 5289; x_wconf 88' lang='lat' dir='ltr'><strong>scilicet</strong></span> <span class='ocrx_word' id='word_1_778' title='bbox 1789 5245 1843 5290; x_wconf 90' lang='lat' dir='ltr'><strong>et</strong></span> <span class='ocrx_word' id='word_1_779' title='bbox 1891 5237 2059 5301; x_wconf 87' lang='lat' dir='ltr'><strong>mali,</strong></span> <span class='ocrx_word' id='word_1_780' title='bbox 2109 5246 2168 5291; x_wconf 92' lang='lat' dir='ltr'><strong>ut</strong></span> 
     </span>
    </p>
   </div>
   <div class='ocr_carea' id='block_1_103' title="bbox 608 5325 2169 5397">
    <p class='ocr_par' dir='ltr' id='par_1_103' title="bbox 608 5325 2169 5397">
     <span class='ocr_line' id='line_1_103' title="bbox 608 5325 2169 5397; baseline 0 -17"><span class='ocrx_word' id='word_1_781' title='bbox 608 5328 922 5397; x_wconf 91' lang='lat' dir='ltr'><strong>loquuntur,</strong></span> <span class='ocrx_word' id='word_1_782' title='bbox 957 5326 1322 5391; x_wconf 87' lang='lat' dir='ltr'><strong>mentientes;</strong></span> <span class='ocrx_word' id='word_1_783' title='bbox 1355 5325 1410 5378; x_wconf 92' lang='lat' dir='ltr'><strong>in</strong></span> <span class='ocrx_word' id='word_1_784' title='bbox 1453 5325 1574 5381; x_wconf 86' lang='lat' dir='ltr'><strong>aliis</strong></span> <span class='ocrx_word' id='word_1_785' title='bbox 1620 5341 1749 5381; x_wconf 87' lang='lat' dir='ltr'><strong>vero</strong></span> <span class='ocrx_word' id='word_1_786' title='bbox 1797 5327 1994 5380; x_wconf 90' lang='lat' dir='ltr'><strong>malum</strong></span> <span class='ocrx_word' id='word_1_787' title='bbox 2036 5328 2169 5382; x_wconf 86' lang='lat' dir='ltr'><strong>sim-</strong></span> 
     </span>
    </p>
   </div>
   <div class='ocr_carea' id='block_1_104' title="bbox 609 5417 2168 5488">
    <p class='ocr_par' dir='ltr' id='par_1_104' title="bbox 609 5417 2168 5488">
     <span class='ocr_line' id='line_1_104' title="bbox 609 5417 2168 5488; baseline 0 -17"><span class='ocrx_word' id='word_1_788' title='bbox 609 5421 731 5488; x_wconf 77' lang='lat' dir='ltr'><strong>plex</strong></span> <span class='ocrx_word' id='word_1_789' title='bbox 760 5430 814 5475; x_wconf 86' lang='lat' dir='ltr'><strong>et</strong></span> <span class='ocrx_word' id='word_1_790' title='bbox 841 5419 1007 5474; x_wconf 90' lang='lat' dir='ltr'><strong>unius</strong></span> <span class='ocrx_word' id='word_1_791' title='bbox 1044 5418 1228 5472; x_wconf 66' lang='lat' dir='ltr'><strong>formae</strong></span> <span class='ocrx_word' id='word_1_792' title='bbox 1258 5417 1715 5487; x_wconf 86' lang='lat' dir='ltr'><strong>reprehendentes</strong></span> <span class='ocrx_word' id='word_1_793' title='bbox 1747 5437 1760 5472; x_wconf 92' lang='lat'><strong>:</strong></span> <span class='ocrx_word' id='word_1_794' title='bbox 1809 5428 1863 5474; x_wconf 89' lang='lat' dir='ltr'><strong>et</strong></span> <span class='ocrx_word' id='word_1_795' title='bbox 1905 5427 2168 5488; x_wconf 84' lang='lat' dir='ltr'><strong>quantum</strong></span> 
     </span>
    </p>
   </div>
   <div class='ocr_carea' id='block_1_105' title="bbox 611 5509 2160 5580">
    <p class='ocr_par' dir='ltr' id='par_1_105' title="bbox 611 5509 2160 5580">
     <span class='ocr_line' id='line_1_105' title="bbox 611 5509 2160 5580; baseline 0.001 -19"><span class='ocrx_word' id='word_1_796' title='bbox 611 5509 662 5561; x_wconf 91' lang='lat' dir='ltr'><strong>in</strong></span> <span class='ocrx_word' id='word_1_797' title='bbox 689 5510 820 5577; x_wconf 89' lang='lat' dir='ltr'><strong>ipsis</strong></span> <span class='ocrx_word' id='word_1_798' title='bbox 851 5510 986 5574; x_wconf 84' lang='lat' dir='ltr'><strong>fuit,</strong></span> <span class='ocrx_word' id='word_1_799' title='bbox 1014 5511 1195 5564; x_wconf 86' lang='lat' dir='ltr'><strong>omnia</strong></span> <span class='ocrx_word' id='word_1_800' title='bbox 1223 5509 1606 5575; x_wconf 82' lang='lat' dir='ltr'><strong>confuderunt,</strong></span> <span class='ocrx_word' id='word_1_801' title='bbox 1635 5511 1968 5580; x_wconf 85' lang='lat' dir='ltr'><strong>appellantes</strong></span> <span class='ocrx_word' id='word_1_802' title='bbox 1998 5511 2160 5576; x_wconf 86' lang='lat' dir='ltr'><strong>mala,</strong></span> 
     </span>
    </p>
   </div>
   <div class='ocr_carea' id='block_1_106' title="bbox 609 5601 2162 5675">
    <p class='ocr_par' dir='ltr' id='par_1_106' title="bbox 609 5601 2162 5675">
     <span class='ocr_line' id='line_1_106' title="bbox 609 5601 2162 5675; baseline 0.001 -19"><span class='ocrx_word' id='word_1_803' title='bbox 609 5617 728 5674; x_wconf 85' lang='lat' dir='ltr'><strong>quae</strong></span> <span class='ocrx_word' id='word_1_804' title='bbox 757 5603 975 5658; x_wconf 88' lang='lat' dir='ltr'><strong>minime</strong></span> <span class='ocrx_word' id='word_1_805' title='bbox 1001 5605 1142 5657; x_wconf 84' lang='lat' dir='ltr'><strong>mala</strong></span> <span class='ocrx_word' id='word_1_806' title='bbox 1172 5611 1316 5658; x_wconf 86' lang='lat' dir='ltr'><strong>sunt.</strong></span> <span class='ocrx_word' id='word_1_807' title='bbox 1353 5601 1411 5657; x_wconf 91' lang='lat' dir='ltr'><strong>Si</strong></span> <span class='ocrx_word' id='word_1_808' title='bbox 1444 5603 1588 5658; x_wconf 90' lang='lat' dir='ltr'><strong>enim</strong></span> <span class='ocrx_word' id='word_1_809' title='bbox 1617 5604 1943 5674; x_wconf 79' lang='lat' dir='ltr'><strong>injustitiam</strong></span> <span class='ocrx_word' id='word_1_810' title='bbox 1971 5605 2028 5658; x_wconf 92' lang='lat' dir='ltr'><strong>in</strong></span> <span class='ocrx_word' id='word_1_811' title='bbox 2054 5619 2162 5675; x_wconf 85' lang='lat' dir='ltr'><strong>qua</strong></span> 
     </span>
    </p>
   </div>
   <div class='ocr_carea' id='block_1_107' title="bbox 2269 4671 3732 4761">
    <p class='ocr_par' dir='ltr' id='par_1_107' title="bbox 2269 4671 3732 4761">
     <span class='ocr_line' id='line_1_107' title="bbox 2269 4671 3732 4761; baseline -0.01 -18"><span class='ocrx_word' id='word_1_812' title='bbox 2269 4690 2551 4761; x_wconf 86' lang='grc' dir='ltr'><strong>μιουργίας</strong></span> <span class='ocrx_word' id='word_1_813' title='bbox 2595 4690 2685 4742; x_wconf 83' lang='grc' dir='ltr'><strong>τὸν</strong></span> <span class='ocrx_word' id='word_1_814' title='bbox 2731 4690 2904 4759; x_wconf 82' lang='grc' dir='ltr'><strong>λόγον,</strong></span> <span class='ocrx_word' id='word_1_815' title='bbox 2936 4689 2994 4740; x_wconf 80' lang='grc' dir='ltr'><strong>οὑ</strong></span> <span class='ocrx_word' id='word_1_816' title='bbox 3029 4689 3192 4759; x_wconf 84' lang='grc' dir='ltr'><strong>μόνον</strong></span> <span class='ocrx_word' id='word_1_817' title='bbox 3235 4687 3342 4741; x_wconf 88' lang='grc' dir='ltr'><strong>τῶν</strong></span> <span class='ocrx_word' id='word_1_818' title='bbox 3386 4680 3630 4753; x_wconf 78' lang='grc' dir='ltr'><strong>ἀνθρώπων</strong></span> <span class='ocrx_word' id='word_1_819' title='bbox 3666 4671 3732 4731; x_wconf 67' lang='grc' dir='ltr'><strong>τὶς</strong></span> 
     </span>
    </p>
   </div>
   <div class='ocr_carea' id='block_1_108' title="bbox 2267 4762 3733 4856">
    <p class='ocr_par' dir='ltr' id='par_1_108' title="bbox 2267 4762 3733 4856">
     <span class='ocr_line' id='line_1_108' title="bbox 2267 4762 3733 4856; baseline -0.004 -20"><span class='ocrx_word' id='word_1_820' title='bbox 2267 4783 2606 4856; x_wconf 84' lang='grc' dir='ltr'><strong>παραλόγους</strong></span> <span class='ocrx_word' id='word_1_821' title='bbox 2635 4783 2857 4854; x_wconf 82' lang='grc' dir='ltr'><strong>πράξεις</strong></span> <span class='ocrx_word' id='word_1_822' title='bbox 2880 4783 3255 4846; x_wconf 78' lang='grc' dir='ltr'><strong>ἐξετάσαντες,</strong></span> <span class='ocrx_word' id='word_1_823' title='bbox 3280 4781 3370 4833; x_wconf 82' lang='grc' dir='ltr'><strong>τὸν</strong></span> <span class='ocrx_word' id='word_1_824' title='bbox 3404 4772 3633 4846; x_wconf 73' lang='grc' dir='ltr'><strong>εἰρημένον</strong></span> 
     </span>
    </p>
   </div>
   <div class='ocr_carea' id='block_1_109' title="bbox 2269 4853 3734 4944">
    <p class='ocr_par' dir='ltr' id='par_1_109' title="bbox 2269 4853 3734 4944">
     <span class='ocr_line' id='line_1_109' title="bbox 2269 4853 3734 4944; baseline -0.012 -16"><span class='ocrx_word' id='word_1_825' title='bbox 2269 4853 2367 4928; x_wconf 84' lang='grc' dir='ltr'><strong>πον</strong></span> <span class='ocrx_word' id='word_1_826' title='bbox 2398 4853 2729 4944; x_wconf 77' lang='grc' dir='ltr'><strong>ἐσφάλησαν,</strong></span> <span class='ocrx_word' id='word_1_827' title='bbox 2764 4874 2896 4927; x_wconf 82' lang='grc' dir='ltr'><strong>ἀλλὰ</strong></span> <span class='ocrx_word' id='word_1_828' title='bbox 2926 4875 3019 4926; x_wconf 68' lang='grc' dir='ltr'><strong>καὶ</strong></span> <span class='ocrx_word' id='word_1_829' title='bbox 3043 4873 3270 4925; x_wconf 81' lang='grc' dir='ltr'><strong>πλεῖστα</strong></span> <span class='ocrx_word' id='word_1_830' title='bbox 3295 4870 3397 4925; x_wconf 87' lang='grc' dir='ltr'><strong>τῶν</strong></span> <span class='ocrx_word' id='word_1_831' title='bbox 3417 4853 3734 4944; x_wconf 63' lang='grc' dir='ltr'><strong>δημιουρῃμάέ</strong></span> 
     </span>
    </p>
   </div>
   <div class='ocr_carea' id='block_1_110' title="bbox 2268 4943 3733 5036">
    <p class='ocr_par' dir='ltr' id='par_1_110' title="bbox 2268 4943 3733 5036">
     <span class='ocr_line' id='line_1_110' title="bbox 2268 4943 3733 5036; baseline -0.016 -15"><span class='ocrx_word' id='word_1_832' title='bbox 2268 4985 2374 5020; x_wconf 85' lang='grc' dir='ltr'><strong>των</strong></span> <span class='ocrx_word' id='word_1_833' title='bbox 2394 4984 2409 4997; x_wconf 86' lang='grc'><em>’</em></span> <span class='ocrx_word' id='word_1_834' title='bbox 2446 4943 2642 5036; x_wconf 81' lang='grc' dir='ltr'><strong>μᾶλλον</strong></span> <span class='ocrx_word' id='word_1_835' title='bbox 2677 4968 2769 5019; x_wconf 80' lang='grc' dir='ltr'><strong>καὶ</strong></span> <span class='ocrx_word' id='word_1_836' title='bbox 2815 4965 2996 5036; x_wconf 71' lang='grc' dir='ltr'><strong>σχεδδν</strong></span> <span class='ocrx_word' id='word_1_837' title='bbox 3029 4966 3266 5028; x_wconf 71' lang='grc' dir='ltr'><strong>ἅπαντα,</strong></span> <span class='ocrx_word' id='word_1_838' title='bbox 3290 4963 3445 5033; x_wconf 82' lang='grc' dir='ltr'><strong>ψόγον</strong></span> <span class='ocrx_word' id='word_1_839' title='bbox 3470 4956 3614 5012; x_wconf 80' lang='grc' dir='ltr'><strong>οὐδένα</strong></span> <span class='ocrx_word' id='word_1_840' title='bbox 3632 4943 3733 5000; x_wconf 71' lang='grc' dir='ltr'><strong>κατὰ</strong></span> 
     </span>
    </p>
   </div>
   <div class='ocr_carea' id='block_1_111' title="bbox 2272 5037 3734 5130">
    <p class='ocr_par' dir='ltr' id='par_1_111' title="bbox 2272 5037 3734 5130">
     <span class='ocr_line' id='line_1_111' title="bbox 2272 5037 3734 5130; baseline -0.011 -17"><span class='ocrx_word' id='word_1_841' title='bbox 2272 5060 2332 5113; x_wconf 74' lang='grc' dir='ltr'><strong>τὸ</strong></span> <span class='ocrx_word' id='word_1_842' title='bbox 2380 5059 2576 5130; x_wconf 80' lang='grc' dir='ltr'><strong>ἀληθὲς</strong></span> <span class='ocrx_word' id='word_1_843' title='bbox 2623 5059 2997 5128; x_wconf 79' lang='grc' dir='ltr'><strong>ἐπιδεχόμενα,</strong></span> <span class='ocrx_word' id='word_1_844' title='bbox 3033 5057 3277 5111; x_wconf 80' lang='grc' dir='ltr'><strong>διέὸαλον</strong></span> <span class='ocrx_word' id='word_1_845' title='bbox 3303 5073 3316 5086; x_wconf 75' lang='grc'>⁶</span> <span class='ocrx_word' id='word_1_846' title='bbox 3364 5051 3496 5107; x_wconf 79' lang='grc' dir='ltr'><strong>κακὰ</strong></span> <span class='ocrx_word' id='word_1_847' title='bbox 3533 5047 3579 5100; x_wconf 77' lang='grc' dir='ltr'><strong>δὲ</strong></span> <span class='ocrx_word' id='word_1_848' title='bbox 3616 5037 3734 5095; x_wconf 69' lang='grc' dir='ltr'><strong>ταῦτα</strong></span> 
     </span>
    </p>
   </div>
   <div class='ocr_carea' id='block_1_112' title="bbox 2275 5138 3733 5223">
    <p class='ocr_par' dir='ltr' id='par_1_112' title="bbox 2275 5138 3733 5223">
     <span class='ocr_line' id='line_1_112' title="bbox 2275 5138 3733 5223; baseline -0.003 -18"><span class='ocrx_word' id='word_1_849' title='bbox 2275 5155 2591 5223; x_wconf 85' lang='grc' dir='ltr'><strong>προσεῖπον,</strong></span> <span class='ocrx_word' id='word_1_850' title='bbox 2617 5151 2724 5205; x_wconf 86' lang='grc' dir='ltr'><strong>τῶν</strong></span> <span class='ocrx_word' id='word_1_851' title='bbox 2769 5152 2865 5222; x_wconf 83' lang='grc' dir='ltr'><strong>μὲν</strong></span> <span class='ocrx_word' id='word_1_852' title='bbox 2894 5152 3086 5221; x_wconf 85' lang='grc' dir='ltr'><strong>κρᾶσιν</strong></span> <span class='ocrx_word' id='word_1_853' title='bbox 3133 5151 3242 5203; x_wconf 86' lang='grc' dir='ltr'><strong>τῶν</strong></span> <span class='ocrx_word' id='word_1_854' title='bbox 3268 5147 3522 5203; x_wconf 75' lang='grc' dir='ltr'><strong>ἐναντίων,</strong></span> <span class='ocrx_word' id='word_1_855' title='bbox 3555 5138 3611 5198; x_wconf 82' lang='grc' dir='ltr'><strong>ὣς</strong></span> <span class='ocrx_word' id='word_1_856' title='bbox 3631 5145 3733 5201; x_wconf 59' lang='grc' dir='ltr'>φασιν</span> 
     </span>
    </p>
   </div>
   <div class='ocr_carea' id='block_1_113' title="bbox 2273 5226 3735 5311">
    <p class='ocr_par' dir='ltr' id='par_1_113' title="bbox 2273 5226 3735 5311">
     <span class='ocr_line' id='line_1_113' title="bbox 2273 5226 3735 5311; baseline -0.008 -15"><span class='ocrx_word' id='word_1_857' title='bbox 2273 5243 2441 5296; x_wconf 84' lang='grc' dir='ltr'><strong>κακοῦ</strong></span> <span class='ocrx_word' id='word_1_858' title='bbox 2473 5259 2533 5296; x_wconf 87' lang='grc' dir='ltr'><strong>τε</strong></span> <span class='ocrx_word' id='word_1_859' title='bbox 2574 5243 2668 5295; x_wconf 76' lang='grc' dir='ltr'><strong>καὶ</strong></span> <span class='ocrx_word' id='word_1_860' title='bbox 2709 5241 2910 5311; x_wconf 82' lang='grc' dir='ltr'><strong>ἀγαθοῦ</strong></span> <span class='ocrx_word' id='word_1_861' title='bbox 2953 5241 3439 5311; x_wconf 79' lang='grc' dir='ltr'><strong>καταψευσάμενοι,</strong></span> <span class='ocrx_word' id='word_1_862' title='bbox 3473 5231 3564 5287; x_wconf 87' lang='grc' dir='ltr'><strong>τῶν</strong></span> <span class='ocrx_word' id='word_1_863' title='bbox 3594 5226 3638 5280; x_wconf 73' lang='grc' dir='ltr'><strong>δὲ</strong></span> 
     </span>
    </p>
   </div>
   <div class='ocr_carea' id='block_1_114' title="bbox 2272 5309 3738 5414">
    <p class='ocr_par' dir='ltr' id='par_1_114' title="bbox 2272 5309 3738 5414">
     <span class='ocr_line' id='line_1_114' title="bbox 2272 5309 3738 5414; baseline -0.001 -27"><span class='ocrx_word' id='word_1_864' title='bbox 2272 5333 2448 5405; x_wconf 82' lang='grc' dir='ltr'><strong>νοειδῆ</strong></span> <span class='ocrx_word' id='word_1_865' title='bbox 2484 5334 2679 5389; x_wconf 88' lang='grc' dir='ltr'><strong>κακίαν</strong></span> <span class='ocrx_word' id='word_1_866' title='bbox 2725 5335 3092 5398; x_wconf 84' lang='grc' dir='ltr'><strong>κατειπόντες,</strong></span> <span class='ocrx_word' id='word_1_867' title='bbox 3140 5335 3234 5387; x_wconf 78' lang='grc' dir='ltr'><strong>καὶ</strong></span> <span class='ocrx_word' id='word_1_868' title='bbox 3285 5331 3524 5400; x_wconf 83' lang='grc' dir='ltr'><strong>συνέχεαν</strong></span> <span class='ocrx_word' id='word_1_869' title='bbox 3558 5320 3649 5386; x_wconf 75' lang='grc' dir='ltr'><strong>τότε</strong></span> <span class='ocrx_word' id='word_1_870' title='bbox 3678 5309 3738 5414; x_wconf 43' lang='grc' dir='ltr'><strong>ἔπ’</strong></span> 
     </span>
    </p>
   </div>
   <div class='ocr_carea' id='block_1_115' title="bbox 2275 5415 3741 5495">
    <p class='ocr_par' dir='ltr' id='par_1_115' title="bbox 2275 5415 3741 5495">
     <span class='ocr_line' id='line_1_115' title="bbox 2275 5415 3741 5495; baseline -0.011 -15"><span class='ocrx_word' id='word_1_871' title='bbox 2275 5427 2456 5488; x_wconf 72' lang='grc' dir='ltr'><strong>αὐτοῖς</strong></span> <span class='ocrx_word' id='word_1_872' title='bbox 2482 5424 2550 5477; x_wconf 85' lang='grc' dir='ltr'><strong>τὰ</strong></span> <span class='ocrx_word' id='word_1_873' title='bbox 2570 5425 2764 5488; x_wconf 89' lang='grc' dir='ltr'><strong>πάντα,</strong></span> <span class='ocrx_word' id='word_1_874' title='bbox 2792 5424 2937 5478; x_wconf 81' lang='grc' dir='ltr'><strong>κακά</strong></span> <span class='ocrx_word' id='word_1_875' title='bbox 2961 5424 3030 5477; x_wconf 82' lang='grc' dir='ltr'><strong>τὰ</strong></span> <span class='ocrx_word' id='word_1_876' title='bbox 3059 5421 3322 5495; x_wconf 80' lang='grc' dir='ltr'><strong>μηδαμῶς</strong></span> <span class='ocrx_word' id='word_1_877' title='bbox 3345 5417 3481 5473; x_wconf 81' lang='grc' dir='ltr'><strong>κακὰ</strong></span> <span class='ocrx_word' id='word_1_878' title='bbox 3508 5415 3741 5495; x_wconf 56' lang='grc' dir='ltr'><strong>προσειτξπψ</strong></span> 
     </span>
    </p>
   </div>
   <div class='ocr_carea' id='block_1_116' title="bbox 2268 5494 3743 5588">
    <p class='ocr_par' dir='ltr' id='par_1_116' title="bbox 2268 5494 3743 5588">
     <span class='ocr_line' id='line_1_116' title="bbox 2268 5494 3743 5588; baseline -0.002 -19"><span class='ocrx_word' id='word_1_879' title='bbox 2268 5532 2378 5579; x_wconf 84' lang='grc' dir='ltr'><strong>τες.</strong></span> <span class='ocrx_word' id='word_1_880' title='bbox 2413 5517 2475 5568; x_wconf 79' lang='lat' dir='ltr'><strong>El</strong></span> <span class='ocrx_word' id='word_1_881' title='bbox 2506 5516 2602 5586; x_wconf 80' lang='grc' dir='ltr'><strong>μὲν</strong></span> <span class='ocrx_word' id='word_1_882' title='bbox 2635 5515 2742 5587; x_wconf 83' lang='grc' dir='ltr'><strong>γὰρ</strong></span> <span class='ocrx_word' id='word_1_883' title='bbox 2769 5514 3045 5588; x_wconf 79' lang='grc' dir='ltr'><strong>τὴνπαρά</strong></span> <span class='ocrx_word' id='word_1_884' title='bbox 3067 5494 3376 5585; x_wconf 74' lang='grc' dir='ltr'><strong>ἀνθρώποις</strong></span> <span class='ocrx_word' id='word_1_885' title='bbox 3413 5504 3597 5564; x_wconf 78' lang='grc' dir='ltr'><strong>ἀδικίαν</strong></span> <span class='ocrx_word' id='word_1_886' title='bbox 3628 5494 3743 5588; x_wconf 42' lang='lat' dir='ltr'><strong>PM?</strong></span> 
     </span>
    </p>
   </div>
   <div class='ocr_carea' id='block_1_117' title="bbox 2269 5577 3744 5669">
    <p class='ocr_par' dir='ltr' id='par_1_117' title="bbox 2269 5577 3744 5669">
     <span class='ocr_line' id='line_1_117' title="bbox 2269 5577 3744 5669; baseline -0.004 -14"><span class='ocrx_word' id='word_1_887' title='bbox 2269 5577 2433 5658; x_wconf 74' lang='grc' dir='ltr'><strong>οὖσαν</strong></span> <span class='ocrx_word' id='word_1_888' title='bbox 2475 5577 2684 5658; x_wconf 80' lang='grc' dir='ltr'><strong>ἀδικίαν</strong></span> <span class='ocrx_word' id='word_1_889' title='bbox 2711 5577 3089 5669; x_wconf 63' lang='grc' dir='ltr'><strong>¹διέδαλονέἰς</strong></span> <span class='ocrx_word' id='word_1_890' title='bbox 3129 5577 3347 5668; x_wconf 78' lang='grc' dir='ltr'><strong>κακίαν,</strong></span> <span class='ocrx_word' id='word_1_891' title='bbox 3395 5597 3544 5669; x_wconf 79' lang='grc' dir='ltr'><strong>ἐχρῆν</strong></span> <span class='ocrx_word' id='word_1_892' title='bbox 3579 5589 3654 5661; x_wconf 77' lang='grc' dir='ltr'><strong>μὲν</strong></span> <span class='ocrx_word' id='word_1_893' title='bbox 3683 5577 3744 5632; x_wconf 42' lang='grc' dir='ltr'><strong>υἱ</strong></span> 
     </span>
    </p>
   </div>
  </div>
