4008 6208
315 297 452 358 ίοῖὅ

1377 294 1744 350 ADVERSUS
1779 290 2196 348 MANICIIA'ZOS
2233 290 2359 344 LIB.
2405 290 2443 345 I.

3397 290 3537 344 M74

315 405 485 468 οὕτως
513 401 906 472 ἀσφαλίξεσθαι
934 406 980 457 τ’
1013 404 1182 475 ὄνομα
1210 406 1304 460 καὶ
1329 405 1428 476 τὴν
1453 407 1578 477 περὶ
1608 407 1775 476 αὐτῆς
1801 405 1885 457 δό-

1988 403 2232 457 homines
2260 409 2417 463 sunt,
2450 414 2568 470 qua:
2597 399 2714 454 sola
2743 406 2826 455 est
2869 398 3137 467 injustitia
3162 438 3176 463 ,
3215 413 3539 456 accusarent

315 499 433 565 ξαν,
463 496 537 560 ὠς
556 495 903 566 ὑπαρχούσης
923 497 1016 549 καὶ
1050 497 1124 568 μὴ
1145 497 1512 569 ὑπαρχούσης,
1538 498 1592 550 ἐν
1613 515 1672 550 τε
1699 498 1771 568 (2)
1803 497 1878 568 τῷ

316 589 671 660 πράττεσθαι,
718 589 810 641 καὶ
859 589 934 660 μὴ
969 588 1336 658 πράττεσθαι·
1378 591 1574 660 ἥκιστα
1610 591 1665 643 δὲ
1707 591 1878 660 ἀρῄν

318 681 627 748 ἐπεισάγειν
674 678 841 750 αὐτὴν
869 678 1039 749 ικατά
1093 678 1259 732 Θεοῦο
1317 681 1464 750 ὅμως
1510 679 1554 732 δ’
1597 679 1661 733 ἂν
1698 680 1880 741 αὐτοῖς

318 772 750 844 εὐπερίγραπτον
795 766 862 840 ἦν
888 771 948 823 τὸ
990 771 1226 841 σφάλμα.
1269 772 1402 826 Νυνὶ
1437 771 1494 824 δὲ
1530 771 1710 841 σχεδὸν
1743 771 1881 825 άπα-

319 882 419 918 σαν
464 864 564 935 τὴν
611 862 969 934 δημιουργίαν
1023 865 1370 928 κακίσαντες,
1429 863 1729 935 ὑπέρογκον
1783 862 1878 934 τὴν

322 953 666 1024 βλασφημίαν
701 951 838 1005 κατὰ
868 951 1002 1004 Θεοῦ
1035 953 1378 1022 πεποίηνται,
1411 954 1504 1006 καὶ
1546 954 1878 1024 παράγουσιν

319 1046 395 1108 ὡς
420 1044 820 1114 ὁμολογούμενα
851 1043 925 1112 τῷ
963 1044 1104 1115 λόγῳ
1148 1046 1239 1098 καὶ
1283 1047 1454 1100 πάντα
1490 1046 1555 1099 τὰ
1589 1046 1750 1116 θηρία
1787 1047 1879 1099 καὶ

323 1136 390 1190 τὰ
414 1135 678 1199 κνώδαλα,
703 1135 800 1187 οὐκ
838 1135 1068 1205 οἰόμενοι
1097 1135 1291 1207 χρῆναι
1314 1137 1448 1207 πρὸς
1477 1135 1677 1204 ἀγαθοῦ
1709 1137 1878 1190 ταῦτα

324 1226 669 1298 γεγενῆσθαι,
723 1227 821 1279 οὐκ
867 1227 1112 1297 ἀχρηστα
1163 1227 1340 1297 μόνον,
1390 1227 1463 1290 ὼς
1525 1228 1878 1299 ὑπειλήφασιν

324 1318 472 1383 ὄντα,
500 1316 635 1382 ἀλλά
662 1318 752 1370 καὶ
775 1316 891 1369 λίαν
915 1316 1216 1389 ἀνθρώποις
1245 1316 1642 1388 βλαϐερώτατα·
1673 1320 1878 1374 καίτοι-

323 1425 386 1478 γε
416 1408 691 1478 δειχθῆναι
718 1407 1009 1478 δυνάμενα,
1043 1407 1116 1470 ὡς
1148 1407 1344 1478 μᾶλλον
1370 1408 1758 1480 ὠφελιμώτερα
1788 1412 1880 1464 καὶ

324 1497 713 1570 χρησιμώτερα
757 1498 1042 1568 τυγχάνει,
1082 1497 1224 1568 ἥπερ
1259 1496 1328 1550 τὰ
1367 1496 1532 1560 ὅντως
1581 1497 1882 1570 ἀνθρώποις

324 1588 617 1641 λυσιτελεῖν
655 1587 910 1641 δοκοῦντα
933 1605 946 1619 ·
989 1589 1080 1642 καὶ⁹
1114 1587 1280 1642 πολλά
1312 1588 1408 1659 μὲν
1437 1589 1530 1642 καὶ
1562 1589 1722 1660 ἕτερα
1763 1607 1884 1643 συν-

325 1679 562 1748 είρουσιν
593 1677 672 1740 είς
700 1676 948 1749 διαϐολὴν
979 1676 1086 1731 τῶν
1114 1677 1299 1741 ὄντων,
1333 1678 1425 1729 καὶ
1462 1677 1561 1748 τῆς
1599 1678 1709 1732 τῶν
1746 1680 1880 1733 ὅλων

324 1769 656 1840 διοικήσεως.

1981 502 2237 562 tanquam
2266 493 2466 546 malum
2495 507 2509 556 ;
2538 492 2617 544 sic
2639 489 2800 543 etiam
2824 490 3106 559 oportebat
3126 505 3320 546 nomen
3341 501 3395 546 et
3421 494 3540 563 opi-

1979 586 2196 639 nionem
2225 584 2291 640 de
2315 598 2377 637 ea
2406 584 2639 647 munire,
2671 589 2924 652 tanquam
2953 597 3073 652 qua:
3100 593 3274 649 esset,
3299 582 3425 638 dum
3455 593 3538 640 est

1979 679 2156 744 actio;
2188 685 2281 731 aut
2303 689 2410 730 non
2435 684 2609 735 esset,
2637 671 2764 727 dum
2787 687 2896 726 non
2925 680 3008 727 est
3033 672 3198 728 actio:
3224 689 3330 728 non
3358 682 3536 730 autem

1978 771 2267 841 oportebat
2336 768 2683 823 introducere
2742 766 3070 835 principium
3117 768 3296 836 ipsum
3348 777 3536 823 contra

1980 862 2146 922 Deum
2178 884 2191 918 :
2224 863 2420 918 fuisset
2445 869 2622 914 tamen
2658 873 2844 914 eorum
2874 874 3029 914 error
3065 859 3267 914 affatim
3304 860 3539 914 circum-

1981 954 2220 1024 scriptus
2245 962 2298 1008 et
2324 952 2665 1008 terminatus.
2695 949 2848 1004 Nunc
2877 961 3053 1004 autem
3079 966 3200 1006 cum
3228 950 3338 1005 fere
3357 951 3539 1005 omnia

1979 1059 2098 1114 quae
2126 1044 2385 1098 fabricata
2411 1050 2566 1105 sunt,
2597 1043 2736 1094 mala
2761 1056 2879 1096 esse
2902 1042 3083 1095 dicant
3109 1081 3124 1104 ,
3150 1041 3536 1110 blasphemiam

1980 1136 2035 1188 in
2066 1135 2232 1190 Deum
2262 1135 2315 1189 in
2345 1134 2610 1188 infinitum
2641 1143 2940 1195 auxerunt,
2983 1142 3035 1187 et
3079 1133 3384 1201 producunt
3422 1142 3539 1185 tan-

1980 1246 2141 1300 quam
2187 1237 2334 1283 certa
2374 1235 2427 1282 et
2468 1227 2675 1282 ratione
2718 1240 2781 1278 ac
2819 1225 3025 1294 judicio
3058 1225 3280 1293 probata
3306 1264 3319 1285 ,
3351 1237 3538 1277 omnes

1982 1321 2186 1376 bestias
2217 1329 2268 1374 et
2298 1319 2472 1382 feras,
2505 1332 2614 1372 non
2645 1324 2898 1386 putantes
2941 1322 3194 1384 Oportere
3233 1313 3374 1367 facta
3419 1327 3540 1369 esse

1981 1413 2094 1467 lucc
2125 1428 2155 1466 a
2185 1411 2360 1475 bono,
2395 1425 2504 1465 non
2535 1410 2708 1464 solum
2751 1421 2940 1463 eorum
2987 1406 3240 1474 opinione
3284 1405 3496 1458 inutilia
3521 1445 3535 1465 .

1988 1503 2082 1560 sed
2110 1502 2423 1556 hominibus
2454 1499 2864 1555 nocentissima.
2890 1496 3148 1562 Quamvis
3179 1495 3538 1551 demonstrari

1982 1592 2192 1664 possint
2219 1591 2437 1645 utiliora
2464 1597 2519 1646 et
2547 1588 2914 1644 commodiora
2952 1601 3072 1640 esse
3115 1600 3276 1655 quam
3319 1601 3380 1640 ea
3421 1599 3541 1656 quae

1982 1697 2108 1737 vere
2132 1681 2442 1736 hominibus
2465 1680 2770 1734 conducere
2797 1679 3084 1731 videantur
3108 1695 3122 1740 ;
3153 1691 3216 1731 ac
3240 1677 3409 1733 multa
3431 1678 3542 1747 qui~

1906 1774 1948 1827 Β
1978 1780 2096 1829 dem
2126 1773 2229 1827 alia
2260 1780 2589 1828 connectunt
2618 1769 2683 1824 ad
2717 1769 3119 1825 accusationem
3151 1783 3330 1824 rerum
3361 1775 3416 1823 et
3441 1786 3540 1840 ευ-

1985 1861 2328 1917 bernationis
2355 1861 2617 1916 universi.

1475 1969 1604 2025 CAP.
1648 1970 1736 2028 IV.
1779 1971 2056 2031 Methodus
2088 1975 2412 2044 disputandi.

408 2063 465 2117 '0
503 2061 559 2115 δὲ
609 2061 764 2130 λόγος
815 2061 964 2116 οὐδὲν
1009 2061 1389 2116 ἀναπόδεικτον
1421 2061 1527 2116 τῶν
1567 2081 1626 2116 τε
1666 2065 1888 2136 εἰρημέ-

325 2170 431 2208 νων
477 2154 571 2207 καὶ
616 2153 998 2226 ῥηθησομένων
1039 2154 1351 2208 καταλιπεῖν
1399 2154 1748 2226 πειράσεται·
1797 2155 1894 2210 δύο

327 2246 434 2318 γὰρ
466 2246 719 2301 ἐναντίων
748 2245 959 2315 φύσεων
1001 2249 1195 2318 κρᾶσιν
1237 2248 1294 2301 ὲν
1324 2247 1437 2310 τοῖς
1476 2241 1593 2299 οῦσι
1629 2247 1892 2316 φανταζόο

331 2337 830 2409 μενοι,διανέμουσι
870 2336 1091 2401 ταύταις
1130 2337 1199 2390 τά
1248 2337 1374 2402 ὅντα
1420 2337 1559 2392 κατὰ
1599 2338 1659 2392 τὸ
1703 2339 1890 2394 δοκοῦν

329 2430 530 2493 αὐτοῖς.
565 2429 756 2494 Πόθεν,
785 2429 1050 2497 λέγοντες,
1079 2429 1148 2482 τά
1175 2429 1338 2493 κακὰ,
1355 2433 1403 2484 εί
1434 2431 1506 2502 μὴ
1532 2431 1594 2484 ἐκ
1620 2449 1762 2495 τινος
1787 2433 1885 2503 ἀρ-

329 2520 428 2591 χῆς
455 2521 546 2574 καὶ
578 2518 749 2574 ταῦτα
774 2518 1058 2591 τυγχάνει;
1083 2521 1145 2572 Ei
1177 2519 1231 2573 δέ
1257 2538 1338 2584 τις
1367 2522 1678 2594 ἐρωτήσειεο
1716 2525 1882 2590 Heia;

331 2612 630 2682 συνείρουσι
665 2611 734 2665 τὰ
773 2613 880 2667 τῶν
930 2613 1227 2686 ἀνθρώπων
1269 2615 1636 2686 ἁμαρτήματα
1682 2617 1774 2670 καὶ
1816 2617 1886 2669 τὰ

326 2702 419 2757 τοῦ
445 2701 577 2756 Θεοῦ
610 2703 1080 2777 δημιουργήματα,
1101 2705 1194 2759 καὶ
1221 2706 1388 2777 αὐτὴν
1410 2707 1535 2777 ὅλην
1568 2708 1665 2778 τὴν
1691 2706 1886 2778 πάνσο-

329 2811 426 2864 φον
457 2797 762 2866 οἰκονομίαν
795 2799 1104 2862 κακίζουσιν
1125 2816 1138 2828 ⁸
1178 2798 1253 2862 ὡς
1296 2798 1348 2850 ετ
1377 2815 1460 2862 τις
1497 2797 1683 2864 δείξειε
1718 2799 1892 2853 πάντα

330 2884 507 2948 καλῶς
543 2887 636 2940 καὶ
675 2887 982 2955 ἀναγκαίως
1019 2889 1296 2958 γεγονέναι
1344 2890 1436 2942 καὶ
1477 2889 1772 2959 γίγνεσθαι,
1813 2891 1890 2945 ol-

329 2993 479 3048 χεται
509 2978 689 3040 αὐτοῖς
717 2977 773 3043 ἐξ
799 2979 1039 3052 ἀνάγκης
1081 2980 1110 3032 ὁ
1151 2981 1276 3051 περὶ
1315 2981 1413 3052 τῆς
1447 2981 1690 3046 ἐναντίας
1719 2984 1891 3054 ἀρχῆς

330 3065 503 3135 λόγος.
535 3067 626 3139 Μὴ
649 3068 756 3140 γὰρ
783 3071 1068 3136 συνιέντες,
1103 3072 1248 3136 ὅπως
1285 3071 1394 3142 ἔχει
1421 3072 1488 3126 τὰ
1531 3073 1697 3138 κάτω,
1728 3073 1892 3127 ὲπλά-

332 3174 490 3210 σαντο
522 3159 648 3230 περὶ
679 3159 745 3212 τὰ
781 3159 923 3213 άνωο
963 3162 1095 3233 μηδὲ
1129 3161 1517 3226 καταλαϐόντες
1542 3163 1660 3216 τίνα
1691 3163 1890 3234 τρόπον

329 3247 592 3303 διάκειται
619 3249 685 3305 τά
713 3249 981 3323 ὁρώμενα,
1010 3253 1450 3324 ἐσυκοφάντησαν
1483 3253 1542 3304 τὸ
1583 3252 1655 3323 μὴ
1685 3251 1894 3323 ὁρώμε-

329 3355 453 3393 νονο
503 3341 598 3394 καὶ
643 3333 843 3411 γνῶναι
890 3343 1286 3407 σπουδάσαντες
1334 3343 1420 3396 διὰ
1459 3343 1520 3396 τὸ
1566 3344 1638 3414 μὴ
1671 3343 1890 3411 γνῶναι,

329 3431 522 3505 ἀγνοίᾳ
557 3432 759 3504 μείζονι
797 3435 1118 3506 περιέπεσον
1144 3451 1159 3465 ο
1203 3434 1277 3499 ὡς
1318 3434 1426 3506 γάρ
1468 3436 1524 3486 ὲν
1577 3435 1752 3488 σκότει
1795 3435 1893 3506 τὴν

331 3526 458 3598 περὶ
491 3526 600 3579 τῶν
651 3527 984 3597 φαινομένων
1041 3526 1243 3581 ἔννοιαν
1287 3525 1590 3597 ζητοῦντες,
1634 3527 1694 3580 οὐ
1738 3528 1894 3599 μόνον

329 3616 428 3686 οὐχ
459 3611 634 3689 εὖρον,
663 3619 690 3670 ὃ
712 3617 890 3689 ζητεῖν
915 3617 1150 3684 ἐδόκουν,
1182 3617 1315 3672 ἀλλὰ
1349 3619 1440 3672 καὶ
1478 3618 1656 3690 μεῖζον
1688 3620 1893 3683 ἑαυτοῖς

330 3707 391 3760 τὺ
426 3707 612 3773 σκότος
634 3709 732 3781 τῆς
760 3690 976 3778 ἀγνοίας
1005 3712 1381 3782 πεποιήκασιν.
1412 3713 1599 3782 Ἡμεῖς
1634 3713 1708 3776 δὲ,
1746 3711 1894 3784 πρῶ-

330 3815 422 3852 τον
471 3800 728 3872 περὶτῶν
778 3799 869 3855 δυο
918 3801 1169 3855 ἐναντίων
1222 3802 1402 3874 ἀρχῶν
1442 3803 1510 3866 ἃς
1557 3803 1894 3858 ὑποτίθενται

328 3890 692 3957 διαλασόντες,
724 3892 890 3955 οὕτως
919 3893 1120 3963 ἥξομεν
1160 3895 1293 3965 πρὸς
1334 3895 1431 3966 τὴν
1459 3895 1596 3966 ὑπὲρ
1627 3894 1733 3947 τῶν
1763 3895 1896 3948 ὅλων

330 3981 621 4046 ἀπόδειξιν,
651 3983 724 4046 ὡς
744 3981 920 4034 καλῶν
947 3984 1040 4036 καί
1079 3983 1386 4053 ἀναγκαίων
1411 3983 1575 4036 όντων
1616 3983 1887 4047 ἀπάντων,

333 4075 427 4129 καὶ
451 4074 781 4140 ὲκείνων,ὠς
814 4074 1096 4146 προλαϐὼν
1127 4075 1280 4146 ἔφην,
1309 4076 1538 4146 μάλιστα
1563 4075 1682 4128 καθ’
1714 4071 1892 4147 ὧνπερ

333 4164 590 4234 πλείστην
632 4166 970 4238 καταδρομὴν
1005 4167 1300 4231 ποιοῦνται,
1343 4170 1416 4232 ὼς
1457 4168 1895 4240 ὁμολογουμένων

335 4257 549 4311 κακῶνο
586 4255 750 4311 ἔτιδὲ
802 4260 894 4312 καὶ
939 4259 1036 4331 τῆς
1091 4259 1198 4312 τῶν
1247 4259 1380 4312 ὅλων
1420 4259 1753 4332 διοικήσεως,
1805 4259 1897 4314 καὶ

331 4349 401 4402 δι’
439 4345 514 4404 ὧν
564 4351 787 4421 πικρίαν
833 4351 997 4421 αὐτῆς
1037 4351 1361 4422 ἀγνωμόνως
1411 4349 1893 4424 καταψηφίζονται,

2060 2068 2286 2124 Dabitur
2321 2082 2448 2122 vero
2475 2081 2658 2138 opera,
2696 2074 2753 2119 ut
2790 2063 2924 2120 nihil
2962 2071 3072 2118 tam
3100 2078 3288 2119 eorum
3311 2077 3429 2133 quae
3459 2061 3543 2117 di-

1991 2170 2099 2228 cta,
2137 2178 2298 2233 quam
2337 2174 2456 2230 qua:
2490 2158 2718 2214 dicenda
2774 2165 2903 2212 sunt
2929 2195 2944 2220 ,
2986 2155 3282 2224 disputatio
3314 2169 3422 2208 non
3457 2168 3544 2207 ra-

1993 2253 2139 2307 tione
2185 2252 2500 2305 conclusum
2555 2248 2860 2316 relinquat:
2896 2243 3104 2314 ﬁngunt
3142 2244 3285 2298 enim
3310 2241 3538 2312 cogita-

1990 2344 2135 2398 tione
2183 2341 2411 2396 duarum
2460 2349 2775 2394 naturarum
2809 2337 3204 2392 contrariarum
3261 2333 3544 2388 admistio-

1991 2449 2135 2500 nem,
2159 2443 2212 2489 et
2235 2433 2342 2498 bis,
2372 2439 2430 2488 ut
2456 2433 2535 2488 eis
2566 2432 2797 2498 videtur,
2828 2448 2918 2488 res
2965 2443 3154 2485 omnes
3185 2425 3540 2482 distribuunt.

1989 2524 2292 2590 Undenam,
2315 2526 2585 2596 inquiunt,
2622 2525 2798 2587 mala,
2845 2525 2890 2579 si
2938 2523 3050 2577 haec
3103 2535 3208 2575 non
3257 2534 3323 2574 ex
3365 2518 3544 2588 aliquo

1990 2617 2256 2688 principio
2285 2618 2444 2673 sunt?
2499 2616 2556 2670 Si
2597 2617 2721 2687 quis
2757 2629 2886 2670 vero
2933 2620 3310 2683 percontetur,
3363 2609 3544 2680 qualia

1992 2715 2212 2779 peccata
2243 2709 2297 2762 in
2346 2707 2594 2762 homines
2638 2705 2941 2760 confertis?
2983 2703 3328 2772 Quincunque
3376 2701 3544 2754 fabri-

1990 2807 2146 2854 catus
2173 2807 2255 2853 est
2285 2798 2446 2860 Deus,
2477 2806 2530 2852 et
2572 2805 2735 2851 totam
2768 2797 2942 2866 ipsam
2969 2809 3152 2855 rerum
3206 2791 3546 2862 sapientissi-

1992 2907 2137 2946 mam
2197 2890 2644 2960 compositionem
2707 2904 2772 2944 ac
2832 2887 3274 2958 gubernationem
3333 2884 3545 2952 vitupe—

1991 2993 2150 3039 rant:
2187 2991 2245 3038 ut
2286 2984 2397 3052 jam
2459 2983 2506 3037 si
2542 2981 2664 3050 quis
2710 2980 3046 3035 demonstret
3091 2977 3271 3033 omnia
3327 2975 3462 3030 bene
3495 2982 3547 3026 ct

1994 3077 2304 3132 necessario
2335 3075 2475 3128 facta
2500 3088 2622 3128 esse
2653 3080 2706 3126 et
2741 3071 2853 3126 ﬁeri
2880 3112 2894 3136 ,
2947 3085 3167 3124 necesse
3214 3075 3296 3123 est
3335 3065 3547 3121 excidat

1991 3168 2069 3222 eis
2095 3176 2148 3221 et
2169 3167 2344 3220 avolet
2367 3164 2505 3220 ratio
2537 3163 2795 3218 contrarii
2842 3161 3118 3232 principii.
3143 3160 3276 3215 Cum
3308 3159 3450 3213 enim
3485 3172 3547 3209 ea

1990 3274 2110 3328 qua:
2163 3256 2302 3311 infra
2345 3266 2492 3318 sunt,
2541 3270 2648 3308 non
2686 3254 3102 3316 intellexissent,
3129 3251 3400 3323 quomodo
3455 3251 3548 3303 ha-

1990 3355 2154 3409 beant
2181 3351 2247 3406 de
2276 3351 2342 3404 iis
2365 3365 2484 3420 qua:
2505 3356 2632 3404 sunt
2661 3363 2844 3417 supra,
2871 3355 2998 3402 sunt
3029 3345 3343 3408 commenti,
3376 3359 3550 3412 neque

1993 3443 2361 3515 percepisscnt
2391 3442 2660 3512 quomodo
2691 3457 2754 3496 ea
2799 3455 2917 3511 qua:
2947 3437 3194 3492 videntur
3219 3478 3233 3502 ,
3287 3436 3550 3505 disposita

1991 3537 2122 3600 sint,
2147 3535 2200 3590 id
2230 3535 2374 3606 quod
2406 3549 2513 3588 non
2535 3534 2765 3597 videtur,
2795 3529 3110 3586 calumniati
3143 3534 3310 3594 sunt;
3345 3535 3398 3582 et
3423 3544 3548 3582 cum

1993 3626 2210 3682 studere
2233 3625 2564 3689 viderentur,
2589 3632 2647 3678 ut
2669 3629 3090 3694 cognoscerent,
3143 3617 3270 3688 quia
3320 3631 3427 3670 non
3461 3632 3552 3670 eo-

1991 3725 2322 3792 gneverunt,
2382 3718 2434 3774 in
2480 3716 2737 3789 majorem
2798 3712 3162 3787 ignorantiam
3204 3707 3548 3765 inciderunt:

1993 3812 2191 3867 etenim
2217 3811 2382 3866 veluti
2415 3812 2468 3864 in
2492 3811 2742 3883 tenebris}
2760 3813 3082 3880 quaererent,
3109 3819 3227 3874 qua:
3257 3803 3322 3858 de
3345 3802 3410 3856 iis
3435 3817 3554 3870 qua:

1995 3911 2278 3972 apparent,
2307 3899 2651 3970 ignorabant,
2698 3914 2807 3953 non
2843 3897 3018 3952 solum
3049 3910 3158 3949 non
3191 3893 3550 3952 invenerunt,

1996 3993 2141 4064 quod
2175 4009 2419 4064 quaerere
2471 3992 2835 4056 videbantur;
2898 3987 3028 4058 quin
3090 3985 3270 4057 potius
3317 3981 3552 4051 majores

1996 4087 2317 4157 ignorantia:
2350 4085 2598 4142 tenebras
2644 4082 2748 4138 sibi
2780 4080 3108 4137 adtulerunt.
3158 4076 3265 4132 Nos
3293 4091 3421 4131 vero
3452 4075 3556 4146 pri-

1998 4191 2090 4231 mo
2117 4177 2184 4230 de
2214 4176 2426 4230 duobus
2476 4175 2758 4246 principiis
2798 4171 3120 4233 contrariis,
3157 4183 3276 4240 qua:
3328 4174 3553 4237 ponunt,

1996 4268 2348 4333 disserentes,
2389 4268 2456 4322 ad
2502 4268 2906 4323 conclusionem
2964 4262 3445 4335 argumentationis
3491 4259 3557 4313 de

2000 4358 2257 4414 universo
2284 4359 2602 4414 veniemus:
2638 4371 2759 4414 esse
2803 4358 3010 4413 scilicet
3040 4355 3180 4410 bona
3217 4361 3272 4407 et
3305 4364 3557 4406 necessa-

332 4441 403 4495 τὰ
452 4443 845 4513 ἀναγκαιότερα
891 4442 1294 4514 οίκονομούσης,
1355 4444 1414 4497 οὐ
1473 4444 1578 4514 μὴν
1621 4441 1756 4498 ἀλλά
1802 4443 1888 4496 καὶ

1999 4450 2081 4504 ria
2109 4451 2310 4513 omnia,
2339 4458 2393 4504 et
2429 4449 2519 4503 illa
2551 4450 2803 4509 maxime.
2834 4456 2894 4502 ut
2919 4447 3171 4517 superius
3201 4444 3334 4507 dixi,
3360 4442 3414 4496 in
3438 4457 3557 4512 qua:

333 4533 462 4604 περὶ
492 4531 597 4586 τῶν
631 4532 780 4604 παρά
807 4533 1109 4606 ἀνθρώποις
1153 4535 1519 4606 ἀδικημάτων,
1556 4534 1631 4598 ὡς
1664 4533 1784 4587 οὐδὲ
1809 4534 1898 4588 διά

329 4623 504 4677 ταῦτα
541 4625 780 4696 προσῆκε
827 4625 1022 4689 κακίας
1060 4626 1230 4698 ἀρχὴν
1280 4625 1417 4679 κατά
1464 4625 1598 4680 Θεοῦ
1638 4625 1899 4694 φαντάζε-

335 4714 488 4768 σθαι⁹
523 4716 859 4788 δειχθήσεται
891 4717 997 4790 γάρ
1028 4717 1102 4781 ὡς
1131 4718 1224 4771 καὶ
1271 4716 1441 4770 ταῦτα
1481 4717 1574 4771 τοῦ
1610 4721 1898 4790 πεποιηκό-

332 4823 424 4871 τος
462 4807 608 4878 ήμᾶς
647 4808 896 4878 ἐμφαίνει
943 4809 1042 4881 τὴν
1089 4808 1424 4880 ἀγαθότητω
1470 4810 1561 4862 καὶ
1608 4809 1730 4863 οὕτε
1759 4813 1898 4866 κατὰ

334 4895 586 4968 βούλησιν
630 4899 793 4951 αὐτοῦ
843 4898 975 4970 πρὸς
1021 4896 1316 4970 ἀνθρώπων
1359 4900 1620 4968 γίγνεται,
1667 4897 1786 4957 οὔτε
1833 4898 1896 4952 ἐκ

329 5005 476 5051 τινος
507 4989 683 5053 αἰτίας
720 4990 945 5062 ἢάρχῆς
977 4989 1096 5044 καθ’
1135 4990 1289 5062 ἡμῶν
1321 4992 1561 5063 φέρεται.

1999 4545 2294 4597 maximum
2324 4543 2580 4613 impetum
2613 4551 2666 4596 et
2687 4543 2968 4596 incursum
2996 4539 3220 4604 faciunt,
3252 4535 3409 4607 quasi
3439 4549 3557 4587 om-

1997 4635 2148 4688 nium
2181 4649 2443 4689 concessu
2476 4633 2615 4689 mala
2649 4633 2784 4698 sint;
2817 4639 3070 4700 praeterea
3108 4630 3266 4684 etiam
3314 4624 3554 4679 omnium

1999 4740 2180 4780 rerum
2215 4725 2683 4795 gubernationem,
2720 4733 2882 4792 atque
2922 4722 3012 4775 illa
3053 4720 3107 4774 in
3130 4719 3328 4789 quibus
3351 4713 3558 4771 severi-

2001 4823 2166 4872 tatem
2201 4815 2584 4886 providentiaz,
2641 4830 2786 4884 qua,
2846 4829 2965 4884 qua:
3018 4810 3191 4880 magis
3250 4804 3558 4862 necessaria

2003 4913 2152 4968 sunt,
2189 4918 2568 4976 procurantur,
2601 4906 2943 4976 improbant;
2985 4911 3037 4957 et
3083 4917 3188 4955 non
3220 4899 3393 4954 solum
3418 4895 3553 4957 haec,

2000 4996 2095 5052 sed
2111 4998 2178 5052 de
2197 4999 2261 5053 iis
2283 4999 2575 5070 etiamquai
2596 4999 2737 5069 apud
2773 4997 3018 5051 homines
3046 4993 3245 5063 injuste
3275 4988 3429 5052 ﬁunt,
3463 5001 3557 5040 ne-

336 5097 442 5150 que
468 5084 827 5170 propterohzec
854 5084 1172 5154 principium
1200 5086 1324 5138 mali
1355 5095 1542 5141 contra
1572 5085 1740 5141 Deum
1779 5096 2029 5157 oportere
2066 5092 2303 5161 cogitare
2330 5111 2342 5146 :
2379 5093 2696 5148 docebimus
2723 5093 2865 5147 enim
2916 5092 3029 5145 haec
3059 5089 3218 5143 etiam
3261 5085 3554 5140 bonitatem

339 5172 431 5228 Dei
469 5175 562 5245 qui
593 5191 693 5231 nos
727 5174 879 5242 fecit,
918 5176 1226 5242 declarare;
1276 5188 1328 5231 et
1362 5193 1534 5248 neque
1563 5179 1631 5234 ab
1656 5179 1964 5236 hominibus
2005 5183 2116 5238 fieri
2145 5185 2442 5242 secundum
2495 5188 2824 5241 voluntatem
2867 5183 2998 5249 Dei,
3045 5197 3142 5237 nec
3176 5196 3241 5236 ex
3291 5175 3556 5249 principio

337 5269 592 5338 quopiam
623 5271 902 5324 contrario
930 5271 982 5325 in
1017 5285 1114 5324 nos
1141 5269 1292 5326 ferri.

1417 5364 1545 5418 Car.
1587 5361 1650 5416 V.
1683 5365 1763 5419 .In
1794 5364 1896 5418 duo
1933 5363 2188 5433 principia
2223 5362 2480 5432 opposita.

405 5481 702 5548 Τοιγαροῦν
745 5481 927 5535 λοιπὸν
979 5485 1069 5536 ἐπὶ
1114 5483 1210 5554 τὴν
1260 5483 1429 5554 ἀρχὴν
1473 5484 1570 5552 τῆς
1623 5483 1895 5554 μυθώδους

335 5569 587 5633 ἀσεϐείας
623 5572 797 5624 αὐτῶν
839 5573 1097 5644 ἔλθωμεν,
1148 5575 1518 5641 ἐξετάζοντες,
1568 5579 1613 5629 εί
1667 5578 1897 5650 παραδέ-

405 5682 484 5752 (2)
513 5679 676 5749 Erliti,
707 5683 846 5739 εὖτε.
882 5685 1038 5739 Ευιτ.

2073 5484 2241 5555 Igitur
2289 5481 2662 5554 aggrediamur
2696 5481 2950 5550 deinceps
2989 5479 3055 5534 ad
3099 5478 3417 5548 principium
3457 5478 3560 5531 ima

2004 5576 2218 5646 pietatis
2249 5575 2462 5632 illorum
2484 5573 2897 5639 commentitiaa,
2953 5573 3324 5644 inquirentes,
3379 5575 3558 5625 utrum
