3968 6914
507 330 644 390 1σῖ5

1633 333 1772 389 TITI
1814 336 2244 392 BOSTRENSIS
2276 337 2587 394 EPISCOPI
3601 335 3733 390 1076

505 453 761 512 notiones
788 451 1061 508 naturales
1089 454 1199 509 duo
1246 455 1522 523 contraria
1565 455 1835 526 principia
1889 467 2074 514 rerum

2179 478 2360 531 χονται
2412 461 2540 528 γοῦν
2581 461 2636 513 αἱ
2670 457 2810 529 atat}
2841 457 2997 527 φύσιν
3025 458 3222 511 ἔννοιαι
3245 455 3337 508 δύο
3365 455 3466 524 (2‘)
3499 457 3740 518 ἐναντίας

505 546 829 600 admittant:
860 544 907 598 si
961 545 1103 599 enim
1150 561 1217 600 ne
1265 547 1664 601 consentientia
1705 549 1924 616 quidem
1980 551 2076 604 ad-

503 638 749 701 mittunt,
778 637 951 690 multo
984 641 1167 692 minus
1215 641 1535 708 pugnantia.
1593 640 1853 694 Scribens’
1907 641 2075 710 igitur

502 729 594 783 ille
626 728 745 798 ipse
774 728 964 785 furens
990 731 1320 787 Manichacus
1345 772 1360 796 ,
1414 732 1614 801 ubique
1655 732 1844 802 incipit
1871 750 1883 784 :
1940 731 2074 785 Erat

501 818 645 874 Deus
702 834 752 875 et
787 824 1047 890 materia,
1101 825 1312 888 lumen,
1355 833 1404 878 et
1450 824 1703 886 tenebraz,
1763 823 1954 878 bonum
2022 833 2072 878 et

500 913 720 974 malum,
747 915 801 967 in
840 917 1080 971 omnibus
1133 933 1334 971 summe
1377 918 1684 976 contraria;
1727 927 1784 971 ut
1826 917 1880 971 in
1919 918 2069 971 nulla

499 1015 560 1054 re
588 1002 816 1056 alterum
841 1019 964 1058 cum
1001 1007 1171 1061 altero
1200 1007 1638 1062 communionem
1669 1015 1723 1059 ct
1749 1006 2066 1062 societatem

499 1091 744 1155 haberet,
778 1097 938 1149 ambo
969 1097 1209 1166 ingenita
1250 1107 1304 1153 et
1337 1099 1604 1153 viventia:
1643 1099 1806 1168 igitur
1833 1106 1926 1152 aut
1953 1100 2067 1154 dis-

492 1183 723 1253 jungent
756 1201 854 1250 se;
884 1195 978 1240 aut
1004 1189 1049 1242 si
1082 1189 1284 1244 fuerint
1310 1190 1501 1253 simul,
1548 1191 1720 1242 amica
1755 1197 1807 1244 et
1859 1205 2065 1259 nequa-

497 1289 662 1342 quam
709 1277 982 1330 contraria
1037 1294 1160 1334 esse
1209 1283 1510 1350 apparebit.
1566 1284 1635 1337 At
1683 1293 1831 1353 patet
1882 1285 2065 1356 dicere

494 1379 641 1426 eum,
678 1366 926 1434 sejuncta
961 1384 1082 1424 esse
1120 1370 1254 1426 hac.
1293 1369 1462 1442 Igitur
1491 1382 1784 1445 utrumque
1817 1391 1940 1430 cum
1984 1377 2064 1430 al-

496 1463 612 1507 tero
647 1455 855 1510 ﬁnitum
883 1465 938 1511 et
963 1459 1312 1515 terminatum
1337 1462 1442 1516 erit
1476 1464 1778 1520 secundum
1803 1466 2062 1520 substan-

493 1544 646 1604 tiam,
677 1555 732 1600 et
764 1554 1019 1601 neutrum
1066 1549 1598 1623 incircumscriptum
1655 1564 1709 1608 et
1744 1556 2014 1611 inﬁnitum
2043 1575 2057 1611 :

492 1635 944 1694 circumscribere
997 1648 1177 1696 autem
1240 1641 1408 1698 Deum
1461 1647 1758 1702 secundum
1807 1649 2062 1705 substan-

494 1726 662 1788 tiam,
706 1735 758 1781 et
795 1746 899 1782 nou
933 1746 1096 1786 nosse
1153 1742 1207 1788 et
1255 1735 1498 1790 conﬁteri
1553 1737 1826 1792 inﬁnitum
1892 1755 2056 1805 esse,

2177 551 2350 621 ἀρχὰς
2396 549 2504 602 τῶν
2543 549 2743 601 ὄντων·
2783 550 2832 600 εἱ
2865 547 2971 618 γὰρ
3014 547 3146 616 μηδὲ
3207 544 3605 616 συμφωνούσας
3661 545 3742 596 δέ-

2177 643 2344 706 ξαιντ’
2361 643 2438 712 (5)
2457 641 2542 704 ἂν,
2562 635 2599 711 ἦ
2618 639 2718 692 πού
2736 656 2799 707 γε
2824 637 3147 709 μαχομένας.
3168 637 3395 708 Γράφων
3412 635 3590 688 τοίνυν
3607 637 3743 687 ἐκεῖ·

2172 749 2260 795 νος
2282 731 2461 795 αὐτὸς,
2490 732 2519 783 ό
2544 727 2900 799 χαλεπώτατα
2935 727 3142 798 μανεὶς,
3179 725 3405 795 ἄρχεται
3435 723 3740 793 παιινταχοῦ⁸

2169 818 2282 876 Ἦν
2313 822 2475 888 Θεὸς,
2530 820 2630 874 καὶ
2676 820 2793 886 ὕλη
2819 836 2832 848 ·
2891 817 3035 888 φῶς,
3066 817 3163 870 καὶ
3205 817 3452 881 σκότος’
3491 816 3742 884 ἀγαθὸν,

2169 915 2268 969 καὶ
2322 915 2542 967 κακόν·
2591 914 2664 967 ἐν
2715 912 2839 978 τοῖς
2884 909 3072 966 πᾶσιν
3107 910 3298 978 ἄκρως
3337 911 3620 971 ἐναντία,
3668 911 3742 974 ὡς

2170 1003 2311 1058 κατὰ
2347 1004 2510 1075 μηδὲν
2547 1003 2912 1055 ἐπικοινωνεῖν
2949 999 3172 1070 θάτερον
3199 998 3427 1070 θατέρῳ,
3470 996 3743 1067 ἀγέννητά

2165 1113 2224 1148 τε
2258 1097 2348 1149 καὶ
2370 1095 2544 1160 ζῶντα
2572 1094 2764 1164 ἄμφω·
2807 1091 3000 1146 οῦκοῦν
3027 1090 3060 1161 ἢ
3087 1091 3307 1162 χωρίσει
3343 1107 3405 1158 γε
3433 1088 3608 1142 ταῦτα
3646 1089 3742 1141 ἀπ’

2167 1186 2438 1258 ἀλλήλων,
2485 1186 2518 1257 ἢ
2569 1186 2664 1239 σὺν
2710 1183 2955 1254 ἀλλήλοις
2999 1183 3129 1236 ὅντα
3182 1181 3308 1250 φίλα
3349 1183 3440 1234 καὶ
3484 1179 3744 1249 οὐδαμῶς

2164 1278 2383 1332 ἐναντία
2415 1277 2731 1348 φανήσεται.
2779 1274 2934 1328 Ἀλλὰ
2956 1274 3132 1344 δῆλον,
3149 1276 3230 1327 ὅτι
3253 1275 3418 1344 χωρὶς
3445 1274 3540 1325 ἀπ’
3568 1271 3742 1341 ἀλλή-

2165 1369 2271 1422 λων
2313 1369 2406 1422 καὶ
2454 1368 2613 1430 αὐτὸς
2656 1365 2827 1419 ταῦτα
2869 1365 3008 1419 εἷναί
3055 1383 3246 1436 φησιν’
3275 1365 3360 1436 ἄρ’
3396 1361 3487 1418 οὖν
3522 1380 3744 1434 συμπε-

2164 1461 2501 1534 περασμένον
2528 1460 2785 1530 ἑκάτερον
2819 1457 3028 1528 θατέρῳ
3067 1458 3163 1529 τὴν
3197 1458 3380 1510 οὐσίαν
3423 1457 3602 1520 ἔσται,
3636 1467 3745 1509 κατ

2161 1553 2443 1624 οὐδέτερον
2472 1551 2849 1621 άπεριόριστον
2870 1568 2883 1580 ·
2936 1549 3261 1622 περιορίζειν
3305 1550 3360 1603 δὲ
3402 1550 3522 1603 κατ’
3546 1550 3740 1602 οὐσίαν

2162 1645 2254 1697 τὸν
2285 1644 2437 1710 Θεὸν,
2484 1645 2576 1697 καὶ
2621 1644 2695 1716 μὴ
2743 1645 3044 1714 ἀπέραντον
3080 1642 3272 1696 εἰδέναι
3315 1659 3373 1694 τε
3422 1642 3515 1694 καὶ
3547 1643 3747 1710 ὁμολο-

2163 1738 2300 1804 γεῖν,
2334 1737 2450 1798 πῶς
2481 1737 2540 1788 οὐ
2572 1735 2689 1789 λίαν
2717 1734 2944 1798 ἀσεϐές
2979 1734 3138 1786 ὁπότε
3167 1735 3225 1785 οὑ
3285 1734 3441 1802 μόνον
3487 1735 3742 1804 περιορί-

491 1820 764 1886 ql‘lomodo
794 1836 902 1875 non
935 1830 1018 1879 est
1061 1823 1352 1879 admodum
1395 1827 1656 1898 impium?
1709 1829 2063 1903 Quandoqui-

2167 1828 2350 1892 ζεσθαι
2403 1825 2541 1892 δόξει
2588 1825 2684 1897 τὴν
2728 1824 2914 1878 οὑσίαν
2953 1825 3045 1876 καὶ
3097 1823 3546 1893 περιγράφεσθαι,
3597 1823 3744 1876 ἀλλὰ

491 1911 612 1964 dem
651 1927 755 1966 non
789 1915 962 1968 solum
989 1917 1368 1972 circumscribi
1409 1927 1462 1974 et
1493 1922 1774 1976 terminari
1807 1923 2034 1978 substan

489 2003 562 2054 tia
599 2002 687 2056 Dei
718 2005 1009 2070 videbitur,
1049 2009 1141 2063 sed
1175 2025 1202 2061 a
1238 2010 1399 2074 malo,
1430 2019 1488 2064 ut
1522 2012 1614 2067 ille
1647 2013 1741 2073 ait,
1772 2013 1876 2068 hoc
1917 2015 2062 2069 acci-

490 2109 634 2160 pere.
671 2092 824 2160 Quod
855 2098 1069 2166 quidem
1103 2110 1254 2155 extra
1289 2118 1610 2158 communes
1640 2105 1895 2160 notiones
1935 2115 2019 2162 est
2041 2149 2057 2173 ,

488 2194 607 2246 qum
631 2182 794 2235 menti
827 2195 1141 2254 suggerunt,
1178 2199 1235 2242 ut
1269 2206 1392 2245 eum
1425 2192 1624 2262 ubique
1662 2208 1783 2250 esse
1826 2204 2057 2262 noscat,

486 2279 540 2322 et
570 2279 762 2325 natura
796 2274 1334 2347 incomprehensum.

2165 1920 2256 1972 καὶ
2305 1916 2442 1988 πρὸς
2472 1917 2569 1986 τῆς
2610 1916 2827 1978 κακίας,
2873 1914 2948 1976 ὡς
2991 1913 3196 1975 ἐκεῖνός
3239 1929 3391 1982 φησι,
3428 1912 3586 1964 τοῦτο
3625 1913 3738 1965 πά-

2157 2027 2329 2085 σχειν.
2350 2009 2526 2078 Ὅπερ
2553 2005 2763 2077 πρῶτον
2805 2005 2902 2075 μὲν
2947 2003 3056 2056 τῶν
3095 2003 3281 2056 κοινῶν
3310 2003 3527 2056 ἐννοιῶν
3553 2002 3738 2064 ἐκτὸς,

2154 2102 2365 2163 αἵτινες
2394 2097 2781 2152 ὑποϐάλλουσιν
2814 2098 2974 2150 αὑτὸν
3027 2097 3308 2165 γινώσκειν
3344 2091 3483 2148 εἷναί
3511 2111 3568 2146 τε
3600 2111 3739 2147 παν-

2161 2191 2351 2262 ταχοῦ,
2382 2191 2476 2243 καὶ
2505 2189 2870 2262 ἀπερίληπτον
2897 2189 3158 2260 ὑπάρχειν
3183 2187 3279 2258 τὴν
3307 2187 3488 2255 φύσιν.

1361 2403 1488 2459 CAP.
1533 2405 1625 2462 Vl.
1652 2407 1793 2462 Deus
1815 2409 2102 2463 secundum
2131 2407 2330 2476 placita
2361 2403 2697 2457 Nanichaica
2723 2403 2923 2470 ﬁnitus.

558 2485 825 2544 Praeterea
851 2493 1035 2556 etiam,
1069 2497 1116 2550 si
1149 2496 1261 2550 haec
1286 2501 1596 2554 necessario
1622 2515 1652 2554 a
1675 2516 1734 2556 se
1761 2501 2049 2568 dissident,

485 2593 591 2632 non
622 2582 797 2636 solum
828 2584 992 2650 Deus,
1023 2587 1276 2656 opinione
1299 2590 1446 2645 illius
1479 2591 1690 2657 insana,
1710 2602 1916 2646 natura:
1944 2593 2052 2646 cir-

483 2663 828 2743 cumscriptae
871 2693 994 2731 esse
1047 2679 1356 2744 videbitur,
1414 2683 1509 2737 sed
1564 2683 1618 2736 in
1671 2684 1882 2753 privato
1931 2684 2051 2739 loco

2232 2499 2352 2550 Ἔτι
2391 2497 2487 2567 μὲν
2517 2497 2565 2548 εἰ
2612 2493 2783 2548 ταῦτα
2818 2493 3096 2564 διέστηκεν
3134 2491 3439 2560 ἀναγκαίως
3461 2491 3735 2562 ἀλλήλων,

2156 2592 2216 2645 οὑ
2247 2591 2406 2660 μόνον
2445 2587 2582 2640 θεοῦ
2633 2588 2773 2641 κατὰ
2810 2586 2907 2658 τὴν
2950 2587 3156 2640 ἐκείνου
3201 2584 3394 2654 μανίαν
3442 2584 3585 2649 δόξει
3637 2588 3738 2656 τὴν

2157 2683 2317 2751 φύσιν
2350 2678 2774 2751 περιορίςεσθαι,
2807 2675 2942 2730 ἀλλὰ
2977 2677 3072 2731 καὶ
3112 2677 3169 2729 ἐν
3207 2677 3319 2746 ἰδίῳ
3353 2677 3506 2747 τόπῳ
3533 2681 3738 2750 τυγχά-

481 2781 623 2828 esse,
655 2773 708 2818 et
737 2767 975 2822 residere
1005 2785 1171 2840 prope
1199 2773 1560 2827 contrarium.
1597 2774 1727 2840 Qua:
1748 2776 1894 2829 enim
1931 2791 1960 2829 a
1991 2792 2049 2832 se

2158 2779 2286 2838 νειν,
2323 2773 2415 2828 καὶ
2461 2773 2786 2842 καταμένειν
2830 2767 3220 2841 παραπλησίως
3259 2767 3335 2838 τῷ
3365 2770 3612 2840 ἐναντίῳ.
3651 2770 3738 2824 Τὰ

480 2861 670 2907 mutuo
695 2864 972 2919 arcentur,
1009 2861 1246 2929 propriis
1284 2871 1337 2916 et
1375 2863 1601 2932 privatis
1648 2865 1784 2920 locis
1812 2865 2049 2920 circum-

481 2945 749 3000 scribunt.
777 2946 1110 3005 Excutienda
1135 2953 1299 3022 igitur
1319 2962 1448 3008 sunt
1481 2955 1616 3018 haec,
1650 2957 1695 3010 si
1727 2957 1889 3012 ambo
1917 2972 2050 3012 con-

480 3039 648 3093 traria
694 3049 951 3111 tanquam
1012 3044 1250 3114 ingenita
1299 3048 1609 3117 antiquiora
1661 3049 1795 3104 locis
1849 3058 2044 3115 erant,

2157 2869 2264 2938 γὰρ
2307 2869 2396 2919 ὑπ’
2441 2865 2683 2934 ἀλλήλων
2736 2863 3045 2933 εῖργόμενα,
3093 2863 3274 2925 τόποις
3333 2861 3483 2925 ίδίοις
3529 2863 3736 2935 δηλαδὴ

2157 2959 2569 3030 περιγράφεται.
2603 2957 2786 3008 Ἔστιν
2811 2950 2907 3007 οῦν.
2935 2954 3266 3019 ἐξεταστέον,
3295 2957 3344 3006 εί
3372 2954 3471 3024 μὲν
3499 2954 3738 3024 πρεσϐύ-

2155 3071 2287 3126 τερα
2315 3053 2421 3106 τῶν
2452 3052 2632 3105 τόπων
2674 3051 2838 3120 ἄμφω
2883 3047 2953 3100 τὰ
3001 3046 3213 3100 ἐναντία
3251 3045 3325 3108 ὡς
3372 3044 3636 3115 ἀγένητα,
3663 3041 3736 3115 ἦν

478 3129 772 3199 aliquando
809 3148 1004 3189 rursus
1038 3137 1191 3204 prius
1221 3147 1381 3191 erant
1409 3140 1772 3195 communiter
1798 3156 1827 3194 a
1873 3158 2051 3211 pugna
2079 3165 2080 3180 ι

2154 3148 2239 3200 ὅτε
2266 3146 2426 3198 πάλιν
2460 3143 2721 3215 πρότερον
2758 3139 3013 3211 ἐτύγχανε
3047 3140 3197 3208 κοινῇ
3223 3138 3322 3206 τῆς
3357 3139 3737 3207 ἐναντιότητος

479 3219 622 3273 inter
673 3236 734 3275 se
779 3221 968 3277 libera.
1034 3223 1130 3279 Sin
1187 3241 1318 3280 vero
1373 3227 1668 3296 disjunctio
1732 3230 2050 3285 substantia:

474 3313 763 3383 utriusque
810 3315 971 3370 simul
1001 3332 1066 3372 ex
1099 3320 1401 3375 aeternitate
1451 3319 1573 3384 fuit,
1607 3322 1885 3392 antiquior
1930 3331 2048 3378 erat

473 3405 632 3460 locus
665 3407 989 3463 substantiae
1013 3411 1318 3482 utriusque,
1354 3413 1436 3468 vel
1476 3415 1636 3468 simul
1663 3430 1786 3469 cum
1821 3415 1930 3470 illis
1960 3415 2047 3469 in-

473 3496 712 3565 genitus.
749 3497 803 3550 Si
832 3507 1016 3554 autem
1057 3503 1354 3574 antiquior,
1380 3512 1439 3558 ut
1476 3506 1587 3575 jam
1625 3508 1786 3561 ambo
1833 3508 2050 3563 videan-

474 3595 566 3639 tur
596 3589 881 3658 utriusque
913 3592 1014 3645 loci
1045 3594 1392 3665 propagines,
1428 3611 1537 3650 non
1566 3606 1694 3652 sunt
1733 3597 1847 3653 hazc
1876 3593 2049 3670 'iuge—

473 3678 609 3741 uita,
631 3696 730 3734 nec
750 3690 950 3739 aeterna
979 3703 992 3738 :
1027 3686 1172 3754 quod
1197 3687 1415 3755 quidem
1452 3689 1590 3743 locis
1621 3705 1686 3744 ex
1714 3691 1912 3760 quibus
1932 3691 2047 3746 haec

471 3771 820 3835 exstiterunt,
857 3775 1129 3830 videbitur
1162 3778 1362 3835 inesse.
1410 3778 1467 3834 Si
1509 3795 1639 3836 vero
1666 3781 1817 3837 locus
1869 3789 1951 3837 est
1980 3783 2050 3837 si-

471 3862 585 3916 mul
615 3879 744 3918 cum
775 3865 883 3921 illis
924 3867 1232 3937 ingenitus,
1267 3879 1427 3926 erant
1476 3873 1630 3943 plura
1666 3874 1938 3946 ingenita,
1991 3884 2045 3932 et

471 3969 581 4008 non
609 3955 720 4024 jam
781 3959 932 4012 duo:
989 3976 1212 4017 necesse
1255 3965 1399 4018 enim
1431 3973 1536 4031 est,
1571 3975 1630 4020 ut
1661 3968 1764 4020 alia
1814 3971 1924 4023 sint
1951 3969 2043 4022 illa

471 4043 591 4099 loca
619 4057 814 4117 prmter
842 4048 954 4104 haec
983 4067 1103 4120 qua:
1131 4051 1186 4106 in
1229 4052 1338 4109 illis
1381 4064 1530 4120 sunt,
1567 4059 1686 4112 sine
1715 4059 1914 4128 quibus
1944 4075 2042 4116 nec

469 4152 592 4194 esse
621 4149 871 4209 possunt.
988 4175 993 4180 -

2153 3237 2566 3310 ἀπηλλαγμένα.
2605 3236 2666 3288 Et
2699 3234 2757 3286 δὲ
2791 3231 3054 3294 ωναῖδιος
3095 3231 3352 3301 ἐκατέρου
3396 3230 3497 3300 τῆς
3541 3231 3736 3294 οὐσίαις

2151 3327 2515 3399 ὁχωρισμὸς,
2563 3323 2984 3397 προγενέστερος
3032 3322 3288 3390 ἐκατέρου
3334 3321 3435 3390 τῆς
3479 3322 3665 3385 οὐσίας
3699 3324 3734 3374 ὁ

2148 3421 2328 3483 τόπος,
2365 3419 2397 3490 ἢ
2431 3418 2836 3486 συναγέννητος.
2892 3414 3028 3466 Ἀλλ’
3079 3415 3125 3465 εί
3154 3413 3250 3483 μὲν
3281 3413 3727 3485 προγενέστερος,

2149 3512 2224 3575 ὡς
2249 3511 2510 3581 ἐκατέρου
2554 3510 2716 3562 τόπου
2749 3508 3032 3578 βλάστημα
3063 3507 3235 3558 δοκεῖν
3269 3501 3409 3558 εἶναι
3443 3507 3725 3576 ἑκάτερον,

2148 3602 2259 3655 οὔτ’
2291 3603 2559 3671 ἀγέννητα
2588 3599 2776 3663 ταῦτα,
2811 3599 2933 3653 οὔτε
2977 3599 3146 3652 ἀΐδιαο
3176 3599 3310 3669 ὅπερ
3337 3598 3603 3668 ὑπάρχειν
3636 3599 3727 3651 δό-

2150 3693 2228 3759 ξει
2272 3697 2381 3757 τοῖς
2430 3694 2613 3755 τόποις
2675 3692 2736 3756 ἐξ
2782 3685 2858 3745 ὧν
2903 3691 3106 3745 ταῦτα’
3148 3691 3196 3743 εἰ
3251 3691 3306 3744 δὲ
3364 3691 3726 3761 συναγένητος

2147 3785 2320 3851 ἔσται,
2351 3785 2541 3848 πλείω,
2567 3787 2660 3840 καὶ
2685 3785 2865 3838 οὐκέτι
2889 3785 2981 3838 δύο
3009 3786 3075 3838 τὰ
3099 3785 3354 3853 ἀγένητα·
3379 3785 3591 3852 ἀνάγκη
3615 3784 3725 3854 γὰρ

2148 3877 2310 3948 ἕτερα
2365 3876 2650 3946 τυγχάνειν
2705 3877 2886 3928 ἐκεῖνα
2939 3875 3087 3944 παρὰ
3138 3873 3331 3937 ταῦτα,
3382 3875 3440 3926 ὲν
3484 3869 3563 3937 οἷς
3604 3876 3726 3929 ἐστι

2148 3967 2338 4034 ταῦτα,
2370 3959 2444 4021 ὧν
2479 3966 2606 4021 ἄνευ
2638 3967 2758 4022 οὐδὲ
2789 3961 2924 4020 εἶναι
2957 3965 3258 4036 δυνήσεται.
3368 3972 3371 3973 ⁷

1332 4237 1462 4293 CAP.
1494 4237 1606 4295 VII.
1637 4239 1880 4310 Spatium
1911 4243 2048 4297 inter
2073 4243 2179 4298 duo
2217 4239 2481 4312 principia
2519 4242 2834 4312 quodnam?

538 4326 619 4379 Ad
646 4325 760 4381 haac
791 4328 1120 4396 poscendum
1150 4339 1234 4384 est
1273 4333 1342 4386 ab
1387 4332 1509 4388 istis
1536 4334 1938 4403 intermedium,
1980 4347 2034 4392 et
2069 4366 2080 4422 1

2210 4341 2354 4413 Πρὸς
2387 4340 2445 4393 δὲ
2469 4339 2679 4402 τούτοις
2713 4338 2805 4390 καὶ
2849 4335 3096 4407 μεθόριον
3125 4333 3441 4405 ἀμφοτέρων
3472 4332 3711 4402 ἀπαιτη-

465 4419 714 4489 utrisque
773 4419 1149 4489 intcrjectum,
1207 4423 1352 4493 quod
1401 4425 1628 4481 alterius
1675 4442 1796 4480 cum
1861 4429 2034 4484 altero

465 4511 911 4566 communitatem
937 4521 1118 4568 arceat
1145 4522 1198 4568 et
1224 4515 1527 4584 prohibeat,
1557 4534 1626 4573 ne
1645 4517 1846 4575 ﬁnibus
1894 4520 2034 4575 inter

465 4617 525 4656 se
557 4603 864 4669 commista,
895 4618 1087 4660 rursus
1127 4606 1390 4661 rationem
1437 4623 1501 4661 ac
1535 4616 1786 4664 naturam
1817 4621 2034 4665 contra-

462 4693 671 4748 riorum
705 4695 915 4753 tollant.
962 4697 1101 4763 Quid
1129 4697 1295 4768 igitur
1328 4699 1433 4753 erit
1485 4699 1653 4766 istud,
1689 4704 1835 4771 quod
1871 4703 2031 4757 ambo

462 4785 556 4839 illa
578 4785 941 4853 disterminet,
972 4796 1026 4842 et
1072 4788 1430 4861 intersepiat?
1485 4808 1623 4862 opus
1675 4793 1817 4847 enim
1869 4795 2032 4850 habet

461 4875 605 4946 apud
629 4876 762 4932 istos
781 4877 1066 4946 cujusdam
1096 4879 1242 4934 tertii
1281 4889 1647 4936 commentum
1680 4881 1896 4937 fabulae.
1944 4884 2025 4938 An

461 4967 654 5022 dicturi
682 4975 810 5023 sunt
835 4968 1012 5032 nobis,
1039 4984 1163 5024 esse
1192 4985 1407 5025 murum
1444 4971 1852 5027 adamantinum
1871 5015 1886 5037 ,
1935 4983 2029 5029 aut

459 5059 602 5114 aliud
627 5059 753 5130 quid
786 5059 1055 5114 delirum?
1086 5058 1382 5131 Cujusnam
1404 5079 1550 5118 vero.
1561 5064 1898 5135 providentia
1924 5065 2027 5119 hoc

457 5152 721 5221 quidquid
752 5153 846 5219 sit,
880 5152 1235 5222 interseptum
1280 5169 1403 5209 esse
1441 5154 1666 5210 dicent?
1700 5156 2027 5226 utricunque

457 5243 599 5297 enim
643 5245 1042 5298 contrariorum
1087 5244 1191 5298 hoc
1227 5245 1510 5316 assignare
1544 5246 1712 5300 velint
1761 5256 2019 5319 tanquam

457 5347 639 5404 postea
693 5337 1036 5402 immissum,
1087 5353 1196 5393 non
1255 5338 1527 5408 reperient
1577 5339 1777 5393 exitum
1821 5341 1877 5396 in
1918 5341 2022 5396 hac

456 5440 646 5495 causa,
675 5446 850 5501 neque
905 5447 964 5487 se
1003 5431 1130 5486 hinc
1169 5431 1480 5501 expedient.
1533 5430 1808 5487 Revocata
1871 5435 2018 5488 enim

526 5585 628 5650 ,2⁸)
657 5587 792 5641 Δύο.
828 5587 886 5642 1η
911 5589 1034 5642 cod.
1073 5597 1324 5658 msterat
1343 5588 1445 5651 διό,
1468 5589 1620 5642 nullo
1645 5589 1800 5658 plane
1825 5605 1989 5644 sensu
2013 5607 2026 5654 ;

455 5656 686 5729 ideoque
718 5658 846 5710 illud
876 5660 1134 5729 omiserat
1159 5657 1495 5729 Turrianus;
1524 5656 1866 5729 reposuimus
1895 5661 2023 5727 660;

455 5729 563 5783 duo
596 5727 794 5799 quippe
827 5727 1078 5781 tuebatur
1117 5728 1381 5797 principia
1416 5727 1618 5785 Manes.
1651 5729 1810 5784 BASN.

2137 4432 2278 4495 τέον,
2317 4432 2549 4503 διεῖργον
2579 4431 2671 4484 καὶ
2703 4427 2999 4482 διακωλῦον
3041 4426 3286 4497 ἐκατέρῳ
3316 4427 3413 4495 τὴν
3445 4424 3577 4495 πρὸς
3615 4423 3715 4478 θά-

2134 4538 2292 4592 τερον
2334 4520 2635 4585 κοινωνίαν,
2676 4520 2761 4572 ἵνα
2811 4519 2904 4590 μὴ,
2944 4517 3030 4571 διὰ
3073 4515 3179 4569 τῶν
3227 4515 3512 4586 τερμάτων
3557 4509 3714 4578 αὖθις

2135 4612 2382 4683 ἀλλήλοις
2425 4611 2892 4682 καταμιγνύμενα,
2939 4609 3028 4663 τὸν
3071 4610 3169 4679 τῆς
3196 4607 3568 4675 ἐναντιότητος
3598 4605 3712 4658 δια-

2136 4705 2333 4777 φθείρῃ
2369 4706 2546 4773 λόγον.
2597 4705 2662 4756 Τί
2713 4704 2890 4756 τοίνυν
2930 4703 3079 4754 ἔσται
3123 4700 3182 4752 τὸ
3234 4699 3560 4770 διαφράττον
3615 4699 3709 4749 καὶ

2133 4796 2366 4868 διεῖργον
2395 4798 2558 4866 ἄμφω
2582 4813 2596 4861 ;
2638 4795 2818 4867 τρίτου
2853 4795 2960 4864 γάρ
2983 4809 3126 4855 τινος
3165 4792 3284 4843 κατ’
3308 4791 3498 4842 οὐσίαν
3522 4789 3708 4858 χρείαν

2129 4887 2240 4956 ἔχει
2292 4888 2422 4959 παρ’
2464 4887 2646 4950 αὐτοῖς
2692 4885 2790 4954 τῆς
2841 4883 3158 4954 μυθολογίας
3199 4881 3260 4933 τὺ
3316 4879 3555 4949 πλάσμα.
3579 4875 3711 4947 'Ap‘

2127 4974 2220 5032 οῦν
2247 4978 2306 5031 τὸ
2334 4977 2685 5050 ἀδαμάντινον
2733 4979 2907 5044 τεῖχος
2935 4974 3146 5042 ἐροῦσιν
3174 4975 3323 5043 ἡμῖν.
3354 4973 3387 5042 ἦ
3427 4989 3478 5024 τι
3499 4971 3697 5038 ἕτερον,

2127 5068 2529 5138 παραπαίοντες
2559 5083 2573 5129 ;
2613 5065 2689 5136 Τῇ
2727 5066 2868 5128 τίνος
2897 5063 2952 5116 δὲ
2986 5063 3208 5134 προνοίᾳ
3240 5060 3384 5113 τοῦθ’
3410 5061 3440 5112 ὅ
3461 5075 3584 5112 ποτε
3601 5058 3701 5126 (3’)

2129 5158 2357 5227 φήσουσι
2393 5155 2820 5229 παρεγκεῖσθαι;
2865 5153 3136 5225 Ὀποτέρῳ
3165 5152 3274 5224 γὰρ
3310 5151 3418 5204 τῶν
3451 5149 3707 5204 ἐναντίων

2131 5248 2435 5318 βουληθεῖεν
2463 5247 2740 5302 ἀναθεῖναι
2765 5247 2938 5310 τοῦτο,
2971 5246 3047 5310 ὡς
3070 5244 3291 5316 ὕστερόν
3337 5259 3466 5294 ποτε
3493 5258 3630 5312 παρε
3639 5259 3707 5310 μ-

2128 5341 2341 5412 ϐληθὲν,
2375 5341 2581 5413 ἄπορος
2605 5342 2790 5404 αὑτοῖς
2816 5342 2848 5410 ὴ
2887 5338 3138 5400 ὑπόθεσις
3163 5336 3535 5407 εὑρεθήσεται.
3561 5334 3703 5403 Πρὸς

2127 5435 2235 5506 γὰρ
2263 5435 2323 5487 τὸ
2355 5434 2706 5506 ἀρχαιότερον
2752 5431 2958 5495 ἀναῦὰς
2994 5434 3022 5484 ὁ
3067 5431 3220 5497 λόγος
3259 5424 3414 5490 αὖθις
3462 5427 3704 5497 φωράσιι

2209 5591 2284 5660 (⁸5)
2307 5589 2488 5661 νυιςη
2511 5589 2760 5655 δόξαιντ’.
2789 5589 2948 5644 Ευιτ.

2202 5651 2302 5732 (5³)
2331 5651 2515 5726 Forte,
2547 5651 2703 5715 τοῦτό
2737 5678 2886 5727 ποτε,
2913 5660 2994 5716 vel
3030 5656 3194 5722 τοῦθ’,
3224 5658 3252 5709 ὅ
3286 5655 3339 5708 τί
3363 5670 3516 5710 me.
3545 5651 3703 5708 Eun.
