1984 3457
136 127 149 154 1
155 128 215 156 077

673 121 859 151 ADVERSUS
878 122 1087 151 MANlClLvEOS
1107 122 1170 149 LIB.
1193 121 1213 150 Ι.

1699 119 1765 146 1-078

135 186 174 213 τὰ
189 184 301 212 ἐναντία
317 183 438 219 ἀλλήλων
460 183 609 218 ἀχώριστα,
622 183 659 214 ὡς
675 182 800 218 οὐδαμῶς
815 183 932 209 ἐναντία.

987 180 1210 210 ascendendoad
1229 179 1368 214 antiquius
1392 177 1540 212 disputatio
1560 184 1655 205 rursus
1671 177 1767 211 depre-

137 232 173 259 Εἱ
184 232 217 258 δὲ
228 230 372 266 μηδετέρου
382 230 494 265 προνοίᾳ
504 230 533 256 τὸ
540 230 674 265 μεθόριον,
682 230 696 255 ὂ
705 229 838 263 δηλοῦσιν,
849 230 933 264 ὑπάρ-

140 277 187 310 ξαι
203 277 344 312 φήσουσιν,
353 276 444 311 ἕτερον
454 276 600 311 ἀγέννητον
609 275 798 309 ἐπεισάγοντες
807 275 836 307 ἐξ
849 275 932 309 ἀνάγ-

140 331 196 358 κης
219 320 392 357 ὁμολογοῦσι,
419 321 566 358 μηδετέρου
590 321 644 348 τῶν
667 321 794 347 ἐναντίων
821 321 869 356 τῆς
888 322 933 348 οὺ-

140 369 208 400 σίας
235 367 361 403 μετέχον,
386 368 430 394 ἵνα
452 367 491 403 τῷ
522 367 609 403 πάντη
637 367 803 394 διαλλάττειν
829 366 933 403 χωρίζῃ

139 413 232 441 ταῦτα
243 422 249 428 ·
269 411 316 440 κάὶ
327 413 517 449 εὑρεθήσονται
530 412 607 448 δχλον
619 413 771 448 ἀγεννήτων
786 412 932 448 τιθέμενοι,

138 459 190 486 δύο
205 459 341 494 φήσαντες
357 455 434 486 εἶναι.

177 604 223 631 Τὰ
236 605 365 640 ἀγένητα,
385 604 416 631 τὸ
431 604 521 640 μέντοι
534 603 651 639 διεῖργον
665 603 711 630 καὶ
729 603 862 639 μεθόριον,
878 602 933 629 εἴτε

139 651 174 687 δὴ
191 652 292 686 τεῖχος,
306 651 360 677 εἴτε
377 651 412 685 γῆ
428 650 528 683 ἄοικος,
543 649 598 676 εῐτε
617 641 663 676 καί
680 649 748 685 ὅπερ
761 649 794 676 ἂν
813 649 912 676 θέλοιεν
925 657 931 664 ·

141 697 195 724 ποῦ
211 697 262 732 μὲν
279 694 322 732 ἆρ’
337 696 391 732 ἔχει
417 696 465 731 τὴν
488 695 577 731 ἕδραν,
602 696 654 722 ποῦ
678 695 706 722 δὲ
722 696 770 731 τὴν
793 696 932 731 κορυφήν;

146 743 232 770 Ἀλλὰ
254 743 344 779 δῆλον,
355 743 392 774 ὡς
416 743 491 769 κάτω
513 742 562 778 μὲν
587 741 635 777 τὴν
651 742 744 778 ἕδραν·
764 741 815 768 ποῦ
835 741 866 777 δὴ
887 742 934 768 καὶ

140 791 227 817 πόσον
243 799 251 822 ;
267 791 339 817 Ἀνω
352 790 380 816 δὲ
404 789 452 825 τὴν
471 789 608 824 κορυφήν·
625 789 676 815 ποῦ
701 789 748 815 καὶ
768 788 813 815 ἐπὶ
831 788 912 815 πόσον
926 797 933 821 ;

983 223 1092 255 hendet'
1104 226 1240 254 contraria
1258 226 1329 253 inter
1353 232 1383 252 se
1397 227 1533 258 separata,
1549 227 1677 258 tanquam
1691 223 1767 250 nullo

983 273 1064 300 modo
1076 272 1221 301 contraria.
1240 270 1289 298 Sin
1313 278 1378 298 vero
1399 269 1523 297 neutrius
1538 268 1708 303 providentia
1725 268 1768 295 in-

983 324 1140 355 terseptum,
1152 319 1224 354 quod
1241 318 1391 349 declarant,
1414 324 1474 345 esse
1494 316 1625 347 dixerim,
1642 322 1768 342 necessa-

982 366 1024 393 rio
1039 366 1158 393 fatentur
1171 365 1345 392 introducere
1360 371 1389 391 se
1405 363 1506 398 aliquid
1519 362 1678 397 ingenitum,
1695 359 1767 398 quod

982 412 1108 440 neutrius
1126 411 1306 439 substantiam
1333 410 1494 445 partieipet,
1520 413 1551 435 ut
1567 408 1678 435 omnino
1701 406 1768 433 diri-

983 458 1082 486 mendo
1100 462 1208 493 separet
1227 457 1301 490 haec;
1317 462 1398 492 atque
1414 456 1452 483 ita
1469 455 1524 487 (iet,
1543 459 1572 481 ut
1597 453 1767 489 reperiantur

982 504 1091 531 turbam
1106 504 1287 539 ingenitorum
1307 510 1421 538 ponere,
1440 502 1486 537 qui
1500 502 1554 529 duo
1569 501 1687 536 ingenita
1707 507 1767 527 esse

983 551 1119 578 dixerunt.

1019 608 1145 635 Attamen
1160 607 1212 634 hoc
1231 607 1302 642 quod
1327 606 1515 637 disterminat,
1536 609 1561 632 et
1589 604 1767 638 interseptum

983 659 1033 685 est,
1051 654 1108 681 sive
1118 661 1214 681 tnurus
1228 657 1286 684 est,
1311 653 1368 680 sive
1384 657 1457 680 terra
1474 652 1533 679 sine
1547 650 1689 682 domibus,
1710 650 1767 677 sive

984 700 1055 727 aliud
1082 699 1220 735 quodlibet
1242 709 1248 727 :
1278 699 1398 734 nunquid
1427 698 1524 725 alicubi
1552 697 1661 732 quidem
1687 696 1768 722 habet

983 746 1082 778 basim,
1093 746 1193 773 alicubi
1208 753 1274 773 vero
1292 745 1419 773 culmen?
1432 745 1514 779 Atqui
1528 743 1701 779 perspicuum
1714 746 1767 774 est,

983 792 1054 819 intra
1070 792 1179 827 quidem
1197 792 1296 819 habere
1309 791 1402 820 basim
1417 800 1423 817 ε
1442 791 1489 818 sed
1505 791 1562 821 ubi,
1580 793 1607 817 et
1621 789 1768 824 quantam?

139 837 177 863 Τὸ
199 836 258 871 γὰρ
281 836 336 863 ἄνω
363 836 408 862 καὶ
428 835 502 862 κάτω
525 834 705 870 δημιουργίας
728 834 857 869 ὀνόματα,
881 834 932 868 πρὸ

986 838 1073 873 Supra
1091 846 1156 865 vero
1171 838 1289 870 culmen,
1305 837 1351 864 sed
1367 837 1412 864 ubi
1426 857 1433 869 ,
1464 841 1490 864 et
1505 836 1653 871 quantum?
1680 835 1772 869 Supra”

137 882 343 918 δημιουργίας’
357 881 397 908 δεῖ
411 881 502 917 μέντοι
523 882 569 907 καὶ
591 881 736 916 βαθύτερον
756 881 802 907 καὶ
832 880 932 915 ὑψηλό-

138 937 220 965 τερον
234 926 345 956 εἶναιτὸ
363 928 486 963 μεθόριον
498 927 548 962 τῆς
561 927 613 953 τῶν
629 927 817 962 χωριζομένων
828 922 930 958 οὐσίας’

139 976 184 1002 ἵνα
209 975 249 1010 μὴ
272 974 393 1001 κάτωθεν
417 974 433 1009 ἢ
456 973 557 1000 ἄνωθεν
580 973 714 1007 ὲλλεῖψαν,
737 973 852 1008 πάροδον
877 975 933 1004 τοῖς

140 1020 276 1051 ἐναντίοις
289 1020 417 1055 παράσχῃ
438 1019 504 1055 πρὸς
521 1018 631 1054 ἄλληλα.
647 1019 677 1045 Et
688 1018 715 1045 δὲ
732 1020 795 1054 σκιᾷ
807 1019 854 1045 καὶ
867 1018 933 1055 ἡλίῳ

139 1066 345 1101 παραὸάλλοιεν
361 1065 375 1091 ὃ
389 1064 499 1092 καλοῦσι
521 1064 653 1100 μεθόριον,
669 1064 805 1099 οἰήσονται
822 1065 881 1099 μὲν,
896 1064 933 1095 ὼς

139 1112 218 1138 οὐδὲν
236 1112 408 1138 ἐπικοινωνεῖ
430 1111 467 1146 τῷ
486 1110 552 1146 ἡλίῳ
573 1112 589 1146 ὴ
609 1110 681 1141 σκιὰ,
701 1109 932 1145 διελεγχθήσονται

138 1158 167 1185 δὲ
191 1158 322 1193 χαλεπῶς
345 1158 413 1193 πρὸς
435 1157 482 1183 τοῦ
507 1157 644 1188 Μάνεντος
667 1157 851 1191 ἠπατημένον
870 1156 933 1182 σκιὰ

138 1205 195 1242 γὰρ
213 1205 293 1241 ἡλίου
317 1203 442 1239 κοινωνίᾳ
464 1204 511 1230 καὶ
531 1203 564 1230 δι’
595 1202 654 1229 ὅλου
679 1202 815 1237 παρουσίᾳ
836 1202 932 1236 γένοιτ’

139 1251 183 1282 ἂν,
200 1251 289 1285 ὄγκου
307 1250 378 1282 τινὸς
391 1250 531 1285 ἀνέχοντος
544 1250 572 1276 ὲν
589 1248 663 1284 μέσῳ
679 1248 725 1275 καὶ
740 1247 808 1283 πρὸς
823 1247 933 1283 θάτερον

140 1298 225 1333 μέρος
238 1297 326 1333 αὐτὴν
341 1297 569 1332 παραπέμποντος
580 1303 586 1310 '
608 1295 656 1321 καὶ
678 1294 741 1320 σκιὰ
754 1293 797 1328 εἴη
810 1292 842 1319 ἂν
858 1293 932 1319 οὐδὲν

137 1344 248 1380 ἕτερον,
267 1344 283 1380 ἢ
299 1344 446 1379 τεκμήριον
458 1342 555 1377 φωτὸς,
572 1341 620 1368 διά
631 1349 702 1371 τινος
718 1339 932 1375 παρεγκειμένου

138 1389 272 1425 σώματος
287 1388 498 1425 ὲμποδιζομένου
508 1396 515 1403 °
529 1388 590 1414 ἐπεί
603 1395 643 1413 τοι
656 1386 743 1421 φωτὸς
758 1387 786 1412 ὲν
803 1386 879 1412 νυκτὶ
896 1386 932 1422 μὴ

137 1435 290 1471 παρόντος,
317 1434 371 1461 οὐδ’
389 1433 421 1460 ἂν
447 1432 511 1459 σκιὰ
535 1432 634 1468 μερικὴ
659 1433 771 1466 γένοιτο.
794 1433 854 1469 Ἆρ’
875 1431 931 1465 οὖν,

137 1482 191 1517 ὅπη
209 1480 288 1512 σκιὰ,
310 1481 369 1506 ἐκεῖ
396 1479 471 1513 φῶςο
496 1478 530 1505 τὰ
552 1478 606 1513 γὰρ
630 1478 757 1505 ἐπέκεινα
775 1478 824 1514 τῆς
842 1480 930 1512 σκιᾶς,

140 1528 211 1562 φωτὶ
233 1526 458 1560 nummo-natat-
481 1523 550 1560 πλὴν
566 1525 590 1550 εἰ
605 1525 641 1559 μή
655 1533 687 1558 γε
700 1524 731 1551 τὸ
748 1523 857 1556 σκιάζον
871 1524 933 1559 ὕψει

140 1574 171 1600 τὸ
186 1573 306 1608 φωτίζον
323 1571 480 1607 παμπληθεὶ
506 1570 680 1605 ὑπερϐαίνεν
705 1570 756 1597 κᾶν
779 1570 815 1606 μὴ
838 1571 868 1597 τὸ
889 1579 935 1605 γε-

140 1621 279 1647 λοιότατον
299 1620 386 1654 τεῖχος
409 1617 447 1653 τῷ
472 1617 619 1653 παραλόγῳ
640 1616 721 1652 τεθῇ,
742 1616 799 1652 φῶς
815 1618 842 1644 ὲν
865 1618 935 1651 φωτὶ

139 1665 308 1700 διαιτωμένη
320 1664 469 1699 φανήσετςιι
483 1664 499 1698 ἡ
522 1662 616 1689 κακία.
634 1662 693 1694 Πῶς
712 1663 766 1698 γὰρ
782 1663 814 1690 ἂν
830 1663 933 1697 γένοιτο

140 1713 219 1745 σκιὰ,
234 1711 281 1738 τοῦ
292 1710 379 1745 φωτὸς
398 1710 431 1736 δι’
443 1709 504 1737 ὅλου
523 1708 594 1736 κατὰ
607 1708 657 1743 τῆς
674 1708 739 1744 ὖλης
755 1709 840 1741 δντος,
857 1711 880 1735 εἰ
896 1710 933 1745 μή

139 1769 168 1786 τι
187 1760 218 1785 ἐν
241 1758 315 1793 μέσῳ
330 1766 361 1791 γε
380 1757 481 1792 ἀνέχοι,
504 1756 550 1782 καὶ
572 1755 714 1782 ἀποκλεῖον
730 1755 763 1782 δι’
779 1755 840 1782 ὂλου
863 1757 935 1782 ποιοῖ

140 1804 252 1840 αὑτήκ
285 1800 314 1830 οὗ
343 1803 379 1838 μὴ
406 1802 444 1837 (λι)
472 1800 709 1836 παρεγκειμένου,
741 1801 787 1827 καὶ
810 1801 934 1828 πλεῖστον

139 1852 204 1877 ὅσον
219 1849 370 1884 ἀνέχοντος,
383 1848 471 1875 κοινὸν
492 1846 583 1878 ἀϊδίως
603 1846 677 1873 ἔσται
692 1847 738 1873 καὶ
750 1848 783 1882 τῇ
808 1847 891 1882 κακίᾳ
904 1847 934 1873 τὸ

141 1904 213 1931 φως.

982 885 1053 912 enim
1068 888 1094 911 et
1107 884 1177 910 intra
1192 883 1302 910 nomina
1315 883 1504 911 fabricationis
1520 882 1629 914 mundi,
1651 885 1712 908 ante
1727 881 1765 907 la-

982 930 1159 958 bricationem
1178 934 1242 957 sunt
1258 930 1330 966 apud
1355 931 1422 958 istos
1439 939 1445 956 :
1468 929 1542 963 atqui
1557 931 1663 963 oportet
1685 928 1766 955 etiam

983 976 1161 1011 interseptum
1173 975 1339 1011 profundius
1354 979 1380 1003 et
1396 975 1478 1002 altius
1493 982 1554 1002 esse
1569 981 1648 1008 quam
1661 980 1692 1000 ea
1707 980 1767 1007 qua:

982 1022 1227 1055 disterminantur;
1242 1030 1276 1050 ne
1291 1022 1314 1049 si
1340 1021 1405 1056 quid
1430 1028 1463 1048 ex
1482 1024 1558 1055 parte
1576 1019 1697 1046 inferiori
1720 1023 1767 1044 aut

983 1069 1125 1104 superiore
1144 1068 1267 1100 deﬁciat,
1294 1067 1396 1094 aditum
1421 1066 1565 1094 contrariis
1584 1065 1715 1100 praebeat,
1737 1068 1767 1090 ut

983 1115 1064 1142 simul
1076 1115 1141 1142 sint.
1159 1113 1187 1141 Si
1200 1120 1289 1142 autem
1304 1121 1366 1141 cum
1382 1112 1479 1140 umbra
1497 1117 1524 1140 et
1540 1113 1595 1139 sole
1608 1115 1767 1146 comparent

984 1161 1060 1192 illud,
1068 1161 1140 1196 quod
1147 1161 1323 1196 interseptum
1330 1163 1436 1191 vocant,
1445 1159 1578 1194 putabunt
1584 1157 1691 1193 quidem
1701 1156 1767 1183 nihil

984 1207 1083 1235 habere
1098 1215 1243 1234 commune
1263 1206 1385 1234 umbram
1410 1213 1471 1232 cum
1497 1205 1572 1236 sole;
1590 1204 1767 1231 convincelur

983 1257 1086 1284 tamen.
1116 1253 1246 1288 deceptos
1261 1260 1323 1280 esse
1353 1259 1400 1279 eos
1424 1251 1540 1286 turpiter
1561 1258 1575 1276 a
1595 1249 1765 1276 Manichzno:

983 1300 1079 1327 uuibra
1095 1300 1166 1327 enim
1190 1299 1383 1326 communione
1406 1299 1473 1326 solis
1491 1302 1517 1325 et
1544 1297 1686 1332 prmsenlia
1709 1296 1765 1323 ﬁeri

984 1345 1052 1372 solet
1066 1345 1136 1372 mole
1150 1345 1266 1380 quadam
1290 1345 1460 1379 interposita,
1471 1351 1531 1378 qua:
1546 1343 1766 1370 communionem

983 1396 1010 1420 et
1024 1392 1196 1427 praesentiam
1214 1391 1280 1419 solis
1304 1392 1337 1418 ad
1363 1392 1475 1418 alteram
1502 1394 1606 1425 partem
1625 1388 1767 1416 transmit-

983 1438 1032 1470 tit;
1049 1437 1170 1472 nihilque
1194 1436 1268 1463 aliud
1287 1437 1383 1464 umbra
1403 1440 1456 1464 est.
1468 1443 1549 1470 quam
1579 1434 1709 1462 indicium
1726 1434 1768 1460 Ιιι-

983 1483 1065 1511 minis
1084 1490 1200 1518 corpore
1212 1483 1338 1517 quopiam
1359 1475 1503 1516 interiecti)
1518 1480 1640 1515 impediti
1654 1490 1660 1507 :
1688 1484 1767 1507 nocte

947 1539 968 1568 ρ
986 1530 1068 1561 enim,
1086 1536 1148 1555 cum
1165 1536 1218 1555 non
1232 1529 1309 1556 adest
1326 1529 1427 1561 lumen,
1443 1535 1492 1555 nec
1509 1535 1572 1562 pars
1590 1527 1691 1553 umbra:
1707 1533 1767 1553 csse

985 1576 1083 1606 potest.
1102 1571 1151 1599 Ubi
1167 1572 1248 1606 igitur
1263 1572 1358 1599 umbra
1376 1577 1427 1603 est,
1441 1572 1478 1599 ibi
1495 1572 1604 1604 lumen;
1620 1579 1680 1606 qua!
1694 1571 1767 1598 enim

985 1618 1055 1644 ultra
1071 1617 1194 1644 umbram
1218 1622 1291 1651 sunt,
1307 1618 1408 1645 lumine
1423 1618 1569 1649 collucent,
1587 1622 1768 1652 prmterquam

985 1671 1047 1691 eum
1065 1664 1090 1691 id
1103 1664 1174 1699 quod
1190 1665 1312 1691 umbram
1340 1664 1422 1696 facit,
1450 1665 1534 1691 multa
1549 1664 1692 1691 altitudine
1722 1671 1768 1691 su-

985 1713 1063 1744 perat
1076 1710 1102 1736 id
1118 1709 1189 1744 quod
1206 1710 1340 1736 illuminat
1354 1719 1361 1742 ;
1377 1714 1404 1737 et
1420 1710 1520 1737 malum
1544 1710 1570 1736 in
1592 1710 1693 1737 lumine
1716 1709 1766 1736 ha-

983 1755 1073 1782 bitans
1090 1755 1180 1782 lumen
1196 1763 1256 1783 esse
1269 1756 1419 1791 apparebit,
1436 1756 1489 1783 nisi
1518 1763 1625 1782 murum
1651 1755 1767 1782 maxime

984 1801 1128 1828 ridiculum
1144 1802 1261 1836 positum
1279 1803 1387 1830 habent.
1415 1802 1557 1835 Quomodo
1572 1802 1644 1829 enim
1671 1801 1768 1828 nlnbra

982 1855 1043 1875 esse
1063 1849 1163 1882 poterit
1187 1848 1289 1876 lumine
1315 1849 1455 1876 materiam
1481 1857 1513 1876 ex
1527 1848 1599 1875 omni
1617 1852 1694 1883 parte
1709 1847 1766 1875 col-

984 1893 1128 1927 lustrante,
1146 1894 1198 1921 nisi
1218 1895 1282 1929 quid
1306 1895 1332 1921 in
1353 1895 1441 1922 medio
1463 1895 1615 1929 prohibeat,
1633 1899 1659 1922 et
1676 1894 1767 1921 lumen

140 1942 258 1969 omnino
295 1941 330 1967 ab
352 1949 384 1968 ea
417 1941 565 1968 excludens
588 1941 710 1967 umbram
739 1938 854 1967 eﬂiciat?
878 1938 906 1965 In
928 1939 1029 1967 lumine
1061 1949 1115 1968 non
1139 1941 1274 1968 videbitur
1298 1942 1421 1976 posuisse
1443 1949 1492 1976 pro
1531 1949 1609 1969 muro
1636 1941 1766 1974 ridiculo;

141 1989 216 2025 quod
237 1989 430 2024 interpositum
446 1988 539 2016 sinon
570 1989 616 2020 sit,
643 1991 670 2015 et
698 1995 779 2023 quam
798 1986 915 2013 maxime
944 1986 1135 2021 disterminet,
1166 1993 1295 2024 perpetua
1326 1990 1377 2016 crit
1402 1989 1584 2017 communitas
1611 1989 1683 2016 malo
1706 1996 1767 2015 cum

141 2037 258 2065 lumine.

177 2095 262 2128 Αὖθις
339 2096 521 2133 μσημὸρινὺν
543 2097 623 2133 μέρος
644 2099 676 2133 τῇ
703 2097 785 2133 κακίᾳ
806 2098 931 2130 διδόντες,

141 2143 178 2175 ὡς
194 2143 263 2179 ὄναρ
275 2144 324 2178 τῆς
339 2142 517 2178 δημιουργίας
541 2142 735 2178 διαγράφουσι·
753 2143 804 2170 ποῦ
830 2143 883 2179 γὰρ
898 2142 932 2179 ἦν

1023 2097 1129 2125 Rursus
1142 2116 1148 2128 ,
1170 2096 1348 2123 meridianam
1366 2099 1470 2131 partem
1497 2097 1568 2123 malo
1597 2097 1747 2123 tribuentes
1759 2116 1766 2128 ,

986 2143 1122 2171 somnium
1141 2143 1251 2169 fabrica:
1268 2142 1448 2170 describunt:
1467 2142 1513 2169 uLi
1535 2142 1606 2169 enim
1624 2146 1683 2169 erat
1709 2150 1767 2169 me-

142 2189 303 2225 μεσημΰρία
327 2188 379 2224 πρὸ
402 2188 590 2225 μεσημϐρίας;
612 2189 784 2225 Ἀτιμὸτερος
804 2190 832 2216 δὲ
851 2191 932 2222 τόπος

986 2190 1068 2219 ridies
1083 2194 1146 2217 ante
1163 2189 1323 2217 meridiem?
1348 2189 1436 2217 Locus
1455 2193 1544 2217 autem
1564 2189 1592 2216 in
1615 2188 1768 2216 mundita-

141 2235 219 2268 ἄλλος
236 2235 317 2262 ἄλλου
334 2235 383 2270 τῆς
401 2235 579 2270 δημιουργίας
590 2235 639 2262 οὐκ
655 2235 687 2261 ἂν
699 2235 818 2269 γένοιτο·
837 2237 867 2263 τὸ
880 2237 933 2272 γὰρ

140 2280 281 2316 εὐώνυμον
292 2280 389 2315 ὁρῶντι
404 2280 472 2315 πρὸς
489 2279 574 2310 δύσιν,
587 2280 671 2312 δεξιὸν
686 2278 762 2311 αὖθις
778 2281 931 2316 εὑρίσκεται

140 2327 208 2362 πρὸς
234 2325 368 2357 ἀνατολὰς
394 2325 483 2352 ἰδόντι.
507 2324 585 2351 ’Δλλὰ
615 2325 726 2360 πλείστη
751 2325 830 2361 μὲνὴ
855 2327 931 2353 τοῦδε

139 2373 186 2399 τοῦ
204 2371 372 2409 βαρϐαρικοῦ
386 2371 518 2407 δόγματος
533 2371 632 2397 ἀτοπία
642 2380 648 2385 ·
664 2371 710 2397 δύο
725 2371 778 2407 γὰρ
796 2372 863 2404 ὅλως
880 2373 931 2408 αρ-

141 2419 196 2454 χαὶ,
211 2419 272 2451 πῶς
287 2418 319 2445 ἂν
338 2416 402 2450 εἷεν,
416 2417 432 2452 ἢ
450 2417 574 2453 κληθεῖεν
589 2418 685 2453 ἀρχαί;
704 2418 774 2454 ἀρχὴ
788 2418 841 2454 γάρ
856 2420 930 2445 ἐστιν

140 2465 156 2499 ἥ
167 2474 196 2491 τε
209 2465 265 2491 τῶν
279 2464 346 2491 ὅλων
358 2456 530 2499 πρεσσυτέρα
548 2463 594 2490 καὶ
610 2463 662 2490 τῶν
674 2464 799 2490 ἁπάντων
815 2464 928 2499 κρειτοῦ-

140 2518 173 2536 az
183 2518 190 2525 ·
208 2507 245 2537 ὧν
263 2510 401 2546 οὐδέτερον
417 2510 561 2546 ὑπάρξειεν
576 2511 609 2537 ἂν
624 2510 764 2546 οὐδετέρῳ.
789 2511 927 2547 Σύγχρονα

141 2555 194 2590 γὰρ
222 2556 307 2591 ἄμφω
328 2556 374 2582 καὶ
392 2556 584 2591 συναγέννητα,
604 2555 667 2582 ὄντα
685 2556 730 2583 τὸν
757 2556 805 2582 τοῦ
831 2565 927 2592 προτε-

144 2602 231 2635 ρεύειν
244 2602 368 2637 ἀλλήλοις
385 2601 534 2637 διαφθείρει
549 2602 636 2636 λόγον.
658 2602 736 2628 Ἀλλὰ
750 2603 796 2628 καὶ
813 2603 861 2638 τῆς
876 2603 927 2638 ἁρ-

142 2648 220 2682 χικῆς
245 2647 366 2680 ἐξουσίας
389 2647 418 2673 οὐ
447 2647 526 2681 μόνον
554 2647 674 2681 ἀλλήλων
700 2648 736 2679 ὠς
763 2648 870 2674 ἐναντία
895 2657 926 2682 γε

141 2692 226 2719 ταῦτα
253 2693 417 2729 ἐξῃρημένα.
441 2692 508 2719 ἀλλὰ
530 2693 576 2718 καὶ
598 2692 675 2726 φύσει
697 2693 847 2728 μαχόμενα,
868 2693 926 2724 πῶς

144 2737 175 2763 ἂν
186 2738 257 2774 ἔχειν
271 2740 357 2766 διόλου
373 2739 402 2765 τὸ
421 2739 512 2774 ἄρχειν
529 2739 667 2774 νομισθείη
681 2748 687 2771 ;
704 2740 734 2766 Εἰ
756 2741 844 2767 τοίνυν
861 2740 927 2775 μηδ-

985 2237 1059 2263 brica
1075 2236 1144 2263 alius
1159 2235 1212 2263 alio
1227 2235 1415 2262 inhonoratior
1427 2243 1481 2263 non
1498 2239 1586 2270 potest
1601 2242 1660 2262 esse
1673 2243 1680 2262 :
1695 2235 1766 2270 quod

985 2283 1057 2310 enim
1074 2282 1107 2309 ad
1127 2282 1220 2309 laevam
1236 2285 1277 2309 est
1294 2281 1320 2308 in
1333 2289 1461 2309 occasum
1483 2281 1636 2317 aspicienti,
1650 2282 1682 2308 ad
1699 2282 1766 2308 dex—

983 2331 1053 2355 tram
1071 2336 1166 2355 rursus
1178 2334 1218 2355 est
1231 2328 1374 2363 aspicienti
1396 2328 1423 2354 in
1445 2328 1589 2355 orientem.
1606 2326 1705 2354 Verum
1719 2327 1768 2354 ab-

984 2374 1175 2402 surdissimum
1190 2378 1230 2401 est
1248 2374 1299 2401 hoc
1315 2374 1487 2401 barbaricum
1503 2373 1617 2409 dogma;
1630 2373 1683 2400 duo
1694 2373 1765 2400 enim

983 2427 1095 2454 prorsus
1114 2419 1246 2453 principia
1263 2417 1399 2453 quomodo
1416 2417 1549 2452 principia
1565 2417 1619 2444 sint
1632 2437 1638 2449 ,
1656 2422 1702 2442 aut
1719 2423 1766 2450 ap-

982 2465 1135 2501 pellentur?
1151 2465 1284 2500 siquidem
1302 2465 1465 2501 principiqu
1483 2468 1535 2495 est,
1552 2463 1623 2497 quod
1640 2462 1766 2489 omnibus

981 2515 1022 2538 est
1034 2511 1183 2545 antiquius,
1198 2515 1224 2537 ct
1238 2510 1359 2537 omnium
1385 2513 1456 2536 tenet
1476 2509 1658 2544 principatum
1675 2513 1701 2535 et
1716 2507 1766 2546 im-

981 2558 1106 2592 perium;
1128 2565 1244 2592 quorum
1271 2562 1397 2585 neutrum
1415 2556 1441 2583 in
1458 2559 1555 2583 neutro
1573 2555 1687 2582 duorum
1705 2562 1766 2581 csse

982 2608 1080 2638 potest.
1100 2603 1165 2632 Esse
1186 2605 1258 2631 enim
1275 2604 1356 2631 ambo
1382 2603 1502 2637 ejusdem
1522 2602 1652 2637 temporis
1670 2606 1697 2629 et
1719 2610 1767 2628 cos

980 2653 1071 2685 gnata,
1088 2650 1219 2677 rationem
1234 2657 1328 2677 eorum
1352 2650 1422 2677 inter
1439 2657 1467 2677 se
1482 2649 1652 2684 principatus
1670 2653 1695 2675 et
1718 2656 1765 2674 cx-

981 2694 1113 2722 ccllentiae
1128 2695 1206 2722 tollit.
1226 2694 1281 2720 lmo
1296 2701 1355 2730 qum
1377 2702 1430 2720 non
1459 2693 1545 2721 solum
1573 2701 1586 2719 a
1612 2692 1763 2727 principatu

983 2739 1125 2775 potestatis
1147 2741 1217 2768 inter
1241 2748 1270 2768 se
1287 2740 1370 2768 libera
1389 2743 1469 2773 sunt,
1497 2743 1587 2774 utpote
1605 2738 1742 2766 contraria
1756 2758 1762 2769 ,

179 2828 217 2862 (4)
233 2828 273 2858 Οὗ
284 2830 336 2864 μή.
353 2829 450 2857 Dccssc
467 2830 508 2858 hic
535 2831 634 2865 aliquid
662 2830 766 2858 videtur
785 2839 815 2858 ex
839 2831 994 2866 interprete.

565 3109 591 3128 ι.
821 3121 935 3136 Ὢ
1116 3124 1136 3144 Α,
1348 3125 1356 3144 L
1942 3114 1947 3115 ν

743 3136 811 3165 ~
849 3153 885 3177 ι,
1110 3150 1116 3202 Irl
1276 3146 1368 3197 arm—'-

1036 3284 1068 3360 ξζζ,
1256 3258 1278 3356 ί.

1240 3349 1299 3456 ἐ
1325 3451 1336 3456 μ
1349 3386 1552 3456 ᾑ-μζέῖῖ,
