3968 6914
499 334 642 392 1079

1663 339 1801 395 τιτι
1838 339 2272 398 ΒοδτιιΕΝδιε
2300 328 2627 401 Episcopi

3598 349 3751 405 ’1080

496 453 591 508 sed
649 461 845 508 natura
896 459 1172 523 pugnant;
1223 454 1500 525 quomodo
1554 456 1785 527 cogitari
1838 469 2075 535 possunt.

2184 464 2343 535 ετέρῳ
2389 461 2593 516 τούτων
2647 460 2973 525 διασώζεται
3018 462 3119 533 τῆς
3162 460 3336 533 ἀρχῆς
3366 464 3396 516 ὀ
3432 457 3617 529 λόγος,
3644 465 3756 527 πῶς

497 542 698 599 habere
726 540 953 599 omnino
972 544 1380 615 principatum?
1410 546 1621 613 Quodsi
1643 550 1783 605 ratio
1802 552 2075 622 principa-

497 640 590 687 tus
621 639 875 687 neutrum
936 632 1135 689 horum
1185 635 1465 693 incolume
1517 647 1742 703 servat,
1796 642 2077 701 quomodo

495 722 762 794 principia
800 725 1141 779 vocabuntur
1165 725 1188 778 ἓ

2178 555 2245 610 ἂν
2271 555 2436 626 ἀρχαὶ
2467 553 2713 625 κληθεῖεν

1435 840 1565 899 Car.
1612 843 1749 921 Ylll.
1783 845 1941 902 Ratio
1974 849 2079 905 duo
2102 848 2363 918 principia
2392 863 2494 900 non
2521 846 2775 902 admittit.
2806 820 2809 821 ν

566 957 855 1025 Quomodo
897 961 1141 1016 rationes
1182 962 1463 1017 naturales
1500 962 1811 1030 admittent,
1862 973 1923 1037 ut
1963 966 2075 1022 sint

496 1052 604 1108 duo
642 1053 943 1108 secundum
993 1053 1360 1108 substantiam
1407 1057 1709 1122 contraria,
1757 1058 1852 1112 ubi
1895 1058 2073 1129 primo

496 1145 717 1214 quidem
755 1158 957 1199 nomen
986 1146 1309 1201 substantia!
1343 1160 1634 1203 commune
1662 1156 1747 1204 est
1782 1149 2073 1221 utrisque?

440 1220 459 1243 ‘
495 1234 740 1290 Primum
767 1236 956 1308 igitur,
990 1247 1266 1308 quatenus
1295 1250 1589 1311 utrumque
1625 1220 2071 1310 substantialest,

495 1327 853 1397 perspicuum
897 1338 1001 1392 est,
1052 1331 1349 1387 convenire
1376 1332 1522 1386 inter
1568 1347 1649 1395 se,
1705 1340 1762 1387 et
1805 1349 1916 1388 non
1950 1350 2073 1391 esse

496 1419 795 1472 contraria.
846 1418 1052 1474 Deinde
1098 1421 1260 1475 ambo
1303 1430 1433 1475 sunt
1480 1421 1760 1486 animalia,
1808 1432 2071 1493 praeterea

495 1509 780 1579 aequaliter
805 1510 1067 1580 ingenita.
1098 1511 1341 1579 Quorum
1371 1520 1553 1568 autem
1584 1513 1773 1569 eadem
1818 1527 1946 1571 sunt
1973 1533 2073 1572 no-

495 1602 669 1664 mina,
709 1609 765 1657 et
793 1604 981 1659 eadem
1021 1603 1341 1674 descriptio,
1381 1604 1576 1658 horum
1604 1606 1909 1661 substantia
1938 1623 2075 1678 quo-

497 1691 662 1746 modo
686 1695 965 1748 contraria
997 1703 1092 1749 aut
1126 1682 1397 1766 pugnans.
1402 1711 1525 1751 esse
1547 1698 1764 1769 potest?
1793 1696 2072 1769 Siquidem

2247 965 2371 1030 Πῶς
2407 967 2451 1019 δ’
2501 965 2567 1019 ἂν
2593 967 2639 1018 οἱ
2706 962 2926 1033 φυσικοὶ
2968 963 3218 1035 λογισμοὶ
3264 963 3653 1036 παραδέξαιντ’
3692 965 3758 1019 ἂν

2176 1058 2441 1129 ὑπάρχειν
2496 1058 2711 1111 ἐναντία
2735 1056 2829 1111 δύο
2872 1057 2991 1111 κατ’
3036 1055 3242 1120 οὑσίαν,
3276 1058 3410 1109 ὅπου
3438 1074 3506 1126 γε
3539 1057 3756 1128 πρῶτον

2178 1151 2278 1221 μὲν
2311 1149 2372 1202 τὸ
2413 1149 2513 1220 τῆς
2538 1149 2726 1212 οὐσίας
2780 1149 3112 1220 ἀμφοτέροις
3138 1148 3307 1218 ὄνομα
3352 1149 3565 1213 κοινόν;
3608 1151 3759 1202 Καθό

2174 1238 2355 1291 τοίνυν
2384 1238 2596 1309 πρῶτον
2622 1239 2883 1309 ἑκάτερον
2906 1238 3088 1299 οὑσία,
3123 1237 3299 1308 δῆλον,
3318 1238 3392 1302 ὡς
3422 1238 3758 1309 ὁμονοοῦντα

2176 1330 2272 1384 καὶ
2303 1331 2401 1384 οὑκ
2430 1330 2678 1385 ἐναντίαι
2702 1329 2891 1385 ἔπειτα
2927 1330 3044 1395 ζῶα
3071 1331 3262 1400 ἄμφιιγ
3295 1330 3430 1401 πρὸς
3460 1331 3523 1384 δέ
3548 1330 3766 1403 τούτοις

2176 1424 2373 1494 ἐπίσης
2399 1423 2687 1494 ἀγέννητα.
2722 1417 2820 1476 Ὧν
2849 1422 2907 1476 δὲ
2937 1422 3008 1477 τὰ
3039 1422 3178 1476 αὑτὰ
3198 1424 3459 1493 ὀνόματα,
3496 1424 3590 1477 καὶ
3619 1424 3769 1495 αὑτὴ

2178 1514 2493 1587 ὑπογραφὴ,
2530 1514 2734 1567 τούτων
2779 1512 2899 1576 πῶς
2924 1515 2958 1584 ἡ
2986 1513 3144 1567 οὑσία
3179 1515 3461 1584 μαχομένη
3483 1515 3581 1568 καὶ
3604 1517 3768 1569 ἐναν-

2176 1608 2301 1673 τίας
2343 1606 2587 1675 καίτοιγε
2617 1605 2684 1660 τὰ
2716 1606 2957 1676 ὀνόματα
2987 1605 3094 1658 τῶν
3142 1606 3482 1678 πραγμάτων
3505 1608 3629 1661 ἐστὶ
3661 1626 3764 1680 ση·

2184 1699 2442 1773 μαντικά’
2470 1699 2764 1769 κατηγορεῖ
2782 1697 2892 1770 γὰρ
2912 1696 3141 1752 ἑκάστου
3166 1697 3226 1750 τὸ
3250 1697 3305 1751 τί
3327 1700 3476 1752 ἐστιν
3498 1698 3763 1764 ἕκαστον,

498 1785 722 1839 nomina
773 1801 863 1841 res
911 1786 1224 1857 significant
1253 1788 1495 1844 :dicitur
1540 1791 1686 1846 enim
1722 1790 1790 1846 de
1830 1806 2076 1861 unoquo-

2184 1792 2255 1856 ὡς
2307 1790 2573 1862 ἐνδέχεται
2592 1808 2610 1821 ο
2638 1790 2974 1862 γνωρίζομεν
3017 1792 3217 1855 τοίνυν,
3273 1792 3349 1855 ὡς
3379 1791 3615 1862 δύναμις
3647 1794 3771 1855 τοίς

499 1891 606 1946 que
630 1875 777 1943 quod
814 1878 1244 1949 unumquodque
1269 1886 1375 1943 est,
1412 1887 1472 1934 ut
1503 1895 1627 1936 esse
1655 1888 1858 1950 potest.
1890 1878 2077 1950 Itaque

499 1964 887 2034 cognoscimus
941 1967 1048 2020 vim
1102 1967 1387 2021 nominum
1429 1983 1555 2024 esse
1605 1984 1717 2025 res.
1772 1967 2078 2038 Utrumque

500 2057 669 2128 igitur
688 2073 878 2114 eorum
917 2075 1039 2130 qua:
1064 2058 1401 2116 Manichteus
1429 2062 1708 2115 contraria
1738 2069 1913 2131 putat,
1947 2061 2079 2118 sub—

501 2149 707 2204 stantia
733 2150 922 2205 vivens
951 2159 1005 2205 et
1038 2148 1278 2221 ingenita
1324 2151 1672 2218 nominatur;
1704 2150 2079 2206 manifestum-

499 2256 605 2311 que
638 2248 743 2304 est.
773 2257 899 2296 cum
926 2242 1054 2298 talis
1076 2257 1231 2297 error
1258 2242 1586 2312 principium
1614 2244 1778 2298 ducat
1809 2259 1840 2298 a
1881 2243 2080 2299 barba-

501 2335 598 2397 ris,
629 2349 752 2390 esse
777 2334 942 2389 etiam
976 2334 1119 2406 apud
1149 2349 1245 2390 eos
1272 2336 1543 2390 sublatam
1571 2336 1945 2391 communium
1977 2351 2077 2391 no-

496 2424 714 2481 tionum
776 2427 1226 2481 consecutionem
1262 2445 1276 2481 :
1307 2427 1521 2498 integra
1567 2427 1714 2483 enim
1770 2436 1935 2498 atque
1988 2442 2073 2482 ea-

499 2516 623 2571 dem
668 2524 756 2573 est
791 2518 1080 2588 utriusque
1117 2533 1182 2572 ex
1222 2533 1378 2588 aequo
1426 2519 1743 2589 descriptio,
1797 2534 1919 2590 qua:
1965 2533 2073 2573 non

501 2607 664 2662 modo
685 2622 900 2663 omnem
935 2610 1338 2665 contrariorum
1380 2612 1748 2682 suspicionem
1779 2611 1949 2681 ejicit,
1983 2609 2080 2667 sed

501 2714 680 2768 neque
708 2698 1077 2756 dill'erentiam
1118 2703 1283 2757 ullam
1316 2705 1370 2757 in
1402 2704 1469 2758 iis
1499 2719 1620 2774 quae
1644 2703 1928 2759 nominant
1957 2717 2083 2759 esse

501 2791 793 2861 permittit.

2174 1885 2402 1956 ὀνόμασι
2427 1883 2496 1937 τά
2539 1883 2856 1954 πράγματα.
2896 1884 3017 1955 Ἆρ’
3050 1879 3142 1938 οὖν
3174 1883 3432 1955 ἑκάτερον
3466 1883 3576 1939 τῶν
3605 1884 3768 1956 παρὰ

2175 1976 2253 2047 τῷ
2284 1976 2521 2031 Μάνεντι
2546 1975 2914 2046 νομιζομένων
2942 1976 3199 2030 ἐναντίων
3224 1976 3380 2030 οὑσία
3400 1973 3554 2040 ζῶσά
3571 1992 3637 2028 τε
3668 1975 3765 2030 καὶ

2177 2068 2468 2139 ἀγέννητος
2499 2067 2822 2139 ὀνομάζεται
2842 2084 2856 2098 ’
2881 2066 3120 2138 εὔδηλον,
3155 2068 3231 2132 ὡς
3250 2069 3315 2121 ἐκ
3337 2066 3639 2139 βαρϐάρων
3664 2067 3763 2137 τὴν

2177 2163 2350 2235 ἀρχὴν
2393 2162 2495 2233 τῆς
2552 2160 2807 2233 τοιαύτης
2860 2161 3129 2234 λαϐούσης
3175 2158 3403 2230 πλάνης,
3429 2158 3760 2231 διέφθαρται

2183 2253 2313 2326 παρ’
2340 2253 2525 2316 αὐτοῖς
2559 2250 2668 2304 τῶν
2698 2251 2892 2306 κοινῶν
2945 2251 3163 2305 ἐννοιῶν
3195 2253 3230 2322 ἠ
3273 2249 3566 2303 ἀκολουθία
3587 2267 3603 2279 ο
3648 2248 3763 2302 ὀλό-

2181 2345 2380 2416 κληρος
2431 2341 2542 2414 γὰρ
2573 2341 2668 2396 καὶ
2717 2342 2751 2412 ἡ
2793 2340 2929 2411 αὑτὴ
2970 2333 3165 2410 ἐπίσης
3208 2338 3463 2409 τυγχάνει
3493 2337 3763 2410 ἑκατέρω

2178 2433 2492 2506 ὑπογραφὴ,
2522 2432 2582 2485 οὑ
2614 2430 2773 2503 μόνον
2802 2431 3170 2501 ἐναντιότητος
3197 2430 3375 2484 πᾶσαν
3401 2428 3648 2498 ὑποψίαν
3676 2426 3763 2492 ἐξ·

2178 2525 2455 2597 ορίζουσα,
2518 2525 2632 2580 ἀλλ’
2656 2523 2778 2578 οὕτε
2824 2522 3085 2593 διαφοράν
3136 2539 3259 2576 τινα
3302 2519 3672 2593 συγχωροῦσα
3704 2517 3765 2573 ιν

2180 2621 2299 2683 τοῖς
2327 2615 2747 2690 ὀνομαζομένοις
2770 2614 3056 2688 ὑπάρχειν.

1109 2913 1239 2970 Csp.
1276 2914 1369 2969 IX.
1412 2915 1811 2987 Principiorum
1836 2917 2121 2988 qualitates
2142 2919 2444 2971 contrariar.
2486 2915 2551 2971 In
2580 2915 2687 2969 Deo
2713 2914 2863 2969 nulla
2890 2912 3142 2984 qualitas.

574 3022 742 3079 Aiunt
782 3033 966 3081 autem
1001 3026 1290 3083 Manichaei
1333 3030 1557 3085 asseclae
1595 3029 1700 3085 hoc
1722 3028 1946 3101 quidem
1985 3031 2078 3085 bo-

2249 3032 2387 3085 Φασί
2413 3029 2470 3082 δέ
2490 3030 2550 3083 τὸ
2574 3028 2671 3099 μὲν
2692 3025 2916 3095 ἀγαθὸν,
2946 3025 3008 3078 τὺ
3039 3024 3097 3077 δὲ
3124 3021 3312 3087 κακὸν,
3331 3019 3430 3081 τὰς
3465 3019 3760 3088 ποιότητας

502 3132 660 3179 num,
703 3117 838 3173 illud
886 3134 1016 3174 vero
1063 3121 1621 3193 malum;qualitates
1657 3122 1915 3180 videlicet
1951 3132 2076 3180 ante

2184 3124 2343 3176 οἱονεὶ
2370 3121 2475 3193 πρὸ
2505 3120 2604 3190 τῆς
2625 3117 2811 3181 οὐσίας
2843 3114 3294 3186 ἐκλαμϐάνοντες,
3328 3112 3377 3164 oi
3409 3108 3490 3181 τῷ
3520 3108 3756 3163 Μάνεντι

505 3207 876 3266 substantiam
910 3211 1281 3285 intelligentes
1308 3234 1322 3270 :
1347 3215 1630 3270 nominata
1654 3216 1800 3270 enim
1822 3216 2076 3272 similiter

507 3301 564 3357 in
604 3310 839 3374 utroque
866 3305 1176 3360 substantia
1210 3306 1361 3376 (sunt
1390 3308 1536 3362 enim
1569 3307 1731 3363 ambo
1768 3307 2074 3363 substantia

506 3394 695 3449 vivens
744 3403 798 3451 et
852 3396 1119 3469 ingenita)
1185 3413 1592 3469 supervacanea
1649 3407 1766 3467 est;
1820 3400 2077 3472 deinceps

509 3493 638 3541 sunt
659 3487 827 3542 veluti
857 3489 1156 3559 qualitates
1189 3491 1481 3546 contraria:
1503 3510 1518 3546 :
1543 3490 1648 3546 etsi
1673 3490 1818 3546 enim
1847 3507 1957 3546 non
1982 3493 2079 3548 de-

508 3585 596 3633 cet
624 3580 908 3637 nominare
938 3583 994 3637 in
1031 3581 1145 3638 Deo
1169 3583 1512 3653 qualitatem.
1554 3598 1677 3639 esse
1712 3592 1892 3639 tamen
1925 3586 2076 3656 prius

508 3670 910 3739 quodammodo
962 3679 1049 3729 est
1103 3675 1454 3743 cogitatione,
1503 3691 1669 3746 quam
1725 3675 1885 3729 talem
1923 3691 2074 3742 esse;

510 3762 818 3818 substantia
859 3772 1040 3819 autem
1094 3765 1458 3836 signiﬁcatur,
1520 3781 1644 3822 cum
1702 3767 1904 3821 dicitur
1949 3768 2079 3823 sub-

508 3855 711 3911 stantia
754 3855 944 3912 vivens
975 3866 1031 3912 et
1075 3858 1339 3929 ingenita.
1388 3858 1759 3931 Praeterquam
1805 3861 1853 3917 si
1893 3862 2078 3916 dicant

507 3949 729 4019 propria
753 3949 1001 4007 accidere
1036 3952 1303 4008 ambobus
1339 3954 1639 4022 contraria,
1671 3955 1818 4024 quod
1846 3964 1930 4011 est
1954 3970 2076 4010 om-

509 4039 661 4095 nium
706 4043 1116 4109 stultissimum,
1170 4045 1415 4115 ingenito
1460 4046 1605 4101 enim
1656 4047 1792 4102 nihil
1845 4048 2073 4112 accidit;

509 4131 599 4184 cui
620 4132 766 4185 enim
801 4149 910 4188 non
944 4134 1158 4189 accidat
1186 4151 1331 4200 esse,
1364 4136 1493 4191 huic
1532 4153 1708 4207 neque
1746 4139 1929 4194 taliter
1957 4155 2078 4194 esse

508 4215 790 4272 acciderit.
820 4218 975 4285 Quod
1011 4236 1121 4275 non
1149 4228 1255 4288 est,
1279 4236 1388 4276 non
1418 4222 1641 4277 accidit.

578 4307 885 4375 Qualitates
919 4310 1087 4382 igitur
1129 4314 1437 4368 contrarias
1475 4312 1605 4369 licet
1637 4315 1690 4367 in
1732 4316 1898 4371 rebus
1926 4316 2078 4370 inve-

506 4400 649 4467 nire,
680 4401 1019 4458 substantias
1051 4419 1182 4459 vero
1212 4419 1555 4476 nequaquam
1587 4425 1601 4460 :
1639 4405 1822 4460 album
1849 4406 1992 4462 enim
2024 4417 2078 4462 et

505 4494 723 4565 nigrum
751 4496 1027 4552 contraria
1051 4506 1200 4563 sunt,
1223 4507 1514 4570 utrumque
1544 4499 1599 4553 in
1630 4515 1858 4571 corpore
1887 4500 2075 4555 eadem

505 4586 848 4654 substantia;
888 4598 1017 4644 sunt
1047 4598 1226 4644 autem
1269 4591 1397 4645 talia
1438 4593 1637 4660 partim
1686 4592 1958 4646 contraria
1994 4592 2080 4646 in-

507 4688 591 4735 ter
614 4695 695 4744 se,
728 4680 928 4752 partim
955 4697 1065 4737 non
1095 4683 1396 4741 contraria.
1431 4682 1668 4739 Primum
1691 4698 1927 4753 namque
1949 4684 2080 4739 sub-

507 4780 593 4827 ter
637 4788 806 4827 unum
846 4789 1018 4844 genus
1072 4783 1236 4843 sunt;
1275 4784 1506 4845 utraque
1556 4774 1703 4830 enim
1738 4783 1869 4829 sunt
1904 4775 2075 4830 color.

507 4865 716 4922 Deinde
755 4867 859 4922 etsi
893 4867 1174 4922 contraria
1216 4881 1342 4922 esse
1387 4866 1664 4930 videntur,
1700 4874 1881 4919 tamen
1921 4880 2080 4936 aspe-

508 4966 657 5011 ctum
682 4958 833 5014 varie
851 4958 1145 5023 delectant,
1179 4966 1434 5013 neutrum
1466 4958 1610 5012 enim
1643 4957 1860 5012 illorum
1892 4957 2083 5012 immo-

508 5049 790 5106 deratione
817 5050 965 5104 hunc
995 5048 1239 5105 oti'endit.
1266 5048 1380 5104 lmo
1408 5049 1571 5105 etiam
1603 5049 1778 5104 virtus
1804 5056 1860 5104 et
1888 5047 2078 5103 vitium

510 5131 566 5195 ib
593 5142 814 5210 anima;
848 5150 1013 5214 atque
1046 5140 1162 5196 hac
1183 5139 1401 5211 quidem
1435 5139 1734 5206 contraria,
1768 5154 1876 5194 non
1902 5139 2081 5195 solum

512 5235 566 5289 in
597 5234 785 5290 eadem
822 5235 1156 5298 substantia,
1204 5232 1301 5288 sed
1332 5234 1389 5287 in
1419 5246 1530 5287 uno
1564 5247 1762 5303 genere
1794 5230 2083 5286 nominan-

512 5336 637 5380 tur:
670 5334 965 5397 utrumque
996 5325 1142 5382 enim
1175 5332 1260 5381 est
1287 5324 1530 5386 habitus.
1558 5339 1679 5395 quae
1703 5331 1963 5394 tanquam
1995 5337 2081 5377 ac-

511 5417 746 5474 ridentia
796 5421 984 5475 insunt
1029 5419 1083 5474 in
1124 5419 1305 5473 anima
1347 5433 1377 5471 a
1410 5434 1516 5489 qua
1573 5419 1767 5473 abesse
1814 5424 2077 5487 possunt;

511 5512 691 5565 anima
725 5512 779 5566 in
808 5526 916 5582 qua
959 5512 1071 5566 haec
1114 5520 1262 5575 sunt,
1298 5512 1434 5567 alias
1472 5511 1629 5566 aliter
1651 5508 1841 5565 all‘ecta
1889 5517 1944 5563 et
1969 5507 2082 5563 dis-

2185 3215 2564 3287 συντρέχοντες
2586 3229 2601 3244 ο
2640 3210 2742 3281 τῆς
2778 3208 2888 3281 γὰρ
2923 3207 3109 3272 οὐσίας
3149 3204 3349 3276 ὁμοίως
3374 3204 3463 3272 ἐφ’
3495 3203 3754 3274 ἐκατέρου

2182 3304 2586 3375 ὀνομαζομένης
2644 3300 2835 3373 (οὐσία
2883 3297 2992 3368 γὰρ
3038 3295 3190 3361 ζῶσά
3216 3312 3277 3347 τε
3332 3294 3426 3347 καὶ
3462 3293 3755 3364 ἀγέννητος

2183 3394 2403 3466 ἄμφω),
2426 3392 2654 3465 περιττὴ
2688 3390 2872 3444 λοιπὸν
2900 3389 3000 3459 τῆς
3024 3386 3184 3440 οἱονεὶ
3213 3382 3494 3455 ποιότητος
3524 3384 3562 3453 ἡ
3609 3383 3756 3436 ἐνανο

2181 3488 2367 3556 τιότης
2385 3485 2512 3556 (4⁶)’
2533 3485 2583 3537 εἰ
2612 3482 2721 3555 γὰρ
2743 3482 2837 3535 καὶ
2867 3481 2942 3553 μὴ
2971 3478 3199 3552 ἁρμόζει
3232 3477 3324 3531 ἐπὶ
3341 3474 3478 3529 Θεοῦ
3498 3474 3756 3544 ποιότητα

2182 3578 2486 3649 ὀνομάζειν,
2536 3574 2674 3629 ἀλλά
2697 3590 2763 3641 γε
2798 3575 2866 3644 τῇ
2912 3571 3092 3643 ίεννοίιι⁸
3139 3569 3337 3640 τρόπον
3370 3568 3497 3620 τινὰ
3528 3565 3593 3620 τὸ
3621 3560 3755 3619 εἶναι

2182 3670 2277 3725 τοῦ
2300 3667 2500 3722 τοιόνδε
2529 3663 2668 3720 εἶναι
2707 3663 3055 3736 προτερεύει·
3076 3662 3139 3715 τὸ
3178 3660 3234 3714 δέ
3259 3655 3395 3713 εἶναι
3432 3658 3755 3727 σημαίνεται

2182 3760 2284 3830 τῷ,
2341 3758 2500 3812 οὑσία
2544 3755 2694 3822 ζῶσά
2747 3771 2807 3807 τε
2870 3754 2963 3807 καὶ
3019 3753 3330 3823 ἀγέννητος.
3388 3749 3541 3821 Πλὴν
3589 3750 3640 3801 εί
3683 3747 3756 3818 μὴ

2185 3853 2289 3907 ίδια
2331 3853 2486 3921 ίραίεν
2528 3847 2896 3919 ἐπισυμϐῆναι
2925 3845 2996 3899 τὰ
3027 3845 3242 3898 ἐναντία
3282 3843 3597 3915 ἑκατέροις,
3624 3842 3761 3913 ὅπερ

2183 3947 2301 4000 ἐστὶ
2374 3944 2591 3999 πάντων
2651 3939 3005 4013 ἀνοητότερον
3033 3954 3051 3970 ·
3107 3937 3385 4007 άγεννίγτῳ
3436 3934 3544 4006 γάρ
3605 3932 3756 3985 οὐδὲν

2184 4036 2596 4109 ἐπισυμϐαίνειο
2773 4033 2882 4105 γὰρ
2945 4031 3007 4085 τὸ
3077 4026 3217 4084 εἶναι
3284 4028 3359 4100 μὴ
3423 4024 3751 4094 ἐπισυνέϐη,

2182 4130 2356 4200 τούτῳ
2405 4128 2524 4182 οὑδέ
2562 4128 2622 4181 τὺ
2674 4126 2896 4179 τοιῶσδε
2935 4118 3093 4177 εἶναι.
3154 4123 3219 4175 Ὅ
3257 4122 3330 4193 μὴ
3364 4120 3464 4191 είη,
3493 4117 3591 4171 οὐκ
3625 4117 3757 4168 ἐτι-

2185 4240 2249 4276 συ
2257 4223 2493 4293 μϐαίνει.

2254 4314 2557 4385 Ποιοτὴτων
2588 4313 2686 4385 μὲν
2711 4306 3181 4379 οὗν-ἐναντιότητά
3200 4306 3348 4359 ἐστιν
3376 4302 3431 4355 ἐν
3456 4303 3567 4364 τοῖς
3595 4294 3759 4352 οὖσιν

2183 4407 2384 4478 εὑρεῖν,
2410 4404 2594 4469 οὑσίας
2635 4404 2694 4458 δὲ
2741 4401 3010 4474 οὐδαμοῦ·
3053 4399 3245 4454 λευκὸν
3259 4387 3382 4469 ⁹γὰρ
3415 4393 3551 4465 πρὸς
3586 4391 3757 4462 μέλαν

2110 4463 2156 4522 D
2183 4463 2441 4561 ἐναντίαις
2469 4463 2612 4568 ἔχει’·
2663 4463 2922 4567 ἑκάτερόν
2954 4494 3012 4549 δέ
3051 4495 3108 4546 ἐν
3383 4463 3644 4559 ’τῇ-αὑτοῦ
3676 4483 3755 4551 (5)

2181 4591 2377 4661 οὑσίαο
2445 4588 2558 4660 ἔχει
2619 4588 2802 4661 μέντοι
2862 4586 3024 4650 αὑτά,
3078 4583 3155 4657 vti)
3201 4582 3302 4655 μὲν
3336 4580 3598 4642 ἐναντίως
3622 4576 3759 4649 πρὸς

2182 4683 2405 4755 ἄλληλα,
2445 4682 2521 4752 πὴ
2548 4680 2606 4734 δέ
2636 4680 2737 4734 οὑκ
2777 4678 3054 4742 ἐναντίως.
3098 4675 3320 4747 Πρῶτον
3367 4674 3469 4742 μὲν
3511 4671 3622 4742 γάρ
3665 4668 3757 4737 ὑφ’

2184 4773 2241 4827 ἓν
2285 4774 2440 4843 γένος
2497 4773 2636 4836 ἐστὶ,
2664 4770 2862 4842 χρῶμα
2881 4769 2990 4841 γὰρ
3036 4766 3299 4837 ἐκάτερα’
3333 4765 3549 4826 ἔπειτα,
3578 4763 3628 4815 εί
3660 4762 3755 4815 καὶ

2185 4867 2403 4921 ἐναντία
2433 4861 2573 4919 εἶναι
2597 4864 2763 4928 δοκεῖ,
2803 4862 2939 4916 ἀλλά
2966 4879 3029 4931 γε
3060 4863 3127 4932 τῇ
3158 4859 3277 4930 ὀψει
3303 4856 3569 4920 ποικίλοις
3595 4871 3754 4926 προσο

2181 4959 2305 5030 άγει
2335 4960 2434 5031 τὴν
2457 4957 2754 5012 ἀπόλαυσιν
2778 4973 2791 4987 ·
2816 4955 3095 5026 οὐδέτερον
3121 4952 3230 5023 γὰρ
3268 4952 3455 5005 αὑτοῖν
3478 4951 3544 5020 τῇ
3577 4949 3755 5017 ἀσυμο

2187 5051 2383 5124 μετρία
2427 5050 2586 5103 λυπεῖ
2639 5048 2877 5119 ταύτην·
2904 5045 3038 5101 ἀλλὰ
3082 5045 3177 5099 καὶ
3209 5043 3310 5115 ήδη
3352 5042 3521 5113 ἀρετή
3558 5056 3620 5091 τε
3660 5037 3755 5091 καὶ

2183 5143 2349 5198 κακία
2375 5145 2432 5197 ἐν
2463 5142 2633 5214 ψυχῇ,
2661 5141 2737 5206 ὡς
2764 5139 2980 5195 ἐναντία
3022 5138 3120 5209 μὲν
3152 5135 3247 5191 καὶ
3278 5132 3472 5193 ταῦτα.
3500 5132 3563 5184 οὑ
3596 5130 3754 5201 μόνον

2183 5236 2241 5290 δέ
2271 5237 2329 5289 ἐν
2348 5237 2413 5305 τῇ
2438 5235 2575 5305 αὐτῇ
2594 5233 2771 5304 οὐσίᾳ,
2807 5231 2941 5286 ἀλλὰ
2983 5232 3075 5286 καὶ
3113 5231 3170 5283 ἐν
3197 5228 3276 5283 ἐνὶ
3307 5227 3455 5296 γένει
3482 5239 3753 5296 προσαγο-

2189 5326 2436 5398 ρεύεται·
2469 5325 2581 5390 ἕξις
2619 5324 2729 5395 γὰρ
2784 5324 3021 5395 ἑκάτερα
3041 5363 3055 5384 ,
3083 5321 3237 5375 ἅτινα
3274 5319 3370 5373 καὶ⁸
3398 5315 3477 5379 ὡς
3515 5316 3749 5383 ἐπισυμ-

2186 5415 2437 5469 ϐαίνοντα
2475 5413 2620 5484 ψυχῇ
2660 5413 2984 5483 ἐνυπάρχειν
3039 5410 3161 5464 ὅθεν
3193 5410 3288 5462 καὶ
3326 5402 3750 5474 ἀποσυμϐιίνειν

2183 5506 2452 5577 ἐνδέχεται
2482 5506 2599 5577 τῆς,
2622 5507 2679 5557 ἐν
2781 5500 3096 5565 ἐπιταῦτα,
3131 5500 3317 5556 ἄλλοτε
3354 5496 3531 5558 ἄλλως
3560 5493 3755 5547 διακειο

588 5663 1113 5738 ζέἼ--Περιττὴηόἡ
1138 5667 1339 5738 ὲνργτ.
1366 5666 1672 5738 Basnagius
1703 5666 1784 5722 sic
1818 5664 2031 5722 reddit;
2062 5661 2460 5735 Supervacanea
2482 5673 2560 5718 est
2583 5662 2956 5726 contrarietas,
2976 5646 3091 5730 (iure
3115 5659 3245 5729 ipsis
3268 5658 3473 5712 inestut
3496 5650 3755 5721 qualitas.

581 5733 872 5807 {5)Forte,
911 5738 979 5806 τῇ
1006 5736 1163 5804 αὐτῇ.
1206 5736 1361 5792 Enn.
