4008 6208
272 351 406 410 £08!

1349 353 1719 411 ADVERSUS
1759 347 2177 406 MAMCHA‘ZOS
2208 347 2333 403 LIB.
2375 347 2420 403 Ῑ.

3365 338 3503 395 10Βῖ

275 479 478 551 μένης“
507 477 581 542 ὡς
622 472 760 532 εἶναι
813 478 988 550 δῆλον,
1024 479 1098 543 ὡς
1146 481 1174 533 ὁ
1213 479 1310 549 μὲν
1355 480 1484 551 περὶ
1521 479 1620 550 τῆς
1646 477 1834 540 οὐσίας

1960 475 2111 529 insita
2148 493 2161 527 :
2207 481 2268 527 ut
2294 473 2528 542 liqueat,
2561 468 2711 523 aliud
2740 483 2861 524 esse
2899 466 2967 522 de
2994 464 3300 520 substantia
3331 461 3503 534 loqui,

269 571 426 640 λόγος
474 568 797 641 ἀφώρισται,
829 571 858 622 ὁ
884 571 942 624 δὲ
989 572 1114 642 περὶ
1150 571 1257 623 τῶν
1304 570 1474 641 ταύτῃ
1508 567 1831 638 ἐπισυμϐαι-

270 662 467 716 νόντων
493 660 681 733 ἕτερος
713 663 988 732 τυγχάνει.

343 754 535 808 Καίτοι
575 753 638 806 τὸ
677 754 776 824 μὲν
816 754 1007 809 λευκόν
1042 772 1102 808 τε
1129 756 1223 810 καὶ
1259 754 1424 826 μέλαν
1461 754 1606 806 ἔστιν
1629 753 1714 805 ὅτε
1744 750 1838 804 καὶ

272 846 347 909 ὡς
374 843 652 917 ἀχώριστα
697 847 991 918 ἐνυπάρχει
1017 851 1128 911 τοῖς
1177 849 1234 900 ἐν
1268 841 1347 911 οἷς
1378 849 1526 900 ἐστι’
1558 845 1649 899 καὶ
1690 844 1839 914 ὅμως

272 939 448 1002 οὐδεὶς
490 938 709 992 πώποτε
748 940 857 993 ἀπὸ
892 940 1094 993 τούτων
1122 939 1401 1009 ὠνόμακεν
1431 940 1632 1002 ἐκεῖνα,
1673 939 1730 988 ὲν
1759 928 1841 997 οἷς

273 1029 390 1080 im
449 1027 651 1081 ταῦτα·
691 1029 864 1092 οὐδεὶς
920 1028 1050 1099 γὰρ,
1103 1028 1332 1098 θελήσας
1390 1028 1528 1096 γάλα
1566 1026 1839 1096 σημῆναι,

273 1120 396 1190 οὐχὶ
423 1121 620 1192 μᾶλλον
653 1121 758 1192 πρὸ
786 1119 884 1174 τοῦ
906 1122 1047 1175 κατὰ
1071 1120 1164 1175 τοῦ
1196 1121 1365 1183 εἴδους
1394 1121 1491 1189 τῆς
1524 1119 1710 1182 οὐσίας
1731 1117 1845 1170 όνό-

283 1229 447 1282 ματος
475 1211 724 1280 κειμένου
765 1213 1139 1283 κατεχρήσατο
1171 1211 1232 1264 τὸ
1256 1211 1357 1280 τῆς
1381 1210 1728 1278 λευκότητος,
1759 1209 1845 1261 ἵνα

281 1303 355 1372 μὴ
382 1301 496 1355 ἀνθ’
527 1302 647 1364 ἑνὸς
703 1301 872 1355 πολλὰ
917 1303 1203 1374 σημαίνειν
1243 1301 1389 1373 δόξῃ,
1419 1296 1500 1364 οἷς
1527 1302 1843 1371 πρόσεστιν*

278 1395 414 1448 ἀλλὰ
444 1394 547 1464 μὴν
569 1396 663 1447 καὶ
695 1395 904 1465 κόρακα
930 1395 992 1447 οὐ
1018 1394 1096 1465 τῷ
1115 1394 1301 1466 μέλανι
1330 1393 1686 1464 σημαίνομεν,
1715 1389 1849 1444 ἀλλὰ

275 1484 354 1556 τῷ
375 1483 469 1537 τοῦ⁹
513 1483 652 1549 ζώου
695 1485 907 1538 καὶτοῦ
943 1485 1112 1548 εἴδους
1158 1485 1406 1555 ὀνόματι.
1435 1480 1601 1538 Αὐται
1631 1485 1727 1554 μὲν
1757 1479 1849 1535 οὖν

277 1576 372 1630 καὶ
427 1575 676 1630 τοιαῦται
731 1575 1022 1647 ἀχώριστοι
1074 1575 1386 1647 ποιότητες’
1440 1574 1609 1645 ἀρετὴ
1663 1574 1721 1626 δὲ
1759 1575 1852 1627 καὶ

279 1669 445 1722 κακία
465 1670 520 1722 ὲν
540 1669 682 1739 ψυχῇ
698 1669 807 1722 τῶν
829 1667 1338 1739 ὲπισυμὸαινουσῶν
1351 1667 1650 1736 ποιοτήτων
1671 1664 1808 1716 εἰσίν
1833 1680 1848 1692 ·

282 1763 355 1826 ὡς
393 1761 592 1832 μᾶλλον
625 1762 920 1832 προσήκειν
955 1759 1218 1831 μηδαμῶς
1246 1758 1352 1811 ἀπὸ
1403 1755 1604 1810 τούτων
1637 1755 1732 1826 τὴν
1759 1755 1850 1806 οὐ·

1945 568 2090 622 aliud
2116 567 2182 622 de
2205 567 2274 621 iis
2304 580 2424 635 quae
2465 561 2785 618 substantia:
2817 559 3091 614 accidunt.

2011 743 2172 812 Atqui
2205 742 2263 796 ﬁt
2289 741 2606 811 aliquando,
2647 747 2708 794 ut
2737 739 2916 793 album
2951 737 3169 807 quidem
3202 742 3258 792 et
3289 735 3509 807 nigrum

1945 832 2139 886 abesse
2176 845 2285 885 non
2324 831 2538 900 possint
2569 829 2638 884 ab
2676 829 2744 884 iis
2775 829 2829 882 in
2857 828 3058 899 quibus
3099 827 3318 892 insunt;
3348 841 3521 880 nemo

1947 934 2128 977 tamen
2171 917 2241 978 ab
2268 924 2355 976 his
2382 937 2623 992 unquam
2656 923 2748 976 illa
2777 923 2831 976 in
2863 921 3065 991 quibus
3096 919 3210 974 haec
3230 926 3379 984 sunt,
3408 934 3510 973 no-

1949 1015 2177 1069 minavit
2210 1033 2222 1069 :
2253 1015 2439 1068 nullus
2482 1014 2625 1068 enim
2673 1029 2796 1067 cum
2824 1013 2996 1066 voluit
3037 1009 3343 1082 signiﬁcare
3388 1010 3510 1077 lac,

1952 1108 2138 1177 potius
2168 1106 2389 1161 nomine
2426 1106 2534 1160 albi
2570 1105 2791 1170 abusus}
2810 1111 2894 1159 est
2923 1117 3084 1174 quam
3121 1117 3252 1156 usus
3294 1101 3522 1156 nomine

1947 1199 2271 1255 substantiae
2301 1199 2556 1268 imposito
2585 1196 2816 1266 speciei;
2862 1210 2930 1249 ne
2962 1209 3062 1264 pro
3104 1207 3215 1247 uno
3243 1192 3409 1246 multa
3436 1191 3517 1246 si-

1946 1290 2207 1359 gniﬁcare
2253 1287 2524 1351 videatur,
2550 1287 2750 1357 quibus
2786 1285 2927 1339 inest
2965 1283 3123 1337 albus
3166 1282 3519 1350 colorzquin

1951 1381 2117 1434 etiam
2159 1393 2387 1432 corvum
2427 1391 2536 1430 non
2573 1375 2916 1430 declaramus
2958 1371 3177 1426 nomine
3213 1371 3378 1440 nigri,
3419 1369 3520 1424 sed

1950 1464 2172 1518 nomine
2205 1464 2321 1518 avis
2368 1471 2422 1518 et
2469 1461 2692 1532 speciei.
2740 1459 2835 1515 liae
2875 1459 3041 1530 igitur
3093 1467 3148 1514 et
3205 1457 3520 1527 huiusmodi

1951 1554 2248 1623 qualitates
2299 1553 2692 1622 inseparabiles
2725 1551 3092 1606 suntzvirtus
3142 1555 3322 1604 autem
3359 1557 3414 1604 et
3445 1549 3524 1602 vi-

1915 1646 2085 1719 .tium
2120 1647 2174 1700 in
2205 1645 2388 1699 anima
2417 1661 2483 1700 ex
2523 1645 2878 1716 qualitatibus
2898 1658 3021 1714 qua:
3053 1640 3328 1702 accidunt,
3358 1648 3518 1708 sunt;

1956 1745 2015 1791 ut
2047 1737 2224 1807 magis
2251 1737 2562 1801 conveniat,
2603 1745 2662 1790 ut
2691 1735 2914 1790 minime
2937 1734 3187 1789 videatur
3214 1731 3520 1787 substantia

284 1824 406 1902 σίαν
440 1849 548 1902 δεῖν
588 1824 681 1902 tofi
710 1824 996 1920 ἀνθρὼπού
1020 1824 1470 1919 κατηγορεῖσθαι,
1497 1847 1606 1899 δεῖν
1638 1824 1700 1898 δέ
1729 1844 1856 1898 ταύ-

1960 1828 2193 1884 hominis
2225 1829 2292 1883 ab
2321 1829 2408 1883 his
2441 1827 2741 1891 nominari;
2789 1825 2884 1882 sed
2937 1833 3192 1897 Oportere
3229 1824 3371 1878 hanc
3396 1837 3525 1894 pro-

281 1957 380 2010 την
417 1941 561 2004 ἰδίως
586 1940 967 2010 σημαίνεσθαι.
1002 1939 1187 2002 Οὐδεὶς
1215 1937 1344 2007 γοῦν
1372 1939 1454 1999 τὸ,
1493 1937 1544 1991 τί
1589 1939 1734 1990 ἐστιν
1759 1935 1850 1989 ἄν-

283 2030 520 2102 θρωπος,
572 2033 635 2083 ὲκ
672 2031 771 2100 τῆς
812 2031 1035 2102 ἐνούσης
1078 2029 1155 2100 τῷ
1185 2047 1291 2082 τινι
1329 2029 1526 2092 κακίας
1559 2029 1850 2098 ἐσήμανεν,

282 2122 417 2176 ἀλλὰ
447 2123 661 2193 πρῶτον
683 2124 778 2190 τῆς
801 2122 987 2184 οὐσίας
1034 2121 1094 2173 τὸ
1116 2116 1250 2184 εἶδος
1284 2120 1480 2182 εἰπὼν,
1503 2116 1621 2172 εἶτα
1647 2119 1742 2172 καὶ
1767 2119 1849 2183 τὸ,

281 2213 386 2276 τίς,
414 2211 744 2283 προσειπὼν,
774 2210 998 2282 ὕστερον
1023 2213 1315 2281 κατηγορεῖ
1337 2211 1434 2281 τὴν
1457 2210 1736 2280 ποιότητα.

354 2291 658 2374 Ποιοτήτων
701 2303 798 2373 μὲν
854 2298 966 2367 οὖν,
1007 2303 1038 2356 ὃ
1064 2301 1351 2373 προλαϐὼν
1380 2297 1553 2366 εἶπον,
1588 2300 1737 2370 εὖροι
1771 2317 1854 2364 τις

285 2397 351 2451 ἂν
379 2398 438 2450 ὲν
465 2398 580 2458 τοῖς
619 2392 1014 2464 ὐποδεὸηκόσιν
1051 2393 1399 2464 ἐναντιότητα
1427 2392 1535 2446 τῶν
1561 2392 1660 2462 μὲν
1687 2408 1854 2462 χωρι-

286 2487 447 2551 στῶν,
469 2486 579 2540 τῶν
599 2486 657 2540 δὲ
702 2487 796 2540 καὶ
833 2485 1148 2556 ἀχωρίστων
1178 2501 1190 2514 ·
1207 2485 1320 2537 ,ἐπὶ
1341 2484 1397 2536 δὲ
1425 2482 1516 2536 τοῦ
1548 2482 1682 2536 Θεοῦ
1707 2483 1857 2535 πᾶσα

289 2579 385 2649 μὲν
410 2579 628 2647 ποιότης
652 2574 991 2645 ὲκϐέὸληται,
1026 2574 1208 2645 ἐπειδὴ
1235 2591 1296 2642 γε
1319 2573 1466 2626 οὐδὲν
1485 2566 1560 2624 ὧν
1589 2571 1855 2636 καλεῖται,

285 2671 370 2724 Ere
381 2687 470 2741 ρον
501 2669 627 2740 παρ’
662 2669 824 2722 αὐτόν
842 2684 854 2696 ’
879 2665 1082 2730 ἁπλοῦς
1115 2666 1224 2737 γὰρ
1242 2666 1339 2719 καὶ
1357 2664 1648 2727 ἀσύνθετός
1675 2665 1822 2716 ἐστιν
1841 2681 1856 2694 ο

284 2763 433 2834 ὅμως
475 2762 533 2814 δὲ
581 2765 647 2832 τῇ
674 2759 922 2832 ὲννοίᾳ,ὂ
959 2757 1320 2830 προλαὸόντες
1367 2756 1612 2825 εἴπομεν,
1667 2769 1860 2825 προτε-

291 2855 434 2927 ρεύει
456 2855 518 2908 τὸ
546 2852 681 2908 εἶναι
715 2852 810 2907 τοῦ
838 2853 1034 2907 τοιόνδε
1067 2847 1226 2905 εἶναι.

1944 1925 2061 1994 prie
2103 1925 2435 1996 signiﬁcare.
2465 1922 2632 1978 Nemo
2655 1922 2820 1990 igitur
2854 1920 2983 1992 quid
3012 1928 3097 1976 est
3129 1920 3314 1982 homo,
3347 1934 3414 1974 ex
3439 1918 3524 1972 vi-

1948 2018 2024 2072 tio
2069 2017 2216 2088 quod
2265 2018 2427 2072 alicui
2481 2018 2665 2080 inest,
2727 2013 3149 2084 signiﬁcaverit;
3207 2012 3302 2068 sed
3347 2013 3532 2084 primo

1947 2109 2187 2180 speciem
2219 2107 2543 2164 substantiae
2569 2105 2793 2170 dixerit,
2825 2103 3024 2158 deinde
3049 2102 3174 2173 quis
3212 2101 3287 2157 sit
3311 2102 3524 2172 adjicit,

1950 2209 2136 2274 postea
2173 2200 2497 2271 qualitatem
2528 2199 2580 2252 in
2617 2213 2682 2251 eo
2710 2196 2865 2252 dicit.

2022 2294 2328 2360 Qualitates
2367 2292 2536 2362 igitur
2580 2287 2893 2352 contrariae,
2935 2289 3077 2342 sicut
3114 2294 3240 2340 ante
3283 2284 3421 2349 dixi,
3466 2285 3524 2340 in

1951 2386 2021 2441 iis
2053 2401 2175 2455 quae
2206 2367 2484 2448 accidunt,
2515 2381 2741 2452 reperiri
2789 2386 3023 2450 possunt
3066 2377 3263 2448 partim
3305 2376 3524 2448 quidem

1953 2477 2310 2548 separabiles,
2345 2475 2538 2546 partim
2562 2489 2692 2528 vero
2730 2488 2836 2527 non
2869 2473 2959 2527 :in
2994 2470 3106 2527 Deo
3131 2478 3313 2526 autem
3345 2470 3531 2525 omnis

1954 2568 2193 2637 qualitas
2213 2565 2386 2634 ejecta
2412 2573 2530 2631 est;
2560 2561 3003 2634 quandoquidem
3035 2559 3172 2614 nihil
3193 2573 3384 2614 eorum
3408 2572 3533 2628 qua:

1955 2657 2023 2710 de
2065 2672 2130 2710 eo
2159 2655 2442 2721 dicuntur,
2487 2652 2635 2707 aliud
2687 2660 2770 2707 est
2803 2658 3000 2720 praeter
3039 2650 3255 2720 ipsum;
3297 2647 3530 2719 simplex

1960 2749 2105 2804 enim
2156 2758 2239 2804 est
2280 2756 2335 2803 et
2366 2745 2782 2816 compositionis
2821 2758 3014 2814 expers
3039 2762 3052 2796 :
3077 2742 3413 2812 cogitatione
3455 2750 3536 2794 ta-

1964 2856 2106 2905 men,
2137 2849 2198 2893 ut
2231 2837 2488 2910 superius
2518 2836 2725 2892 dictum
2757 2841 2864 2898 est,
2900 2834 3058 2904 prius
3089 2841 3174 2889 est
3206 2846 3330 2888 esse
3367 2847 3533 2902 quam

1961 2930 2121 2984 talem
2146 2944 2293 2984 esse.

1144 3026 1272 3081 CAP.
1314 3025 1381 3080 Χ.
1424 3023 1541 3077 Duo
1576 3023 1806 3093 ingenita
1836 3036 1938 3073 non
1969 3027 2188 3088 possunt
2213 3035 2325 3073 esse
2354 3017 2626 3072 contraria

357 3149 448 3201 Διό
485 3163 682 3218 φαμεν,
735 3145 1112 3206 ἀναλαὸόντες,
1155 3144 1250 3207 ὡς,
1283 3145 1330 3194 εἰ
1371 3142 1604 3213 ἑκάτερα
1634 3139 1668 3193 ἆ
1697 3155 1856 3209 φησιν

2035 3135 2396 3206 Quamobrem
2434 3149 2629 3188 rursus
2672 3132 2930 3197 dicimus,
2985 3131 3032 3185 si
3071 3140 3302 3200 utraque
3345 3143 3536 3184 eorum

288 3239 428 3297 εἶναι
460 3241 695 3304 ἐναντία,
742 3238 897 3292 οὐσία
923 3236 1073 3303 ζῶσά
1113 3252 1172 3288 τε
1214 3235 1308 3287 καὶ
1334 3233 1624 3302 ἀγέννητος
1653 3231 1734 3300 (οὐ
1754 3229 1862 3300 γὰρ

288 3332 670 3410 ἀρνηθεῖεν)’ἢ
702 3333 867 3402 ἄμφω
892 3327 1091 3398 ἀγαθὰ,
1111 3327 1197 3380 ἵνα
1231 3323 1428 3395 μᾶλλον
1451 3323 1588 3392 πρὸς
1609 3320 1670 3372 τὸ
1692 3318 1861 3388 εὐφη-

294 3452 392 3505 μον
414 3430 649 3494 εὐσεϐῶς
679 3429 767 3482 διὰ
791 3429 849 3480 τὸ
880 3426 1046 3487 ὅντως
1088 3421 1146 3476 ὃν
1175 3419 1377 3486 ἀγαθὸν
1411 3420 1503 3470 καί
1534 3411 1861 3474 τούναντίον,

288 3526 480 3595 ἐφασιν
498 3524 616 3593 (5‘),
629 3521 851 3591 ἕλκηται
864 3518 924 3572 τὸ
945 3513 1202 3586 μηδαμῶς
1221 3512 1278 3565 ὃν
1293 3512 1373 3582 (οὐ
1391 3511 1498 3581 γὰρ
1513 3505 1861 3578 ἀντιστρέφο-

295 3617 440 3689 μεν),
466 3616 499 3684 ἢ
531 3615 697 3686 ἄμφω
721 3612 867 3666 κακὰ
885 3629 897 3643 ·
924 3611 984 3664 τὸ
1013 3609 1122 3679 γὰρ
1160 3607 1450 3676 ἀγέννητον
1481 3602 1695 3662 πάντως
1725 3600 1862 3667 ἀγα-

292 3713 403 3765 θόν.
427 3710 630 3762 Αὐτίκα
659 3707 955 3778 ἀγέννητος
976 3705 1004 3756 ὁ
1033 3702 1164 3765 Θεὸς
1197 3699 1478 3768 ὑπάρχων,
1510 3690 1616 3765 ἆρα
1642 3691 1774 3744 αὐτὸ
1804 3691 1866 3743 τὸ

295 3804 371 3876 μὴ
402 3802 724 3874 γεννηθῆναι
766 3800 840 3861 ὡς
881 3797 1048 3851 κακὸν
1098 3794 1243 3864 ἕχει;
1293 3787 1576 3858 Οὐδαμῶς,
1617 3783 1752 3876 αλλ’
1783 3782 1866 3876 id);

293 3855 497 3964 ἓγαθδν
523 3855 746 3962 δηλαδή.
798 3855 894 3950 Ἰζίς
927 3882 1017 3939 οὖν
1048 3887 1080 3956 ἡ
1121 3855 1518 3956 ἇττοκλήρωσ-ις,
1548 3855 1690 3928 τοῦθ’
1735 3873 1867 3925 αὐτὸ

293 3986 526 4059 πρᾶγμά
554 4001 612 4036 τε
669 3985 760 4035 καὶ
808 3979 995 4048 ὄνομα,
1031 3975 1180 4046 παρὰ
1217 3973 1314 4044 μὲν
1342 3968 1576 4041 τῷ-Θεῷ
1609 3966 1770 4020 καλόν
1807 3982 1866 4018 τε

293 4079 389 4133 καὶ
429 4076 628 4144 ἀγαθὸν
679 4069 837 4136 εἶναι,
874 4069 1024 4144 παρὰ
1053 4069 1108 4122 δὲ
1131 4069 1196 4138 τῇ
1249 4065 1438 4134 κακίᾳ,
1463 4063 1537 4126 ὥς
1572 4078 1725 4132 φασι,
1747 4064 1868 4112 τού-

294 4171 504 4225 ναντίον
539 4168 736 4232 κακόν;
764 4165 958 4226 Γενεᾶς
993 4162 1090 4232 μὲν
1115 4160 1221 4231 γὰρ
1245 4155 1492 4229 εὑρεθείη
1519 4155 1582 4207 ἂν
1615 4150 1864 4222 διαφορὰ,

295 4263 525 4332 διαφορὰ
570 4259 750 4330 μέντοι
794 4257 887 4310 καὶ
926 4256 1024 4309 οὐκ
1081 4245 1770 4318 ἐναντιότηςσάγεννησίας
1810 4243 1866 4296 δὲ

295 4356 453 4408 ποίαν
469 4370 551 4416 τις
571 4351 634 4404 ἂν
653 4345 1088 4421 εὐροιδιαφοραν,
1109 4340 1147 4414 ἦ
1169 4341 1268 4396 πού
1286 4358 1348 4410 γε
1365 4338 1731 4408 ἐναντιότητας
1751 4333 1868 4386 Διό-

294 4463 401 4517 περ
426 4444 770 4499 παντάπασιν
800 4439 1079 4501 ἀδύνατον,
1101 4435 1392 4504 ἀγέννητον
1413 4430 1688 4500 ἀγεννήτῳ
1717 4428 1867 4480 ὲναν-

1962 3242 2084 3298 qua:
2114 3226 2442 3280 Manicbaeus
2465 3224 2746 3278 contraria
2778 3238 2916 3286 esse,
2943 3221 3096 3284 dicit,
3123 3221 3430 3276 substantia
3455 3219 3538 3273 vi-

1961 3337 2095 3376 vens
2142 3329 2196 3374 et
2249 3319 2489 3389 ingenita
2525 3325 2690 3381 sunt;
2741 3331 2852 3369 non
2895 3315 3041 3370 enim
3099 3314 3399 3384 negabunt,
3452 3311 3539 3366 vel

1964 3412 2126 3465 ambo
2159 3410 2300 3465 bona
2333 3417 2390 3464 ut
2421 3408 2595 3480 magis
2619 3407 2685 3461 ad
2717 3407 2770 3460 id
2795 3407 2943 3477 quod
2973 3407 3109 3460 bene
3136 3407 3332 3476 pieque
3353 3413 3537 3470 sonat,

1966 3509 2184 3573 propter
2217 3515 2342 3554 vere
2369 3499 2598 3562 bonum,
2631 3497 2812 3566 ipsum
2841 3494 3205 3560 contrarium,
3248 3493 3394 3563 quod
3435 3492 3538 3546 mi-

1965 3592 2111 3646 nime
2135 3599 2239 3655 est,
2280 3589 2568 3656 trahatur;
2605 3603 2713 3642 non
2739 3587 2884 3641 enim
2914 3585 3180 3650 dicemus,
3209 3585 3293 3640 vel
3320 3595 3534 3644 contra,

1965 3685 2011 3739 si
2045 3683 2208 3738 ambo
2255 3682 2432 3736 mala:
2463 3681 2608 3751 quod
2653 3679 2800 3735 enim
2832 3678 3130 3750 ingenitum
3164 3683 3269 3741 est,
3313 3675 3542 3730 omnino

1967 3775 2170 3829 bonum
2221 3780 2326 3828 est.
2373 3771 2650 3826 Continuo
2703 3772 2869 3841 igitur
2912 3767 3057 3824 Deus
3104 3783 3230 3822 cum
3262 3766 3541 3837 ingenitus

1967 3867 2060 3928 sit,
2101 3879 2448 3935 nequaquam
2501 3862 2663 3918 habet
2715 3863 2819 3917 hoc
2858 3862 3038 3931 ipsum
3089 3875 3199 3914 non
3235 3857 3534 3928 ingenitum

1965 3971 2089 4012 esse
2128 3963 2387 4024 tanquam
2432 3955 2659 4018 malum,
2694 3953 2790 4009 sed
2824 3961 3083 4022 tanquam
3132 3951 3332 4004 bonum
3366 3956 3537 4004 certe.

1967 4051 2100 4116 Quae
2120 4049 2284 4120 igitur
2311 4048 2528 4104 sortitio
2559 4048 2663 4103 ista
2689 4047 2932 4102 eamdem
2967 4062 3079 4101 rem
3101 4053 3156 4100 et
3175 4059 3374 4100 nomen
3394 4043 3539 4114 apud

1969 4141 2139 4197 Deum
2162 4141 2380 4212 quidem
2404 4141 2688 4210 pulchram
2715 4148 2769 4195 et
2787 4141 2987 4195 bonam
3011 4154 3134 4194 esse
3158 4156 3172 4205 ;
3197 4144 3386 4192 contra
3410 4146 3540 4192 vero

1969 4235 2166 4288 malam
2211 4234 2355 4304 apud
2385 4233 2612 4296 malum,
2665 4242 2725 4286 ut
2775 4233 2863 4287 isti
2896 4232 3081 4286 aiunt?
3111 4232 3164 4284 in
3195 4230 3545 4299 generatione

1969 4327 2188 4397 quidem
2241 4326 2476 4380 inveniri
2525 4331 2689 4395 queat
2734 4324 3062 4386 diﬂ‘erentia,
3115 4321 3419 4378 differentia
3458 4330 3542 4375 ta-

1970 4434 2117 4483 men,
2154 4426 2208 4474 et
2241 4435 2350 4473 non
2401 4418 2762 4473 contrarium.
2797 4415 2856 4471 ln
2897 4431 2964 4472 eo
2995 4431 3124 4470 vero
3158 4414 3302 4485 quod
3338 4420 3423 4468 est
3455 4413 3543 4466 in-

293 4499 408 4587 τῖοιν
459 4528 624 4583 εἶναι·
679 4531 727 4582 εἰ
774 4527 882 4598 γάρ
914 4543 966 4578 τι
999 4499 1104 4596 εἴη,
1134 4499 1421 4576 οὐδὲν-τῶν
1459 4499 1639 4573 αὐτῶν
1663 4499 1856 4586 ὀφείλει

1969 4510 2212 4580 genitum
2250 4525 2394 4570 esse.
2445 4507 2573 4578 quid
2609 4516 2786 4579 potest
2834 4521 2960 4562 esse
3008 4505 3285 4567 diﬂerens,
3339 4499 3543 4557 nedum

292 4625 419 4681 οὐτε
480 4620 637 4686 εἶναι,
679 4620 800 4674 οὐτε
835 4612 1331 4689 προσαγορεύεσθαι
1375 4610 1454 4682 τῷ
1491 4607 1738 4679 ἐναντίῳ,
1777 4607 1864 4661 ῐνα

293 4715 653 4786 ἀκοινώνητον
747 4715 857 4775 τοῖς
890 4711 1022 4764 πᾶσι
1048 4707 1182 4780 πρὸς
1213 4707 1274 4759 τὸ
1309 4704 1566 4757 ὲναντίον.

1972 4602 2350 4658 contrarium?
2377 4601 2742 4668 Quamobrem
2781 4597 3004 4652 omnino
3031 4596 3146 4651 ﬁeri
3189 4611 3297 4650 non
3341 4601 3540 4664 potest,

1972 4701 2032 4748 ut
2066 4695 2367 4765 ingenitum
2391 4694 2634 4764 ingenito
2664 4690 3000 4748 contrarium
3032 4688 3134 4755 sit;
3161 4687 3206 4742 si
3236 4685 3366 4757 quid
3395 4683 3544 4740 enim

294 4811 390 4871 sit,
465 4779 910 4863 nul-lumneorum
959 4779 1119 4856 debet
1184 4815 1284 4854 nec
1357 4811 1481 4852 esse
1535 4808 1635 4849 nec
1681 4788 1942 4862 appellari
1981 4788 2341 4852 contrarium,
2391 4782 2547 4840 ut'in
2593 4783 2849 4840 omnibus
2891 4782 3059 4838 rebus
3104 4781 3253 4836 nulla
3301 4779 3373 4835 sit
3417 4791 3543 4833 cum

293 4900 579 4956 contrario
609 4897 973 4952 communitas
1003 4909 1068 4947 ae
1102 4891 1359 4946 societas.

365 4995 430 5048 Ei
454 4993 562 5066 γὰρ
600 4992 673 5064 μὴ
722 4990 806 5062 εἴη
845 4990 1022 5060 πάντη
1048 4986 1309 5050 ἐναντίον,
1333 4983 1465 5038 καθὸ
1497 4981 1864 5044 ἐπικοινωνεῖ,

292 5087 399 5144 οὐκ
438 5084 712 5140 ἐναντίον·
778 5081 1018 5136 ἐναντίον
1060 5080 1242 5152 μέντοι
1286 5078 1346 5131 τὸ
1381 5075 1454 5148 μὴ
1493 5075 1550 5129 ὃν
1594 5072 1862 5144 τῷῖδντι·

295 5183 438 5253 τάχα
460 5181 517 5235 δὲ
536 5179 656 5234 οὐδὲ
687 5175 846 5232 τοῦτο
885 5176 983 5247 (6)’
1020 5175 1080 5228 οὐ
1114 5172 1222 5244 γὰρ
1250 5170 1594 5241 διαμάχεται.
1628 5167 1702 5220 Τὸ
1723 5165 1780 5219 δὲ
1807 5165 1868 5220 ὃν

295 5276 376 5346 τῷ
422 5273 535 5327 δντι
585 5272 685 5325 οὐκ
743 5268 1002 5323 ἐναντίον.
1036 5265 1101 5320 Ei
1125 5265 1184 5318 δὲ
1212 5263 1273 5317 τὸ
1303 5262 1364 5316 ὃν
1406 5260 1484 5331 τῷ
1509 5261 1621 5314 ὄντι
1654 5259 1868 5321 πάντως

293 5363 577 5435 ὁμόλογον,
604 5361 662 5416 ἓν
695 5361 756 5414 τὸ
790 5360 880 5415 καὶ
899 5359 1055 5431 μόνον
1086 5354 1299 5425 ἀληθῶς
1329 5353 1386 5407 ὂν
1406 5393 1421 5418 ,
1455 5355 1566 5415 τοῖς
1599 5351 1730 5403 πᾶσι
1773 5346 1868 5402 τοῦ

296 5454 435 5513 εἶναι
455 5457 641 5527 ἄρχον.

399 5744 476 5812 5‘)
506 5742 686 5808 Forte,
716 5743 746 5796 ὅ
777 5759 958 5812 φασιν.
986 5740 1146 5796 Enn.

401 5810 465 5887 6)‘
495 5814 651 5886 Τάχα
687 5808 862 5881 δὲίκ.
909 5829 958 5865 τ.
997 5812 1046 5864 λ.
1081 5813 1215 5868 Sunt
1249 5811 1386 5866 enim
1431 5811 1483 5863 in
1538 5808 1636 5864 Deo
1687 5808 1866 5874 simul,

2045 4969 2102 5024 Si
2139 4968 2282 5023 enim
2311 4982 2417 5021 non
2453 4967 2526 5021 sit
2555 4965 2778 5020 omnino
2806 4962 3164 5025 contrarium,
3189 4969 3460 5032 quatenus
3491 4963 3542 5018 ei

1979 5063 2348 5118 communitas
2380 5075 2505 5113 cum
2549 5059 2722 5113 altero
2765 5065 2870 5122 est,
2904 5073 3011 5110 non
3047 5065 3131 5110 est
3162 5055 3497 5110 contrarium
3526 5076 3545 5110 :

1975 5153 2252 5208 contraria
2300 5163 2481 5206 tamen
2523 5158 2652 5207 sunt
2685 5165 2807 5204 esse
2855 5156 2909 5203 et
2950 5164 3058 5202 non
3093 5163 3236 5202 esse.
3287 5146 3546 5202 Fortasse

1977 5259 2105 5298 vero
2134 5257 2238 5299 nec
2280 5242 2396 5296 haec
2443 5239 2723 5295 contraria
2763 5249 2912 5304 sunt,
2944 5254 3054 5292 non
3099 5238 3243 5292 enim
3278 5246 3542 5307 pugnant.

1979 5333 2138 5400 Quod
2161 5349 2290 5389 vero
2317 5341 2419 5398 est,
2464 5348 2573 5386 non
2606 5342 2692 5386 est
2716 5330 3054 5386 contrarium
3090 5329 3140 5384 ei
3176 5328 3321 5398 quod
3357 5336 3462 5383 est.
3486 5326 3544 5382 Si

1976 5435 2159 5482 autem
2199 5424 2475 5496 quomodo
2503 5433 2587 5479 est
2621 5425 2838 5494 penitus
2864 5437 2988 5476 cum
3018 5437 3084 5477 eo
3114 5421 3260 5492 quod
3297 5428 3382 5476 est
3411 5436 3548 5475 con-

1981 5519 2142 5584 venit,
2177 5533 2342 5572 unum
2369 5526 2422 5570 et
2454 5517 2654 5578 solum,
2691 5515 2835 5586 quod
2865 5530 2992 5570 vere
3023 5523 3128 5581 est,
3160 5516 3415 5570 omnibus
3441 5515 3547 5570 erit

1979 5612 2305 5684 principium
2344 5618 2402 5663 ut
2435 5611 2566 5665 sint.

1980 5756 1996 5784 α
2039 5737 2127 5805 qui
2155 5744 2305 5789 uocat
2334 5751 2395 5788 ea
2416 5750 2531 5803 qua:
2554 5750 2662 5805 non
2681 5741 2824 5798 sunt,
2857 5742 3105 5805 tanquam
3129 5749 3190 5785 ea
3212 5746 3327 5798 qua:
3356 5735 3495 5793 sunt,
3523 5744 3543 5775 ι

1982 5802 2124 5864 sicut
2157 5802 2455 5879 Apostolus
2492 5805 2568 5858 ait
2603 5802 2776 5874 (Rom.
2816 5821 2893 5869 iv,
2919 5803 3028 5875 17).
3062 5803 3334 5859 (Ζηιειυε.
