3968 6914
496 345 642 411 {085

1654 355 1787 410 TITI
1827 352 2262 411 BOSTBENSIS
2298 355 2629 431 EPISCOPI_

3615 369 3748 425 ίοει

852 489 981 546 Cap.
1024 489 1114 546 XI.
1161 491 1394 548 Nomina
1427 497 1698 550 contraria
1729 495 1932 550 duobus
1957 494 2231 563 principiis
2264 493 2464 555 dareda.
2496 497 2838 554 Perturbatio
2866 502 2920 555 in
2950 505 3100 556 rebus
3123 511 3200 556 est
3229 503 3375 557 ora’o.

575 611 740 671 Aiunt
791 624 1053 684 praeterea
1086 617 1253 672 etiam
1289 619 1392 689 ipsi
1435 630 1686 689 oportere
1725 623 1909 676 omnia
1950 634 2072 691 qua:

2243 623 2381 676 Φασὶ
2414 623 2470 676 δὲ
2509 624 2605 677 καὶ
2647 623 2802 676 αὐτοὶ
2851 622 3044 694 χρῆναι
3081 622 3257 675 πάντα
3297 621 3366 673 τά
3420 620 3647 673 ἐναντία
3681 620 3758 691 τῷ

503 715 632 763 sunt
662 705 773 763 Deo
799 709 1077 762 contraria
1100 711 1374 780 appellare
1403 714 1692 768 materiam
1721 733 1734 769 :
1767 715 1918 792 verbi
1950 731 2075 786 gra-

502 801 602 864 tia,
633 800 678 854 si
716 797 890 854 Deum»
915 801 1254 869 appellemus
1295 802 1502 863 lumen.
1537 805 1874 859 contrarium
1911 821 2075 861 voce—

504 905 629 946 mus
678 891 962 954 tenebras;
1005 891 1052 946 si
1094 891 1322 959 honum,
1362 893 1498 949 illud
1531 897 1756 950 malum.
1800 895 1858 950 Si
1891 904 2076 952 tamen

505 981 907 1052 appellaremus
953 980 1122 1037 Deum
1170 983 1342 1053 ipsam
1390 984 1536 1038 illam
1586 987 1891 1052 veritatem,
1927 995 2076 1058 patet

502 1074 810 1130 vocandum
850 1091 974 1130 esse
1007 1076 1344 1130 contrarium
1393 1077 1760 1134 mendacium.
1789 1078 1942 1144 Quod
1980 1095 2076 1134 au-

503 1177 616 1225 tem
655 1182 783 1224 vere
813 1176 918 1231 est,
954 1177 1014 1223 ut
1037 1169 1244 1240 opinati
1293 1178 1445 1234 sunt,
1473 1171 1748 1241 quomodo
1786 1173 1892 1228 erit
1925 1188 2077 1228 men-

504 1260 762 1316 dacium?
796 1259 942 1330 quod
969 1261 1116 1315 enim
1144 1269 1248 1323 est,
1282 1262 1328 1317 si
1368 1262 1586 1316 dicatur
1607 1279 1718 1318 non
1751 1280 1894 1328 esse,
1928 1281 2075 1320 men-

504 1350 722 1406 dacium
748 1350 936 1407 fuerit.
978 1350 1135 1417 Quod
1179 1367 1310 1407 vero
1359 1368 1484 1408 vere
1522 1361 1629 1416 est,
1673 1356 1820 1426 quod
1863 1357 1992 1410 facit
2019 1365 2078 1412 ut

501 1455 692 1494 verum
727 1439 799 1496 sit
832 1456 955 1496 esse
995 1441 1222 1511 aliquid,
1264 1459 1544 1513 nunquam
1577 1447 1680 1499 erit
1710 1447 2073 1502 mendacium.

504 1529 561 1585 Si
592 1533 736 1586 enim
767 1532 914 1587 dicat
954 1549 1097 1597 esse,
1143 1551 1329 1590 verum
1359 1536 1528 1604 dicit;
1555 1539 1601 1594 si
1634 1555 1764 1594 vero
1795 1556 1904 1594 non
1931 1541 2077 1596 dicat

500 1639 640 1688 esse,
683 1632 741 1678 ut
772 1640 882 1678 non
905 1626 1052 1681 dicat
1082 1643 1292 1692 verum,
1325 1645 1502 1699 neque
1540 1630 1682 1686 dicet
1714 1649 1822 1686 non
1846 1650 1989 1698 esse,
2019 1642 2101 1703 ut_

499 1717 818 1772 mentiatur.
857 1717 1014 1784 Quod
1049 1719 1095 1774 si
1125 1719 1272 1775 dicat
1301 1737 1409 1776 non
1442 1738 1596 1788 esse,
1631 1726 1852 1781 notione
1881 1728 2079 1782 menti-

499 1815 622 1874 tur;
648 1825 752 1864 non
777 1817 861 1865 est
883 1811 1049 1881 igitur
1074 1812 1253 1882 ipsum
1278 1815 1646 1880 mendacium,
1665 1833 1790 1873 vere
1807 1819 1950 1874 enim
1970 1828 2073 1877 est.

569 1899 772 1957 Deinde
820 1901 866 1957 si
910 1913 1110 1957 vocant
1163 1903 1258 1958 isti
1309 1905 1515 1960 bonum
1575 1909 2072 1976 immortalitatem,

498 1991 700 2047 malum
741 1995 1013 2049 vocabunt
1046 1995 1328 2050 interitum
1376 2013 1390 2047 τ
1439 2008 1494 2051 at
1530 2000 1690 2069 cujus
1730 2002 1836 2056 erit
1881 2003 2074 2058 interi-

498 2090 608 2149 tus,
658 2085 775 2155 ipse
819 2086 1123 2143 interitus?
1174 2089 1302 2145 boni
1344 2091 1492 2144 enim
1543 2107 1649 2146 non
1700 2095 1949 2164 poterit:
1989 2097 2075 2150 sin

497 2176 602 2230 erit
636 2177 718 2231 sui
756 2177 930 2247 ipsius
959 2179 1237 2247 interitus,
1289 2182 1479 2236 multis
1508 2185 1721 2240 saeculis
1756 2201 1785 2239 a
1815 2202 1874 2241 se
1907 2187 2079 2244 inter-

498 2264 617 2328 ivit,
647 2273 700 2320 et
724 2265 928 2323 frustra
951 2284 1014 2324 ac
1037 2286 1173 2326 vane
1187 2288 1311 2327 eum
1343 2288 1462 2329 esse
1491 2276 1820 2346 cogitatione
1839 2280 2074 2352 ﬁngunt.

497 2355 783 2423 Quomodo
819 2367 999 2416 autem
1047 2365 1154 2418 erit
1188 2366 1486 2424 interitus?
1523 2370 1669 2426 aliud
1705 2386 1942 2444 namque
1974 2378 2078 2430 tol-

498 2449 562 2503 Iit
591 2450 868 2518 interitus,
899 2469 1008 2508 non
1037 2456 1277 2526 seipsum
1305 2476 1320 2524 ;
1349 2459 1434 2516 sin
1457 2477 1586 2517 vero
1611 2466 1873 2535 seipsum,
1903 2484 2080 2540 neque

499 2541 774 2612 principio
813 2545 1117 2602 subsistere
1169 2550 1344 2619 potuit
1379 2568 1392 2603 :
1428 2553 1700 2611 videbitur
1727 2560 1872 2613 enim
1907 2563 2078 2631 magis

499 2649 560 2689 se
600 2633 720 2705 ipse
758 2636 1075 2695 interimere
1107 2657 1271 2711 quam
1316 2661 1438 2702 esse
1471 2665 1485 2714 ;
1519 2649 1774 2706 interitus
1801 2653 1944 2705 enim
1977 2654 2080 2706 im-

500 2727 746 2784 mortalis
776 2744 887 2783 non
930 2740 1110 2800 potest
1142 2737 1446 2791 secundum
1473 2755 1796 2798 communes
1825 2745 2079 2800 notiones

497 2819 754 2889 cogitari.
787 2819 942 2886 Quod
969 2832 1152 2877 autem
1183 2834 1269 2880 est
1300 2827 1630 2898 ingenitum,
1660 2837 1975 2890 necessario
1997 2845 2081 2893 est

499 2910 568 2965 ab
607 2909 834 2966 interitu
884 2912 1118 2968 liberum
1162 2927 1216 2972 et
1257 2929 1546 2986 aeternum,
1585 2923 1729 2979 unde
1769 2936 1821 2981 et
1864 2927 2085 2984 immor-

498 3003 607 3059 tale
647 3020 660 3055 :
695 3020 861 3075 supra
903 3009 1131 3064 mortale
1159 3012 1307 3065 enim
1343 3020 1426 3068 est
1459 3016 1604 3085 quod
1639 3017 1940 3088 ingenitum
1974 3031 2076 3078 est.

499 3093 558 3150 Si
604 3103 786 3151 autem
838 3097 940 3153 hoc
991 3100 1152 3181 habet
1204 3105 1462 3170 materia,
1503 3115 1562 3162 ut
1607 3125 1889 3181 nunquam
1936 3114 2081 3170 facta

498 3188 685 3251 fuerit,
725 3191 873 3258 quod
922 3175 1223 3262 majus'est
1257 3213 1272 3262 ;
1319 3199 1596 3267 quomodo
1645 3175 1759 3257 non
1791 3205 1898 3260 hoc
1929 3208 2078 3276 quod

2173 715 2292 786 Θεῷ
2325 715 2424 787 τὴν
2459 714 2589 787 ὕλην
2622 713 3149 786 προσαγορεύεσθαιο
3176 709 3306 778 οἷον,
3349 713 3446 767 ἐάν
3497 712 3759 783 καλῶμεο

2173 809 2266 861 τὸν
2303 808 2435 861 Θεὸν
2486 808 2625 877 φῶς,
2665 807 2727 859 τὸ
2777 807 3014 860 ἐναντίον
3056 807 3276 868 σκότος’
3307 805 3400 858 ἐὰν
3429 806 3488 858 δὲ
3529 804 3754 871 ἀγαθὸν,

2175 905 2352 956 ἐκεῖνο
2408 901 2574 954 κακόν
2594 918 2607 930 ·
2649 900 2744 954 ἐὰν
2785 899 2966 972 μέντοι
3008 897 3326 968 καλέσωμεν
3356 900 3449 952 τὸν
3496 897 3632 950 Θεὸν
3659 901 3756 950 αὺ-

2174 994 2515 1065 τοαλήθειαν,
2543 993 2784 1064 δηλονότι
2806 991 2866 1044 τὸ
2893 991 3132 1046 ἐναντίον
3162 991 3353 1061 ψεῦδος
3386 989 3722 1060 κεκλήσεται
3739 1005 3756 1020 ⁸

2173 1089 2236 1142 τὸ
2267 1088 2322 1141 δὲ
2351 1086 2563 1157 άληθῶς
2591 1085 2669 1151 ὂν,
2696 1085 2772 1149 ὡς
2798 1084 3146 1155 ὑπειλήφασι,
3183 1083 3297 1146 πῶς
3325 1084 3390 1136 ἂν
3417 1083 3505 1152 εἴη
3527 1081 3760 1150 eam;

2175 1182 2237 1235 τὸ
2274 1181 2373 1252 μὲν
2395 1182 2502 1253 7&9
2533 1180 2606 1250 μὴ
2636 1179 2716 1244 ὃν,
2747 1180 2796 1231 εί
2823 1178 3032 1246 λέγοιτο
3085 1173 3244 1239 εἶναι,
3277 1176 3471 1246 ψεῦδος
3521 1177 3718 1246 amatr;
3743 1193 3756 1204 ·

2175 1275 2236 1328 τὸ
2257 1274 2313 1328 δὲ
2369 1274 2448 1335 ὃν,
2496 1273 2590 1325 καὶ
2626 1269 2842 1342 άληθῶς
2877 1270 2958 1335 ὃν,
3006 1269 3153 1339 αὐτῷ
3185 1270 3262 1339 τῷ
3295 1264 3432 1322 εἶναι
3459 1267 3763 1339 ἀληθεῦον,

2176 1369 2276 1422 οὐκ
2305 1367 2369 1420 ἂν
2392 1367 2474 1437 εἴη
2505 1364 2696 1435 ψεῦδος
2714 1381 2728 1394 ο
2752 1365 2800 1416 εί
2831 1363 2940 1432 7&9
2971 1359 3109 1416 εἶναι
3150 1362 3295 1430 λέγει
3318 1379 3423 1426 τις,
3455 1360 3726 1431 ἀληθεύει
3746 1376 3762 1390 ο

2176 1461 2303 1514 εἰδὲ
2336 1459 2410 1530 μὴ
2430 1458 2596 1526 λέγει,
2623 1458 2703 1510 ὅτι
2725 1455 2892 1520 ἔστιν,
2929 1456 3015 1508 ἵνα
3049 1454 3121 1525 μὴ
3158 1453 3450 1525 άληθεύσῃ,
3485 1453 3602 1506 ἀλλ’
3636 1451 3765 1504 οὐδὲ

2176 1549 2257 1601 ὃτι
2278 1548 2375 1602 οὐκ
2395 1547 2540 1599 ἔστιν
2571 1545 2711 1599 εἴποι
2735 1546 2821 1607 ἂν,
2857 1545 2944 1597 ἴνα
2969 1543 3256 1614 ψεύσηταιο
3275 1543 3378 1596 κᾶν
3403 1543 3761 1614 είπω(6”)δὲ,

2175 1641 2257 1694 ὃτι
2278 1640 2378 1692 οὐκ
2401 1639 2534 1702 ἔστι,
2569 1641 2634 1708 τῇ
2674 1636 2885 1706 ἐπινοίᾳ
2915 1634 3189 1704 ψεύδεται.
3215 1633 3421 1689 Οὐκοῦν
3448 1635 3584 1688 αὐτὸ
3619 1632 3766 1703 ψεῦο

2175 1733 2264 1796 δος
2284 1750 2295 1762 ·
2319 1731 2377 1786 ὃν
2400 1732 2508 1802 γάρ
2532 1733 2624 1784 ἐστ
2635 1749 2680 1783 ιν
2701 1729 2916 1800 άληθῶς

2252 1918 2483 1970 Ἔπειτα
2539 1914 2588 1966 εί
2656 1911 2898 1966 καλοῖεν,
2931 1908 3170 1976 τάγαθὸν
3229 1903 3565 1976 ἀφθαρσίαν,
3629 1902 3768 1972 (900.-

2181 2012 2279 2084 9&v
2335 2008 2660 2080 ὀνομάσουσι
2725 2005 2785 2057 τὸ
2833 2003 3024 2056 κακόν.
3077 2000 3231 2063 Τίνος
3261 1999 3305 2052 δ’
3333 1998 3398 2051 ἂν
3428 1997 3515 2067 είη
3581 1994 3766 2066 φθορὰ

2176 2112 2208 2178 ἡ
2235 2104 2436 2176 φθορὰ;
2471 2101 2564 2156 τοῦ
2604 2101 2700 2172 μὲν
2718 2098 2826 2168 7&9
2855 2095 3060 2165 ἀγαθοῦ
3092 2093 3346 2147 ἀδύνατον
3365 2108 3379 2122 ·
3408 2091 3457 2143 εί
3485 2089 3529 2142 δ’
3554 2089 3764 2157 éawﬁ;

2178 2203 2261 2272 εἴη
2288 2197 2483 2270 φθορὰ,
2515 2198 2570 2248 ἐν
2605 2193 2816 2254 πολλοῖς
2842 2193 2954 2254 τοῖς
2986 2187 3143 2242 αίῶσι
3169 2186 3491 2256 διέφθαρκεν
3530 2183 3759 2253 ἑαυτήν·

2178 2296 2270 2349 καὶ
2307 2293 2480 2364 μάτην
2527 2287 2694 2357 αὐτὴν
2732 2281 2869 2338 εἶναι
2925 2281 3284 2351 φαντάζονται
3310 2321 3320 2331 .
3351 2275 3475 2339 [Ιῶς
3503 2275 3548 2328 δ’
3569 2275 3642 2328 ἂν
3674 2273 3760 2343 εἴη

2179 2384 2386 2456 φθορά;
2431 2381 2644 2439 πάντως
2676 2377 2750 2448 (7)
2790 2375 2896 2448 7&9
2937 2372 3120 2441 ἕτερόν
3148 2388 3202 2423 τι
3231 2369 3460 2439 φθείρει,
3495 2367 3600 2436 οὐχ
3638 2366 3763 2418 ἑαυ-

2177 2479 2302 2548 τήψ
2337 2475 2383 2526 εἰ
2407 2473 2462 2525 δὲ
2501 2470 2721 2539 ἑαυτὴν,
2746 2467 2851 2520 οὐδ’
2885 2465 2949 2519 ἂν
2975 2463 3072 2534 τὴν
3101 2463 3274 2534 ἀρχὴν
3303 2459 3509 2529 ὑπέστη
3529 2475 3543 2488 ·
3586 2457 3760 2526 ὀφθή-

2182 2545 2328 2620 σεται
2358 2565 2466 2634 γὰρ
2497 2560 2690 2630 ἑαυτὴν
2723 2557 3014 2628 φθείρουσα
3049 2553 3248 2626 μᾶλλον
3285 2552 3318 2622 ἢ
3362 2545 3527 2603 οὖσα·
3586 2548 3764 2619 φθορά

2179 2661 2288 2732 7&9
2336 2658 2610 2728 ἄφθαρτος
2669 2650 2946 2710 ἀδύνατον,
2979 2647 3120 2699 κατά
3173 2661 3236 2712 γε
3283 2643 3382 2704 τὰς
3420 2640 3763 2732 κοινάς-ἐπι-

2180 2727 2328 2813 νοίας
2361 2727 2728 2814 ἐπινοηθῆναι.
2766 2739 3074 2807 Ἀφθαρτον
3111 2734 3167 2788 δὲ
3201 2735 3413 2793 πάντως
3441 2731 3502 2782 τὸ
3524 2727 3760 2797 ἀγέννη-

2179 2860 2270 2896 τον
2307 2841 2401 2893 καὶ
2434 2838 2620 2898 ἀΐδιον,
2663 2834 2782 2887 ὅθεν
2826 2831 2921 2884 καὶ
2955 2827 3248 2882 ἀθάνατον⁹
3297 2822 3484 2876 ἐπάνω
3523 2821 3638 2890 7&9
3664 2819 3762 2873 ταῦ

2182 2935 2459 3005 ἀφθάρτου
2489 2931 2547 2983 τὸ
2580 2929 2860 2997 ἀγένητον.
2897 2924 2960 2976 Ei
2989 2921 3045 2974 δὲ
3065 2920 3126 2973 τὸ
3159 2919 3231 2990 μὴ
3255 2916 3506 2986 γενέσθαι

2183 3029 2416 3100 ὑπάρχει
2451 3027 2517 3095 τῇ
2550 3023 2648 3092 ὕλῃ
2679 3021 2862 3092 μεῖζον
2892 3016 2973 3083 ὃν,
3010 3014 3127 3077 πῶς
3155 3012 3274 3082 οὐχὶ
3307 3010 3398 3062 καὶ
3436 3007 3499 3061 τὸ
3534 3006 3768 3100 ἔλαττον

2182 3095 2751 3193 αὑτῇνπροσυπάρξει,
2783 3112 2844 3163 τὸ
2877 3109 2951 3180 μὴ
2985 3106 3283 3177 φθαρῆναι;
3309 3103 3373 3155 Εἰ
3398 3095 3758 3193 δὲΑμὴ-φθείῖ-

2186 3186 2336 3286 ρετάι
2363 3186 2437 3274 ὧς
2471 3209 2661 3270 ἀΐδιος,
2691 3203 2797 3257 οὐδ’
2831 3200 2896 3255 ἂν
2927 3197 3128 3268 ἑαυτῆς
3159 3194 3391 3265 ὑπάρχει
3423 3186 3624 3259 φθορά,
3664 3187 3760 3239 καὶ

499 3277 680 3333 minus
721 3285 826 3345 est,
861 3296 968 3334 non
1002 3283 1050 3337 ei
1084 3283 1250 3353 inest,
1294 3303 1578 3358 nunquam
1635 3293 1846 3347 scilicet
1891 3297 2076 3356 interi-

2183 3277 2276 3364 οὐκ
2302 3306 2366 3359 ἂν
2400 3302 2485 3370 εἴη
2514 3299 2669 3353 οὐσία
2697 3295 2921 3366 φθορᾶς.

498 3384 612 3431 tum
659 3378 910 3448 cepisse?
943 3377 1001 3433 Si
1048 3384 1230 3433 autem
1274 3395 1386 3434 non
1426 3382 1572 3452 capit
1615 3384 1897 3442 interitum
1946 3401 2206 3468 tanquam
2267 3408 2492 3456 gerem-.1,
2560 3403 2739 3460 neque
2791 3385 2878 3443 sui
2911 3383 3084 3454 ipsius
3114 3389 3199 3436 est
3230 3379 3508 3443 interitus,
3535 3384 3594 3432 et
3649 3388 3766 3428 non.

496 3471 602 3527 erit
626 3470 936 3527 substantia
969 3470 1144 3541 ipsius
1170 3471 1447 3530 interitus.

569 3561 677 3618 Sed
722 3562 817 3633 qui
856 3579 922 3617 ex
969 3563 1154 3618 schola
1198 3562 1482 3621 Manicbzei
1529 3569 1758 3637 profecti
1797 3586 1943 3638 sunt,
1973 3579 2076 3631 lm-

497 3655 738 3725 jusmodi
806 3655 1210 3724 disputationes
1250 3672 1374 3711 cum
1438 3659 1688 3720 audiunt.
1761 3666 1934 3732 unde,
1983 3671 2074 3724 iu-

497 3748 727 3819 quiunt,
762 3763 828 3803 ea
859 3747 1067 3803 ordinis
1107 3749 1448 3818 perturbatio
1490 3768 1611 3821 qua:
1659 3754 1712 3807 in
1750 3757 1913 3814 rebus
1954 3776 2074 3816 cer-

499 3840 687 3894 nitur?
731 3839 802 3893 At
845 3855 988 3908 saepe
1040 3840 1247 3894 dictum
1295 3848 1398 3907 est,
1446 3853 1665 3913 propter
1710 3847 2072 3918 ignorantiam

499 3929 698 3984 divina:
743 3929 1158 3999 gubernationis
1205 3941 1260 3985 et
1315 3933 1590 4002 quomodo
1644 3951 1732 3992 res
1792 3939 2074 4012 dispositae

501 4023 647 4089 sint,
685 4021 875 4076 falsam
911 4033 966 4078 et
1016 4022 1235 4092 impiam
1283 4025 1651 4096 cognitionem
1701 4031 1806 4086 sibi
1853 4049 2074 4104 compa-

500 4131 692 4180 rasse,
750 4121 976 4185 propter
1027 4114 1299 4170 inscitiam
1365 4133 1552 4173 eorum
1611 4138 1732 4191 qua:
1789 4127 1930 4180 seire
1971 4128 2074 4181 sibi

499 4205 851 4271 videbantur,
896 4222 1017 4277 quae
1053 4206 1232 4277 pejus,
1271 4224 1433 4278 quam
1475 4211 1518 4264 si
1557 4211 1921 4282 iguorasscnt,
1969 4219 2077 4274 sci--

500 4308 737 4367 verunt;
781 4310 836 4354 et
874 4299 1019 4369 quod
1048 4300 1234 4354 verius
1271 4309 1375 4367 est,
1411 4302 1640 4368 amisso,
1675 4308 1818 4375 quod
1869 4325 2080 4379 quaere-

503 4394 663 4457 bant,
697 4393 851 4462 prius
888 4406 1054 4462 quam
1092 4403 1398 4462 quaererent
1436 4414 1448 4449 :
1483 4395 1782 4465 disputatio
1817 4415 1946 4456 vero
1974 4418 2075 4456 no-

503 4493 616 4540 stra
641 4500 764 4538 cum
798 4491 1014 4555 tempus
1049 4483 1175 4549 erit,
1202 4500 1364 4554 quam
1393 4496 1586 4556 putant
1610 4491 2075 4559 perturbationem

501 4575 712 4631 ordinis
781 4591 1002 4643 rerum,
1071 4576 1276 4631 bonum
1363 4577 1608 4634 ordinem
1683 4596 1806 4638 esse
1867 4599 1899 4638 a
1969 4583 2080 4639 Deo

503 4653 771 4723 altissimo
829 4667 1266 4737 proficiscentem
1289 4706 1302 4730 ,
1360 4668 1610 4724 conﬁciet
1653 4679 1707 4725 et
1743 4674 2032 4728 concludet
2066 4691 2079 4736 ;

501 4767 557 4813 et
597 4775 718 4830 qua:
771 4760 869 4830 ipsi
922 4760 1115 4814 dicunt
1164 4760 1328 4825 mala,
1363 4761 1470 4815 alia
1509 4761 1730 4831 quidem
1765 4765 1818 4818 in
1868 4765 2083 4821 actione

505 4859 714 4904 tantum
759 4851 958 4921 posita,
999 4851 1108 4904 alia
1156 4867 1287 4906 vero
1336 4852 1639 4906 secundum
1689 4854 2080 4922 substantiam,

504 4943 729 4998 minime
761 4945 902 4999 mala
935 4959 1057 4998 esse
1085 4943 1327 4998 docebit.

2284 3575 2425 3624 υταν
2470 3566 2652 3638 μέντοι
2701 3560 2954 3616 τοιούτων
3002 3557 3239 3612 ἀκούωσι
3284 3556 3458 3623 λόγων
3488 3555 3537 3606 οἱ
3572 3555 3634 3606 ἐκ
3665 3554 3757 3609 τοῦ

2181 3663 2457 3723 Μάνεντος
2504 3656 2832 3728 ὁρμώμενοι,
2869 3651 3217 3722 ἀποροῦντες,
3251 3648 3420 3701 Πόθεν
3452 3643 3568 3710 οὖν,
3607 3649 3758 3716 φασὶ,

2180 3755 2248 3808 τὰ
2280 3753 2457 3816 κακὰς
2507 3748 2671 3801 πόθεν
2695 3745 2772 3809 δὲ,
2807 3745 3075 3813 λέγουσιν,
3101 3744 3135 3813 ἡ
3171 3744 3228 3794 ὲν
3276 3743 3387 3805 τοῖς
3442 3740 3760 3811 πράγμασιν

2183 3841 2556 3917 ἑμφαίνομένη
2597 3837 2821 3902 άταξία;
2870 3835 3028 3888 Ἀλλά
3069 3833 3326 3897 πολλάκις
3374 3834 3475 3904 μὲν
3525 3833 3761 3903 εἴρηται,

2182 3939 2262 3990 ὅτι
2299 3937 2366 3990 δι’
2393 3935 2617 4003 ἄγνοιαν
2649 3932 2746 4002 τῆς
2795 3927 2904 3982 τῶν
2953 3926 3294 3999 πραγμάτων
3341 3925 3634 3988 διαθέσεως
3667 3925 3766 3978 καὶ

2181 4033 2278 4103 τῆς
2329 4030 2478 4092 θείας
2523 4027 2860 4096 διοικήσεως,
2902 4022 3101 4092 γνῶσιν
3129 4020 3474 4089 ὲσφαλμένην
3501 4017 3593 4069 καὶ
3623 4015 3763 4103 ﬁlii-

2185 4099 2400 4192 σιρημον
2458 4119 2669 4180 ἑαυτοῖς
2723 4111 3244 4188 ἐπραγματεύσαντο
3291 4109 3359 4162 δι’
3401 4108 3615 4175 ἄγνοιαν
3674 4099 3762 4159 ὧν

2185 4215 2389 4284 γνῶναι
2421 4211 2603 4278 ἔδοξαν
2622 4227 2634 4237 ·
2665 4210 2700 4261 ἃ.
2728 4210 2906 4278 χεῖρον
2936 4205 3202 4274 ἔγνωσαν,
3231 4205 3264 4273 ἢ
3302 4201 3518 4271 ἠγνόουν
3536 4216 3549 4229 ⁸
3582 4199 3675 4251 καὶ
3725 4197 3760 4250 ὃ

2186 4308 2429 4379 ἐζήτουν,
2469 4301 2833 4372 ἀληθέστερον
2866 4297 3226 4358 ἀπολέσαντες
3265 4295 3297 4366 ἣ
3339 4294 3460 4364 πρὶν
3487 4290 3758 4361 ζητῆσαι·

2183 4401 2212 4452 ὁ
2249 4399 2305 4452 δὲ
2335 4397 2490 4466 λόγος
2525 4393 2662 4448 κατὰ
2695 4393 2882 4464 καιρὸν
2917 4391 3013 4462 μὲν
3054 4390 3147 4444 καὶ
3176 4388 3274 4459 τὴν
3306 4388 3436 4457 παρ’
3465 4385 3647 4446 αὐτοῖς
3675 4399 3766 4434 νο-

2188 4490 2484 4562 μιζομένην
2531 4486 2640 4540 τῶν
2690 4485 3028 4556 πραγμάτων
3085 4480 3331 4547 ἀταξίαν,
3361 4477 3614 4543 εὐταξίαν
3663 4477 3766 4544 τὴν

2184 4583 2442 4637 ἀνωτάτω
2475 4575 2607 4633 Θεοῦ
2640 4578 2991 4648 παρέχοντος,
3021 4573 3320 4639 ἀποδείξει·
3362 4572 3456 4626 καὶ
3502 4569 3572 4623 τὰ
3608 4568 3764 4636 λεγό-

2188 4693 2322 4747 μενα
2361 4675 2498 4746 πρὸς
2541 4670 2720 4725 αὐτῶν
2754 4669 2898 4724 κακὰ
2928 4667 2996 4721 τὰ
3030 4667 3127 4739 μὲν
3158 4667 3234 4728 ὡς
3275 4663 3627 4736 πραττόμενα
3669 4661 3766 4730 μό-

2184 4785 2292 4822 νον*
2325 4766 2394 4820 τὰ
2420 4765 2475 4819 δὲ
2514 4766 2633 4818 κατ’
2661 4763 2847 4816 οὐσίαν
2897 4759 3097 4832 ἥκιστά
3132 4775 3195 4827 γε
3222 4757 3373 4822 ὄντα,
3407 4754 3556 4808 κακὰ
3579 4752 3760 4819 δείξει,

1401 5039 1530 5094 Car.
1573 5039 1686 5094 XII.
1727 5041 1802 5097 De
1846 5045 2076 5098 materia
2116 5041 2243 5113 quid
2287 5041 2520 5095 sentiant
2549 5036 2854 5092 Manio/uri.

578 5163 726 5227 Erat,
772 5164 949 5236 inquit
987 5162 1340 5228 Manichacus,
1395 5173 1629 5234 tempus.
1676 5181 1798 5217 cum
1849 5166 2075 5221 materia

505 5259 627 5316 sine
665 5258 857 5315 ordine
902 5258 1223 5324 ferebatur;
1267 5264 1321 5312 et
1363 5257 1677 5325 generabat,
1710 5266 1764 5312 et
1795 5258 2077 5313 crescebat

580 5388 693 5473 (Ὺ).
709 5397 900 5473 Fgrte.
924 5400 1082 5473 sirm.
1098 5399 1232 5454 Enrr

580 5466 657 5538 t7)
689 5469 822 5536 Πῶς
850 5469 902 5523 δ’
931 5469 1009 5525 ἂν
1025 5466 1123 5538 εἴη
1157 5468 1382 5540 φθοράς
1414 5467 1589 5540 πάντ.
1623 5466 1801 5540 Locus
1828 5467 2077 5540 mutilus,

511 5537 882 5594 restituendus
921 5537 1256 5610 proinde‘ex
1298 5541 1505 5610 iisqua:
1553 5538 1714 5610 habet
1769 5537 2079 5610 Stephanus

506 5610 781 5673 Gobarus,
811 5612 901 5678 qui
923 5607 1050 5663 Ἰκιξο
1078 5611 1194 5678 ipsa
1220 5610 1325 5663 Titi
1358 5607 1668 5662 Bostrensis
1692 5609 1856 5662 verba
1886 5607 2082 5678 recitat

510 5679 654 5750 apud
692 5678 940 5732 Photium
973 5677 1223 5734 Biblioth.
1249 5681 1370 5733 cod.
1405 5693 1648 5750 ccxxx",
1685 5693 1804 5750 pag.
1840 5677 1963 5750 89i,
1990 5678 2078 5750 ubi

509 5748 591 5806 sic
626 5751 855 5816 legimus
881 5767 892 5801 :
931 5750 1052 5812 Πῶς
1087 5750 1132 5802 δ’
1159 5751 1224 5801 ἂν
1253 5750 1335 5819 εἴη
1376 5748 1550 5819 φθορὰ
1579 5749 1777 5818 ἑαυτῆς
1807 5750 1838 5818 ὴ
1871 5748 2078 5818 φθοράς

512 5768 591 5806 SIC
627 5767 892 5816 ιυιζιηὶιιδε
933 5767 1052 5812 ιιως
1087 5767 1128 5802 0⁷
1159 5767 1224 5801 αν
1253 5767 1299 5800 ει
1376 5767 1550 5819 φθορά
1579 5767 1777 5818 εαυτης
1807 5767 1838 5818 η
1871 5767 2078 5818 φυορα;

512 5824 627 5888 Quo
650 5831 826 5875 autem
852 5821 1002 5876 modo
1021 5820 1286 5887 corruptio
1305 5767 1461 5886 Pueri!
1480 5820 1562 5871 sui
1587 5820 1752 5887 ipsius
1776 5821 2042 5886 corruptio
2061 5821 2082 5861 9

2253 5157 2363 5215 Ἦν
2389 5161 2500 5233 γάρ
2534 5176 2686 5221 ποτε,
2709 5158 2893 5230 φησὶν,
2928 5156 3016 5210 ὅτε
3043 5158 3077 5226 ἡ
3113 5153 3210 5224 ὕλη
3239 5154 3467 5222 ὴτάκτει
3490 5151 3587 5205 καὶ
3608 5151 3761 5219 ὲγὲνι

2185 5273 2272 5320 να,
2311 5254 2406 5306 καὶ
2436 5251 2718 5323 ηὐξάνετο,
2743 5250 2836 5302 καὶ
2869 5247 3092 5302 διετέλει
3120 5245 3320 5309 πολλὰς
3348 5244 3763 5315 προϐαλλομένη

2192 5393 2312 5448 Mox
2338 5409 2402 5448 ex
2432 5391 2618 5447 eodem
2648 5387 3028 5460 Stephanos‘ic
3056 5384 3341 5460 legendum
3376 5382 3519 5460 apud
3549 5382 3755 5460 Titum:

2177 5464 2395 5535 ’Φθοράν
2427 5463 2535 5532 7&9
2568 5453 2842 5535 ἄερθαρῖτον
2883 5453 3141 5535 ἀδύνατον
3175 5457 3314 5535 κατά
3352 5453 3556 5535 γε’τὰςν
3583 5454 3759 5535 κοινάς

2189 5526 2395 5597 ἑννοίας
2426 5526 2775 5604 ἐπινοηθῆναι
2809 5546 2956 5604 ποτε.
2992 5526 3141 5582 Fieri
3165 5528 3436 5604 enim_non
3467 5534 3661 5591 potest,
3685 5526 3762 5604 in:

2190 5599 3008 5673 corruptibilthcorruptionem
3062 5599 3325 5673 communi
3367 5612 3525 5673 sensu
3573 5599 3761 5662 percipi

2191 5666 2482 5742 aliquando
2526 5688 2695 5742 posse.
2735 5666 2856 5742 Ilaec
2899 5670 3162 5742 debemus
3201 5666 3569 5742 Wesselingio
3610 5682 3664 5717 ν.
3712 5682 3761 5718 c.

2194 5738 2292 5800 lib:
2320 5747 2452 5815 sing.
2493 5738 2759 5796 I’robabil.
2790 5757 2908 5810 cap.
2941 5740 3033 5804 ‘20,
3071 5756 3190 5810 pag.
3222 5738 3342 5793 168.
