4008 6208
249 217 387 288 mss

1308 241 1682 300 onensus
1720 243 2146 302 MANianaos
2177 223 2314 302 LIB,
2347 222 2412 304 If"?

3345 255 3484 314 £086

241 348 498 418 δυνάμεις
517 364 531 377 ·
567 349 860 418 αὐξηθεῖσα
903 352 1078 407 τοίνυν
1105 353 1356 423 ἀνήγετο,
1381 355 1482 408 οὐκ
1523 356 1693 409 εἰδυῖα
1725 355 1815 408 τοῦ

1924 375 1988 414 ac
2045 361 2244 417 multas
2293 369 2594 432 potestates
2653 363 3030 434 producebat;
3095 373 3256 420 aucta
3321 369 3486 440 igitur

241 439 447 508 ἀγαθοῦ
479 440 579 512 τὴν
613 440 865 512 ὕπαρξιν.
894 443 979 506 Ὠς
1011 444 1067 497 δὲ
1090 445 1181 497 ἐπὶ
1205 445 1364 498 πλέον
1394 446 1685 516 ἀναχθεῖσα
1707 441 1815 500 εἶδε

241 535 342 605 τὴν
374 533 478 603 γῆν
502 550 562 586 τε
595 535 689 588 καὶ
724 534 785 588 τὸ
808 534 923 603 φῶς
947 535 1041 588 τοῦ
1067 536 1295 604 ἀγαθοῦ,
1326 534 1580 607 ἐπιϐῆναι
1601 539 1714 599 τοῖς
1740 537 1815 608 μὴ

245 627 396 690 ίδίοις
419 628 704 699 ἐπιχειρεῖ·
722 629 751 682 δ
779 627 835 679 δὲ
859 628 1061 697 ἀγαθὸς
1072 629 1298 700 δύναμιν
1327 630 1646 684 ἀποστέλλει
1664 631 1810 697 τινά,

242 713 276 790 ᾖ
310 718 404 772 καὶ
451 717 622 788 ὄνομα
662 717 723 771 τὸ
767 719 924 786 δόξαν
959 720 1108 791 αὑτῷ
1150 720 1442 793 ἐπιτίθησι,
1480 721 1816 791 φυλάξουσαν

244 810 344 880 μὲν
385 808 546 879 δῆθεν
572 811 700 874 τοὺς
736 811 914 884 ὅρους,
940 811 1006 866 τὸ
1034 811 1078 865 δ’
1111 812 1308 883 ἀληθὲς
1333 813 1521 886 δέλεαρ
1555 815 1818 886 ἐσομένην

243 901 325 964 είς
356 899 609 954 ἀκούσιον
632 904 698 972 τῇ
723 901 826 975 ὕλῃ
844 905 1220 976 σωφρονισμόν
1247 923 1259 935 ·
1291 905 1319 958 δ
1360 906 1424 978 δὴ
1470 908 1563 959 καὶ
1603 907 1814 976 γέγονε.

239 991 563 1062 Θεασαμένη
619 991 729 1064 γὰρ
776 995 811 1066 ἡ
859 994 956 1065 ὕλη
1009 995 1106 1067 τὴν
1143 998 1536 1052 ἀποσταλεῖσαν
1588 999 1816 1071 δύναμιν

241 1083 638 1154 προσεκίσσησε
658 1085 776 1154 μὲν,
789 1085 864 1149 ὡς
877 1086 932 1139 δὲ
946 1085 1043 1160 (7')
1059 1088 1363 1159 ἐρασθεῖσαο
1382 1092 1527 1162 ὁρμὴ
1541 1091 1597 1145 δὲ
1613 1091 1817 1145 πλείονι

240 1171 482 1226 λασοῦσα
525 1174 728 1246 ταύτην
780 1177 1038 1230 κατέπιεο
1075 1181 1171 1234 καὶ
1227 1181 1381 1253 ἐδέθη
1430 1184 1625 1256 τρόπον
1674 1184 1815 1250 τινὰ,

240 1264 432 1335 ὥσπερ
459 1264 663 1337 θηρίον.
696 1269 1008 1341 Κέχρηνται
1041 1272 1149 1344 γὰρ
1178 1276 1271 1328 καὶ
1306 1275 1438 1346 τῷδε
1458 1276 1534 1346 τῷ
1564 1277 1814 1346 ὑποδείγα

244 1373 395 1425 ματι,
445 1357 520 1418 ὡς
578 1357 644 1411 δι’
694 1359 907 1430 ἐπῳδῆς
943 1361 1044 1432 τῆς
1097 1365 1493 1438 ἀποσταλείσης
1536 1368 1817 1439 δυνάμεως

241 1449 553 1520 ὲκοιμίσθη.
590 1449 785 1518 Γέγονε
834 1451 1009 1506 τοίνυν
1055 1454 1200 1525 μίξις
1245 1459 1336 1510 καὶ
1383 1461 1578 1528 κρᾶσις
1605 1459 1812 1520 τοῦτον.

242 1539 398 1611 φησὶ,
434 1538 524 1592 τὸν
552 1543 752 1612 τρόπον
779 1545 878 1614 τῆς
908 1561 966 1596 τε
1002 1547 1404 1620 καταποθείσης
1423 1550 1703 1620 δυνάμεως
1723 1551 1814 1604 τοῦ

243 1628 451 1698 ἀγαθοῦ
514 1633 607 1685 καὶ
654 1633 751 1704 τῆς
804 1636 1178 1709 καταπιούσης
1223 1638 1385 1710 ὕλης·
1429 1642 1523 1694 καὶ
1558 1641 1731 1706 οὕτως
1758 1642 1816 1708 ἐξ

1920 452 2250 508 evehebatur
2301 453 2556 510 nesciens
2592 454 2951 510 substantiam
2998 455 3147 511 boni.
3189 457 3484 532 Postquam

1917 559 2050 598 vero
2092 545 2267 614 magis
2305 551 2490 599 evecta
2518 547 2669 601 novit
2691 556 2889 604 terram
2923 557 2979 606 et
3006 551 3188 608 lumen
3221 553 3368 616 boni,
3400 556 3488 609 ni-

1919 636 2135 690 tebatur
2181 637 2478 692 ascendere
2515 637 2584 692 ad
2617 654 2678 694 ea
2712 657 2834 710 qua:
2872 657 2983 697 non
3015 650 3171 698 erant
3215 647 3434 716 propria
3465 665 3480 701 :

1919 725 2104 782 Bonus
2139 742 2270 782 vero
2317 734 2639 798 potestatem
2686 731 2976 801 quamdam
3011 735 3200 799 mittit,
3249 739 3338 791 cui
3380 753 3484 792 no-

1918 833 2043 873 men
2079 818 2226 888 quod
2257 819 2306 873 ei
2333 820 2509 876 visum
2534 832 2640 888 est,
2669 822 2926 894 imponit,
2951 827 3346 883 custodituram
3375 829 3495 886 sci--

1920 911 2047 967 licet
2069 912 2408 982 praescripta,
2434 928 2495 967 re
2528 925 2711 969 autem
2737 930 2866 971 vera
2900 915 3139 972 futuram
3169 919 3287 989 ipsi;
3314 928 3484 976 mate—

1924 1005 2021 1060 riae
2053 1005 2365 1060 illecebram
2401 1012 2455 1060 et
2502 1005 2918 1063 invitamentum
2959 1008 3025 1063 ad
3055 1009 3481 1067 moderationem

1918 1094 2044 1163 ejus
2095 1107 2126 1146 a
2173 1093 2454 1147 voluntate
2504 1092 2756 1148 alienam.
2809 1093 2961 1160 Quod
3011 1095 3228 1164 quidem
3279 1095 3483 1150 factum

1917 1195 2002 1241 est
2041 1201 2053 1236 :
2087 1200 2212 1240 cum
2255 1187 2401 1240 enim
2448 1184 2678 1242 vidisset
2725 1188 2949 1242 materia
2993 1196 3318 1257 potestatem
3351 1188 3492 1244 mis—

1918 1293 2037 1333 sam
2077 1279 2234 1350 quasi
2280 1278 2560 1342 adamans,
2605 1279 2916 1349 concupivit
2959 1279 3174 1349 quidem
3213 1295 3354 1348 eam,
3386 1280 3494 1336 sed:

1919 1370 2228 1426 ardentiore
2258 1370 2495 1440 appetitu
2530 1370 2855 1439 prehensam
2901 1371 3204 1435 absorbuit,
3248 1381 3304 1428 et
3343 1387 3482 1443 quo-

1919 1455 2041 1509 dam
2077 1456 2241 1511 modo
2298 1464 2556 1526 tanquam
2610 1457 2788 1512 bellua
2827 1459 2990 1529 ligata
3025 1467 3128 1514 est.
3178 1458 3274 1514 Usi
3305 1467 3483 1516 autem

1919 1557 2046 1603 sunt
2091 1547 2196 1602 hoc
2253 1549 2540 1619 exemplo,
2587 1559 2843 1619 tanquam
2903 1552 3156 1607 cantione
3200 1551 3495 1622 potestatis-

1921 1640 2099 1692 missa:
2126 1638 2359 1707 sopitam
2393 1655 2534 1694 esse.
2567 1637 2735 1694 Facta
2771 1641 2940 1710 igitur
2963 1650 3067 1707 est,
3096 1642 3271 1708 aiunt,
3300 1641 3488 1696 mistio

241 1722 444 1792 ἀμφοῖν
472 1723 880 1796 ὲδημιουργήθη
914 1728 1032 1780 τόδε
1066 1731 1195 1788 πᾶν.
1227 1731 1333 1783 ύπό
1362 1731 1454 1784 τοῦ
1487 1732 1691 1801 ἀγαθοῦ
1724 1734 1815 1805 δη-

1921 1736 1975 1783 et
2005 1731 2322 1800 temperatio
2361 1729 2428 1784 ad
2468 1732 2616 1785 hunc
2649 1732 2869 1786 modum
2896 1751 2911 1800 ;
2943 1733 3308 1804 absorptaque
3328 1743 3484 1804 pote-

241 1811 399 1884 λαδή·
451 1815 512 1866 οὐ
538 1814 646 1887 γὰρ
681 1815 747 1870 ἂν
781 1819 1111 1889 προύνόησεν
1151 1823 1182 1891 ή
1228 1822 1393 1876 κακία
1423 1823 1629 1895 κόσμου
1666 1824 1816 1893 γενέ-

243 1921 403 1968 σεως.
435 1903 712 1962 Ἐντεῦθεν
742 1909 798 1962 δέ
832 1928 960 1979 φασι
993 1912 1060 1965 τὰ
1089 1913 1188 1983 μὲν
1219 1915 1422 1982 ἀγαθά,
1459 1915 1525 1969 τὰ
1551 1917 1609 1969 δὲ
1646 1921 1812 1983 κακά,

159 2076 170 2083 .
239 1996 343 2066 τῆς
369 1999 616 2069 κράσεως
649 2001 862 2072 ἐκείνης
904 2005 997 2057 καὶ
1030 2005 1132 2075 τῆς
1161 2007 1378 2060 συνόδου
1411 2012 1523 2062 τοῖν
1559 2007 1702 2062 δυοῖν
1729 2010 1815 2064 διὰ

238 2089 342 2160 τῆς
373 2091 742 2164 ἐναντιότητος
782 2095 889 2148 τῶν
930 2097 1055 2169 τῇδε
1100 2101 1436 2170 πραγμάτων
1485 2103 1817 2178 ἐμφαινομέ-

241 2198 361 2252 νης.
879 2196 882 2200 ’

1918 1829 2057 1875 state
2089 1820 2238 1885 boni,
2282 1829 2337 1876 et
2387 1822 2616 1875 materia
2665 1823 2990 1879 absorbente
3027 1824 3106 1878 sic
3147 1840 3212 1879 ex
3256 1830 3487 1894 utraque

1919 1911 2245 1966 fabricatum
2286 1927 2408 1966 esse
2459 1912 2799 1981 universum,
2829 1929 2860 1966 a
2896 1914 3038 1969 bono
3082 1914 3337 1975 scilicet;
3374 1931 3483 1969 non

1917 2003 2063 2060 enim
2116 2004 2320 2057 malum
2369 2004 2604 2073 providit
2655 2011 2836 2059 ortum
2885 2005 3095 2060 mundi.
3142 2004 3281 2059 Hinc
3330 2005 3485 2061 aiunt

1919 2098 2026 2152 alia
2057 2097 2276 2167 quidem
2321 2097 2464 2152 bona
2507 2112 2665 2174 esse,
2712 2098 2817 2151 alia
2843 2114 2974 2154 vero
3013 2099 3171 2164 mala,
3217 2098 3360 2153 facta
3389 2100 3485 2154 mi«

1919 2189 2101 2245 stione
2135 2189 2228 2242 illa
2254 2197 2308 2244 et
2333 2175 2734 2243 duorum'coitu
2770 2204 2866 2258 per
2883 2190 2990 2243 vim
3029 2191 3356 2244 contrariam
3397 2206 3487 2245 rc-

1912 2297 2059 2345 rum,
2083 2295 2204 2350 quae
2225 2280 2315 2335 hic
2344 2290 2491 2337 sunt.

627 2369 758 2424 ΟΜ).
792 2370 929 2425 XIII.
966 2373 1157 2427 Anima
1189 2392 1220 2426 α
1249 2374 1380 2427 bono
1418 2375 1696 2445 principio,
1730 2394 1764 2429 a
1799 2374 1940 2429 malo
1968 2382 2143 2426 autem
2168 2388 2378 2440 corpus,
2411 2372 2692 2427 secundum
2734 2370 3074 2426 Manichaee.

322 2459 597 2531 Ὁρίξεται
628 2462 682 2514 δὲ
708 2463 882 2535 ψυχὴν
912 2466 1009 2536 μὲν
1050 2467 1265 2520 ἃπασαν
1301 2464 1435 2522 εἶναι
1467 2470 1566 2540 τῆς
1594 2469 1810 2540 μερίδος

238 2551 338 2605 τοῦ
369 2553 592 2620 ἀγαθοῦ,
625 2555 785 2626 σῶμα
820 2557 875 2610 δὲ
912 2559 1003 2611 καὶ
1036 2559 1131 2628 τὴν
1178 2559 1374 2631 σάρκα,
1409 2562 1506 2632 τῆς
1550 2561 1703 2632 ὕλης,
1734 2561 1811 2632 πὴ

241 2645 346 2714 μὲν
381 2645 713 2715 κατέχουσαν
735 2649 810 2712 ὡς
843 2651 900 2702 ὲν
928 2651 1118 2722 εἱρκτῇ
1140 2651 1238 2722 τὴν
1268 2652 1467 2723 ψυχὴν,
1499 2652 1574 2724 πὴ
1598 2653 1653 2706 δὲ
1677 2670 1809 2706 κατ-

236 2735 507 2804 εχομένην
547 2735 622 2798 ὡς
663 2735 848 2808 θηρίον
886 2739 1020 2810 πρὸς
1043 2740 1142 2811 τῆς
1172 2742 1406 2813 ἐπῳδῆς.
1437 2742 1591 2796 Οῦτω
1620 2743 1716 2813 μὲν
1748 2741 1811 2813 δὴ

239 2828 604 2898 σοφισάμενος
643 2829 741 2901 τὴν
782 2829 913 2902 ὓλην
954 2833 982 2884 ὁ
1014 2833 1217 2902 ἀγαθὸς
1276 2836 1499 2907 κόσμου,
1537 2837 1689 2907 φησὶ,
1721 2836 1811 2905 γέ-

234 2937 364 2989 γονε
396 2921 750 2992 δημιουργός·
789 2924 889 2977 οὐκ
932 2923 1299 2997 ἀντιποιηθείς
1341 2945 1404 2996 γε
1439 2927 1529 2980 τοῦ
1553 2927 1813 3000 δημιουρ·
1837 2951 1882 3009 c

232 3011 408 3080 γῆσαι
457 3010 620 3064 αὐτὸν
659 3011 991 3081 (ἀνθίσταται
1025 3016 1132 3088 γάρ
1175 3018 1366 3091 αὐτῷ),
1403 3019 1536 3073 ἀλλὰ
1581 3019 1667 3072 διὰ
1713 3020 1810 3088 τὴν

231 3103 610 3156 ἐπανάστασιν
639 3103 738 3174 τῆς
766 3105 984 3169 κακίας,
1023 3109 1089 3178 ἣν
1143 3112 1485 3182 σωφρονῆσαι
1530 3111 1773 3182 διενοήθη
1794 3129 1806 3140 ·

231 3195 299 3248 ού
349 3195 533 3266 μέντοι·
579 3195 767 3265 γέγονε
805 3196 1026 3251 δυνατὸν
1064 3200 1263 3264 ἐξελεῖν
1311 3203 1409 3272 τῆς
1466 3202 1663 3266 κακίας
1702 3202 1810 3254 τῶν

232 3288 580 3358 φαινομένων
623 3289 962 3362 πραγμάτων
1005 3291 1094 3344 τὸν
1139 3293 1234 3356 ἱὸν,
1261 3292 1487 3346 ἕπεσθαι
1530 3293 1586 3346 δὲ
1628 3292 1810 3346 τοῦτον

231 3379 586 3450 δεικνύμενον
629 3385 692 3435 ὲκ
724 3384 825 3453 τῆς
858 3385 1083 3447 ἀταξίας
1125 3385 1215 3438 καὶ
1246 3385 1363 3454 τῆς,
1390 3384 1464 3447 ὡς
1492 3384 1807 3455 ὑπείληφεν,

234 3473 557 3544 ἀνισότητος
581 3473 688 3526 τῶν
721 3476 839 3529 καθ’
859 3478 1028 3548 ἡμᾶς,
1057 3477 1243 3530 τοῦτον
1273 3478 1373 3548 μὲν
1397 3477 1665 3540 πλουτεῖν,
1688 3476 1810 3530 τοῦ-

230 3580 334 3616 τον
382 3565 440 3618 δὲ
478 3565 752 3619 πένεσθαι·
795 3569 1005 3622 καὶτὸν
1043 3570 1139 3639 μὲν
1184 3569 1432 3634 εὐδοξεῖν,
1467 3569 1559 3623 τὸν
1591 3569 1648 3622 δὲ
1690 3570 1811 3624 ἀδο-

236 3656 352 3720 ξεῖν
371 3671 384 3685 ⁶
416 3657 512 3710 καὶ
543 3657 643 3711 ὅσα
669 3657 913 3714 τοιαῦτα.
944 3660 1016 3712 Τό
1050 3678 1107 3713 τε
1136 3660 1198 3731 δὴ
1226 3659 1656 3731 σπουδαζόμενόν
1696 3664 1810 3714 ἐστι

232 3749 318 3820 τῷ
349 3750 539 3820 ἀγαθῷ
571 3752 668 3822 τὴν
709 3750 886 3824 ψυχὴν
928 3751 1287 3822 ἐλευθερῶσαι
1325 3753 1421 3822 τῆς
1454 3753 1683 3817 κακίας·
1721 3753 1812 3805 καὶ

233 3841 442 3912 ταύτην
493 3843 752 3913 ἀντλῆσαι
788 3845 987 3916 τρόπον
1016 3845 1138 3900 τινὰ
1165 3847 1228 3897 ἐκ
1248 3845 1342 3916 τῆς
1371 3845 1499 3915 ὕλης
1518 3861 1531 3874 ·
1567 3843 1725 3897 τοῦτο
1755 3844 1810 3897 δὲ

234 3933 521 4002 γίγνεσθαι
549 3933 636 3986 διὰ
667 3933 766 4004 τῆς
797 3935 1022 4007 σελήνης
1050 3935 1415 4006 αὐξανομένης
1430 3952 1486 3986 τε
1509 3937 1602 3987 καὶ
1627 3952 1810 4005 μειου-

238 4026 432 4096 μένης,
459 4026 534 4090 ὡς
563 4028 695 4097 δρᾷν
727 4026 990 4097 δοκοῦμεν
1023 4029 1184 4098 ἡμεῖς
1203 4046 1215 4057 ·
1246 4028 1306 4080 τὸ
1331 4027 1438 4096 γάρ
1460 4027 1675 4098 ἀληθὲς,
1709 4047 1812 4098 φη-

238 4118 347 4180 σὶν,
381 4116 569 4186 ὑδρίας
600 4117 802 4186 τρόπον
835 4117 972 4184 αὑτὴ
1020 4118 1365 4190 πληρουμένη
1387 4159 1400 4181 ,
1450 4119 1512 4171 ἐκ
1551 4117 1648 4188 τῆς
1684 4135 1812 4171 κατ-

234 4208 510 4279 εχομένης
537 4208 722 4271 οὐσίας
751 4211 830 4272 είς
858 4209 920 4262 τὸ
951 4210 1210 4280 ὁμογενὲς
1231 4208 1431 4278 ἀγαθόν
1453 4209 1731 4263 κενοῦται·
1761 4211 1808 4262 εί

235 4298 350 4368 γὰρ
381 4298 472 4351 καὶ
499 4297 572 4368 μὴ
615 4299 823 4362 τούτοις
859 4316 921 4368 γε
948 4303 1058 4363 τοῖς
1087 4301 1342 4372 ῥήμασιν,
1375 4300 1511 4354 ἀλλά
1543 4317 1606 4369 γε
1636 4301 1808 4354 ταῦτα
1840 4326 1882 4380 ι)

237 4388 488 4459 βούλεται
513 4389 710 4457 λέγειν,
732 4391 872 4462 άπερ
896 4392 1392 4462 εὐσχημονέστερον
1413 4391 1552 4446 πάνυ
1579 4409 1642 4460 γε
1670 4393 1807 4463 πρὸς

235 4479 398 4548 ἡμῶν
447 4480 688 4550 εἴρηται·
741 4481 991 4534 πλεῖστον
1045 4480 1152 4552 γὰρ
1211 4482 1333 4534 ὅσον
1385 4484 1511 4554 παρ’
1563 4482 1710 4554 αύτῷ
1747 4484 1806 4536 τὸ

235 4569 524 4624 ἀλλόκοτον
553 4573 611 4624 ἐν
639 4574 703 4642 τῇ
739 4572 982 4646 διηγήσει
1007 4573 1185 4626 καὶτὸ
1215 4573 1492 4629 ἀπίθανον.

1987 2465 2236 2520 Decernit
2262 2453 2444 2520 autem
2491 2480 2706 2520 omnem
2740 2464 2957 2534 quidem
2997 2465 3231 2519 animam
3263 2481 3384 2521 esse
3415 2481 3481 2520 ex

1918 2569 2068 2629 parte
2095 2558 2222 2612 boni
2263 2575 2279 2624 ;
2308 2572 2509 2627 corpus
2536 2571 2666 2612 vero
2700 2563 2752 2610 et
2780 2571 3000 2610 carnem
3033 2572 3098 2611 ex
3128 2564 3281 2626 parte
3304 2563 3481 2611 mate-

1917 2646 2013 2703 riae
2055 2665 2068 2700 :
2104 2653 2159 2700 et
2195 2645 2306 2713 jam
2341 2644 2558 2715 quidem
2595 2659 2796 2716 corpus
2836 2645 3072 2698 animam
3117 2653 3378 2716 tanquam
3424 2647 3480 2700 in

1917 2753 2139 2792 carcere
2183 2737 2469 2804 detinere;
2509 2737 2622 2805 jam
2651 2753 2782 2793 vero
2829 2738 3066 2792 animam
3099 2738 3328 2794 detineri
3363 2749 3484 2794 t-an-

1919 2845 2079 2899 quam
2105 2829 2340 2884 belluam
2369 2843 2400 2882 a
2428 2828 2700 2883 cantione.
2732 2818 2821 2882 Sic
2848 2828 3022 2882 bonus
3048 2843 3170 2882 cum
3201 2831 3482 2884 materiam

1918 2918 2244 2988 decepisset,
2284 2917 2494 2981 mundi,
2545 2917 2742 2987 inquit,
2794 2915 2974 2972 factus
3011 2924 3094 2972 est
3141 2916 3479 2973 fabricator:

1913 3024 2025 3064 non
2077 3009 2296 3078 quidem
2353 3007 2498 3078 quod
2554 3009 2732 3078 ipsum
2784 3007 3040 3062 fabricari
3092 3008 3480 3072 desiderasset,

1913 3102 2119 3156 resistit
2160 3100 2304 3154 enim
2353 3101 2423 3160 ei.
2470 3100 2565 3154 sed
2622 3109 2843 3169 propter
2894 3100 3216 3155 seditionem
3259 3117 3289 3155 a
3342 3103 3485 3156 malo

1911 3191 2226 3256 excitatam,
2244 3204 2407 3258 quam
2433 3190 2706 3260 corrigere
2727 3201 2780 3244 et
2805 3191 3074 3244 moderari
3107 3194 3438 3261 cogitaverat
3464 3210 3482 3259 ;

1912 3301 2022 3339 non
2069 3292 2250 3338 tamen
2300 3282 2416 3337 ﬁeri
2453 3282 2721 3351 potuisse,
2753 3289 2812 3335 ut
2845 3297 3111 3336 venenum
3162 3285 3290 3338 mali
3336 3286 3482 3355 quod

1911 3385 1996 3432 est
2046 3376 2102 3430 in
2153 3376 2317 3430 rebus
2362 3389 2500 3442 quas
2536 3373 2806 3440 videmus,
2860 3374 3285 3440 extraheretur;
3327 3376 3480 3444 sequi

1911 3483 2041 3525 vero
2064 3469 2192 3532 hoc,
2227 3474 2284 3521 ut
2317 3465 2522 3536 opinati
2552 3472 2701 3528 sunt,
2737 3479 2802 3518 ex
2831 3464 3238 3534 perturbatione
3273 3467 3483 3519 ordinis

1911 3567 1965 3615 et
2007 3574 2076 3615 ex
2127 3558 2495 3629 inaequalitate
2543 3571 2724 3611 rerum
2761 3563 3073 3611 nostrarum
3129 3563 3291 3626 atque
3336 3557 3480 3609 hunc

1911 3651 2132 3723 quidem
2174 3651 2396 3705 divitem
2436 3664 2578 3712 esse,
2613 3648 2768 3702 illum
2804 3663 2929 3702 vero
2958 3663 3296 3718 pauperem;
3331 3647 3477 3701 hunc

1912 3743 2234 3815 gloriosum,
2294 3743 2448 3796 illum
2505 3740 2892 3795 inhonoratum
2950 3748 3002 3795 et
3055 3739 3364 3810 inglorium,
3427 3749 3481 3794 et

1911 3851 2258 3908 quaecunque
2305 3835 2433 3888 talia
2489 3839 2634 3888 sunt.
2697 3831 2948 3886 Studium
3006 3846 3136 3885 vero
3179 3831 3303 3886 boni
3360 3847 3481 3886 esse

1912 3930 2142 3985 liberare
2173 3928 2409 3982 animam
2445 3942 2476 3978 a
2509 3925 2675 3992 malo,
2707 3933 2760 3979 et
2780 3925 2920 3978 hanc
2951 3923 3187 3994 quodam
3221 3924 3384 3978 modo
3413 3940 3478 3977 ex

1911 4021 2136 4077 materia
2165 4018 2456 4074 exhaurire
2515 4035 2529 4071 :
2591 4016 2694 4070 hoc
2764 4025 2946 4070 autem
2993 4015 3110 4069 ﬁeri
3151 4030 3248 4084 per
3295 4016 3478 4069 lunam

1912 4119 2247 4167 crescentem
2290 4117 2344 4164 et
2391 4109 2825 4169 decrescentem,
2877 4113 2936 4158 ut
2971 4121 3072 4160 nos
3104 4104 3292 4160 videre
3330 4105 3482 4159 vide-

1911 4219 2036 4257 mur
2067 4219 2081 4254 :
2117 4218 2176 4257 re
2210 4216 2336 4256 vera
2367 4200 2534 4263 enim,
2569 4198 2766 4269 inquit,
2799 4198 2916 4268 ipsa
2948 4198 3001 4251 in
3033 4198 3249 4252 modum
3278 4197 3483 4268 hydria:

1913 4295 2128 4365 impleta
2151 4337 2165 4356 ,
2201 4310 2267 4348 ex
2307 4291 2612 4348 substantia
2647 4289 2825 4344 infusa
2859 4290 2914 4343 in
2947 4290 3155 4344 bonum
3189 4299 3481 4361 cognatum

1912 4388 2227 4443 exinanitur
2267 4401 2282 4438 ε
2320 4386 2422 4440 etsi
2454 4384 2600 4439 enim
2648 4399 2755 4437 non
2802 4383 2887 4437 bis
2923 4383 3124 4447 verbis,
3158 4383 3272 4438 haac
3300 4390 3484 4436 tamen

1912 4481 2025 4535 vult
2080 4481 2284 4542 dicere,
2337 4495 2458 4548 quze
2511 4479 2683 4531 multo
2737 4477 3022 4533 honestius
3072 4493 3100 4530 a
3135 4476 3292 4532 nobis
3331 4475 3482 4529 dicta

1915 4581 2043 4629 sunt
2070 4592 2084 4637 ;
2115 4572 2407 4642 plurimum
2442 4570 2589 4626 enim
2633 4569 2858 4625 absurdi
2890 4577 2943 4624 et
2974 4568 3293 4623 incredibile
3318 4575 3402 4623 est
3427 4565 3481 4619 in

1913 4665 2032 4734 ejus
2056 4663 2384 4719 narratione.

1128 4758 1258 4815 Car.
1298 4757 1436 4812 XIV.
1478 4759 1557 4814 De
1581 4770 1722 4814 terra
1752 4771 1801 4814 et
1832 4759 2088 4820 imbribus
2115 4759 2344 4815 Manetis
2385 4761 2578 4828 opinio.

316 4850 456 4902 Ὅσα
505 4849 604 4920 μὲν
646 4844 738 4904 οὖν
785 4851 947 4922 ἕτερα
993 4853 1162 4924 γραὸς
1211 4853 1365 4924 δίκην
1410 4854 1696 4924 μυθολογεῖ
1722 4854 1817 4907 καὶ

238 4943 465 5015 γράφει,
495 4945 560 5012 τῇ
582 4943 768 5013 Σύρων
818 4947 967 5014 φωνῇ
1004 4944 1301 5015 χρώμενος,
1345 4946 1492 5009 ὅπως
1539 4945 1635 5015 μὲν
1677 4947 1710 5016 ή
1741 4945 1815 5015 γῆ

201 5077 212 5087 .
243 5035 586 5104 βαστάζεται,
621 5035 710 5088 τὸν
738 5037 1016 5105 ποιητικὸν
1047 5037 1120 5108 μὴ
1151 5036 1430 5107 διαφυγὼν
1467 5037 1816 5108 μῦθον·ὃπως

195 5119 210 5200 ξ
238 5126 298 5178 δὲ
347 5125 689 5179 συνίστανται
734 5128 784 5178 οί
835 5127 1054 5199 ὄμϐροι,
1082 5129 1156 5191 ὡς
1191 5128 1409 5200 ἱδρῶτές
1435 5132 1540 5183 είσι
1574 5130 1681 5182 τῶν
1715 5132 1816 5199 ἀρ-

195 5185 212 5292 ,
239 5218 442 5286 χόντων
469 5217 570 5287 τῆς
600 5216 731 5289 ὕλης
750 5235 764 5250 ο
796 5219 968 5273 ταῦτα
1008 5221 1100 5272 καὶ
1133 5220 1204 5272 τὰ
1236 5221 1476 5286 τοιαῦτα,
1507 5221 1615 5275 τῶν
1648 5220 1813 5274 αὑτοῦ

238 5308 632 5380 παλαισμάτων
657 5311 1186 5383 παρεμπορεύματα,
1204 5313 1453 5384 περιττὸν
1481 5315 1547 5370 ἂν
1573 5316 1656 5387 εἴη
1686 5331 1816 5386 προ-

213 5401 428 5475 ¹φέρειν
461 5403 540 5465 είς
590 5401 830 5473 ἔλεγχον.
880 5404 1000 5474 Χρὴ
1038 5405 1095 5458 δὲ
1125 5404 1162 5459 ἃ
1203 5405 1330 5475 περὶ
1375 5407 1603 5460 ἑκάστου
1635 5424 1815 5478 παρα-

200 5479 204 5482 ’
240 5492 418 5545 παίων
440 5493 661 5564 γράφει,
697 5494 982 5566 γνώρισμα
1010 5500 1124 5560 τοῖς
1164 5498 1350 5560 πᾶσιν,
1393 5498 1596 5567 ἥκιστά
1625 5514 1688 5566 γε
1719 5499 1816 5551 άν-

241 5582 458 5652 έχεσθαι
483 5585 616 5656 πρὸς
637 5586 938 5657 ἀπέραντον
956 5588 1220 5659 φλυαρίαν
1245 5588 1508 5657 τὸνλόγον
1536 5591 1812 5644 ἐκτείνειν·

314 5674 409 5745 (7’)
444 5677 580 5748 Lege
603 5677 685 5748 δὴ.
715 5679 870 5732 Eon.

1989 4852 2341 4924 Quatcunque
2392 4854 2559 4923 igitur
2597 4853 2702 4907 alia
2741 4852 2959 4908 aniliter
3009 4855 3063 4905 et
3111 4845 3483 4903 commentitie

1913 4945 2160 5016 loquitur
2190 4954 2246 5000 et
2287 4945 2502 5006 scribit,
2552 4961 2804 5000 sermone
2848 4943 3074 5016 Syriaco
3119 4946 3302 5000 utens,
3350 4954 3518 5008 quo-'

1914 5038 2076 5095 modo
2129 5045 2276 5092 terra
2344 5037 2684 5103 sustinetur,
2743 5052 2852 5091 non
2909 5035 3158 5090 devitans
3217 5029 3482 5101 poeticam

1913 5128 2154 5184 fabulam
2190 5147 2206 5196 ;
2250 5128 2526 5200 quomodo
2576 5129 2782 5183 imbres
2815 5129 2972 5190 ﬁunt,
3008 5134 3062 5180 et
3096 5123 3326 5179 sudores
3361 5137 3485 5176 esse

1915 5222 2246 5294 principium
2303 5221 2544 5276 materiae
2594 5240 2606 5275 :
2659 5221 2773 5274 haec
2809 5228 2862 5274 et
2904 5218 3007 5272 alia
3058 5214 3328 5287 ejusmodi
3365 5229 3485 5284 quae

1914 5321 2111 5384 praeter
2154 5313 2433 5383 negotium
2485 5314 2572 5368 sui
2622 5311 2938 5367 certaminis
2969 5319 3189 5366 tractat.
3226 5320 3485 5378 supervav

1913 5423 2078 5464 cuum
2101 5415 2249 5462 esset
2281 5406 2348 5461 ad
2377 5404 2776 5461 confutandum
2801 5405 3068 5476 proferre.
3106 5401 3331 5473 Oportet
3367 5412 3494 5469 qua:

1913 5497 1981 5553 de
2019 5498 2252 5567 singulis
2293 5497 2466 5552 delirc
2506 5496 2719 5560 scribit,
2756 5512 2877 5566 qua:
2901 5495 3156 5550 omnibus
3185 5504 3312 5550 nota
3339 5496 3492 5548 sunt.

1915 5609 2021 5647 non
2057 5592 2168 5662 pati
2200 5600 2262 5646 ut
2291 5593 2490 5654 librum
2523 5589 2752 5646 infinitis
2788 5590 2946 5662 nugis
2980 5589 3207 5644 dilatcnt
3241 5607 3257 5656 ;
3301 5586 3506 5665 quipw
