4008 6208
596 365 734 422 1087

1718 361 1858 416 TITI
1896 358 2322 417 BOSTRENSIS
2357 356 2662 414 EPISCOPI

3671 359 3830 415 1088

596 497 717 535 cum
751 477 886 534 satis
913 477 986 533 sit
1017 474 1298 532 confutata
1329 477 1508 547 capite
1537 476 1768 537 insania:
1797 478 1918 548 ejus
1946 478 2154 546 reliqua

2261 491 2332 537 ως
2374 472 2573 545 ἀρκοῦν
2619 472 2750 527 αὐτὸ
2810 473 2870 525 τδ
2933 472 3225 542 κεφάλαιον
3277 471 3586 544 αὑτοῦ-τῆς
3609 451 3826 544 ’ἀλόγου

595 578 944 626 contemnere
993 588 1006 623 :
1039 579 1095 624 et
1131 568 1177 624 si
1210 584 1319 623 non
1356 569 1717 640 contingeret,
1750 579 1803 623 ut
1842 568 2156 623 necessario

595 661 709 715 hac
739 673 906 714 causa
957 673 1261 714 sermonem
1289 657 1355 714 de
1389 658 1734 712 Providentia
1766 657 2156 726 complectere-

596 760 707 814 tur,
749 764 863 820 quo
909 749 1285 805 demonstrare
1321 754 1535 818 oportet
1561 748 1746 801 omnia
1775 761 1897 802 esse
1924 746 2059 800 bene
2091 759 2156 799 ac

597 843 780 899 divine
809 843 1082 908 ordinata,
1111 850 1166 897 et
1195 840 1521 896 ineﬁ'abilem
1550 839 1646 894 Dei
1667 837 1988 909 sapientiam
2018 851 2159 907 prae-

597 935 814 1002 dicare;
847 935 1134 990 ridiculum
1173 940 1320 988 esset
1351 933 1434 987 vel
1470 932 1646 1001 aliqua
1678 931 1867 985 saltem
1911 927 2157 982 confuta-

597 1027 764 1089 tione,
801 1042 918 1096 quae
949 1027 1223 1096 proposita
1253 1033 1399 1088 sunt,
1433 1024 1594 1092 digna
1626 1038 1746 1078 esse
1778 1029 2009 1092 putare;
2038 1035 2158 1089 quae

598 1118 814 1188 quidem
852 1128 1002 1172 extra
1051 1132 1366 1172 communes
1396 1117 1642 1170 notiones
1679 1119 1934 1182 congesta
1967 1118 2159 1180 sponte

600 1223 698 1266 sua
733 1209 875 1280 apud
905 1225 998 1265 eos
1036 1209 1126 1279 qui
1163 1216 1393 1262 mentem
1427 1207 1625 1262 habent
1647 1212 2033 1274 coarguuntur.

2263 565 2456 635 μανίας
2486 564 2858 631 διελέγξαντας
2904 565 3009 617 τῶν
3044 563 3216 618 ἀλλων
3245 567 3624 636 καταφρονεῖν⁸
3654 567 3748 620 καὶ
3777 569 3828 620 εἰ

2261 659 2333 728 μή
2362 673 2425 724 γε
2451 657 2540 709 τὸν
2573 656 2700 727 περὶ
2732 655 2989 726 Προνοίας
3022 656 3178 724 λόγον
3215 655 3493 710 συνέϐαινε
3529 658 3692 730 τήνδε
3725 661 3828 730 τὴν

2259 746 2511 800 ὑπόθεσιν
2549 747 2858 815 ἀναγκαίως
2906 747 3345 819 περιλαμϐάνειν,
3367 749 3436 801 δι’
3469 744 3529 804 οὗ
3558 753 3825 820 προσήκει

2259 839 2448 905 δεῖξαι,
2487 840 2562 902 ὼς
2611 841 2824 894 ἅπαντα
2864 835 2922 894 εὖ
2968 857 3028 893 τε
3071 841 3166 894 καὶ
3203 841 3361 906 θείως
3386 843 3698 912 τεταγμένα
3729 845 3830 914 τὴν

2261 929 2495 1000 ἄρρητον
2520 930 2612 984 τοῦ
2639 931 2773 984 Θεοῦ
2809 931 2997 1000 σοφίαν
3025 932 3280 1004 κηρύττει
3299 951 3312 964 ο
3346 934 3516 1002 γέλως
3548 935 3616 988 ἂν
3641 931 3712 1006 ἦν
3737 937 3829 988 ἁν-

2258 1023 2558 1093 τιρρήσεως
2604 1020 2734 1090 γοῦν
2775 1039 2918 1085 τινος
2959 1023 3138 1088 ἀξιοῦν
3169 1024 3238 1076 τὰ
3269 1025 3628 1096 προτεθέντα,
3658 1027 3826 1098 ἄτερ,

2261 1112 2414 1174 ἐκτὸς
2436 1113 2544 1164 τῶν
2581 1113 2772 1166 κοινῶν
2805 1114 3019 1167 ἐννοιῶν
3065 1119 3556 1188 συμπεφορημένα,
3589 1119 3830 1188 αὐτόμα-

2261 1219 2354 1254 τον
2383 1201 2496 1272 ἔχει
2527 1203 2677 1274 παρά
2707 1221 2771 1272 γε
2801 1208 2910 1268 τοῖς
2943 1205 3194 1276 ὲχέφροσι
3220 1207 3309 1260 τὸν
3334 1208 3551 1280 ἔλεγχον

1079 1321 1210 1376 Car.
1249 1319 1366 1374 XV.
1430 1319 1699 1374 Sententia
1727 1317 1790 1372 de
1819 1317 2038 1370 materia
2063 1314 2343 1383 refutatur.
2371 1315 2452 1368 An
2483 1314 2650 1372 Satan
2677 1321 2745 1372 sit
2770 1319 2996 1376 deterior
3031 1340 3188 1394 quant
3214 1325 3334 1392 fuit.

674 1439 820 1494 Satis
849 1445 1027 1493 autem
1062 1447 1202 1501 erat,
1235 1446 1519 1506 postquam
1555 1451 1664 1490 non
1707 1436 1890 1489 minus
1928 1432 2156 1487 demon-

604 1539 837 1587 stratum
876 1538 962 1584 est
994 1543 1332 1599 nequaquam
1377 1529 1486 1592 duo
1533 1527 1799 1596 principia
1840 1539 1984 1588 esse,
2021 1539 2158 1592 pra:-

603 1617 790 1674 sertim
847 1617 1141 1680 contraria,
1196 1616 1264 1671 de
1316 1615 1532 1670 homine
1579 1615 1689 1685 jam
1737 1621 1790 1669 et
1837 1614 1904 1668 de
1954 1614 2159 1682 reliqua

603 1707 814 1762 fabrica
873 1706 1145 1762 disserere
1198 1723 1212 1758 :

604 1797 1032 1862 consideremus,
1057 1799 1329 1867 quomodo
1356 1797 1630 1868 proposita
1651 1796 1984 1851 incredibilia
2008 1802 2156 1850 sunt.

604 1886 922 1950 Ferebatur,
969 1886 1167 1956 inquit,
1223 1887 1515 1957 aliquando
1566 1886 1792 1940 materia
1850 1884 2161 1956 perturbato

604 1978 817 2033 ordine.
849 1976 966 2044 Qua
995 1978 1206 2034 ordinis
1232 1976 1672 2047 perturbatione?
1699 1992 1766 2030 an
1802 1991 1984 2030 secum
2007 1974 2162 2031 sola?

605 2083 676 2122 an
724 2076 913 2124 contra
959 2068 1232 2139 aliquem?
1266 2068 1442 2122 omnis
1471 2067 1614 2121 enim
1645 2067 1907 2137 injustitia
1942 2081 2048 2121 non
2078 2072 2162 2120 est

606 2158 696 2213 sui
740 2158 1053 2228 injustitia;
1109 2158 1204 2214 sed
1263 2159 1433 2212 altero
1476 2157 1700 2228 indiget,
1750 2157 1804 2212 in
1847 2172 2006 2227 quem
2050 2157 2160 2210 ﬁat.

603 2248 705 2302 Cui
730 2249 896 2320 igitur
922 2265 1033 2304 non
1063 2256 1182 2304 erat
1209 2249 1570 2305 communitas
1590 2265 1712 2303 eum
1745 2249 1890 2316 alio;
1921 2249 1973 2302 in
2001 2263 2162 2318 quem

606 2339 921 2409 perturbato
966 2339 1156 2396 ordine
1205 2340 1522 2396 ferebatur?
1548 2348 1641 2407 aut
1670 2354 1790 2411 quae
1823 2339 1960 2394 ratio
1990 2340 2165 2410 ipsius

606 2431 1066 2499 perturbationis?

678 2520 985 2577 Generabat
1006 2520 1224 2592 quidem
1256 2523 1489 2592 primum
1517 2521 1757 2592 nequitia
1792 2519 2163 2592 progrediens,

604 2620 659 2664 et
709 2613 993 2668 crescebat
1043 2631 1056 2668 :
1112 2614 1277 2684 igitur
1331 2613 1570 2686 ingenita
1616 2613 1929 2684 generahat,
1966 2623 2019 2667 et
2054 2627 2163 2668 non

605 2702 709 2756 erit
755 2703 909 2760 locus
953 2703 1188 2766 dicendi,
1237 2711 1495 2758 aeternam
1543 2703 1747 2774 aliquid
1777 2703 1899 2759 novi
1928 2703 2102 2757 moliri
2145 2719 2159 2756 :

606 2801 700 2848 aut
759 2795 903 2850 enim
960 2803 1154 2848 natura
1211 2796 1484 2859 molietur,
1536 2803 1697 2866 atque
1745 2796 1818 2848 ita
1885 2811 2162 2865 nunquam

607 2883 898 2938 intermisit
941 2899 1122 2938 rerum
1167 2899 1428 2938 novarum
1473 2884 1805 2940 molitionem
1855 2904 1867 2938 :
1913 2885 1959 2940 si
2003 2885 2162 2939 modo

606 2973 880 3043 appellare
944 2981 1161 3045 Oportet
1227 2990 1491 3029 novarum
1550 2991 1730 3030 rerum
1788 2977 2158 3041 molitionem,

606 3074 798 3119 contra
841 3080 1002 3136 quam
1043 3066 1314 3136 negotium
1365 3082 1394 3119 a
1435 3065 1544 3122 Deo
1587 3076 1894 3137 susceptum
1941 3069 2161 3123 minime

607 3151 932 3222 principium
957 3153 1220 3221 temporis
1247 3152 1439 3207 habeat
1465 3170 1479 3219 ;
1511 3163 1602 3207 aut
1635 3153 1681 3209 si
1713 3154 1814 3208 hoc
1836 3155 2164 3223 COgitatione

609 3248 768 3296 utens
812 3240 960 3305 facit,
1013 3243 1274 3296 rationem
1327 3243 1489 3297 habet
1529 3253 1584 3298 et
1623 3244 1989 3314 cognitionem
2041 3264 2054 3298 :
2111 3252 2166 3299 et

605 3347 796 3387 eversa
848 3342 931 3386 est
973 3347 1138 3387 causa
1192 3335 1447 3405 nequitiae
1487 3335 1694 3389 ratione
1734 3336 1989 3391 carentis.
2041 3335 2164 3391 Sive

607 3422 776 3493 igitur
831 3424 1248 3479 ratiocinatione
1304 3433 1500 3489 utens,
1559 3426 1672 3481 sive
1735 3435 1884 3480 motu
1935 3428 2163 3482 rationis

605 3521 826 3584 experte
877 3515 1197 3570 seditionem
1245 3519 1432 3578 movit,
1485 3532 1605 3586 qua:
1656 3518 1794 3572 ratio
1833 3519 2053 3588 patitur,
2108 3528 2166 3574 ut

607 3605 833 3660 inﬁnitis
869 3606 1084 3660 saeculis
1129 3606 1353 3662 dimissa
1384 3607 1454 3661 sit
1487 3607 1797 3676 hujusmodi
1844 3608 2164 3664 seditionem

606 3697 862 3751 movere?
886 3712 950 3751 ex
981 3712 1092 3766 quo
1121 3697 1265 3750 enim
1298 3696 1430 3752 dicit
1470 3696 1765 3752 cohibitam
1807 3707 1862 3752 et
1903 3707 2163 3753 retentam

603 3803 745 3853 esse,
775 3798 1030 3858 punctum
1071 3789 1330 3860 temporis
1361 3790 1581 3846 ﬂuxisse
1613 3790 1930 3860 reperietur,
1963 3791 2008 3846 si
2041 3807 2166 3845 cum

606 3877 832 3933 inﬁnitis
862 3879 1078 3934 saeculis
1108 3879 1396 3949 praeteritis
1429 3888 1794 3950 comparetur.
1829 3878 1981 3944 Quod
2023 3880 2164 3933 enim

608 3967 797 4038 incipit
825 3977 878 4022 et
906 3969 1183 4033 terminat,
1218 3969 1430 4024 ﬁnitum
1454 3977 1538 4026 est
1563 3987 1577 4036 ;
1608 3971 1699 4040 qui
1735 3978 1913 4024 autem
1940 3981 2067 4026 sunt
2101 3989 2164 4026 ex

606 4066 720 4113 toto
755 4060 950 4115 inﬁniti
976 4062 1162 4116 alterni
1199 4071 1325 4116 sunt
1354 4071 1407 4116 et
1430 4063 1674 4132 ingeniti.

675 4152 963 4217 Praeterea,
1009 4155 1054 4209 si
1087 4155 1500 4208 ratiocinatione
1549 4163 1707 4210 utens
1743 4154 1810 4208 ad
1847 4154 2164 4209 seditionem

605 4245 1040 4314 depravahatur;
1075 4247 1347 4317 quomodo
1401 4263 1509 4302 non
1560 4249 1744 4318 potius
1785 4248 2060 4318 aggressio
2091 4247 2165 4302 rei

605 4353 729 4407 qua:
766 4338 882 4391 ﬁeri
918 4353 1027 4393 non
1071 4347 1306 4408 poterat,
1346 4339 1652 4409 interrupta
1694 4347 1747 4394 et
1790 4338 2024 4394 rescissa
2053 4339 2166 4394 est?

604 4436 863 4498 tanquam
892 4445 999 4484 non
1021 4439 1206 4499 posset
1226 4438 1416 4485 contra
1445 4430 1763 4500 sapientiam
1790 4429 2047 4483 invictam
2081 4429 2165 4484 in-

605 4521 912 4576 cursionem
937 4520 1152 4578 facere?
1184 4524 1325 4577 unde
1356 4523 1554 4577 factum
1582 4531 1684 4585 est,
1706 4530 1763 4576 ut
1801 4531 2070 4584 caverent,
2101 4537 2166 4576 ne

603 4613 655 4666 ei
697 4612 963 4667 rationem
1006 4621 1060 4668 et
1103 4613 1467 4684 cognitionem
1503 4613 1843 4678 tribuerent,
1896 4619 1954 4666 ut
1988 4612 2165 4667 locum

603 4704 831 4760 haberet
879 4714 1247 4762 commentum
1289 4707 1575 4763 seditionis
1609 4715 1800 4761 contra
1849 4705 2012 4760 Deum
2056 4724 2068 4759 :
2113 4715 2168 4760 et

596 4799 917 4857 necessario
966 4799 1034 4853 ab
1086 4799 1392 4870 ignorantia
1443 4810 1499 4856 et
1559 4808 1753 4856 natura
1795 4815 1903 4854 non
1941 4799 2165 4854 ratioci-

607 4898 772 4946 nante
826 4899 1022 4955 tracta,
1085 4908 1197 4947 non
1254 4895 1590 4964 exspectabit
1659 4892 1866 4946 inﬁnita
1943 4892 2162 4954 sarcula,

603 4977 736 5034 dum
797 4997 856 5036 se
905 4988 1081 5036 armat
1137 4990 1194 5037 ct
1245 5000 1303 5038 se
1348 4987 1587 5039 exercitu
1641 4984 1801 5054 sepit,
1859 4990 1918 5037 ut
1965 4983 2056 5036 ﬁat
2098 4983 2164 5036 ad

603 5071 887 5126 audaciam
958 5076 1275 5143 promptior.
1350 5074 1407 5129 Si
1469 5077 1609 5130 enim
1677 5075 1949 5145 copiosior
2008 5073 2166 5128 ﬁebat

603 5163 675 5217 iis
711 5179 850 5234 quos
893 5166 1184 5235 generahat
1210 5205 1226 5230 ,
1269 5183 1611 5237 nequaquam
1650 5177 1826 5222 tamen
1872 5167 2165 5237 appetitum

606 5262 816 5308 natura:
873 5256 1126 5324 augebat,
1194 5271 1369 5326 neque
1429 5270 1612 5314 motus
1682 5258 1950 5313 naturalis
2005 5256 2166 5327 quid-

605 5359 767 5412 quam
821 5347 1089 5416 appetitus
1142 5349 1488 5413 assumehat,
1545 5364 1719 5419 neque
1771 5348 2058 5404 accidisset
2113 5347 2162 5402 ei

607 5437 843 5504 primum
890 5438 1110 5507 quidem
1154 5455 1467 5511 augescere,
1506 5452 1665 5513 atque
1721 5443 1794 5495 ita
1843 5442 2162 5497 seditionem

608 5542 823 5583 movere
849 5544 864 5593 ;
897 5529 1000 5583 hoc
1027 5532 1170 5584 enim
1195 5541 1402 5588 natune
1431 5536 1637 5590 ratione
1677 5534 1877 5590 utentis
1916 5541 2018 5599 est,
2045 5548 2163 5603 qua:

603 5630 670 5667 ex
693 5620 968 5686 proposito
995 5624 1238 5691 nequiter
1266 5625 1394 5694 agit.

681 5707 753 5777 (’5)
785 5708 964 5775 Forte,
993 5713 1222 5778 ἐδέξατο.
1258 5715 1412 5770 Enn.

2337 1435 2532 1505 Ἤρκει
2558 1437 2638 1496 δὲ.
2669 1438 2766 1491 οὐκ
2795 1439 3010 1494 ἔλαττον
3044 1441 3340 1508 δείξαντας,
3370 1445 3445 1510 ὼς
3471 1447 3739 1517 οὐδαμῶς
3768 1450 3830 1502 ἂν

2263 1517 2558 1613 ὑπάρξαιεν
2585 1523 2749 1593 ἀρχαὶ
2779 1526 2890 1590 δύο,
2917 1529 3010 1580 καὶ
3031 1529 3262 1598 μάλιστα
3287 1534 3544 1603 ἐναντίαι,
3563 1536 3666 1608 ἠδη
3703 1542 3828 1613 περὶ

2261 1626 2318 1662 τε
2353 1611 2636 1684 ἀνθρώπου
2666 1617 2758 1668 καὶ
2789 1619 2886 1688 τῆς
2915 1620 3078 1690 ἄλλης
3122 1623 3479 1696 δημιουργίας
3511 1611 3825 1684 διαλαϐεῖν’

1268 1706 1402 1760 nihil
1459 1714 1639 1760 tamen
1695 1705 1967 1775 prohibet,
2026 1704 2158 1774 quin

2261 1703 2404 1772 ὅμως
2435 1704 2491 1757 δὲ
2522 1705 2582 1758 τὸ
2615 1707 2817 1762 κωλῦον
2845 1711 2992 1764 οὐδὲν
3025 1713 3118 1766 καὶ
3143 1714 3250 1766 τῶν
3290 1718 3664 1787 προτεθέντων
3702 1722 3828 1776 ἰδεῖν

2262 1791 2323 1844 τὸ
2347 1795 2624 1853 ἀπίθανον.
2659 1799 2908 1854 Ἠτάκτει
2939 1801 3064 1872 γὰρ,
3091 1805 3269 1873 φησὶν,
3293 1807 3324 1876 ἡ
3353 1806 3450 1877 ὖλη
3478 1811 3638 1863 ποτέ.
3663 1813 3828 1866 Ποίαν

2259 1883 2517 1952 ἀταξίαν;
2560 1883 2670 1960 ἀρά
2705 1907 2767 1958 γε
2812 1891 2932 1946 καθ’
2975 1894 3170 1966 ἑαυτὴν
3215 1892 3430 1969 οὖσα,ῆ
3475 1902 3624 1954 κατά
3649 1920 3827 1966 τινοςς

2261 1976 2440 2031 ἀδικία
2481 1979 2590 2052 γὰρ
2629 1982 2830 2048 ἅπασα,
2875 1985 3073 2056 ἑαυτῆς
3121 1991 3220 2044 οὐκ
3261 1990 3326 2043 ἂν
3366 1992 3582 2060 γένοιτο
3625 1995 3824 2058 ἀδικία,

2259 2066 2427 2122 δεῖται
2456 2070 2511 2124 δὲ
2537 2072 2722 2143 ἑτέρου
2764 2075 2928 2140 τινὸς,
2961 2077 3081 2130 καθ’
3116 2075 3175 2134 οὗ
3207 2082 3399 2150 γένοιτ’
3421 2084 3509 2138 ἀν.
3543 2086 3614 2138 Ἦ
3653 2088 3825 2141 τοίνυν

2261 2159 2430 2230 ἑτέρῳ
2462 2164 2566 2216 τινὶ
2601 2165 2674 2235 μὴ
2706 2167 3145 2223 ὲπικοινωνοῠσα.
3168 2173 3307 2228 κατά
3329 2175 3474 2239 τίνος
3492 2177 3764 2246 ἡτάκτειξ
3791 2181 3824 2250 ἢ

2259 2251 2342 2314 τίς
2370 2253 2397 2304 ὁ
2424 2252 2578 2321 λόγος
2604 2256 2703 2326 τῆς
2727 2258 2950 2325 ἀταξίας
2973 2262 3171 2333 αὐτῆς

2344 2526 2566 2595 Ἐγέννα
2623 2531 2722 2600 μὲν
2787 2533 2996 2604 πρῶτον
3058 2537 3319 2609 προϊοῦσα
3391 2538 3487 2591 καὶ
3537 2541 3837 2610 ηὐξάνετο,

2263 2615 2425 2683 φησίν
2445 2632 2457 2645 ·
2489 2617 2680 2672 οὐκοῦν
2713 2619 2894 2685 ἀϊδίως
2926 2623 3148 2693 ἦάῖδιος
3185 2627 3425 2694 ὲγένννα,
3453 2632 3487 2700 ἡ
3524 2630 3829 2700 ἀγέννητος

2262 2706 2470 2774 ἐγέννα,
2507 2710 2599 2762 καὶ
2635 2710 2814 2782 χώραν
2857 2716 2954 2785 ούχ
2987 2716 3094 2782 ἕξει
3137 2718 3197 2770 τὸ
3244 2725 3586 2793 καινοτομεῖν
3627 2743 3680 2778 τι
3731 2727 3831 2794 τὴν

2263 2795 2449 2851 ἀΐδιον
2485 2797 2517 2868 ἢ
2563 2801 2668 2871 γάρ
2707 2801 2862 2871 φύσει
2888 2809 3286 2878 καινοτομήσει,
3314 2812 3405 2864 καὶ
3434 2812 3696 2867 οὐδέποτε
3731 2815 3829 2883 τῆς

2263 2889 2602 2959 καινοτομίας
2646 2893 2944 2948 ἐπέπαυτοο
2977 2899 3024 2950 εί
3067 2897 3130 2966 δὴ
3169 2899 3324 2954 τοῦτο
3362 2905 3715 2974 καινοτομίαν
3751 2906 3834 2959 δεῖ

2262 2977 2460 3042 καλεῖν,
2493 2981 2568 3045 ὠς
2601 2984 2862 3056 μηδαμῶς
2906 2990 3158 3060 χρονικὴν
3194 2991 3365 3063 ἀρχὴν
3396 2993 3540 3064 ἔχειν
3564 2996 3667 3066 τὴν
3707 2999 3830 3050 κατ’

2262 3070 2430 3141 αὐτῆς
2469 3073 2563 3125 τοῦ
2593 3075 2796 3143 ἀγαθοῦ
2848 3081 3249 3153 μεταχείρησιν,
3301 3085 3333 3156 ἢ
3373 3084 3622 3157 λογισμῷ
3667 3089 3834 3143 τοῦτο

2262 3162 2572 3234 πράττουσα
2599 3165 2751 3235 λόγον
2777 3167 2888 3238 ἔχει
2920 3173 3012 3224 καὶ
3041 3172 3237 3239 γνῶσιν
3258 3191 3272 3205 °
3302 3175 3395 3228 καὶ
3419 3177 3832 3250 ἀνατέτραπται

2259 3253 2359 3322 τῆς
2399 3254 2592 3324 ἀλόγου
2641 3258 2834 3324 κακίας
2876 3263 2906 3332 ἠ
2944 3265 3216 3328 ὑπόθεσις.
3244 3267 3366 3320 Εἴτε
3415 3264 3510 3321 οὖν
3553 3270 3826 3342 λογισμῷ,

2261 3347 2368 3400 εἴτε
2402 3351 2492 3402 καὶ
2524 3350 2786 3423 ἀλογίστῳ
2812 3358 2951 3428 φορᾷ
2975 3359 3314 3424 ἐπανίστατο,
3349 3360 3430 3424 τίς
3456 3362 3486 3412 ὁ
3510 3362 3670 3429 λόγος
3702 3364 3830 3426 τοὺς

2263 3438 2594 3509 ἀπεράντους
2617 3443 2818 3507 αἰῶνας
2843 3446 3043 3517 ταύτην
3065 3452 3315 3520 παρεῖναι
3351 3452 3485 3521 πρὸς
3516 3453 3616 3523 τὴν
3641 3454 3831 3506 τοιαύ-

2262 3544 2358 3597 την
2388 3529 2785 3599 ἐπανάστασιν;
2815 3536 2906 3604 ἀφ’
2927 3530 2987 3589 οὗ
3018 3538 3120 3608 γάρ
3146 3539 3512 3608 κατεσχῆσθαί
3534 3558 3696 3612 φησιν
3724 3545 3828 3596 αὖ·

2261 3619 2358 3691 τὴν
2417 3622 2519 3686 ἕως
2565 3623 2679 3687 νῦν,
2727 3629 2924 3697 στιγμῇ
2958 3629 3148 3698 χρόνου
3172 3629 3363 3698 γένοιτ’
3392 3630 3477 3693 ἂν,
3507 3635 3557 3684 εί
3581 3634 3826 3704 παραϐα-

2263 3711 2404 3765 λοιτο
2444 3718 2554 3778 τοῖς
2599 3717 2952 3787 προλαϐοῦσιν
2987 3722 3233 3793 ἀπείροις
3266 3721 3455 3776 αἰῶσι·
3486 3724 3548 3777 τὸ
3593 3725 3692 3794 μὲν
3722 3726 3826 3795 γάρ

2263 3800 2426 3872 ἄρχον
2454 3805 2546 3856 καὶ
2573 3806 2808 3860 τελειοῦν
2845 3809 3196 3880 πεπέρασται·
3246 3814 3294 3865 οἱ
3321 3812 3377 3865 δὲ
3409 3813 3693 3878 παντελῶς
3717 3817 3831 3868 ἀπ·-

2267 3893 2478 3965 ἐραντοι
2510 3899 2668 3952 ἀΐδιοί
2698 3918 2754 3954 τε
2777 3904 2869 3955 καὶ
2897 3904 3196 3974 ἀγέννητοι.

2339 4179 2568 4233 Ἔπειτα
2589 4181 2891 4252 εξλογισμῷ
2920 4183 3209 4239 ὲκακύνετο
3231 4186 3363 4258 πρὸς
3391 4185 3480 4255 τὴν
3507 4187 3831 4243 ἐπανάστα-

2270 4285 2372 4333 σιν,
2393 4269 2508 4332 πῶς
2535 4271 2656 4341 οὐχ).
2687 4273 2781 4324 καὶ
2824 4271 3064 4344 λογισμῷ
3093 4273 3317 4345 διεκόπη
3351 4276 3409 4328 τὸ
3436 4275 3692 4332 ἀδύνατον
3718 4281 3827 4352 τῆς

2196 4389 2238 4443 ι)
2267 4365 2691 4436 ὲπιχειρήσεως;
2716 4366 2790 4429 ὡς
2814 4367 2911 4437 οὐχ
2925 4361 3036 4420 οἷόν
3059 4384 3118 4420 τε
3141 4367 3199 4420 ὃν
3225 4369 3536 4440 ἐπιδραμεῖν
3567 4371 3828 4445 ἀηττήτῳ

2270 4459 2462 4530 erogata;
2490 4457 2612 4511 ὅθεν
2638 4458 2942 4527 πεφεύγασι
2967 4459 3382 4530 προσομολογεῖν
3405 4462 3542 4533 αὐτῇ
3565 4462 3826 4535 λογισμόν

2267 4567 2326 4603 τε
2366 4552 2460 4604 καὶ
2491 4549 2708 4618 γνῶσιν,
2739 4549 2814 4613 ὼς
2844 4550 2910 4604 ἂν
2936 4549 3117 4622 χώραν
3147 4551 3258 4623 ἔχοι
3287 4553 3385 4623 τῆς
3408 4555 3825 4620 ἐπαναστάσεως

2266 4642 2365 4712 τῆς
2416 4641 2554 4694 κατὰ
2610 4641 2742 4694 Θεοῦ
2791 4642 2851 4696 τὸ
2902 4643 3154 4712 πλάσμα·
3211 4645 3303 4697 καὶ
3355 4646 3668 4715 ἐπάναγκες
3726 4649 3823 4700 ὑπὸ

2267 4732 2488 4801 ἀγνοίας
2521 4731 2614 4786 καὶ
2641 4732 2920 4802 ἀλογίστου
2956 4736 3165 4804 φύσεως
3193 4735 3454 4808 ἑλκομένη
3484 4739 3589 4791 οὐκ
3619 4739 3822 4804 ἐκδέξε-

2266 4842 2353 4878 ται
2377 4824 2633 4896 ἀπείρους
2665 4826 2759 4878 καὶ
2782 4827 3189 4898 ἀποπεράντους
3225 4827 3425 4892 αἰῶνας
3445 4829 3646 4901 ἑαυτὴν
3670 4831 3820 4884 ὁπλί-

2267 4917 2429 4983 ζουσα
2467 4919 2561 4971 καὶ
2597 4917 2819 4989 δυνάμει
2851 4919 3265 4991 περιϐάλλουσα,
3294 4922 3368 4984 ὡς
3399 4921 3651 4989 γενέσθαι
3691 4923 3820 4994 πρὸς

2265 5010 2362 5082 τὴν
2422 5011 2622 5082 τόλμαν
2673 5013 3109 5084 προχειροτέραν.
3143 5013 3204 5066 Εἰ
3244 5013 3351 5085 γὰρ
3391 5013 3455 5082 δὴ
3504 5013 3597 5067 καὶ
3627 5014 3819 5067 πλείων

2265 5103 2506 5171 ἐγίγνετο
2534 5097 2615 5166 οἷς
2647 5104 2855 5171 ἐγέννα,
2897 5104 3009 5158 ἀλλ’
3044 5101 3165 5157 οὔτε
3193 5120 3255 5172 γε
3287 5104 3384 5174 τὴν
3409 5104 3586 5176 ὁρμὴν
3610 5104 3714 5175 τῆς
3737 5105 3822 5175 φύν

2268 5213 2402 5260 σεως
2422 5197 2700 5268 ηὐξάνετο,
2723 5197 2841 5250 οὐδὲ
2869 5196 3276 5268 προσελάμϐανε
3296 5214 3347 5248 τι
3365 5197 3571 5268 ταύτης
3589 5199 3654 5251 τὸ
3673 5216 3819 5261 φυσι-

2267 5289 2360 5342 κὸν
2388 5289 2609 5361 κίνημα’
2629 5291 2735 5344 οὐδ’
2753 5289 2819 5344 ἂν
2841 5289 3074 5355 ὲδείξατο
3086 5288 3160 5360 (8)
3182 5288 3394 5361 πρῶτόν
3415 5306 3477 5357 γε
3500 5290 3815 5360 αὐξηθῆναι,

2265 5381 2360 5435 καὶ
2401 5381 2572 5446 οὕτως
2613 5384 2997 5453 ἐπαναστῆναιο
3025 5382 3180 5436 τοῦτο
3205 5382 3311 5452 γάρ
3339 5381 3567 5453 λογικῆς
3615 5381 3816 5451 φύσεως

2266 5471 2514 5543 προθέσει
2539 5473 2988 5545 πονηρευομένης.
