1984 3457
132 109 208 137 1089
662 110 844 139 ADVERSUS
866 109 913 138 MA

970 109 1078 139 H5305
1093 111 1160 139 LIB.
1179 110 1201 140 1.
1328 119 1330 121 ·
1693 114 1761 144 102³0

172 166 235 199 Πῶς
247 165 274 193 δὲ
288 167 334 194 καὶ
346 167 458 203 αὔξησις
468 168 518 203 τῆς
534 167 632 200 κακίας
645 169 743 203 γένοιτ’
760 169 792 196 ἂν
806 170 823 205 ἢ
837 178 915 205 προσ-

1008 169 1149 202 Quomodo
1166 174 1256 198 autem
1274 171 1366 207 augeri
1383 175 1489 206 poterat
1512 171 1635 207 nequitia
1651 171 1688 207 (id
1704 177 1759 206 est,

131 213 208 249 θήκῃ
228 213 282 240 τῶν
299 213 456 249 προδολῶν;
478 215 509 241 El
530 215 584 251 γὰρ
602 212 642 247 οἷς
667 216 749 251 γεννᾷ
770 216 920 242 τελειοῦται

130 257 176 289 εἰς
196 258 305 291 κακίαν,
315 259 411 295 ἀτελὴς
425 258 459 296 ἦν
476 261 492 295 ἡ
508 261 601 293 κακία,
615 262 662 288 καὶ
681 262 730 288 οὑκ
742 259 776 297 ἦν
792 264 821 289 ὲν
836 263 921 298 ἀκρό-

129 310 197 337 τητι
213 304 310 336 κακίας
321 312 328 319 ·
344 305 368 331 εί
390 305 418 332 δὲ
432 305 523 333 τελεία
539 306 587 333 καὶ
605 307 687 342 ἄκρα,
705 307 776 334 κατὰ
789 307 834 334 τὸν
856 307 920 335 ἴδιον

131 347 224 383 λόγον,
239 349 356 386 ἑκάτερα
372 351 512 384 τάναντία,
531 352 657 388 οὐδαμῶς
668 353 830 386 αὐξάνεσθαι
850 353 920 386 δόξει

129 395 149 430 ή
168 394 252 422 κακία
273 395 317 422 διὰ
331 396 385 424 τῶν
406 397 630 433 προϐολῶν,ιούδὲ
653 398 860 435 θαρσαλεωτέρα
873 409 920 435 γε·

129 442 256 477 νήσεται,
269 442 365 479 λογικὴ
379 444 417 479 μὴ
429 442 507 478 οὖσα,
521 444 581 471 οὐδὲ
597 445 665 481 πρὸς
680 445 840 482 ἐπικουρίαν
855 447 918 473 ἑαυ-

130 488 183 523 τῆς
206 489 412 525 παραλήψεται·
438 490 507 523 δόξει
528 491 582 528 γὰρ
609 491 662 527 πρὸ
686 492 735 528 τῆς
759 492 916 525 τεκνώσεως

129 533 232 570 ἀτελὴς
251 536 390 570 γεγονέναι
412 537 441 563 οὺ
465 538 544 573 μόνον
571 538 639 574 πρὸς
657 538 756 565 κακίαν
777 539 794 574 ἠ
814 539 914 571 κακία,

128 580 201 607 ἀλλὰ
224 581 270 607 καὶ
294 581 362 617 πρὸς
389 583 465 618 ίσχὺν
487 584 533 610 καὶ
556 583 651 620 ῥώμην
690 584 759 620 ὅπερ
779 583 918 619 ἀλλότριον

130 627 280 664 ἀγεννήτιω
285 648 291 654 .

975 215 1102 251 Satanas)
1123 216 1280 244 accessione
1304 218 1426 246 sobolis?
1449 218 1472 246 si
1488 218 1561 246 enim
1582 218 1616 246 iis
1633 226 1702 253 quos
1719 220 1762 255 gi-

974 261 1083 297 gnebat,
1100 263 1132 289 ad
1147 263 1296 298 nequitiam
1307 264 1458 299 perﬁcitur.
1470 264 1629 299 imperfecta
1640 270 1699 292 erat
1711 273 1760 293 ne-

973 308 1070 342 quitia,
1087 312 1113 336 et
1128 315 1181 335 non
1198 313 1257 336 erat
1278 308 1305 336 in
1320 316 1428 336 summo
1440 312 1466 337 et
1478 308 1589 345 fastigio
1610 311 1758 345 nequitia:

974 354 1016 381 sin
1033 362 1097 382 vero
1115 359 1174 382 erat
1190 354 1313 390 perfecta
1335 360 1362 383 et
1387 362 1493 382 summa
1507 355 1656 383 secundum
1676 356 1761 383 ratio-

972 391 1033 427 nem
1050 401 1198 436 propriam;
1215 408 1312 428 rursus
1328 400 1440 428 minime
1455 400 1591 429 videbitur
1605 401 1699 436 augeri
1715 409 1761 429 ne-

970 446 1055 481 quitia
1075 454 1123 481 per
1145 447 1366 482 propagationem
1387 451 1588 482 generatorum,
1609 455 1697 483 neque
1714 447 1760 475 ﬂet

968 491 1098 519 audacior
1105 496 1130 520 el
1140 492 1332 528 praefidentior,
1345 501 1407 520 cum
1414 500 1468 520 non
1479 493 1515 521 sit
1528 494 1664 530 particeps
1674 495 1760 523 ratio-

968 539 1029 572 nis;
1054 546 1104 566 nec
1122 538 1156 565 ad
1172 539 1302 566 auxilium
1318 547 1398 566 suum
1413 540 1551 568 adhibebit
1562 548 1631 576 quos
1647 542 1757 576 genuit;

970 584 1071 620 alioqui
1092 585 1226 613 videbitur
1249 589 1392 620 antequam
1408 592 1580 621 procrearet,
1599 587 1757 622 imperfecta

973 630 1058 659 fuisse
1082 639 1136 658 non
1163 632 1250 658 solum
1273 632 1393 666 nequitia
1414 632 1448 659 ad
1469 633 1629 668 nequitiam,
1653 632 1702 661 sed
1722 633 1757 660 ad

971 676 1042 705 vires
1062 680 1088 704 et
1102 677 1203 710 robur;
1219 678 1291 712 quod
1304 677 1421 705 alienum
1438 682 1481 706 est
1496 679 1530 706 ab
1551 679 1682 714 ingenito.

463 730 527 758 CAP.
548 730 618 758 XVI.
635 730 735 758 Seditio
755 732 823 758 inter
836 737 912 759 nalos
928 732 994 759 mali
1014 732 1146 766 principii.
1164 732 1302 766 Quomodo
1315 732 1420 761 sedula.

167 775 218 801 Τδν
237 775 265 801 δὲ
289 775 387 811 τρόπον
412 776 462 811 τῆς
487 777 698 809 ἐπαναστάσεως
721 777 915 813 εἰσηγούμενος

1004 777 1160 813 Explanans
1174 782 1264 805 autem
1280 779 1390 807 modum
1406 778 1549 806 seditionis
1564 779 1646 814 hujus
1665 779 1753 813 facta,

130 821 243 856 ταὸτης,
267 822 348 857 φησιν
358 831 365 838 ·
383 823 519 850 Ἤλαυνην
532 824 578 850 καὶ
592 824 736 860 κατήσθιον
750 825 774 850 οἱ
787 824 816 856 ἐξ
832 824 915 860 αὐτῆς

970 823 1029 857 Qui,
1052 824 1151 859 inquit,
1175 832 1210 851 cx
1230 832 1261 851 ea
1282 825 1338 851 nali
1356 829 1435 855 sunt,
1461 832 1490 852 se
1513 830 1608 852 mutuo
1631 826 1755 854 insectali

130 868 268 903 ἀλλήλοις,
284 868 358 895 δεινὰ
372 870 419 896 καὶ
432 869 538 905 χαλεπὰ
548 870 712 903 διατιθέντες
721 880 727 886 ·
745 872 791 898 καὶ
808 872 838 898 οὐ
852 871 917 907 πρό-

130 922 211 949 τερον
222 914 376 941 ἐπαύσαντο
392 915 516 951 ἀλλήλοις
527 917 745 952 ἐπανιστάμενοι,
764 917 832 953 αὐτῇ
845 917 916 949 λέξει

131 960 209 996 φησὶ,
226 961 323 997 μέχρις
344 959 374 989 οὗ
389 962 420 988 τὸ
441 962 498 996 φῶς
516 963 564 997 ὀψέ
587 972 651 989 ποτε
669 963 830 999 ἐφώρασαν·
853 964 916 991 διω-

131 1006 242 1042 κόμενοι
254 1006 308 1042 γὰρ
331 1007 378 1033 ἀπ’
398 1007 530 1043 ἀλλήλων,
548 1008 708 1042 ἀγνοοῦντες
725 1010 783 1044 μὲν,
797 1010 872 1045 ὅμως
887 1010 916 1036 δὲ

131 1052 314 1088 τετολμήκασι
329 1053 376 1080 καὶ
392 1053 472 1089 μέχρι
482 1053 528 1080 τοῦ
546 1054 635 1089 φωτὸς
650 1054 810 1089 ἀναχθῆναι.
821 1055 876 1081 Καὶ
889 1055 916 1081 τί

129 1098 162 1135 δὴ
177 1098 278 1125 τούτων
297 1098 498 1134 ἀπιθανώτερον
513 1099 530 1134 ἢ
543 1099 758 1135 μυθωδέστερον;
777 1100 839 1131 τοὺς
852 1100 915 1135 μίαν

131 1145 181 1179 μὲν
204 1145 440 1180 ἐπιγραφομένους
456 1145 578 1181 μητέρα,
595 1146 739 1181 συγγενείᾳ
760 1145 788 1172 δὲ
810 1146 915 1180 φύσεως

132 1191 297 1227 ἡνωμένους,
310 1190 435 1226 ἀλλήλοις
448 1191 610 1226 ὲπιφύεσϐαι
625 1192 724 1227 μάτην,
735 1192 781 1217 καὶ
795 1191 915 1227 ἀλλήλων

132 1237 164 1263 τὰ
176 1237 244 1272 μέλη
259 1237 423 1269 κατεσθίειν,
432 1238 477 1264 καὶ
490 1237 622 1273 μηδέποτε
635 1237 728 1273 λήγειν
738 1237 817 1265 τοῦτο
831 1238 915 1273 δρῶν-

131 1291 196 1315 τας;
216 1283 304 1319 Ὅπερ
317 1284 341 1309 εί
355 1283 401 1309 καὶ
414 1283 512 1319 ἀληθὲς
530 1281 575 1319 ἦν,
592 1283 695 1318 βέλτιον
705 1282 739 1318 ἦν
755 1284 853 1315 αὐτοὺς
870 1284 914 1318 ὑφ’

132 1329 235 1356 ἑαυτῶν
247 1329 439 1357 ἀναλίσκεσθαι
449 1338 456 1345 ·
469 1330 517 1357 καὶ
537 1330 625 1365 μάτην
636 1331 650 1356 ὸ
672 1330 785 1365 ἀνόητος
801 1330 914 1363 ἀταξίαν

131 1376 209 1403 καλεῖ
220 1377 250 1403 τὺ
261 1376 398 1412 συμφέρον
409 1385 415 1391 ·
430 1376 533 1411 ταύτης
545 1376 600 1412 γὰρ
616 1376 731 1412 μάλιστα
749 1376 799 1411 τῆς
815 1376 914 1407 κακίας

128 1422 250 1458 ὁρίζεται
263 1422 311 1457 τὴν
326 1422 377 1458 πρὸ
392 1422 494 1457 κόσμου
511 1422 640 1455 ἀταξίαν·
654 1422 687 1457 ἢν
702 1421 797 1457 ὥσπερ
814 1421 914 1447 λυπού-

133 1477 211 1503 μενος
225 1468 273 1503 τῆς
286 1468 350 1504 ὕλης
365 1468 450 1500 οὕτως
460 1468 600 1503 ὀνομάζει,
613 1468 654 1494 ὅτι
670 1467 706 1503 μὴ
721 1467 912 1503 προσηκόντως

130 1514 176 1549 ὑφ’
187 1514 285 1549 ἑαυτῆς
300 1514 473 1550 ἁνηλίσκετο’
490 1515 537 1541 καὶ
548 1514 641 1550 ὥσπερ
654 1522 696 1545 τις
711 1513 787 1548 φίλος
799 1513 912 1548 ταύτης,

130 1560 270 1596 ἀδημονῶν
288 1561 329 1595 ἐφ’
348 1558 388 1592 οἷς
407 1560 505 1596 ἑαυτὴν
519 1560 716 1591 κατέϐλαπτεν,
736 1559 849 1591 ἀταξίαν
866 1567 915 1585 κα-

130 1606 185 1633 λεῖ·
199 1607 216 1634 ἃ
230 1607 420 1642 συμφερόντως
435 1606 494 1633 καθ’
505 1606 603 1640 ἑαυτῆς
615 1605 679 1640 ἔδρα
688 1614 695 1620 ·
712 1604 771 1631 δέον
787 1604 914 1636 εὐταξίαν

130 1652 179 1688 τὴν
193 1653 322 1679 ἀνωτάτω
330 1653 491 1683 καλέσαι,τὸ
504 1651 661 1688 φθείρεσθαι
673 1659 704 1686 γε
719 1650 763 1685 ὑφ’
772 1650 869 1677 ἑαυτοῦ
884 1650 914 1676 τὸ

130 1699 222 1726 κακόν.
232 1699 261 1725 '0
277 1699 314 1725 δὲ.
331 1699 487 1730 Ἠτάκτουν,
496 1699 571 1733 φησὶ,
584 1698 631 1724 καὶ
642 1697 752 1733 ἠδίκουν
767 1696 897 1733 ἀλλήλους
907 1704 913 1712 ·

129 1743 161 1770 τὸ
177 1744 234 1778 φῶς
245 1743 272 1769 δὲ
294 1743 391 1775 ἰδόντες
406 1743 570 1770 ἐπαύσαντο.

969 875 1031 897 sunt
1050 875 1078 898 et
1097 871 1308 902 devoraverunt,
1329 870 1396 897 dura
1413 874 1440 897 et
1469 871 1561 906 gravia
1589 872 1685 906 passi;
1707 879 1755 899 nc-

967 924 1020 951 que
1046 915 1122 951 prius
1154 915 1319 943 destiterunt
1345 916 1372 942 in
1395 924 1425 943 se
1449 917 1523 951 ipsos
1546 916 1649 944 moveri
1672 925 1755 952 quam

966 962 1058 990 lumen
1079 969 1141 989 sero
1155 961 1265 989 tandem
1285 961 1428 995 viderent;
1450 962 1493 990 his
1511 962 1583 990 enim
1596 963 1686 991 verbis
1701 964 1755 991 uti-

967 1010 1029 1041 tur;
1054 1015 1069 1034 a
1088 1015 1117 1035 se
1139 1007 1212 1034 enim
1235 1007 1287 1043 ipsi
1310 1009 1437 1043 exagitati
1462 1016 1524 1035 cum
1542 1009 1643 1045 alioqui
1668 1011 1756 1038 nesci-

966 1059 1036 1086 rent.
1050 1054 1085 1081 ita
1104 1058 1194 1081 tamen
1209 1055 1267 1082 ausi
1282 1058 1346 1082 sunt
1361 1063 1446 1090 usque
1461 1056 1494 1082 ad
1507 1055 1596 1083 lumen
1613 1056 1753 1084 accedere.

966 1099 1068 1134 Ecquid
1093 1099 1135 1126 his
1157 1099 1346 1127 incredibilius
1370 1104 1396 1127 et
1423 1100 1510 1135 magis
1533 1101 1754 1129 commcnlitium

965 1153 1012 1172 cos
1028 1145 1074 1180 qui
1090 1152 1170 1171 unam
1191 1149 1305 1172 matrem
1324 1145 1376 1173 sibi
1398 1147 1538 1174 ascribunt
1553 1150 1580 1174 et
1602 1146 1753 1179 vindicant,

966 1195 992 1218 et
1009 1191 1173 1225 cognatione
1196 1195 1299 1218 naturae
1311 1191 1399 1226 juncti
1418 1198 1492 1224 sunt,
1508 1193 1536 1220 in
1556 1200 1585 1221 se
1602 1193 1676 1228 ipsos
1696 1193 1755 1220 fru-

966 1240 1022 1263 stra
1038 1236 1177 1270 invadere,
1207 1242 1234 1264 et
1252 1237 1374 1266 vicissim
1395 1239 1518 1266 membra
1534 1247 1584 1267 sua
1608 1239 1753 1273 devorare,

964 1287 992 1309 et
1011 1290 1151 1317 nunquam
1174 1283 1202 1309 in
1223 1283 1273 1310 hac
1293 1292 1323 1311 re
1348 1285 1475 1312 cessare?
1492 1284 1570 1318 Quod
1593 1285 1703 1320 quidem
1730 1286 1754 1313 si

965 1335 1059 1355 verum
1083 1332 1152 1360 erat,
1181 1329 1330 1363 praestabat
1350 1330 1424 1364 ipsos
1440 1338 1454 1357 a
1473 1338 1503 1358 se
1522 1331 1589 1366 ipsis
1606 1332 1752 1360 consumi:

964 1378 991 1401 et
1015 1374 1132 1402 inaniter
1148 1374 1260 1402 demens
1284 1375 1483 1411 (Manichams)
1509 1376 1634 1409 ἀταξίαν,
1659 1377 1686 1405 id
1700 1383 1753 1409 est,

964 1420 1198 1454 perturbationem
1212 1421 1319 1449 ordinis
1335 1428 1415 1449 vocat
1430 1422 1456 1448 in
1468 1429 1510 1454 eo,
1524 1423 1595 1457 quod
1608 1423 1674 1451 utile
1689 1429 1732 1451 est
1745 1435 1751 1452 ε

966 1465 1030 1493 huic
1041 1466 1113 1493 enim
1131 1466 1260 1501 nequitia:
1273 1467 1387 1494 ascribit
1397 1470 1424 1494 et
1436 1468 1557 1502 assignat
1570 1469 1755 1503 perturbatio-

965 1519 1028 1539 nem
1052 1511 1157 1539 ordinis
1182 1517 1244 1539 ante
1264 1513 1412 1546 mundum;
1434 1520 1515 1548 quam
1533 1513 1572 1540 sic
1586 1518 1676 1547 vocat,
1693 1518 1755 1542 tan-

966 1566 1048 1593 quam
1064 1558 1166 1590 doleat,
1188 1562 1216 1586 et
1231 1566 1261 1586 se
1287 1559 1418 1587 misereat
1439 1560 1576 1591 materiae,
1600 1561 1673 1595 quod
1697 1568 1753 1588 non

966 1604 1044 1639 prius
1056 1612 1072 1631 a
1087 1612 1116 1632 se
1142 1604 1200 1638 ipsa
1217 1604 1322 1632 utiliter
1337 1609 1365 1632 et
1380 1606 1575 1633 convenienter
1589 1611 1753 1642 consumpta

966 1653 1038 1677 esset
1050 1657 1057 1681 ;
1072 1653 1099 1676 et
1111 1653 1238 1684 tanquam
1251 1649 1360 1684 quidam
1373 1650 1477 1677 amicus
1491 1650 1572 1685 hujus
1586 1658 1704 1679 moerens
1720 1658 1754 1678 ac

967 1695 1085 1731 graviter
1099 1695 1204 1728 dolens,
1218 1695 1291 1731 quod
1304 1695 1356 1722 sibi
1371 1696 1522 1727 nocuisset,
1536 1703 1595 1731 quae
1610 1700 1705 1724 contra
1723 1704 1754 1725 se

968 1742 1073 1769 utiliter
1089 1741 1162 1773 fecit,
1179 1741 1207 1769 in
1228 1742 1262 1769 iis
1283 1742 1513 1777 perturbationem
1536 1743 1640 1770 ordinis
1661 1747 1751 1775 vocat,

128 1797 192 1816 cum
205 1789 314 1816 deberet
327 1790 416 1824 potius
428 1790 651 1824 compositionem
664 1789 768 1816 ordinis
797 1788 1054 1817 excallentissimam
1079 1796 1186 1820 vocare,
1219 1788 1332 1816 interire
1360 1788 1465 1816 scilicet
1482 1788 1583 1816 malum
1616 1796 1632 1816 a
1649 1789 1752 1824 seipso.

132 1835 178 1862 Ille
193 1839 282 1862 autem
296 1835 344 1866 ait,
369 1834 397 1862 In
420 1835 575 1870 perturbato
602 1835 697 1862 ordine
731 1839 820 1867 crant,
837 1840 864 1862 et
879 1834 930 1862 sibi
950 1834 1022 1861 inter
1045 1842 1075 1862 se
1091 1834 1245 1867 nocebant;
1266 1834 1325 1862 viso
1343 1838 1433 1861 autem
1450 1835 1552 1862 lumine
1582 1835 1750 1863 desiverunt.

166 1883 269 1909 Οὐκοῦν
287 1882 464 1910 ἐπεϐούλευσε
483 1883 522 1919 τῷ
542 1883 707 1919 συμφέροντι
719 1883 750 1909 τὺ
767 1882 836 1918 φῶς.
855 1882 912 1917 εἴγε

133 1930 192 1960 τοὺς
209 1930 309 1961 κακοὺς
327 1928 448 1964 ἀλλήλων
461 1929 605 1965 ἐρρύσατο,
621 1929 668 1955 καὶ
688 1929 782 1964 ὥσπερ
802 1929 913 1964 φάρμα-

134 1983 179 2001 κον
200 1974 292 2010 ιατροῦ
317 1975 484 2010 εὒηργέτησε
507 1975 569 2006 τοὺς
592 1974 745 2006 νοσοῦπας.
761 1975 818 2001 Οὐκ
836 1972 871 2009 ἦν
885 1974 914 2000 δὲ

135 2021 199 2056 πρὸς
223 2020 324 2055 ἀγαθοῦ
340 2021 482 2056 φείσασθαι
497 2020 543 2046 τοῦ
557 2020 653 2052 κακοῦ,
675 2021 715 2051 είς
732 2020 762 2046 τὸ
778 2020 914 2055 διαμένειν

134 2067 178 2093 καὶ
193 2067 343 2099 σώζεσθαι,
368 2068 414 2094 καὶ
432 2066 469 2102 μὴ
483 2067 526 2101 ὑφ’
545 2064 642 2093 ἑαυτοῦ
660 2065 864 2093 ἀναλίσκεσθαι.
883 2066 914 2092 Εἰ

133 2114 185 2149 γὰρ
204 2114 248 2148 ὑφ’
260 2113 356 2140 ἑαυτοῦ
374 2112 544 2140 δαπανᾶσθαι
554 2112 633 2139 τοῦτο
651 2112 823 2144 διεκώλυσεν,
838 2113 913 2140 ἀντι-

1001 1881 1086 1917 lgitur
1115 1882 1273 1909 insidiatum
1293 1885 1335 1909 est
1356 1882 1446 1908 lumen
1462 1881 1582 1914 utilitati,
1606 1881 1752 1917 siquidem

966 1928 1053 1955 malos
1073 1935 1088 1954 a
1106 1932 1200 1954 mutua
1219 1927 1292 1955 cmde
1313 1927 1447 1958 liberavit.
1470 1932 1497 1954 et
1517 1932 1646 1962 tanquam
1663 1927 1752 1955 medi-

967 1974 1028 2001 cina
1051 1973 1149 2001 medici
1174 1973 1275 2008 profuit
1295 1973 1413 2009 aegrotis.
1437 1973 1472 1999 At
1495 1980 1549 2000 non
1574 1973 1752 2001 conveniebat

968 2021 1050 2053 bono,
1072 2024 1101 2048 ut
1116 2025 1239 2055 parceret
1259 2020 1341 2052 malo,
1364 2024 1391 2048 et
1408 2020 1508 2047 sineret
1528 2027 1686 2055 permanere
1706 2020 1750 2047 in-

968 2067 1085 2100 colume,
1099 2072 1125 2094 et
1141 2074 1194 2093 non
1211 2066 1312 2094 sineret
1323 2073 1338 2093 a
1354 2073 1384 2093 se
1399 2067 1457 2102 ipso
1471 2066 1606 2094 consumi.
1623 2065 1652 2093 Si
1666 2065 1749 2097 enim,

967 2120 1002 2139 nc
1027 2120 1042 2139 a
1063 2120 1092 2140 se
1117 2116 1336 2144 consumeretur,
1354 2112 1405 2139 hoc
1425 2111 1575 2147 prohibuit,
1594 2111 1653 2147 ipse
1669 2112 1751 2147 plane

134 2168 199 2196 xpu:
209 2159 290 2190 αὐτὸς
303 2159 461 2195 διετήρησεν
474 2158 539 2185 αὑτό
550 2166 557 2174 ’
575 2159 622 2185 καὶ
636 2158 678 2194 εἴη
692 2158 724 2185 ἂν
736 2158 915 2194 ἀληθέστερον

970 2158 1085 2185 servavit
1100 2158 1199 2193 ipsum,
1215 2162 1341 2193 essetque
1352 2158 1441 2185 verior
1455 2158 1561 2191 ἀταξία,
1574 2158 1600 2185 id
1612 2162 1664 2190 est,
1676 2158 1752 2186 aber-

133 2208 210 2235 τοῦτο
227 2208 335 2241 ἀταξία.
351 2207 365 2233 ὃ
382 2215 447 2241 φησι
463 2206 512 2241 τὴν
529 2205 641 2238 ἀταξίαν
660 2204 839 2233 πεπαυκέναι.
850 2204 914 2230 ’Ὅτε

133 2254 220 2281 τοίνυν
237 2254 304 2289 αὐτῇ
318 2253 388 2285 λέξει
404 2252 511 2288 φησὶνή
529 2252 593 2286 παρ’
611 2251 701 2282 αὑτοῖς
719 2250 825 2285 βίϐλος’
842 2250 915 2285 Πρὸς

133 2301 263 2335 ἀλλήλους
278 2298 477 2331 στασιάζοντες.
501 2298 672 2325 ἐπεπόλασαν
687 2297 733 2324 καὶ
756 2297 836 2333 μέχρι
859 2296 913 2322 τῶν

135 2347 277 2383 μεθορίων,
293 2347 382 2374 καὶτὸ
394 2345 450 2381 φῶς
465 2344 545 2376 εἶδον,
561 2344 650 2379 θέαμά
668 2353 693 2370 τι
711 2343 853 2370 κάλλιστον
866 2343 914 2369 καὶ

133 2394 370 2429 εὐπρεπέστατον·
389 2393 458 2419 τότε.
484 2392 536 2418 ὑπὸ
557 2391 606 2426 τῆς
629 2392 657 2417 ὲν
668 2390 760 2421 αὐτοῖς
783 2390 914 2425 κινήσεως

134 2440 333 2473 ἐνθουσιῶντες,
348 2439 417 2466 κατὰ
441 2438 487 2465 τοῦ
501 2438 589 2472 φωτὸς
611 2436 814 2466 ἐϐουλεύσαντο,
835 2435 861 2462 τί
882 2435 914 2470 δὴ

134 2487 295 2522 ποιήσαντες
310 2486 432 2513 δύναιντο
445 2485 478 2512 ἂν
492 2485 590 2516 αὐτοὺς
601 2483 640 2519 τῷ
658 2483 793 2519 κρείττονι
815 2489 914 2516 συγκε-

137 2535 229 2569 pint;
244 2533 328 2559 Τοῦτο
341 2534 367 2559 δὲ
389 2531 547 2565 λογίσασθαι
570 2532 618 2564 οὐχ
641 2527 690 2556 οἷοί
711 2538 739 2555 τε
753 2526 832 2563 ἦσαν,
857 2527 914 2553 ἀλλ’

136 2581 264 2616 ἐπιθυμία
279 2581 325 2607 τοῦ
354 2579 505 2614 κρείττονος
532 2579 596 2604 ἴδιον
620 2577 730 2612 (θήραμα
756 2576 915 2610 νομίσαντες

134 2628 222 2659 αὐτοῖς
238 2627 357 2657 ἔσεσθαι,
379 2625 469 2652 πολλοὶ
486 2624 560 2655 ὄντες
583 2622 842 2658 ἐπεστρατεύσαντο.

968 2205 1037 2231 ratio
1053 2211 1068 2231 a
1087 2204 1159 2232 bono
1181 2204 1276 2231 ordine
1298 2204 1350 2231 hoc
1366 2204 1438 2239 quod
1459 2204 1507 2235 ait.
1532 2204 1665 2232 sublatam
1689 2212 1751 2232 esse

968 2250 1198 2285 perturbationem
1212 2249 1326 2277 ordinis.
1348 2249 1393 2277 Sic
1409 2250 1491 2284 igitur
1510 2253 1553 2277 est
1574 2250 1601 2276 in
1619 2249 1689 2277 libro
1702 2250 1749 2285 qui

967 2295 1039 2330 apud
1059 2295 1134 2330 ipsos
1149 2295 1235 2322 fertur
1249 2305 1256 2323 :
1271 2295 1404 2323 seditione
1420 2295 1491 2323 intcr
1515 2296 1589 2330 ipsos
1603 2299 1674 2327 orta,
1691 2304 1751 2330 pro-

966 2341 1075 2368 dierunt
1099 2348 1187 2376 usque
1210 2340 1244 2367 ad
1264 2340 1429 2373 conﬁnium,
1454 2344 1482 2368 et
1496 2341 1622 2368 viderunt
1647 2341 1749 2373 lumen,

967 2387 1152 2422 spectaculum
1179 2387 1315 2422 quoddam
1341 2387 1555 2422 pulcherrimum
1578 2391 1606 2415 et
1629 2388 1750 2415 maxime

967 2433 1096 2461 decorum
1115 2442 1122 2460 :
1143 2437 1207 2459 tunc
1223 2433 1404 2461 commotione
1424 2440 1472 2460 sua
1495 2433 1521 2460 in
1543 2432 1677 2460 insaniam
1697 2433 1749 2459 acti

968 2480 1192 2507 consultaverunt
1205 2479 1239 2507 de
1251 2479 1353 2507 lumine
1367 2479 1431 2514 quid
1452 2478 1607 2507 faciendum
1621 2483 1705 2510 esset,
1720 2483 1750 2506 ut

970 2534 999 2553 sc
1012 2534 1073 2552 cum
1093 2533 1124 2552 eo
1144 2525 1217 2559 quod
1238 2525 1411 2559 prmstantius
1432 2531 1490 2552 erat
1514 2524 1668 2552 miscerent.
1694 2523 1750 2551 Hoc

970 2577 1059 2599 autem
1078 2572 1197 2606 cogitare
1222 2580 1274 2598 non
1292 2575 1428 2606 poterant,
1459 2571 1505 2598 sed
1528 2579 1582 2605 pne
1604 2572 1751 2606 cupiditate

969 2617 1089 2644 melioris
1106 2617 1228 2644 arbitrati
1246 2617 1364 2643 futuram
1387 2625 1448 2644 esse
1463 2617 1600 2651 propriam
1620 2617 1749 2652 ιιι-κάδω,

969 2671 1028 2689 cum
1049 2663 1124 2689 multi
1140 2667 1241 2694 essent,
1259 2663 1407 2689 exercitum
1429 2662 1577 2690 instruunt.

640 2726 703 2752 Car.
723 2724 802 2750 XVII.
820 2723 983 2750 Desiderium
996 2721 1108 2748 hominis
1127 2724 1231 2747 bonum.

171 2776 300 2803 Λανθανει
318 2777 344 2802 δὲ
360 2778 414 2807 τοῖς
434 2776 482 2809 τῆς
494 2776 591 2805 κακίας
605 2775 671 2804 υίοῖς
684 2773 717 2799 τὰ
732 2773 838 2798 πάντων
850 2771 914 2797 κάλ-

137 2822 211 2849 λιστα
237 2823 445 2858 προμαρτυρῶν.
474 2823 502 2848 ΕΞ
520 2822 572 2855 γὰρ
596 2820 624 2846 τδ
645 2819 784 2846 κάλλιστον
808 2818 853 2843 καὶ
873 2817 913 2842 εὑ-

1004 2769 1179 2799 Manichzcus,
1202 2776 1261 2802 qua:
1285 2771 1348 2794 sunt
1372 2768 1492 2794 omnium
1515 2768 1696 2803 pulcherrima
1724 2771 1750 2793 ct

970 2816 1127 2850 bellissima,
1154 2815 1215 2842 filiis
1240 2814 1365 2849 nequitia:
1385 2814 1539 2842 testimonio
1559 2822 1608 2842 suo
1625 2814 1749 2842 nesciens
