  <div class='ocr_page' id='page_1' title='image "/cluster/home/n/w/nwhite01/storage/ocr_20150623/18/hvd.32044073501207/551.png"; bbox 0 0 3968 6914; ppageno 0'>
   <div class='ocr_carea' id='block_1_1' title="bbox 637 205 2204 285">
    <p class='ocr_par' dir='ltr' id='par_1_1' title="bbox 637 205 2204 265">
     <span class='ocr_line' id='line_1_1' title="bbox 637 205 2204 265; baseline 0 -3"><span class='ocrx_word' id='word_1_1' title='bbox 637 207 765 265; x_wconf 73' lang='grc' dir='ltr'>ιθθι</span> <span class='ocrx_word' id='word_1_2' title='bbox 1480 226 1493 237; x_wconf 71' lang='grc' dir='ltr'><strong>ο</strong></span> <span class='ocrx_word' id='word_1_3' title='bbox 1768 205 1906 262; x_wconf 79' lang='lat' dir='ltr'><strong>TITI</strong></span> <span class='ocrx_word' id='word_1_4' title='bbox 1941 206 2204 264; x_wconf 79' lang='lat' dir='ltr'><strong>BOSTRE</strong></span> 
     </span>
    </p>
   </div>
   <div class='ocr_carea' id='block_1_2' title="bbox 2177 205 3744 285">
    <p class='ocr_par' dir='ltr' id='par_1_2' title="bbox 2177 206 3744 285">
     <span class='ocr_line' id='line_1_2' title="bbox 2177 206 3744 285; baseline 0.004 -23"><span class='ocrx_word' id='word_1_5' title='bbox 2177 206 2366 264; x_wconf 61' lang='lat' dir='ltr'><strong>snas</strong></span> <span class='ocrx_word' id='word_1_6' title='bbox 2401 206 2715 264; x_wconf 77' lang='lat' dir='ltr'><strong>EPISCOPI</strong></span> <span class='ocrx_word' id='word_1_7' title='bbox 3643 226 3744 285; x_wconf 59' lang='lat'><strong>.09,</strong></span> 
     </span>
    </p>
   </div>
   <div class='ocr_carea' id='block_1_3' title="bbox 634 319 2201 407">
    <p class='ocr_par' dir='ltr' id='par_1_3' title="bbox 634 319 2201 393">
     <span class='ocr_line' id='line_1_3' title="bbox 634 319 2201 393; baseline -0.001 -15"><span class='ocrx_word' id='word_1_8' title='bbox 634 320 846 378; x_wconf 85' lang='lat' dir='ltr'><strong>tribuit.</strong></span> <span class='ocrx_word' id='word_1_9' title='bbox 874 319 1084 377; x_wconf 78' lang='lat' dir='ltr'><strong>Etenim</strong></span> <span class='ocrx_word' id='word_1_10' title='bbox 1117 321 1165 377; x_wconf 92' lang='lat' dir='ltr'><strong>si</strong></span> <span class='ocrx_word' id='word_1_11' title='bbox 1195 320 1341 391; x_wconf 90' lang='lat' dir='ltr'><strong>quod</strong></span> <span class='ocrx_word' id='word_1_12' title='bbox 1368 330 1454 378; x_wconf 88' lang='lat' dir='ltr'><strong>est</strong></span> <span class='ocrx_word' id='word_1_13' title='bbox 1481 322 1913 393; x_wconf 81' lang='lat' dir='ltr'><strong>pulcherrimum</strong></span> <span class='ocrx_word' id='word_1_14' title='bbox 1948 331 2004 380; x_wconf 91' lang='lat' dir='ltr'><strong>et</strong></span> <span class='ocrx_word' id='word_1_15' title='bbox 2030 323 2201 378; x_wconf 78' lang='lat' dir='ltr'><strong>maxi-</strong></span> 
     </span>
    </p>
   </div>
   <div class='ocr_carea' id='block_1_4' title="bbox 2179 319 3746 407">
    <p class='ocr_par' dir='ltr' id='par_1_4' title="bbox 2181 324 3746 407">
     <span class='ocr_line' id='line_1_4' title="bbox 2181 324 3746 407; baseline 0.009 -32"><span class='ocrx_word' id='word_1_16' title='bbox 2181 353 2207 363; x_wconf 98' lang='lat'><strong>-</strong></span> <span class='ocrx_word' id='word_1_17' title='bbox 2236 331 2280 388; x_wconf 75' lang='grc' dir='ltr'><strong>Α</strong></span> <span class='ocrx_word' id='word_1_18' title='bbox 2308 324 2682 395; x_wconf 83' lang='grc' dir='ltr'>πρεπέστατον</span> <span class='ocrx_word' id='word_1_19' title='bbox 2734 325 3004 397; x_wconf 79' lang='grc' dir='ltr'>ἐρασμίως</span> <span class='ocrx_word' id='word_1_20' title='bbox 3066 324 3237 395; x_wconf 71' lang='grc' dir='ltr'>εἶδον,</span> <span class='ocrx_word' id='word_1_21' title='bbox 3283 331 3370 384; x_wconf 71' lang='grc' dir='ltr'>καὶ</span> <span class='ocrx_word' id='word_1_22' title='bbox 3412 332 3746 407; x_wconf 60' lang='grc' dir='ltr'>ἐπιθυμήσαντες</span> 
     </span>
    </p>
   </div>
   <div class='ocr_carea' id='block_1_5' title="bbox 626 413 2193 498">
    <p class='ocr_par' dir='ltr' id='par_1_5' title="bbox 626 414 2193 485">
     <span class='ocr_line' id='line_1_5' title="bbox 626 414 2193 485; baseline -0.001 -15"><span class='ocrx_word' id='word_1_23' title='bbox 626 430 725 473; x_wconf 81' lang='lat' dir='ltr'><strong>me</strong></span> <span class='ocrx_word' id='word_1_24' title='bbox 751 416 991 472; x_wconf 90' lang='lat' dir='ltr'><strong>omnium</strong></span> <span class='ocrx_word' id='word_1_25' title='bbox 1036 414 1318 481; x_wconf 90' lang='lat' dir='ltr'><strong>decorum,</strong></span> <span class='ocrx_word' id='word_1_26' title='bbox 1360 422 1611 469; x_wconf 76' lang='lat' dir='ltr'><strong>amanter</strong></span> <span class='ocrx_word' id='word_1_27' title='bbox 1643 414 1919 482; x_wconf 82' lang='lat' dir='ltr'><strong>viderunt,</strong></span> <span class='ocrx_word' id='word_1_28' title='bbox 1956 426 2013 470; x_wconf 92' lang='lat' dir='ltr'><strong>et</strong></span> <span class='ocrx_word' id='word_1_29' title='bbox 2043 416 2193 485; x_wconf 91' lang='lat' dir='ltr'><strong>cupi-</strong></span> 
     </span>
    </p>
   </div>
   <div class='ocr_carea' id='block_1_6' title="bbox 2179 413 3746 498">
    <p class='ocr_par' dir='ltr' id='par_1_6' title="bbox 2180 413 3746 498">
     <span class='ocr_line' id='line_1_6' title="bbox 2180 413 3746 498; baseline 0.012 -39"><span class='ocrx_word' id='word_1_30' title='bbox 2180 444 2202 456; x_wconf 85' lang='lat'><strong>-</strong></span> <span class='ocrx_word' id='word_1_31' title='bbox 2306 413 2525 488; x_wconf 75' lang='grc' dir='ltr'>θήραμα</span> <span class='ocrx_word' id='word_1_32' title='bbox 2564 414 2693 468; x_wconf 76' lang='grc' dir='ltr'>ἴδιον</span> <span class='ocrx_word' id='word_1_33' title='bbox 2734 416 2984 488; x_wconf 82' lang='grc' dir='ltr'><strong>ἐνόμισαν</strong></span> <span class='ocrx_word' id='word_1_34' title='bbox 3032 419 3198 482; x_wconf 76' lang='grc' dir='ltr'>αὐτὸ,</span> <span class='ocrx_word' id='word_1_35' title='bbox 3230 418 3406 490; x_wconf 80' lang='grc' dir='ltr'>δῆλον,</span> <span class='ocrx_word' id='word_1_36' title='bbox 3452 421 3518 486; x_wconf 86' lang='grc' dir='ltr'><strong>ὡς</strong></span> <span class='ocrx_word' id='word_1_37' title='bbox 3556 424 3671 496; x_wconf 73' lang='grc' dir='ltr'>ὀρθοί</span> <span class='ocrx_word' id='word_1_38' title='bbox 3704 446 3746 498; x_wconf 83' lang='grc' dir='ltr'><strong>γε</strong></span> 
     </span>
    </p>
   </div>
   <div class='ocr_carea' id='block_1_7' title="bbox 624 503 2191 589">
    <p class='ocr_par' dir='ltr' id='par_1_7' title="bbox 624 506 2191 579">
     <span class='ocr_line' id='line_1_7' title="bbox 624 506 2191 579; baseline 0.001 -16"><span class='ocrx_word' id='word_1_39' title='bbox 624 507 802 565; x_wconf 68' lang='lat' dir='ltr'><strong>(litate</strong></span> <span class='ocrx_word' id='word_1_40' title='bbox 835 507 1053 563; x_wconf 82' lang='lat' dir='ltr'><strong>incensi</strong></span> <span class='ocrx_word' id='word_1_41' title='bbox 1102 507 1375 579; x_wconf 89' lang='lat' dir='ltr'><strong>pr0priam</strong></span> <span class='ocrx_word' id='word_1_42' title='bbox 1404 506 1655 576; x_wconf 67' lang='lat' dir='ltr'><strong>.praadam</strong></span> <span class='ocrx_word' id='word_1_43' title='bbox 1696 523 1820 565; x_wconf 86' lang='lat' dir='ltr'><strong>esse</strong></span> <span class='ocrx_word' id='word_1_44' title='bbox 1859 508 2191 565; x_wconf 73' lang='lat' dir='ltr'><strong>existimave-</strong></span> 
     </span>
    </p>
   </div>
   <div class='ocr_carea' id='block_1_8' title="bbox 2179 503 3746 589">
    <p class='ocr_par' dir='ltr' id='par_1_8' title="bbox 2179 503 3746 589">
     <span class='ocr_line' id='line_1_8' title="bbox 2179 503 3746 589; baseline 0.008 -30"><span class='ocrx_word' id='word_1_45' title='bbox 2179 538 2205 550; x_wconf 92' lang='lat'><em>-</em></span> <span class='ocrx_word' id='word_1_46' title='bbox 2301 503 2441 579; x_wconf 80' lang='grc' dir='ltr'>ἦσαν</span> <span class='ocrx_word' id='word_1_47' title='bbox 2467 508 2566 581; x_wconf 80' lang='grc' dir='ltr'>τὴν</span> <span class='ocrx_word' id='word_1_48' title='bbox 2587 508 2870 581; x_wconf 77' lang='grc' dir='ltr'><strong>ὑπόληψιν.</strong></span> <span class='ocrx_word' id='word_1_49' title='bbox 2909 511 3071 565; x_wconf 83' lang='grc' dir='ltr'>Ὥστε</span> <span class='ocrx_word' id='word_1_50' title='bbox 3116 514 3211 567; x_wconf 76' lang='grc' dir='ltr'><strong>καὶ</strong></span> <span class='ocrx_word' id='word_1_51' title='bbox 3245 512 3548 583; x_wconf 76' lang='grc' dir='ltr'><strong>βουλεύονται</strong></span> <span class='ocrx_word' id='word_1_52' title='bbox 3572 521 3615 570; x_wconf 82' lang='grc' dir='ltr'><strong>οἱ</strong></span> <span class='ocrx_word' id='word_1_53' title='bbox 3638 520 3746 589; x_wconf 70' lang='grc' dir='ltr'>λόγου</span> 
     </span>
    </p>
   </div>
   <div class='ocr_carea' id='block_1_9' title="bbox 627 596 2194 686">
    <p class='ocr_par' dir='ltr' id='par_1_9' title="bbox 627 596 2194 668">
     <span class='ocr_line' id='line_1_9' title="bbox 627 596 2194 668; baseline 0.002 -16"><span class='ocrx_word' id='word_1_54' title='bbox 627 604 782 662; x_wconf 83' lang='lat' dir='ltr'><strong>runt,</strong></span> <span class='ocrx_word' id='word_1_55' title='bbox 820 596 990 668; x_wconf 90' lang='lat' dir='ltr'><strong>liquet</strong></span> <span class='ocrx_word' id='word_1_56' title='bbox 1042 605 1191 652; x_wconf 89' lang='lat' dir='ltr'><strong>recte</strong></span> <span class='ocrx_word' id='word_1_57' title='bbox 1240 598 1498 654; x_wconf 88' lang='lat' dir='ltr'><strong>sensisse.</strong></span> <span class='ocrx_word' id='word_1_58' title='bbox 1545 597 1727 666; x_wconf 85' lang='lat' dir='ltr'><strong>Quare</strong></span> <span class='ocrx_word' id='word_1_59' title='bbox 1770 599 2063 656; x_wconf 85' lang='lat' dir='ltr'><strong>consilium</strong></span> <span class='ocrx_word' id='word_1_60' title='bbox 2109 615 2194 655; x_wconf 86' lang='lat' dir='ltr'><strong>ca-</strong></span> 
     </span>
    </p>
   </div>
   <div class='ocr_carea' id='block_1_10' title="bbox 2180 596 3747 686">
    <p class='ocr_par' dir='ltr' id='par_1_10' title="bbox 2180 598 3747 686">
     <span class='ocr_line' id='line_1_10' title="bbox 2180 598 3747 686; baseline 0.011 -38"><span class='ocrx_word' id='word_1_61' title='bbox 2180 630 2203 641; x_wconf 77' lang='grc'><strong><em>-</em></strong></span> <span class='ocrx_word' id='word_1_62' title='bbox 2305 598 2381 671; x_wconf 85' lang='grc' dir='ltr'>μὴ</span> <span class='ocrx_word' id='word_1_63' title='bbox 2427 600 2772 671; x_wconf 82' lang='grc' dir='ltr'><strong>μετέχοντες,</strong></span> <span class='ocrx_word' id='word_1_64' title='bbox 2820 603 2967 666; x_wconf 83' lang='grc' dir='ltr'>ὅπως</span> <span class='ocrx_word' id='word_1_65' title='bbox 3009 602 3074 657; x_wconf 81' lang='grc' dir='ltr'>ἂν</span> <span class='ocrx_word' id='word_1_66' title='bbox 3117 605 3332 670; x_wconf 77' lang='grc' dir='ltr'>ἑαυτοὺς</span> <span class='ocrx_word' id='word_1_67' title='bbox 3373 609 3666 681; x_wconf 79' lang='grc' dir='ltr'>ἐγκεράσαιεν</span> <span class='ocrx_word' id='word_1_68' title='bbox 3698 616 3747 686; x_wconf 76' lang='grc' dir='ltr'>τῷ</span> 
     </span>
    </p>
   </div>
   <div class='ocr_carea' id='block_1_11' title="bbox 622 689 2189 768">
    <p class='ocr_par' dir='ltr' id='par_1_11' title="bbox 622 689 2189 764">
     <span class='ocr_line' id='line_1_11' title="bbox 622 689 2189 764; baseline 0.004 -22"><span class='ocrx_word' id='word_1_69' title='bbox 622 689 807 759; x_wconf 79' lang='lat' dir='ltr'><strong>piunt,</strong></span> <span class='ocrx_word' id='word_1_70' title='bbox 827 690 919 760; x_wconf 87' lang='lat' dir='ltr'><strong>qui</strong></span> <span class='ocrx_word' id='word_1_71' title='bbox 950 704 1062 744; x_wconf 91' lang='lat' dir='ltr'><strong>non</strong></span> <span class='ocrx_word' id='word_1_72' title='bbox 1095 697 1224 745; x_wconf 92' lang='lat' dir='ltr'><strong>sunt</strong></span> <span class='ocrx_word' id='word_1_73' title='bbox 1255 690 1483 747; x_wconf 89' lang='lat' dir='ltr'><strong>rationis</strong></span> <span class='ocrx_word' id='word_1_74' title='bbox 1506 692 1818 762; x_wconf 81' lang='lat' dir='ltr'><strong>participes,</strong></span> <span class='ocrx_word' id='word_1_75' title='bbox 1840 693 2114 764; x_wconf 88' lang='lat' dir='ltr'><strong>quomodo</strong></span> <span class='ocrx_word' id='word_1_76' title='bbox 2144 709 2189 749; x_wconf 66' lang='lat' dir='ltr'><strong>se</strong></span> 
     </span>
    </p>
   </div>
   <div class='ocr_carea' id='block_1_12' title="bbox 2180 689 3747 768">
    <p class='ocr_par' dir='ltr' id='par_1_12' title="bbox 2180 689 3747 768">
     <span class='ocr_line' id='line_1_12' title="bbox 2180 689 3747 768; baseline 0.01 -28"><span class='ocrx_word' id='word_1_77' title='bbox 2180 710 2203 749; x_wconf 71' lang='grc' dir='ltr'><strong>ε</strong></span> <span class='ocrx_word' id='word_1_78' title='bbox 2302 689 2469 759; x_wconf 85' lang='grc' dir='ltr'>φωτί·</span> <span class='ocrx_word' id='word_1_79' title='bbox 2506 691 2602 742; x_wconf 78' lang='grc' dir='ltr'>καὶ</span> <span class='ocrx_word' id='word_1_80' title='bbox 2654 690 2849 760; x_wconf 84' lang='grc' dir='ltr'>φθόνου</span> <span class='ocrx_word' id='word_1_81' title='bbox 2886 692 3069 747; x_wconf 71' lang='grc' dir='ltr'>λοιπὸν</span> <span class='ocrx_word' id='word_1_82' title='bbox 3117 689 3184 766; x_wconf 76' lang='grc' dir='ltr'>ἦν</span> <span class='ocrx_word' id='word_1_83' title='bbox 3222 697 3280 749; x_wconf 85' lang='grc' dir='ltr'>τὸ</span> <span class='ocrx_word' id='word_1_84' title='bbox 3308 698 3378 768; x_wconf 74' lang='grc' dir='ltr'>μὴ</span> <span class='ocrx_word' id='word_1_85' title='bbox 3403 701 3581 754; x_wconf 77' lang='grc' dir='ltr'>ἀνεῖναι</span> <span class='ocrx_word' id='word_1_86' title='bbox 3602 702 3747 768; x_wconf 75' lang='grc' dir='ltr'>τούτοις</span> 
     </span>
    </p>
   </div>
   <div class='ocr_carea' id='block_1_13' title="bbox 618 781 2185 871">
    <p class='ocr_par' dir='ltr' id='par_1_13' title="bbox 618 781 2185 855">
     <span class='ocr_line' id='line_1_13' title="bbox 618 781 2185 855; baseline 0.003 -20"><span class='ocrx_word' id='word_1_87' title='bbox 618 781 734 851; x_wconf 76' lang='lat' dir='ltr'><strong>ipsi</strong></span> <span class='ocrx_word' id='word_1_88' title='bbox 764 795 890 837; x_wconf 90' lang='lat' dir='ltr'><strong>cum</strong></span> <span class='ocrx_word' id='word_1_89' title='bbox 924 782 1127 837; x_wconf 90' lang='lat' dir='ltr'><strong>lumine</strong></span> <span class='ocrx_word' id='word_1_90' title='bbox 1159 782 1468 851; x_wconf 84' lang='lat' dir='ltr'><strong>misceant;</strong></span> <span class='ocrx_word' id='word_1_91' title='bbox 1518 791 1573 839; x_wconf 88' lang='lat' dir='ltr'><strong>et</strong></span> <span class='ocrx_word' id='word_1_92' title='bbox 1620 784 1948 855; x_wconf 84' lang='lat' dir='ltr'><strong>relinquitur</strong></span> <span class='ocrx_word' id='word_1_93' title='bbox 1974 825 1990 850; x_wconf 93' lang='lat'><strong>,</strong></span> <span class='ocrx_word' id='word_1_94' title='bbox 2030 793 2092 840; x_wconf 89' lang='lat' dir='ltr'><strong>ut</strong></span> <span class='ocrx_word' id='word_1_95' title='bbox 2116 786 2185 840; x_wconf 89' lang='lat' dir='ltr'><strong>in-</strong></span> 
     </span>
    </p>
   </div>
   <div class='ocr_carea' id='block_1_14' title="bbox 2179 781 3746 871">
    <p class='ocr_par' dir='ltr' id='par_1_14' title="bbox 2179 784 3746 871">
     <span class='ocr_line' id='line_1_14' title="bbox 2179 784 3746 871; baseline 0.011 -35"><span class='ocrx_word' id='word_1_96' title='bbox 2179 815 2202 826; x_wconf 92' lang='lat'><strong>-</strong></span> <span class='ocrx_word' id='word_1_97' title='bbox 2299 784 2394 839; x_wconf 82' lang='grc' dir='ltr'>τοῦ</span> <span class='ocrx_word' id='word_1_98' title='bbox 2439 784 2646 854; x_wconf 81' lang='grc' dir='ltr'><strong>ἀγαθοῦ</strong></span> <span class='ocrx_word' id='word_1_99' title='bbox 2690 787 2789 859; x_wconf 83' lang='grc' dir='ltr'>τὴν</span> <span class='ocrx_word' id='word_1_100' title='bbox 2834 788 3130 843; x_wconf 76' lang='grc' dir='ltr'><strong>ἀπόλαυσιν</strong></span> <span class='ocrx_word' id='word_1_101' title='bbox 3152 807 3165 820; x_wconf 92' lang='grc'><strong>·</strong></span> <span class='ocrx_word' id='word_1_102' title='bbox 3205 792 3299 863; x_wconf 77' lang='grc' dir='ltr'><strong>οὐχ</strong></span> <span class='ocrx_word' id='word_1_103' title='bbox 3343 794 3518 865; x_wconf 75' lang='grc' dir='ltr'>ἕστηκε</span> <span class='ocrx_word' id='word_1_104' title='bbox 3570 797 3654 871; x_wconf 80' lang='grc' dir='ltr'><strong>γὰρ</strong></span> <span class='ocrx_word' id='word_1_105' title='bbox 3688 800 3746 855; x_wconf 73' lang='grc' dir='ltr'>τοῦ</span> 
     </span>
    </p>
   </div>
   <div class='ocr_carea' id='block_1_15' title="bbox 624 873 2191 959">
    <p class='ocr_par' dir='ltr' id='par_1_15' title="bbox 624 873 2191 945">
     <span class='ocr_line' id='line_1_15' title="bbox 624 873 2191 945; baseline 0.003 -18"><span class='ocrx_word' id='word_1_106' title='bbox 624 873 774 928; x_wconf 70' lang='lat' dir='ltr'><strong>vidia</strong></span> <span class='ocrx_word' id='word_1_107' title='bbox 817 884 983 940; x_wconf 80' lang='lat' dir='ltr'><strong>esset,</strong></span> <span class='ocrx_word' id='word_1_108' title='bbox 1031 888 1141 930; x_wconf 92' lang='lat' dir='ltr'><strong>non</strong></span> <span class='ocrx_word' id='word_1_109' title='bbox 1181 876 1498 945; x_wconf 85' lang='lat' dir='ltr'><strong>permittere</strong></span> <span class='ocrx_word' id='word_1_110' title='bbox 1555 875 1679 931; x_wconf 89' lang='lat' dir='ltr'><strong>istis</strong></span> <span class='ocrx_word' id='word_1_111' title='bbox 1720 876 1825 929; x_wconf 83' lang='lat' dir='ltr'><strong>frui</strong></span> <span class='ocrx_word' id='word_1_112' title='bbox 1869 875 2057 930; x_wconf 86' lang='lat' dir='ltr'><strong>bono:</strong></span> <span class='ocrx_word' id='word_1_113' title='bbox 2091 890 2191 931; x_wconf 88' lang='lat' dir='ltr'><strong>non</strong></span> 
     </span>
    </p>
   </div>
   <div class='ocr_carea' id='block_1_16' title="bbox 2181 873 3748 959">
    <p class='ocr_par' dir='ltr' id='par_1_16' title="bbox 2181 876 3748 959">
     <span class='ocr_line' id='line_1_16' title="bbox 2181 876 3748 959; baseline 0.009 -31"><span class='ocrx_word' id='word_1_114' title='bbox 2181 892 2199 930; x_wconf 90' lang='grc' dir='ltr'><strong>ι</strong></span> <span class='ocrx_word' id='word_1_115' title='bbox 2299 876 2573 941; x_wconf 75' lang='grc' dir='ltr'>Μάνεντος</span> <span class='ocrx_word' id='word_1_116' title='bbox 2589 878 2617 929; x_wconf 84' lang='grc' dir='ltr'>ὁ</span> <span class='ocrx_word' id='word_1_117' title='bbox 2632 877 2810 946; x_wconf 81' lang='grc' dir='ltr'>λόγος.</span> <span class='ocrx_word' id='word_1_118' title='bbox 2823 881 2887 933; x_wconf 88' lang='lat' dir='ltr'><strong>Ei</strong></span> <span class='ocrx_word' id='word_1_119' title='bbox 2912 881 3020 953; x_wconf 83' lang='grc' dir='ltr'><strong>γὰρ</strong></span> <span class='ocrx_word' id='word_1_120' title='bbox 3039 883 3158 936; x_wconf 84' lang='grc' dir='ltr'>κατ’</span> <span class='ocrx_word' id='word_1_121' title='bbox 3181 883 3409 957; x_wconf 85' lang='grc' dir='ltr'>ἀλλήλων</span> <span class='ocrx_word' id='word_1_122' title='bbox 3421 891 3668 959; x_wconf 75' lang='grc' dir='ltr'><strong>ἐμαίνοντο,</strong></span> <span class='ocrx_word' id='word_1_123' title='bbox 3690 901 3748 950; x_wconf 67' lang='grc' dir='ltr'><strong>καὶ</strong></span> 
     </span>
    </p>
   </div>
   <div class='ocr_carea' id='block_1_17' title="bbox 620 965 2187 1055">
    <p class='ocr_par' dir='ltr' id='par_1_17' title="bbox 620 965 2187 1026">
     <span class='ocr_line' id='line_1_17' title="bbox 620 965 2187 1026; baseline 0.003 -6"><span class='ocrx_word' id='word_1_124' title='bbox 620 965 773 1023; x_wconf 82' lang='lat' dir='ltr'><strong>enim</strong></span> <span class='ocrx_word' id='word_1_125' title='bbox 812 976 932 1022; x_wconf 85' lang='lat' dir='ltr'><strong>erat</strong></span> <span class='ocrx_word' id='word_1_126' title='bbox 959 981 1141 1024; x_wconf 82' lang='lat' dir='ltr'><strong>sermo</strong></span> <span class='ocrx_word' id='word_1_127' title='bbox 1171 966 1456 1024; x_wconf 72' lang='lat' dir='ltr'><strong>Manichtei</strong></span> <span class='ocrx_word' id='word_1_128' title='bbox 1494 977 1779 1025; x_wconf 84' lang='lat' dir='ltr'><strong>constans.</strong></span> <span class='ocrx_word' id='word_1_129' title='bbox 1811 968 1872 1024; x_wconf 89' lang='lat' dir='ltr'><strong>Si</strong></span> <span class='ocrx_word' id='word_1_130' title='bbox 1902 971 2045 1026; x_wconf 90' lang='lat' dir='ltr'><strong>enim</strong></span> <span class='ocrx_word' id='word_1_131' title='bbox 2074 985 2187 1025; x_wconf 91' lang='lat' dir='ltr'><strong>con-</strong></span> 
     </span>
    </p>
   </div>
   <div class='ocr_carea' id='block_1_18' title="bbox 2177 965 3744 1055">
    <p class='ocr_par' dir='ltr' id='par_1_18' title="bbox 2177 968 3744 1055">
     <span class='ocr_line' id='line_1_18' title="bbox 2177 968 3744 1055; baseline 0.01 -32"><span class='ocrx_word' id='word_1_132' title='bbox 2177 998 2203 1023; x_wconf 52' lang='grc' dir='ltr'><strong>τ</strong></span> <span class='ocrx_word' id='word_1_133' title='bbox 2299 968 2406 1023; x_wconf 76' lang='grc' dir='ltr'>ἔδει</span> <span class='ocrx_word' id='word_1_134' title='bbox 2429 987 2492 1039; x_wconf 88' lang='grc' dir='ltr'><strong>γε</strong></span> <span class='ocrx_word' id='word_1_135' title='bbox 2520 970 2717 1035; x_wconf 82' lang='grc' dir='ltr'>αὐτοὺς</span> <span class='ocrx_word' id='word_1_136' title='bbox 2749 973 3069 1027; x_wconf 81' lang='grc' dir='ltr'>καταλιπεῖν</span> <span class='ocrx_word' id='word_1_137' title='bbox 3096 976 3185 1031; x_wconf 76' lang='grc' dir='ltr'><strong>ὑπ’</strong></span> <span class='ocrx_word' id='word_1_138' title='bbox 3221 976 3446 1049; x_wconf 80' lang='grc' dir='ltr'>ἀλλήλων</span> <span class='ocrx_word' id='word_1_139' title='bbox 3485 981 3744 1055; x_wconf 76' lang='grc' dir='ltr'><strong>φθείρεσθαι·</strong></span> 
     </span>
    </p>
   </div>
   <div class='ocr_carea' id='block_1_19' title="bbox 621 1059 2188 1151">
    <p class='ocr_par' dir='ltr' id='par_1_19' title="bbox 621 1059 2188 1131">
     <span class='ocr_line' id='line_1_19' title="bbox 621 1059 2188 1131; baseline 0.004 -19"><span class='ocrx_word' id='word_1_140' title='bbox 621 1068 713 1113; x_wconf 82' lang='lat' dir='ltr'><strong>tra</strong></span> <span class='ocrx_word' id='word_1_141' title='bbox 737 1074 798 1115; x_wconf 91' lang='lat' dir='ltr'><strong>se</strong></span> <span class='ocrx_word' id='word_1_142' title='bbox 829 1059 1196 1126; x_wconf 87' lang='lat' dir='ltr'><strong>insaniebant,</strong></span> <span class='ocrx_word' id='word_1_143' title='bbox 1225 1060 1508 1130; x_wconf 82' lang='lat' dir='ltr'><strong>Oportebat</strong></span> <span class='ocrx_word' id='word_1_144' title='bbox 1527 1061 1745 1131; x_wconf 86' lang='lat' dir='ltr'><strong>quidem</strong></span> <span class='ocrx_word' id='word_1_145' title='bbox 1774 1061 2049 1118; x_wconf 88' lang='lat' dir='ltr'><strong>dimittere</strong></span> <span class='ocrx_word' id='word_1_146' title='bbox 2077 1077 2188 1128; x_wconf 79' lang='lat' dir='ltr'><strong>eos,</strong></span> 
     </span>
    </p>
   </div>
   <div class='ocr_carea' id='block_1_20' title="bbox 2181 1059 3748 1151">
    <p class='ocr_par' dir='ltr' id='par_1_20' title="bbox 2181 1061 3748 1151">
     <span class='ocr_line' id='line_1_20' title="bbox 2181 1061 3748 1151; baseline 0.013 -39"><span class='ocrx_word' id='word_1_147' title='bbox 2181 1102 2196 1128; x_wconf 88' lang='lat'><strong>,</strong></span> <span class='ocrx_word' id='word_1_148' title='bbox 2299 1062 2348 1115; x_wconf 83' lang='grc' dir='ltr'><strong>εί</strong></span> <span class='ocrx_word' id='word_1_149' title='bbox 2379 1061 2437 1115; x_wconf 84' lang='grc' dir='ltr'>δὲ</span> <span class='ocrx_word' id='word_1_150' title='bbox 2490 1062 2843 1136; x_wconf 78' lang='grc' dir='ltr'><strong>ἐπεθύμησαν</strong></span> <span class='ocrx_word' id='word_1_151' title='bbox 2868 1066 2942 1131; x_wconf 84' lang='grc' dir='ltr'><strong>ὡς</strong></span> <span class='ocrx_word' id='word_1_152' title='bbox 2980 1068 3182 1122; x_wconf 85' lang='grc' dir='ltr'>ἀστεῖοι</span> <span class='ocrx_word' id='word_1_153' title='bbox 3205 1070 3294 1123; x_wconf 79' lang='grc' dir='ltr'>τοῦ</span> <span class='ocrx_word' id='word_1_154' title='bbox 3318 1074 3493 1141; x_wconf 81' lang='grc' dir='ltr'>φωτὸς,</span> <span class='ocrx_word' id='word_1_155' title='bbox 3522 1078 3598 1129; x_wconf 83' lang='grc' dir='ltr'><strong>καὶ</strong></span> <span class='ocrx_word' id='word_1_156' title='bbox 3636 1097 3748 1151; x_wconf 80' lang='grc' dir='ltr'>προσ-</span> 
     </span>
    </p>
   </div>
   <div class='ocr_carea' id='block_1_21' title="bbox 626 1148 2193 1238">
    <p class='ocr_par' dir='ltr' id='par_1_21' title="bbox 626 1148 2193 1219">
     <span class='ocr_line' id='line_1_21' title="bbox 626 1148 2193 1219; baseline 0.003 -17"><span class='ocrx_word' id='word_1_157' title='bbox 626 1156 689 1202; x_wconf 85' lang='grc' dir='ltr'><strong>ιιι</strong></span> <span class='ocrx_word' id='word_1_158' title='bbox 720 1163 752 1202; x_wconf 93' lang='lat' dir='ltr'><strong>a</strong></span> <span class='ocrx_word' id='word_1_159' title='bbox 792 1163 853 1204; x_wconf 91' lang='lat' dir='ltr'><strong>se</strong></span> <span class='ocrx_word' id='word_1_160' title='bbox 893 1148 1029 1219; x_wconf 90' lang='lat' dir='ltr'><strong>ipsis</strong></span> <span class='ocrx_word' id='word_1_161' title='bbox 1061 1148 1371 1205; x_wconf 90' lang='lat' dir='ltr'><strong>interirent.</strong></span> <span class='ocrx_word' id='word_1_162' title='bbox 1425 1149 1483 1204; x_wconf 88' lang='lat' dir='ltr'><strong>Si</strong></span> <span class='ocrx_word' id='word_1_163' title='bbox 1512 1150 1788 1207; x_wconf 87' lang='lat' dir='ltr'><strong>desiderio</strong></span> <span class='ocrx_word' id='word_1_164' title='bbox 1819 1152 2043 1207; x_wconf 87' lang='lat' dir='ltr'><strong>luminis</strong></span> <span class='ocrx_word' id='word_1_165' title='bbox 2072 1162 2193 1207; x_wconf 88' lang='lat' dir='ltr'><strong>tan-</strong></span> 
     </span>
    </p>
   </div>
   <div class='ocr_carea' id='block_1_22' title="bbox 2178 1148 3745 1238">
    <p class='ocr_par' dir='ltr' id='par_1_22' title="bbox 2178 1148 3745 1238">
     <span class='ocr_line' id='line_1_22' title="bbox 2178 1148 3745 1238; baseline 0.012 -31"><span class='ocrx_word' id='word_1_166' title='bbox 2178 1182 2197 1194; x_wconf 94' lang='lat'><strong>-</strong></span> <span class='ocrx_word' id='word_1_167' title='bbox 2298 1157 2432 1228; x_wconf 83' lang='grc' dir='ltr'>ῆκον</span> <span class='ocrx_word' id='word_1_168' title='bbox 2472 1153 2541 1229; x_wconf 77' lang='grc' dir='ltr'>ἦν</span> <span class='ocrx_word' id='word_1_169' title='bbox 2584 1160 2768 1223; x_wconf 83' lang='grc' dir='ltr'>αὐτοῖς</span> <span class='ocrx_word' id='word_1_170' title='bbox 2816 1161 3110 1233; x_wconf 79' lang='grc' dir='ltr'>ἐπιτρέψαι</span> <span class='ocrx_word' id='word_1_171' title='bbox 3150 1163 3332 1219; x_wconf 84' lang='grc' dir='ltr'>τούτου</span> <span class='ocrx_word' id='word_1_172' title='bbox 3376 1166 3463 1238; x_wconf 74' lang='grc' dir='ltr'>τὴν</span> <span class='ocrx_word' id='word_1_173' title='bbox 3501 1148 3745 1226; x_wconf 74' lang='grc' dir='ltr'>ἀπόλαυσιν·</span> 
     </span>
    </p>
   </div>
   <div class='ocr_carea' id='block_1_23' title="bbox 620 1238 2187 1334">
    <p class='ocr_par' dir='ltr' id='par_1_23' title="bbox 620 1238 2187 1310">
     <span class='ocr_line' id='line_1_23' title="bbox 620 1238 2187 1310; baseline 0.004 -18"><span class='ocrx_word' id='word_1_174' title='bbox 620 1252 790 1308; x_wconf 78' lang='lat' dir='ltr'><strong>quam</strong></span> <span class='ocrx_word' id='word_1_175' title='bbox 831 1238 1106 1310; x_wconf 72' lang='lat' dir='ltr'><strong>elegantes</strong></span> <span class='ocrx_word' id='word_1_176' title='bbox 1136 1239 1480 1305; x_wconf 88' lang='lat' dir='ltr'><strong>tenebantur,</strong></span> <span class='ocrx_word' id='word_1_177' title='bbox 1529 1240 1820 1297; x_wconf 84' lang='lat' dir='ltr'><strong>honestum</strong></span> <span class='ocrx_word' id='word_1_178' title='bbox 1864 1244 2030 1299; x_wconf 89' lang='lat' dir='ltr'><strong>etiam</strong></span> <span class='ocrx_word' id='word_1_179' title='bbox 2077 1252 2187 1299; x_wconf 83' lang='lat' dir='ltr'><strong>erat</strong></span> 
     </span>
    </p>
   </div>
   <div class='ocr_carea' id='block_1_24' title="bbox 2180 1238 3747 1334">
    <p class='ocr_par' dir='ltr' id='par_1_24' title="bbox 2180 1249 3747 1334">
     <span class='ocr_line' id='line_1_24' title="bbox 2180 1249 3747 1334; baseline 0.01 -34"><span class='ocrx_word' id='word_1_180' title='bbox 2180 1252 2198 1299; x_wconf 82' lang='grc' dir='ltr'><strong>ι</strong></span> <span class='ocrx_word' id='word_1_181' title='bbox 2297 1249 2489 1303; x_wconf 84' lang='grc' dir='ltr'>ἀστεία</span> <span class='ocrx_word' id='word_1_182' title='bbox 2531 1250 2641 1323; x_wconf 84' lang='grc' dir='ltr'><strong>γὰρ</strong></span> <span class='ocrx_word' id='word_1_183' title='bbox 2670 1253 2762 1305; x_wconf 81' lang='grc' dir='ltr'>καὶ</span> <span class='ocrx_word' id='word_1_184' title='bbox 2796 1253 3055 1326; x_wconf 82' lang='grc' dir='ltr'>ἐπαινετὴ</span> <span class='ocrx_word' id='word_1_185' title='bbox 3096 1255 3234 1310; x_wconf 86' lang='grc' dir='ltr'><strong>κατά</strong></span> <span class='ocrx_word' id='word_1_186' title='bbox 3259 1256 3406 1326; x_wconf 86' lang='grc' dir='ltr'>φύσιν</span> <span class='ocrx_word' id='word_1_187' title='bbox 3434 1259 3612 1323; x_wconf 82' lang='grc' dir='ltr'>πάντως</span> <span class='ocrx_word' id='word_1_188' title='bbox 3641 1264 3747 1334; x_wconf 61' lang='lat' dir='ltr'><strong>ﬁmi</strong></span> 
     </span>
    </p>
   </div>
   <div class='ocr_carea' id='block_1_25' title="bbox 623 1328 2190 1423">
    <p class='ocr_par' dir='ltr' id='par_1_25' title="bbox 623 1328 2190 1395">
     <span class='ocr_line' id='line_1_25' title="bbox 623 1328 2190 1395; baseline 0.004 -11"><span class='ocrx_word' id='word_1_189' title='bbox 623 1329 708 1384; x_wconf 89' lang='lat' dir='ltr'><strong>eis</strong></span> <span class='ocrx_word' id='word_1_190' title='bbox 734 1328 1056 1395; x_wconf 89' lang='lat' dir='ltr'><strong>concedere,</strong></span> <span class='ocrx_word' id='word_1_191' title='bbox 1082 1338 1143 1385; x_wconf 91' lang='lat' dir='ltr'><strong>ut</strong></span> <span class='ocrx_word' id='word_1_192' title='bbox 1172 1329 1509 1387; x_wconf 83' lang='lat' dir='ltr'><strong>fruerentur.</strong></span> <span class='ocrx_word' id='word_1_193' title='bbox 1537 1331 1806 1388; x_wconf 85' lang='lat' dir='ltr'><strong>Decorum</strong></span> <span class='ocrx_word' id='word_1_194' title='bbox 1833 1334 1982 1390; x_wconf 83' lang='lat' dir='ltr'><strong>enim</strong></span> <span class='ocrx_word' id='word_1_195' title='bbox 2011 1335 2190 1390; x_wconf 78' lang='lat' dir='ltr'><strong>etlau-</strong></span> 
     </span>
    </p>
   </div>
   <div class='ocr_carea' id='block_1_26' title="bbox 2179 1328 3746 1423">
    <p class='ocr_par' dir='ltr' id='par_1_26' title="bbox 2179 1328 3746 1423">
     <span class='ocr_line' id='line_1_26' title="bbox 2179 1328 3746 1423; baseline 0.008 -27"><span class='ocrx_word' id='word_1_196' title='bbox 2179 1366 2199 1376; x_wconf 95' lang='lat'><strong><em>-</em></strong></span> <span class='ocrx_word' id='word_1_197' title='bbox 2297 1342 2503 1405; x_wconf 82' lang='grc' dir='ltr'><strong>ἀγαθοῦ</strong></span> <span class='ocrx_word' id='word_1_198' title='bbox 2528 1345 2812 1416; x_wconf 88' lang='grc' dir='ltr'>ἐπιθυμία,</span> <span class='ocrx_word' id='word_1_199' title='bbox 2836 1342 3010 1420; x_wconf 79' lang='grc' dir='ltr'>οὗπερ</span> <span class='ocrx_word' id='word_1_200' title='bbox 3036 1349 3323 1402; x_wconf 84' lang='grc' dir='ltr'>ἀπολαύειν</span> <span class='ocrx_word' id='word_1_201' title='bbox 3348 1352 3437 1421; x_wconf 83' lang='grc' dir='ltr'>μὲν</span> <span class='ocrx_word' id='word_1_202' title='bbox 3462 1351 3525 1423; x_wconf 84' lang='grc' dir='ltr'>μὴ</span> <span class='ocrx_word' id='word_1_203' title='bbox 3544 1328 3746 1423; x_wconf 67' lang='grc' dir='ltr'>ἠδύναντο,</span> 
     </span>
    </p>
   </div>
   <div class='ocr_carea' id='block_1_27' title="bbox 624 1419 2191 1515">
    <p class='ocr_par' dir='ltr' id='par_1_27' title="bbox 624 1419 2191 1480">
     <span class='ocr_line' id='line_1_27' title="bbox 624 1419 2191 1480; baseline 0.004 -7"><span class='ocrx_word' id='word_1_204' title='bbox 624 1419 805 1476; x_wconf 89' lang='lat' dir='ltr'><strong>dabile</strong></span> <span class='ocrx_word' id='word_1_205' title='bbox 837 1420 1063 1476; x_wconf 89' lang='lat' dir='ltr'><strong>omnino</strong></span> <span class='ocrx_word' id='word_1_206' title='bbox 1107 1428 1194 1476; x_wconf 85' lang='lat' dir='ltr'><strong>est</strong></span> <span class='ocrx_word' id='word_1_207' title='bbox 1226 1422 1525 1477; x_wconf 88' lang='lat' dir='ltr'><strong>secundum</strong></span> <span class='ocrx_word' id='word_1_208' title='bbox 1572 1433 1824 1478; x_wconf 88' lang='lat' dir='ltr'><strong>naturam</strong></span> <span class='ocrx_word' id='word_1_209' title='bbox 1868 1423 2191 1480; x_wconf 84' lang='lat' dir='ltr'><strong>desiderium</strong></span> 
     </span>
    </p>
   </div>
   <div class='ocr_carea' id='block_1_28' title="bbox 2181 1419 3748 1515">
    <p class='ocr_par' dir='ltr' id='par_1_28' title="bbox 2181 1419 3748 1515">
     <span class='ocr_line' id='line_1_28' title="bbox 2181 1419 3748 1515; baseline 0.011 -33"><span class='ocrx_word' id='word_1_210' title='bbox 2181 1440 2197 1479; x_wconf 86' lang='grc' dir='ltr'><strong>ι</strong></span> <span class='ocrx_word' id='word_1_211' title='bbox 2297 1433 2373 1497; x_wconf 83' lang='grc' dir='ltr'>ὣς</span> <span class='ocrx_word' id='word_1_212' title='bbox 2410 1451 2473 1503; x_wconf 83' lang='grc' dir='ltr'><strong>γε</strong></span> <span class='ocrx_word' id='word_1_213' title='bbox 2506 1437 2534 1487; x_wconf 84' lang='grc' dir='ltr'><strong>ὁ</strong></span> <span class='ocrx_word' id='word_1_214' title='bbox 2566 1436 2633 1489; x_wconf 81' lang='grc' dir='ltr'>τὰ</span> <span class='ocrx_word' id='word_1_215' title='bbox 2665 1435 2758 1490; x_wconf 81' lang='grc' dir='ltr'>τοῦ</span> <span class='ocrx_word' id='word_1_216' title='bbox 2806 1419 3087 1503; x_wconf 82' lang='grc' dir='ltr'>Μάνεντος</span> <span class='ocrx_word' id='word_1_217' title='bbox 3139 1419 3473 1513; x_wconf 31' lang='grc' dir='ltr'>συγγράφων-</span> <span class='ocrx_word' id='word_1_218' title='bbox 3491 1419 3648 1515; x_wconf 71' lang='grc' dir='ltr'>φησιν,</span> <span class='ocrx_word' id='word_1_219' title='bbox 3669 1448 3748 1501; x_wconf 71' lang='grc' dir='ltr'>ἐπ’.-</span> 
     </span>
    </p>
   </div>
   <div class='ocr_carea' id='block_1_29' title="bbox 623 1512 2190 1605">
    <p class='ocr_par' dir='ltr' id='par_1_29' title="bbox 623 1512 2190 1588">
     <span class='ocr_line' id='line_1_29' title="bbox 623 1512 2190 1588; baseline 0 -19"><span class='ocrx_word' id='word_1_220' title='bbox 623 1513 775 1579; x_wconf 90' lang='lat' dir='ltr'><strong>boni,</strong></span> <span class='ocrx_word' id='word_1_221' title='bbox 814 1528 924 1584; x_wconf 89' lang='lat' dir='ltr'><strong>quo</strong></span> <span class='ocrx_word' id='word_1_222' title='bbox 953 1512 1062 1567; x_wconf 81' lang='lat' dir='ltr'><strong>frui</strong></span> <span class='ocrx_word' id='word_1_223' title='bbox 1092 1528 1204 1568; x_wconf 88' lang='lat' dir='ltr'><strong>non</strong></span> <span class='ocrx_word' id='word_1_224' title='bbox 1224 1522 1538 1584; x_wconf 90' lang='lat' dir='ltr'><strong>potuerunt,</strong></span> <span class='ocrx_word' id='word_1_225' title='bbox 1571 1514 1716 1569; x_wconf 88' lang='lat' dir='ltr'><strong>sicut</strong></span> <span class='ocrx_word' id='word_1_226' title='bbox 1745 1514 1821 1569; x_wconf 88' lang='lat' dir='ltr'><strong>ait</strong></span> <span class='ocrx_word' id='word_1_227' title='bbox 1844 1515 1939 1586; x_wconf 87' lang='lat' dir='ltr'><strong>qui</strong></span> <span class='ocrx_word' id='word_1_228' title='bbox 1968 1515 2190 1588; x_wconf 85' lang='lat' dir='ltr'><strong>dogma-</strong></span> 
     </span>
    </p>
   </div>
   <div class='ocr_carea' id='block_1_30' title="bbox 2182 1512 3749 1605">
    <p class='ocr_par' dir='ltr' id='par_1_30' title="bbox 2182 1512 3749 1605">
     <span class='ocr_line' id='line_1_30' title="bbox 2182 1512 3749 1605; baseline 0.009 -27"><span class='ocrx_word' id='word_1_229' title='bbox 2182 1545 2197 1557; x_wconf 85' lang='lat'><strong>-</strong></span> <span class='ocrx_word' id='word_1_230' title='bbox 2297 1525 2613 1597; x_wconf 82' lang='grc' dir='ltr'>θυμούντες,</span> <span class='ocrx_word' id='word_1_231' title='bbox 2638 1527 2974 1601; x_wconf 78' lang='grc' dir='ltr'>διαφθείρειν</span> <span class='ocrx_word' id='word_1_232' title='bbox 3002 1531 3060 1585; x_wconf 90' lang='grc' dir='ltr'>δὲ</span> <span class='ocrx_word' id='word_1_233' title='bbox 3098 1530 3196 1603; x_wconf 80' lang='grc' dir='ltr'><strong>οὔχ</strong></span> <span class='ocrx_word' id='word_1_234' title='bbox 3231 1512 3328 1586; x_wconf 75' lang='grc' dir='ltr'>οἷοί</span> <span class='ocrx_word' id='word_1_235' title='bbox 3354 1552 3407 1587; x_wconf 88' lang='grc' dir='ltr'><strong>τε</strong></span> <span class='ocrx_word' id='word_1_236' title='bbox 3430 1512 3581 1605; x_wconf 82' lang='grc' dir='ltr'>ἦσαν·</span> <span class='ocrx_word' id='word_1_237' title='bbox 3605 1538 3749 1592; x_wconf 78' lang='grc' dir='ltr'>τοιοῦτο</span> 
     </span>
    </p>
   </div>
   <div class='ocr_carea' id='block_1_31' title="bbox 616 1604 2183 1698">
    <p class='ocr_par' dir='ltr' id='par_1_31' title="bbox 616 1604 2183 1679">
     <span class='ocr_line' id='line_1_31' title="bbox 616 1604 2183 1679; baseline 0.002 -20"><span class='ocrx_word' id='word_1_238' title='bbox 616 1614 679 1661; x_wconf 89' lang='lat' dir='ltr'><strong>ta</strong></span> <span class='ocrx_word' id='word_1_239' title='bbox 703 1604 988 1660; x_wconf 65' lang='lat' dir='ltr'><strong>Manichaei</strong></span> <span class='ocrx_word' id='word_1_240' title='bbox 1015 1604 1269 1675; x_wconf 88' lang='lat' dir='ltr'><strong>scripsit;</strong></span> <span class='ocrx_word' id='word_1_241' title='bbox 1302 1620 1425 1659; x_wconf 91' lang='lat' dir='ltr'><strong>cum</strong></span> <span class='ocrx_word' id='word_1_242' title='bbox 1456 1605 1656 1676; x_wconf 89' lang='lat' dir='ltr'><strong>alioqui</strong></span> <span class='ocrx_word' id='word_1_243' title='bbox 1685 1606 2078 1671; x_wconf 83' lang='lat' dir='ltr'><strong>desiderarent,</strong></span> <span class='ocrx_word' id='word_1_244' title='bbox 2102 1623 2183 1679; x_wconf 89' lang='lat' dir='ltr'><strong>po-</strong></span> 
     </span>
    </p>
   </div>
   <div class='ocr_carea' id='block_1_32' title="bbox 2178 1604 3745 1698">
    <p class='ocr_par' dir='ltr' id='par_1_32' title="bbox 2178 1604 3745 1698">
     <span class='ocr_line' id='line_1_32' title="bbox 2178 1604 3745 1698; baseline -0.008 -10"><span class='ocrx_word' id='word_1_245' title='bbox 2178 1637 2200 1651; x_wconf 89' lang='grc'><strong>“’</strong></span> <span class='ocrx_word' id='word_1_246' title='bbox 2227 1691 2265 1698; x_wconf 79' lang='lat'><strong><em>_</em></strong></span> <span class='ocrx_word' id='word_1_247' title='bbox 2296 1615 2404 1689; x_wconf 82' lang='grc' dir='ltr'>γὰρ</span> <span class='ocrx_word' id='word_1_248' title='bbox 2443 1616 2662 1682; x_wconf 69' lang='grc' dir='ltr'>πάντως</span> <span class='ocrx_word' id='word_1_249' title='bbox 2688 1619 2749 1672; x_wconf 83' lang='grc' dir='ltr'>τὸ</span> <span class='ocrx_word' id='word_1_250' title='bbox 2776 1620 3001 1689; x_wconf 81' lang='grc' dir='ltr'>ἀγαθὸν,</span> <span class='ocrx_word' id='word_1_251' title='bbox 3036 1617 3147 1676; x_wconf 71' lang='grc' dir='ltr'>οἷον</span> <span class='ocrx_word' id='word_1_252' title='bbox 3174 1624 3307 1695; x_wconf 76' lang='grc' dir='ltr'>μήτε</span> <span class='ocrx_word' id='word_1_253' title='bbox 3324 1604 3631 1691; x_wconf 76' lang='grc' dir='ltr'>δαπανᾶσθαι,</span> <span class='ocrx_word' id='word_1_254' title='bbox 3654 1630 3745 1698; x_wconf 79' lang='grc' dir='ltr'>μήτε</span> 
     </span>
    </p>
   </div>
   <div class='ocr_carea' id='block_1_33' title="bbox 622 1691 2189 1790">
    <p class='ocr_par' dir='ltr' id='par_1_33' title="bbox 622 1698 2189 1757">
     <span class='ocr_line' id='line_1_33' title="bbox 622 1698 2189 1757; baseline 0.002 -4"><span class='ocrx_word' id='word_1_255' title='bbox 622 1706 845 1753; x_wconf 87' lang='lat' dir='ltr'><strong>tuerunt</strong></span> <span class='ocrx_word' id='word_1_256' title='bbox 865 1705 1046 1753; x_wconf 88' lang='lat' dir='ltr'><strong>tamen</strong></span> <span class='ocrx_word' id='word_1_257' title='bbox 1077 1712 1136 1754; x_wconf 92' lang='lat' dir='ltr'><strong>se</strong></span> <span class='ocrx_word' id='word_1_258' title='bbox 1164 1699 1433 1757; x_wconf 79' lang='lat' dir='ltr'><strong>coniicere</strong></span> <span class='ocrx_word' id='word_1_259' title='bbox 1460 1709 1514 1753; x_wconf 91' lang='lat' dir='ltr'><strong>et</strong></span> <span class='ocrx_word' id='word_1_260' title='bbox 1545 1698 1828 1756; x_wconf 85' lang='lat' dir='ltr'><strong>destruere</strong></span> <span class='ocrx_word' id='word_1_261' title='bbox 1858 1720 1873 1756; x_wconf 90' lang='lat'><strong>:</strong></span> <span class='ocrx_word' id='word_1_262' title='bbox 1908 1701 2017 1756; x_wconf 86' lang='lat' dir='ltr'><strong>tale</strong></span> <span class='ocrx_word' id='word_1_263' title='bbox 2046 1701 2189 1757; x_wconf 91' lang='lat' dir='ltr'><strong>enim</strong></span> 
     </span>
    </p>
   </div>
   <div class='ocr_carea' id='block_1_34' title="bbox 2177 1691 3744 1790">
    <p class='ocr_par' dir='ltr' id='par_1_34' title="bbox 2177 1691 3744 1790">
     <span class='ocr_line' id='line_1_34' title="bbox 2177 1691 3744 1790; baseline 0.011 -34"><span class='ocrx_word' id='word_1_264' title='bbox 2177 1717 2194 1756; x_wconf 86' lang='grc' dir='ltr'><strong>ι</strong></span> <span class='ocrx_word' id='word_1_265' title='bbox 2227 1691 2270 1746; x_wconf 77' lang='grc' dir='ltr'><strong>Β</strong></span> <span class='ocrx_word' id='word_1_266' title='bbox 2295 1709 2470 1773; x_wconf 75' lang='grc' dir='ltr'>ἄλλως</span> <span class='ocrx_word' id='word_1_267' title='bbox 2505 1710 2952 1768; x_wconf 73' lang='grc' dir='ltr'>ἐπιϐουλεύεσθαι</span> <span class='ocrx_word' id='word_1_268' title='bbox 2996 1716 3133 1787; x_wconf 75' lang='grc' dir='ltr'>πρὸς</span> <span class='ocrx_word' id='word_1_269' title='bbox 3300 1718 3588 1790; x_wconf 80' lang='grc' dir='ltr'>μετεχόντων</span> <span class='ocrx_word' id='word_1_270' title='bbox 3620 1691 3744 1774; x_wconf 49' lang='lat' dir='ltr'><strong>«to;</strong></span> 
     </span>
    </p>
   </div>
   <div class='ocr_carea' id='block_1_35' title="bbox 614 1790 2181 1880">
    <p class='ocr_par' dir='ltr' id='par_1_35' title="bbox 614 1790 2181 1863">
     <span class='ocr_line' id='line_1_35' title="bbox 614 1790 2181 1863; baseline 0.001 -16"><span class='ocrx_word' id='word_1_271' title='bbox 614 1792 838 1862; x_wconf 80' lang='lat' dir='ltr'><strong>penitus</strong></span> <span class='ocrx_word' id='word_1_272' title='bbox 867 1799 949 1846; x_wconf 92' lang='lat' dir='ltr'><strong>est</strong></span> <span class='ocrx_word' id='word_1_273' title='bbox 977 1790 1203 1855; x_wconf 86' lang='lat' dir='ltr'><strong>bonum,</strong></span> <span class='ocrx_word' id='word_1_274' title='bbox 1239 1799 1297 1844; x_wconf 90' lang='lat' dir='ltr'><strong>ut</strong></span> <span class='ocrx_word' id='word_1_275' title='bbox 1319 1806 1495 1861; x_wconf 91' lang='lat' dir='ltr'><strong>neque</strong></span> <span class='ocrx_word' id='word_1_276' title='bbox 1513 1792 1764 1846; x_wconf 83' lang='lat' dir='ltr'><strong>consumi</strong></span> <span class='ocrx_word' id='word_1_277' title='bbox 1791 1792 1987 1863; x_wconf 88' lang='lat' dir='ltr'><strong>possit,</strong></span> <span class='ocrx_word' id='word_1_278' title='bbox 2018 1808 2181 1863; x_wconf 69' lang='lat' dir='ltr'><strong>neque</strong></span> 
     </span>
    </p>
   </div>
   <div class='ocr_carea' id='block_1_36' title="bbox 2179 1790 3746 1880">
    <p class='ocr_par' dir='ltr' id='par_1_36' title="bbox 2179 1801 3746 1880">
     <span class='ocr_line' id='line_1_36' title="bbox 2179 1801 3746 1880; baseline 0.011 -32"><span class='ocrx_word' id='word_1_279' title='bbox 2179 1808 2196 1848; x_wconf 65' lang='grc' dir='ltr'><strong>ι</strong></span> <span class='ocrx_word' id='word_1_280' title='bbox 2309 1801 2781 1874; x_wconf 86' lang='grc' dir='ltr'>Ἐπεστράτευσαν</span> <span class='ocrx_word' id='word_1_281' title='bbox 2809 1804 2867 1858; x_wconf 84' lang='grc' dir='ltr'>δὲ</span> <span class='ocrx_word' id='word_1_282' title='bbox 2914 1805 3052 1877; x_wconf 77' lang='grc' dir='ltr'>ὁμοῦ</span> <span class='ocrx_word' id='word_1_283' title='bbox 3093 1806 3290 1871; x_wconf 80' lang='grc' dir='ltr'>πάντες</span> <span class='ocrx_word' id='word_1_284' title='bbox 3330 1808 3441 1861; x_wconf 86' lang='grc' dir='ltr'>τίνα</span> <span class='ocrx_word' id='word_1_285' title='bbox 3482 1809 3666 1880; x_wconf 81' lang='grc' dir='ltr'>τρόπον,</span> <span class='ocrx_word' id='word_1_286' title='bbox 3700 1813 3746 1879; x_wconf 75' lang='grc' dir='ltr'>μὴ</span> 
     </span>
    </p>
   </div>
   <div class='ocr_carea' id='block_1_37' title="bbox 613 1882 2180 1973">
    <p class='ocr_par' dir='ltr' id='par_1_37' title="bbox 613 1882 2180 1954">
     <span class='ocr_line' id='line_1_37' title="bbox 613 1882 2180 1954; baseline -0.001 -16"><span class='ocrx_word' id='word_1_287' title='bbox 613 1883 834 1953; x_wconf 77' lang='lat' dir='ltr'><strong>possint</strong></span> <span class='ocrx_word' id='word_1_288' title='bbox 854 1882 1083 1937; x_wconf 82' lang='lat' dir='ltr'><strong>insidias</strong></span> <span class='ocrx_word' id='word_1_289' title='bbox 1109 1882 1159 1937; x_wconf 92' lang='lat' dir='ltr'><strong>ei</strong></span> <span class='ocrx_word' id='word_1_290' title='bbox 1190 1896 1414 1952; x_wconf 88' lang='lat' dir='ltr'><strong>ponere,</strong></span> <span class='ocrx_word' id='word_1_291' title='bbox 1448 1884 1544 1952; x_wconf 89' lang='lat' dir='ltr'><strong>qui</strong></span> <span class='ocrx_word' id='word_1_292' title='bbox 1571 1882 1693 1952; x_wconf 84' lang='lat' dir='ltr'><strong>ejus</strong></span> <span class='ocrx_word' id='word_1_293' title='bbox 1716 1884 2013 1954; x_wconf 85' lang='lat' dir='ltr'><strong>participes</strong></span> <span class='ocrx_word' id='word_1_294' title='bbox 2041 1892 2180 1938; x_wconf 91' lang='lat' dir='ltr'><strong>sunt.</strong></span> 
     </span>
    </p>
   </div>
   <div class='ocr_carea' id='block_1_38' title="bbox 2178 1882 3745 1973">
    <p class='ocr_par' dir='ltr' id='par_1_38' title="bbox 2178 1893 3745 1973">
     <span class='ocr_line' id='line_1_38' title="bbox 2178 1893 3745 1973; baseline 0.008 -29"><span class='ocrx_word' id='word_1_295' title='bbox 2178 1924 2190 1938; x_wconf 67' lang='grc' dir='ltr'><strong><em>υ</em></strong></span> <span class='ocrx_word' id='word_1_296' title='bbox 2293 1893 2496 1956; x_wconf 73' lang='grc' dir='ltr'>εἰδότες</span> <span class='ocrx_word' id='word_1_297' title='bbox 2515 1894 2607 1947; x_wconf 80' lang='grc' dir='ltr'>τὸν</span> <span class='ocrx_word' id='word_1_298' title='bbox 2629 1895 3023 1968; x_wconf 80' lang='grc' dir='ltr'>ἀνθιστάμενον</span> <span class='ocrx_word' id='word_1_299' title='bbox 3042 1916 3058 1965; x_wconf 91' lang='lat'><strong>;</strong></span> <span class='ocrx_word' id='word_1_300' title='bbox 3086 1902 3223 1971; x_wconf 75' lang='grc' dir='ltr'><strong>Φησὶ</strong></span> <span class='ocrx_word' id='word_1_301' title='bbox 3242 1901 3345 1972; x_wconf 78' lang='grc' dir='ltr'>γὰρ</span> <span class='ocrx_word' id='word_1_302' title='bbox 3367 1900 3483 1955; x_wconf 75' lang='grc' dir='ltr'>αὐτὸ</span> <span class='ocrx_word' id='word_1_303' title='bbox 3502 1902 3745 1973; x_wconf 72' lang='grc' dir='ltr'>τὸγράμμα,</span> 
     </span>
    </p>
   </div>
   <div class='ocr_carea' id='block_1_39' title="bbox 620 1974 2187 2065">
    <p class='ocr_par' dir='ltr' id='par_1_39' title="bbox 620 1974 2187 2045">
     <span class='ocr_line' id='line_1_39' title="bbox 620 1974 2187 2045; baseline -0.001 -15"><span class='ocrx_word' id='word_1_304' title='bbox 620 1975 904 2042; x_wconf 86' lang='lat' dir='ltr'><strong>Quomodo</strong></span> <span class='ocrx_word' id='word_1_305' title='bbox 951 1983 1131 2030; x_wconf 85' lang='lat' dir='ltr'><strong>autem</strong></span> <span class='ocrx_word' id='word_1_306' title='bbox 1160 1989 1350 2029; x_wconf 88' lang='lat' dir='ltr'><strong>omnes</strong></span> <span class='ocrx_word' id='word_1_307' title='bbox 1390 1974 1553 2029; x_wconf 88' lang='lat' dir='ltr'><strong>simul</strong></span> <span class='ocrx_word' id='word_1_308' title='bbox 1593 1975 1647 2028; x_wconf 91' lang='lat' dir='ltr'><strong>in</strong></span> <span class='ocrx_word' id='word_1_309' title='bbox 1685 1974 1932 2029; x_wconf 87' lang='lat' dir='ltr'><strong>militiam</strong></span> <span class='ocrx_word' id='word_1_310' title='bbox 1963 1974 2187 2045; x_wconf 78' lang='lat' dir='ltr'><strong>profecti</strong></span> 
     </span>
    </p>
   </div>
   <div class='ocr_carea' id='block_1_40' title="bbox 2179 1974 3746 2065">
    <p class='ocr_par' dir='ltr' id='par_1_40' title="bbox 2179 1976 3746 2065">
     <span class='ocr_line' id='line_1_40' title="bbox 2179 1976 3746 2065; baseline 0.008 -30"><span class='ocrx_word' id='word_1_311' title='bbox 2179 1976 2187 2029; x_wconf 84' lang='lat' dir='ltr'><strong>i</strong></span> <span class='ocrx_word' id='word_1_312' title='bbox 2292 1983 2386 2052; x_wconf 84' lang='grc' dir='ltr'><strong>ἀφ’</strong></span> <span class='ocrx_word' id='word_1_313' title='bbox 2415 1978 2476 2038; x_wconf 75' lang='grc' dir='ltr'><strong>οὗ</strong></span> <span class='ocrx_word' id='word_1_314' title='bbox 2502 1982 2569 2037; x_wconf 85' lang='grc' dir='ltr'><strong>τὰ</strong></span> <span class='ocrx_word' id='word_1_315' title='bbox 2598 1985 2751 2057; x_wconf 88' lang='grc' dir='ltr'><strong>παρά</strong></span> <span class='ocrx_word' id='word_1_316' title='bbox 2785 1988 2878 2040; x_wconf 84' lang='grc' dir='ltr'><strong>τού</strong></span> <span class='ocrx_word' id='word_1_317' title='bbox 2896 1989 3176 2055; x_wconf 80' lang='grc' dir='ltr'>Μάνεντος</span> <span class='ocrx_word' id='word_1_318' title='bbox 3205 1992 3573 2065; x_wconf 71' lang='grc' dir='ltr'>παρεθήκαμεν,</span> <span class='ocrx_word' id='word_1_319' title='bbox 3597 1994 3654 2056; x_wconf 83' lang='grc' dir='ltr'>ὡς</span> <span class='ocrx_word' id='word_1_320' title='bbox 3676 1994 3746 2047; x_wconf 77' lang='grc' dir='ltr'><strong>οὐδ’</strong></span> 
     </span>
    </p>
   </div>
   <div class='ocr_carea' id='block_1_41' title="bbox 618 2063 2185 2157">
    <p class='ocr_par' dir='ltr' id='par_1_41' title="bbox 618 2063 2185 2136">
     <span class='ocr_line' id='line_1_41' title="bbox 618 2063 2185 2136; baseline -0.003 -14"><span class='ocrx_word' id='word_1_321' title='bbox 618 2074 769 2128; x_wconf 86' lang='lat' dir='ltr'><strong>sunt,</strong></span> <span class='ocrx_word' id='word_1_322' title='bbox 810 2063 906 2135; x_wconf 88' lang='lat' dir='ltr'><strong>qui</strong></span> <span class='ocrx_word' id='word_1_323' title='bbox 947 2079 1059 2118; x_wconf 88' lang='lat' dir='ltr'><strong>non</strong></span> <span class='ocrx_word' id='word_1_324' title='bbox 1088 2071 1482 2136; x_wconf 82' lang='lat' dir='ltr'><strong>cognoverant,</strong></span> <span class='ocrx_word' id='word_1_325' title='bbox 1531 2063 1655 2134; x_wconf 89' lang='lat' dir='ltr'><strong>quis</strong></span> <span class='ocrx_word' id='word_1_326' title='bbox 1693 2064 1971 2120; x_wconf 86' lang='lat' dir='ltr'><strong>resisteret</strong></span> <span class='ocrx_word' id='word_1_327' title='bbox 1998 2071 2053 2118; x_wconf 88' lang='lat' dir='ltr'><strong>et</strong></span> <span class='ocrx_word' id='word_1_328' title='bbox 2089 2063 2185 2117; x_wconf 90' lang='lat' dir='ltr'><strong>ad-</strong></span> 
     </span>
    </p>
   </div>
   <div class='ocr_carea' id='block_1_42' title="bbox 2179 2063 3746 2157">
    <p class='ocr_par' dir='ltr' id='par_1_42' title="bbox 2179 2063 3746 2157">
     <span class='ocr_line' id='line_1_42' title="bbox 2179 2063 3746 2157; baseline 0.004 -24"><span class='ocrx_word' id='word_1_329' title='bbox 2179 2093 2188 2103; x_wconf 89' lang='lat'>&#39;</span> <span class='ocrx_word' id='word_1_330' title='bbox 2285 2077 2513 2142; x_wconf 82' lang='grc' dir='ltr'>ὃτιΘεὸς</span> <span class='ocrx_word' id='word_1_331' title='bbox 2537 2080 2595 2132; x_wconf 88' lang='grc' dir='ltr'><strong>ἐν</strong></span> <span class='ocrx_word' id='word_1_332' title='bbox 2620 2081 2762 2148; x_wconf 57' lang='grc' dir='ltr'><strong>φωτὶ⁸</strong></span> <span class='ocrx_word' id='word_1_333' title='bbox 2789 2081 3011 2154; x_wconf 80' lang='grc' dir='ltr'>διῃτᾶτο</span> <span class='ocrx_word' id='word_1_334' title='bbox 3047 2063 3354 2153; x_wconf 79' lang='grc' dir='ltr'>ἐγίνωσκον,</span> <span class='ocrx_word' id='word_1_335' title='bbox 3383 2087 3479 2139; x_wconf 70' lang='grc' dir='ltr'><strong>οὐδ’</strong></span> <span class='ocrx_word' id='word_1_336' title='bbox 3502 2088 3588 2149; x_wconf 78' lang='grc' dir='ltr'>ὅτι,</span> <span class='ocrx_word' id='word_1_337' title='bbox 3612 2087 3746 2157; x_wconf 72' lang='grc' dir='ltr'>τολμήι</span> 
     </span>
    </p>
   </div>
   <div class='ocr_carea' id='block_1_43' title="bbox 619 2154 2186 2248">
    <p class='ocr_par' dir='ltr' id='par_1_43' title="bbox 619 2154 2186 2220">
     <span class='ocr_line' id='line_1_43' title="bbox 619 2154 2186 2220; baseline -0.001 -10"><span class='ocrx_word' id='word_1_338' title='bbox 619 2156 970 2213; x_wconf 78' lang='lat' dir='ltr'><strong>versaretur?</strong></span> <span class='ocrx_word' id='word_1_339' title='bbox 999 2154 1091 2212; x_wconf 91' lang='lat' dir='ltr'><strong>Sic</strong></span> <span class='ocrx_word' id='word_1_340' title='bbox 1121 2156 1268 2211; x_wconf 91' lang='lat' dir='ltr'><strong>enim</strong></span> <span class='ocrx_word' id='word_1_341' title='bbox 1294 2163 1378 2212; x_wconf 83' lang='lat' dir='ltr'><strong>est</strong></span> <span class='ocrx_word' id='word_1_342' title='bbox 1421 2156 1476 2211; x_wconf 90' lang='lat' dir='ltr'><strong>in</strong></span> <span class='ocrx_word' id='word_1_343' title='bbox 1505 2156 1670 2220; x_wconf 87' lang='lat' dir='ltr'><strong>libro,</strong></span> <span class='ocrx_word' id='word_1_344' title='bbox 1701 2156 1848 2212; x_wconf 91' lang='lat' dir='ltr'><strong>unde</strong></span> <span class='ocrx_word' id='word_1_345' title='bbox 1874 2156 1982 2212; x_wconf 89' lang='lat' dir='ltr'><strong>ista</strong></span> <span class='ocrx_word' id='word_1_346' title='bbox 2020 2155 2186 2210; x_wconf 80' lang='lat' dir='ltr'><strong>Mani-</strong></span> 
     </span>
    </p>
   </div>
   <div class='ocr_carea' id='block_1_44' title="bbox 2177 2154 3744 2248">
    <p class='ocr_par' dir='ltr' id='par_1_44' title="bbox 2177 2169 3744 2248">
     <span class='ocr_line' id='line_1_44' title="bbox 2177 2169 3744 2248; baseline 0.004 -26"><span class='ocrx_word' id='word_1_347' title='bbox 2177 2186 2192 2196; x_wconf 83' lang='lat'>&#39;</span> <span class='ocrx_word' id='word_1_348' title='bbox 2288 2187 2479 2234; x_wconf 86' lang='grc' dir='ltr'>σαντες</span> <span class='ocrx_word' id='word_1_349' title='bbox 2502 2169 2645 2224; x_wconf 84' lang='grc' dir='ltr'>κατὰ</span> <span class='ocrx_word' id='word_1_350' title='bbox 2674 2172 2766 2226; x_wconf 81' lang='grc' dir='ltr'>τοῦ</span> <span class='ocrx_word' id='word_1_351' title='bbox 2806 2176 3125 2248; x_wconf 64' lang='grc' dir='ltr'>οἰκητηρίοιέ</span> <span class='ocrx_word' id='word_1_352' title='bbox 3167 2176 3259 2231; x_wconf 82' lang='grc' dir='ltr'><strong>τοῦ</strong></span> <span class='ocrx_word' id='word_1_353' title='bbox 3285 2175 3441 2241; x_wconf 74' lang='grc' dir='ltr'>θεοῦ,</span> <span class='ocrx_word' id='word_1_354' title='bbox 3472 2179 3556 2231; x_wconf 77' lang='grc' dir='ltr'>οὐκ</span> <span class='ocrx_word' id='word_1_355' title='bbox 3593 2177 3744 2248; x_wconf 73' lang='grc' dir='ltr'>ἔμελλον</span> 
     </span>
    </p>
   </div>
   <div class='ocr_carea' id='block_1_45' title="bbox 617 2247 2184 2339">
    <p class='ocr_par' dir='ltr' id='par_1_45' title="bbox 617 2247 2184 2319">
     <span class='ocr_line' id='line_1_45' title="bbox 617 2247 2184 2319; baseline -0.003 -15"><span class='ocrx_word' id='word_1_356' title='bbox 617 2249 753 2305; x_wconf 66' lang='lat' dir='ltr'><strong>claei</strong></span> <span class='ocrx_word' id='word_1_357' title='bbox 779 2249 1154 2319; x_wconf 89' lang='lat' dir='ltr'><strong>apposuimus,</strong></span> <span class='ocrx_word' id='word_1_358' title='bbox 1182 2247 1329 2319; x_wconf 91' lang='lat' dir='ltr'><strong>quod</strong></span> <span class='ocrx_word' id='word_1_359' title='bbox 1363 2263 1540 2319; x_wconf 92' lang='lat' dir='ltr'><strong>neque</strong></span> <span class='ocrx_word' id='word_1_360' title='bbox 1567 2247 1736 2303; x_wconf 89' lang='lat' dir='ltr'><strong>Deum</strong></span> <span class='ocrx_word' id='word_1_361' title='bbox 1776 2249 1832 2302; x_wconf 90' lang='lat' dir='ltr'><strong>in</strong></span> <span class='ocrx_word' id='word_1_362' title='bbox 1863 2247 2066 2303; x_wconf 88' lang='lat' dir='ltr'><strong>lumine</strong></span> <span class='ocrx_word' id='word_1_363' title='bbox 2094 2247 2184 2300; x_wconf 87' lang='lat' dir='ltr'><strong>ha-</strong></span> 
     </span>
    </p>
   </div>
   <div class='ocr_carea' id='block_1_46' title="bbox 1467 2247 3034 2339">
    <p class='ocr_par' dir='ltr' id='par_1_46' title="bbox 1471 2247 3034 2339">
     <span class='ocr_line' id='line_1_46' title="bbox 1471 2247 3034 2339; baseline 0.006 -37"><span class='ocrx_word' id='word_1_364' title='bbox 1471 2263 1540 2304; x_wconf 93' lang='lat' dir='ltr'><strong>ue</strong></span> <span class='ocrx_word' id='word_1_365' title='bbox 1567 2247 1736 2303; x_wconf 90' lang='lat' dir='ltr'><strong>Deum</strong></span> <span class='ocrx_word' id='word_1_366' title='bbox 1776 2249 1832 2302; x_wconf 91' lang='lat' dir='ltr'><strong>in</strong></span> <span class='ocrx_word' id='word_1_367' title='bbox 1863 2247 2066 2303; x_wconf 88' lang='lat' dir='ltr'><strong>lumine</strong></span> <span class='ocrx_word' id='word_1_368' title='bbox 2094 2247 2191 2300; x_wconf 86' lang='lat' dir='ltr'><strong>ha-</strong></span> <span class='ocrx_word' id='word_1_369' title='bbox 2288 2265 2457 2320; x_wconf 74' lang='grc' dir='ltr'>ἀθῶοί</span> <span class='ocrx_word' id='word_1_370' title='bbox 2482 2285 2612 2322; x_wconf 82' lang='grc' dir='ltr'>ποτε</span> <span class='ocrx_word' id='word_1_371' title='bbox 2636 2268 3034 2339; x_wconf 57' lang='grc' dir='ltr'><strong>ἀπαλλαγῆναι,</strong></span> 
     </span>
    </p>
   </div>
   <div class='ocr_carea' id='block_1_47' title="bbox 618 2340 2190 2412">
    <p class='ocr_par' dir='ltr' id='par_1_47' title="bbox 618 2340 2190 2412">
     <span class='ocr_line' id='line_1_47' title="bbox 618 2340 2190 2412; baseline 0 -16"><span class='ocrx_word' id='word_1_372' title='bbox 618 2343 794 2397; x_wconf 83' lang='lat' dir='ltr'><strong>bitare</strong></span> <span class='ocrx_word' id='word_1_373' title='bbox 834 2342 1106 2403; x_wconf 86' lang='lat' dir='ltr'><strong>sciebant,</strong></span> <span class='ocrx_word' id='word_1_374' title='bbox 1145 2356 1322 2412; x_wconf 88' lang='lat' dir='ltr'><strong>neque</strong></span> <span class='ocrx_word' id='word_1_375' title='bbox 1350 2356 1409 2397; x_wconf 90' lang='lat' dir='ltr'><strong>se</strong></span> <span class='ocrx_word' id='word_1_376' title='bbox 1442 2356 1683 2411; x_wconf 89' lang='lat' dir='ltr'><strong>unquam</strong></span> <span class='ocrx_word' id='word_1_377' title='bbox 1714 2340 1937 2409; x_wconf 87' lang='lat' dir='ltr'><strong>impune</strong></span> <span class='ocrx_word' id='word_1_378' title='bbox 1958 2341 2190 2405; x_wconf 86' lang='lat' dir='ltr'><strong>laturos,</strong></span> 
     </span>
    </p>
   </div>
   <div class='ocr_carea' id='block_1_48' title="bbox 618 2432 1848 2491">
    <p class='ocr_par' dir='ltr' id='par_1_48' title="bbox 618 2432 1848 2491">
     <span class='ocr_line' id='line_1_48' title="bbox 618 2432 1848 2491; baseline -0.002 -2"><span class='ocrx_word' id='word_1_379' title='bbox 618 2437 665 2489; x_wconf 90' lang='lat' dir='ltr'><strong>si</strong></span> <span class='ocrx_word' id='word_1_380' title='bbox 696 2435 751 2490; x_wconf 92' lang='lat' dir='ltr'><strong>in</strong></span> <span class='ocrx_word' id='word_1_381' title='bbox 786 2434 880 2491; x_wconf 88' lang='lat' dir='ltr'><strong>Dei</strong></span> <span class='ocrx_word' id='word_1_382' title='bbox 906 2433 1245 2490; x_wconf 86' lang='lat' dir='ltr'><strong>domicilium</strong></span> <span class='ocrx_word' id='word_1_383' title='bbox 1274 2432 1532 2489; x_wconf 81' lang='lat' dir='ltr'><strong>invadere</strong></span> <span class='ocrx_word' id='word_1_384' title='bbox 1559 2434 1848 2489; x_wconf 85' lang='lat' dir='ltr'><strong>auderent.</strong></span> 
     </span>
    </p>
   </div>
   <div class='ocr_carea' id='block_1_49' title="bbox 1535 2540 2949 2616">
    <p class='ocr_par' dir='ltr' id='par_1_49' title="bbox 1535 2540 2949 2616">
     <span class='ocr_line' id='line_1_49' title="bbox 1535 2540 2949 2616; baseline -0.001 -16"><span class='ocrx_word' id='word_1_385' title='bbox 1535 2544 1664 2601; x_wconf 72' lang='lat' dir='ltr'><strong>Car.</strong></span> <span class='ocrx_word' id='word_1_386' title='bbox 1706 2543 1889 2599; x_wconf 78' lang='lat' dir='ltr'><strong>XVIII.</strong></span> <span class='ocrx_word' id='word_1_387' title='bbox 1927 2544 2242 2615; x_wconf 80' lang='lat' dir='ltr'><strong>Ignorantia</strong></span> <span class='ocrx_word' id='word_1_388' title='bbox 2268 2540 2609 2599; x_wconf 73' lang='lat' dir='ltr'><strong>Hanichaica</strong></span> <span class='ocrx_word' id='word_1_389' title='bbox 2631 2546 2949 2616; x_wconf 73' lang='lat' dir='ltr'><strong>exagitatur.</strong></span> 
     </span>
    </p>
   </div>
   <div class='ocr_carea' id='block_1_50' title="bbox 691 2661 2258 2735">
    <p class='ocr_par' dir='ltr' id='par_1_50' title="bbox 691 2661 2185 2735">
     <span class='ocr_line' id='line_1_50' title="bbox 691 2661 2185 2735; baseline -0.001 -16"><span class='ocrx_word' id='word_1_390' title='bbox 691 2665 750 2719; x_wconf 88' lang='lat' dir='ltr'><strong>Si</strong></span> <span class='ocrx_word' id='word_1_391' title='bbox 776 2663 942 2735; x_wconf 81' lang='lat' dir='ltr'><strong>igitur</strong></span> <span class='ocrx_word' id='word_1_392' title='bbox 970 2678 1079 2717; x_wconf 91' lang='lat' dir='ltr'><strong>non</strong></span> <span class='ocrx_word' id='word_1_393' title='bbox 1120 2670 1493 2733; x_wconf 83' lang='lat' dir='ltr'><strong>cognoverunt</strong></span> <span class='ocrx_word' id='word_1_394' title='bbox 1547 2662 1881 2717; x_wconf 85' lang='lat' dir='ltr'><strong>contrarium</strong></span> <span class='ocrx_word' id='word_1_395' title='bbox 1915 2662 2057 2731; x_wconf 90' lang='lat' dir='ltr'><strong>quod</strong></span> <span class='ocrx_word' id='word_1_396' title='bbox 2086 2661 2185 2717; x_wconf 92' lang='lat' dir='ltr'><strong>ob-</strong></span> 
     </span>
    </p>
   </div>
   <div class='ocr_carea' id='block_1_51' title="bbox 2174 2661 3741 2735">
    <p class='ocr_par' dir='ltr' id='par_1_51' title="bbox 2174 2661 3741 2734">
     <span class='ocr_line' id='line_1_51' title="bbox 2174 2661 3741 2734; baseline -0.002 -18"><span class='ocrx_word' id='word_1_397' title='bbox 2174 2692 2185 2702; x_wconf 90' lang='lat'><strong>-</strong></span> <span class='ocrx_word' id='word_1_398' title='bbox 2358 2663 2422 2716; x_wconf 88' lang='lat' dir='ltr'><strong>El</strong></span> <span class='ocrx_word' id='word_1_399' title='bbox 2458 2662 2637 2716; x_wconf 82' lang='grc' dir='ltr'>τοίνυν</span> <span class='ocrx_word' id='word_1_400' title='bbox 2672 2663 2746 2734; x_wconf 83' lang='grc' dir='ltr'>μὴ</span> <span class='ocrx_word' id='word_1_401' title='bbox 2776 2663 2971 2734; x_wconf 72' lang='grc' dir='ltr'>ᾔδεσαν</span> <span class='ocrx_word' id='word_1_402' title='bbox 3008 2661 3070 2717; x_wconf 78' lang='grc' dir='ltr'>τὸ</span> <span class='ocrx_word' id='word_1_403' title='bbox 3113 2662 3313 2717; x_wconf 83' lang='grc' dir='ltr'>κωλῦον</span> <span class='ocrx_word' id='word_1_404' title='bbox 3360 2661 3585 2725; x_wconf 86' lang='grc' dir='ltr'>ἐναντίον,</span> <span class='ocrx_word' id='word_1_405' title='bbox 3614 2661 3741 2728; x_wconf 75' lang='grc' dir='ltr'>ἄλογον</span> 
     </span>
    </p>
   </div>
   <div class='ocr_carea' id='block_1_52' title="bbox 616 2751 2183 2827">
    <p class='ocr_par' dir='ltr' id='par_1_52' title="bbox 616 2754 2183 2823">
     <span class='ocr_line' id='line_1_52' title="bbox 616 2754 2183 2823; baseline -0.002 -11"><span class='ocrx_word' id='word_1_406' title='bbox 616 2757 796 2812; x_wconf 89' lang='lat' dir='ltr'><strong>stabat</strong></span> <span class='ocrx_word' id='word_1_407' title='bbox 835 2755 936 2822; x_wconf 92' lang='lat' dir='ltr'><strong>eis,</strong></span> <span class='ocrx_word' id='word_1_408' title='bbox 978 2755 1217 2809; x_wconf 88' lang='lat' dir='ltr'><strong>alienum</strong></span> <span class='ocrx_word' id='word_1_409' title='bbox 1265 2762 1350 2809; x_wconf 88' lang='lat' dir='ltr'><strong>est</strong></span> <span class='ocrx_word' id='word_1_410' title='bbox 1391 2767 1616 2823; x_wconf 85' lang='lat' dir='ltr'><strong>prorsus</strong></span> <span class='ocrx_word' id='word_1_411' title='bbox 1644 2768 1673 2806; x_wconf 90' lang='lat' dir='ltr'><strong>a</strong></span> <span class='ocrx_word' id='word_1_412' title='bbox 1710 2754 1924 2808; x_wconf 88' lang='lat' dir='ltr'><strong>ratione</strong></span> <span class='ocrx_word' id='word_1_413' title='bbox 1951 2755 2183 2810; x_wconf 89' lang='lat' dir='ltr'><strong>educere</strong></span> 
     </span>
    </p>
   </div>
   <div class='ocr_carea' id='block_1_53' title="bbox 2174 2751 3741 2827">
    <p class='ocr_par' dir='ltr' id='par_1_53' title="bbox 2174 2751 3741 2827">
     <span class='ocr_line' id='line_1_53' title="bbox 2174 2751 3741 2827; baseline -0.003 -18"><span class='ocrx_word' id='word_1_414' title='bbox 2174 2771 2184 2809; x_wconf 76' lang='grc' dir='ltr'><strong>ι</strong></span> <span class='ocrx_word' id='word_1_415' title='bbox 2290 2754 2463 2825; x_wconf 80' lang='grc' dir='ltr'>πάντη</span> <span class='ocrx_word' id='word_1_416' title='bbox 2497 2754 2558 2807; x_wconf 78' lang='grc' dir='ltr'>τὸ</span> <span class='ocrx_word' id='word_1_417' title='bbox 2594 2754 3028 2826; x_wconf 86' lang='grc' dir='ltr'>ἐπιστρατεύειν,</span> <span class='ocrx_word' id='word_1_418' title='bbox 3063 2756 3147 2825; x_wconf 85' lang='grc' dir='ltr'><strong>ἐφ’</strong></span> <span class='ocrx_word' id='word_1_419' title='bbox 3180 2751 3259 2819; x_wconf 77' lang='grc' dir='ltr'><strong>οἷς</strong></span> <span class='ocrx_word' id='word_1_420' title='bbox 3287 2757 3379 2810; x_wconf 78' lang='grc' dir='ltr'>οὐκ</span> <span class='ocrx_word' id='word_1_421' title='bbox 3402 2756 3568 2827; x_wconf 72' lang='grc' dir='ltr'>ᾔδεσαν</span> <span class='ocrx_word' id='word_1_422' title='bbox 3603 2754 3741 2808; x_wconf 72' lang='grc' dir='ltr'>κωλυό-</span> 
     </span>
    </p>
   </div>
   <div class='ocr_carea' id='block_1_54' title="bbox 608 2842 2175 2917">
    <p class='ocr_par' dir='ltr' id='par_1_54' title="bbox 608 2844 2175 2916">
     <span class='ocr_line' id='line_1_54' title="bbox 608 2844 2175 2916; baseline -0.001 -13"><span class='ocrx_word' id='word_1_423' title='bbox 608 2847 919 2903; x_wconf 82' lang='lat' dir='ltr'><strong>exercitum</strong></span> <span class='ocrx_word' id='word_1_424' title='bbox 968 2854 1162 2901; x_wconf 90' lang='lat' dir='ltr'><strong>contra</strong></span> <span class='ocrx_word' id='word_1_425' title='bbox 1197 2858 1295 2901; x_wconf 91' lang='lat' dir='ltr'><strong>eos</strong></span> <span class='ocrx_word' id='word_1_426' title='bbox 1352 2859 1385 2898; x_wconf 89' lang='lat' dir='ltr'><strong>a</strong></span> <span class='ocrx_word' id='word_1_427' title='bbox 1425 2844 1627 2915; x_wconf 86' lang='lat' dir='ltr'><strong>quibus</strong></span> <span class='ocrx_word' id='word_1_428' title='bbox 1655 2860 1716 2900; x_wconf 90' lang='lat' dir='ltr'><strong>se</strong></span> <span class='ocrx_word' id='word_1_429' title='bbox 1752 2845 1943 2916; x_wconf 88' lang='lat' dir='ltr'><strong>repelli</strong></span> <span class='ocrx_word' id='word_1_430' title='bbox 1973 2847 2175 2902; x_wconf 84' lang='lat' dir='ltr'><strong>nescie-</strong></span> 
     </span>
    </p>
   </div>
   <div class='ocr_carea' id='block_1_55' title="bbox 2173 2842 3740 2917">
    <p class='ocr_par' dir='ltr' id='par_1_55' title="bbox 2173 2842 3740 2917">
     <span class='ocr_line' id='line_1_55' title="bbox 2173 2842 3740 2917; baseline -0.001 -18"><span class='ocrx_word' id='word_1_431' title='bbox 2173 2876 2185 2887; x_wconf 93' lang='lat'><strong>-</strong></span> <span class='ocrx_word' id='word_1_432' title='bbox 2292 2862 2442 2916; x_wconf 83' lang='grc' dir='ltr'>μενοι</span> <span class='ocrx_word' id='word_1_433' title='bbox 2462 2862 2476 2876; x_wconf 69' lang='grc' dir='ltr'><strong>υ</strong></span> <span class='ocrx_word' id='word_1_434' title='bbox 2508 2844 2823 2909; x_wconf 76' lang='grc' dir='ltr'>ὁπλίζεσθαι</span> <span class='ocrx_word' id='word_1_435' title='bbox 2856 2845 2963 2917; x_wconf 83' lang='grc' dir='ltr'>γὰρ</span> <span class='ocrx_word' id='word_1_436' title='bbox 3004 2846 3154 2909; x_wconf 81' lang='grc' dir='ltr'>είκὺς</span> <span class='ocrx_word' id='word_1_437' title='bbox 3185 2842 3251 2917; x_wconf 80' lang='grc' dir='ltr'>ἦν</span> <span class='ocrx_word' id='word_1_438' title='bbox 3305 2847 3510 2909; x_wconf 80' lang='grc' dir='ltr'>αὐτοὺς,</span> <span class='ocrx_word' id='word_1_439' title='bbox 3538 2844 3597 2906; x_wconf 83' lang='grc' dir='ltr'>ὦς</span> <span class='ocrx_word' id='word_1_440' title='bbox 3630 2858 3740 2911; x_wconf 70' lang='grc' dir='ltr'>φησι.</span> 
     </span>
    </p>
   </div>
   <div class='ocr_carea' id='block_1_56' title="bbox 614 2935 2181 3043">
    <p class='ocr_par' dir='ltr' id='par_1_56' title="bbox 614 2936 2181 3011">
     <span class='ocr_line' id='line_1_56' title="bbox 614 2936 2181 3011; baseline 0.001 -17"><span class='ocrx_word' id='word_1_441' title='bbox 614 2941 777 2995; x_wconf 89' lang='lat' dir='ltr'><strong>bant:</strong></span> <span class='ocrx_word' id='word_1_442' title='bbox 803 2953 902 3011; x_wconf 89' lang='lat' dir='ltr'><strong>par</strong></span> <span class='ocrx_word' id='word_1_443' title='bbox 918 2939 1069 2994; x_wconf 80' lang='lat' dir='ltr'><strong>enim</strong></span> <span class='ocrx_word' id='word_1_444' title='bbox 1101 2947 1219 2994; x_wconf 88' lang='lat' dir='ltr'><strong>erat</strong></span> <span class='ocrx_word' id='word_1_445' title='bbox 1241 2936 1443 2992; x_wconf 90' lang='lat' dir='ltr'><strong>armari</strong></span> <span class='ocrx_word' id='word_1_446' title='bbox 1470 2952 1586 3003; x_wconf 91' lang='lat' dir='ltr'><strong>eos,</strong></span> <span class='ocrx_word' id='word_1_447' title='bbox 1620 2946 1679 2992; x_wconf 94' lang='lat' dir='ltr'><strong>ut</strong></span> <span class='ocrx_word' id='word_1_448' title='bbox 1718 2937 1871 2993; x_wconf 90' lang='lat' dir='ltr'><strong>aiunt</strong></span> <span class='ocrx_word' id='word_1_449' title='bbox 1897 2939 2026 3010; x_wconf 91' lang='lat' dir='ltr'><strong>ipsi,</strong></span> <span class='ocrx_word' id='word_1_450' title='bbox 2059 2939 2181 3008; x_wconf 90' lang='lat' dir='ltr'><strong>igne</strong></span> 
     </span>
    </p>
   </div>
   <div class='ocr_carea' id='block_1_57' title="bbox 2174 2935 3741 3043">
    <p class='ocr_par' dir='ltr' id='par_1_57' title="bbox 2174 2935 3741 3043">
     <span class='ocr_line' id='line_1_57' title="bbox 2174 2935 3741 3043; baseline -0.006 -49"><span class='ocrx_word' id='word_1_451' title='bbox 2174 2958 2182 2994; x_wconf 75' lang='grc' dir='ltr'><strong>ι</strong></span> <span class='ocrx_word' id='word_1_452' title='bbox 2212 2987 2255 3043; x_wconf 78' lang='lat' dir='ltr'><strong>C</strong></span> <span class='ocrx_word' id='word_1_453' title='bbox 2289 2936 2424 3008; x_wconf 79' lang='grc' dir='ltr'>πυρὶ</span> <span class='ocrx_word' id='word_1_454' title='bbox 2457 2937 2550 2991; x_wconf 77' lang='grc' dir='ltr'><strong>καὶ</strong></span> <span class='ocrx_word' id='word_1_455' title='bbox 2584 2937 2780 3008; x_wconf 87' lang='grc' dir='ltr'>σκότῳ,</span> <span class='ocrx_word' id='word_1_456' title='bbox 2803 2939 2852 2990; x_wconf 85' lang='grc' dir='ltr'><strong>εί</strong></span> <span class='ocrx_word' id='word_1_457' title='bbox 2873 2938 3179 3010; x_wconf 71' lang='grc' dir='ltr'>προῄδεσαν</span> <span class='ocrx_word' id='word_1_458' title='bbox 3215 2941 3318 2991; x_wconf 87' lang='grc' dir='ltr'><strong>τῶν</strong></span> <span class='ocrx_word' id='word_1_459' title='bbox 3345 2937 3598 3010; x_wconf 79' lang='grc' dir='ltr'>ἀλλοτρίων</span> <span class='ocrx_word' id='word_1_460' title='bbox 3622 2935 3741 3006; x_wconf 72' lang='grc' dir='ltr'>εἰργό-</span> 
     </span>
    </p>
   </div>
   <div class='ocr_carea' id='block_1_58' title="bbox 605 3028 2172 3101">
    <p class='ocr_par' dir='ltr' id='par_1_58' title="bbox 605 3028 2172 3100">
     <span class='ocr_line' id='line_1_58' title="bbox 605 3028 2172 3100; baseline 0.001 -17"><span class='ocrx_word' id='word_1_461' title='bbox 605 3037 668 3084; x_wconf 77' lang='lat' dir='ltr'><strong>et</strong></span> <span class='ocrx_word' id='word_1_462' title='bbox 717 3030 979 3093; x_wconf 87' lang='lat' dir='ltr'><strong>tenebris,</strong></span> <span class='ocrx_word' id='word_1_463' title='bbox 1031 3030 1080 3085; x_wconf 92' lang='lat' dir='ltr'><strong>si</strong></span> <span class='ocrx_word' id='word_1_464' title='bbox 1128 3028 1506 3100; x_wconf 71' lang='lat' dir='ltr'><strong>pmvidissent</strong></span> <span class='ocrx_word' id='word_1_465' title='bbox 1536 3045 1594 3085; x_wconf 91' lang='lat' dir='ltr'><strong>se</strong></span> <span class='ocrx_word' id='word_1_466' title='bbox 1625 3029 1693 3084; x_wconf 89' lang='lat' dir='ltr'><strong>ab</strong></span> <span class='ocrx_word' id='word_1_467' title='bbox 1747 3029 1940 3085; x_wconf 89' lang='lat' dir='ltr'><strong>alienis</strong></span> <span class='ocrx_word' id='word_1_468' title='bbox 1985 3031 2172 3086; x_wconf 88' lang='lat' dir='ltr'><strong>arceri.</strong></span> 
     </span>
    </p>
   </div>
   <div class='ocr_carea' id='block_1_59' title="bbox 2173 3028 3740 3101">
    <p class='ocr_par' dir='ltr' id='par_1_59' title="bbox 2173 3028 3740 3101">
     <span class='ocr_line' id='line_1_59' title="bbox 2173 3028 3740 3101; baseline -0.004 -16"><span class='ocrx_word' id='word_1_469' title='bbox 2173 3073 2181 3085; x_wconf 93' lang='lat'><strong>.</strong></span> <span class='ocrx_word' id='word_1_470' title='bbox 2215 3028 2255 3043; x_wconf 66' lang='grc' dir='ltr'>ν</span> <span class='ocrx_word' id='word_1_471' title='bbox 2290 3045 2461 3098; x_wconf 87' lang='grc' dir='ltr'>μενοι.</span> <span class='ocrx_word' id='word_1_472' title='bbox 2509 3029 2662 3082; x_wconf 81' lang='grc' dir='ltr'>Ἐπεὶ</span> <span class='ocrx_word' id='word_1_473' title='bbox 2701 3029 2758 3083; x_wconf 84' lang='grc' dir='ltr'>δὲ</span> <span class='ocrx_word' id='word_1_474' title='bbox 2803 3031 3083 3095; x_wconf 80' lang='grc' dir='ltr'>παντελῶς</span> <span class='ocrx_word' id='word_1_475' title='bbox 3125 3033 3374 3101; x_wconf 75' lang='grc' dir='ltr'>ἠγνόουν,</span> <span class='ocrx_word' id='word_1_476' title='bbox 3418 3032 3507 3086; x_wconf 76' lang='grc' dir='ltr'><strong>ούκ</strong></span> <span class='ocrx_word' id='word_1_477' title='bbox 3555 3028 3740 3085; x_wconf 67' lang='lat' dir='ltr'><strong>amem</strong></span> 
     </span>
    </p>
   </div>
   <div class='ocr_carea' id='block_1_60' title="bbox 613 3119 2180 3195">
    <p class='ocr_par' dir='ltr' id='par_1_60' title="bbox 613 3119 2180 3190">
     <span class='ocr_line' id='line_1_60' title="bbox 613 3119 2180 3190; baseline 0 -16"><span class='ocrx_word' id='word_1_478' title='bbox 613 3119 725 3175; x_wconf 83' lang='lat' dir='ltr'><strong>Sed</strong></span> <span class='ocrx_word' id='word_1_479' title='bbox 771 3120 901 3190; x_wconf 87' lang='lat' dir='ltr'><strong>quia</strong></span> <span class='ocrx_word' id='word_1_480' title='bbox 937 3120 1160 3175; x_wconf 90' lang='lat' dir='ltr'><strong>omnino</strong></span> <span class='ocrx_word' id='word_1_481' title='bbox 1202 3120 1547 3190; x_wconf 71' lang='lat' dir='ltr'><strong>ignorabant,</strong></span> <span class='ocrx_word' id='word_1_482' title='bbox 1604 3135 1715 3174; x_wconf 89' lang='lat' dir='ltr'><strong>non</strong></span> <span class='ocrx_word' id='word_1_483' title='bbox 1745 3120 1919 3175; x_wconf 88' lang='lat' dir='ltr'><strong>solum</strong></span> <span class='ocrx_word' id='word_1_484' title='bbox 1952 3137 2059 3176; x_wconf 92' lang='lat' dir='ltr'><strong>non</strong></span> <span class='ocrx_word' id='word_1_485' title='bbox 2102 3131 2180 3177; x_wconf 87' lang='lat' dir='ltr'><strong>est</strong></span> 
     </span>
    </p>
   </div>
   <div class='ocr_carea' id='block_1_61' title="bbox 2174 3119 3741 3195">
    <p class='ocr_par' dir='ltr' id='par_1_61' title="bbox 2174 3119 3741 3195">
     <span class='ocr_line' id='line_1_61' title="bbox 2174 3119 3741 3195; baseline -0.003 -21"><span class='ocrx_word' id='word_1_486' title='bbox 2174 3132 2185 3174; x_wconf 80' lang='grc' dir='ltr'><strong>ι</strong></span> <span class='ocrx_word' id='word_1_487' title='bbox 2288 3119 2467 3188; x_wconf 86' lang='grc' dir='ltr'>μόνον,</span> <span class='ocrx_word' id='word_1_488' title='bbox 2501 3120 2637 3174; x_wconf 82' lang='grc' dir='ltr'>ἀλλὰ</span> <span class='ocrx_word' id='word_1_489' title='bbox 2666 3121 2760 3174; x_wconf 74' lang='grc' dir='ltr'>καὶ</span> <span class='ocrx_word' id='word_1_490' title='bbox 2787 3122 2971 3191; x_wconf 82' lang='grc' dir='ltr'>σαφῶς</span> <span class='ocrx_word' id='word_1_491' title='bbox 3008 3124 3314 3195; x_wconf 81' lang='grc' dir='ltr'>μαχομένου</span> <span class='ocrx_word' id='word_1_492' title='bbox 3338 3123 3498 3192; x_wconf 82' lang='grc' dir='ltr'>λόγου,</span> <span class='ocrx_word' id='word_1_493' title='bbox 3526 3119 3685 3174; x_wconf 67' lang='grc' dir='ltr'>ὅπλισιν</span> <span class='ocrx_word' id='word_1_494' title='bbox 3702 3136 3741 3170; x_wconf 80' lang='grc' dir='ltr'><strong>τε</strong></span> 
     </span>
    </p>
   </div>
   <div class='ocr_carea' id='block_1_62' title="bbox 604 3209 2171 3288">
    <p class='ocr_par' dir='ltr' id='par_1_62' title="bbox 604 3209 2171 3281">
     <span class='ocr_line' id='line_1_62' title="bbox 604 3209 2171 3281; baseline 0.001 -17"><span class='ocrx_word' id='word_1_495' title='bbox 604 3209 895 3275; x_wconf 81' lang='lat' dir='ltr'><strong>credibile,</strong></span> <span class='ocrx_word' id='word_1_496' title='bbox 928 3211 1023 3266; x_wconf 91' lang='lat' dir='ltr'><strong>sed</strong></span> <span class='ocrx_word' id='word_1_497' title='bbox 1058 3211 1218 3280; x_wconf 89' lang='lat' dir='ltr'><strong>plane</strong></span> <span class='ocrx_word' id='word_1_498' title='bbox 1251 3210 1352 3266; x_wconf 91' lang='lat' dir='ltr'><strong>sibi</strong></span> <span class='ocrx_word' id='word_1_499' title='bbox 1397 3226 1728 3281; x_wconf 76' lang='lat' dir='ltr'><strong>repugnans,</strong></span> <span class='ocrx_word' id='word_1_500' title='bbox 1764 3224 2095 3267; x_wconf 86' lang='lat' dir='ltr'><strong>armaturam</strong></span> <span class='ocrx_word' id='word_1_501' title='bbox 2130 3222 2171 3266; x_wconf 88' lang='lat' dir='ltr'><strong>cl</strong></span> 
     </span>
    </p>
   </div>
   <div class='ocr_carea' id='block_1_63' title="bbox 2174 3209 3741 3288">
    <p class='ocr_par' dir='ltr' id='par_1_63' title="bbox 2174 3213 3741 3288">
     <span class='ocr_line' id='line_1_63' title="bbox 2174 3213 3741 3288; baseline -0.002 -23"><span class='ocrx_word' id='word_1_502' title='bbox 2174 3221 2185 3266; x_wconf 74' lang='grc' dir='ltr'><strong>ι</strong></span> <span class='ocrx_word' id='word_1_503' title='bbox 2285 3214 2379 3265; x_wconf 83' lang='grc' dir='ltr'>καὶ</span> <span class='ocrx_word' id='word_1_504' title='bbox 2418 3213 2676 3284; x_wconf 80' lang='grc' dir='ltr'>στρατιὰν</span> <span class='ocrx_word' id='word_1_505' title='bbox 2728 3215 3070 3285; x_wconf 78' lang='grc' dir='ltr'>διαγράφειν,</span> <span class='ocrx_word' id='word_1_506' title='bbox 3118 3217 3259 3271; x_wconf 83' lang='grc' dir='ltr'><strong>κατά</strong></span> <span class='ocrx_word' id='word_1_507' title='bbox 3309 3217 3509 3288; x_wconf 76' lang='grc' dir='ltr'>μηδενὸς</span> <span class='ocrx_word' id='word_1_508' title='bbox 3545 3213 3741 3273; x_wconf 76' lang='grc' dir='ltr'>παντελῶς</span> 
     </span>
    </p>
   </div>
   <div class='ocr_carea' id='block_1_64' title="bbox 610 3296 2177 3381">
    <p class='ocr_par' dir='ltr' id='par_1_64' title="bbox 610 3296 2177 3376">
     <span class='ocr_line' id='line_1_64' title="bbox 610 3296 2177 3376; baseline 0.001 -16"><span class='ocrx_word' id='word_1_509' title='bbox 610 3306 909 3361; x_wconf 78' lang='lat' dir='ltr'><strong>exercitum</strong></span> <span class='ocrx_word' id='word_1_510' title='bbox 953 3305 1286 3369; x_wconf 86' lang='lat' dir='ltr'><strong>describere,</strong></span> <span class='ocrx_word' id='word_1_511' title='bbox 1337 3320 1462 3359; x_wconf 88' lang='lat' dir='ltr'><strong>cum</strong></span> <span class='ocrx_word' id='word_1_512' title='bbox 1504 3305 1688 3360; x_wconf 90' lang='lat' dir='ltr'><strong>nullus</strong></span> <span class='ocrx_word' id='word_1_513' title='bbox 1729 3296 1967 3374; x_wconf 76' lang='lat' dir='ltr'><strong>penitus</strong></span> <span class='ocrx_word' id='word_1_514' title='bbox 1995 3323 2177 3376; x_wconf 78' lang='lat' dir='ltr'><strong>exspe-</strong></span> 
     </span>
    </p>
   </div>
   <div class='ocr_carea' id='block_1_65' title="bbox 2174 3296 3741 3381">
    <p class='ocr_par' dir='ltr' id='par_1_65' title="bbox 2174 3304 3741 3381">
     <span class='ocr_line' id='line_1_65' title="bbox 2174 3304 3741 3381; baseline -0.004 -22"><span class='ocrx_word' id='word_1_515' title='bbox 2174 3337 2185 3347; x_wconf 93' lang='lat'><strong>-</strong></span> <span class='ocrx_word' id='word_1_516' title='bbox 2284 3305 2653 3359; x_wconf 84' lang='grc' dir='ltr'>ἐναντιοῧσθαι</span> <span class='ocrx_word' id='word_1_517' title='bbox 2689 3307 3164 3378; x_wconf 84' lang='grc' dir='ltr'>προσδοκωμένου.</span> <span class='ocrx_word' id='word_1_518' title='bbox 3192 3310 3300 3379; x_wconf 77' lang='grc' dir='ltr'><strong>Οὐχ</strong></span> <span class='ocrx_word' id='word_1_519' title='bbox 3325 3304 3470 3381; x_wconf 83' lang='grc' dir='ltr'>ἦττον</span> <span class='ocrx_word' id='word_1_520' title='bbox 3502 3306 3549 3359; x_wconf 81' lang='grc' dir='ltr'>δὲ</span> <span class='ocrx_word' id='word_1_521' title='bbox 3571 3306 3741 3358; x_wconf 75' lang='grc' dir='ltr'>ἐναντίον</span> 
     </span>
    </p>
   </div>
   <div class='ocr_carea' id='block_1_66' title="bbox 610 3394 2177 3472">
    <p class='ocr_par' dir='ltr' id='par_1_66' title="bbox 610 3394 2177 3453">
     <span class='ocr_line' id='line_1_66' title="bbox 610 3394 2177 3453; baseline 0.003 -4"><span class='ocrx_word' id='word_1_522' title='bbox 610 3404 862 3453; x_wconf 84' lang='lat' dir='ltr'><strong>ctaretur</strong></span> <span class='ocrx_word' id='word_1_523' title='bbox 911 3396 979 3451; x_wconf 90' lang='lat' dir='ltr'><strong>ad</strong></span> <span class='ocrx_word' id='word_1_524' title='bbox 1046 3396 1411 3452; x_wconf 83' lang='lat' dir='ltr'><strong>resistendum</strong></span> <span class='ocrx_word' id='word_1_525' title='bbox 1480 3394 1788 3451; x_wconf 83' lang='lat' dir='ltr'><strong>adfuturus.</strong></span> <span class='ocrx_word' id='word_1_526' title='bbox 1832 3395 1949 3450; x_wconf 87' lang='lat' dir='ltr'><strong>Non</strong></span> <span class='ocrx_word' id='word_1_527' title='bbox 2003 3399 2177 3453; x_wconf 87' lang='lat' dir='ltr'><strong>minus</strong></span> 
     </span>
    </p>
   </div>
   <div class='ocr_carea' id='block_1_67' title="bbox 2173 3394 3740 3472">
    <p class='ocr_par' dir='ltr' id='par_1_67' title="bbox 2173 3395 3740 3472">
     <span class='ocr_line' id='line_1_67' title="bbox 2173 3395 3740 3472; baseline -0.005 -20"><span class='ocrx_word' id='word_1_528' title='bbox 2173 3416 2182 3452; x_wconf 79' lang='grc' dir='ltr'><strong>ι</strong></span> <span class='ocrx_word' id='word_1_529' title='bbox 2281 3398 2375 3450; x_wconf 75' lang='grc' dir='ltr'>καὶ</span> <span class='ocrx_word' id='word_1_530' title='bbox 2405 3395 2468 3450; x_wconf 81' lang='grc' dir='ltr'>τὸ</span> <span class='ocrx_word' id='word_1_531' title='bbox 2498 3396 2574 3468; x_wconf 80' lang='grc' dir='ltr'>πὴ</span> <span class='ocrx_word' id='word_1_532' title='bbox 2627 3397 2725 3467; x_wconf 84' lang='grc' dir='ltr'>μὲν</span> <span class='ocrx_word' id='word_1_533' title='bbox 2757 3396 3049 3468; x_wconf 87' lang='grc' dir='ltr'>ἐπιθυμίαν</span> <span class='ocrx_word' id='word_1_534' title='bbox 3088 3400 3223 3472; x_wconf 83' lang='grc' dir='ltr'>πρὸς</span> <span class='ocrx_word' id='word_1_535' title='bbox 3266 3401 3322 3453; x_wconf 83' lang='grc' dir='ltr'>τὸ</span> <span class='ocrx_word' id='word_1_536' title='bbox 3349 3399 3452 3469; x_wconf 84' lang='grc' dir='ltr'><strong>φῶς</strong></span> <span class='ocrx_word' id='word_1_537' title='bbox 3477 3397 3740 3460; x_wconf 76' lang='grc' dir='ltr'>ἐκείνοις,γεο</span> 
     </span>
    </p>
   </div>
   <div class='ocr_carea' id='block_1_68' title="bbox 599 3481 2166 3560">
    <p class='ocr_par' dir='ltr' id='par_1_68' title="bbox 599 3485 2166 3556">
     <span class='ocr_line' id='line_1_68' title="bbox 599 3485 2166 3556; baseline 0.003 -16"><span class='ocrx_word' id='word_1_538' title='bbox 599 3486 944 3541; x_wconf 82' lang='lat' dir='ltr'><strong>contrarium</strong></span> <span class='ocrx_word' id='word_1_539' title='bbox 969 3494 1053 3541; x_wconf 85' lang='lat' dir='ltr'><strong>est</strong></span> <span class='ocrx_word' id='word_1_540' title='bbox 1072 3485 1274 3549; x_wconf 86' lang='lat' dir='ltr'><strong>dicere,</strong></span> <span class='ocrx_word' id='word_1_541' title='bbox 1291 3494 1405 3540; x_wconf 92' lang='lat' dir='ltr'><strong>tum</strong></span> <span class='ocrx_word' id='word_1_542' title='bbox 1427 3486 1777 3556; x_wconf 89' lang='lat' dir='ltr'><strong>cupiditatem</strong></span> <span class='ocrx_word' id='word_1_543' title='bbox 1813 3486 2035 3543; x_wconf 91' lang='lat' dir='ltr'><strong>luminis</strong></span> <span class='ocrx_word' id='word_1_544' title='bbox 2059 3488 2166 3544; x_wconf 73' lang='lat' dir='ltr'><strong>illo:</strong></span> 
     </span>
    </p>
   </div>
   <div class='ocr_carea' id='block_1_69' title="bbox 2172 3481 3739 3560">
    <p class='ocr_par' dir='ltr' id='par_1_69' title="bbox 2172 3481 3739 3560">
     <span class='ocr_line' id='line_1_69' title="bbox 2172 3481 3739 3560; baseline -0.014 -8"><span class='ocrx_word' id='word_1_545' title='bbox 2172 3506 2182 3543; x_wconf 73' lang='grc' dir='ltr'><strong>ί</strong></span> <span class='ocrx_word' id='word_1_546' title='bbox 2280 3486 2467 3541; x_wconf 82' lang='grc' dir='ltr'>νέσθαι</span> <span class='ocrx_word' id='word_1_547' title='bbox 2505 3487 2702 3555; x_wconf 84' lang='grc' dir='ltr'>λέγειν,</span> <span class='ocrx_word' id='word_1_548' title='bbox 2728 3485 2803 3558; x_wconf 84' lang='grc' dir='ltr'>πὴ</span> <span class='ocrx_word' id='word_1_549' title='bbox 2837 3487 2895 3540; x_wconf 81' lang='grc' dir='ltr'>δὲ</span> <span class='ocrx_word' id='word_1_550' title='bbox 2938 3491 3263 3560; x_wconf 81' lang='grc' dir='ltr'>παρασκευῇ</span> <span class='ocrx_word' id='word_1_551' title='bbox 3303 3487 3537 3558; x_wconf 79' lang='grc' dir='ltr'>πολεμικῇ</span> <span class='ocrx_word' id='word_1_552' title='bbox 3565 3487 3651 3536; x_wconf 82' lang='grc' dir='ltr'>κατ’</span> <span class='ocrx_word' id='word_1_553' title='bbox 3675 3481 3739 3531; x_wconf 56' lang='lat' dir='ltr'><strong>air</strong></span> 
     </span>
    </p>
   </div>
   <div class='ocr_carea' id='block_1_70' title="bbox 606 3577 2173 3651">
    <p class='ocr_par' dir='ltr' id='par_1_70' title="bbox 606 3577 2173 3649">
     <span class='ocr_line' id='line_1_70' title="bbox 606 3577 2173 3649; baseline 0.003 -18"><span class='ocrx_word' id='word_1_554' title='bbox 606 3577 889 3642; x_wconf 73' lang='lat' dir='ltr'><strong>habuisse,</strong></span> <span class='ocrx_word' id='word_1_555' title='bbox 921 3588 1035 3632; x_wconf 93' lang='lat' dir='ltr'><strong>tum</strong></span> <span class='ocrx_word' id='word_1_556' title='bbox 1058 3586 1321 3649; x_wconf 87' lang='lat' dir='ltr'><strong>apparatu</strong></span> <span class='ocrx_word' id='word_1_557' title='bbox 1360 3578 1558 3633; x_wconf 88' lang='lat' dir='ltr'><strong>bellico</strong></span> <span class='ocrx_word' id='word_1_558' title='bbox 1585 3593 1717 3634; x_wconf 90' lang='lat' dir='ltr'><strong>usos</strong></span> <span class='ocrx_word' id='word_1_559' title='bbox 1751 3594 1874 3635; x_wconf 88' lang='lat' dir='ltr'><strong>esse</strong></span> <span class='ocrx_word' id='word_1_560' title='bbox 1897 3579 2173 3636; x_wconf 74' lang='lat' dir='ltr'><strong>confiteri:</strong></span> 
     </span>
    </p>
   </div>
   <div class='ocr_carea' id='block_1_71' title="bbox 2170 3577 3737 3651">
    <p class='ocr_par' dir='ltr' id='par_1_71' title="bbox 2170 3577 3737 3651">
     <span class='ocr_line' id='line_1_71' title="bbox 2170 3577 3737 3651; baseline -0.001 -16"><span class='ocrx_word' id='word_1_561' title='bbox 2170 3600 2176 3635; x_wconf 86' lang='lat'><strong>:</strong></span> <span class='ocrx_word' id='word_1_562' title='bbox 2278 3579 2374 3635; x_wconf 80' lang='grc' dir='ltr'>τοῦ</span> <span class='ocrx_word' id='word_1_563' title='bbox 2402 3580 2700 3651; x_wconf 82' lang='grc' dir='ltr'>κεχρῆσθαι</span> <span class='ocrx_word' id='word_1_564' title='bbox 2730 3581 2954 3644; x_wconf 84' lang='grc' dir='ltr'>τούτους</span> <span class='ocrx_word' id='word_1_565' title='bbox 2976 3583 3261 3651; x_wconf 85' lang='grc' dir='ltr'>ὁμολογεῖν</span> <span class='ocrx_word' id='word_1_566' title='bbox 3279 3599 3293 3614; x_wconf 90' lang='grc'><strong>·</strong></span> <span class='ocrx_word' id='word_1_567' title='bbox 3314 3580 3460 3635; x_wconf 86' lang='grc' dir='ltr'>ὅπλον</span> <span class='ocrx_word' id='word_1_568' title='bbox 3478 3579 3567 3648; x_wconf 85' lang='grc' dir='ltr'><strong>γὰρ</strong></span> <span class='ocrx_word' id='word_1_569' title='bbox 3586 3577 3737 3633; x_wconf 74' lang='grc' dir='ltr'>πάντως</span> 
     </span>
    </p>
   </div>
   <div class='ocr_carea' id='block_1_72' title="bbox 606 3664 2173 3762">
    <p class='ocr_par' dir='ltr' id='par_1_72' title="bbox 606 3670 2173 3762">
     <span class='ocr_line' id='line_1_72' title="bbox 606 3670 2173 3762; baseline 0.001 -36"><span class='ocrx_word' id='word_1_570' title='bbox 606 3671 776 3726; x_wconf 89' lang='lat' dir='ltr'><strong>armis</strong></span> <span class='ocrx_word' id='word_1_571' title='bbox 820 3670 965 3726; x_wconf 92' lang='lat' dir='ltr'><strong>enim</strong></span> <span class='ocrx_word' id='word_1_572' title='bbox 999 3670 1211 3727; x_wconf 85' lang='lat' dir='ltr'><strong>bellicis</strong></span> <span class='ocrx_word' id='word_1_573' title='bbox 1263 3670 1443 3726; x_wconf 89' lang='lat' dir='ltr'><strong>omnis</strong></span> <span class='ocrx_word' id='word_1_574' title='bbox 1469 3670 1647 3726; x_wconf 87' lang='lat' dir='ltr'><strong>hostis</strong></span> <span class='ocrx_word' id='word_1_575' title='bbox 1679 3682 1871 3726; x_wconf 89' lang='lat' dir='ltr'><strong>contra</strong></span> <span class='ocrx_word' id='word_1_576' title='bbox 1924 3673 2173 3762; x_wconf 58' lang='lat' dir='ltr'><strong>adversa-</strong></span> 
     </span>
    </p>
   </div>
   <div class='ocr_carea' id='block_1_73' title="bbox 2169 3664 3736 3762">
    <p class='ocr_par' dir='ltr' id='par_1_73' title="bbox 2169 3664 3736 3746">
     <span class='ocr_line' id='line_1_73' title="bbox 2169 3664 3736 3746; baseline -0.006 -19"><span class='ocrx_word' id='word_1_577' title='bbox 2169 3702 2181 3713; x_wconf 93' lang='lat'><strong>-</strong></span> <span class='ocrx_word' id='word_1_578' title='bbox 2281 3673 2574 3743; x_wconf 80' lang='grc' dir='ltr'>πολεμικὸν</span> <span class='ocrx_word' id='word_1_579' title='bbox 2600 3672 2739 3726; x_wconf 87' lang='grc' dir='ltr'><strong>κατά</strong></span> <span class='ocrx_word' id='word_1_580' title='bbox 2762 3671 2854 3725; x_wconf 81' lang='grc' dir='ltr'><strong>τοῦ</strong></span> <span class='ocrx_word' id='word_1_581' title='bbox 2888 3673 3280 3746; x_wconf 80' lang='grc' dir='ltr'>ἀνθισταμένου</span> <span class='ocrx_word' id='word_1_582' title='bbox 3308 3670 3610 3745; x_wconf 75' lang='grc' dir='ltr'>προὸἁλλεται</span> 
     </span>
    </p>
   </div>
   <div class='ocr_carea' id='block_1_74' title="bbox 606 3758 2173 3837">
    <p class='ocr_par' dir='ltr' id='par_1_74' title="bbox 606 3758 2173 3837">
     <span class='ocr_line' id='line_1_74' title="bbox 606 3758 2173 3837; baseline 0.002 -20"><span class='ocrx_word' id='word_1_583' title='bbox 606 3764 750 3819; x_wconf 88' lang='lat' dir='ltr'><strong>rium</strong></span> <span class='ocrx_word' id='word_1_584' title='bbox 791 3778 854 3819; x_wconf 92' lang='lat' dir='ltr'><strong>se</strong></span> <span class='ocrx_word' id='word_1_585' title='bbox 889 3763 1022 3833; x_wconf 80' lang='lat' dir='ltr'><strong>tegit</strong></span> <span class='ocrx_word' id='word_1_586' title='bbox 1060 3770 1115 3818; x_wconf 90' lang='lat' dir='ltr'><strong>et</strong></span> <span class='ocrx_word' id='word_1_587' title='bbox 1147 3764 1350 3828; x_wconf 86' lang='lat' dir='ltr'><strong>munit;</strong></span> <span class='ocrx_word' id='word_1_588' title='bbox 1378 3778 1487 3818; x_wconf 93' lang='lat' dir='ltr'><strong>non</strong></span> <span class='ocrx_word' id='word_1_589' title='bbox 1523 3774 1710 3819; x_wconf 87' lang='lat' dir='ltr'><strong>contra</strong></span> <span class='ocrx_word' id='word_1_590' title='bbox 1740 3765 1816 3827; x_wconf 90' lang='lat' dir='ltr'><strong>id,</strong></span> <span class='ocrx_word' id='word_1_591' title='bbox 1852 3765 1999 3835; x_wconf 89' lang='lat' dir='ltr'><strong>quod</strong></span> <span class='ocrx_word' id='word_1_592' title='bbox 2030 3758 2173 3837; x_wconf 79' lang='lat' dir='ltr'><strong>cupit</strong></span> 
     </span>
    </p>
   </div>
   <div class='ocr_carea' id='block_1_75' title="bbox 2165 3758 3732 3837">
    <p class='ocr_par' dir='ltr' id='par_1_75' title="bbox 2165 3758 3732 3837">
     <span class='ocr_line' id='line_1_75' title="bbox 2165 3758 3732 3837; baseline -0.02 3"><span class='ocrx_word' id='word_1_593' title='bbox 2165 3775 2180 3820; x_wconf 76' lang='grc' dir='ltr'><strong>ι</strong></span> <span class='ocrx_word' id='word_1_594' title='bbox 2282 3784 2401 3837; x_wconf 85' lang='grc' dir='ltr'>μιος</span> <span class='ocrx_word' id='word_1_595' title='bbox 2430 3765 2595 3831; x_wconf 70' lang='grc' dir='ltr'>ἅπας,</span> <span class='ocrx_word' id='word_1_596' title='bbox 2639 3767 2700 3819; x_wconf 77' lang='grc' dir='ltr'><strong>οὐ</strong></span> <span class='ocrx_word' id='word_1_597' title='bbox 2739 3764 2859 3821; x_wconf 79' lang='grc' dir='ltr'>καθ’</span> <span class='ocrx_word' id='word_1_598' title='bbox 2886 3758 2946 3819; x_wconf 71' lang='grc' dir='ltr'>οὗ</span> <span class='ocrx_word' id='word_1_599' title='bbox 2984 3765 3103 3837; x_wconf 83' lang='grc' dir='ltr'>ἔχει</span> <span class='ocrx_word' id='word_1_600' title='bbox 3137 3767 3235 3837; x_wconf 83' lang='grc' dir='ltr'>τὴν</span> <span class='ocrx_word' id='word_1_601' title='bbox 3280 3758 3732 3835; x_wconf 61' lang='grc' dir='ltr'>ἐπιθυμιανιπάιλω.</span> 
     </span>
    </p>
   </div>
   <div class='ocr_carea' id='block_1_76' title="bbox 604 3849 2171 3932">
    <p class='ocr_par' dir='ltr' id='par_1_76' title="bbox 604 3854 2171 3925">
     <span class='ocr_line' id='line_1_76' title="bbox 604 3854 2171 3925; baseline 0.001 -15"><span class='ocrx_word' id='word_1_602' title='bbox 604 3870 727 3911; x_wconf 82' lang='lat' dir='ltr'><strong>esse</strong></span> <span class='ocrx_word' id='word_1_603' title='bbox 754 3855 1035 3925; x_wconf 66' lang='lat' dir='ltr'><strong>praemium</strong></span> <span class='ocrx_word' id='word_1_604' title='bbox 1077 3855 1413 3910; x_wconf 86' lang='lat' dir='ltr'><strong>certaminis.</strong></span> <span class='ocrx_word' id='word_1_605' title='bbox 1448 3854 1508 3909; x_wconf 91' lang='lat' dir='ltr'><strong>Si</strong></span> <span class='ocrx_word' id='word_1_606' title='bbox 1540 3870 1672 3925; x_wconf 89' lang='lat' dir='ltr'><strong>ergo</strong></span> <span class='ocrx_word' id='word_1_607' title='bbox 1701 3870 1808 3910; x_wconf 91' lang='lat' dir='ltr'><strong>non</strong></span> <span class='ocrx_word' id='word_1_608' title='bbox 1846 3864 1963 3913; x_wconf 88' lang='lat' dir='ltr'><strong>erat</strong></span> <span class='ocrx_word' id='word_1_609' title='bbox 1989 3857 2171 3912; x_wconf 86' lang='lat' dir='ltr'><strong>adver-</strong></span> 
     </span>
    </p>
   </div>
   <div class='ocr_carea' id='block_1_77' title="bbox 2168 3849 3735 3932">
    <p class='ocr_par' dir='ltr' id='par_1_77' title="bbox 2168 3849 3735 3932">
     <span class='ocr_line' id='line_1_77' title="bbox 2168 3849 3735 3932; baseline -0.01 -17"><span class='ocrx_word' id='word_1_610' title='bbox 2168 3887 2179 3899; x_wconf 92' lang='lat'><strong><em>-</em></strong></span> <span class='ocrx_word' id='word_1_611' title='bbox 2277 3861 2342 3914; x_wconf 80' lang='grc' dir='ltr'><strong>Εἰ</strong></span> <span class='ocrx_word' id='word_1_612' title='bbox 2378 3860 2555 3914; x_wconf 88' lang='grc' dir='ltr'>τοίνυν</span> <span class='ocrx_word' id='word_1_613' title='bbox 2588 3858 2662 3931; x_wconf 80' lang='grc' dir='ltr'>μὴ</span> <span class='ocrx_word' id='word_1_614' title='bbox 2682 3855 2749 3932; x_wconf 81' lang='grc' dir='ltr'>ἦν</span> <span class='ocrx_word' id='word_1_615' title='bbox 2791 3860 2929 3914; x_wconf 84' lang='grc' dir='ltr'>κατὰ</span> <span class='ocrx_word' id='word_1_616' title='bbox 2955 3861 3053 3931; x_wconf 82' lang='grc' dir='ltr'>τὴν</span> <span class='ocrx_word' id='word_1_617' title='bbox 3093 3862 3269 3914; x_wconf 77' lang='grc' dir='ltr'>αὐτῶν</span> <span class='ocrx_word' id='word_1_618' title='bbox 3300 3861 3492 3928; x_wconf 75' lang='grc' dir='ltr'>ἄγνοιαν</span> <span class='ocrx_word' id='word_1_619' title='bbox 3512 3858 3535 3908; x_wconf 78' lang='grc' dir='ltr'>ὁ</span> <span class='ocrx_word' id='word_1_620' title='bbox 3554 3849 3735 3907; x_wconf 70' lang='grc' dir='ltr'>ἀνθιστά-</span> 
     </span>
    </p>
   </div>
   <div class='ocr_carea' id='block_1_78' title="bbox 600 3940 2167 4023">
    <p class='ocr_par' dir='ltr' id='par_1_78' title="bbox 600 3940 2167 4020">
     <span class='ocr_line' id='line_1_78' title="bbox 600 3940 2167 4020; baseline 0.002 -17"><span class='ocrx_word' id='word_1_621' title='bbox 600 3947 822 4012; x_wconf 88' lang='lat' dir='ltr'><strong>sarius,</strong></span> <span class='ocrx_word' id='word_1_622' title='bbox 874 3940 1145 4018; x_wconf 85' lang='lat' dir='ltr'><strong>quatenus</strong></span> <span class='ocrx_word' id='word_1_623' title='bbox 1183 3947 1289 4019; x_wconf 91' lang='lat' dir='ltr'><strong>ipsi</strong></span> <span class='ocrx_word' id='word_1_624' title='bbox 1338 3948 1700 4018; x_wconf 74' lang='lat' dir='ltr'><strong>ignorabant,</strong></span> <span class='ocrx_word' id='word_1_625' title='bbox 1755 3951 2029 4020; x_wconf 89' lang='lat' dir='ltr'><strong>quomodo</strong></span> <span class='ocrx_word' id='word_1_626' title='bbox 2068 3967 2167 4006; x_wconf 89' lang='lat' dir='ltr'><strong>non</strong></span> 
     </span>
    </p>
   </div>
   <div class='ocr_carea' id='block_1_79' title="bbox 2164 3940 3731 4023">
    <p class='ocr_par' dir='ltr' id='par_1_79' title="bbox 2164 3944 3731 4023">
     <span class='ocr_line' id='line_1_79' title="bbox 2164 3944 3731 4023; baseline -0.003 -18"><span class='ocrx_word' id='word_1_627' title='bbox 2164 3968 2177 4005; x_wconf 89' lang='grc' dir='ltr'><strong>ι</strong></span> <span class='ocrx_word' id='word_1_628' title='bbox 2280 3969 2460 4022; x_wconf 88' lang='grc' dir='ltr'>μενος,</span> <span class='ocrx_word' id='word_1_629' title='bbox 2484 3952 2600 4015; x_wconf 83' lang='grc' dir='ltr'><strong>πῶς</strong></span> <span class='ocrx_word' id='word_1_630' title='bbox 2630 3953 2730 4005; x_wconf 77' lang='grc' dir='ltr'>οὐκ</span> <span class='ocrx_word' id='word_1_631' title='bbox 2760 3953 2997 4007; x_wconf 80' lang='grc' dir='ltr'>ἐναντίον</span> <span class='ocrx_word' id='word_1_632' title='bbox 3028 3953 3094 4006; x_wconf 85' lang='grc' dir='ltr'>τὸ</span> <span class='ocrx_word' id='word_1_633' title='bbox 3135 3953 3408 4023; x_wconf 82' lang='grc' dir='ltr'>ἐπιθυμεῖν</span> <span class='ocrx_word' id='word_1_634' title='bbox 3430 3949 3495 4019; x_wconf 85' lang='grc' dir='ltr'>τῷ</span> <span class='ocrx_word' id='word_1_635' title='bbox 3515 3944 3731 4013; x_wconf 75' lang='grc' dir='ltr'>πολεμεῖνς</span> 
     </span>
    </p>
   </div>
   <div class='ocr_carea' id='block_1_80' title="bbox 605 4031 2172 4115">
    <p class='ocr_par' dir='ltr' id='par_1_80' title="bbox 605 4041 2172 4113">
     <span class='ocr_line' id='line_1_80' title="bbox 605 4041 2172 4113; baseline 0.001 -17"><span class='ocrx_word' id='word_1_636' title='bbox 605 4049 735 4097; x_wconf 90' lang='lat' dir='ltr'><strong>sunt</strong></span> <span class='ocrx_word' id='word_1_637' title='bbox 759 4041 1054 4106; x_wconf 89' lang='lat' dir='ltr'><strong>contraria,</strong></span> <span class='ocrx_word' id='word_1_638' title='bbox 1079 4056 1281 4108; x_wconf 90' lang='lat' dir='ltr'><strong>cupere</strong></span> <span class='ocrx_word' id='word_1_639' title='bbox 1308 4051 1363 4097; x_wconf 92' lang='lat' dir='ltr'><strong>et</strong></span> <span class='ocrx_word' id='word_1_640' title='bbox 1389 4041 1747 4113; x_wconf 80' lang='lat' dir='ltr'><strong>belligerare?</strong></span> <span class='ocrx_word' id='word_1_641' title='bbox 1776 4041 2057 4109; x_wconf 88' lang='lat' dir='ltr'><strong>Quomodo</strong></span> <span class='ocrx_word' id='word_1_642' title='bbox 2086 4060 2172 4098; x_wconf 93' lang='lat' dir='ltr'><strong>au-</strong></span> 
     </span>
    </p>
   </div>
   <div class='ocr_carea' id='block_1_81' title="bbox 2165 4031 3732 4115">
    <p class='ocr_par' dir='ltr' id='par_1_81' title="bbox 2165 4031 3732 4115">
     <span class='ocr_line' id='line_1_81' title="bbox 2165 4031 3732 4115; baseline 0 -22"><span class='ocrx_word' id='word_1_643' title='bbox 2165 4073 2178 4083; x_wconf 95' lang='lat'><strong><em>-</em></strong></span> <span class='ocrx_word' id='word_1_644' title='bbox 2276 4041 2401 4106; x_wconf 85' lang='grc' dir='ltr'>Πῶς</span> <span class='ocrx_word' id='word_1_645' title='bbox 2428 4042 2484 4095; x_wconf 84' lang='grc' dir='ltr'>δὲ</span> <span class='ocrx_word' id='word_1_646' title='bbox 2513 4044 2633 4113; x_wconf 79' lang='grc' dir='ltr'><strong>οὐχὶ</strong></span> <span class='ocrx_word' id='word_1_647' title='bbox 2667 4043 2787 4097; x_wconf 88' lang='grc' dir='ltr'>λίαν</span> <span class='ocrx_word' id='word_1_648' title='bbox 2820 4044 3040 4097; x_wconf 87' lang='grc' dir='ltr'>κάκεῖνο</span> <span class='ocrx_word' id='word_1_649' title='bbox 3090 4045 3403 4115; x_wconf 86' lang='grc' dir='ltr'>μαχόμενον,</span> <span class='ocrx_word' id='word_1_650' title='bbox 3426 4042 3513 4108; x_wconf 79' lang='grc' dir='ltr'>εἴγε</span> <span class='ocrx_word' id='word_1_651' title='bbox 3537 4038 3575 4088; x_wconf 82' lang='lat' dir='ltr'><strong>ol</strong></span> <span class='ocrx_word' id='word_1_652' title='bbox 3608 4031 3732 4104; x_wconf 75' lang='grc' dir='ltr'>μηδέ·</span> 
     </span>
    </p>
   </div>
   <div class='ocr_carea' id='block_1_82' title="bbox 602 4125 2169 4209">
    <p class='ocr_par' dir='ltr' id='par_1_82' title="bbox 602 4135 2169 4209">
     <span class='ocr_line' id='line_1_82' title="bbox 602 4135 2169 4209; baseline 0.001 -18"><span class='ocrx_word' id='word_1_653' title='bbox 602 4145 712 4191; x_wconf 87' lang='lat' dir='ltr'><strong>tem</strong></span> <span class='ocrx_word' id='word_1_654' title='bbox 743 4135 878 4189; x_wconf 83' lang='lat' dir='ltr'><strong>illud</strong></span> <span class='ocrx_word' id='word_1_655' title='bbox 901 4137 1063 4190; x_wconf 84' lang='lat' dir='ltr'><strong>etiam</strong></span> <span class='ocrx_word' id='word_1_656' title='bbox 1092 4151 1200 4189; x_wconf 91' lang='lat' dir='ltr'><strong>non</strong></span> <span class='ocrx_word' id='word_1_657' title='bbox 1223 4142 1307 4190; x_wconf 85' lang='lat' dir='ltr'><strong>est</strong></span> <span class='ocrx_word' id='word_1_658' title='bbox 1356 4150 1683 4207; x_wconf 75' lang='lat' dir='ltr'><strong>magnopere</strong></span> <span class='ocrx_word' id='word_1_659' title='bbox 1710 4151 2042 4209; x_wconf 87' lang='lat' dir='ltr'><strong>repugnans,</strong></span> <span class='ocrx_word' id='word_1_660' title='bbox 2083 4152 2169 4192; x_wconf 82' lang='lat' dir='ltr'><strong>eos</strong></span> 
     </span>
    </p>
   </div>
   <div class='ocr_carea' id='block_1_83' title="bbox 2161 4125 3728 4209">
    <p class='ocr_par' dir='ltr' id='par_1_83' title="bbox 2161 4125 3728 4204">
     <span class='ocr_line' id='line_1_83' title="bbox 2161 4125 3728 4204; baseline -0.003 -19"><span class='ocrx_word' id='word_1_661' title='bbox 2161 4152 2177 4192; x_wconf 72' lang='grc' dir='ltr'>ς</span> <span class='ocrx_word' id='word_1_662' title='bbox 2276 4148 2406 4185; x_wconf 88' lang='grc' dir='ltr'>ποτε</span> <span class='ocrx_word' id='word_1_663' title='bbox 2440 4134 2900 4204; x_wconf 75' lang='grc' dir='ltr'>συμφωνήσαντες</span> <span class='ocrx_word' id='word_1_664' title='bbox 2952 4135 3010 4187; x_wconf 87' lang='grc' dir='ltr'><strong>ἐν</strong></span> <span class='ocrx_word' id='word_1_665' title='bbox 3042 4139 3158 4199; x_wconf 83' lang='grc' dir='ltr'>τοῖς</span> <span class='ocrx_word' id='word_1_666' title='bbox 3202 4134 3341 4190; x_wconf 82' lang='grc' dir='ltr'>κατὰ</span> <span class='ocrx_word' id='word_1_667' title='bbox 3377 4133 3503 4204; x_wconf 82' lang='grc' dir='ltr'>φύσιν</span> <span class='ocrx_word' id='word_1_668' title='bbox 3539 4125 3728 4193; x_wconf 73' lang='grc' dir='ltr'>ἀλλήλοις</span> 
     </span>
    </p>
   </div>
   <div class='ocr_carea' id='block_1_84' title="bbox 597 4217 2164 4299">
    <p class='ocr_par' dir='ltr' id='par_1_84' title="bbox 597 4225 2164 4299">
     <span class='ocr_line' id='line_1_84' title="bbox 597 4225 2164 4299; baseline 0.003 -19"><span class='ocrx_word' id='word_1_669' title='bbox 597 4225 700 4297; x_wconf 82' lang='lat' dir='ltr'><strong>qui</strong></span> <span class='ocrx_word' id='word_1_670' title='bbox 732 4226 789 4280; x_wconf 92' lang='lat' dir='ltr'><strong>in</strong></span> <span class='ocrx_word' id='word_1_671' title='bbox 817 4226 887 4281; x_wconf 89' lang='lat' dir='ltr'><strong>iis</strong></span> <span class='ocrx_word' id='word_1_672' title='bbox 929 4240 1050 4296; x_wconf 81' lang='lat' dir='ltr'><strong>qua:</strong></span> <span class='ocrx_word' id='word_1_673' title='bbox 1096 4225 1395 4281; x_wconf 89' lang='lat' dir='ltr'><strong>secundum</strong></span> <span class='ocrx_word' id='word_1_674' title='bbox 1426 4235 1680 4282; x_wconf 88' lang='lat' dir='ltr'><strong>naturam</strong></span> <span class='ocrx_word' id='word_1_675' title='bbox 1716 4236 1846 4284; x_wconf 90' lang='lat' dir='ltr'><strong>sunt</strong></span> <span class='ocrx_word' id='word_1_676' title='bbox 1891 4245 2164 4299; x_wconf 90' lang='lat' dir='ltr'><strong>nunquam</strong></span> 
     </span>
    </p>
   </div>
   <div class='ocr_carea' id='block_1_85' title="bbox 2159 4217 3726 4299">
    <p class='ocr_par' dir='ltr' id='par_1_85' title="bbox 2159 4217 3726 4299">
     <span class='ocr_line' id='line_1_85' title="bbox 2159 4217 3726 4299; baseline -0.007 -22"><span class='ocrx_word' id='word_1_677' title='bbox 2159 4245 2172 4284; x_wconf 83' lang='grc' dir='ltr'><strong>ι</strong></span> <span class='ocrx_word' id='word_1_678' title='bbox 2277 4224 2600 4289; x_wconf 85' lang='grc' dir='ltr'>συνέπνεον;</span> <span class='ocrx_word' id='word_1_679' title='bbox 2638 4225 2802 4295; x_wconf 81' lang='grc' dir='ltr'>Ὀμοῦ</span> <span class='ocrx_word' id='word_1_680' title='bbox 2833 4227 2961 4297; x_wconf 83' lang='grc' dir='ltr'>γὰρ,</span> <span class='ocrx_word' id='word_1_681' title='bbox 2992 4230 3151 4299; x_wconf 77' lang='grc' dir='ltr'>φησὶ,</span> <span class='ocrx_word' id='word_1_682' title='bbox 3191 4229 3330 4282; x_wconf 80' lang='grc' dir='ltr'>κα,τά</span> <span class='ocrx_word' id='word_1_683' title='bbox 3353 4226 3432 4281; x_wconf 74' lang='grc' dir='ltr'><strong>τοῦ</strong></span> <span class='ocrx_word' id='word_1_684' title='bbox 3461 4221 3591 4294; x_wconf 70' lang='grc' dir='ltr'>φωτὸς</span> <span class='ocrx_word' id='word_1_685' title='bbox 3610 4217 3726 4267; x_wconf 74' lang='grc' dir='ltr'>ἐϐου-</span> 
     </span>
    </p>
   </div>
   <div class='ocr_carea' id='block_1_86' title="bbox 598 4303 2165 4392">
    <p class='ocr_par' dir='ltr' id='par_1_86' title="bbox 598 4314 2165 4389">
     <span class='ocr_line' id='line_1_86' title="bbox 598 4314 2165 4389; baseline 0.002 -19"><span class='ocrx_word' id='word_1_686' title='bbox 598 4314 906 4371; x_wconf 84' lang='lat' dir='ltr'><strong>concordes</strong></span> <span class='ocrx_word' id='word_1_687' title='bbox 933 4315 1173 4379; x_wconf 81' lang='lat' dir='ltr'><strong>fuerunt,</strong></span> <span class='ocrx_word' id='word_1_688' title='bbox 1222 4315 1366 4370; x_wconf 88' lang='lat' dir='ltr'><strong>inter</strong></span> <span class='ocrx_word' id='word_1_689' title='bbox 1410 4331 1470 4371; x_wconf 87' lang='lat' dir='ltr'><strong>se</strong></span> <span class='ocrx_word' id='word_1_690' title='bbox 1510 4315 1579 4371; x_wconf 86' lang='lat' dir='ltr'><strong>ad</strong></span> <span class='ocrx_word' id='word_1_691' title='bbox 1612 4316 1922 4372; x_wconf 87' lang='lat' dir='ltr'><strong>bellandum</strong></span> <span class='ocrx_word' id='word_1_692' title='bbox 1956 4319 2165 4389; x_wconf 90' lang='lat' dir='ltr'><strong>conspi-</strong></span> 
     </span>
    </p>
   </div>
   <div class='ocr_carea' id='block_1_87' title="bbox 2161 4303 3728 4392">
    <p class='ocr_par' dir='ltr' id='par_1_87' title="bbox 2161 4303 3728 4392">
     <span class='ocr_line' id='line_1_87' title="bbox 2161 4303 3728 4392; baseline -0.008 -23"><span class='ocrx_word' id='word_1_693' title='bbox 2161 4348 2177 4360; x_wconf 90' lang='lat'><strong><em>-</em></strong></span> <span class='ocrx_word' id='word_1_694' title='bbox 2208 4332 2251 4387; x_wconf 80' lang='grc' dir='ltr'>ο</span> <span class='ocrx_word' id='word_1_695' title='bbox 2279 4313 2554 4373; x_wconf 84' lang='grc' dir='ltr'>λεύσαντο.</span> <span class='ocrx_word' id='word_1_696' title='bbox 2595 4318 2655 4370; x_wconf 85' lang='grc' dir='ltr'><strong>Οί</strong></span> <span class='ocrx_word' id='word_1_697' title='bbox 2696 4303 2801 4389; x_wconf 68' lang='grc' dir='ltr'><strong>γάρ</strong></span> <span class='ocrx_word' id='word_1_698' title='bbox 2833 4316 2903 4371; x_wconf 82' lang='grc' dir='ltr'>τὰ</span> <span class='ocrx_word' id='word_1_699' title='bbox 2936 4318 3182 4390; x_wconf 79' lang='grc' dir='ltr'>ἀλλήλων</span> <span class='ocrx_word' id='word_1_700' title='bbox 3214 4320 3344 4392; x_wconf 79' lang='grc' dir='ltr'>μέλη</span> <span class='ocrx_word' id='word_1_701' title='bbox 3372 4315 3635 4389; x_wconf 72' lang='grc' dir='ltr'>τρεφόμενοι,</span> <span class='ocrx_word' id='word_1_702' title='bbox 3660 4307 3728 4359; x_wconf 72' lang='grc' dir='ltr'>καὶ</span> 
     </span>
    </p>
   </div>
   <div class='ocr_carea' id='block_1_88' title="bbox 602 4399 2169 4485">
    <p class='ocr_par' dir='ltr' id='par_1_88' title="bbox 602 4403 2169 4476">
     <span class='ocr_line' id='line_1_88' title="bbox 602 4403 2169 4476; baseline 0.003 -17"><span class='ocrx_word' id='word_1_703' title='bbox 602 4407 794 4461; x_wconf 80' lang='lat' dir='ltr'><strong>rasse‘l</strong></span> <span class='ocrx_word' id='word_1_704' title='bbox 827 4403 1023 4470; x_wconf 90' lang='lat' dir='ltr'><strong>Simul,</strong></span> <span class='ocrx_word' id='word_1_705' title='bbox 1066 4406 1275 4476; x_wconf 88' lang='lat' dir='ltr'><strong>inquit,</strong></span> <span class='ocrx_word' id='word_1_706' title='bbox 1301 4416 1494 4461; x_wconf 89' lang='lat' dir='ltr'><strong>contra</strong></span> <span class='ocrx_word' id='word_1_707' title='bbox 1528 4407 1714 4461; x_wconf 90' lang='lat' dir='ltr'><strong>lumen</strong></span> <span class='ocrx_word' id='word_1_708' title='bbox 1743 4407 2033 4462; x_wconf 90' lang='lat' dir='ltr'><strong>consilium</strong></span> <span class='ocrx_word' id='word_1_709' title='bbox 2082 4424 2169 4464; x_wconf 88' lang='lat' dir='ltr'><strong>ce-</strong></span> 
     </span>
    </p>
   </div>
   <div class='ocr_carea' id='block_1_89' title="bbox 2161 4399 3728 4485">
    <p class='ocr_par' dir='ltr' id='par_1_89' title="bbox 2161 4399 3728 4485">
     <span class='ocr_line' id='line_1_89' title="bbox 2161 4399 3728 4485; baseline -0.003 -23"><span class='ocrx_word' id='word_1_710' title='bbox 2161 4438 2175 4450; x_wconf 89' lang='lat'><strong><em>-</em></strong></span> <span class='ocrx_word' id='word_1_711' title='bbox 2280 4407 2547 4480; x_wconf 83' lang='grc' dir='ltr'>μηδέποτε</span> <span class='ocrx_word' id='word_1_712' title='bbox 2567 4410 2668 4480; x_wconf 83' lang='grc' dir='ltr'>τῆς</span> <span class='ocrx_word' id='word_1_713' title='bbox 2696 4412 2815 4463; x_wconf 89' lang='grc' dir='ltr'>κατ’</span> <span class='ocrx_word' id='word_1_714' title='bbox 2838 4410 3082 4484; x_wconf 85' lang='grc' dir='ltr'>ἀλλήλων</span> <span class='ocrx_word' id='word_1_715' title='bbox 3108 4414 3305 4485; x_wconf 88' lang='grc' dir='ltr'>μανίας</span> <span class='ocrx_word' id='word_1_716' title='bbox 3329 4409 3621 4479; x_wconf 75' lang='grc' dir='ltr'>παυσάμενοι,</span> 
     </span>
    </p>
   </div>
   <div class='ocr_carea' id='block_1_90' title="bbox 602 4491 2169 4575">
    <p class='ocr_par' dir='ltr' id='par_1_90' title="bbox 602 4494 2169 4568">
     <span class='ocr_line' id='line_1_90' title="bbox 602 4494 2169 4568; baseline 0.003 -20"><span class='ocrx_word' id='word_1_717' title='bbox 602 4502 823 4568; x_wconf 77' lang='lat' dir='ltr'><strong>perunt.</strong></span> <span class='ocrx_word' id='word_1_718' title='bbox 875 4494 979 4562; x_wconf 92' lang='lat' dir='ltr'><strong>Qui</strong></span> <span class='ocrx_word' id='word_1_719' title='bbox 1018 4495 1165 4551; x_wconf 92' lang='lat' dir='ltr'><strong>enim</strong></span> <span class='ocrx_word' id='word_1_720' title='bbox 1206 4495 1467 4551; x_wconf 88' lang='lat' dir='ltr'><strong>membris</strong></span> <span class='ocrx_word' id='word_1_721' title='bbox 1508 4496 1625 4552; x_wconf 90' lang='lat' dir='ltr'><strong>suis</strong></span> <span class='ocrx_word' id='word_1_722' title='bbox 1656 4495 1797 4552; x_wconf 88' lang='lat' dir='ltr'><strong>inter</strong></span> <span class='ocrx_word' id='word_1_723' title='bbox 1843 4513 1902 4553; x_wconf 89' lang='lat' dir='ltr'><strong>se</strong></span> <span class='ocrx_word' id='word_1_724' title='bbox 1930 4498 2169 4553; x_wconf 80' lang='lat' dir='ltr'><strong>vicissim</strong></span> 
     </span>
    </p>
   </div>
   <div class='ocr_carea' id='block_1_91' title="bbox 2159 4491 3726 4575">
    <p class='ocr_par' dir='ltr' id='par_1_91' title="bbox 2159 4491 3726 4575">
     <span class='ocr_line' id='line_1_91' title="bbox 2159 4491 3726 4575; baseline 0.004 -23"><span class='ocrx_word' id='word_1_725' title='bbox 2159 4514 2172 4552; x_wconf 89' lang='grc' dir='ltr'><strong>ι</strong></span> <span class='ocrx_word' id='word_1_726' title='bbox 2276 4500 2335 4553; x_wconf 86' lang='grc' dir='ltr'><strong>ἐν</strong></span> <span class='ocrx_word' id='word_1_727' title='bbox 2370 4502 2483 4565; x_wconf 84' lang='grc' dir='ltr'>τοῖς</span> <span class='ocrx_word' id='word_1_728' title='bbox 2530 4500 2681 4571; x_wconf 79' lang='grc' dir='ltr'>παρὰ</span> <span class='ocrx_word' id='word_1_729' title='bbox 2734 4501 2893 4570; x_wconf 87' lang='grc' dir='ltr'>φύσιν</span> <span class='ocrx_word' id='word_1_730' title='bbox 2930 4505 3009 4567; x_wconf 79' lang='grc' dir='ltr'><strong>είς</strong></span> <span class='ocrx_word' id='word_1_731' title='bbox 3038 4505 3330 4575; x_wconf 84' lang='grc' dir='ltr'>ἐπιθυμίαν</span> <span class='ocrx_word' id='word_1_732' title='bbox 3366 4504 3466 4575; x_wconf 77' lang='grc' dir='ltr'>ἅμα</span> <span class='ocrx_word' id='word_1_733' title='bbox 3503 4498 3577 4552; x_wconf 62' lang='grc' dir='ltr'><strong>καὶ</strong></span> <span class='ocrx_word' id='word_1_734' title='bbox 3609 4491 3726 4564; x_wconf 56' lang='grc' dir='ltr'><strong>ὁρτὴν</strong></span> 
     </span>
    </p>
   </div>
   <div class='ocr_carea' id='block_1_92' title="bbox 600 4586 2167 4668">
    <p class='ocr_par' dir='ltr' id='par_1_92' title="bbox 600 4586 2167 4659">
     <span class='ocr_line' id='line_1_92' title="bbox 600 4586 2167 4659; baseline 0.002 -17"><span class='ocrx_word' id='word_1_735' title='bbox 600 4588 984 4658; x_wconf 83' lang='lat' dir='ltr'><strong>pascebantur,</strong></span> <span class='ocrx_word' id='word_1_736' title='bbox 1017 4596 1072 4643; x_wconf 91' lang='lat' dir='ltr'><strong>et</strong></span> <span class='ocrx_word' id='word_1_737' title='bbox 1094 4602 1308 4659; x_wconf 89' lang='lat' dir='ltr'><strong>semper</strong></span> <span class='ocrx_word' id='word_1_738' title='bbox 1335 4587 1485 4643; x_wconf 89' lang='lat' dir='ltr'><strong>nulla</strong></span> <span class='ocrx_word' id='word_1_739' title='bbox 1501 4602 1741 4658; x_wconf 87' lang='lat' dir='ltr'><strong>unquam</strong></span> <span class='ocrx_word' id='word_1_740' title='bbox 1770 4586 2167 4645; x_wconf 87' lang='lat' dir='ltr'><strong>intermissione</strong></span> 
     </span>
    </p>
   </div>
   <div class='ocr_carea' id='block_1_93' title="bbox 1769 4586 3336 4668">
    <p class='ocr_par' dir='ltr' id='par_1_93' title="bbox 1770 4586 3336 4668">
     <span class='ocr_line' id='line_1_93' title="bbox 1770 4586 3336 4668; baseline 0.005 -27"><span class='ocrx_word' id='word_1_741' title='bbox 1770 4586 2174 4645; x_wconf 84' lang='lat' dir='ltr'><strong>intermissione</strong></span> <span class='ocrx_word' id='word_1_742' title='bbox 2275 4590 2420 4645; x_wconf 86' lang='grc' dir='ltr'><strong>κατά</strong></span> <span class='ocrx_word' id='word_1_743' title='bbox 2449 4591 2543 4645; x_wconf 80' lang='grc' dir='ltr'><strong>τοῦ</strong></span> <span class='ocrx_word' id='word_1_744' title='bbox 2575 4592 2881 4663; x_wconf 86' lang='grc' dir='ltr'>κρείττονος</span> <span class='ocrx_word' id='word_1_745' title='bbox 2918 4594 3336 4668; x_wconf 85' lang='grc' dir='ltr'>συνεφώνησαν;</span> 
     </span>
    </p>
   </div>
   <div class='ocr_carea' id='block_1_94' title="bbox 598 4677 3724 4757">
    <p class='ocr_par' dir='ltr' id='par_1_94' title="bbox 598 4677 3724 4757">
     <span class='ocr_line' id='line_1_94' title="bbox 598 4677 3724 4757; baseline -0.001 -22"><span class='ocrx_word' id='word_1_746' title='bbox 598 4677 749 4735; x_wconf 71' lang='lat' dir='ltr'><strong>facta</strong></span> <span class='ocrx_word' id='word_1_747' title='bbox 779 4687 970 4735; x_wconf 89' lang='lat' dir='ltr'><strong>contra</strong></span> <span class='ocrx_word' id='word_1_748' title='bbox 1008 4694 1068 4736; x_wconf 90' lang='lat' dir='ltr'><strong>se</strong></span> <span class='ocrx_word' id='word_1_749' title='bbox 1105 4680 1471 4744; x_wconf 80' lang='lat' dir='ltr'><strong>insaniebant,</strong></span> <span class='ocrx_word' id='word_1_750' title='bbox 1525 4680 1800 4750; x_wconf 88' lang='lat' dir='ltr'><strong>quomodo</strong></span> <span class='ocrx_word' id='word_1_751' title='bbox 1831 4681 1888 4734; x_wconf 89' lang='lat' dir='ltr'><strong>in</strong></span> <span class='ocrx_word' id='word_1_752' title='bbox 1931 4681 2000 4735; x_wconf 90' lang='lat' dir='ltr'><strong>iis</strong></span> <span class='ocrx_word' id='word_1_753' title='bbox 2042 4695 2164 4751; x_wconf 65' lang='lat' dir='ltr'><strong>qua:</strong></span> <span class='ocrx_word' id='word_1_754' title='bbox 2200 4692 2397 4752; x_wconf 60' lang='lat' dir='ltr'><strong>prater</strong></span> <span class='ocrx_word' id='word_1_755' title='bbox 2426 4694 2677 4739; x_wconf 89' lang='lat' dir='ltr'><strong>naturam</strong></span> <span class='ocrx_word' id='word_1_756' title='bbox 2718 4695 2868 4751; x_wconf 89' lang='lat' dir='ltr'><strong>sunt,</strong></span> <span class='ocrx_word' id='word_1_757' title='bbox 2906 4687 2974 4741; x_wconf 89' lang='lat' dir='ltr'><strong>ad</strong></span> <span class='ocrx_word' id='word_1_758' title='bbox 3007 4689 3308 4745; x_wconf 86' lang='lat' dir='ltr'><strong>habendam</strong></span> <span class='ocrx_word' id='word_1_759' title='bbox 3363 4683 3645 4757; x_wconf 82' lang='lat' dir='ltr'><strong>cupiditatem</strong></span> <span class='ocrx_word' id='word_1_760' title='bbox 3688 4681 3724 4731; x_wconf 80' lang='lat' dir='ltr'><strong>cl</strong></span> 
     </span>
    </p>
   </div>
   <div class='ocr_carea' id='block_1_95' title="bbox 598 4770 2309 4829">
    <p class='ocr_par' dir='ltr' id='par_1_95' title="bbox 598 4770 2309 4829">
     <span class='ocr_line' id='line_1_95' title="bbox 598 4770 2309 4829; baseline 0.002 -3"><span class='ocrx_word' id='word_1_761' title='bbox 598 4771 669 4827; x_wconf 86' lang='lat' dir='ltr'><strong>ad</strong></span> <span class='ocrx_word' id='word_1_762' title='bbox 700 4770 1118 4827; x_wconf 91' lang='lat' dir='ltr'><strong>commotionem</strong></span> <span class='ocrx_word' id='word_1_763' title='bbox 1163 4771 1257 4826; x_wconf 78' lang='lat' dir='ltr'><strong>ira:</strong></span> <span class='ocrx_word' id='word_1_764' title='bbox 1297 4779 1489 4826; x_wconf 89' lang='lat' dir='ltr'><strong>contra</strong></span> <span class='ocrx_word' id='word_1_765' title='bbox 1538 4771 1708 4828; x_wconf 90' lang='lat' dir='ltr'><strong>Deum</strong></span> <span class='ocrx_word' id='word_1_766' title='bbox 1731 4774 2035 4829; x_wconf 87' lang='lat' dir='ltr'><strong>concordes</strong></span> <span class='ocrx_word' id='word_1_767' title='bbox 2085 4773 2309 4829; x_wconf 86' lang='lat' dir='ltr'><strong>fuerunt</strong></span> 
     </span>
    </p>
   </div>
   <div class='ocr_carea' id='block_1_96' title="bbox 672 4861 2239 4946">
    <p class='ocr_par' dir='ltr' id='par_1_96' title="bbox 672 4864 2165 4936">
     <span class='ocr_line' id='line_1_96' title="bbox 672 4864 2165 4936; baseline 0 -16"><span class='ocrx_word' id='word_1_768' title='bbox 672 4864 731 4920; x_wconf 87' lang='lat' dir='ltr'><strong>Si</strong></span> <span class='ocrx_word' id='word_1_769' title='bbox 758 4879 888 4921; x_wconf 83' lang='lat' dir='ltr'><strong>vero</strong></span> <span class='ocrx_word' id='word_1_770' title='bbox 928 4864 1071 4935; x_wconf 80' lang='lat' dir='ltr'><strong>juvit</strong></span> <span class='ocrx_word' id='word_1_771' title='bbox 1095 4872 1375 4935; x_wconf 86' lang='lat' dir='ltr'><strong>spectasse</strong></span> <span class='ocrx_word' id='word_1_772' title='bbox 1421 4865 1626 4931; x_wconf 89' lang='lat' dir='ltr'><strong>lumen,</strong></span> <span class='ocrx_word' id='word_1_773' title='bbox 1662 4880 1847 4921; x_wconf 90' lang='lat' dir='ltr'><strong>nonne</strong></span> <span class='ocrx_word' id='word_1_774' title='bbox 1877 4867 2165 4936; x_wconf 87' lang='lat' dir='ltr'><strong>oportebat</strong></span> 
     </span>
    </p>
   </div>
   <div class='ocr_carea' id='block_1_97' title="bbox 2154 4861 3721 4946">
    <p class='ocr_par' dir='ltr' id='par_1_97' title="bbox 2154 4861 3721 4946">
     <span class='ocr_line' id='line_1_97' title="bbox 2154 4861 3721 4946; baseline 0.003 -25"><span class='ocrx_word' id='word_1_775' title='bbox 2154 4875 2165 4921; x_wconf 76' lang='grc' dir='ltr'><strong>ι</strong></span> <span class='ocrx_word' id='word_1_776' title='bbox 2342 4870 2405 4923; x_wconf 84' lang='lat' dir='ltr'><strong>Ei</strong></span> <span class='ocrx_word' id='word_1_777' title='bbox 2436 4869 2493 4923; x_wconf 82' lang='grc' dir='ltr'>δὲ</span> <span class='ocrx_word' id='word_1_778' title='bbox 2531 4869 2739 4942; x_wconf 78' lang='grc' dir='ltr'>ὤνησεν</span> <span class='ocrx_word' id='word_1_779' title='bbox 2783 4874 2979 4937; x_wconf 78' lang='grc' dir='ltr'>αὐτοὺς</span> <span class='ocrx_word' id='word_1_780' title='bbox 3013 4876 3045 4946; x_wconf 83' lang='grc' dir='ltr'><strong>ἡ</strong></span> <span class='ocrx_word' id='word_1_781' title='bbox 3101 4874 3200 4929; x_wconf 83' lang='grc' dir='ltr'>θέα</span> <span class='ocrx_word' id='word_1_782' title='bbox 3234 4874 3321 4928; x_wconf 77' lang='grc' dir='ltr'>τοῦ</span> <span class='ocrx_word' id='word_1_783' title='bbox 3352 4872 3522 4944; x_wconf 82' lang='grc' dir='ltr'>φωτὸς.</span> <span class='ocrx_word' id='word_1_784' title='bbox 3547 4865 3629 4927; x_wconf 83' lang='grc' dir='ltr'><strong>πῶς</strong></span> <span class='ocrx_word' id='word_1_785' title='bbox 3654 4861 3721 4913; x_wconf 57' lang='grc' dir='ltr'><strong>οὒκ</strong></span> 
     </span>
    </p>
   </div>
   <div class='ocr_carea' id='block_1_98' title="bbox 596 4954 2163 5038">
    <p class='ocr_par' dir='ltr' id='par_1_98' title="bbox 596 4955 2162 5026">
     <span class='ocr_line' id='line_1_98' title="bbox 596 4955 2162 5026; baseline 0 -14"><span class='ocrx_word' id='word_1_786' title='bbox 596 4957 727 5013; x_wconf 90' lang='lat' dir='ltr'><strong>duci</strong></span> <span class='ocrx_word' id='word_1_787' title='bbox 753 4972 851 5014; x_wconf 91' lang='lat' dir='ltr'><strong>eos</strong></span> <span class='ocrx_word' id='word_1_788' title='bbox 876 4972 910 5011; x_wconf 91' lang='lat' dir='ltr'><strong>a</strong></span> <span class='ocrx_word' id='word_1_789' title='bbox 948 4956 1059 5014; x_wconf 89' lang='lat' dir='ltr'><strong>Deo</strong></span> <span class='ocrx_word' id='word_1_790' title='bbox 1100 4956 1170 5012; x_wconf 81' lang='lat' dir='ltr'><strong>ad</strong></span> <span class='ocrx_word' id='word_1_791' title='bbox 1217 4955 1509 5026; x_wconf 78' lang='lat' dir='ltr'><strong>perlectam</strong></span> <span class='ocrx_word' id='word_1_792' title='bbox 1538 4966 1749 5013; x_wconf 70' lang='lat' dir='ltr'><strong>naturae</strong></span> <span class='ocrx_word' id='word_1_793' title='bbox 1780 4960 2162 5024; x_wconf 88' lang='lat' dir='ltr'><strong>mutationem,</strong></span> 
     </span>
    </p>
   </div>
   <div class='ocr_carea' id='block_1_99' title="bbox 2153 4954 3720 5038">
    <p class='ocr_par' dir='ltr' id='par_1_99' title="bbox 2153 4954 3720 5038">
     <span class='ocr_line' id='line_1_99' title="bbox 2153 4954 3720 5038; baseline -0.008 -14"><span class='ocrx_word' id='word_1_794' title='bbox 2153 4999 2162 5024; x_wconf 76' lang='grc' dir='ltr'><strong>ι</strong></span> <span class='ocrx_word' id='word_1_795' title='bbox 2270 4960 2376 5016; x_wconf 73' lang='grc' dir='ltr'>ἔδει</span> <span class='ocrx_word' id='word_1_796' title='bbox 2402 4979 2466 5031; x_wconf 87' lang='grc' dir='ltr'><strong>γε</strong></span> <span class='ocrx_word' id='word_1_797' title='bbox 2490 4964 2625 5035; x_wconf 76' lang='grc' dir='ltr'>πρὸς</span> <span class='ocrx_word' id='word_1_798' title='bbox 2648 4963 2852 5031; x_wconf 81' lang='grc' dir='ltr'>ἀγαθοῦ</span> <span class='ocrx_word' id='word_1_799' title='bbox 2879 4965 3014 5038; x_wconf 85' lang='grc' dir='ltr'>πρὸς</span> <span class='ocrx_word' id='word_1_800' title='bbox 3029 4966 3237 5021; x_wconf 89' lang='grc' dir='ltr'>τελείαν</span> <span class='ocrx_word' id='word_1_801' title='bbox 3270 4965 3450 5027; x_wconf 74' lang='grc' dir='ltr'>αὐτοὺς</span> <span class='ocrx_word' id='word_1_802' title='bbox 3473 4962 3552 5031; x_wconf 79' lang='grc' dir='ltr'>τῆς</span> <span class='ocrx_word' id='word_1_803' title='bbox 3575 4954 3720 5025; x_wconf 68' lang='grc' dir='ltr'>φύεεως</span> 
     </span>
    </p>
   </div>
   <div class='ocr_carea' id='block_1_100' title="bbox 598 5039 2165 5130">
    <p class='ocr_par' dir='ltr' id='par_1_100' title="bbox 598 5048 2163 5121">
     <span class='ocr_line' id='line_1_100' title="bbox 598 5048 2163 5121; baseline 0.001 -17"><span class='ocrx_word' id='word_1_804' title='bbox 598 5048 841 5106; x_wconf 84' lang='lat' dir='ltr'><strong>adhibita</strong></span> <span class='ocrx_word' id='word_1_805' title='bbox 892 5049 1002 5106; x_wconf 88' lang='lat' dir='ltr'><strong>illis</strong></span> <span class='ocrx_word' id='word_1_806' title='bbox 1049 5050 1331 5105; x_wconf 82' lang='lat' dir='ltr'><strong>curatione</strong></span> <span class='ocrx_word' id='word_1_807' title='bbox 1379 5049 1446 5105; x_wconf 90' lang='lat' dir='ltr'><strong>ad</strong></span> <span class='ocrx_word' id='word_1_808' title='bbox 1484 5049 1775 5106; x_wconf 82' lang='lat' dir='ltr'><strong>fruendum</strong></span> <span class='ocrx_word' id='word_1_809' title='bbox 1823 5051 1942 5121; x_wconf 86' lang='lat' dir='ltr'><strong>ipso</strong></span> <span class='ocrx_word' id='word_1_810' title='bbox 1997 5051 2163 5115; x_wconf 92' lang='lat' dir='ltr'><strong>bono,</strong></span> 
     </span>
    </p>
   </div>
   <div class='ocr_carea' id='block_1_101' title="bbox 2153 5039 3720 5130">
    <p class='ocr_par' dir='ltr' id='par_1_101' title="bbox 2153 5039 3720 5130">
     <span class='ocr_line' id='line_1_101' title="bbox 2153 5039 3720 5130; baseline -0.015 -16"><span class='ocrx_word' id='word_1_811' title='bbox 2153 5090 2163 5114; x_wconf 77' lang='grc' dir='ltr'><strong>ι</strong></span> <span class='ocrx_word' id='word_1_812' title='bbox 2275 5054 2571 5125; x_wconf 77' lang='grc' dir='ltr'>μεταϐολὴν</span> <span class='ocrx_word' id='word_1_813' title='bbox 2605 5054 3047 5128; x_wconf 82' lang='grc' dir='ltr'>ξεναγωγηθῆναι</span> <span class='ocrx_word' id='word_1_814' title='bbox 3067 5062 3133 5130; x_wconf 75' lang='grc' dir='ltr'><strong>τῇ</strong></span> <span class='ocrx_word' id='word_1_815' title='bbox 3167 5059 3418 5130; x_wconf 81' lang='grc' dir='ltr'>ἐπιτροπῇ</span> <span class='ocrx_word' id='word_1_816' title='bbox 3448 5054 3530 5122; x_wconf 80' lang='grc' dir='ltr'>τῆς</span> <span class='ocrx_word' id='word_1_817' title='bbox 3551 5039 3720 5102; x_wconf 69' lang='grc' dir='ltr'>ἐντελοῦς</span> 
     </span>
    </p>
   </div>
   <div class='ocr_carea' id='block_1_102' title="bbox 598 5132 2165 5217">
    <p class='ocr_par' dir='ltr' id='par_1_102' title="bbox 598 5141 2164 5213">
     <span class='ocr_line' id='line_1_102' title="bbox 598 5141 2164 5213; baseline 0.001 -17"><span class='ocrx_word' id='word_1_818' title='bbox 598 5141 703 5197; x_wconf 83' lang='lat' dir='ltr'><strong>hoc</strong></span> <span class='ocrx_word' id='word_1_819' title='bbox 741 5148 857 5203; x_wconf 88' lang='lat' dir='ltr'><strong>est,</strong></span> <span class='ocrx_word' id='word_1_820' title='bbox 903 5141 1016 5197; x_wconf 86' lang='lat' dir='ltr'><strong>Deo</strong></span> <span class='ocrx_word' id='word_1_821' title='bbox 1070 5142 1345 5213; x_wconf 75' lang='lat' dir='ltr'><strong>perfecte?</strong></span> <span class='ocrx_word' id='word_1_822' title='bbox 1383 5142 1665 5210; x_wconf 86' lang='lat' dir='ltr'><strong>Quomodo</strong></span> <span class='ocrx_word' id='word_1_823' title='bbox 1700 5142 1840 5212; x_wconf 84' lang='lat' dir='ltr'><strong>juvit</strong></span> <span class='ocrx_word' id='word_1_824' title='bbox 1883 5151 2164 5213; x_wconf 83' lang='lat' dir='ltr'><strong>spectacu-</strong></span> 
     </span>
    </p>
   </div>
   <div class='ocr_carea' id='block_1_103' title="bbox 2152 5132 3719 5217">
    <p class='ocr_par' dir='ltr' id='par_1_103' title="bbox 2152 5132 3719 5217">
     <span class='ocr_line' id='line_1_103' title="bbox 2152 5132 3719 5217; baseline 0.008 -21"><span class='ocrx_word' id='word_1_825' title='bbox 2152 5173 2164 5184; x_wconf 91' lang='lat'><strong><em>-</em></strong></span> <span class='ocrx_word' id='word_1_826' title='bbox 2270 5145 2363 5198; x_wconf 81' lang='grc' dir='ltr'>τοῦ</span> <span class='ocrx_word' id='word_1_827' title='bbox 2400 5147 2706 5217; x_wconf 85' lang='grc' dir='ltr'>κρείττονος</span> <span class='ocrx_word' id='word_1_828' title='bbox 2749 5148 3132 5217; x_wconf 88' lang='grc' dir='ltr'>ἀπολαύσεως;</span> <span class='ocrx_word' id='word_1_829' title='bbox 3183 5150 3304 5214; x_wconf 85' lang='grc' dir='ltr'><strong>Πῶς</strong></span> <span class='ocrx_word' id='word_1_830' title='bbox 3331 5150 3383 5202; x_wconf 85' lang='grc' dir='ltr'>δὲ</span> <span class='ocrx_word' id='word_1_831' title='bbox 3423 5132 3719 5215; x_wconf 66' lang='grc' dir='ltr'><strong>ὠνησεονίὶΘὲἷί</strong></span> 
     </span>
    </p>
   </div>
   <div class='ocr_carea' id='block_1_104' title="bbox 598 5230 2165 5310">
    <p class='ocr_par' dir='ltr' id='par_1_104' title="bbox 598 5233 2165 5305">
     <span class='ocr_line' id='line_1_104' title="bbox 598 5233 2165 5305; baseline 0 -17"><span class='ocrx_word' id='word_1_832' title='bbox 598 5233 710 5288; x_wconf 89' lang='lat' dir='ltr'><strong>lum</strong></span> <span class='ocrx_word' id='word_1_833' title='bbox 735 5233 958 5289; x_wconf 85' lang='lat' dir='ltr'><strong>luminis</strong></span> <span class='ocrx_word' id='word_1_834' title='bbox 984 5233 1088 5290; x_wconf 86' lang='lat' dir='ltr'><strong>visi</strong></span> <span class='ocrx_word' id='word_1_835' title='bbox 1114 5233 1386 5305; x_wconf 73' lang='lat' dir='ltr'><strong>profectas</strong></span> <span class='ocrx_word' id='word_1_836' title='bbox 1415 5234 1480 5294; x_wconf 89' lang='lat' dir='ltr'><strong>ad</strong></span> <span class='ocrx_word' id='word_1_837' title='bbox 1514 5234 1821 5291; x_wconf 88' lang='lat' dir='ltr'><strong>bellandum</strong></span> <span class='ocrx_word' id='word_1_838' title='bbox 1844 5251 1969 5291; x_wconf 88' lang='lat' dir='ltr'><strong>cum</strong></span> <span class='ocrx_word' id='word_1_839' title='bbox 2009 5250 2165 5290; x_wconf 79' lang='lat' dir='ltr'><strong>exer-</strong></span> 
     </span>
    </p>
   </div>
   <div class='ocr_carea' id='block_1_105' title="bbox 2149 5230 3716 5310">
    <p class='ocr_par' dir='ltr' id='par_1_105' title="bbox 2149 5230 3716 5310">
     <span class='ocr_line' id='line_1_105' title="bbox 2149 5230 3716 5310; baseline 0.004 -23"><span class='ocrx_word' id='word_1_840' title='bbox 2149 5262 2168 5275; x_wconf 93' lang='lat'><strong>-</strong></span> <span class='ocrx_word' id='word_1_841' title='bbox 2268 5236 2362 5288; x_wconf 85' lang='grc' dir='ltr'>τοῦ</span> <span class='ocrx_word' id='word_1_842' title='bbox 2397 5237 2653 5305; x_wconf 80' lang='grc' dir='ltr'>φανέντος</span> <span class='ocrx_word' id='word_1_843' title='bbox 2679 5235 2855 5307; x_wconf 82' lang='grc' dir='ltr'>φωτὸς</span> <span class='ocrx_word' id='word_1_844' title='bbox 2884 5239 3378 5310; x_wconf 83' lang='grc' dir='ltr'>στρατευσαμένους</span> <span class='ocrx_word' id='word_1_845' title='bbox 3398 5278 3410 5301; x_wconf 87' lang='grc'><strong>,</strong></span> <span class='ocrx_word' id='word_1_846' title='bbox 3444 5231 3511 5297; x_wconf 75' lang='grc' dir='ltr'><strong>οἷς</strong></span> <span class='ocrx_word' id='word_1_847' title='bbox 3543 5230 3616 5299; x_wconf 66' lang='grc' dir='ltr'><strong>τὴν</strong></span> <span class='ocrx_word' id='word_1_848' title='bbox 3649 5237 3716 5293; x_wconf 61' lang='grc' dir='ltr'><strong>μδ·</strong></span> 
     </span>
    </p>
   </div>
   <div class='ocr_carea' id='block_1_106' title="bbox 594 5321 2161 5401">
    <p class='ocr_par' dir='ltr' id='par_1_106' title="bbox 594 5324 2161 5396">
     <span class='ocr_line' id='line_1_106' title="bbox 594 5324 2161 5396; baseline 0.001 -17"><span class='ocrx_word' id='word_1_849' title='bbox 594 5324 748 5392; x_wconf 90' lang='lat' dir='ltr'><strong>citu;</strong></span> <span class='ocrx_word' id='word_1_850' title='bbox 783 5325 982 5395; x_wconf 88' lang='lat' dir='ltr'><strong>quibus</strong></span> <span class='ocrx_word' id='word_1_851' title='bbox 1010 5325 1113 5379; x_wconf 89' lang='lat' dir='ltr'><strong>hoc</strong></span> <span class='ocrx_word' id='word_1_852' title='bbox 1148 5326 1326 5395; x_wconf 90' lang='lat' dir='ltr'><strong>ipsum</strong></span> <span class='ocrx_word' id='word_1_853' title='bbox 1372 5326 1552 5381; x_wconf 91' lang='lat' dir='ltr'><strong>lumen</strong></span> <span class='ocrx_word' id='word_1_854' title='bbox 1590 5342 1699 5381; x_wconf 92' lang='lat' dir='ltr'><strong>non</strong></span> <span class='ocrx_word' id='word_1_855' title='bbox 1745 5326 1993 5396; x_wconf 89' lang='lat' dir='ltr'><strong>permisit</strong></span> <span class='ocrx_word' id='word_1_856' title='bbox 2030 5342 2161 5381; x_wconf 90' lang='lat' dir='ltr'><strong>con-</strong></span> 
     </span>
    </p>
   </div>
   <div class='ocr_carea' id='block_1_107' title="bbox 2149 5321 3716 5401">
    <p class='ocr_par' dir='ltr' id='par_1_107' title="bbox 2149 5321 3716 5401">
     <span class='ocr_line' id='line_1_107' title="bbox 2149 5321 3716 5401; baseline -0.008 -23"><span class='ocrx_word' id='word_1_857' title='bbox 2149 5355 2163 5365; x_wconf 92' lang='lat'><strong><em>-</em></strong></span> <span class='ocrx_word' id='word_1_858' title='bbox 2268 5326 2384 5379; x_wconf 82' lang='grc' dir='ltr'>νὶαν</span> <span class='ocrx_word' id='word_1_859' title='bbox 2408 5328 2589 5380; x_wconf 77' lang='grc' dir='ltr'>οὐκέτι</span> <span class='ocrx_word' id='word_1_860' title='bbox 2617 5332 2736 5381; x_wconf 84' lang='grc' dir='ltr'>κατ’</span> <span class='ocrx_word' id='word_1_861' title='bbox 2767 5329 3009 5401; x_wconf 83' lang='grc' dir='ltr'>ἀλλήλων</span> <span class='ocrx_word' id='word_1_862' title='bbox 3026 5331 3246 5395; x_wconf 85' lang='grc' dir='ltr'>δεόντως</span> <span class='ocrx_word' id='word_1_863' title='bbox 3270 5331 3486 5400; x_wconf 82' lang='grc' dir='ltr'>ἐνεργεῖν</span> <span class='ocrx_word' id='word_1_864' title='bbox 3503 5321 3623 5376; x_wconf 78' lang='grc' dir='ltr'>τοῦτο</span> <span class='ocrx_word' id='word_1_865' title='bbox 3640 5330 3716 5366; x_wconf 78' lang='grc' dir='ltr'>σνν-</span> 
     </span>
    </p>
   </div>
   <div class='ocr_carea' id='block_1_108' title="bbox 596 5409 2163 5504">
    <p class='ocr_par' dir='ltr' id='par_1_108' title="bbox 596 5415 2159 5488">
     <span class='ocr_line' id='line_1_108' title="bbox 596 5415 2159 5488; baseline 0.001 -19"><span class='ocrx_word' id='word_1_866' title='bbox 596 5424 681 5469; x_wconf 84' lang='lat' dir='ltr'><strong>tra</strong></span> <span class='ocrx_word' id='word_1_867' title='bbox 733 5416 942 5486; x_wconf 88' lang='lat' dir='ltr'><strong>seipsos</strong></span> <span class='ocrx_word' id='word_1_868' title='bbox 975 5415 1212 5471; x_wconf 84' lang='lat' dir='ltr'><strong>furorem</strong></span> <span class='ocrx_word' id='word_1_869' title='bbox 1265 5416 1500 5486; x_wconf 88' lang='lat' dir='ltr'><strong>amplius</strong></span> <span class='ocrx_word' id='word_1_870' title='bbox 1537 5433 1812 5480; x_wconf 79' lang='lat' dir='ltr'><strong>exercere,</strong></span> <span class='ocrx_word' id='word_1_871' title='bbox 1844 5427 1904 5472; x_wconf 93' lang='lat' dir='ltr'><strong>ut</strong></span> <span class='ocrx_word' id='word_1_872' title='bbox 1942 5417 2159 5488; x_wconf 87' lang='lat' dir='ltr'><strong>quidem</strong></span> 
     </span>
    </p>
   </div>
   <div class='ocr_carea' id='block_1_109' title="bbox 2143 5409 3710 5504">
    <p class='ocr_par' dir='ltr' id='par_1_109' title="bbox 2143 5409 3710 5504">
     <span class='ocr_line' id='line_1_109' title="bbox 2143 5409 3710 5504; baseline -0.013 -22"><span class='ocrx_word' id='word_1_873' title='bbox 2143 5433 2159 5470; x_wconf 76' lang='grc' dir='ltr'><strong>ι</strong></span> <span class='ocrx_word' id='word_1_874' title='bbox 2266 5418 2545 5491; x_wconf 79' lang='grc' dir='ltr'>εχώρησε,</span> <span class='ocrx_word' id='word_1_875' title='bbox 2593 5422 2713 5475; x_wconf 80' lang='grc' dir='ltr'>καθ’</span> <span class='ocrx_word' id='word_1_876' title='bbox 2762 5423 2953 5477; x_wconf 79' lang='grc' dir='ltr'>ἑαυτοῦ</span> <span class='ocrx_word' id='word_1_877' title='bbox 2990 5424 3046 5477; x_wconf 80' lang='grc' dir='ltr'>δὲ</span> <span class='ocrx_word' id='word_1_878' title='bbox 3092 5425 3238 5496; x_wconf 87' lang='grc' dir='ltr'><strong>παρά</strong></span> <span class='ocrx_word' id='word_1_879' title='bbox 3293 5424 3348 5477; x_wconf 70' lang='grc' dir='ltr'>τὸ</span> <span class='ocrx_word' id='word_1_880' title='bbox 3390 5422 3495 5474; x_wconf 83' lang='grc' dir='ltr'>δέον</span> <span class='ocrx_word' id='word_1_881' title='bbox 3533 5409 3710 5504; x_wconf 56' lang='grc' dir='ltr'>ἔτρεψεξέ</span> 
     </span>
    </p>
   </div>
   <div class='ocr_carea' id='block_1_110' title="bbox 596 5503 2163 5584">
    <p class='ocr_par' dir='ltr' id='par_1_110' title="bbox 596 5509 2161 5581">
     <span class='ocr_line' id='line_1_110' title="bbox 596 5509 2161 5581; baseline 0.003 -23"><span class='ocrx_word' id='word_1_882' title='bbox 596 5520 850 5562; x_wconf 80' lang='lat' dir='ltr'><strong>exercere</strong></span> <span class='ocrx_word' id='word_1_883' title='bbox 893 5509 1216 5578; x_wconf 82' lang='lat' dir='ltr'><strong>Oportebat;</strong></span> <span class='ocrx_word' id='word_1_884' title='bbox 1265 5518 1457 5564; x_wconf 86' lang='lat' dir='ltr'><strong>contra</strong></span> <span class='ocrx_word' id='word_1_885' title='bbox 1495 5525 1554 5565; x_wconf 89' lang='lat' dir='ltr'><strong>se</strong></span> <span class='ocrx_word' id='word_1_886' title='bbox 1581 5526 1711 5565; x_wconf 84' lang='lat' dir='ltr'><strong>vero</strong></span> <span class='ocrx_word' id='word_1_887' title='bbox 1756 5511 1933 5580; x_wconf 87' lang='lat' dir='ltr'><strong>ipsum</strong></span> <span class='ocrx_word' id='word_1_888' title='bbox 1967 5520 2161 5581; x_wconf 64' lang='lat' dir='ltr'><strong>praeter</strong></span> 
     </span>
    </p>
   </div>
   <div class='ocr_carea' id='block_1_111' title="bbox 2146 5503 3713 5584">
    <p class='ocr_par' dir='ltr' id='par_1_111' title="bbox 2146 5503 3713 5584">
     <span class='ocr_line' id='line_1_111' title="bbox 2146 5503 3713 5584; baseline 0.003 -22"><span class='ocrx_word' id='word_1_889' title='bbox 2146 5527 2161 5563; x_wconf 72' lang='grc' dir='ltr'>ι·</span> <span class='ocrx_word' id='word_1_890' title='bbox 2280 5511 2436 5564; x_wconf 83' lang='grc' dir='ltr'>Ἀλλά</span> <span class='ocrx_word' id='word_1_891' title='bbox 2468 5513 2600 5565; x_wconf 79' lang='grc' dir='ltr'>πολὺ</span> <span class='ocrx_word' id='word_1_892' title='bbox 2640 5513 2738 5583; x_wconf 85' lang='grc' dir='ltr'>μὲν</span> <span class='ocrx_word' id='word_1_893' title='bbox 2773 5516 2830 5567; x_wconf 86' lang='grc' dir='ltr'><strong>ἐν</strong></span> <span class='ocrx_word' id='word_1_894' title='bbox 2853 5515 3060 5580; x_wconf 84' lang='grc' dir='ltr'>τούτοις</span> <span class='ocrx_word' id='word_1_895' title='bbox 3091 5519 3197 5579; x_wconf 80' lang='grc' dir='ltr'>τοῖς</span> <span class='ocrx_word' id='word_1_896' title='bbox 3229 5514 3480 5584; x_wconf 83' lang='grc' dir='ltr'>πλάσμασι</span> <span class='ocrx_word' id='word_1_897' title='bbox 3512 5505 3561 5559; x_wconf 76' lang='grc' dir='ltr'><strong>τὸ</strong></span> <span class='ocrx_word' id='word_1_898' title='bbox 3592 5503 3713 5569; x_wconf 47' lang='grc' dir='ltr'><strong>ΕΝ·</strong></span> 
     </span>
    </p>
   </div>
   <div class='ocr_carea' id='block_1_112' title="bbox 595 5586 2162 5678">
    <p class='ocr_par' dir='ltr' id='par_1_112' title="bbox 595 5598 2157 5671">
     <span class='ocr_line' id='line_1_112' title="bbox 595 5598 2157 5671; baseline 0.006 -25"><span class='ocrx_word' id='word_1_899' title='bbox 595 5608 758 5663; x_wconf 82' lang='lat' dir='ltr'><strong>quam</strong></span> <span class='ocrx_word' id='word_1_900' title='bbox 799 5598 1099 5665; x_wconf 80' lang='lat' dir='ltr'><strong>oportebat,</strong></span> <span class='ocrx_word' id='word_1_901' title='bbox 1154 5600 1435 5668; x_wconf 83' lang='lat' dir='ltr'><strong>permisit?</strong></span> <span class='ocrx_word' id='word_1_902' title='bbox 1488 5599 1686 5657; x_wconf 80' lang='lat' dir='ltr'><strong>Verum</strong></span> <span class='ocrx_word' id='word_1_903' title='bbox 1723 5601 1776 5656; x_wconf 89' lang='lat' dir='ltr'><strong>in</strong></span> <span class='ocrx_word' id='word_1_904' title='bbox 1825 5602 1909 5657; x_wconf 90' lang='lat' dir='ltr'><strong>his</strong></span> <span class='ocrx_word' id='word_1_905' title='bbox 1940 5602 2157 5671; x_wconf 87' lang='lat' dir='ltr'><strong>quidem</strong></span> 
     </span>
    </p>
   </div>
   <div class='ocr_carea' id='block_1_113' title="bbox 2148 5586 3715 5678">
    <p class='ocr_par' dir='ltr' id='par_1_113' title="bbox 2148 5586 3715 5678">
     <span class='ocr_line' id='line_1_113' title="bbox 2148 5586 3715 5678; baseline -0.015 -7"><span class='ocrx_word' id='word_1_906' title='bbox 2148 5620 2157 5655; x_wconf 82' lang='grc' dir='ltr'>ι</span> <span class='ocrx_word' id='word_1_907' title='bbox 2264 5602 2383 5668; x_wconf 79' lang='grc' dir='ltr'>δες·</span> <span class='ocrx_word' id='word_1_908' title='bbox 2421 5605 2593 5659; x_wconf 74' lang='grc' dir='ltr'>ταῦτα</span> <span class='ocrx_word' id='word_1_909' title='bbox 2628 5606 2683 5659; x_wconf 77' lang='grc' dir='ltr'>δὲ</span> <span class='ocrx_word' id='word_1_910' title='bbox 2714 5608 2805 5661; x_wconf 74' lang='grc' dir='ltr'>καὶ</span> <span class='ocrx_word' id='word_1_911' title='bbox 2834 5607 3004 5672; x_wconf 77' lang='grc' dir='ltr'>ἄλλως</span> <span class='ocrx_word' id='word_1_912' title='bbox 3046 5610 3386 5678; x_wconf 80' lang='grc' dir='ltr'>ἁσύγγνωστα</span> <span class='ocrx_word' id='word_1_913' title='bbox 3411 5598 3619 5671; x_wconf 83' lang='grc' dir='ltr'>δειχθείη.</span> <span class='ocrx_word' id='word_1_914' title='bbox 3643 5586 3715 5655; x_wconf 75' lang='grc' dir='ltr'><strong>Γῆν</strong></span> 
     </span>
    </p>
   </div>
  </div>
