1984 3457
143 91 157 118 Ι
162 91 215 119 093

693 91 877 119 ADVERSUS
894 89 1107 120 MANICHIEOS
1126 92 1190 120 LIB.
1214 93 1234 121 l.

1698 93 1766 121 1094

142 147 197 182 γὰρ
221 148 383 183 ὀνομάζουσι
402 148 448 175 τοῦ
464 148 583 183 ἀγαθοῦ·
605 149 683 175 ποίαν
703 149 731 175 δέ
748 149 850 184 ταύτην
872 150 915 184 arpi

976 151 1138 178 commentis
1169 150 1284 177 multum
1311 150 1480 177 deliramenti
1510 155 1568 182 est,
1601 158 1661 185 quae
1686 151 1766 178 aliter

141 193 192 227 τῆς
211 192 408 229 δημιουργίας;
437 194 625 230 Προλαμϐάνει
640 194 672 230 δὴ
692 196 757 230 παρ’
779 195 871 226 αὐτοῖς
891 194 926 220 τὰ

140 238 260 273 ὀνόματα
284 239 337 266 τῶν
364 240 534 274 πραγμάτων
558 240 608 275 τὴν
641 240 760 274 γένεσιν·
782 240 846 275 πρὶν
871 239 925 275 γὰρ

140 284 306 320 ὁμολογῆσαι
334 284 379 311 τὸν
406 285 472 312 Θεὸν
498 286 696 320 πεποιηκέναι,
724 285 797 319 λέγει
825 282 895 312 εἶναι
911 285 926 311 ὁ

140 330 321 365 χαλεπώτατα
334 332 429 367 μανεὶς
440 332 470 358 τὸ
484 333 597 368 μηδέπω
606 332 797 367 γεγενημένον.
810 331 849 367 Γῆ
859 331 924 367 γὰρ,

142 377 167 403 εἰ
185 377 233 412 μὲν
249 378 368 412 ἐγένετο,
383 376 433 414 ἦν·
448 379 472 405 εί
487 379 515 404 δὲ
532 378 569 414 μὴ
583 378 715 414 γενομένη
731 378 846 413 ὑπῆρχε,
861 384 924 404 συν-

141 423 271 459 αγένητος
284 422 318 459 ἦν
330 424 369 459 τῷ
382 424 450 460 Θεῷ.
465 425 519 460 Γῆς
535 425 562 451 δὲ
574 425 633 451 τίνα
644 423 738 460 χρείαν
752 423 808 459 ἔχει
823 425 837 450 ὸ
846 423 922 455 Θεὸς,

141 471 176 506 γῇ
190 470 227 506 μὴ
239 471 423 506 κεχρημένος;
439 471 633 506 Ἀναλογίστως
643 471 695 506 γῆν
704 470 771 496 Θεοῦ
784 469 922 505 ὀνομάζει,

141 517 204 551 πρὶν
217 516 318 552 ταύτην
335 518 421 544 εἰπεῖν
443 518 600 552 γεγονέναιο
615 517 674 544 οὐδὲ
690 517 744 551 γὰρ
768 514 822 543 οἷόν
837 524 866 542 τε
889 515 923 552 ἦν

140 563 194 599 πρὸ
207 563 385 600 δημιουργίας
402 564 570 600 μαρτυρῆσαι
586 563 672 600 ταύτῃ
689 563 719 589 τὸ
734 562 869 597 γενέσθαι.

980 196 1061 223 etiam
1077 196 1275 225 convincimus,
1305 202 1360 222 non
1383 203 1463 230 posse
1478 196 1627 223 condonari
1645 206 1651 223 :
1674 195 1764 223 nomi-

979 246 1045 269 nant
1059 242 1130 269 enim
1148 245 1248 271 terram
1263 241 1326 268 boni
1345 242 1354 276 (
1367 241 1394 268 id
1406 246 1456 275 est,
1474 241 1520 269 Dei
1535 242 1562 276 ;)
1578 242 1683 277 qualem
1700 248 1766 269 vero

978 292 1080 316 terram
1103 292 1164 315 ante
1188 286 1282 314 mundi
1308 287 1495 315 creationem?
1520 287 1598 323 Apud
1614 295 1661 315 eos
1689 287 1766 315 scili-

978 338 1023 361 cet
1043 338 1134 361 ortum
1155 340 1246 360 rerum
1263 333 1414 367 anticipant
1435 334 1544 360 nomina
1562 343 1569 360 :
1587 333 1664 368 prius
1689 333 1764 360 enitn

976 387 1059 415 quam
1075 379 1212 407 fateantur
1233 386 1341 406 creasse
1355 378 1439 407 Deum
1453 379 1594 412 mundum,
1618 379 1656 406 ait
1670 378 1765 405 absur-

976 426 1106 454 dissimus
1132 424 1314 457 Manichacus,
1339 433 1400 453 esse
1431 426 1504 460 quod
1519 425 1640 453 nondum
1662 424 1763 452 factum

975 475 1044 498 erat.
1069 469 1155 497 Terra
1177 478 1305 505 namque.
1329 470 1352 498 si
1374 471 1484 506 quidem
1509 470 1608 503 fuerat.
1624 475 1682 498 erat
1698 480 1705 497 :
1720 470 1764 497 sin

977 524 1041 544 vero
1056 524 1109 543 non
1127 520 1187 543 erat
1201 515 1282 547 facta.
1298 521 1358 544 erat
1371 517 1451 544 simul
1477 524 1539 544 cum
1560 516 1615 544 Deo
1631 516 1762 552 ingenita.

977 562 1045 595 Quid
1062 569 1126 589 vero
1141 569 1209 596 opus
1223 565 1283 588 erat
1298 561 1353 589 Deo
1367 565 1439 589 terra
1451 582 1458 594 ,
1475 570 1529 597 qua
1543 569 1599 589 non
1613 561 1663 589 fuit
1676 561 1763 589 usus?

140 608 194 636 Sed
220 610 264 637 hic
286 610 446 645 insipienter
468 615 569 637 terram
591 610 636 637 Dei
660 614 749 642 vocat,
774 614 921 644 antequam
940 609 1014 637 dicat
1030 609 1129 636 factam
1149 616 1208 636 esse
1228 618 1234 635 :
1253 616 1304 636 nec
1332 609 1407 636 enim
1434 613 1497 637 ante
1524 610 1690 637 creationem
1714 615 1763 644 po-

136 659 210 682 terat
222 656 410 683 testimonium
425 656 478 683 dici
496 657 528 683 de
543 660 616 683 terra
633 656 716 683 facta.

532 712 596 740 Cn.
619 712 689 739 XIX.
707 712 810 739 Malum
826 711 984 747 principium
1000 707 1086 736 videre
1099 708 1186 735 lumen
1208 717 1260 735 non
1280 709 1374 742 potuit.

175 773 290 800 Ἔπειτα
314 772 381 799 Θεοῦ
407 772 456 807 μὲν
480 771 537 799 ἐστι
561 771 619 807 φῶς
638 771 765 807 αἰσθητὸν
789 770 920 807 δημιούρ-

1010 767 1112 794 Deinde
1139 774 1154 793 a
1177 766 1232 793 Deo
1257 766 1365 801 quidem
1394 770 1516 794 creatum
1548 772 1590 795 est
1618 768 1707 797 lumen
1732 770 1760 799 in

136 827 223 854 γημα,
247 819 327 851 αὐτὸς
345 818 374 845 δὲ
393 818 450 853 φῶς
468 818 501 845 ἂν
517 819 560 853 εἴη
581 818 685 853 νοητὸν,
701 817 750 844 οὐκ
773 816 915 851 αἱσθητόν;

972 817 1112 848 aspectum
1134 812 1253 845 cadens;
1280 812 1338 846 ipse
1348 816 1437 839 autem
1456 812 1527 840 Deus
1549 815 1638 841 lumen
1654 819 1696 842 est
1716 816 1759 843 in-

137 864 212 892 Εἷδεν
226 863 273 892 οὖν
284 867 300 901 ἡ
313 865 406 896 κακία,
424 865 501 900 φησὶ,
516 864 546 891 τὸ
562 864 620 899 φῶς
631 863 678 890 τοῦ
695 862 808 898 ἀγαθοῦ.
825 863 856 889 Εἰ
870 862 920 898 μὲν

135 912 166 938 τὺ
181 911 308 946 αἰσθητὸν
335 912 403 946 φῶς,
420 910 496 937 οὔπω
523 910 635 945 κόσμος,
658 908 719 936 οὔτε
742 909 850 943 γένεσις
878 908 920 935 κό-

135 966 204 993 σμου
218 966 224 972 ⁸
254 957 311 989 πῶς
326 955 379 983 εἶδε
400 957 429 983 τὸ
444 956 555 992 μηδέπω
579 955 778 990 γεγενημένον;
800 953 847 980 τοῦ
866 954 919 990 γὰρ

133 1003 303 1039 κεχρημένου
322 1003 403 1039 μήπω
419 1003 596 1037 τυγχάνοντος
615 1001 770 1037 ἀνθρώπου,
786 1000 838 1027 τίνι
854 1001 920 1036 χρή-

135 1057 212 1084 σιμον
233 1047 267 1084 ἧν
287 1048 317 1075 τὸ
336 1048 411 1083 φῶς;
436 1048 552 1083 συγγενῆ
573 1047 626 1083 γὰρ
651 1047 689 1082 τῷ
711 1048 873 1083 κεχρημένῳ
886 1047 920 1073 τὰ

131 1095 256 1130 χρήσιμα
266 1103 272 1109 “
287 1094 317 1120 οὐ
331 1094 385 1130 γὰρ
399 1093 431 1129 δὴ
448 1093 506 1128 Θεῷ
521 1094 654 1129 χρήσιμον
670 1091 703 1128 ἦν
715 1092 920 1128 ἀπηλλαγμένῳ

131 1142 223 1176 πάσης
235 1140 367 1176 αἰσθητῆς
384 1140 537 1175 μετουσίας.
560 1140 592 1166 Εἰ
617 1139 645 1165 δὲ
670 1139 751 1165 αὑτὸν
779 1139 823 1165 τὸν
840 1139 918 1171 Θεὸν,

132 1188 216 1223 ὅσπερ
233 1187 291 1213 ἐστὶ
307 1186 400 1222 νοερὸν
417 1186 484 1220 φῶς,
507 1186 616 1217 πάντως
639 1185 791 1220 ὁμοιώματι
813 1185 920 1219 φύσεως

131 1231 183 1259 εἶδε
200 1233 230 1259 τὸ
247 1233 349 1269 ὅμοιον.
370 1233 490 1267 Ἀνάγκη
502 1232 589 1259 τοίνυν
611 1231 738 1267 αἰσθητὸν
763 1230 820 1265 φῶς
836 1231 919 1268 αὐτὴν

131 1279 298 1315 ἑωρακέναι·
320 1280 448 1315 αἰσθητὸν
463 1279 491 1305 δὲ
508 1278 559 1313 πρὸ
582 1278 636 1304 τῶν
651 1277 798 1313 αἰσθητῶν,
816 1277 863 1304 τοῦ
885 1277 920 1304 τί-

129 1335 174 1358 νος
193 1326 273 1361 χάριν
296 1326 413 1362 ὒπῆρχε.
435 1325 497 1356 Πῶς
513 1324 541 1351 δὲ
564 1325 637 1359 ὅμως
657 1323 751 1354 σκότος
772 1324 823 1359 ὁρᾷ
844 1323 918 1358 φῶς;

130 1373 162 1399 Εἰ
180 1372 234 1408 γὰρ
256 1372 385 1399 ἐθεάσατο
406 1370 473 1406 φῶς,
496 1370 546 1396 οὐκ
565 1369 598 1396 ἃν
620 1369 664 1404 εἴη
686 1369 796 1400 σκότος·
819 1369 919 1405 πολλὴν

130 1419 183 1454 γὰρ
196 1419 251 1454 ἔχει
267 1418 315 1454 τὴν
330 1417 471 1445 κοινωνίαν
482 1418 498 1453 ὴ
515 1416 640 1451 αἴσθησις
655 1415 724 1451 πρὸς
736 1416 767 1442 τὺ
780 1416 917 1450 αἰσθητόν.

129 1465 231 1500 Φυσικὴ
245 1464 299 1500 γὰρ
316 1465 332 1499 ὴ
348 1463 458 1499 ἐπιϐολὴ
470 1462 660 1498 δι’ὁμοιότητα
680 1462 730 1497 τῆς
744 1461 831 1496 ὂψεως
850 1461 919 1497 πρὸς

971 858 1111 894 telligibile
1127 866 1181 885 non
1197 858 1335 885 sensibile.
1352 857 1425 884 Vidit
1438 858 1529 893 igitur,
1544 858 1642 894 inquit,
1666 863 1761 897 nequi-

969 905 1007 932 tia
1024 905 1115 931 lumen
1132 903 1232 931 summi
1249 903 1322 931 boni.
1343 902 1371 930 Si
1383 904 1486 936 lumen,
1513 905 1585 940 quod
1599 906 1627 932 in
1647 914 1760 935 sensum

969 949 1052 980 cadit.
1067 949 1188 977 nondum
1200 954 1258 976 erat
1273 950 1401 982 mundus,
1419 958 1469 978 nec
1482 955 1560 979 ortus
1570 953 1676 984 mundi.
1689 961 1759 988 quo-

970 996 1052 1023 modo
1068 996 1152 1031 igitur
1166 995 1233 1023 vidit
1251 996 1324 1030 quod
1343 997 1465 1024 nondum
1487 997 1589 1025 factum
1608 1000 1687 1026 erat?
1712 1001 1758 1028 cui

969 1041 1043 1069 enim
1064 1041 1163 1068 fuisset
1185 1042 1258 1075 usui,
1279 1041 1399 1069 nondum
1426 1042 1535 1071 homine
1558 1045 1605 1079 qui
1623 1049 1758 1078 uteretur;

970 1087 1080 1114 creato?
1097 1087 1174 1115 utilia
1190 1088 1261 1115 enim
1278 1089 1366 1116 utenti
1381 1094 1495 1124 cognata
1515 1095 1598 1119 sunt:
1614 1099 1667 1119 non
1684 1093 1758 1120 enim

971 1134 1027 1162 Deo
1047 1134 1094 1169 qui
1108 1134 1142 1161 ab
1162 1134 1236 1161 omni
1256 1135 1464 1170 participatione
1485 1137 1579 1164 sensili
1606 1138 1676 1165 liber
1695 1143 1757 1170 est.

971 1181 1036 1208 utile
1045 1184 1113 1208 erat.
1129 1180 1156 1207 Si
1173 1185 1262 1208 autem
1289 1181 1379 1216 ipsum
1398 1181 1492 1213 Deum.
1512 1183 1585 1217 quod
1602 1187 1646 1211 est
1666 1184 1758 1211 lumen

971 1226 1152 1262 intelligibile,
1169 1227 1281 1254 omnino
1301 1226 1368 1254 vidit
1391 1227 1572 1256 similitudine
1595 1233 1700 1257 natura:
1720 1231 1760 1258 si.

970 1273 1047 1305 mile;
1065 1280 1177 1302 necesse
1197 1273 1280 1308 igitur
1299 1278 1359 1301 erat
1381 1277 1411 1300 ut
1429 1274 1488 1308 ipsa
1509 1274 1600 1302 lumen
1626 1276 1758 1303 sensibile

970 1318 1102 1352 vidisset;
1132 1319 1263 1346 sensibile
1284 1324 1374 1347 autem
1401 1328 1532 1355 quorsum
1559 1320 1666 1352 fuisset,
1685 1325 1712 1348 et
1730 1322 1758 1348 in

970 1372 1051 1400 quem
1071 1372 1151 1392 usum
1168 1368 1232 1391 ante
1259 1366 1399 1393 sensibilia
1426 1367 1537 1394 creata?
1561 1367 1669 1403 Alioqui
1689 1376 1758 1407 quof

970 1410 1051 1437 modo
1062 1410 1180 1438 tenebrm
1190 1410 1282 1437 vident
1294 1410 1406 1439 lumen?
1432 1411 1461 1438 Si
1485 1412 1558 1439 enim
1574 1413 1700 1443 viderunt
1716 1415 1758 1441 lu-

971 1463 1043 1488 men,
1059 1456 1185 1484 diabolus
1197 1464 1251 1483 non
1264 1461 1323 1484 erat
1334 1457 1472 1491 tcnebrm;
1488 1465 1613 1493 magnam
1629 1459 1700 1487 enim
1715 1468 1759 1488 so-

128 1510 159 1536 τὺ
176 1510 335 1545 φαινόμενον
345 1518 351 1524 ⁸
370 1509 467 1536 αὐτίκα
479 1508 671 1544 ἀναμὰσσεταιν
684 1508 743 1543 ἅμα
755 1507 850 1534 τούτου
870 1508 915 1534 τὸν

969 1502 1093 1529 cietatcm
1105 1506 1132 1529 et
1143 1502 1366 1537 conjunctionem
1382 1504 1463 1531 habet
1484 1512 1582 1533 sensus
1603 1513 1665 1533 cum
1691 1514 1756 1534 sen-

128 1556 288 1592 χαρακτῆρα
301 1556 344 1582 διὰ
365 1555 412 1591 τὴν
426 1555 536 1590 ἔννομον
556 1555 605 1590 τῆς
625 1554 733 1589 φύσεως
752 1554 894 1580 κοινωνίαν
906 1562 912 1568 ·

129 1603 207 1638 σῶμα
222 1603 271 1638 μὲν
290 1602 344 1637 γὰρ
367 1602 446 1637 σῶμα
462 1602 528 1637 ὁρᾷ·
544 1601 635 1636 ὅμοιον
654 1600 682 1626 δέ
695 1600 734 1634 τῷ
749 1599 834 1634 ὁμοίῳ
856 1600 916 1624 ἐπι-

129 1647 233 1679 ϐάλλει,
251 1648 299 1674 καὶ
312 1648 362 1674 οὐκ
380 1647 468 1674 ἔνεστι
489 1647 520 1672 τὸ
542 1648 665 1682 κρεῖττον
685 1646 733 1672 καὶ
746 1645 914 1680 ἁναϐεϐηκὺς

127 1695 160 1729 τῇ
179 1693 269 1728 φύσει,
287 1693 406 1726 καίτοιγε
426 1693 476 1718 οὐκ
493 1692 620 1723 ἐναντίως
637 1691 699 1726 ἔχον
718 1691 778 1726 (8⁸),
794 1690 862 1725 πλὴν
873 1690 913 1715 ὅτι

126 1747 159 1773 γε
185 1739 328 1774 ἀσώματον
352 1738 390 1773 τῷ
415 1737 608 1773 ὺποϐεϐηκότι,
636 1738 684 1764 ἅτε
710 1737 742 1772 δὴ
768 1735 915 1771 σωματικῷ

126 1785 239 1815 πάντως
254 1784 302 1819 οὐχ
312 1784 408 1820 ὁρατόν
417 1793 423 1799 ·
440 1784 493 1819 ἄρα
505 1792 537 1818 γε
551 1784 581 1810 τὸ
594 1784 714 1810 ἐναντίον
731 1782 769 1818 τῷ
791 1782 912 1817 ἐναντίῳ,

125 1830 186 1864 εἴγε
199 1830 283 1862 ἐστὶν,
296 1830 427 1865 ἀόρατον·
449 1830 546 1857 οὐκοῦν
565 1830 682 1864 συγγενιῖι
703 1829 750 1856 καὶ
773 1828 845 1864 φίλα,
867 1828 913 1855 καὶ

124 1875 251 1910 οὐδαμῶς
266 1875 384 1902 ἐναντία.

969 1548 1051 1576 sibili.
1064 1547 1202 1575 Naturalis
1223 1549 1296 1576 enim
1318 1549 1459 1592 conjectus
1479 1551 1622 1578 oculorum
1645 1557 1758 1588 propter

968 1594 1177 1621 similitudinem
1193 1599 1321 1629 aspectus
1335 1593 1397 1623 cuin
1411 1604 1441 1623 re
1457 1603 1517 1631 quae
1531 1596 1649 1629 videtur.
1663 1599 1756 1626 statim

968 1640 1096 1675 exprimit
1113 1639 1227 1675 ﬁguram
1254 1641 1314 1675 ejus
1335 1646 1446 1676 propter
1474 1643 1623 1678 legitimam
1652 1648 1756 1672 natura:

968 1688 1185 1715 communionem
1199 1695 1206 1719 ;
1233 1695 1334 1722 corpus
1349 1689 1421 1715 enim
1438 1696 1539 1723 corpus
1554 1690 1636 1717 videt.
1661 1689 1756 1718 Simile

968 1734 996 1760 in
1014 1734 1103 1760 simile
1118 1733 1235 1760 intendit
1249 1734 1351 1767 aciem;
1368 1742 1456 1769 neque
1472 1740 1589 1769 possunt
1611 1736 1684 1763 oculi
1704 1745 1754 1764 na—

967 1784 1034 1806 turae
1054 1778 1193 1805 inferioris
1208 1779 1281 1812 quod
1296 1782 1394 1805 natura
1415 1780 1590 1814 praestantius
1618 1784 1645 1808 et
1661 1782 1753 1809 excel-

966 1826 1066 1854 lentius
1084 1829 1126 1853 est
1139 1817 1247 1858 videre,‘
1269 1825 1369 1853 nedum
1388 1826 1461 1862 quod
1479 1831 1584 1855 natura:
1608 1828 1754 1854 contraria:

964 1872 1053 1901 est.Si
1067 1877 1169 1903 autem,
1180 1871 1252 1907 quod
1259 1876 1301 1899 est
1312 1877 1416 1900 naturae
1431 1872 1643 1906 cxcellentioris,
1652 1874 1753 1909 quippe

125 1930 189 1950 cum
204 1930 258 1950 non
276 1923 313 1951 sit
323 1922 500 1955 contrarium,
519 1926 697 1957 praeterquam
729 1922 931 1957 incorporeum,
952 1920 986 1947 ab
1002 1919 1133 1946 inferiore
1148 1923 1243 1954 utpote
1260 1926 1392 1954 corporeo
1408 1919 1520 1947 omnino
1538 1927 1593 1947 non
1606 1924 1696 1955 potest
1711 1920 1751 1946 vi-

125 1968 202 2001 deri;
219 1976 285 1996 sane
307 1969 475 1997 contrarium
499 1976 515 1996 a
539 1969 690 2000 contrario,
706 1968 730 1996 si
757 1967 838 1995 modo
862 1972 914 1999 est,
935 1966 1023 1994 videri
1057 1973 1111 1992 non
1139 1969 1240 2001 potest.
1265 1965 1335 1992 Sunt
1358 1965 1441 2001 igitur
1478 1965 1530 1993 ista
1557 1973 1617 2001 qua:
1647 1966 1752 1994 scilicet

122 2020 158 2040 se
182 2013 285 2046 vident,
310 2018 426 2048 cognata
455 2018 482 2040 et
502 2013 589 2040 amica
608 2017 635 2040 et
658 2020 832 2048 nequaquam
854 2012 1003 2040 contraria.

318 2070 381 2098 Car.
403 2070 461 2098 XX.
480 2069 597 2098 Materia
611 2078 643 2097 ex
658 2069 763 2097 Manete
779 2070 916 2098 ascendere
934 2073 1056 2096 conatur.
1070 2067 1191 2097 Materiw
1205 2077 1280 2096 amor
1289 2077 1352 2105 erga
1368 2069 1481 2097 sobolem
1496 2070 1555 2098 Dei.

167 2129 247 2156 Ἀλλὰ
268 2129 370 2164 πλῆρες
393 2129 503 2165 ὀλέθρου
528 2129 664 2165 βαρϐάρου
685 2129 716 2156 τὸ
732 2129 845 2165 πλάσμα
859 2129 906 2164 (9)·

997 2127 1050 2155 Sed
1068 2128 1177 2163 plenum
1196 2131 1238 2156 est
1257 2133 1442 2156 commentum
1461 2129 1580 2157 barbara
1603 2131 1723 2165 pernicie
1739 2141 1745 2158 :

126 2175 192 2211 φησὶ
208 2176 271 2209 γάρ·
290 2175 327 2201 Οὐ
346 2175 424 2209 μόνον
439 2173 507 2201 εἶδεν
523 2176 539 2210 ἡ
555 2174 616 2210 ὕλη,
634 2175 701 2202 ἀλλὰ
717 2175 765 2201 καὶ
781 2175 909 2210 ἐπιϐῆναι

125 2220 290 2250 ἐϐουλεύετο.
311 2220 404 2256 ὥσπερ
426 2220 485 2247 τινὰ
507 2221 622 2257 σπουδὴν
646 2221 786 2256 τιθέμενος
808 2221 910 2256 ταύτην

124 2267 164 2298 είς
177 2266 313 2298 ἀπόδειξιν
329 2266 379 2300 τῆς
399 2267 467 2301 πρὸς
483 2267 513 2293 τὸ
527 2268 584 2301 φῶς
600 2267 757 2299 κοινωνίας’
776 2267 845 2303 τάχα
863 2268 910 2294 καὶ

125 2311 297 2347 μετέγνωσαν
311 2312 334 2338 ot
352 2310 380 2343 ἐξ
397 2312 492 2346 αὐτῆς,
511 2312 551 2339 ὅτι
563 2313 592 2339 ἐν
605 2312 732 2344 ἀπλέτοις
751 2312 831 2339 αίῶσι
854 2314 909 2344 τοῖς

124 2356 304 2391 προλαϐοῦσιν
323 2357 465 2393 ἀπείρατοι
486 2358 654 2392 ἐγεγόνεισαν
675 2358 721 2384 τοῦ
740 2358 837 2392 φωτός.
854 2359 910 2385 Καὶ

122 2403 185 2430 τίνα
200 2403 297 2439 τρόπον
313 2404 407 2435 σκότος
425 2406 608 2439 μεταποιεῖται
630 2404 732 2438 φωτός;
747 2404 762 2440 ἢ
776 2404 848 2436 τίνος
861 2405 909 2440 χά-

124 2459 168 2485 ριν
184 2448 306 2475 ἐπελθεῖν
327 2449 413 2484 τούτῳ
436 2457 468 2483 γε
491 2449 630 2484 βούλεται;
653 2448 725 2485 *Αρά
751 2459 782 2484 γε
803 2450 847 2478 ἵνα
859 2450 909 2486 τὴν

122 2495 203 2530 φύσιν
218 2494 412 2530 μεταϐάληται,
431 2496 478 2522 καὶ
492 2495 603 2531 γένηται
624 2495 699 2529 φῶς;
720 2496 736 2531 ἢ
752 2496 796 2522 ἴνα
816 2496 909 2532 γράφῃ

122 2540 173 2575 (9⁸)
189 2541 258 2574 φωτὶ
274 2541 396 2567 ἐναντίαν
416 2541 466 2576 τῆς
481 2540 587 2574 φύσεως
601 2542 718 2577 τροφήν;
740 2541 809 2568 Ἀλλ’
827 2542 908 2576 ἀγνο-

120 2586 200 2619 οῦσα,
215 2586 341 2622 ἐπιϐῆναι
354 2586 443 2622 ἤθελε·
454 2586 551 2617 καίτοι,
569 2586 592 2612 εἰ
605 2586 653 2621 μὲν
667 2586 748 2621 ἔγνω,
762 2587 839 2622 λόγον
851 2584 908 2622 εἶχε

121 2632 153 2659 τὸ
170 2632 402 2668 μεταποιηθῆναι·
417 2631 499 2659 οὖσαν
516 2632 544 2659 δέ
560 2632 638 2666 φύσει
656 2633 754 2660 κακίαν
771 2634 817 2660 καὶ
831 2634 909 2667 ἀγνο-

158 2699 209 2735 (8‘)
228 2700 330 2734 Ἓχον.
357 2698 421 2727 Post
442 2699 511 2727 hanc
536 2707 630 2727 vocem
653 2685 749 2727 deesse
774 2700 801 2727 in
828 2703 907 2727 textu

123 2735 257 2762 nonnulla
276 2735 413 2762 videntur.

160 2771 198 2803 (9)
219 2770 312 2801 Ἀλλὰ
324 2772 375 2796 πεί.
392 2779 418 2796 κ.
428 2778 451 2796 τ.
463 2768 573 2796 λ.11ηηε
587 2770 675 2796 locum
691 2770 726 2796 ita
742 2769 829 2796 reddit
842 2771 907 2797 Bas-

125 2807 238 2841 nagius:
254 2805 366 2832 Barbari
381 2805 654 2840 ﬁgmentumpernicic
671 2805 830 2839 plenumest.
842 2804 903 2832 Bar-

961 2173 999 2199 ait
1015 2173 1098 2204 enim,
1124 2181 1179 2200 non
1202 2173 1291 2201 solum
1311 2173 1380 2200 vidit
1411 2174 1535 2206 materia.
1558 2175 1606 2202 sed
1629 2175 1748 2203 decrevit

960 2219 1106 2246 ascendere
1123 2223 1252 2254 tanquam
1268 2219 1390 2246 studium
1411 2220 1548 2254 quoddam
1568 2220 1702 2248 adhibens
1714 2221 1747 2248 ad

959 2265 1204 2293 demonstrandum
1219 2265 1320 2293 habere
1338 2273 1368 2293 se
1376 2267 1595 2295 communionem
1613 2270 1639 2294 et
1660 2268 1747 2295 soeie-

959 2316 1042 2339 tatem
1058 2319 1120 2339 cum
1137 2312 1257 2339 lumine:
1275 2311 1392 2340 fortasse
1415 2320 1463 2340 eos
1485 2313 1531 2348 qui
1556 2321 1587 2340 ex
1610 2313 1669 2348 ipsa
1690 2314 1746 2340 nati

959 2361 1034 2388 sunt,
1057 2356 1195 2391 paenituit,
1207 2357 1278 2392 quod
1301 2357 1416 2385 inlinitis
1435 2359 1541 2386 saeculis
1557 2359 1745 2393 superioribus

958 2411 1013 2430 non
1038 2402 1155 2430 fuissent
1176 2403 1280 2438 experti
1300 2403 1391 2431 lumen
1408 2413 1414 2431 :
1430 2407 1457 2431 et
1475 2404 1611 2439 quomodo
1629 2405 1746 2432 tenebue

959 2449 1116 2477 adsciscunt
1135 2453 1162 2476 et
1178 2449 1317 2477 vindicant
1341 2450 1392 2477 sibi
1408 2450 1521 2478 lumen?
1537 2455 1583 2477 aut
1601 2458 1743 2490 quorsum,

958 2499 986 2523 et
1000 2495 1027 2522 in
1045 2503 1124 2530 quem
1138 2503 1218 2523 usum
1234 2497 1329 2523 volunt
1350 2496 1468 2526 tenebra:
1490 2496 1620 2524 invadere
1634 2497 1744 2524 lumen?

960 2548 993 2568 an
1007 2545 1036 2568 ut
1058 2546 1183 2569 naturam
1202 2546 1307 2569 mutent
1320 2547 1347 2570 et
1367 2543 1519 2571 eliiciantur
1535 2543 1648 2570 lumen?
1661 2550 1695 2570 an
1713 2548 1742 2569 ut

959 2587 1118 2614 nutriantur
1132 2587 1246 2620 lumine,
1262 2587 1392 2615 alimento
1415 2592 1520 2615 naturae
1538 2588 1677 2615 contrario
1688 2589 1742 2616 ἳΔι

959 2632 1088 2667 ignorans
1109 2632 1195 2659 voluit
1215 2633 1372 2661 ascendere.
1391 2632 1496 2660 Etenim
1515 2634 1538 2661 si
1557 2634 1740 2671 cognovisset,

958 2699 1040 2760 lituus
1062 2699 1135 2726 enim
1152 2699 1208 2731 ille,
1226 2699 1323 2734 inquit,
1342 2700 1387 2735 qui
1401 2700 1464 2727 talia
1489 2700 1574 2733 ﬁnxit,
1590 2705 1631 2728 est
1648 2700 1739 2730 Manes

980 2741 1052 2760 ersa.

980 2741 1096 2806 Ἣ
1106 2769 1154 2795 ἵνα
1166 2778 1208 2804 γρ.
1220 2769 1259 2806 An
1272 2773 1302 2796 ut
1314 2770 1449 2806 imprimat
1467 2772 1621 2799 alimentum
1636 2776 1738 2800 Matutae

958 2805 1026 2832 lucis
1042 2805 1230 2832 contrarium?
1245 2805 1324 2832 mss.

236 3131 1464 3448 Ἰ
