4008 6208
565 263 585 315 l
599 255 704 316 095

1721 259 1860 327 ΤΠῚ
1900 257 2328 315 BOSTBENSIS
2367 254 2676 312 EPlSCOPl

3672 251 3827 310 1096

559 372 704 428 ratio
727 377 1005 426 constaret
1033 385 1134 425 cur
1182 371 1384 426 mutari
1415 371 1680 427 voluisset
1724 393 1736 428 :
1776 389 1922 429 nunc
1960 385 2140 430 autem

2245 373 2430 437 οὖσαν,
2455 373 2733 444 ἀνατροπὴ
2763 371 3030 442 παντελὴς
3053 369 3152 440 τῆς
3179 367 3492 432 ὖποθέσεως
3523 367 3584 421 τὸ
3618 369 3692 438 μὴ
3716 369 3830 423 καὶ

557 476 687 544 cum
719 472 913 516 natura
946 465 1016 514 stt
1038 461 1283 530 nequitia
1313 472 1367 516 et
1385 463 1664 534 ignorans,
1692 465 1902 535 integra
1931 465 2143 521 eversio

548 554 725 610 totius
743 553 822 608 rei
850 560 905 608 et
937 567 1119 609 cause
1140 562 1224 609 est
1241 570 1349 608 non
1382 554 1568 625 fugere
1585 569 1615 608 a
1645 557 1947 610 contrario.

627 642 783 710 Quod
827 650 1010 698 autem
1055 645 1230 715 magis
1273 659 1303 698 a
1348 645 1562 699 ratione
1604 659 1858 700 aversum
1913 653 2020 702 est.
2064 647 2141 700 ait

559 736 788 792 missam
823 735 1048 792 fuissea
1076 738 1223 792 bono
1253 745 1603 808 potestatem,
1646 753 1760 792 non
1797 737 1911 807 jam
1957 739 2137 792 lumen

548 828 838 892 sensibile.
874 828 970 884 sed
1001 829 1149 884 velut
1163 828 1392 888 diceret.
1419 828 1670 885 sobolem
1699 828 1811 882 Dei.
1837 827 1988 882 Hanc
2011 843 2138 882 cum

557 919 787 976 vidisset
817 919 1066 982 materia,
1091 919 1407 990 concupivit
1427 920 1646 990 quidem
1663 927 1924 990 tanquam
1947 935 2139 974 amans

557 1031 716 1081 eam;
753 1015 1016 1086 impetum
1044 1032 1181 1072 vero
1219 1016 1273 1070 in
1297 1031 1416 1070 eam
1462 1016 1592 1072 fecit
1631 1025 1684 1072 et
1724 1017 2031 1080 absorbuit,
2084 1024 2138 1071 et

549 1109 678 1163 suis
706 1108 1074 1179 potestatibus
1099 1107 1380 1164 distribuit
1405 1125 1419 1173 ;
1455 1123 1562 1178 qua
1583 1109 1670 1162 via
1706 1110 1823 1163 ﬁeri
1854 1123 1962 1164 non
1995 1117 2142 1180 pote-

559 1205 665 1261 rat,
696 1205 757 1252 ut
776 1197 984 1254 videret
1017 1199 1244 1254 missum
1264 1213 1331 1253 ex
1361 1205 1557 1252 natura
1577 1198 1741 1264 boni;
1775 1199 1896 1262 hoc,
1940 1200 2136 1267 inquit,

559 1287 813 1344 ell'ectum
873 1294 979 1353 est,
1023 1295 1089 1342 ut
1136 1287 1432 1342 absorbere
1482 1296 1668 1358 posset
1711 1289 1962 1342 missum.
2006 1286 2141 1343 Utar

559 1380 707 1434 enim
754 1379 932 1434 adhuc
962 1380 1198 1450 amplius
1227 1378 1415 1434 eodem
1445 1380 1634 1443 verbo,
1682 1381 1941 1450 quoniam
1975 1381 2020 1434 si
2057 1380 2139 1434 vel

559 1472 738 1527 solum
791 1471 944 1534 vidit,
997 1471 1235 1542 quodex
1278 1473 1584 1526 substantia
1628 1471 1720 1527 Dei
1772 1482 2133 1544 propagatum

553 1570 700 1626 erat,
733 1577 844 1616 non
873 1572 954 1617 est
984 1578 1121 1633 opus
1145 1563 1250 1616 alio
1273 1564 1529 1633 quapiam
1570 1565 1736 1619 verbo
1778 1565 1842 1619 ad
1889 1576 2132 1622 everten-

560 1651 688 1706 dum
711 1661 1098 1706 commentum.
1121 1649 1264 1706 Vidit
1297 1653 1442 1708 enim
1481 1655 1710 1707 omnino
1760 1663 2018 1726 tanquam
2062 1655 2138 1711 si-

560 1742 706 1798 milis
730 1743 925 1799 simile.
963 1743 1119 1808 Quod
1141 1744 1287 1798 enim
1316 1753 1400 1800 est
1444 1745 1661 1814 penitus
1704 1747 2003 1800 secundum
2040 1762 2139 1800 na-
2170 1731 2213 1786 Β

561 1841 736 1887 turam
754 1834 1110 1901 contrarium,
1145 1844 1198 1889 et
1242 1850 1452 1889 summe
1474 1837 1834 1900 contrarium,
1859 1852 2138 1908 nunquam

557 1921 744 1978 videre
766 1925 964 1994 poterit
985 1925 1342 1989 contrarium,
1366 1939 1466 1979 nec
1497 1927 1881 1998 propinquabit
1902 1929 1972 1993 ei,
2011 1929 2139 1999 quia

557 2015 608 2072 si
639 2015 723 2071 vel
759 2016 935 2070 solum
977 2017 1176 2081 videat,
1201 2017 1340 2071 ratio
1363 2020 1621 2072 contrarii
1650 2035 1878 2089 prorsus
1910 2023 2135 2075 tollitur.

2245 469 2437 535 φυγεῖν
2457 465 2519 518 τὸ
2540 463 2799 518 ἐναντίον.

2311 646 2385 699 Τὸ
2406 645 2462 700 δὲ
2490 645 2555 716 δὴ
2580 643 2762 716 μεῖζον
2781 644 2860 710 εἰς
2888 643 3132 712 ἀλογίαν,
3167 641 3566 696 ἀποσταλεῖσαν
3595 642 3833 712 δύναμιν

2239 739 2334 793 τοῦ
2362 739 2588 809 ἀγαθοῦ,
2619 738 2804 792 οὐκέτι
2845 738 2960 807 φῶς
2989 737 3245 809 αἰσθητόν
3263 754 3277 766 ·
3314 736 3430 790 ἀλλ’
3466 737 3543 800 ὡς
3571 736 3638 790 ἂν
3667 738 3828 803 φαίη,

2241 830 2509 903 προϐολὴν
2555 829 2649 882 τοῦ
2683 827 2818 882 Θεοῦ
2870 827 3202 898 θεασαμένη,
3257 829 3568 898 προσκισσᾷ
3620 827 3722 897 μὲν
3750 826 3832 888 ὡς

2240 921 2441 994 ἐρῶσα,
2467 921 2614 993 ὁρμᾷ
2644 919 2698 972 δὲ
2739 919 2832 972 καὶ
2874 918 3182 980 καταπίνει,
3212 919 3302 970 καὶ
3329 919 3446 979 ταῖς
3478 917 3638 979 ἰδίαις
3670 915 3830 968 δυνά-

2244 1030 2370 1082 μεσι
2391 1011 2633 1082 διανέμει
2657 1028 2670 1040 °
2766 1010 2821 1063 δὲ
2851 1010 2944 1063 καί
2971 1009 3268 1063 θεάσασθαι
3296 1009 3358 1062 τὸ
3389 1010 3454 1061 ὲκ
3479 1009 3580 1080 τῆς
3607 1007 3831 1076 φύσεως

2238 1105 2333 1159 τοῦ
2381 1103 2585 1174 ἀγαθοῦ
2629 1102 2877 1174 πεμφθὲν
2929 1102 3188 1156 ἀδύνατον
3235 1098 3325 1172 ἦν,
3367 1100 3544 1173 ταύτῃ
3600 1100 3831 1152 δυνατόν

2242 1215 2373 1267 φησι
2418 1195 2722 1265 γεγονέναι,
2777 1193 2872 1248 καὶ
2922 1197 3209 1246 καταπιεῖν
3266 1193 3441 1246 τοῦτο.
3484 1192 3612 1245 Ἐπὶ
3668 1191 3833 1244 πλέον

2241 1292 2349 1362 γὰρ
2378 1290 2456 1361 τῷ
2494 1289 2642 1360 αὑτῷ
2675 1292 2946 1361 χρήσομαι
2975 1288 3138 1358 λόγῳ,
3169 1287 3264 1350 ὡς,
3297 1287 3345 1339 εἰ
3380 1287 3473 1339 καὶ
3509 1287 3675 1356 μόνον
3723 1281 3832 1337 εἶδε

2239 1383 2302 1436 τὸ
2326 1385 2388 1436 ὲκ
2409 1383 2507 1452 τῆς
2530 1383 2716 1443 οὐσίας
2745 1379 2836 1432 τοῦ
2866 1380 3001 1433 Θεοῦ
3028 1379 3297 1453 προ6ε6λη
3307 1379 3484 1448 μένον,
3522 1377 3717 1448 ἑτέρου
3744 1394 3832 1428 τις

2243 1473 2329 1537 νὸς
2347 1475 2444 1526 οὐκ
2461 1474 2525 1526 ἂν
2541 1471 2767 1543 δεόμεθα
2787 1472 2898 1543 (l0)
2916 1472 3072 1541 λόγου
3091 1471 3225 1542 πρὸς
3246 1471 3556 1540 ἀνατροπὴν
3576 1469 3672 1522 τοῦ
3693 1469 3832 1521 πλα-

2245 1575 2480 1636 σματος¹⁸
2521 1559 2627 1616 εἶδε
2664 1564 2771 1635 γὰρ
2816 1565 3053 1628 πάντως,
3106 1563 3184 1626 ὡς
3220 1563 3380 1632 ὁμοία
3411 1563 3470 1614 τὸ
3500 1563 3710 1632 ὅμοιον.
3755 1560 3833 1614 Ti:

2242 1657 2351 1730 γὰρ
2383 1657 2558 1728 πάντη
2587 1657 2727 1709 κατὰ
2769 1655 2930 1724 φύσιν
2958 1655 3198 1707 ἐναντίον
3239 1656 3332 1707 καὶ
3367 1654 3505 1724 πρὸς
3539 1655 3720 1724 ἄκραν
3744 1655 3833 1706 ὲνο

2245 1749 2531 1819 αντιότητα
2565 1747 2896 1817 κεχωρηκὸς,
2929 1745 3039 1799 οὔτ’
3071 1745 3136 1800 ἂν
3179 1746 3277 1798 ἴδοι
3323 1747 3384 1798 τὸ
3417 1746 3691 1806 ἐναντίον,
3719 1744 3828 1796 οὔτ’

2248 1841 2313 1895 ἂν
2366 1839 2776 1910 προσεγγίσειεν
2822 1836 3004 1908 αὐτῷ’
3056 1837 3244 1907 ἐπειδὴ
3301 1836 3686 1908 διαφθείρεται
3732 1835 3830 1904 τῆς

2247 1931 2616 2000 ἐναντιότητος
2642 1931 2670 1981 ὁ
2701 1929 2858 1996 λόγος
2891 1927 3189 2002 παντελῶς.
3224 1930 3271 1980 εἰ
3300 1928 3390 1980 καὶ
3426 1927 3592 1997 μόνον
3633 1926 3757 1978 ίδοι.

1774 2131 1905 2190 CAP.
1946 2131 2089 2187 XXI.
2126 2133 2266 2190 Deus
2295 2129 2598 2186 invisibilis.

630 2219 744 2276 lloc
774 2230 952 2276 autem
987 2220 1138 2276 addit
1180 2222 1400 2278 caeteris
1443 2238 1564 2294 quae
1609 2223 1767 2290 dixit,
1822 2225 2134 2290 absurdius,

555 2323 611 2370 et
649 2329 835 2369 secum
869 2313 1480 2386 vehementerpugnans
1506 2335 1522 2382 ;
1545 2331 1613 2370 ne
1643 2331 1782 2387 Opus
1797 2317 1890 2379 sit,
1917 2325 1974 2370 ut
1995 2318 2138 2372 alius

551 2417 750 2462 contra
774 2421 898 2460 eum
927 2405 1092 2461 dicat.
1120 2406 1336 2461 Amavit
1363 2407 1532 2471 enim,
1567 2407 1765 2478 inquit,
1815 2417 2136 2478 potestatem

558 2499 706 2554 illam
729 2499 901 2553 visam
928 2506 1192 2569 tanquam
1211 2499 1379 2554 oblita
1405 2500 1624 2570 penitus
1649 2510 1855 2555 natura:
1875 2502 2134 2571 proprize:

558 2602 668 2642 non
692 2587 782 2640 illa
811 2585 1030 2658 quidem
1061 2587 1231 2642 oblita
1275 2595 1380 2651 est,
1411 2604 1533 2659 qua:
1573 2606 1684 2644 non
1729 2597 1849 2644 erat
1895 2610 1906 2644 :
1942 2579 2037 2645 sed
2082 2589 2136 2645 bi

556 2689 688 2737 sunt
751 2695 979 2735 suorum
1042 2688 1479 2734 commentorum
1538 2682 1922 2746 immemores;
1987 2681 2139 2735 aiunt

555 2771 731 2834 enim,
760 2775 1080 2841 priusquam
1116 2770 1232 2824 hare
1267 2771 1593 2825 seditionem
1613 2780 1874 2834 moveret,
1904 2787 2012 2826 non
2045 2775 2140 2825 ba-

2313 2223 2482 2276 Τοῦτο
2521 2221 2577 2274 δὲ
2619 2218 2938 2291 προστίθησι
2972 2218 3080 2272 τῶν
3115 2219 3424 2290 εἰρημένων
3471 2217 3832 2289 ἀτοπιὶιτερον

2243 2313 2480 2388 ἰσχυρῶς
2506 2312 2683 2383 ἑαυτῷ
2725 2313 3030 2383 μαχόμενος
3053 2327 3070 2344 ο
3101 2312 3186 2363 ἴνα
3221 2311 3407 2380 μηδεὶς
3438 2309 3637 2380 ἕτερος
3669 2311 3829 2381 δεηθῇ

2245 2410 2380 2481 πρὸς
2401 2406 2564 2460 αὐτὸν
2596 2408 2788 2460 εἰπεῖν.
2816 2405 2954 2475 Φησὶ
2977 2405 3116 2476 γάρο
3153 2403 3391 2475 Ἦράσθη
3429 2403 3536 2473 τῆς
3567 2405 3833 2474 φανείσης

2243 2503 2544 2573 δυνάμεως,
2579 2499 2767 2570 ῶσπερ
2811 2497 3161 2568 ὲπιλησθεῖσα
3207 2496 3483 2560 παντελῶς
3539 2497 3650 2567 τῆς
3703 2497 3833 2558 i634;

2244 2592 2456 2663 φύσεως
2480 2605 2493 2620 ⁸
2522 2589 2584 2643 οὔ
2619 2589 2718 2659 μὲν
2757 2587 2821 2660 δὴ
2862 2588 3044 2659 ἐκείνη
3073 2605 3137 2656 γε
3166 2590 3198 2658 ἡ
3231 2588 3304 2658 μὴ
3332 2585 3489 2653 οὖσα,
3693 2585 3832 2642 0w

2243 2701 2305 2754 γε
2347 2683 2454 2737 τῶν
2498 2681 2642 2735 ἰδίων
2673 2679 3006 2751 πλασμάτων
3027 2697 3040 2710 ο
3074 2682 3122 2733 εἰ
3155 2680 3261 2752 γὰρ
3289 2681 3419 2752 πρὶν
3449 2683 3831 2752 ἑπαναστῆναι

2241 2776 2445 2846 ταύτην
2473 2773 2606 2844 φασὶ
2645 2773 2846 2841 γνῶσιν
2885 2771 2980 2825 τοῦ
3013 2773 3220 2840 ἀγαθοῦ
3256 2775 3329 2844 μὴ
3376 2773 3706 2844 ἐσχηκέναι,
3752 2776 3834 2829 ἶνα

561 2862 748 2918 buisse
775 2861 1148 2932 cognitionem
1180 2861 1346 2926 boni;
1389 2877 1458 2916 ne
1482 2863 1798 2932 cognitione
1853 2863 1982 2917 boni
2037 2879 2135 2917 na-

2245 2869 2314 2940 μὴ
2347 2865 2696 2938 σεμνώσωσιν
2725 2862 2931 2932 ἀγαθοῦ
2965 2864 3162 2932 γνώσει
3209 2867 3308 2935 τὴν
3354 2867 3482 2936 παρ’
3519 2867 3700 2920 αὑτοῦ
3737 2867 3834 2936 φύ-

557 2963 743 3008 turam
770 2953 838 3007 ab
876 2952 998 3022 ipso
1045 2961 1361 3008 accusatam
1412 2963 1627 3009 ornent.
1671 2952 1861 3010 Nonne
1899 2955 2138 3010 amentia

555 3053 668 3109 est,
697 3051 889 3115 putare
910 3056 1029 3097 eam
1060 3059 1183 3114 quae
1210 3043 1266 3097 in
1294 3059 1354 3100 se
1394 3059 1505 3098 non
1561 3043 1725 3101 habet
1754 3045 1896 3100 unde
1938 3059 2143 3116 cogno-

557 3145 680 3191 scat
702 3149 826 3190 esse
863 3135 1087 3202 bonum,
1121 3135 1366 3206 potuisse
1389 3135 1595 3200 videre,
1649 3144 1706 3191 et
1737 3144 2026 3207 postquam
2056 3137 2140 3190 vi-

559 3224 660 3286 dit,
685 3223 1068 3279 desiderasse?
1091 3225 1250 3295 longe
1276 3224 1420 3279 enim
1451 3224 1629 3294 majus
1656 3233 1743 3281 est
1774 3226 2140 3282 substantiam

556 3322 782 3386 aspectu
811 3316 1018 3378 videre,
1051 3331 1214 3386 quam
1247 3331 1582 3388 cognoscere
1603 3333 1746 3374 esse.
1771 3317 2011 3374 Primum
2032 3336 2140 3376 non

553 3409 738 3464 solum
770 3424 894 3472 nos,
926 3409 1022 3464 sed
1058 3415 1356 3480 potestates
1401 3409 1660 3480 angelica
1699 3411 2138 3477 excellentiores,

563 3515 692 3556 esse
734 3500 957 3571 quidem
1008 3502 1212 3555 bonum
1258 3502 1664 3572 cognoscimus,
1721 3517 1785 3556 ac
1829 3505 2142 3575 cognitione

553 3593 677 3648 sola
709 3591 777 3646 ad
799 3593 1056 3663 pietatem
1084 3593 1138 3646 in
1164 3591 1333 3648 Deum
1359 3594 1557 3646 alimur
1585 3611 1600 3660 ;
1623 3602 1776 3649 tanto
1808 3611 1940 3650 vero
1959 3600 2142 3653 excel-

562 3685 763 3741 lentius
786 3685 986 3757 angeli,
1020 3697 1226 3756 quanto
1261 3695 1457 3740 natura
1502 3694 1632 3741 sunt
1674 3688 2135 3745 excellentiores:

558 3775 745 3830 videre
767 3782 949 3830 autem
979 3777 1343 3830 substantiam
1364 3775 1457 3830 Dei
1488 3792 1665 3847 neque
1695 3777 1875 3841 nobis,
1899 3795 1999 3834 nec
2033 3781 2139 3835 illis

555 3864 724 3919 licet:
754 3864 1023 3934 siquidem
1047 3881 1148 3921 nos
1177 3865 1419 3936 quandiu
1457 3881 1660 3937 corpus
1695 3866 1996 3922 secundum
2041 3884 2140 3923 na-

559 3965 738 4009 turam
764 3955 940 4010 induti
974 3969 1188 4022 sumus,
1213 3972 1314 4012 nec
1347 3958 1570 4028 angelos
1600 3957 1749 4028 ipsos
1794 3958 1979 4014 videre
2013 3976 2139 4031 pos-

557 4057 775 4098 sumus.

633 4133 980 4190 Manifestum
1004 4136 1150 4192 enim
1189 4144 1274 4190 est
1302 4145 1415 4207 etp
1439 4153 1538 4192 aue
1569 4153 1914 4205 concessum,
1945 4141 2037 4212 qui
2063 4142 2140 4196 vi-

556 4225 652 4282 det
688 4227 868 4283 simile
890 4227 995 4283 sibi
1026 4227 1231 4282 videre.
1279 4228 1337 4282 Si
1363 4230 1485 4298 quis
1526 4245 1654 4285 vero
1683 4232 1958 4289 existimet
1985 4235 2136 4288 futile
2167 4226 2211 4280 1)

563 4333 688 4375 esse
717 4319 861 4389 quod
906 4319 1183 4387 dicimus;
1234 4319 1482 4375 videmus
1523 4323 1669 4377 enim
1711 4325 1904 4388 solem,
1951 4326 2133 4380 lunam

558 4418 621 4465 et
647 4409 856 4471 stellas,
892 4418 1156 4478 praeterea
1189 4411 1330 4479 apud
1369 4425 1471 4465 nos
1515 4411 1744 4482 lapides,
1794 4428 2009 4478 aurum,
2047 4431 2136 4468 ar-

556 4511 808 4573 gentum,
857 4499 1092 4572 denique
1139 4517 1288 4556 mare
1337 4503 1514 4572 ipsum
1551 4511 1607 4559 et
1635 4505 1817 4559 omnia
1859 4506 2132 4569 animalia,

560 4607 626 4648 ac
673 4593 825 4648 nullo
861 4601 1020 4662 pacto
1058 4593 1145 4650 his
1188 4595 1398 4650 similes
1438 4612 1664 4663 sumus;
1723 4599 1970 4653 advertat
2011 4600 2133 4663 iste,

552 4685 704 4758 quod
735 4685 840 4740 etsi
863 4700 1052 4740 eorum
1073 4701 1196 4756 qua:
1226 4690 1688 4754 enumeravimus,
1731 4689 1960 4746 diversa:
2007 4707 2134 4760 spe~

551 4778 674 4832 cies
697 4777 843 4843 sint;
910 4785 966 4831 at
1031 4778 1226 4833 borum
1291 4780 1537 4833 omnium
1596 4796 1768 4851 genus
1819 4798 2135 4852 supremum

551 4885 763 4940 corpus
795 4877 898 4925 est.
948 4869 1270 4928 Substantia
1305 4887 1541 4943 namque
1577 4875 1774 4943 partim
1828 4876 2137 4945 inaspecta-

559 4964 688 5018 bilis
721 4957 825 5027 est,
887 4973 946 5018 ut
993 4965 1347 5034 incorporea;
1396 4967 1594 5036 partim
1651 4969 2027 5037 aspectabilis,
2078 4980 2136 5025 ut

551 5067 782 5123 corpus.
813 5051 996 5107 Prima
1044 5054 1206 5124 igitur
1235 5055 1461 5124 partitio
1505 5055 1690 5114 omnia
1727 5058 1840 5112 haec
1874 5066 2134 5128 tanquam

551 5161 730 5215 genus
756 5154 974 5215 separat
1015 5153 1069 5199 et
1115 5145 1424 5218 distinguit.
1476 5148 1656 5212 Quare
1689 5163 1890 5219 corpus
1931 5165 2133 5220 corpus

559 5237 748 5303 videt;
786 5245 840 5292 et
865 5253 1138 5308 quatenus
1159 5255 1382 5311 corpus,
1420 5243 1598 5298 simile
1626 5250 1680 5298 et
1725 5252 2016 5314 cognatum
2052 5254 2136 5300 est

555 5329 748 5384 videns
782 5330 921 5395 viso,
963 5333 1214 5402 quamvis
1261 5335 1366 5388 sint
1413 5334 1644 5390 diversae
1690 5335 1883 5390 horum
1922 5339 2133 5406 species

555 5431 779 5489 propter
805 5424 1124 5480 varietatem
1154 5433 1209 5481 et
1230 5435 1486 5480 ornatum
1521 5427 1789 5483 universi.

626 5511 936 5571 Ridiculum
964 5518 1110 5573 enim
1139 5526 1307 5584 esset,
1338 5519 1384 5572 si
1416 5519 1544 5590 quia
1572 5518 1671 5574 llos
1701 5521 2131 5590 pulcherrimum

627 5625 743 5696 (l0)
771 5626 931 5685 Forte
959 5629 1208 5702 δεοίμεθα
1241 5632 1326 5688 vcl
1356 5633 1525 5704 δεώμ.
1560 5633 1718 5690 Emr.

2243 2976 2328 3012 σιν
2353 2959 2779 3031 διαόεσλημένην
2801 2976 2814 2989 ·
2850 2958 2968 3022 πῶς
3003 2959 3102 3011 οὐκ
3130 2956 3322 3026 ἄλογον
3363 2959 3464 3030 τὴν
3495 2959 3575 3031 μὴ
3599 2960 3832 3030 ἔχουσαν

2243 3054 2302 3105 ὲν
2347 3053 2484 3124 αὐτῇ
2529 3054 2588 3106 τὸ
2640 3051 2857 3114 εἰδέναι,
2893 3053 2975 3105 ὅτι
3019 3051 3136 3104 ἔστι
3180 3051 3436 3120 τάγαθὸν,
3478 3054 3699 3126 ταύτην
3745 3058 3832 3109 καὶ

2246 3144 2372 3198 ἰδεῖν
2392 3145 2704 3216 δυνηθῆναι,
2730 3145 2824 3199 καὶ
2857 3144 3202 3214 θεασαμένην
3226 3145 3606 3216 ὲπιθυμῆσαι;
3643 3149 3833 3217 [utimr

2242 3236 2352 3305 γὰρ
2390 3235 2736 3307 ἀσυγκρίτως
2774 3233 2868 3287 τοῦ
2902 3234 3126 3303 γνῶναι,
3157 3235 3240 3287 ὅτι
3277 3234 3392 3287 ἐστι
3429 3237 3493 3288 τὸ
3523 3237 3829 3292 θεάσασθαι

2241 3327 2360 3397 ὓᾲει
2389 3327 2485 3398 τὴν
2508 3328 2716 3381 οὐσίαν.
2763 3327 2972 3382 Αὐτίκα
3013 3328 3111 3398 οὐχ
3153 3331 3313 3398 ἡμεῖς
3345 3329 3531 3398 μόνον,
3571 3330 3718 3384 ἀλλὰ
3743 3336 3831 3386 καὶ

2241 3419 2349 3471 τῶν
2369 3418 2615 3487 ἀγγέλων
2643 3420 2698 3470 αἰ
2734 3417 3121 3490 ἀναϐεϐηκυῖαι
3158 3419 3435 3490 δυνάμεις,
3469 3422 3556 3473 ὅτι
3589 3423 3693 3492 μὲν
3717 3424 3827 3476 ἐστι

2240 3509 2495 3578 τάγαθὸν,
2529 3507 2888 3580 γινώσκομεν,
2924 3513 2988 3580 τῇ
3021 3509 3217 3578 γνώσει
3257 3511 3350 3562 καὶ
3394 3511 3537 3585 μόνῃ
3565 3514 3706 3584 πρὸς
3731 3517 3825 3585 τὴν

2239 3601 2520 3654 εὐσέϐειαν
2563 3599 2904 3671 τρεφόμενοι,
2942 3600 3187 3668 ἀγγέλων
3232 3599 3432 3672 δηλαδὴ
3487 3603 3826 3674 ἁναὸεὸηκό-

2238 3712 2347 3747 των
2373 3693 2516 3748 κατὰ
2541 3694 2640 3766 τὴν
2680 3694 2902 3763 γνῶσιν,
2945 3693 3070 3746 ὅσον
3099 3693 3192 3746 καὶ
3228 3694 3368 3747 κατά
3409 3694 3574 3762 φύσιν
3595 3713 3609 3726 ο
3637 3697 3739 3749 τοῦ
3773 3697 3823 3749 δὲ

2237 3785 2370 3838 Θεὸν
2403 3786 2524 3840 κατ’
2547 3785 2736 3840 οὐσίαν
2757 3785 2906 3846 ἰδεῖν,
2931 3783 3042 3837 οὔθ’
3068 3787 3199 3854 ἡμῖν
3231 3784 3343 3838 οὗθ’
3373 3787 3611 3850 ἐκείνοις
3636 3789 3816 3858 μετόν”

2232 3879 2370 3932 ὅπου
2398 3880 2529 3950 ἡμῖν
2555 3879 2664 3932 οὐδ’
2702 3879 2963 3948 ἀγγέλους
2997 3878 3211 3942 αὐτοὺς,
3246 3881 3302 3931 ὲν
3327 3881 3438 3951 ὅσῳ
3469 3881 3531 3933 τὸ
3553 3883 3699 3936 κατὰ
3725 3883 3822 3952 φύ-

2240 3990 2324 4026 σιν
2349 3971 2707 4044 περικείμεθα
2737 3971 2916 4040 σῶμα,
2952 3969 3178 4023 δυνατὸν
3205 3970 3352 4026 ἰδεῖν.

2309 4149 2478 4220 Δῆλον
2509 4150 2619 4221 γὰρ
2652 4151 2747 4205 καὶ
2774 4152 2957 4220 σαφῶς
2983 4149 3417 4222 ὁμολογούμενον,
3448 4148 3520 4212 ὡς
3546 4149 3576 4200 ὁ
3601 4149 3658 4201 τὶ
3691 4149 3820 4218 βλέ-

2239 4261 2378 4305 πων,
2401 4243 2586 4314 ὅμοιον
2610 4244 2785 4316 ἑαυτῷ
2823 4244 2902 4306 ὃν,
2930 4242 3088 4296 τοῦτο
3121 4243 3324 4313 βλέπει.
3348 4243 3405 4295 Εἰ
3429 4241 3484 4294 δέ
3520 4258 3605 4305 τις
3636 4242 3817 4296 ἀπαιο

2237 4337 2438 4401 δεύτως
2481 4336 2690 4408 οἰηθείη
2735 4337 2932 4408 σαθρὸν
2959 4337 3101 4390 εἶναι
3149 4337 3210 4389 τὸ
3259 4335 3415 4409 ῥηθὲν
3443 4333 3819 4407 (ὲμὸλέπομεν

2237 4429 2345 4503 γὰρ
2372 4431 2521 4500 ἥλιον
2546 4431 2640 4483 καὶ
2674 4429 2900 4501 σελήνην
2926 4431 3018 4482 καὶ
3039 4429 3292 4502 ἀστέρας,
3316 4430 3396 4482 ἔτι
3427 4427 3530 4498 μὴν
3557 4428 3647 4496 ὑφ’
3673 4430 3817 4499 ἡμᾶς

2236 4522 2435 4586 λίθους,
2465 4522 2662 4592 χρυσόν
2699 4539 2758 4574 τε
2793 4523 2886 4576 καὶ
2923 4521 3182 4594 ἄργυρον,
3216 4524 3311 4575 καὶ
3348 4522 3585 4584 συνόλως
3620 4524 3720 4595 τήν
3760 4538 3812 4573 τε

2239 4611 2514 4667 θάλασσαν
2545 4615 2637 4666 καὶ
2668 4613 2735 4666 τὰ
2770 4614 2885 4678 ζῶα
2925 4614 3235 4684 σύμπαντα,
3269 4614 3364 4667 καὶ
3392 4614 3454 4665 οὐ
3487 4613 3661 4684 δήπου
3695 4613 3810 4666 τοὺο

2235 4723 2346 4768 τοις
2379 4704 2552 4775 ὅμοιοί
2586 4704 2793 4775 ἐσμεν),
2836 4705 3171 4776 μανθανέτω,
3212 4704 3309 4769 ὡς,
3349 4706 3398 4756 εἰ
3446 4705 3542 4757 καὶ
3593 4705 3810 4774 διάφορα

2237 4795 2303 4848 τά
2332 4795 2448 4865 εἴδη
2480 4794 2588 4847 τῶν
2614 4794 3131 4865 κατηριθμημένων,
3163 4793 3299 4846 ἀλλά
3319 4810 3383 4860 γε
3416 4793 3624 4846 τούτων
3651 4795 3810 4846 ἁπαι-

2235 4901 2344 4936 των
2372 4883 2706 4955 ἀναὸεϐηκὸς
2731 4884 2886 4952 γένος
2911 4885 2972 4936 τὸ
3012 4883 3169 4954 σῶμα
3194 4901 3207 4912 ³
3252 4884 3349 4954 τῆς
3385 4885 3498 4954 γὰρ
3537 4884 3725 4946 οὐσίας
3760 4886 3809 4932 τῇ

2239 4977 2336 5046 μὲν
2370 4977 2621 5048 ἀόρατον,
2659 4977 2734 5039 ὡς
2763 4975 3078 5047 ἀσώματον,
3111 4977 3172 5028 τὸ
3200 4977 3256 5029 δὲ
3293 4978 3517 5048 ὁρατὸν,
3539 4979 3616 5041 ὡς
3639 4977 3806 5048 σῶμα.

2248 5069 2312 5122 Ἦ
2347 5069 2525 5121 τοίνυν
2585 5067 2774 5141 πρώτη
2821 5070 2961 5140 τομὴ
3014 5070 3191 5123 πάντα
3238 5071 3411 5123 ταῦτα
3461 5067 3537 5135 ῶς
3573 5072 3640 5125 ἂν
3667 5072 3806 5140 γένος

2234 5161 2516 5233 ἀφορίζει·
2575 5161 2733 5233 σῶμα
2767 5163 2966 5227 τοίνυν,
3023 5163 3183 5234 σῶμα
3241 5164 3466 5234 βλέπει·
3532 5166 3631 5218 καὶ
3690 5163 3806 5216 καθὸ

2237 5253 2414 5325 σῶμα,
2443 5254 2626 5323 ὅμοιον
2661 5256 2755 5308 καὶ
2783 5257 3042 5324 συγγενὲς
3063 5257 3124 5308 τὸ
3155 5256 3296 5326 ὁρῶν
3339 5256 3416 5326 τῷ
3458 5257 3741 5328 δρωμένῳ,
3765 5255 3806 5303 εί

2235 5342 2327 5394 καὶ
2361 5342 2592 5413 διάφορα
2623 5343 2826 5396 τούτων
2869 5344 2939 5399 τὰ
2968 5344 3083 5415 εἴδη
3109 5345 3197 5398 διὰ
3225 5347 3286 5399 τὸ
3321 5347 3568 5400 ποικίλον
3604 5348 3697 5402 καὶ
3727 5345 3802 5396 κά-

2236 5448 2393 5503 σμιον
2426 5433 2503 5503 τῷ
2533 5437 2715 5490 παντί.

2320 5525 2470 5578 Ἐπεί
2490 5543 2570 5581 τοι
2596 5527 2767 5596 γέλως
2797 5528 2861 5582 ἂν
2893 5530 2976 5602 εἴη
3004 5531 3204 5602 χρυσοῦ
3235 5548 3294 5585 τε
3320 5531 3382 5584 τὸ
3405 5529 3595 5596 ἄνθος,
3633 5535 3802 5594 snam;
