  <div class='ocr_page' id='page_1' title='image "/cluster/home/n/w/nwhite01/storage/ocr_20150623/18/hvd.32044073501207/554.png"; bbox 0 0 4008 6208; ppageno 0'>
   <div class='ocr_carea' id='block_1_1' title="bbox 276 211 414 268">
    <p class='ocr_par' dir='ltr' id='par_1_1' title="bbox 276 211 414 268">
     <span class='ocr_line' id='line_1_1' title="bbox 276 211 414 268; baseline -0.014 0"><span class='ocrx_word' id='word_1_1' title='bbox 276 211 414 268; x_wconf 73' lang='grc'><strong>1097</strong></span> 
     </span>
    </p>
   </div>
   <div class='ocr_carea' id='block_1_2' title="bbox 1359 188 2432 257">
    <p class='ocr_par' dir='ltr' id='par_1_2' title="bbox 1359 188 2432 257">
     <span class='ocr_line' id='line_1_2' title="bbox 1359 188 2432 257; baseline -0.015 0"><span class='ocrx_word' id='word_1_2' title='bbox 1359 197 1730 257; x_wconf 73' lang='lat' dir='ltr'><strong>ADVERSUS</strong></span> <span class='ocrx_word' id='word_1_3' title='bbox 1767 191 2190 250; x_wconf 63' lang='lat' dir='ltr'><strong>MAMCH/EOS</strong></span> <span class='ocrx_word' id='word_1_4' title='bbox 2225 190 2350 245; x_wconf 87' lang='lat' dir='ltr'><strong>LIB.</strong></span> <span class='ocrx_word' id='word_1_5' title='bbox 2397 188 2432 241; x_wconf 85' lang='grc' dir='ltr'><strong>Ι.</strong></span> 
     </span>
    </p>
   </div>
   <div class='ocr_carea' id='block_1_3' title="bbox 3379 184 3516 241">
    <p class='ocr_par' dir='ltr' id='par_1_3' title="bbox 3379 184 3516 241">
     <span class='ocr_line' id='line_1_3' title="bbox 3379 184 3516 241; baseline -0.007 -2"><span class='ocrx_word' id='word_1_6' title='bbox 3379 184 3516 241; x_wconf 79' lang='grc'><strong>1098</strong></span> 
     </span>
    </p>
   </div>
   <div class='ocr_carea' id='block_1_4' title="bbox 271 306 1858 398">
    <p class='ocr_par' dir='ltr' id='par_1_4' title="bbox 271 322 1837 398">
     <span class='ocr_line' id='line_1_4' title="bbox 271 322 1837 398; baseline -0.006 -16"><span class='ocrx_word' id='word_1_7' title='bbox 271 346 336 398; x_wconf 88' lang='grc' dir='ltr'><strong>γε</strong></span> <span class='ocrx_word' id='word_1_8' title='bbox 373 327 655 383; x_wconf 86' lang='grc' dir='ltr'>κάλλιστον</span> <span class='ocrx_word' id='word_1_9' title='bbox 681 329 745 397; x_wconf 82' lang='grc' dir='ltr'>τῇ</span> <span class='ocrx_word' id='word_1_10' title='bbox 773 325 890 395; x_wconf 75' lang='grc' dir='ltr'>ὄψει</span> <span class='ocrx_word' id='word_1_11' title='bbox 918 326 1182 394; x_wconf 75' lang='grc' dir='ltr'>φαίνεται,</span> <span class='ocrx_word' id='word_1_12' title='bbox 1215 342 1309 378; x_wconf 88' lang='grc' dir='ltr'><strong>και</strong></span> <span class='ocrx_word' id='word_1_13' title='bbox 1332 323 1556 393; x_wconf 80' lang='grc' dir='ltr'>αίθάλης</span> <span class='ocrx_word' id='word_1_14' title='bbox 1589 322 1648 374; x_wconf 86' lang='grc' dir='ltr'><strong>τὸ</strong></span> <span class='ocrx_word' id='word_1_15' title='bbox 1675 322 1837 374; x_wconf 88' lang='grc' dir='ltr'>ἀναν-</span> 
     </span>
    </p>
   </div>
   <div class='ocr_carea' id='block_1_5' title="bbox 1959 306 3519 398">
    <p class='ocr_par' dir='ltr' id='par_1_5' title="bbox 1959 306 3519 386">
     <span class='ocr_line' id='line_1_5' title="bbox 1959 306 3519 386; baseline -0.009 -18"><span class='ocrx_word' id='word_1_16' title='bbox 1959 325 2218 386; x_wconf 80' lang='lat' dir='ltr'><strong>ispectum</strong></span> <span class='ocrx_word' id='word_1_17' title='bbox 2255 314 2440 376; x_wconf 99' lang='lat' dir='ltr'><strong>habet,</strong></span> <span class='ocrx_word' id='word_1_18' title='bbox 2470 317 2526 366; x_wconf 90' lang='lat' dir='ltr'><strong>et</strong></span> <span class='ocrx_word' id='word_1_19' title='bbox 2561 311 2628 365; x_wconf 86' lang='lat' dir='ltr'><strong>ab</strong></span> <span class='ocrx_word' id='word_1_20' title='bbox 2658 325 2793 365; x_wconf 87' lang='lat' dir='ltr'><strong>auro</strong></span> <span class='ocrx_word' id='word_1_21' title='bbox 2823 308 3027 374; x_wconf 85' lang='lat' dir='ltr'><strong>dilI’ert,</strong></span> <span class='ocrx_word' id='word_1_22' title='bbox 3049 316 3104 364; x_wconf 93' lang='lat' dir='ltr'><strong>et</strong></span> <span class='ocrx_word' id='word_1_23' title='bbox 3141 307 3286 378; x_wconf 89' lang='lat' dir='ltr'><strong>quod</strong></span> <span class='ocrx_word' id='word_1_24' title='bbox 3320 318 3402 362; x_wconf 91' lang='lat' dir='ltr'><strong>est</strong></span> <span class='ocrx_word' id='word_1_25' title='bbox 3424 306 3519 358; x_wconf 70' lang='grc' dir='ltr'><strong>Πυο</strong></span> 
     </span>
    </p>
   </div>
   <div class='ocr_carea' id='block_1_6' title="bbox 274 411 1832 489">
    <p class='ocr_par' dir='ltr' id='par_1_6' title="bbox 274 411 1832 489">
     <span class='ocr_line' id='line_1_6' title="bbox 274 411 1832 489; baseline -0.005 -17"><span class='ocrx_word' id='word_1_26' title='bbox 274 419 382 484; x_wconf 84' lang='grc' dir='ltr'><strong>θές,</strong></span> <span class='ocrx_word' id='word_1_27' title='bbox 421 417 496 489; x_wconf 85' lang='grc' dir='ltr'>μὴ</span> <span class='ocrx_word' id='word_1_28' title='bbox 527 417 806 488; x_wconf 79' lang='grc' dir='ltr'>ἑκάτερον,</span> <span class='ocrx_word' id='word_1_29' title='bbox 851 416 986 488; x_wconf 83' lang='grc' dir='ltr'>ὅπερ</span> <span class='ocrx_word' id='word_1_30' title='bbox 1030 417 1123 469; x_wconf 70' lang='grc' dir='ltr'><strong>καὶ</strong></span> <span class='ocrx_word' id='word_1_31' title='bbox 1170 416 1336 478; x_wconf 77' lang='grc' dir='ltr'>ὅντως</span> <span class='ocrx_word' id='word_1_32' title='bbox 1380 415 1516 479; x_wconf 73' lang='grc' dir='ltr'>ἐστὶ,</span> <span class='ocrx_word' id='word_1_33' title='bbox 1553 411 1832 467; x_wconf 87' lang='grc' dir='ltr'>καλεῖσθαι</span> 
     </span>
    </p>
   </div>
   <div class='ocr_carea' id='block_1_7' title="bbox 271 504 1836 586">
    <p class='ocr_par' dir='ltr' id='par_1_7' title="bbox 271 504 1836 586">
     <span class='ocr_line' id='line_1_7' title="bbox 271 504 1836 586; baseline -0.006 -22"><span class='ocrx_word' id='word_1_34' title='bbox 271 511 467 586; x_wconf 88' lang='grc' dir='ltr'>χρῶμα</span> <span class='ocrx_word' id='word_1_35' title='bbox 493 529 505 540; x_wconf 77' lang='grc' dir='ltr'><strong><em>ο</em></strong></span> <span class='ocrx_word' id='word_1_36' title='bbox 561 509 756 581; x_wconf 89' lang='grc' dir='ltr'>χρῶμα</span> <span class='ocrx_word' id='word_1_37' title='bbox 818 509 946 580; x_wconf 83' lang='grc' dir='ltr'>γὰρ,</span> <span class='ocrx_word' id='word_1_38' title='bbox 996 510 1042 560; x_wconf 86' lang='grc' dir='ltr'><strong>εί</strong></span> <span class='ocrx_word' id='word_1_39' title='bbox 1085 508 1178 560; x_wconf 78' lang='grc' dir='ltr'><strong>καὶ</strong></span> <span class='ocrx_word' id='word_1_40' title='bbox 1222 507 1496 578; x_wconf 86' lang='grc' dir='ltr'>διάφορον,</span> <span class='ocrx_word' id='word_1_41' title='bbox 1544 504 1836 575; x_wconf 78' lang='grc' dir='ltr'>ἑκάτερον-</span> 
     </span>
    </p>
   </div>
   <div class='ocr_carea' id='block_1_8' title="bbox 271 596 1842 675">
    <p class='ocr_par' dir='ltr' id='par_1_8' title="bbox 271 596 1842 675">
     <span class='ocr_line' id='line_1_8' title="bbox 271 596 1842 675; baseline -0.004 -18"><span class='ocrx_word' id='word_1_42' title='bbox 271 605 393 674; x_wconf 75' lang='grc' dir='ltr'>ὄψις</span> <span class='ocrx_word' id='word_1_43' title='bbox 423 602 531 675; x_wconf 76' lang='grc' dir='ltr'>γὰρ</span> <span class='ocrx_word' id='word_1_44' title='bbox 561 603 592 673; x_wconf 82' lang='grc' dir='ltr'>ἡ</span> <span class='ocrx_word' id='word_1_45' title='bbox 624 601 763 673; x_wconf 80' lang='grc' dir='ltr'>αὐτὴ</span> <span class='ocrx_word' id='word_1_46' title='bbox 801 601 1000 672; x_wconf 86' lang='grc' dir='ltr'>ὁμοίως</span> <span class='ocrx_word' id='word_1_47' title='bbox 1035 602 1276 674; x_wconf 81' lang='grc' dir='ltr'>ἐκατέρῳ</span> <span class='ocrx_word' id='word_1_48' title='bbox 1304 602 1566 654; x_wconf 87' lang='grc' dir='ltr'>κοινωνεῖ.</span> <span class='ocrx_word' id='word_1_49' title='bbox 1600 597 1753 652; x_wconf 79' lang='grc' dir='ltr'>Οὕτω</span> <span class='ocrx_word' id='word_1_50' title='bbox 1778 596 1842 669; x_wconf 84' lang='grc' dir='ltr'>δὴ</span> 
     </span>
    </p>
   </div>
   <div class='ocr_carea' id='block_1_9' title="bbox 271 691 1839 765">
    <p class='ocr_par' dir='ltr' id='par_1_9' title="bbox 271 691 1839 765">
     <span class='ocr_line' id='line_1_9' title="bbox 271 691 1839 765; baseline -0.005 -14"><span class='ocrx_word' id='word_1_51' title='bbox 271 698 448 751; x_wconf 83' lang='grc' dir='ltr'>πάντα</span> <span class='ocrx_word' id='word_1_52' title='bbox 474 694 542 748; x_wconf 83' lang='grc' dir='ltr'><strong>τά</strong></span> <span class='ocrx_word' id='word_1_53' title='bbox 587 693 812 764; x_wconf 82' lang='grc' dir='ltr'>σώματα</span> <span class='ocrx_word' id='word_1_54' title='bbox 851 694 1042 765; x_wconf 78' lang='grc' dir='ltr'>ὁρατὰ,</span> <span class='ocrx_word' id='word_1_55' title='bbox 1080 695 1126 746; x_wconf 85' lang='grc' dir='ltr'><strong>εί</strong></span> <span class='ocrx_word' id='word_1_56' title='bbox 1158 695 1250 747; x_wconf 73' lang='grc' dir='ltr'><strong>καὶ</strong></span> <span class='ocrx_word' id='word_1_57' title='bbox 1294 693 1522 762; x_wconf 72' lang='grc' dir='ltr'>διάφορα</span> <span class='ocrx_word' id='word_1_58' title='bbox 1559 691 1638 762; x_wconf 83' lang='grc' dir='ltr'>τῷ</span> <span class='ocrx_word' id='word_1_59' title='bbox 1688 691 1839 755; x_wconf 81' lang='grc' dir='ltr'>εἴδει,</span> 
     </span>
    </p>
   </div>
   <div class='ocr_carea' id='block_1_10' title="bbox 273 784 1838 860">
    <p class='ocr_par' dir='ltr' id='par_1_10' title="bbox 273 784 1838 860">
     <span class='ocr_line' id='line_1_10' title="bbox 273 784 1838 860; baseline -0.005 -16"><span class='ocrx_word' id='word_1_60' title='bbox 273 791 470 860; x_wconf 78' lang='grc' dir='ltr'><strong>φάσκει</strong></span> <span class='ocrx_word' id='word_1_61' title='bbox 498 789 622 858; x_wconf 81' lang='grc' dir='ltr'>μέν·</span> <span class='ocrx_word' id='word_1_62' title='bbox 653 789 703 841; x_wconf 85' lang='grc' dir='ltr'><strong>εί</strong></span> <span class='ocrx_word' id='word_1_63' title='bbox 733 788 790 840; x_wconf 85' lang='grc' dir='ltr'><strong>δέ</strong></span> <span class='ocrx_word' id='word_1_64' title='bbox 814 786 1038 858; x_wconf 81' lang='grc' dir='ltr'>σώματα</span> <span class='ocrx_word' id='word_1_65' title='bbox 1059 787 1323 857; x_wconf 83' lang='grc' dir='ltr'>σωμάτων</span> <span class='ocrx_word' id='word_1_66' title='bbox 1353 786 1602 857; x_wconf 83' lang='grc' dir='ltr'><strong>κρείττω,</strong></span> <span class='ocrx_word' id='word_1_67' title='bbox 1632 784 1694 836; x_wconf 82' lang='grc' dir='ltr'><strong>τὸ</strong></span> <span class='ocrx_word' id='word_1_68' title='bbox 1737 802 1838 837; x_wconf 85' lang='grc' dir='ltr'>κω-</span> 
     </span>
    </p>
   </div>
   <div class='ocr_carea' id='block_1_11' title="bbox 273 873 1841 950">
    <p class='ocr_par' dir='ltr' id='par_1_11' title="bbox 273 873 1841 950">
     <span class='ocr_line' id='line_1_11' title="bbox 273 873 1841 950; baseline -0.006 -17"><span class='ocrx_word' id='word_1_69' title='bbox 273 881 396 933; x_wconf 89' lang='grc' dir='ltr'>λῦον</span> <span class='ocrx_word' id='word_1_70' title='bbox 443 879 617 943; x_wconf 86' lang='grc' dir='ltr'>οὐδὲν,</span> <span class='ocrx_word' id='word_1_71' title='bbox 683 879 822 950; x_wconf 85' lang='grc' dir='ltr'>πλήν</span> <span class='ocrx_word' id='word_1_72' title='bbox 881 895 945 946; x_wconf 88' lang='grc' dir='ltr'><strong>γε</strong></span> <span class='ocrx_word' id='word_1_73' title='bbox 999 877 1226 948; x_wconf 84' lang='grc' dir='ltr'>σώματα</span> <span class='ocrx_word' id='word_1_74' title='bbox 1279 877 1492 931; x_wconf 75' lang='grc' dir='ltr'>πάνταο</span> <span class='ocrx_word' id='word_1_75' title='bbox 1545 875 1664 928; x_wconf 82' lang='grc' dir='ltr'>ὅθεν</span> <span class='ocrx_word' id='word_1_76' title='bbox 1719 873 1841 926; x_wconf 86' lang='grc' dir='ltr'><strong>οὐδέ</strong></span> 
     </span>
    </p>
   </div>
   <div class='ocr_carea' id='block_1_12' title="bbox 273 960 1892 1042">
    <p class='ocr_par' dir='ltr' id='par_1_12' title="bbox 273 960 1892 1042">
     <span class='ocr_line' id='line_1_12' title="bbox 273 960 1892 1042; baseline -0.006 -18"><span class='ocrx_word' id='word_1_77' title='bbox 273 969 646 1042; x_wconf 84' lang='grc' dir='ltr'>προσκυνητὸν</span> <span class='ocrx_word' id='word_1_78' title='bbox 707 970 938 1040; x_wconf 89' lang='grc' dir='ltr'>μάλιστα</span> <span class='ocrx_word' id='word_1_79' title='bbox 995 968 1070 1038; x_wconf 84' lang='grc' dir='ltr'>τῷ</span> <span class='ocrx_word' id='word_1_80' title='bbox 1121 967 1315 1036; x_wconf 85' lang='grc' dir='ltr'>ὁρῶντι</span> <span class='ocrx_word' id='word_1_81' title='bbox 1363 966 1423 1019; x_wconf 85' lang='grc' dir='ltr'><strong>τὸ</strong></span> <span class='ocrx_word' id='word_1_82' title='bbox 1489 965 1702 1035; x_wconf 81' lang='grc' dir='ltr'>ὁρατὸν,</span> <span class='ocrx_word' id='word_1_83' title='bbox 1766 960 1841 1025; x_wconf 87' lang='grc' dir='ltr'>ὡς</span> <span class='ocrx_word' id='word_1_84' title='bbox 1885 1001 1892 1008; x_wconf 95' lang='grc'>.</span> 
     </span>
    </p>
   </div>
   <div class='ocr_carea' id='block_1_13' title="bbox 275 1059 1207 1132">
    <p class='ocr_par' dir='ltr' id='par_1_13' title="bbox 275 1059 1207 1132">
     <span class='ocr_line' id='line_1_13' title="bbox 275 1059 1207 1132; baseline -0.002 -18"><span class='ocrx_word' id='word_1_85' title='bbox 275 1060 822 1132; x_wconf 88' lang='grc' dir='ltr'>καταλαμϐανόμενον</span> <span class='ocrx_word' id='word_1_86' title='bbox 855 1060 987 1130; x_wconf 78' lang='grc' dir='ltr'>πρὸς</span> <span class='ocrx_word' id='word_1_87' title='bbox 1025 1059 1207 1112; x_wconf 78' lang='grc' dir='ltr'>αὐτοῦ.</span> 
     </span>
    </p>
   </div>
   <div class='ocr_carea' id='block_1_14' title="bbox 1939 397 3517 472">
    <p class='ocr_par' dir='ltr' id='par_1_14' title="bbox 1939 397 3517 472">
     <span class='ocr_line' id='line_1_14' title="bbox 1939 397 3517 472; baseline -0.009 -8"><span class='ocrx_word' id='word_1_88' title='bbox 1939 409 2117 466; x_wconf 87' lang='lat' dir='ltr'><strong>ridum</strong></span> <span class='ocrx_word' id='word_1_89' title='bbox 2141 404 2320 462; x_wconf 78' lang='lat' dir='ltr'><strong>diﬂert</strong></span> <span class='ocrx_word' id='word_1_90' title='bbox 2349 420 2379 459; x_wconf 92' lang='lat' dir='ltr'><strong>a</strong></span> <span class='ocrx_word' id='word_1_91' title='bbox 2413 404 2592 466; x_wconf 78' lang='lat' dir='ltr'><strong>viridi,</strong></span> <span class='ocrx_word' id='word_1_92' title='bbox 2628 418 2739 457; x_wconf 89' lang='lat' dir='ltr'><strong>non</strong></span> <span class='ocrx_word' id='word_1_93' title='bbox 2783 409 3015 472; x_wconf 90' lang='lat' dir='ltr'><strong>uterque</strong></span> <span class='ocrx_word' id='word_1_94' title='bbox 3060 407 3370 463; x_wconf 88' lang='lat' dir='ltr'><strong>vocaretur,</strong></span> <span class='ocrx_word' id='word_1_95' title='bbox 3425 397 3517 468; x_wconf 84' lang='lat' dir='ltr'><strong>qui</strong></span> 
     </span>
    </p>
   </div>
   <div class='ocr_carea' id='block_1_15' title="bbox 1947 488 3521 563">
    <p class='ocr_par' dir='ltr' id='par_1_15' title="bbox 1947 488 3521 563">
     <span class='ocr_line' id='line_1_15' title="bbox 1947 488 3521 563; baseline -0.01 -8"><span class='ocrx_word' id='word_1_96' title='bbox 1947 501 2004 556; x_wconf 92' lang='lat' dir='ltr'><strong>in</strong></span> <span class='ocrx_word' id='word_1_97' title='bbox 2035 515 2092 554; x_wconf 92' lang='lat' dir='ltr'><strong>re</strong></span> <span class='ocrx_word' id='word_1_98' title='bbox 2120 508 2224 563; x_wconf 86' lang='lat' dir='ltr'><strong>est,</strong></span> <span class='ocrx_word' id='word_1_99' title='bbox 2266 497 2420 551; x_wconf 87' lang='lat' dir='ltr'><strong>color</strong></span> <span class='ocrx_word' id='word_1_100' title='bbox 2455 513 2470 551; x_wconf 88' lang='lat'><strong>:</strong></span> <span class='ocrx_word' id='word_1_101' title='bbox 2509 494 2662 549; x_wconf 86' lang='lat' dir='ltr'><strong>color</strong></span> <span class='ocrx_word' id='word_1_102' title='bbox 2691 493 2837 548; x_wconf 90' lang='lat' dir='ltr'><strong>enim</strong></span> <span class='ocrx_word' id='word_1_103' title='bbox 2886 498 2970 546; x_wconf 91' lang='lat' dir='ltr'><strong>cst</strong></span> <span class='ocrx_word' id='word_1_104' title='bbox 3004 497 3258 559; x_wconf 81' lang='lat' dir='ltr'><strong>uterque,</strong></span> <span class='ocrx_word' id='word_1_105' title='bbox 3301 488 3521 543; x_wconf 79' lang='lat' dir='ltr'><strong>tametsi</strong></span> 
     </span>
    </p>
   </div>
   <div class='ocr_carea' id='block_1_16' title="bbox 1952 586 3523 656">
    <p class='ocr_par' dir='ltr' id='par_1_16' title="bbox 1952 586 3523 656">
     <span class='ocr_line' id='line_1_16' title="bbox 1952 586 3523 656; baseline -0.008 -10"><span class='ocrx_word' id='word_1_106' title='bbox 1952 592 2202 646; x_wconf 89' lang='lat' dir='ltr'><strong>diversus</strong></span> <span class='ocrx_word' id='word_1_107' title='bbox 2235 608 2248 643; x_wconf 93' lang='lat'>:</span> <span class='ocrx_word' id='word_1_108' title='bbox 2279 589 2418 643; x_wconf 87' lang='lat' dir='ltr'><strong>idem</strong></span> <span class='ocrx_word' id='word_1_109' title='bbox 2443 586 2587 643; x_wconf 90' lang='lat' dir='ltr'><strong>enim</strong></span> <span class='ocrx_word' id='word_1_110' title='bbox 2636 591 2890 656; x_wconf 86' lang='lat' dir='ltr'><strong>aspectus</strong></span> <span class='ocrx_word' id='word_1_111' title='bbox 2933 598 3057 639; x_wconf 90' lang='lat' dir='ltr'><strong>cum</strong></span> <span class='ocrx_word' id='word_1_112' title='bbox 3112 591 3344 651; x_wconf 88' lang='lat' dir='ltr'><strong>utroque</strong></span> <span class='ocrx_word' id='word_1_113' title='bbox 3388 594 3523 634; x_wconf 81' lang='lat' dir='ltr'><strong>con-</strong></span> 
     </span>
    </p>
   </div>
   <div class='ocr_carea' id='block_1_17' title="bbox 1944 677 3519 758">
    <p class='ocr_par' dir='ltr' id='par_1_17' title="bbox 1944 677 3519 758">
     <span class='ocr_line' id='line_1_17' title="bbox 1944 677 3519 758; baseline -0.007 -17"><span class='ocrx_word' id='word_1_114' title='bbox 1944 687 2289 758; x_wconf 77' lang='lat' dir='ltr'><strong>iunctionem</strong></span> <span class='ocrx_word' id='word_1_115' title='bbox 2325 692 2379 740; x_wconf 93' lang='lat' dir='ltr'><strong>et</strong></span> <span class='ocrx_word' id='word_1_116' title='bbox 2403 683 2719 739; x_wconf 87' lang='lat' dir='ltr'><strong>societatem</strong></span> <span class='ocrx_word' id='word_1_117' title='bbox 2745 680 2928 736; x_wconf 88' lang='lat' dir='ltr'><strong>habet.</strong></span> <span class='ocrx_word' id='word_1_118' title='bbox 2969 677 3060 735; x_wconf 90' lang='lat' dir='ltr'><strong>Sic</strong></span> <span class='ocrx_word' id='word_1_119' title='bbox 3088 680 3269 734; x_wconf 84' lang='lat' dir='ltr'><strong>omnia</strong></span> <span class='ocrx_word' id='word_1_120' title='bbox 3291 691 3519 748; x_wconf 88' lang='lat' dir='ltr'><strong>corpora</strong></span> 
     </span>
    </p>
   </div>
   <div class='ocr_carea' id='block_1_18' title="bbox 1949 769 3524 847">
    <p class='ocr_par' dir='ltr' id='par_1_18' title="bbox 1949 769 3524 847">
     <span class='ocr_line' id='line_1_18' title="bbox 1949 769 3524 847; baseline -0.008 -11"><span class='ocrx_word' id='word_1_121' title='bbox 1949 788 2078 836; x_wconf 90' lang='lat' dir='ltr'><strong>sunt</strong></span> <span class='ocrx_word' id='word_1_122' title='bbox 2107 778 2476 847; x_wconf 86' lang='lat' dir='ltr'><strong>aspectabilia.</strong></span> <span class='ocrx_word' id='word_1_123' title='bbox 2505 777 2631 830; x_wconf 88' lang='lat' dir='ltr'><strong>licet</strong></span> <span class='ocrx_word' id='word_1_124' title='bbox 2658 773 2971 828; x_wconf 71' lang='lat' dir='ltr'><strong>differentes</strong></span> <span class='ocrx_word' id='word_1_125' title='bbox 2988 774 3098 827; x_wconf 88' lang='lat' dir='ltr'><strong>sint</strong></span> <span class='ocrx_word' id='word_1_126' title='bbox 3131 770 3362 842; x_wconf 87' lang='lat' dir='ltr'><strong>species.</strong></span> <span class='ocrx_word' id='word_1_127' title='bbox 3390 769 3524 824; x_wconf 86' lang='lat' dir='ltr'><strong>Esse</strong></span> 
     </span>
    </p>
   </div>
   <div class='ocr_carea' id='block_1_19' title="bbox 1943 856 3522 931">
    <p class='ocr_par' dir='ltr' id='par_1_19' title="bbox 1943 856 3522 931">
     <span class='ocr_line' id='line_1_19' title="bbox 1943 856 3522 931; baseline -0.006 -14"><span class='ocrx_word' id='word_1_128' title='bbox 1943 873 2123 917; x_wconf 89' lang='lat' dir='ltr'><strong>autem</strong></span> <span class='ocrx_word' id='word_1_129' title='bbox 2170 877 2400 931; x_wconf 87' lang='lat' dir='ltr'><strong>corpora</strong></span> <span class='ocrx_word' id='word_1_130' title='bbox 2443 861 2547 914; x_wconf 89' lang='lat' dir='ltr'><strong>alia</strong></span> <span class='ocrx_word' id='word_1_131' title='bbox 2579 861 2703 915; x_wconf 88' lang='lat' dir='ltr'><strong>aliis</strong></span> <span class='ocrx_word' id='word_1_132' title='bbox 2736 859 3136 930; x_wconf 66' lang='lat' dir='ltr'><strong>praestantiora,</strong></span> <span class='ocrx_word' id='word_1_133' title='bbox 3171 857 3302 911; x_wconf 84' lang='lat' dir='ltr'><strong>nihil</strong></span> <span class='ocrx_word' id='word_1_134' title='bbox 3333 856 3522 926; x_wconf 80' lang='lat' dir='ltr'><strong>prohi-</strong></span> 
     </span>
    </p>
   </div>
   <div class='ocr_carea' id='block_1_20' title="bbox 1945 951 3524 1025">
    <p class='ocr_par' dir='ltr' id='par_1_20' title="bbox 1945 951 3524 1025">
     <span class='ocr_line' id='line_1_20' title="bbox 1945 951 3524 1025; baseline -0.005 -15"><span class='ocrx_word' id='word_1_135' title='bbox 1945 955 2057 1019; x_wconf 85' lang='lat' dir='ltr'><strong>bet,</strong></span> <span class='ocrx_word' id='word_1_136' title='bbox 2089 955 2222 1025; x_wconf 91' lang='lat' dir='ltr'><strong>quin</strong></span> <span class='ocrx_word' id='word_1_137' title='bbox 2270 954 2451 1008; x_wconf 86' lang='lat' dir='ltr'><strong>omnia</strong></span> <span class='ocrx_word' id='word_1_138' title='bbox 2484 968 2716 1024; x_wconf 89' lang='lat' dir='ltr'><strong>corpora</strong></span> <span class='ocrx_word' id='word_1_139' title='bbox 2764 953 2876 1008; x_wconf 90' lang='lat' dir='ltr'><strong>sint</strong></span> <span class='ocrx_word' id='word_1_140' title='bbox 2915 951 3228 1022; x_wconf 86' lang='lat' dir='ltr'><strong>spectabilia</strong></span> <span class='ocrx_word' id='word_1_141' title='bbox 3260 969 3272 1003; x_wconf 90' lang='lat'>:</span> <span class='ocrx_word' id='word_1_142' title='bbox 3304 965 3371 1004; x_wconf 83' lang='lat' dir='ltr'><strong>ex</strong></span> <span class='ocrx_word' id='word_1_143' title='bbox 3415 963 3524 1018; x_wconf 90' lang='lat' dir='ltr'><strong>quo</strong></span> 
     </span>
    </p>
   </div>
   <div class='ocr_carea' id='block_1_21' title="bbox 1944 1040 3525 1114">
    <p class='ocr_par' dir='ltr' id='par_1_21' title="bbox 1944 1040 3525 1114">
     <span class='ocr_line' id='line_1_21' title="bbox 1944 1040 3525 1114; baseline -0.006 -14"><span class='ocrx_word' id='word_1_144' title='bbox 1944 1047 2024 1110; x_wconf 84' lang='lat' dir='ltr'><strong>ﬁt,</strong></span> <span class='ocrx_word' id='word_1_145' title='bbox 2061 1055 2119 1101; x_wconf 93' lang='lat' dir='ltr'><strong>ut</strong></span> <span class='ocrx_word' id='word_1_146' title='bbox 2153 1062 2260 1100; x_wconf 90' lang='lat' dir='ltr'><strong>non</strong></span> <span class='ocrx_word' id='word_1_147' title='bbox 2296 1045 2366 1101; x_wconf 86' lang='lat' dir='ltr'><strong>sit</strong></span> <span class='ocrx_word' id='word_1_148' title='bbox 2396 1045 2540 1114; x_wconf 92' lang='lat' dir='ltr'><strong>quod</strong></span> <span class='ocrx_word' id='word_1_149' title='bbox 2575 1045 2678 1099; x_wconf 88' lang='lat' dir='ltr'><strong>sub</strong></span> <span class='ocrx_word' id='word_1_150' title='bbox 2703 1051 2981 1114; x_wconf 83' lang='lat' dir='ltr'><strong>aspectum</strong></span> <span class='ocrx_word' id='word_1_151' title='bbox 3023 1042 3169 1096; x_wconf 86' lang='lat' dir='ltr'><strong>cadit</strong></span> <span class='ocrx_word' id='word_1_152' title='bbox 3200 1040 3436 1095; x_wconf 76' lang='lat' dir='ltr'><strong>maxime</strong></span> <span class='ocrx_word' id='word_1_153' title='bbox 3469 1046 3525 1094; x_wconf 90' lang='lat' dir='ltr'><strong>ct</strong></span> 
     </span>
    </p>
   </div>
   <div class='ocr_carea' id='block_1_22' title="bbox 1944 1132 3524 1210">
    <p class='ocr_par' dir='ltr' id='par_1_22' title="bbox 1944 1132 3524 1210">
     <span class='ocr_line' id='line_1_22' title="bbox 1944 1132 3524 1210; baseline -0.004 -19"><span class='ocrx_word' id='word_1_154' title='bbox 1944 1138 2238 1210; x_wconf 70' lang='lat' dir='ltr'><strong>praecipue,</strong></span> <span class='ocrx_word' id='word_1_155' title='bbox 2287 1135 2623 1191; x_wconf 89' lang='lat' dir='ltr'><strong>adorandum</strong></span> <span class='ocrx_word' id='word_1_156' title='bbox 2659 1137 2727 1189; x_wconf 91' lang='lat' dir='ltr'><strong>ab</strong></span> <span class='ocrx_word' id='word_1_157' title='bbox 2757 1152 2822 1191; x_wconf 92' lang='lat' dir='ltr'><strong>eo</strong></span> <span class='ocrx_word' id='word_1_158' title='bbox 2844 1136 2935 1206; x_wconf 88' lang='lat' dir='ltr'><strong>qui</strong></span> <span class='ocrx_word' id='word_1_159' title='bbox 2970 1133 3106 1189; x_wconf 88' lang='lat' dir='ltr'><strong>illud</strong></span> <span class='ocrx_word' id='word_1_160' title='bbox 3164 1132 3359 1198; x_wconf 90' lang='lat' dir='ltr'><strong>cernit,</strong></span> <span class='ocrx_word' id='word_1_161' title='bbox 3401 1138 3524 1186; x_wconf 90' lang='lat' dir='ltr'><strong>tan-</strong></span> 
     </span>
    </p>
   </div>
   <div class='ocr_carea' id='block_1_23' title="bbox 1945 1228 2854 1302">
    <p class='ocr_par' dir='ltr' id='par_1_23' title="bbox 1945 1228 2854 1302">
     <span class='ocr_line' id='line_1_23' title="bbox 1945 1228 2854 1302; baseline -0.002 -20"><span class='ocrx_word' id='word_1_162' title='bbox 1945 1245 2108 1302; x_wconf 88' lang='lat' dir='ltr'><strong>quam</strong></span> <span class='ocrx_word' id='word_1_163' title='bbox 2133 1231 2201 1284; x_wconf 89' lang='lat' dir='ltr'><strong>ab</strong></span> <span class='ocrx_word' id='word_1_164' title='bbox 2231 1229 2350 1300; x_wconf 91' lang='lat' dir='ltr'><strong>ipso</strong></span> <span class='ocrx_word' id='word_1_165' title='bbox 2378 1228 2854 1298; x_wconf 89' lang='lat' dir='ltr'><strong>comprehensum.</strong></span> 
     </span>
    </p>
   </div>
   <div class='ocr_carea' id='block_1_24' title="bbox 976 1336 2810 1410">
    <p class='ocr_par' dir='ltr' id='par_1_24' title="bbox 976 1336 2810 1410">
     <span class='ocr_line' id='line_1_24' title="bbox 976 1336 2810 1410; baseline 0.001 -18"><span class='ocrx_word' id='word_1_166' title='bbox 976 1339 1103 1394; x_wconf 77' lang='lat' dir='ltr'><strong>CAP.</strong></span> <span class='ocrx_word' id='word_1_167' title='bbox 1145 1336 1307 1392; x_wconf 77' lang='lat' dir='ltr'><strong>XXII.</strong></span> <span class='ocrx_word' id='word_1_168' title='bbox 1348 1338 1579 1393; x_wconf 78' lang='lat' dir='ltr'><strong>Materia</strong></span> <span class='ocrx_word' id='word_1_169' title='bbox 1611 1337 1773 1393; x_wconf 87' lang='lat' dir='ltr'><strong>Deum</strong></span> <span class='ocrx_word' id='word_1_170' title='bbox 1797 1357 1900 1394; x_wconf 87' lang='lat' dir='ltr'><strong>non</strong></span> <span class='ocrx_word' id='word_1_171' title='bbox 1937 1339 2085 1394; x_wconf 81' lang='lat' dir='ltr'><strong>vidit.</strong></span> <span class='ocrx_word' id='word_1_172' title='bbox 2114 1337 2294 1410; x_wconf 83' lang='lat' dir='ltr'><strong>Neque</strong></span> <span class='ocrx_word' id='word_1_173' title='bbox 2319 1339 2491 1393; x_wconf 84' lang='lat' dir='ltr'><strong>lumen</strong></span> <span class='ocrx_word' id='word_1_174' title='bbox 2515 1338 2810 1394; x_wconf 75' lang='lat' dir='ltr'><strong>absorbuit.</strong></span> 
     </span>
    </p>
   </div>
   <div class='ocr_carea' id='block_1_25' title="bbox 345 1450 1905 1527">
    <p class='ocr_par' dir='ltr' id='par_1_25' title="bbox 345 1450 1905 1527">
     <span class='ocr_line' id='line_1_25' title="bbox 345 1450 1905 1527; baseline -0.002 -17"><span class='ocrx_word' id='word_1_175' title='bbox 345 1457 410 1510; x_wconf 84' lang='grc' dir='ltr'>Εί</span> <span class='ocrx_word' id='word_1_176' title='bbox 440 1455 620 1510; x_wconf 82' lang='grc' dir='ltr'>τοίνυν</span> <span class='ocrx_word' id='word_1_177' title='bbox 663 1450 768 1508; x_wconf 80' lang='grc' dir='ltr'>εἶδε</span> <span class='ocrx_word' id='word_1_178' title='bbox 807 1455 868 1508; x_wconf 87' lang='grc' dir='ltr'><strong>τὸ</strong></span> <span class='ocrx_word' id='word_1_179' title='bbox 895 1457 958 1507; x_wconf 88' lang='grc' dir='ltr'><strong>ἐκ</strong></span> <span class='ocrx_word' id='word_1_180' title='bbox 1001 1454 1100 1524; x_wconf 88' lang='grc' dir='ltr'><strong>τῆς</strong></span> <span class='ocrx_word' id='word_1_181' title='bbox 1139 1455 1328 1518; x_wconf 77' lang='grc' dir='ltr'><strong>οὐσίας</strong></span> <span class='ocrx_word' id='word_1_182' title='bbox 1374 1457 1406 1525; x_wconf 83' lang='grc' dir='ltr'>ἡ</span> <span class='ocrx_word' id='word_1_183' title='bbox 1439 1456 1538 1527; x_wconf 72' lang='grc' dir='ltr'><strong>ὕλη</strong></span> <span class='ocrx_word' id='word_1_184' title='bbox 1565 1455 1660 1509; x_wconf 91' lang='grc' dir='ltr'><strong>τοῦ</strong></span> <span class='ocrx_word' id='word_1_185' title='bbox 1692 1454 1848 1518; x_wconf 84' lang='grc' dir='ltr'>Θεοῦ,</span> <span class='ocrx_word' id='word_1_186' title='bbox 1896 1481 1905 1490; x_wconf 78' lang='grc' dir='ltr'><strong><em>ο</em></strong></span> 
     </span>
    </p>
   </div>
   <div class='ocr_carea' id='block_1_26' title="bbox 279 1545 1851 1618">
    <p class='ocr_par' dir='ltr' id='par_1_26' title="bbox 279 1545 1851 1618">
     <span class='ocr_line' id='line_1_26' title="bbox 279 1545 1851 1618; baseline -0.003 -16"><span class='ocrx_word' id='word_1_187' title='bbox 279 1547 568 1618; x_wconf 76' lang='grc' dir='ltr'>συγγενείᾳ</span> <span class='ocrx_word' id='word_1_188' title='bbox 594 1546 821 1618; x_wconf 78' lang='grc' dir='ltr'>πλείστῃ</span> <span class='ocrx_word' id='word_1_189' title='bbox 852 1562 911 1597; x_wconf 88' lang='grc' dir='ltr'><strong>τε</strong></span> <span class='ocrx_word' id='word_1_190' title='bbox 956 1546 1048 1598; x_wconf 75' lang='grc' dir='ltr'><strong>καὶ</strong></span> <span class='ocrx_word' id='word_1_191' title='bbox 1094 1545 1374 1616; x_wconf 85' lang='grc' dir='ltr'>ὁμοιότητι</span> <span class='ocrx_word' id='word_1_192' title='bbox 1407 1546 1544 1616; x_wconf 86' lang='grc' dir='ltr'>πρὸς</span> <span class='ocrx_word' id='word_1_193' title='bbox 1584 1547 1683 1616; x_wconf 77' lang='grc' dir='ltr'><strong>τὴν</strong></span> <span class='ocrx_word' id='word_1_194' title='bbox 1725 1546 1851 1599; x_wconf 89' lang='grc' dir='ltr'>θέαν</span> 
     </span>
    </p>
   </div>
   <div class='ocr_carea' id='block_1_27' title="bbox 2029 1453 3525 1527">
    <p class='ocr_par' dir='ltr' id='par_1_27' title="bbox 2029 1453 3525 1527">
     <span class='ocr_line' id='line_1_27' title="bbox 2029 1453 3525 1527; baseline -0.001 -17"><span class='ocrx_word' id='word_1_195' title='bbox 2029 1454 2088 1510; x_wconf 88' lang='lat' dir='ltr'><strong>Si</strong></span> <span class='ocrx_word' id='word_1_196' title='bbox 2112 1456 2274 1527; x_wconf 79' lang='lat' dir='ltr'><strong>igitur</strong></span> <span class='ocrx_word' id='word_1_197' title='bbox 2307 1455 2535 1509; x_wconf 80' lang='lat' dir='ltr'><strong>materia</strong></span> <span class='ocrx_word' id='word_1_198' title='bbox 2574 1453 2730 1519; x_wconf 86' lang='lat' dir='ltr'><strong>vidit,</strong></span> <span class='ocrx_word' id='word_1_199' title='bbox 2767 1453 2914 1524; x_wconf 90' lang='lat' dir='ltr'><strong>quod</strong></span> <span class='ocrx_word' id='word_1_200' title='bbox 2969 1469 3034 1508; x_wconf 85' lang='lat' dir='ltr'><strong>ex</strong></span> <span class='ocrx_word' id='word_1_201' title='bbox 3086 1453 3396 1508; x_wconf 83' lang='lat' dir='ltr'><strong>substantia</strong></span> <span class='ocrx_word' id='word_1_202' title='bbox 3429 1453 3525 1510; x_wconf 87' lang='lat' dir='ltr'><strong>Dei</strong></span> 
     </span>
    </p>
   </div>
   <div class='ocr_carea' id='block_1_28' title="bbox 1957 1544 3527 1616">
    <p class='ocr_par' dir='ltr' id='par_1_28' title="bbox 1957 1544 3527 1616">
     <span class='ocr_line' id='line_1_28' title="bbox 1957 1544 3527 1616; baseline 0 -15"><span class='ocrx_word' id='word_1_203' title='bbox 1957 1556 2098 1609; x_wconf 88' lang='lat' dir='ltr'><strong>erat,</strong></span> <span class='ocrx_word' id='word_1_204' title='bbox 2126 1547 2452 1616; x_wconf 79' lang='lat' dir='ltr'><strong>cognatione</strong></span> <span class='ocrx_word' id='word_1_205' title='bbox 2487 1560 2680 1616; x_wconf 77' lang='lat' dir='ltr'><strong>magna</strong></span> <span class='ocrx_word' id='word_1_206' title='bbox 2725 1554 2780 1599; x_wconf 88' lang='lat' dir='ltr'><strong>et</strong></span> <span class='ocrx_word' id='word_1_207' title='bbox 2826 1544 3184 1600; x_wconf 86' lang='lat' dir='ltr'><strong>similitudine</strong></span> <span class='ocrx_word' id='word_1_208' title='bbox 3231 1544 3416 1610; x_wconf 90' lang='lat' dir='ltr'><strong>ducta,</strong></span> <span class='ocrx_word' id='word_1_209' title='bbox 3455 1544 3527 1601; x_wconf 86' lang='lat' dir='ltr'><strong>ad</strong></span> 
     </span>
    </p>
   </div>
   <div class='ocr_carea' id='block_1_29' title="bbox 277 1637 1858 1714">
    <p class='ocr_par' dir='ltr' id='par_1_29' title="bbox 277 1637 1849 1714">
     <span class='ocr_line' id='line_1_29' title="bbox 277 1637 1849 1714; baseline -0.002 -21"><span class='ocrx_word' id='word_1_210' title='bbox 277 1637 426 1714; x_wconf 75' lang='grc' dir='ltr'>ἦλθε,</span> <span class='ocrx_word' id='word_1_211' title='bbox 455 1640 549 1692; x_wconf 79' lang='grc' dir='ltr'>καὶ</span> <span class='ocrx_word' id='word_1_212' title='bbox 572 1638 720 1692; x_wconf 81' lang='grc' dir='ltr'>οὐδὲν</span> <span class='ocrx_word' id='word_1_213' title='bbox 749 1637 907 1690; x_wconf 79' lang='grc' dir='ltr'>πλέον</span> <span class='ocrx_word' id='word_1_214' title='bbox 936 1637 1102 1708; x_wconf 82' lang='grc' dir='ltr'>ἐχρῆν</span> <span class='ocrx_word' id='word_1_215' title='bbox 1129 1637 1263 1708; x_wconf 82' lang='grc' dir='ltr'>πρὸς</span> <span class='ocrx_word' id='word_1_216' title='bbox 1291 1637 1380 1690; x_wconf 81' lang='grc' dir='ltr'><strong>τὸν</strong></span> <span class='ocrx_word' id='word_1_217' title='bbox 1405 1638 1703 1691; x_wconf 85' lang='grc' dir='ltr'>ἀσύστατον</span> <span class='ocrx_word' id='word_1_218' title='bbox 1729 1655 1849 1690; x_wconf 84' lang='grc' dir='ltr'>του-</span> 
     </span>
    </p>
   </div>
   <div class='ocr_carea' id='block_1_30' title="bbox 1959 1637 3529 1714">
    <p class='ocr_par' dir='ltr' id='par_1_30' title="bbox 1959 1638 3529 1711">
     <span class='ocr_line' id='line_1_30' title="bbox 1959 1638 3529 1711; baseline -0.001 -14"><span class='ocrx_word' id='word_1_219' title='bbox 1959 1640 2325 1711; x_wconf 77' lang='lat' dir='ltr'><strong>spectaculum</strong></span> <span class='ocrx_word' id='word_1_220' title='bbox 2367 1638 2554 1701; x_wconf 88' lang='lat' dir='ltr'><strong>venit,</strong></span> <span class='ocrx_word' id='word_1_221' title='bbox 2599 1653 2702 1692; x_wconf 89' lang='lat' dir='ltr'><strong>nec</strong></span> <span class='ocrx_word' id='word_1_222' title='bbox 2731 1638 2969 1708; x_wconf 90' lang='lat' dir='ltr'><strong>amplius</strong></span> <span class='ocrx_word' id='word_1_223' title='bbox 3009 1653 3147 1708; x_wconf 91' lang='lat' dir='ltr'><strong>opus</strong></span> <span class='ocrx_word' id='word_1_224' title='bbox 3191 1647 3310 1693; x_wconf 86' lang='lat' dir='ltr'><strong>erat</strong></span> <span class='ocrx_word' id='word_1_225' title='bbox 3347 1639 3529 1696; x_wconf 86' lang='lat' dir='ltr'><strong>dicere</strong></span> 
     </span>
    </p>
   </div>
   <div class='ocr_carea' id='block_1_31' title="bbox 279 1728 1844 1802">
    <p class='ocr_par' dir='ltr' id='par_1_31' title="bbox 279 1728 1844 1802">
     <span class='ocr_line' id='line_1_31' title="bbox 279 1728 1844 1802; baseline -0.003 -16"><span class='ocrx_word' id='word_1_226' title='bbox 279 1732 390 1786; x_wconf 78' lang='grc' dir='ltr'>τονὶ</span> <span class='ocrx_word' id='word_1_227' title='bbox 420 1730 586 1802; x_wconf 83' lang='grc' dir='ltr'>μῦθον</span> <span class='ocrx_word' id='word_1_228' title='bbox 620 1731 790 1782; x_wconf 88' lang='grc' dir='ltr'>εἰπεῖν</span> <span class='ocrx_word' id='word_1_229' title='bbox 814 1745 828 1758; x_wconf 78' lang='grc'><strong><em>⁸</em></strong></span> <span class='ocrx_word' id='word_1_230' title='bbox 864 1732 912 1782; x_wconf 86' lang='grc' dir='ltr'><strong>εί</strong></span> <span class='ocrx_word' id='word_1_231' title='bbox 943 1731 999 1782; x_wconf 92' lang='grc' dir='ltr'><strong>δέ</strong></span> <span class='ocrx_word' id='word_1_232' title='bbox 1045 1731 1137 1783; x_wconf 74' lang='grc' dir='ltr'>καὶ</span> <span class='ocrx_word' id='word_1_233' title='bbox 1170 1728 1482 1800; x_wconf 74' lang='grc' dir='ltr'>ἐπεθύμησε</span> <span class='ocrx_word' id='word_1_234' title='bbox 1523 1728 1618 1782; x_wconf 91' lang='grc' dir='ltr'><strong>τοῦ</strong></span> <span class='ocrx_word' id='word_1_235' title='bbox 1650 1730 1844 1793; x_wconf 79' lang='grc' dir='ltr'>φανέν-</span> 
     </span>
    </p>
   </div>
   <div class='ocr_carea' id='block_1_32' title="bbox 277 1821 1846 1893">
    <p class='ocr_par' dir='ltr' id='par_1_32' title="bbox 277 1821 1846 1893">
     <span class='ocr_line' id='line_1_32' title="bbox 277 1821 1846 1893; baseline -0.001 -18"><span class='ocrx_word' id='word_1_236' title='bbox 277 1841 386 1888; x_wconf 90' lang='grc' dir='ltr'>τος,</span> <span class='ocrx_word' id='word_1_237' title='bbox 421 1823 481 1876; x_wconf 84' lang='grc' dir='ltr'>τὸ</span> <span class='ocrx_word' id='word_1_238' title='bbox 530 1824 745 1876; x_wconf 86' lang='grc' dir='ltr'>πάντων</span> <span class='ocrx_word' id='word_1_239' title='bbox 787 1822 1005 1892; x_wconf 81' lang='grc' dir='ltr'>ἄριστον</span> <span class='ocrx_word' id='word_1_240' title='bbox 1053 1823 1186 1893; x_wconf 85' lang='grc' dir='ltr'>αὐτῇ</span> <span class='ocrx_word' id='word_1_241' title='bbox 1240 1821 1760 1893; x_wconf 74' lang='grc' dir='ltr'>προσεμαρτύρησεν</span> <span class='ocrx_word' id='word_1_242' title='bbox 1817 1823 1846 1874; x_wconf 86' lang='grc' dir='ltr'>ὁ</span> 
     </span>
    </p>
   </div>
   <div class='ocr_carea' id='block_1_33' title="bbox 278 1914 1844 1987">
    <p class='ocr_par' dir='ltr' id='par_1_33' title="bbox 278 1914 1844 1987">
     <span class='ocr_line' id='line_1_33' title="bbox 278 1914 1844 1987; baseline -0.003 -16"><span class='ocrx_word' id='word_1_243' title='bbox 278 1918 530 1987; x_wconf 79' lang='grc' dir='ltr'>ἀνόητοςο</span> <span class='ocrx_word' id='word_1_244' title='bbox 575 1915 650 1978; x_wconf 86' lang='grc' dir='ltr'><strong>ὡς</strong></span> <span class='ocrx_word' id='word_1_245' title='bbox 700 1916 895 1969; x_wconf 83' lang='grc' dir='ltr'>κακίαν</span> <span class='ocrx_word' id='word_1_246' title='bbox 957 1916 1053 1986; x_wconf 84' lang='grc' dir='ltr'><strong>μὲν</strong></span> <span class='ocrx_word' id='word_1_247' title='bbox 1085 1916 1255 1986; x_wconf 76' lang='grc' dir='ltr'>ὄνομα</span> <span class='ocrx_word' id='word_1_248' title='bbox 1300 1914 1598 1969; x_wconf 78' lang='grc' dir='ltr'>τεθεικέναι</span> <span class='ocrx_word' id='word_1_249' title='bbox 1651 1914 1844 1977; x_wconf 83' lang='grc' dir='ltr'>δοκεῖν,</span> 
     </span>
    </p>
   </div>
   <div class='ocr_carea' id='block_1_34' title="bbox 277 2003 1848 2076">
    <p class='ocr_par' dir='ltr' id='par_1_34' title="bbox 277 2003 1848 2076">
     <span class='ocr_line' id='line_1_34' title="bbox 277 2003 1848 2076; baseline -0.001 -16"><span class='ocrx_word' id='word_1_250' title='bbox 277 2007 463 2060; x_wconf 80' lang='grc' dir='ltr'>οὐσίαν</span> <span class='ocrx_word' id='word_1_251' title='bbox 491 2005 795 2076; x_wconf 79' lang='grc' dir='ltr'>δέἀγαθὴν</span> <span class='ocrx_word' id='word_1_252' title='bbox 840 2005 1325 2076; x_wconf 83' lang='grc' dir='ltr'>προσομολογῆσαι.</span> <span class='ocrx_word' id='word_1_253' title='bbox 1365 2005 1427 2058; x_wconf 89' lang='grc' dir='ltr'><strong>Τί</strong></span> <span class='ocrx_word' id='word_1_254' title='bbox 1458 2003 1566 2076; x_wconf 79' lang='grc' dir='ltr'><strong>γάρ</strong></span> <span class='ocrx_word' id='word_1_255' title='bbox 1600 2006 1678 2068; x_wconf 88' lang='grc' dir='ltr'><strong>είς</strong></span> <span class='ocrx_word' id='word_1_256' title='bbox 1710 2005 1848 2058; x_wconf 85' lang='grc' dir='ltr'>ἀπό·-</span> 
     </span>
    </p>
   </div>
   <div class='ocr_carea' id='block_1_35' title="bbox 276 2097 1850 2168">
    <p class='ocr_par' dir='ltr' id='par_1_35' title="bbox 276 2097 1850 2168">
     <span class='ocr_line' id='line_1_35' title="bbox 276 2097 1850 2168; baseline -0.002 -16"><span class='ocrx_word' id='word_1_257' title='bbox 276 2097 440 2166; x_wconf 80' lang='grc' dir='ltr'>δειξιν</span> <span class='ocrx_word' id='word_1_258' title='bbox 490 2097 891 2166; x_wconf 89' lang='grc' dir='ltr'>καλοκαγαθίας</span> <span class='ocrx_word' id='word_1_259' title='bbox 935 2099 1118 2168; x_wconf 77' lang='grc' dir='ltr'>μεῖζον</span> <span class='ocrx_word' id='word_1_260' title='bbox 1166 2097 1259 2150; x_wconf 91' lang='grc' dir='ltr'><strong>τοῦ</strong></span> <span class='ocrx_word' id='word_1_261' title='bbox 1299 2097 1630 2168; x_wconf 88' lang='grc' dir='ltr'>ἐπιθυμῆσαι</span> <span class='ocrx_word' id='word_1_262' title='bbox 1677 2098 1850 2164; x_wconf 80' lang='grc' dir='ltr'>τάγα-</span> 
     </span>
    </p>
   </div>
   <div class='ocr_carea' id='block_1_36' title="bbox 278 2187 1851 2260">
    <p class='ocr_par' dir='ltr' id='par_1_36' title="bbox 278 2187 1851 2260">
     <span class='ocr_line' id='line_1_36' title="bbox 278 2187 1851 2260; baseline -0.004 -15"><span class='ocrx_word' id='word_1_263' title='bbox 278 2191 411 2254; x_wconf 79' lang='grc' dir='ltr'>θοῦ;</span> <span class='ocrx_word' id='word_1_264' title='bbox 453 2192 516 2243; x_wconf 74' lang='lat' dir='ltr'><strong>El</strong></span> <span class='ocrx_word' id='word_1_265' title='bbox 562 2190 618 2242; x_wconf 82' lang='grc' dir='ltr'><strong>δέ</strong></span> <span class='ocrx_word' id='word_1_266' title='bbox 659 2207 793 2260; x_wconf 83' lang='grc' dir='ltr'>φησι</span> <span class='ocrx_word' id='word_1_267' title='bbox 840 2191 933 2241; x_wconf 74' lang='grc' dir='ltr'><strong>καὶ</strong></span> <span class='ocrx_word' id='word_1_268' title='bbox 971 2188 1288 2253; x_wconf 87' lang='grc' dir='ltr'>ἐπελάϐετο,</span> <span class='ocrx_word' id='word_1_269' title='bbox 1329 2189 1422 2242; x_wconf 75' lang='grc' dir='ltr'>καὶ</span> <span class='ocrx_word' id='word_1_270' title='bbox 1467 2189 1743 2254; x_wconf 82' lang='grc' dir='ltr'>κατέπιεν,</span> <span class='ocrx_word' id='word_1_271' title='bbox 1775 2187 1851 2250; x_wconf 84' lang='grc' dir='ltr'>ὡς</span> 
     </span>
    </p>
   </div>
   <div class='ocr_carea' id='block_1_37' title="bbox 278 2278 1848 2354">
    <p class='ocr_par' dir='ltr' id='par_1_37' title="bbox 278 2278 1848 2354">
     <span class='ocr_line' id='line_1_37' title="bbox 278 2278 1848 2354; baseline -0.004 -16"><span class='ocrx_word' id='word_1_272' title='bbox 278 2285 536 2354; x_wconf 84' lang='grc' dir='ltr'>ἐγκύμων</span> <span class='ocrx_word' id='word_1_273' title='bbox 586 2283 835 2352; x_wconf 80' lang='grc' dir='ltr'>γενέσθαι</span> <span class='ocrx_word' id='word_1_274' title='bbox 883 2283 980 2352; x_wconf 84' lang='grc' dir='ltr'><strong>τῆς</strong></span> <span class='ocrx_word' id='word_1_275' title='bbox 1027 2282 1273 2344; x_wconf 80' lang='grc' dir='ltr'>ἐναντίας</span> <span class='ocrx_word' id='word_1_276' title='bbox 1316 2279 1410 2334; x_wconf 89' lang='grc' dir='ltr'><strong>τοῦ</strong></span> <span class='ocrx_word' id='word_1_277' title='bbox 1461 2278 1595 2333; x_wconf 84' lang='grc' dir='ltr'>Θεοῦ</span> <span class='ocrx_word' id='word_1_278' title='bbox 1643 2279 1848 2342; x_wconf 90' lang='grc' dir='ltr'>οὐσίας,</span> 
     </span>
    </p>
   </div>
   <div class='ocr_carea' id='block_1_38' title="bbox 281 2372 1850 2444">
    <p class='ocr_par' dir='ltr' id='par_1_38' title="bbox 281 2372 1850 2444">
     <span class='ocr_line' id='line_1_38' title="bbox 281 2372 1850 2444; baseline -0.003 -14"><span class='ocrx_word' id='word_1_279' title='bbox 281 2378 376 2430; x_wconf 76' lang='grc' dir='ltr'><strong>καὶ</strong></span> <span class='ocrx_word' id='word_1_280' title='bbox 407 2379 525 2439; x_wconf 89' lang='grc' dir='ltr'>ταῖς</span> <span class='ocrx_word' id='word_1_281' title='bbox 571 2375 727 2438; x_wconf 83' lang='grc' dir='ltr'>ίδίαις</span> <span class='ocrx_word' id='word_1_282' title='bbox 777 2373 1036 2444; x_wconf 88' lang='grc' dir='ltr'>δυνάμεσι</span> <span class='ocrx_word' id='word_1_283' title='bbox 1079 2373 1378 2443; x_wconf 68' lang='grc' dir='ltr'>διένειμεν’·</span> <span class='ocrx_word' id='word_1_284' title='bbox 1423 2372 1468 2426; x_wconf 86' lang='grc' dir='ltr'><strong>ὣ</strong></span> <span class='ocrx_word' id='word_1_285' title='bbox 1511 2376 1610 2443; x_wconf 85' lang='grc' dir='ltr'><strong>τῆς</strong></span> <span class='ocrx_word' id='word_1_286' title='bbox 1658 2372 1850 2441; x_wconf 88' lang='grc' dir='ltr'>ἀλόγου</span> 
     </span>
    </p>
   </div>
   <div class='ocr_carea' id='block_1_39' title="bbox 283 2463 1852 2540">
    <p class='ocr_par' dir='ltr' id='par_1_39' title="bbox 283 2463 1852 2540">
     <span class='ocr_line' id='line_1_39' title="bbox 283 2463 1852 2540; baseline -0.003 -17"><span class='ocrx_word' id='word_1_287' title='bbox 283 2468 512 2540; x_wconf 79' lang='grc' dir='ltr'>μανίαςί</span> <span class='ocrx_word' id='word_1_288' title='bbox 557 2469 656 2521; x_wconf 90' lang='grc' dir='ltr'><strong>οὐκ</strong></span> <span class='ocrx_word' id='word_1_289' title='bbox 705 2463 810 2520; x_wconf 74' lang='grc' dir='ltr'>εἶδε</span> <span class='ocrx_word' id='word_1_290' title='bbox 854 2468 1033 2539; x_wconf 87' lang='grc' dir='ltr'>μόνον,</span> <span class='ocrx_word' id='word_1_291' title='bbox 1069 2465 1204 2519; x_wconf 86' lang='grc' dir='ltr'><strong>ἀλλά</strong></span> <span class='ocrx_word' id='word_1_292' title='bbox 1244 2465 1335 2520; x_wconf 52' lang='grc' dir='ltr'><strong>καί⁸</strong></span> <span class='ocrx_word' id='word_1_293' title='bbox 1374 2465 1718 2538; x_wconf 77' lang='grc' dir='ltr'>ἐπεθύμησε·</span> <span class='ocrx_word' id='word_1_294' title='bbox 1759 2465 1852 2518; x_wconf 78' lang='grc' dir='ltr'>καὶ</span> 
     </span>
    </p>
   </div>
   <div class='ocr_carea' id='block_1_40' title="bbox 279 2556 1853 2631">
    <p class='ocr_par' dir='ltr' id='par_1_40' title="bbox 279 2556 1853 2631">
     <span class='ocr_line' id='line_1_40' title="bbox 279 2556 1853 2631; baseline -0.002 -18"><span class='ocrx_word' id='word_1_295' title='bbox 279 2561 381 2614; x_wconf 87' lang='grc' dir='ltr'><strong>οὐκ</strong></span> <span class='ocrx_word' id='word_1_296' title='bbox 424 2559 734 2631; x_wconf 76' lang='grc' dir='ltr'>ἐπεθύμησε</span> <span class='ocrx_word' id='word_1_297' title='bbox 782 2559 961 2630; x_wconf 77' lang='grc' dir='ltr'>μόνον,</span> <span class='ocrx_word' id='word_1_298' title='bbox 1008 2558 1143 2612; x_wconf 85' lang='grc' dir='ltr'><strong>ἀλλά</strong></span> <span class='ocrx_word' id='word_1_299' title='bbox 1194 2558 1288 2611; x_wconf 76' lang='grc' dir='ltr'><strong>καὶ</strong></span> <span class='ocrx_word' id='word_1_300' title='bbox 1335 2556 1559 2611; x_wconf 83' lang='grc' dir='ltr'>κατέπιε</span> <span class='ocrx_word' id='word_1_301' title='bbox 1584 2571 1597 2584; x_wconf 87' lang='grc'><strong>·</strong></span> <span class='ocrx_word' id='word_1_302' title='bbox 1647 2558 1742 2610; x_wconf 75' lang='grc' dir='ltr'><strong>καὶ</strong></span> <span class='ocrx_word' id='word_1_303' title='bbox 1791 2557 1853 2610; x_wconf 93' lang='grc' dir='ltr'><strong>οὐ</strong></span> 
     </span>
    </p>
   </div>
   <div class='ocr_carea' id='block_1_41' title="bbox 282 2645 1857 2722">
    <p class='ocr_par' dir='ltr' id='par_1_41' title="bbox 282 2645 1857 2722">
     <span class='ocr_line' id='line_1_41' title="bbox 282 2645 1857 2722; baseline -0.003 -18"><span class='ocrx_word' id='word_1_304' title='bbox 282 2651 508 2704; x_wconf 82' lang='grc' dir='ltr'>κατέπιε</span> <span class='ocrx_word' id='word_1_305' title='bbox 548 2651 727 2722; x_wconf 87' lang='grc' dir='ltr'>μόνον,</span> <span class='ocrx_word' id='word_1_306' title='bbox 767 2649 902 2702; x_wconf 83' lang='grc' dir='ltr'>ἀλλὰ</span> <span class='ocrx_word' id='word_1_307' title='bbox 944 2649 1040 2701; x_wconf 73' lang='grc' dir='ltr'><strong>καὶ</strong></span> <span class='ocrx_word' id='word_1_308' title='bbox 1068 2647 1305 2717; x_wconf 87' lang='grc' dir='ltr'>κατέχει.</span> <span class='ocrx_word' id='word_1_309' title='bbox 1339 2645 1523 2699; x_wconf 87' lang='grc' dir='ltr'>Ταῦτα</span> <span class='ocrx_word' id='word_1_310' title='bbox 1557 2647 1734 2701; x_wconf 87' lang='grc' dir='ltr'>πάντα</span> <span class='ocrx_word' id='word_1_311' title='bbox 1761 2663 1857 2700; x_wconf 88' lang='grc' dir='ltr'>σα-</span> 
     </span>
    </p>
   </div>
   <div class='ocr_carea' id='block_1_42' title="bbox 283 2735 1855 2813">
    <p class='ocr_par' dir='ltr' id='par_1_42' title="bbox 283 2735 1855 2813">
     <span class='ocr_line' id='line_1_42' title="bbox 283 2735 1855 2813; baseline -0.004 -18"><span class='ocrx_word' id='word_1_312' title='bbox 283 2741 400 2812; x_wconf 82' lang='grc' dir='ltr'><strong>φῶς</strong></span> <span class='ocrx_word' id='word_1_313' title='bbox 428 2743 488 2795; x_wconf 88' lang='grc' dir='ltr'><strong>οὐ</strong></span> <span class='ocrx_word' id='word_1_314' title='bbox 523 2741 618 2813; x_wconf 79' lang='grc' dir='ltr'>τὴν</span> <span class='ocrx_word' id='word_1_315' title='bbox 659 2741 1006 2812; x_wconf 85' lang='grc' dir='ltr'>ἐναντιότητα</span> <span class='ocrx_word' id='word_1_316' title='bbox 1047 2739 1145 2810; x_wconf 88' lang='grc' dir='ltr'><strong>τῆς</strong></span> <span class='ocrx_word' id='word_1_317' title='bbox 1190 2738 1404 2808; x_wconf 80' lang='grc' dir='ltr'>φύσεως</span> <span class='ocrx_word' id='word_1_318' title='bbox 1439 2735 1631 2809; x_wconf 78' lang='grc' dir='ltr'>ὁρίζει,</span> <span class='ocrx_word' id='word_1_319' title='bbox 1681 2737 1855 2808; x_wconf 74' lang='grc' dir='ltr'>ἄκραν</span> 
     </span>
    </p>
   </div>
   <div class='ocr_carea' id='block_1_43' title="bbox 281 2827 1836 2912">
    <p class='ocr_par' dir='ltr' id='par_1_43' title="bbox 281 2827 1836 2912">
     <span class='ocr_line' id='line_1_43' title="bbox 281 2827 1836 2912; baseline -0.007 -23"><span class='ocrx_word' id='word_1_320' title='bbox 281 2835 343 2889; x_wconf 86' lang='grc' dir='ltr'>δὲ</span> <span class='ocrx_word' id='word_1_321' title='bbox 379 2837 473 2888; x_wconf 76' lang='grc' dir='ltr'>καὶ</span> <span class='ocrx_word' id='word_1_322' title='bbox 497 2836 594 2906; x_wconf 83' lang='grc' dir='ltr'>τὴν</span> <span class='ocrx_word' id='word_1_323' title='bbox 619 2834 878 2889; x_wconf 82' lang='grc' dir='ltr'>ἀνωτάτω</span> <span class='ocrx_word' id='word_1_324' title='bbox 917 2829 1233 2899; x_wconf 88' lang='grc' dir='ltr'>συγγένειαν</span> <span class='ocrx_word' id='word_1_325' title='bbox 1257 2830 1458 2899; x_wconf 76' lang='grc' dir='ltr'>ἀμφοῖν</span> <span class='ocrx_word' id='word_1_326' title='bbox 1482 2827 1752 2898; x_wconf 85' lang='grc' dir='ltr'>ὁμολογεῖ.</span> <span class='ocrx_word' id='word_1_327' title='bbox 1819 2907 1836 2912; x_wconf 33' lang='grc' dir='ltr'><strong><em>Α</em></strong></span> 
     </span>
    </p>
   </div>
   <div class='ocr_carea' id='block_1_44' title="bbox 358 3097 1861 3170">
    <p class='ocr_par' dir='ltr' id='par_1_44' title="bbox 358 3097 1861 3170">
     <span class='ocr_line' id='line_1_44' title="bbox 358 3097 1861 3170; baseline -0.001 -16"><span class='ocrx_word' id='word_1_328' title='bbox 358 3102 484 3155; x_wconf 78' lang='grc' dir='ltr'>Είτε</span> <span class='ocrx_word' id='word_1_329' title='bbox 539 3099 648 3170; x_wconf 77' lang='grc' dir='ltr'>γὰρ</span> <span class='ocrx_word' id='word_1_330' title='bbox 703 3097 1107 3168; x_wconf 81' lang='grc' dir='ltr'>ἀγανακτοῦσα,</span> <span class='ocrx_word' id='word_1_331' title='bbox 1157 3100 1296 3169; x_wconf 81' lang='grc' dir='ltr'>ὅπερ</span> <span class='ocrx_word' id='word_1_332' title='bbox 1350 3097 1612 3169; x_wconf 80' lang='grc' dir='ltr'>λογισμοῦ</span> <span class='ocrx_word' id='word_1_333' title='bbox 1661 3098 1861 3168; x_wconf 88' lang='grc' dir='ltr'>δεῖγμα</span> 
     </span>
    </p>
   </div>
   <div class='ocr_carea' id='block_1_45' title="bbox 281 3190 1857 3263">
    <p class='ocr_par' dir='ltr' id='par_1_45' title="bbox 281 3190 1857 3263">
     <span class='ocr_line' id='line_1_45' title="bbox 281 3190 1857 3263; baseline -0.003 -17"><span class='ocrx_word' id='word_1_334' title='bbox 281 3195 562 3263; x_wconf 82' lang='grc' dir='ltr'>τυγχάνει,</span> <span class='ocrx_word' id='word_1_335' title='bbox 596 3192 704 3246; x_wconf 80' lang='grc' dir='ltr'>εἴτε</span> <span class='ocrx_word' id='word_1_336' title='bbox 760 3193 856 3245; x_wconf 76' lang='grc' dir='ltr'><strong>καὶ</strong></span> <span class='ocrx_word' id='word_1_337' title='bbox 909 3191 1251 3262; x_wconf 81' lang='grc' dir='ltr'>ἐπιθυμοῦσα</span> <span class='ocrx_word' id='word_1_338' title='bbox 1298 3191 1526 3244; x_wconf 82' lang='grc' dir='ltr'>κατέπιε</span> <span class='ocrx_word' id='word_1_339' title='bbox 1571 3191 1632 3243; x_wconf 85' lang='grc' dir='ltr'><strong>τὸ</strong></span> <span class='ocrx_word' id='word_1_340' title='bbox 1672 3190 1857 3260; x_wconf 83' lang='grc' dir='ltr'>φανὲν,</span> 
     </span>
    </p>
   </div>
   <div class='ocr_carea' id='block_1_46' title="bbox 283 3282 1860 3358">
    <p class='ocr_par' dir='ltr' id='par_1_46' title="bbox 283 3282 1860 3358">
     <span class='ocr_line' id='line_1_46' title="bbox 283 3282 1860 3358; baseline -0.003 -17"><span class='ocrx_word' id='word_1_341' title='bbox 283 3288 500 3358; x_wconf 83' lang='grc' dir='ltr'>φύσεως</span> <span class='ocrx_word' id='word_1_342' title='bbox 531 3286 787 3358; x_wconf 77' lang='grc' dir='ltr'>ἄντικρυς</span> <span class='ocrx_word' id='word_1_343' title='bbox 822 3285 1074 3340; x_wconf 86' lang='grc' dir='ltr'>κοινωνία</span> <span class='ocrx_word' id='word_1_344' title='bbox 1114 3284 1284 3339; x_wconf 87' lang='grc' dir='ltr'>ταῦτα</span> <span class='ocrx_word' id='word_1_345' title='bbox 1311 3285 1507 3353; x_wconf 84' lang='grc' dir='ltr'>γένοιτ’</span> <span class='ocrx_word' id='word_1_346' title='bbox 1533 3285 1597 3338; x_wconf 82' lang='grc' dir='ltr'>ἄν</span> <span class='ocrx_word' id='word_1_347' title='bbox 1618 3301 1630 3314; x_wconf 91' lang='grc'><strong>·</strong></span> <span class='ocrx_word' id='word_1_348' title='bbox 1666 3285 1715 3336; x_wconf 83' lang='grc' dir='ltr'>εἰ</span> <span class='ocrx_word' id='word_1_349' title='bbox 1752 3282 1860 3354; x_wconf 82' lang='grc' dir='ltr'>γὰρ</span> 
     </span>
    </p>
   </div>
   <div class='ocr_carea' id='block_1_47' title="bbox 282 3375 1864 3450">
    <p class='ocr_par' dir='ltr' id='par_1_47' title="bbox 282 3375 1864 3450">
     <span class='ocr_line' id='line_1_47' title="bbox 282 3375 1864 3450; baseline -0.004 -15"><span class='ocrx_word' id='word_1_350' title='bbox 282 3382 471 3449; x_wconf 82' lang='grc' dir='ltr'>ἄκρως</span> <span class='ocrx_word' id='word_1_351' title='bbox 504 3379 742 3450; x_wconf 80' lang='grc' dir='ltr'>ὑπῆρχεν</span> <span class='ocrx_word' id='word_1_352' title='bbox 775 3379 1012 3440; x_wconf 79' lang='grc' dir='ltr'>ἐναντία,</span> <span class='ocrx_word' id='word_1_353' title='bbox 1057 3377 1321 3447; x_wconf 83' lang='grc' dir='ltr'>συνῆλθεν</span> <span class='ocrx_word' id='word_1_354' title='bbox 1363 3376 1612 3446; x_wconf 77' lang='grc' dir='ltr'>οὐδαμῶς</span> <span class='ocrx_word' id='word_1_355' title='bbox 1641 3377 1706 3430; x_wconf 85' lang='grc' dir='ltr'><strong>ἂν</strong></span> <span class='ocrx_word' id='word_1_356' title='bbox 1736 3375 1864 3429; x_wconf 88' lang='grc' dir='ltr'>ἐκά-</span> 
     </span>
    </p>
   </div>
   <div class='ocr_carea' id='block_1_48' title="bbox 286 3467 1864 3542">
    <p class='ocr_par' dir='ltr' id='par_1_48' title="bbox 286 3467 1864 3542">
     <span class='ocr_line' id='line_1_48' title="bbox 286 3467 1864 3542; baseline -0.003 -18"><span class='ocrx_word' id='word_1_357' title='bbox 286 3488 444 3542; x_wconf 86' lang='grc' dir='ltr'>τερα.</span> <span class='ocrx_word' id='word_1_358' title='bbox 478 3470 554 3524; x_wconf 85' lang='grc' dir='ltr'><strong>Οὐ</strong></span> <span class='ocrx_word' id='word_1_359' title='bbox 599 3469 804 3523; x_wconf 84' lang='grc' dir='ltr'>συνεῖδε</span> <span class='ocrx_word' id='word_1_360' title='bbox 835 3469 891 3522; x_wconf 82' lang='grc' dir='ltr'>δὲ</span> <span class='ocrx_word' id='word_1_361' title='bbox 930 3469 1065 3538; x_wconf 81' lang='grc' dir='ltr'>πρὸς</span> <span class='ocrx_word' id='word_1_362' title='bbox 1092 3471 1206 3532; x_wconf 87' lang='grc' dir='ltr'>τοῖς</span> <span class='ocrx_word' id='word_1_363' title='bbox 1234 3468 1410 3532; x_wconf 80' lang='grc' dir='ltr'>ἄλλοις</span> <span class='ocrx_word' id='word_1_364' title='bbox 1441 3467 1711 3538; x_wconf 87' lang='grc' dir='ltr'>βάρϐαρος</span> <span class='ocrx_word' id='word_1_365' title='bbox 1743 3467 1864 3520; x_wconf 86' lang='grc' dir='ltr'><strong>οὐδέ</strong></span> 
     </span>
    </p>
   </div>
   <div class='ocr_carea' id='block_1_49' title="bbox 287 3559 1863 3630">
    <p class='ocr_par' dir='ltr' id='par_1_49' title="bbox 287 3559 1863 3630">
     <span class='ocr_line' id='line_1_49' title="bbox 287 3559 1863 3630; baseline -0.003 -15"><span class='ocrx_word' id='word_1_366' title='bbox 287 3561 467 3624; x_wconf 86' lang='grc' dir='ltr'>τοῦτο,</span> <span class='ocrx_word' id='word_1_367' title='bbox 493 3562 628 3630; x_wconf 79' lang='grc' dir='ltr'>ὁτιή</span> <span class='ocrx_word' id='word_1_368' title='bbox 663 3559 1028 3614; x_wconf 82' lang='grc' dir='ltr'>ἀποσταλεῖσα</span> <span class='ocrx_word' id='word_1_369' title='bbox 1057 3559 1208 3630; x_wconf 86' lang='grc' dir='ltr'><strong>παρά</strong></span> <span class='ocrx_word' id='word_1_370' title='bbox 1250 3560 1342 3612; x_wconf 83' lang='grc' dir='ltr'><strong>τοῦ</strong></span> <span class='ocrx_word' id='word_1_371' title='bbox 1370 3559 1504 3612; x_wconf 84' lang='grc' dir='ltr'>Θεοῦ</span> <span class='ocrx_word' id='word_1_372' title='bbox 1533 3560 1783 3630; x_wconf 85' lang='grc' dir='ltr'>δύναμις,</span> <span class='ocrx_word' id='word_1_373' title='bbox 1815 3560 1863 3611; x_wconf 88' lang='grc' dir='ltr'>εἰ</span> 
     </span>
    </p>
   </div>
   <div class='ocr_carea' id='block_1_50' title="bbox 292 3648 1861 3725">
    <p class='ocr_par' dir='ltr' id='par_1_50' title="bbox 292 3648 1861 3725">
     <span class='ocr_line' id='line_1_50' title="bbox 292 3648 1861 3725; baseline -0.003 -19"><span class='ocrx_word' id='word_1_374' title='bbox 292 3654 395 3725; x_wconf 82' lang='grc' dir='ltr'><strong>μὲν</strong></span> <span class='ocrx_word' id='word_1_375' title='bbox 422 3652 706 3725; x_wconf 67' lang='grc' dir='ltr'>ἀσώματος</span> <span class='ocrx_word' id='word_1_376' title='bbox 744 3648 832 3723; x_wconf 83' lang='grc' dir='ltr'>ἦν,</span> <span class='ocrx_word' id='word_1_377' title='bbox 883 3651 1056 3722; x_wconf 79' lang='grc' dir='ltr'>τομὴν</span> <span class='ocrx_word' id='word_1_378' title='bbox 1101 3651 1353 3721; x_wconf 87' lang='grc' dir='ltr'>οὐδεμίαν</span> <span class='ocrx_word' id='word_1_379' title='bbox 1386 3650 1717 3723; x_wconf 78' lang='grc' dir='ltr'>παρεδέξατο</span> <span class='ocrx_word' id='word_1_380' title='bbox 1767 3651 1861 3706; x_wconf 80' lang='grc' dir='ltr'><strong>ἄν·</strong></span> 
     </span>
    </p>
   </div>
   <div class='ocr_carea' id='block_1_51' title="bbox 290 3741 1865 3816">
    <p class='ocr_par' dir='ltr' id='par_1_51' title="bbox 290 3741 1865 3816">
     <span class='ocr_line' id='line_1_51' title="bbox 290 3741 1865 3816; baseline -0.004 -17"><span class='ocrx_word' id='word_1_381' title='bbox 290 3745 369 3808; x_wconf 86' lang='grc' dir='ltr'>ὼς</span> <span class='ocrx_word' id='word_1_382' title='bbox 405 3746 666 3816; x_wconf 83' lang='grc' dir='ltr'>μηδαμῶς</span> <span class='ocrx_word' id='word_1_383' title='bbox 710 3742 1185 3813; x_wconf 88' lang='grc' dir='ltr'>καταδιαιρεθῆναι</span> <span class='ocrx_word' id='word_1_384' title='bbox 1233 3741 1490 3795; x_wconf 88' lang='grc' dir='ltr'>δύνασθαι</span> <span class='ocrx_word' id='word_1_385' title='bbox 1520 3742 1640 3796; x_wconf 88' lang='grc' dir='ltr'>κατ’</span> <span class='ocrx_word' id='word_1_386' title='bbox 1681 3741 1865 3794; x_wconf 88' lang='grc' dir='ltr'>οὐσίαν</span> 
     </span>
    </p>
   </div>
   <div class='ocr_carea' id='block_1_52' title="bbox 290 3833 1862 3906">
    <p class='ocr_par' dir='ltr' id='par_1_52' title="bbox 290 3833 1862 3906">
     <span class='ocr_line' id='line_1_52' title="bbox 290 3833 1862 3906; baseline -0.005 -14"><span class='ocrx_word' id='word_1_387' title='bbox 290 3841 374 3902; x_wconf 85' lang='grc' dir='ltr'><strong>είς</strong></span> <span class='ocrx_word' id='word_1_388' title='bbox 412 3837 510 3902; x_wconf 71' lang='grc' dir='ltr'><strong>τὰς</strong></span> <span class='ocrx_word' id='word_1_389' title='bbox 553 3838 802 3899; x_wconf 86' lang='grc' dir='ltr'>ἐναντίας</span> <span class='ocrx_word' id='word_1_390' title='bbox 843 3835 1114 3906; x_wconf 82' lang='grc' dir='ltr'>δυνάμείς,</span> <span class='ocrx_word' id='word_1_391' title='bbox 1150 3835 1285 3906; x_wconf 88' lang='grc' dir='ltr'>μήτε</span> <span class='ocrx_word' id='word_1_392' title='bbox 1329 3833 1436 3906; x_wconf 84' lang='grc' dir='ltr'><strong>μὴν</strong></span> <span class='ocrx_word' id='word_1_393' title='bbox 1460 3833 1862 3904; x_wconf 86' lang='grc' dir='ltr'>καταποθῆναι·</span> 
     </span>
    </p>
   </div>
   <div class='ocr_carea' id='block_1_53' title="bbox 291 3925 1867 4002">
    <p class='ocr_par' dir='ltr' id='par_1_53' title="bbox 291 3925 1867 4002">
     <span class='ocr_line' id='line_1_53' title="bbox 291 3925 1867 4002; baseline -0.004 -18"><span class='ocrx_word' id='word_1_394' title='bbox 291 3930 356 3984; x_wconf 75' lang='grc' dir='ltr'><strong>τὸ</strong></span> <span class='ocrx_word' id='word_1_395' title='bbox 385 3931 494 4002; x_wconf 82' lang='grc' dir='ltr'><strong>γὰρ</strong></span> <span class='ocrx_word' id='word_1_396' title='bbox 528 3929 816 4000; x_wconf 86' lang='grc' dir='ltr'>ἀσώματον</span> <span class='ocrx_word' id='word_1_397' title='bbox 838 3930 958 3982; x_wconf 87' lang='grc' dir='ltr'>τίνα</span> <span class='ocrx_word' id='word_1_398' title='bbox 989 3928 1054 3982; x_wconf 86' lang='grc' dir='ltr'><strong>ἂν</strong></span> <span class='ocrx_word' id='word_1_399' title='bbox 1085 3926 1416 3997; x_wconf 87' lang='grc' dir='ltr'>καταποθείη</span> <span class='ocrx_word' id='word_1_400' title='bbox 1435 3927 1668 3998; x_wconf 87' lang='grc' dir='ltr'>τρόπον;</span> <span class='ocrx_word' id='word_1_401' title='bbox 1712 3926 1774 3978; x_wconf 78' lang='lat' dir='ltr'><strong>Et</strong></span> <span class='ocrx_word' id='word_1_402' title='bbox 1810 3925 1867 3977; x_wconf 84' lang='grc' dir='ltr'><strong>δέ</strong></span> 
     </span>
    </p>
   </div>
   <div class='ocr_carea' id='block_1_54' title="bbox 296 4020 1870 4095">
    <p class='ocr_par' dir='ltr' id='par_1_54' title="bbox 296 4020 1870 4095">
     <span class='ocr_line' id='line_1_54' title="bbox 296 4020 1870 4095; baseline -0.005 -19"><span class='ocrx_word' id='word_1_403' title='bbox 296 4023 605 4095; x_wconf 81' lang='grc' dir='ltr'>σωματικὴ,</span> <span class='ocrx_word' id='word_1_404' title='bbox 638 4024 745 4076; x_wconf 84' lang='grc' dir='ltr'>πᾶν</span> <span class='ocrx_word' id='word_1_405' title='bbox 779 4022 935 4093; x_wconf 90' lang='grc' dir='ltr'>σῶμα</span> <span class='ocrx_word' id='word_1_406' title='bbox 963 4021 1433 4092; x_wconf 82' lang='grc' dir='ltr'>κατατεμνόμενον</span> <span class='ocrx_word' id='word_1_407' title='bbox 1473 4020 1568 4072; x_wconf 76' lang='grc' dir='ltr'>καὶ</span> <span class='ocrx_word' id='word_1_408' title='bbox 1600 4034 1870 4088; x_wconf 84' lang='grc' dir='ltr'>κατακερ-</span> 
     </span>
    </p>
   </div>
   <div class='ocr_carea' id='block_1_55' title="bbox 299 4112 1870 4188">
    <p class='ocr_par' dir='ltr' id='par_1_55' title="bbox 299 4112 1870 4188">
     <span class='ocr_line' id='line_1_55' title="bbox 299 4112 1870 4188; baseline -0.005 -18"><span class='ocrx_word' id='word_1_409' title='bbox 299 4118 658 4188; x_wconf 83' lang='grc' dir='ltr'>ματιςόμενον</span> <span class='ocrx_word' id='word_1_410' title='bbox 691 4117 992 4187; x_wconf 86' lang='grc' dir='ltr'>ἀναιρεῖται</span> <span class='ocrx_word' id='word_1_411' title='bbox 1015 4117 1212 4187; x_wconf 85' lang='grc' dir='ltr'>τρόπον</span> <span class='ocrx_word' id='word_1_412' title='bbox 1249 4113 1389 4175; x_wconf 79' lang='grc' dir='ltr'>τινά,</span> <span class='ocrx_word' id='word_1_413' title='bbox 1429 4113 1520 4166; x_wconf 69' lang='grc' dir='ltr'><strong>καὶ</strong></span> <span class='ocrx_word' id='word_1_414' title='bbox 1549 4113 1648 4184; x_wconf 77' lang='grc' dir='ltr'><strong>ζῇν</strong></span> <span class='ocrx_word' id='word_1_415' title='bbox 1689 4112 1870 4164; x_wconf 83' lang='grc' dir='ltr'>οὐκέτι</span> 
     </span>
    </p>
   </div>
   <div class='ocr_carea' id='block_1_56' title="bbox 295 4199 1871 4281">
    <p class='ocr_par' dir='ltr' id='par_1_56' title="bbox 295 4199 1871 4281">
     <span class='ocr_line' id='line_1_56' title="bbox 295 4199 1871 4281; baseline -0.004 -16"><span class='ocrx_word' id='word_1_416' title='bbox 295 4211 520 4265; x_wconf 85' lang='grc' dir='ltr'>δύναται</span> <span class='ocrx_word' id='word_1_417' title='bbox 549 4210 646 4281; x_wconf 80' lang='grc' dir='ltr'>τὴν</span> <span class='ocrx_word' id='word_1_418' title='bbox 695 4209 828 4264; x_wconf 81' lang='grc' dir='ltr'>ἰδίαν</span> <span class='ocrx_word' id='word_1_419' title='bbox 868 4209 1032 4277; x_wconf 82' lang='grc' dir='ltr'>ζωήν.</span> <span class='ocrx_word' id='word_1_420' title='bbox 1075 4207 1370 4280; x_wconf 87' lang='grc' dir='ltr'>Τοιγαροῦν</span> <span class='ocrx_word' id='word_1_421' title='bbox 1416 4207 1450 4278; x_wconf 80' lang='grc' dir='ltr'>ἢ</span> <span class='ocrx_word' id='word_1_422' title='bbox 1489 4207 1778 4278; x_wconf 87' lang='grc' dir='ltr'>ἀσώματος</span> <span class='ocrx_word' id='word_1_423' title='bbox 1803 4199 1871 4275; x_wconf 83' lang='grc' dir='ltr'>ἦν</span> 
     </span>
    </p>
   </div>
   <div class='ocr_carea' id='block_1_57' title="bbox 297 4297 1870 4374">
    <p class='ocr_par' dir='ltr' id='par_1_57' title="bbox 297 4297 1870 4374">
     <span class='ocr_line' id='line_1_57' title="bbox 297 4297 1870 4374; baseline -0.004 -19"><span class='ocrx_word' id='word_1_424' title='bbox 297 4305 335 4374; x_wconf 78' lang='grc' dir='ltr'>ἡ</span> <span class='ocrx_word' id='word_1_425' title='bbox 367 4302 734 4355; x_wconf 83' lang='grc' dir='ltr'>ἀποσταλεῖσα</span> <span class='ocrx_word' id='word_1_426' title='bbox 769 4301 917 4372; x_wconf 74' lang='grc' dir='ltr'>παρὰ</span> <span class='ocrx_word' id='word_1_427' title='bbox 950 4301 1042 4355; x_wconf 86' lang='grc' dir='ltr'><strong>τοῦ</strong></span> <span class='ocrx_word' id='word_1_428' title='bbox 1074 4300 1277 4368; x_wconf 81' lang='grc' dir='ltr'>ἀγαθοῦ</span> <span class='ocrx_word' id='word_1_429' title='bbox 1313 4301 1560 4370; x_wconf 83' lang='grc' dir='ltr'>δύναμις,</span> <span class='ocrx_word' id='word_1_430' title='bbox 1598 4298 1692 4351; x_wconf 57' lang='grc' dir='ltr'><strong>καί¹</strong></span> <span class='ocrx_word' id='word_1_431' title='bbox 1712 4297 1870 4350; x_wconf 89' lang='grc' dir='ltr'>οὐδα-</span> 
     </span>
    </p>
   </div>
   <div class='ocr_carea' id='block_1_58' title="bbox 300 4389 1868 4466">
    <p class='ocr_par' dir='ltr' id='par_1_58' title="bbox 300 4389 1868 4466">
     <span class='ocr_line' id='line_1_58' title="bbox 300 4389 1868 4466; baseline -0.003 -19"><span class='ocrx_word' id='word_1_432' title='bbox 300 4395 420 4466; x_wconf 84' lang='grc' dir='ltr'><strong>μῶς</strong></span> <span class='ocrx_word' id='word_1_433' title='bbox 457 4393 580 4448; x_wconf 78' lang='grc' dir='ltr'>οὐτε</span> <span class='ocrx_word' id='word_1_434' title='bbox 625 4395 918 4464; x_wconf 87' lang='grc' dir='ltr'>κατεπόθη,</span> <span class='ocrx_word' id='word_1_435' title='bbox 963 4392 1084 4448; x_wconf 74' lang='grc' dir='ltr'>οὗτε</span> <span class='ocrx_word' id='word_1_436' title='bbox 1128 4396 1206 4457; x_wconf 83' lang='grc' dir='ltr'>εἰς</span> <span class='ocrx_word' id='word_1_437' title='bbox 1236 4393 1460 4456; x_wconf 74' lang='grc' dir='ltr'>πολλοὺς</span> <span class='ocrx_word' id='word_1_438' title='bbox 1500 4391 1746 4463; x_wconf 80' lang='grc' dir='ltr'>διῃρέθη,</span> <span class='ocrx_word' id='word_1_439' title='bbox 1775 4389 1868 4442; x_wconf 80' lang='grc' dir='ltr'><strong>καὶ</strong></span> 
     </span>
    </p>
   </div>
   <div class='ocr_carea' id='block_1_59' title="bbox 296 4480 1864 4554">
    <p class='ocr_par' dir='ltr' id='par_1_59' title="bbox 296 4480 1864 4554">
     <span class='ocr_line' id='line_1_59' title="bbox 296 4480 1864 4554; baseline -0.003 -16"><span class='ocrx_word' id='word_1_440' title='bbox 296 4485 592 4552; x_wconf 83' lang='grc' dir='ltr'>πέπαυται,</span> <span class='ocrx_word' id='word_1_441' title='bbox 618 4486 711 4538; x_wconf 73' lang='grc' dir='ltr'><strong>καὶ</strong></span> <span class='ocrx_word' id='word_1_442' title='bbox 745 4484 886 4538; x_wconf 72' lang='grc' dir='ltr'>οὕτω</span> <span class='ocrx_word' id='word_1_443' title='bbox 916 4485 1188 4547; x_wconf 85' lang='grc' dir='ltr'>παντελῶς</span> <span class='ocrx_word' id='word_1_444' title='bbox 1217 4485 1245 4536; x_wconf 84' lang='grc' dir='ltr'>ὁ</span> <span class='ocrx_word' id='word_1_445' title='bbox 1281 4483 1445 4554; x_wconf 82' lang='grc' dir='ltr'>μῦθος</span> <span class='ocrx_word' id='word_1_446' title='bbox 1469 4499 1482 4513; x_wconf 76' lang='grc' dir='ltr'><strong>ο</strong></span> <span class='ocrx_word' id='word_1_447' title='bbox 1514 4483 1547 4553; x_wconf 81' lang='grc' dir='ltr'>ἢ</span> <span class='ocrx_word' id='word_1_448' title='bbox 1581 4480 1864 4552; x_wconf 80' lang='grc' dir='ltr'>σωματικὴ</span> 
     </span>
    </p>
   </div>
   <div class='ocr_carea' id='block_1_60' title="bbox 294 4573 1867 4648">
    <p class='ocr_par' dir='ltr' id='par_1_60' title="bbox 294 4573 1867 4648">
     <span class='ocr_line' id='line_1_60' title="bbox 294 4573 1867 4648; baseline -0.002 -20"><span class='ocrx_word' id='word_1_449' title='bbox 294 4595 382 4640; x_wconf 83' lang='grc' dir='ltr'><strong>τις</strong></span> <span class='ocrx_word' id='word_1_450' title='bbox 403 4577 664 4647; x_wconf 81' lang='grc' dir='ltr'>ἐτύγχανε</span> <span class='ocrx_word' id='word_1_451' title='bbox 689 4577 782 4630; x_wconf 76' lang='grc' dir='ltr'><strong>καὶ</strong></span> <span class='ocrx_word' id='word_1_452' title='bbox 811 4575 1074 4648; x_wconf 80' lang='grc' dir='ltr'>ἀνῄρηται</span> <span class='ocrx_word' id='word_1_453' title='bbox 1101 4579 1299 4646; x_wconf 88' lang='grc' dir='ltr'>πάντη,</span> <span class='ocrx_word' id='word_1_454' title='bbox 1336 4576 1428 4630; x_wconf 76' lang='grc' dir='ltr'>καὶ</span> <span class='ocrx_word' id='word_1_455' title='bbox 1461 4575 1703 4628; x_wconf 86' lang='grc' dir='ltr'>ἀπόλωλε</span> <span class='ocrx_word' id='word_1_456' title='bbox 1729 4573 1867 4646; x_wconf 85' lang='grc' dir='ltr'>πρὸς</span> 
     </span>
    </p>
   </div>
   <div class='ocr_carea' id='block_1_61' title="bbox 295 4661 1864 4739">
    <p class='ocr_par' dir='ltr' id='par_1_61' title="bbox 295 4661 1864 4739">
     <span class='ocr_line' id='line_1_61' title="bbox 295 4661 1864 4739; baseline -0.001 -19"><span class='ocrx_word' id='word_1_457' title='bbox 295 4670 399 4737; x_wconf 82' lang='grc' dir='ltr'><strong>τῆς</strong></span> <span class='ocrx_word' id='word_1_458' title='bbox 445 4669 661 4732; x_wconf 87' lang='grc' dir='ltr'>κακίας,</span> <span class='ocrx_word' id='word_1_459' title='bbox 711 4670 848 4739; x_wconf 86' lang='grc' dir='ltr'>ὅπερ</span> <span class='ocrx_word' id='word_1_460' title='bbox 885 4669 999 4721; x_wconf 78' lang='grc' dir='ltr'>ἐστὶ</span> <span class='ocrx_word' id='word_1_461' title='bbox 1052 4661 1425 4739; x_wconf 80' lang='grc' dir='ltr'>χαλεπῶτερον</span> <span class='ocrx_word' id='word_1_462' title='bbox 1468 4670 1546 4731; x_wconf 86' lang='grc' dir='ltr'>εἰς</span> <span class='ocrx_word' id='word_1_463' title='bbox 1587 4667 1741 4739; x_wconf 75' lang='grc' dir='ltr'>ὓϐριν</span> <span class='ocrx_word' id='word_1_464' title='bbox 1771 4666 1864 4719; x_wconf 88' lang='grc' dir='ltr'><strong>τοῦ</strong></span> 
     </span>
    </p>
   </div>
   <div class='ocr_carea' id='block_1_62' title="bbox 295 4756 1864 4832">
    <p class='ocr_par' dir='ltr' id='par_1_62' title="bbox 295 4756 1864 4832">
     <span class='ocr_line' id='line_1_62' title="bbox 295 4756 1864 4832; baseline -0.003 -18"><span class='ocrx_word' id='word_1_465' title='bbox 295 4759 537 4828; x_wconf 81' lang='grc' dir='ltr'>ἀγαθοῦ·</span> <span class='ocrx_word' id='word_1_466' title='bbox 589 4760 786 4830; x_wconf 79' lang='grc' dir='ltr'>μᾶλλον</span> <span class='ocrx_word' id='word_1_467' title='bbox 829 4760 883 4813; x_wconf 88' lang='grc' dir='ltr'>δὲ</span> <span class='ocrx_word' id='word_1_468' title='bbox 917 4759 1274 4832; x_wconf 83' lang='grc' dir='ltr'>ίσχυρώτερον</span> <span class='ocrx_word' id='word_1_469' title='bbox 1312 4764 1390 4824; x_wconf 86' lang='grc' dir='ltr'><strong>είς</strong></span> <span class='ocrx_word' id='word_1_470' title='bbox 1430 4759 1735 4829; x_wconf 76' lang='grc' dir='ltr'>ἀνασκευὴν</span> <span class='ocrx_word' id='word_1_471' title='bbox 1770 4756 1864 4811; x_wconf 84' lang='grc' dir='ltr'><strong>τοῦ</strong></span> 
     </span>
    </p>
   </div>
   <div class='ocr_carea' id='block_1_63' title="bbox 301 4848 1868 4922">
    <p class='ocr_par' dir='ltr' id='par_1_63' title="bbox 301 4848 1868 4922">
     <span class='ocr_line' id='line_1_63' title="bbox 301 4848 1868 4922; baseline 0 -21"><span class='ocrx_word' id='word_1_472' title='bbox 301 4848 476 4921; x_wconf 87' lang='grc' dir='ltr'>μύθου</span> <span class='ocrx_word' id='word_1_473' title='bbox 501 4867 515 4882; x_wconf 77' lang='grc' dir='ltr'><strong><em>ο</em></strong></span> <span class='ocrx_word' id='word_1_474' title='bbox 548 4851 706 4921; x_wconf 89' lang='grc' dir='ltr'>σῶμα</span> <span class='ocrx_word' id='word_1_475' title='bbox 733 4851 841 4922; x_wconf 76' lang='grc' dir='ltr'>γὰρ</span> <span class='ocrx_word' id='word_1_476' title='bbox 863 4853 981 4906; x_wconf 80' lang='grc' dir='ltr'>καθ’</span> <span class='ocrx_word' id='word_1_477' title='bbox 1015 4850 1175 4904; x_wconf 78' lang='grc' dir='ltr'>ἑαυτὸ</span> <span class='ocrx_word' id='word_1_478' title='bbox 1205 4851 1470 4922; x_wconf 80' lang='grc' dir='ltr'>διαιρεθὲν</span> <span class='ocrx_word' id='word_1_479' title='bbox 1493 4851 1582 4903; x_wconf 76' lang='grc' dir='ltr'><strong>καὶ</strong></span> <span class='ocrx_word' id='word_1_480' title='bbox 1613 4849 1868 4922; x_wconf 85' lang='grc' dir='ltr'>διασκορ-</span> 
     </span>
    </p>
   </div>
   <div class='ocr_carea' id='block_1_64' title="bbox 298 4938 1866 5014">
    <p class='ocr_par' dir='ltr' id='par_1_64' title="bbox 298 4938 1866 5014">
     <span class='ocr_line' id='line_1_64' title="bbox 298 4938 1866 5014; baseline 0.001 -22"><span class='ocrx_word' id='word_1_481' title='bbox 298 4938 514 5004; x_wconf 87' lang='grc' dir='ltr'>πισθέν,</span> <span class='ocrx_word' id='word_1_482' title='bbox 539 4941 680 5011; x_wconf 85' lang='grc' dir='ltr'>(νοῦς</span> <span class='ocrx_word' id='word_1_483' title='bbox 703 4942 810 5013; x_wconf 83' lang='grc' dir='ltr'>γὰρ</span> <span class='ocrx_word' id='word_1_484' title='bbox 833 4944 892 4995; x_wconf 85' lang='grc' dir='ltr'><strong>οὐ</strong></span> <span class='ocrx_word' id='word_1_485' title='bbox 919 4943 1246 5014; x_wconf 83' lang='grc' dir='ltr'>διαιρεῖται),</span> <span class='ocrx_word' id='word_1_486' title='bbox 1264 4942 1419 4996; x_wconf 87' lang='grc' dir='ltr'>ποίαν</span> <span class='ocrx_word' id='word_1_487' title='bbox 1440 4942 1550 5013; x_wconf 71' lang='grc' dir='ltr'>ἔχει</span> <span class='ocrx_word' id='word_1_488' title='bbox 1568 4941 1666 5013; x_wconf 81' lang='grc' dir='ltr'><strong>τὴν</strong></span> <span class='ocrx_word' id='word_1_489' title='bbox 1696 4944 1866 5012; x_wconf 76' lang='grc' dir='ltr'>ἰσχὺν,</span> 
     </span>
    </p>
   </div>
   <div class='ocr_carea' id='block_1_65' title="bbox 298 5030 1867 5106">
    <p class='ocr_par' dir='ltr' id='par_1_65' title="bbox 298 5030 1867 5106">
     <span class='ocr_line' id='line_1_65' title="bbox 298 5030 1867 5106; baseline 0.001 -23"><span class='ocrx_word' id='word_1_490' title='bbox 298 5030 443 5084; x_wconf 79' lang='grc' dir='ltr'>ὥστε</span> <span class='ocrx_word' id='word_1_491' title='bbox 469 5034 786 5087; x_wconf 83' lang='grc' dir='ltr'>ὑποτάττειν</span> <span class='ocrx_word' id='word_1_492' title='bbox 813 5033 912 5106; x_wconf 83' lang='grc' dir='ltr'><strong>τὴν</strong></span> <span class='ocrx_word' id='word_1_493' title='bbox 933 5035 1148 5097; x_wconf 87' lang='grc' dir='ltr'>κακίαν,</span> <span class='ocrx_word' id='word_1_494' title='bbox 1179 5033 1240 5087; x_wconf 80' lang='grc' dir='ltr'>τὸ</span> <span class='ocrx_word' id='word_1_495' title='bbox 1268 5034 1534 5106; x_wconf 78' lang='grc' dir='ltr'>τοσαύτην</span> <span class='ocrx_word' id='word_1_496' title='bbox 1568 5051 1626 5103; x_wconf 86' lang='grc' dir='ltr'><strong>γε</strong></span> <span class='ocrx_word' id='word_1_497' title='bbox 1665 5034 1867 5104; x_wconf 79' lang='grc' dir='ltr'>βλάϐην</span> 
     </span>
    </p>
   </div>
   <div class='ocr_carea' id='block_1_66' title="bbox 299 5124 1871 5199">
    <p class='ocr_par' dir='ltr' id='par_1_66' title="bbox 299 5124 1871 5199">
     <span class='ocr_line' id='line_1_66' title="bbox 299 5124 1871 5199; baseline 0.001 -22"><span class='ocrx_word' id='word_1_498' title='bbox 299 5126 398 5177; x_wconf 77' lang='grc' dir='ltr'>καὶ</span> <span class='ocrx_word' id='word_1_499' title='bbox 430 5124 584 5195; x_wconf 80' lang='grc' dir='ltr'>ὓϐριν</span> <span class='ocrx_word' id='word_1_500' title='bbox 617 5129 696 5192; x_wconf 85' lang='grc' dir='ltr'><strong>είς</strong></span> <span class='ocrx_word' id='word_1_501' title='bbox 720 5128 818 5199; x_wconf 77' lang='grc' dir='ltr'>τὴν</span> <span class='ocrx_word' id='word_1_502' title='bbox 860 5129 994 5182; x_wconf 76' lang='grc' dir='ltr'>ἰδίαν</span> <span class='ocrx_word' id='word_1_503' title='bbox 1040 5127 1198 5198; x_wconf 78' lang='grc' dir='ltr'>φύσιν</span> <span class='ocrx_word' id='word_1_504' title='bbox 1225 5128 1535 5198; x_wconf 84' lang='grc' dir='ltr'>ὑπομεῖναν,</span> <span class='ocrx_word' id='word_1_505' title='bbox 1575 5129 1650 5192; x_wconf 82' lang='grc' dir='ltr'>ὡς</span> <span class='ocrx_word' id='word_1_506' title='bbox 1681 5127 1871 5196; x_wconf 71' lang='grc' dir='ltr'>ἠφανί-</span> 
     </span>
    </p>
   </div>
   <div class='ocr_carea' id='block_1_67' title="bbox 303 5215 1874 5292">
    <p class='ocr_par' dir='ltr' id='par_1_67' title="bbox 303 5215 1874 5292">
     <span class='ocr_line' id='line_1_67' title="bbox 303 5215 1874 5292; baseline 0.003 -25"><span class='ocrx_word' id='word_1_507' title='bbox 303 5215 429 5268; x_wconf 88' lang='grc' dir='ltr'>σθαι</span> <span class='ocrx_word' id='word_1_508' title='bbox 458 5220 550 5270; x_wconf 74' lang='grc' dir='ltr'><strong>καὶ</strong></span> <span class='ocrx_word' id='word_1_509' title='bbox 580 5219 912 5274; x_wconf 87' lang='grc' dir='ltr'>ἀπολωλέναι</span> <span class='ocrx_word' id='word_1_510' title='bbox 951 5221 1126 5274; x_wconf 88' lang='grc' dir='ltr'>δοκεῖν</span> <span class='ocrx_word' id='word_1_511' title='bbox 1151 5237 1164 5288; x_wconf 90' lang='grc'><strong>;</strong></span> <span class='ocrx_word' id='word_1_512' title='bbox 1194 5219 1349 5273; x_wconf 83' lang='grc' dir='ltr'>τοῦτο</span> <span class='ocrx_word' id='word_1_513' title='bbox 1388 5220 1496 5292; x_wconf 80' lang='grc' dir='ltr'><strong>γὰρ</strong></span> <span class='ocrx_word' id='word_1_514' title='bbox 1528 5220 1660 5273; x_wconf 75' lang='grc' dir='ltr'>ἴδιον</span> <span class='ocrx_word' id='word_1_515' title='bbox 1695 5219 1874 5289; x_wconf 85' lang='grc' dir='ltr'>σώμα-</span> 
     </span>
    </p>
   </div>
   <div class='ocr_carea' id='block_1_68' title="bbox 293 5310 925 5381">
    <p class='ocr_par' dir='ltr' id='par_1_68' title="bbox 293 5310 925 5381">
     <span class='ocr_line' id='line_1_68' title="bbox 293 5310 925 5381; baseline 0.006 -21"><span class='ocrx_word' id='word_1_516' title='bbox 293 5320 398 5370; x_wconf 76' lang='grc' dir='ltr'><strong>τος</strong></span> <span class='ocrx_word' id='word_1_517' title='bbox 435 5325 633 5361; x_wconf 87' lang='grc' dir='ltr'>κατατε</span> <span class='ocrx_word' id='word_1_518' title='bbox 641 5310 925 5381; x_wconf 84' lang='grc' dir='ltr'>μνομένου.</span> 
     </span>
    </p>
   </div>
   <div class='ocr_carea' id='block_1_69' title="bbox 1944 1729 3524 1803">
    <p class='ocr_par' dir='ltr' id='par_1_69' title="bbox 1944 1729 3524 1803">
     <span class='ocr_line' id='line_1_69' title="bbox 1944 1729 3524 1803; baseline -0.002 -15"><span class='ocrx_word' id='word_1_519' title='bbox 1944 1740 2136 1788; x_wconf 87' lang='lat' dir='ltr'><strong>contra</strong></span> <span class='ocrx_word' id='word_1_520' title='bbox 2169 1731 2309 1787; x_wconf 81' lang='lat' dir='ltr'><strong>hanc</strong></span> <span class='ocrx_word' id='word_1_521' title='bbox 2344 1729 2604 1794; x_wconf 83' lang='lat' dir='ltr'><strong>fabulam,</strong></span> <span class='ocrx_word' id='word_1_522' title='bbox 2637 1746 2756 1799; x_wconf 66' lang='lat' dir='ltr'><strong>quae</strong></span> <span class='ocrx_word' id='word_1_523' title='bbox 2794 1729 3096 1786; x_wconf 85' lang='lat' dir='ltr'><strong>consistere</strong></span> <span class='ocrx_word' id='word_1_524' title='bbox 3141 1746 3251 1785; x_wconf 88' lang='lat' dir='ltr'><strong>non</strong></span> <span class='ocrx_word' id='word_1_525' title='bbox 3299 1739 3476 1803; x_wconf 90' lang='lat' dir='ltr'><strong>potest</strong></span> <span class='ocrx_word' id='word_1_526' title='bbox 3509 1750 3524 1785; x_wconf 90' lang='lat'><strong>:</strong></span> 
     </span>
    </p>
   </div>
   <div class='ocr_carea' id='block_1_70' title="bbox 1951 1821 3528 1891">
    <p class='ocr_par' dir='ltr' id='par_1_70' title="bbox 1951 1821 3528 1891">
     <span class='ocr_line' id='line_1_70' title="bbox 1951 1821 3528 1891; baseline -0.003 -9"><span class='ocrx_word' id='word_1_527' title='bbox 1951 1826 1997 1882; x_wconf 89' lang='lat' dir='ltr'><strong>si</strong></span> <span class='ocrx_word' id='word_1_528' title='bbox 2026 1839 2153 1880; x_wconf 87' lang='lat' dir='ltr'><strong>vero</strong></span> <span class='ocrx_word' id='word_1_529' title='bbox 2175 1825 2339 1879; x_wconf 90' lang='lat' dir='ltr'><strong>etiam</strong></span> <span class='ocrx_word' id='word_1_530' title='bbox 2370 1821 2704 1877; x_wconf 87' lang='lat' dir='ltr'><strong>desideravit</strong></span> <span class='ocrx_word' id='word_1_531' title='bbox 2727 1821 2871 1891; x_wconf 87' lang='lat' dir='ltr'><strong>quod</strong></span> <span class='ocrx_word' id='word_1_532' title='bbox 2901 1821 3057 1886; x_wconf 88' lang='lat' dir='ltr'><strong>vidit,</strong></span> <span class='ocrx_word' id='word_1_533' title='bbox 3093 1823 3160 1878; x_wconf 89' lang='lat' dir='ltr'><strong>de</strong></span> <span class='ocrx_word' id='word_1_534' title='bbox 3201 1839 3259 1878; x_wconf 89' lang='lat' dir='ltr'><strong>re</strong></span> <span class='ocrx_word' id='word_1_535' title='bbox 3283 1825 3528 1880; x_wconf 88' lang='lat' dir='ltr'><strong>omnium</strong></span> 
     </span>
    </p>
   </div>
   <div class='ocr_carea' id='block_1_71' title="bbox 1944 1903 3530 1986">
    <p class='ocr_par' dir='ltr' id='par_1_71' title="bbox 1944 1903 3530 1986">
     <span class='ocr_line' id='line_1_71' title="bbox 1944 1903 3530 1986; baseline 0.001 -18"><span class='ocrx_word' id='word_1_536' title='bbox 1944 1915 2148 1986; x_wconf 78' lang='lat' dir='ltr'><strong>optima</strong></span> <span class='ocrx_word' id='word_1_537' title='bbox 2179 1914 2555 1969; x_wconf 88' lang='lat' dir='ltr'><strong>testimonium</strong></span> <span class='ocrx_word' id='word_1_538' title='bbox 2586 1903 2665 1966; x_wconf 86' lang='lat' dir='ltr'><strong>illi</strong></span> <span class='ocrx_word' id='word_1_539' title='bbox 2685 1913 2965 1983; x_wconf 88' lang='lat' dir='ltr'><strong>perhibuit</strong></span> <span class='ocrx_word' id='word_1_540' title='bbox 3009 1914 3170 1968; x_wconf 86' lang='lat' dir='ltr'><strong>homo</strong></span> <span class='ocrx_word' id='word_1_541' title='bbox 3200 1915 3439 1983; x_wconf 86' lang='lat' dir='ltr'><strong>stultus;</strong></span> <span class='ocrx_word' id='word_1_542' title='bbox 3471 1923 3530 1970; x_wconf 91' lang='lat' dir='ltr'><strong>ut</strong></span> 
     </span>
    </p>
   </div>
   <div class='ocr_carea' id='block_1_72' title="bbox 1945 2002 3526 2075">
    <p class='ocr_par' dir='ltr' id='par_1_72' title="bbox 1945 2002 3526 2075">
     <span class='ocr_line' id='line_1_72' title="bbox 1945 2002 3526 2075; baseline 0.003 -16"><span class='ocrx_word' id='word_1_543' title='bbox 1945 2003 2195 2059; x_wconf 86' lang='lat' dir='ltr'><strong>videatur</strong></span> <span class='ocrx_word' id='word_1_544' title='bbox 2234 2018 2432 2058; x_wconf 89' lang='lat' dir='ltr'><strong>nomen</strong></span> <span class='ocrx_word' id='word_1_545' title='bbox 2491 2002 2710 2072; x_wconf 87' lang='lat' dir='ltr'><strong>quidem</strong></span> <span class='ocrx_word' id='word_1_546' title='bbox 2765 2003 3027 2072; x_wconf 72' lang='lat' dir='ltr'><strong>nequitiae</strong></span> <span class='ocrx_word' id='word_1_547' title='bbox 3080 2004 3410 2075; x_wconf 89' lang='lat' dir='ltr'><strong>imposuisse</strong></span> <span class='ocrx_word' id='word_1_548' title='bbox 3453 2007 3526 2074; x_wconf 83' lang='lat' dir='ltr'><strong>ei,</strong></span> 
     </span>
    </p>
   </div>
   <div class='ocr_carea' id='block_1_73' title="bbox 1948 2095 3533 2159">
    <p class='ocr_par' dir='ltr' id='par_1_73' title="bbox 1948 2095 3533 2159">
     <span class='ocr_line' id='line_1_73' title="bbox 1948 2095 3533 2159; baseline 0.004 -7"><span class='ocrx_word' id='word_1_549' title='bbox 1948 2096 2315 2152; x_wconf 88' lang='lat' dir='ltr'><strong>substantiam</strong></span> <span class='ocrx_word' id='word_1_550' title='bbox 2375 2111 2510 2150; x_wconf 87' lang='lat' dir='ltr'><strong>vero</strong></span> <span class='ocrx_word' id='word_1_551' title='bbox 2555 2095 2754 2150; x_wconf 84' lang='lat' dir='ltr'><strong>bonam</strong></span> <span class='ocrx_word' id='word_1_552' title='bbox 2817 2112 2938 2152; x_wconf 91' lang='lat' dir='ltr'><strong>esse</strong></span> <span class='ocrx_word' id='word_1_553' title='bbox 2991 2097 3164 2153; x_wconf 90' lang='lat' dir='ltr'><strong>eidem</strong></span> <span class='ocrx_word' id='word_1_554' title='bbox 3219 2107 3533 2159; x_wconf 74' lang='lat' dir='ltr'><strong>attestatus;</strong></span> 
     </span>
    </p>
   </div>
   <div class='ocr_carea' id='block_1_74' title="bbox 1951 2189 3531 2260">
    <p class='ocr_par' dir='ltr' id='par_1_74' title="bbox 1951 2189 3531 2260">
     <span class='ocr_line' id='line_1_74' title="bbox 1951 2189 3531 2260; baseline 0.005 -18"><span class='ocrx_word' id='word_1_555' title='bbox 1951 2189 2092 2255; x_wconf 87' lang='lat' dir='ltr'><strong>Quid</strong></span> <span class='ocrx_word' id='word_1_556' title='bbox 2126 2190 2270 2244; x_wconf 90' lang='lat' dir='ltr'><strong>enim</strong></span> <span class='ocrx_word' id='word_1_557' title='bbox 2298 2189 2476 2258; x_wconf 88' lang='lat' dir='ltr'><strong>majus</strong></span> <span class='ocrx_word' id='word_1_558' title='bbox 2500 2203 2620 2244; x_wconf 88' lang='lat' dir='ltr'><strong>esse</strong></span> <span class='ocrx_word' id='word_1_559' title='bbox 2640 2197 2853 2258; x_wconf 89' lang='lat' dir='ltr'><strong>poterat</strong></span> <span class='ocrx_word' id='word_1_560' title='bbox 2887 2189 2955 2243; x_wconf 89' lang='lat' dir='ltr'><strong>ad</strong></span> <span class='ocrx_word' id='word_1_561' title='bbox 2983 2192 3328 2260; x_wconf 89' lang='lat' dir='ltr'><strong>probandum</strong></span> <span class='ocrx_word' id='word_1_562' title='bbox 3373 2195 3531 2251; x_wconf 82' lang='lat' dir='ltr'><strong>boni-</strong></span> 
     </span>
    </p>
   </div>
   <div class='ocr_carea' id='block_1_75' title="bbox 1949 2281 3532 2362">
    <p class='ocr_par' dir='ltr' id='par_1_75' title="bbox 1949 2281 3532 2362">
     <span class='ocr_line' id='line_1_75' title="bbox 1949 2281 3532 2362; baseline 0.004 -27"><span class='ocrx_word' id='word_1_563' title='bbox 1949 2289 2138 2347; x_wconf 89' lang='lat' dir='ltr'><strong>tatem,</strong></span> <span class='ocrx_word' id='word_1_564' title='bbox 2159 2298 2320 2352; x_wconf 88' lang='lat' dir='ltr'><strong>quam</strong></span> <span class='ocrx_word' id='word_1_565' title='bbox 2367 2281 2708 2338; x_wconf 88' lang='lat' dir='ltr'><strong>desiderasse</strong></span> <span class='ocrx_word' id='word_1_566' title='bbox 2744 2283 2978 2337; x_wconf 85' lang='lat' dir='ltr'><strong>bonum?</strong></span> <span class='ocrx_word' id='word_1_567' title='bbox 3000 2281 3154 2350; x_wconf 87' lang='lat' dir='ltr'><strong>Quod</strong></span> <span class='ocrx_word' id='word_1_568' title='bbox 3177 2294 3354 2362; x_wconf 86' lang='lat' dir='ltr'><strong>autem</strong></span> <span class='ocrx_word' id='word_1_569' title='bbox 3397 2287 3532 2343; x_wconf 90' lang='lat' dir='ltr'><strong>dicit</strong></span> 
     </span>
    </p>
   </div>
   <div class='ocr_carea' id='block_1_76' title="bbox 1951 2373 3531 2443">
    <p class='ocr_par' dir='ltr' id='par_1_76' title="bbox 1951 2373 3531 2443">
     <span class='ocr_line' id='line_1_76' title="bbox 1951 2373 3531 2443; baseline 0.005 -17"><span class='ocrx_word' id='word_1_570' title='bbox 1951 2373 2377 2443; x_wconf 88' lang='lat' dir='ltr'><strong>apprehendisse</strong></span> <span class='ocrx_word' id='word_1_571' title='bbox 2427 2385 2482 2429; x_wconf 89' lang='lat' dir='ltr'><strong>et</strong></span> <span class='ocrx_word' id='word_1_572' title='bbox 2542 2375 2916 2440; x_wconf 88' lang='lat' dir='ltr'><strong>absorbuisse,</strong></span> <span class='ocrx_word' id='word_1_573' title='bbox 2971 2383 3033 2429; x_wconf 88' lang='lat' dir='ltr'><strong>ut</strong></span> <span class='ocrx_word' id='word_1_574' title='bbox 3092 2377 3397 2433; x_wconf 91' lang='lat' dir='ltr'><strong>substantia</strong></span> <span class='ocrx_word' id='word_1_575' title='bbox 3435 2378 3531 2436; x_wconf 88' lang='lat' dir='ltr'><strong>Dei</strong></span> 
     </span>
    </p>
   </div>
   <div class='ocr_carea' id='block_1_77' title="bbox 1953 2465 3535 2538">
    <p class='ocr_par' dir='ltr' id='par_1_77' title="bbox 1953 2465 3535 2538">
     <span class='ocr_line' id='line_1_77' title="bbox 1953 2465 3535 2538; baseline 0.003 -19"><span class='ocrx_word' id='word_1_576' title='bbox 1953 2465 2231 2520; x_wconf 89' lang='lat' dir='ltr'><strong>contraria</strong></span> <span class='ocrx_word' id='word_1_577' title='bbox 2263 2474 2524 2535; x_wconf 89' lang='lat' dir='ltr'><strong>tanquam</strong></span> <span class='ocrx_word' id='word_1_578' title='bbox 2567 2466 2776 2521; x_wconf 89' lang='lat' dir='ltr'><strong>semine</strong></span> <span class='ocrx_word' id='word_1_579' title='bbox 2809 2466 2961 2522; x_wconf 82' lang='lat' dir='ltr'><strong>ﬁeret</strong></span> <span class='ocrx_word' id='word_1_580' title='bbox 2989 2468 3232 2538; x_wconf 74' lang='lat' dir='ltr'><strong>gravida,</strong></span> <span class='ocrx_word' id='word_1_581' title='bbox 3271 2480 3324 2525; x_wconf 86' lang='lat' dir='ltr'><strong>et</strong></span> <span class='ocrx_word' id='word_1_582' title='bbox 3345 2469 3535 2526; x_wconf 89' lang='lat' dir='ltr'><strong>distri-</strong></span> 
     </span>
    </p>
   </div>
   <div class='ocr_carea' id='block_1_78' title="bbox 1954 2559 3533 2629">
    <p class='ocr_par' dir='ltr' id='par_1_78' title="bbox 1954 2559 3533 2629">
     <span class='ocr_line' id='line_1_78' title="bbox 1954 2559 3533 2629; baseline 0.002 -14"><span class='ocrx_word' id='word_1_583' title='bbox 1954 2561 2138 2615; x_wconf 91' lang='lat' dir='ltr'><strong>buisse</strong></span> <span class='ocrx_word' id='word_1_584' title='bbox 2167 2559 2283 2614; x_wconf 91' lang='lat' dir='ltr'><strong>suis</strong></span> <span class='ocrx_word' id='word_1_585' title='bbox 2314 2561 2676 2629; x_wconf 89' lang='lat' dir='ltr'><strong>potestatibus</strong></span> <span class='ocrx_word' id='word_1_586' title='bbox 2713 2579 2726 2615; x_wconf 86' lang='lat'><strong>:</strong></span> <span class='ocrx_word' id='word_1_587' title='bbox 2767 2576 2799 2614; x_wconf 88' lang='grc' dir='ltr'><strong>ο</strong></span> <span class='ocrx_word' id='word_1_588' title='bbox 2839 2560 3077 2616; x_wconf 81' lang='lat' dir='ltr'><strong>furorem</strong></span> <span class='ocrx_word' id='word_1_589' title='bbox 3116 2563 3379 2618; x_wconf 82' lang='lat' dir='ltr'><strong>amentis!</strong></span> <span class='ocrx_word' id='word_1_590' title='bbox 3424 2579 3533 2618; x_wconf 91' lang='lat' dir='ltr'><strong>non</strong></span> 
     </span>
    </p>
   </div>
   <div class='ocr_carea' id='block_1_79' title="bbox 1955 2650 3533 2718">
    <p class='ocr_par' dir='ltr' id='par_1_79' title="bbox 1955 2650 3533 2718">
     <span class='ocr_line' id='line_1_79' title="bbox 1955 2650 3533 2718; baseline 0.002 -13"><span class='ocrx_word' id='word_1_591' title='bbox 1955 2651 2132 2705; x_wconf 89' lang='lat' dir='ltr'><strong>solum</strong></span> <span class='ocrx_word' id='word_1_592' title='bbox 2163 2650 2321 2713; x_wconf 89' lang='lat' dir='ltr'><strong>vidit,</strong></span> <span class='ocrx_word' id='word_1_593' title='bbox 2358 2651 2453 2707; x_wconf 86' lang='lat' dir='ltr'><strong>sed</strong></span> <span class='ocrx_word' id='word_1_594' title='bbox 2492 2651 2863 2718; x_wconf 81' lang='lat' dir='ltr'><strong>desideravit;</strong></span> <span class='ocrx_word' id='word_1_595' title='bbox 2905 2660 2962 2707; x_wconf 93' lang='lat' dir='ltr'><strong>et</strong></span> <span class='ocrx_word' id='word_1_596' title='bbox 2995 2667 3103 2706; x_wconf 93' lang='lat' dir='ltr'><strong>non</strong></span> <span class='ocrx_word' id='word_1_597' title='bbox 3138 2660 3350 2708; x_wconf 89' lang='lat' dir='ltr'><strong>tantum</strong></span> <span class='ocrx_word' id='word_1_598' title='bbox 3381 2654 3533 2711; x_wconf 83' lang='lat' dir='ltr'><strong>desi-</strong></span> 
     </span>
    </p>
   </div>
   <div class='ocr_carea' id='block_1_80' title="bbox 1957 2741 3536 2812">
    <p class='ocr_par' dir='ltr' id='par_1_80' title="bbox 1957 2741 3536 2812">
     <span class='ocr_line' id='line_1_80' title="bbox 1957 2741 3536 2812; baseline 0.001 -14"><span class='ocrx_word' id='word_1_599' title='bbox 1957 2741 2194 2809; x_wconf 88' lang='lat' dir='ltr'><strong>deravit,</strong></span> <span class='ocrx_word' id='word_1_600' title='bbox 2244 2743 2340 2798; x_wconf 90' lang='lat' dir='ltr'><strong>sed</strong></span> <span class='ocrx_word' id='word_1_601' title='bbox 2385 2743 2702 2808; x_wconf 84' lang='lat' dir='ltr'><strong>absorbuit;</strong></span> <span class='ocrx_word' id='word_1_602' title='bbox 2757 2755 2812 2800; x_wconf 86' lang='lat' dir='ltr'><strong>et</strong></span> <span class='ocrx_word' id='word_1_603' title='bbox 2861 2760 2973 2799; x_wconf 91' lang='lat' dir='ltr'><strong>non</strong></span> <span class='ocrx_word' id='word_1_604' title='bbox 3017 2745 3193 2800; x_wconf 86' lang='lat' dir='ltr'><strong>solum</strong></span> <span class='ocrx_word' id='word_1_605' title='bbox 3229 2745 3536 2812; x_wconf 89' lang='lat' dir='ltr'><strong>absorbuit,</strong></span> 
     </span>
    </p>
   </div>
   <div class='ocr_carea' id='block_1_81' title="bbox 1958 2833 3541 2906">
    <p class='ocr_par' dir='ltr' id='par_1_81' title="bbox 1958 2833 3541 2906">
     <span class='ocr_line' id='line_1_81' title="bbox 1958 2833 3541 2906; baseline 0.004 -18"><span class='ocrx_word' id='word_1_606' title='bbox 1958 2834 2054 2889; x_wconf 87' lang='lat' dir='ltr'><strong>sed</strong></span> <span class='ocrx_word' id='word_1_607' title='bbox 2081 2834 2244 2889; x_wconf 89' lang='lat' dir='ltr'><strong>etiam</strong></span> <span class='ocrx_word' id='word_1_608' title='bbox 2274 2835 2517 2890; x_wconf 88' lang='lat' dir='ltr'><strong>retinuit.</strong></span> <span class='ocrx_word' id='word_1_609' title='bbox 2556 2833 2680 2890; x_wconf 67' lang='lat' dir='ltr'><strong>Ilaec</strong></span> <span class='ocrx_word' id='word_1_610' title='bbox 2703 2836 2884 2890; x_wconf 89' lang='lat' dir='ltr'><strong>omnia</strong></span> <span class='ocrx_word' id='word_1_611' title='bbox 2915 2838 3199 2906; x_wconf 86' lang='lat' dir='ltr'><strong>perspicue</strong></span> <span class='ocrx_word' id='word_1_612' title='bbox 3254 2854 3366 2893; x_wconf 87' lang='lat' dir='ltr'><strong>non</strong></span> <span class='ocrx_word' id='word_1_613' title='bbox 3404 2855 3541 2896; x_wconf 84' lang='lat' dir='ltr'><strong>con-</strong></span> 
     </span>
    </p>
   </div>
   <div class='ocr_carea' id='block_1_82' title="bbox 1958 2925 3540 2997">
    <p class='ocr_par' dir='ltr' id='par_1_82' title="bbox 1958 2925 3540 2997">
     <span class='ocr_line' id='line_1_82' title="bbox 1958 2925 3540 2997; baseline 0.004 -19"><span class='ocrx_word' id='word_1_614' title='bbox 1958 2925 2184 2979; x_wconf 89' lang='lat' dir='ltr'><strong>trariam</strong></span> <span class='ocrx_word' id='word_1_615' title='bbox 2213 2933 2466 2980; x_wconf 89' lang='lat' dir='ltr'><strong>naturam</strong></span> <span class='ocrx_word' id='word_1_616' title='bbox 2502 2926 2797 2992; x_wconf 84' lang='lat' dir='ltr'><strong>deﬁniunt,</strong></span> <span class='ocrx_word' id='word_1_617' title='bbox 2834 2926 2931 2983; x_wconf 87' lang='lat' dir='ltr'><strong>sed</strong></span> <span class='ocrx_word' id='word_1_618' title='bbox 2963 2928 3145 2997; x_wconf 90' lang='lat' dir='ltr'><strong>potius</strong></span> <span class='ocrx_word' id='word_1_619' title='bbox 3171 2943 3438 2983; x_wconf 88' lang='lat' dir='ltr'><strong>summam</strong></span> <span class='ocrx_word' id='word_1_620' title='bbox 3485 2937 3540 2985; x_wconf 89' lang='lat' dir='ltr'><strong>et</strong></span> 
     </span>
    </p>
   </div>
   <div class='ocr_carea' id='block_1_83' title="bbox 1881 2988 3362 3088">
    <p class='ocr_par' dir='ltr' id='par_1_83' title="bbox 1881 2988 3362 3088">
     <span class='ocr_line' id='line_1_83' title="bbox 1881 2988 3362 3088; baseline 0.006 -23"><span class='ocrx_word' id='word_1_621' title='bbox 1881 2988 1926 3048; x_wconf 67' lang='grc' dir='ltr'><strong>θ</strong></span> <span class='ocrx_word' id='word_1_622' title='bbox 1959 3013 2281 3068; x_wconf 86' lang='lat' dir='ltr'><strong>altissimam</strong></span> <span class='ocrx_word' id='word_1_623' title='bbox 2314 3016 2678 3087; x_wconf 82' lang='lat' dir='ltr'><strong>cognitionem</strong></span> <span class='ocrx_word' id='word_1_624' title='bbox 2714 3018 3000 3088; x_wconf 87' lang='lat' dir='ltr'><strong>utriusque</strong></span> <span class='ocrx_word' id='word_1_625' title='bbox 3031 3020 3362 3075; x_wconf 88' lang='lat' dir='ltr'><strong>concedunt.</strong></span> 
     </span>
    </p>
   </div>
   <div class='ocr_carea' id='block_1_84' title="bbox 2034 3103 3538 3180">
    <p class='ocr_par' dir='ltr' id='par_1_84' title="bbox 2034 3103 3538 3180">
     <span class='ocr_line' id='line_1_84' title="bbox 2034 3103 3538 3180; baseline 0.007 -22"><span class='ocrx_word' id='word_1_626' title='bbox 2034 3103 2159 3159; x_wconf 88' lang='lat' dir='ltr'><strong>Sive</strong></span> <span class='ocrx_word' id='word_1_627' title='bbox 2181 3105 2325 3160; x_wconf 91' lang='lat' dir='ltr'><strong>enim</strong></span> <span class='ocrx_word' id='word_1_628' title='bbox 2358 3121 2714 3172; x_wconf 87' lang='lat' dir='ltr'><strong>succensens,</strong></span> <span class='ocrx_word' id='word_1_629' title='bbox 2733 3109 2878 3178; x_wconf 90' lang='lat' dir='ltr'><strong>quod</strong></span> <span class='ocrx_word' id='word_1_630' title='bbox 2913 3109 3139 3180; x_wconf 78' lang='lat' dir='ltr'><strong>quidem</strong></span> <span class='ocrx_word' id='word_1_631' title='bbox 3159 3112 3538 3169; x_wconf 87' lang='lat' dir='ltr'><strong>ratiocinatio-</strong></span> 
     </span>
    </p>
   </div>
   <div class='ocr_carea' id='block_1_85' title="bbox 1960 3191 3540 3274">
    <p class='ocr_par' dir='ltr' id='par_1_85' title="bbox 1960 3191 3540 3274">
     <span class='ocr_line' id='line_1_85' title="bbox 1960 3191 3540 3274; baseline 0.008 -28"><span class='ocrx_word' id='word_1_632' title='bbox 1960 3191 2050 3246; x_wconf 92' lang='lat' dir='ltr'><strong>nis</strong></span> <span class='ocrx_word' id='word_1_633' title='bbox 2083 3191 2351 3246; x_wconf 91' lang='lat' dir='ltr'><strong>indicium</strong></span> <span class='ocrx_word' id='word_1_634' title='bbox 2386 3202 2494 3256; x_wconf 86' lang='lat' dir='ltr'><strong>est,</strong></span> <span class='ocrx_word' id='word_1_635' title='bbox 2542 3195 2656 3249; x_wconf 90' lang='lat' dir='ltr'><strong>sive</strong></span> <span class='ocrx_word' id='word_1_636' title='bbox 2708 3196 3026 3254; x_wconf 87' lang='lat' dir='ltr'><strong>desiderans</strong></span> <span class='ocrx_word' id='word_1_637' title='bbox 3072 3199 3353 3257; x_wconf 88' lang='lat' dir='ltr'><strong>absorbuit</strong></span> <span class='ocrx_word' id='word_1_638' title='bbox 3392 3203 3540 3274; x_wconf 89' lang='lat' dir='ltr'><strong>quod</strong></span> 
     </span>
    </p>
   </div>
   <div class='ocr_carea' id='block_1_86' title="bbox 1961 3284 3542 3366">
    <p class='ocr_par' dir='ltr' id='par_1_86' title="bbox 1961 3284 3542 3366">
     <span class='ocr_line' id='line_1_86' title="bbox 1961 3284 3542 3366; baseline 0.008 -29"><span class='ocrx_word' id='word_1_639' title='bbox 1961 3284 2121 3348; x_wconf 90' lang='lat' dir='ltr'><strong>vidit,</strong></span> <span class='ocrx_word' id='word_1_640' title='bbox 2175 3284 2289 3339; x_wconf 59' lang='lat' dir='ltr'><strong>haec</strong></span> <span class='ocrx_word' id='word_1_641' title='bbox 2318 3286 2480 3354; x_wconf 90' lang='lat' dir='ltr'><strong>plane</strong></span> <span class='ocrx_word' id='word_1_642' title='bbox 2523 3288 2590 3340; x_wconf 89' lang='lat' dir='ltr'><strong>ad</strong></span> <span class='ocrx_word' id='word_1_643' title='bbox 2626 3293 3068 3346; x_wconf 88' lang='lat' dir='ltr'><strong>communitatem</strong></span> <span class='ocrx_word' id='word_1_644' title='bbox 3112 3301 3322 3349; x_wconf 66' lang='lat' dir='ltr'><strong>natura:</strong></span> <span class='ocrx_word' id='word_1_645' title='bbox 3371 3297 3542 3366; x_wconf 82' lang='lat' dir='ltr'><strong>perti-</strong></span> 
     </span>
    </p>
   </div>
   <div class='ocr_carea' id='block_1_87' title="bbox 1962 3374 3542 3456">
    <p class='ocr_par' dir='ltr' id='par_1_87' title="bbox 1962 3374 3542 3456">
     <span class='ocr_line' id='line_1_87' title="bbox 1962 3374 3542 3456; baseline 0.007 -27"><span class='ocrx_word' id='word_1_646' title='bbox 1962 3384 2145 3430; x_wconf 85' lang='lat' dir='ltr'><strong>neant.</strong></span> <span class='ocrx_word' id='word_1_647' title='bbox 2177 3374 2235 3430; x_wconf 90' lang='lat' dir='ltr'><strong>Si</strong></span> <span class='ocrx_word' id='word_1_648' title='bbox 2263 3376 2406 3430; x_wconf 89' lang='lat' dir='ltr'><strong>enim</strong></span> <span class='ocrx_word' id='word_1_649' title='bbox 2438 3393 2650 3432; x_wconf 92' lang='lat' dir='ltr'><strong>summe</strong></span> <span class='ocrx_word' id='word_1_650' title='bbox 2697 3380 2972 3435; x_wconf 85' lang='lat' dir='ltr'><strong>contraria</strong></span> <span class='ocrx_word' id='word_1_651' title='bbox 3015 3381 3276 3451; x_wconf 71' lang='lat' dir='ltr'><strong>fuissent,</strong></span> <span class='ocrx_word' id='word_1_652' title='bbox 3332 3401 3542 3456; x_wconf 78' lang='lat' dir='ltr'><strong>nequa-</strong></span> 
     </span>
    </p>
   </div>
   <div class='ocr_carea' id='block_1_88' title="bbox 1963 3469 3542 3546">
    <p class='ocr_par' dir='ltr' id='par_1_88' title="bbox 1963 3469 3542 3546">
     <span class='ocr_line' id='line_1_88' title="bbox 1963 3469 3542 3546; baseline 0.009 -27"><span class='ocrx_word' id='word_1_653' title='bbox 1963 3483 2126 3536; x_wconf 91' lang='lat' dir='ltr'><strong>quam</strong></span> <span class='ocrx_word' id='word_1_654' title='bbox 2149 3476 2384 3538; x_wconf 89' lang='lat' dir='ltr'><strong>utraque</strong></span> <span class='ocrx_word' id='word_1_655' title='bbox 2415 3470 2672 3524; x_wconf 89' lang='lat' dir='ltr'><strong>coissent.</strong></span> <span class='ocrx_word' id='word_1_656' title='bbox 2695 3469 2762 3524; x_wconf 83' lang='lat' dir='ltr'><strong>Ut</strong></span> <span class='ocrx_word' id='word_1_657' title='bbox 2785 3471 2892 3524; x_wconf 90' lang='lat' dir='ltr'><strong>alia</strong></span> <span class='ocrx_word' id='word_1_658' title='bbox 2921 3474 3188 3541; x_wconf 89' lang='lat' dir='ltr'><strong>omittam,</strong></span> <span class='ocrx_word' id='word_1_659' title='bbox 3227 3491 3404 3546; x_wconf 84' lang='lat' dir='ltr'><strong>neque</strong></span> <span class='ocrx_word' id='word_1_660' title='bbox 3437 3477 3542 3534; x_wconf 84' lang='lat' dir='ltr'><strong>hoc</strong></span> 
     </span>
    </p>
   </div>
   <div class='ocr_carea' id='block_1_89' title="bbox 1964 3559 3542 3634">
    <p class='ocr_par' dir='ltr' id='par_1_89' title="bbox 1964 3559 3542 3634">
     <span class='ocr_line' id='line_1_89' title="bbox 1964 3559 3542 3634; baseline 0.006 -20"><span class='ocrx_word' id='word_1_661' title='bbox 1964 3560 2230 3615; x_wconf 89' lang='lat' dir='ltr'><strong>barbarus</strong></span> <span class='ocrx_word' id='word_1_662' title='bbox 2262 3559 2514 3624; x_wconf 87' lang='lat' dir='ltr'><strong>advertit,</strong></span> <span class='ocrx_word' id='word_1_663' title='bbox 2549 3562 2694 3633; x_wconf 92' lang='lat' dir='ltr'><strong>quod</strong></span> <span class='ocrx_word' id='word_1_664' title='bbox 2735 3571 2978 3634; x_wconf 83' lang='lat' dir='ltr'><strong>potestas</strong></span> <span class='ocrx_word' id='word_1_665' title='bbox 3017 3581 3048 3620; x_wconf 91' lang='lat' dir='ltr'><strong>a</strong></span> <span class='ocrx_word' id='word_1_666' title='bbox 3079 3564 3189 3621; x_wconf 91' lang='lat' dir='ltr'><strong>Deo</strong></span> <span class='ocrx_word' id='word_1_667' title='bbox 3220 3567 3411 3634; x_wconf 88' lang='lat' dir='ltr'><strong>missa,</strong></span> <span class='ocrx_word' id='word_1_668' title='bbox 3461 3570 3542 3624; x_wconf 82' lang='lat' dir='ltr'><strong>si-</strong></span> 
     </span>
    </p>
   </div>
   <div class='ocr_carea' id='block_1_90' title="bbox 1966 3652 3542 3728">
    <p class='ocr_par' dir='ltr' id='par_1_90' title="bbox 1966 3652 3542 3728">
     <span class='ocr_line' id='line_1_90' title="bbox 1966 3652 3542 3728; baseline 0.006 -24"><span class='ocrx_word' id='word_1_669' title='bbox 1966 3652 2182 3722; x_wconf 88' lang='lat' dir='ltr'><strong>quidem</strong></span> <span class='ocrx_word' id='word_1_670' title='bbox 2216 3653 2534 3722; x_wconf 89' lang='lat' dir='ltr'><strong>incorporea</strong></span> <span class='ocrx_word' id='word_1_671' title='bbox 2580 3666 2718 3720; x_wconf 79' lang='lat' dir='ltr'><strong>erat,</strong></span> <span class='ocrx_word' id='word_1_672' title='bbox 2750 3657 2954 3711; x_wconf 87' lang='lat' dir='ltr'><strong>nullam</strong></span> <span class='ocrx_word' id='word_1_673' title='bbox 2975 3657 3336 3728; x_wconf 63' lang='lat' dir='ltr'><strong>ipartitionem</strong></span> <span class='ocrx_word' id='word_1_674' title='bbox 3386 3673 3542 3714; x_wconf 85' lang='lat' dir='ltr'><strong>rece-</strong></span> 
     </span>
    </p>
   </div>
   <div class='ocr_carea' id='block_1_91' title="bbox 1966 3744 3543 3816">
    <p class='ocr_par' dir='ltr' id='par_1_91' title="bbox 1966 3744 3543 3816">
     <span class='ocr_line' id='line_1_91' title="bbox 1966 3744 3543 3816; baseline 0.008 -22"><span class='ocrx_word' id='word_1_675' title='bbox 1966 3744 2157 3814; x_wconf 87' lang='lat' dir='ltr'><strong>pisset,</strong></span> <span class='ocrx_word' id='word_1_676' title='bbox 2183 3751 2241 3798; x_wconf 95' lang='lat' dir='ltr'><strong>ut</strong></span> <span class='ocrx_word' id='word_1_677' title='bbox 2272 3745 2422 3798; x_wconf 91' lang='lat' dir='ltr'><strong>nullo</strong></span> <span class='ocrx_word' id='word_1_678' title='bbox 2452 3745 2612 3800; x_wconf 93' lang='lat' dir='ltr'><strong>modo</strong></span> <span class='ocrx_word' id='word_1_679' title='bbox 2649 3755 2832 3816; x_wconf 89' lang='lat' dir='ltr'><strong>posset</strong></span> <span class='ocrx_word' id='word_1_680' title='bbox 2878 3747 3047 3804; x_wconf 84' lang='lat' dir='ltr'><strong>dividi</strong></span> <span class='ocrx_word' id='word_1_681' title='bbox 3075 3750 3375 3804; x_wconf 89' lang='lat' dir='ltr'><strong>secundum</strong></span> <span class='ocrx_word' id='word_1_682' title='bbox 3411 3751 3543 3806; x_wconf 84' lang='lat' dir='ltr'><strong>sub-</strong></span> 
     </span>
    </p>
   </div>
   <div class='ocr_carea' id='block_1_92' title="bbox 1969 3835 3542 3909">
    <p class='ocr_par' dir='ltr' id='par_1_92' title="bbox 1969 3835 3542 3909">
     <span class='ocr_line' id='line_1_92' title="bbox 1969 3835 3542 3909; baseline 0.004 -19"><span class='ocrx_word' id='word_1_683' title='bbox 1969 3835 2224 3890; x_wconf 85' lang='lat' dir='ltr'><strong>stantiam</strong></span> <span class='ocrx_word' id='word_1_684' title='bbox 2259 3835 2314 3888; x_wconf 90' lang='lat' dir='ltr'><strong>in</strong></span> <span class='ocrx_word' id='word_1_685' title='bbox 2343 3838 2650 3892; x_wconf 85' lang='lat' dir='ltr'><strong>contrarias</strong></span> <span class='ocrx_word' id='word_1_686' title='bbox 2681 3847 2998 3909; x_wconf 88' lang='lat' dir='ltr'><strong>potestates,</strong></span> <span class='ocrx_word' id='word_1_687' title='bbox 3039 3855 3102 3895; x_wconf 87' lang='lat' dir='ltr'><strong>ac</strong></span> <span class='ocrx_word' id='word_1_688' title='bbox 3133 3842 3306 3896; x_wconf 83' lang='lat' dir='ltr'><strong>multo</strong></span> <span class='ocrx_word' id='word_1_689' title='bbox 3356 3843 3542 3897; x_wconf 85' lang='lat' dir='ltr'><strong>minus</strong></span> 
     </span>
    </p>
   </div>
   <div class='ocr_carea' id='block_1_93' title="bbox 1969 3926 3540 4007">
    <p class='ocr_par' dir='ltr' id='par_1_93' title="bbox 1969 3926 3540 4007">
     <span class='ocr_line' id='line_1_93' title="bbox 1969 3926 3540 4007; baseline 0.005 -27"><span class='ocrx_word' id='word_1_690' title='bbox 1969 3926 2250 3982; x_wconf 89' lang='lat' dir='ltr'><strong>absorberi</strong></span> <span class='ocrx_word' id='word_1_691' title='bbox 2278 3947 2290 3981; x_wconf 91' lang='lat'><strong>:</strong></span> <span class='ocrx_word' id='word_1_692' title='bbox 2315 3927 2460 3997; x_wconf 89' lang='lat' dir='ltr'><strong>quod</strong></span> <span class='ocrx_word' id='word_1_693' title='bbox 2487 3929 2632 3983; x_wconf 89' lang='lat' dir='ltr'><strong>enim</strong></span> <span class='ocrx_word' id='word_1_694' title='bbox 2661 3946 2854 4001; x_wconf 77' lang='lat' dir='ltr'><strong>expers</strong></span> <span class='ocrx_word' id='word_1_695' title='bbox 2876 3934 3124 4003; x_wconf 90' lang='lat' dir='ltr'><strong>corporis</strong></span> <span class='ocrx_word' id='word_1_696' title='bbox 3150 3943 3255 4001; x_wconf 89' lang='lat' dir='ltr'><strong>est,</strong></span> <span class='ocrx_word' id='word_1_697' title='bbox 3301 3951 3540 4007; x_wconf 86' lang='lat' dir='ltr'><strong>quonam</strong></span> 
     </span>
    </p>
   </div>
   <div class='ocr_carea' id='block_1_94' title="bbox 1969 4019 3542 4096">
    <p class='ocr_par' dir='ltr' id='par_1_94' title="bbox 1969 4019 3542 4096">
     <span class='ocr_line' id='line_1_94' title="bbox 1969 4019 3542 4096; baseline 0.007 -23"><span class='ocrx_word' id='word_1_698' title='bbox 1969 4019 2133 4074; x_wconf 90' lang='lat' dir='ltr'><strong>modo</strong></span> <span class='ocrx_word' id='word_1_699' title='bbox 2176 4020 2569 4076; x_wconf 87' lang='lat' dir='ltr'><strong>absorbeatur?</strong></span> <span class='ocrx_word' id='word_1_700' title='bbox 2616 4021 2671 4078; x_wconf 92' lang='lat' dir='ltr'><strong>Si</strong></span> <span class='ocrx_word' id='word_1_701' title='bbox 2723 4040 2852 4080; x_wconf 88' lang='lat' dir='ltr'><strong>vero</strong></span> <span class='ocrx_word' id='word_1_702' title='bbox 2895 4041 3158 4096; x_wconf 88' lang='lat' dir='ltr'><strong>corporea</strong></span> <span class='ocrx_word' id='word_1_703' title='bbox 3191 4039 3331 4094; x_wconf 89' lang='lat' dir='ltr'><strong>erat,</strong></span> <span class='ocrx_word' id='word_1_704' title='bbox 3378 4045 3542 4085; x_wconf 90' lang='lat' dir='ltr'><strong>omne</strong></span> 
     </span>
    </p>
   </div>
   <div class='ocr_carea' id='block_1_95' title="bbox 1970 4098 3542 4190">
    <p class='ocr_par' dir='ltr' id='par_1_95' title="bbox 1970 4098 3542 4190">
     <span class='ocr_line' id='line_1_95' title="bbox 1970 4098 3542 4190; baseline 0.006 -24"><span class='ocrx_word' id='word_1_705' title='bbox 1970 4126 2170 4182; x_wconf 84' lang='lat' dir='ltr'><strong>corpus</strong></span> <span class='ocrx_word' id='word_1_706' title='bbox 2191 4121 2400 4167; x_wconf 79' lang='lat' dir='ltr'><strong>sectum</strong></span> <span class='ocrx_word' id='word_1_707' title='bbox 2437 4124 2489 4169; x_wconf 90' lang='lat' dir='ltr'><strong>et</strong></span> <span class='ocrx_word' id='word_1_708' title='bbox 2519 4116 2572 4169; x_wconf 93' lang='lat' dir='ltr'><strong>in</strong></span> <span class='ocrx_word' id='word_1_709' title='bbox 2600 4115 2777 4170; x_wconf 82' lang='lat' dir='ltr'><strong>frusta</strong></span> <span class='ocrx_word' id='word_1_710' title='bbox 2810 4098 3065 4187; x_wconf 78' lang='lat' dir='ltr'><strong>partitum</strong></span> <span class='ocrx_word' id='word_1_711' title='bbox 3105 4121 3340 4190; x_wconf 90' lang='lat' dir='ltr'><strong>quodam</strong></span> <span class='ocrx_word' id='word_1_712' title='bbox 3379 4119 3542 4176; x_wconf 88' lang='lat' dir='ltr'><strong>modo</strong></span> 
     </span>
    </p>
   </div>
   <div class='ocr_carea' id='block_1_96' title="bbox 1973 4207 3541 4283">
    <p class='ocr_par' dir='ltr' id='par_1_96' title="bbox 1973 4207 3541 4283">
     <span class='ocr_line' id='line_1_96' title="bbox 1973 4207 3541 4283; baseline 0.006 -25"><span class='ocrx_word' id='word_1_713' title='bbox 1973 4207 2111 4275; x_wconf 89' lang='lat' dir='ltr'><strong>perit</strong></span> <span class='ocrx_word' id='word_1_714' title='bbox 2140 4212 2196 4260; x_wconf 88' lang='lat' dir='ltr'><strong>et</strong></span> <span class='ocrx_word' id='word_1_715' title='bbox 2221 4220 2330 4260; x_wconf 90' lang='lat' dir='ltr'><strong>non</strong></span> <span class='ocrx_word' id='word_1_716' title='bbox 2361 4214 2541 4276; x_wconf 87' lang='lat' dir='ltr'><strong>potest</strong></span> <span class='ocrx_word' id='word_1_717' title='bbox 2573 4209 2738 4262; x_wconf 87' lang='lat' dir='ltr'><strong>vitam</strong></span> <span class='ocrx_word' id='word_1_718' title='bbox 2788 4224 2942 4263; x_wconf 88' lang='lat' dir='ltr'><strong>suam</strong></span> <span class='ocrx_word' id='word_1_719' title='bbox 2984 4211 3188 4267; x_wconf 84' lang='lat' dir='ltr'><strong>vivere.</strong></span> <span class='ocrx_word' id='word_1_720' title='bbox 3239 4211 3408 4283; x_wconf 71' lang='lat' dir='ltr'><strong>Igitur</strong></span> <span class='ocrx_word' id='word_1_721' title='bbox 3455 4214 3541 4269; x_wconf 87' lang='lat' dir='ltr'><strong>vel</strong></span> 
     </span>
    </p>
   </div>
   <div class='ocr_carea' id='block_1_97' title="bbox 1902 4297 3542 4390">
    <p class='ocr_par' dir='ltr' id='par_1_97' title="bbox 1902 4297 3542 4390">
     <span class='ocr_line' id='line_1_97' title="bbox 1902 4297 3542 4390; baseline 0.004 -41"><span class='ocrx_word' id='word_1_722' title='bbox 1902 4297 2296 4390; x_wconf 81' lang='lat' dir='ltr'><strong>Dincorporea</strong></span> <span class='ocrx_word' id='word_1_723' title='bbox 2355 4304 2471 4350; x_wconf 81' lang='lat' dir='ltr'><strong>erat</strong></span> <span class='ocrx_word' id='word_1_724' title='bbox 2524 4306 2768 4368; x_wconf 85' lang='lat' dir='ltr'><strong>potestas</strong></span> <span class='ocrx_word' id='word_1_725' title='bbox 2808 4315 2836 4352; x_wconf 90' lang='lat' dir='ltr'><strong>a</strong></span> <span class='ocrx_word' id='word_1_726' title='bbox 2884 4300 3027 4354; x_wconf 89' lang='lat' dir='ltr'><strong>hono</strong></span> <span class='ocrx_word' id='word_1_727' title='bbox 3077 4301 3271 4366; x_wconf 89' lang='lat' dir='ltr'><strong>missa,</strong></span> <span class='ocrx_word' id='word_1_728' title='bbox 3295 4309 3350 4358; x_wconf 90' lang='lat' dir='ltr'><strong>et</strong></span> <span class='ocrx_word' id='word_1_729' title='bbox 3389 4302 3542 4357; x_wconf 86' lang='lat' dir='ltr'><strong>nullo</strong></span> 
     </span>
    </p>
   </div>
   <div class='ocr_carea' id='block_1_98' title="bbox 1975 4388 3544 4463">
    <p class='ocr_par' dir='ltr' id='par_1_98' title="bbox 1975 4388 3544 4463">
     <span class='ocr_line' id='line_1_98' title="bbox 1975 4388 3544 4463; baseline 0.004 -22"><span class='ocrx_word' id='word_1_730' title='bbox 1975 4388 2137 4441; x_wconf 91' lang='lat' dir='ltr'><strong>modo</strong></span> <span class='ocrx_word' id='word_1_731' title='bbox 2167 4390 2422 4459; x_wconf 89' lang='lat' dir='ltr'><strong>absorpta</strong></span> <span class='ocrx_word' id='word_1_732' title='bbox 2448 4398 2552 4454; x_wconf 88' lang='lat' dir='ltr'><strong>est,</strong></span> <span class='ocrx_word' id='word_1_733' title='bbox 2588 4407 2686 4445; x_wconf 92' lang='lat' dir='ltr'><strong>nec</strong></span> <span class='ocrx_word' id='word_1_734' title='bbox 2719 4392 2773 4445; x_wconf 91' lang='lat' dir='ltr'><strong>in</strong></span> <span class='ocrx_word' id='word_1_735' title='bbox 2808 4392 3008 4447; x_wconf 90' lang='lat' dir='ltr'><strong>multos</strong></span> <span class='ocrx_word' id='word_1_736' title='bbox 3029 4392 3204 4448; x_wconf 88' lang='lat' dir='ltr'><strong>divisa</strong></span> <span class='ocrx_word' id='word_1_737' title='bbox 3234 4403 3337 4457; x_wconf 89' lang='lat' dir='ltr'><strong>est,</strong></span> <span class='ocrx_word' id='word_1_738' title='bbox 3375 4402 3544 4463; x_wconf 74' lang='lat' dir='ltr'><strong>atque</strong></span> 
     </span>
    </p>
   </div>
   <div class='ocr_carea' id='block_1_99' title="bbox 1975 4481 3543 4556">
    <p class='ocr_par' dir='ltr' id='par_1_99' title="bbox 1975 4481 3543 4556">
     <span class='ocr_line' id='line_1_99' title="bbox 1975 4481 3543 4556; baseline 0.004 -22"><span class='ocrx_word' id='word_1_739' title='bbox 1975 4481 2048 4534; x_wconf 87' lang='lat' dir='ltr'><strong>ita</strong></span> <span class='ocrx_word' id='word_1_740' title='bbox 2083 4496 2151 4536; x_wconf 80' lang='lat' dir='ltr'><strong>ex</strong></span> <span class='ocrx_word' id='word_1_741' title='bbox 2181 4489 2296 4535; x_wconf 86' lang='lat' dir='ltr'><strong>toto</strong></span> <span class='ocrx_word' id='word_1_742' title='bbox 2345 4482 2524 4536; x_wconf 85' lang='lat' dir='ltr'><strong>fabula</strong></span> <span class='ocrx_word' id='word_1_743' title='bbox 2559 4483 2771 4536; x_wconf 86' lang='lat' dir='ltr'><strong>sublata</strong></span> <span class='ocrx_word' id='word_1_744' title='bbox 2804 4492 2889 4538; x_wconf 89' lang='lat' dir='ltr'><strong>est</strong></span> <span class='ocrx_word' id='word_1_745' title='bbox 2924 4503 2935 4538; x_wconf 90' lang='lat'>:</span> <span class='ocrx_word' id='word_1_746' title='bbox 2981 4485 3064 4540; x_wconf 91' lang='lat' dir='ltr'><strong>vel</strong></span> <span class='ocrx_word' id='word_1_747' title='bbox 3099 4499 3358 4556; x_wconf 89' lang='lat' dir='ltr'><strong>corporea</strong></span> <span class='ocrx_word' id='word_1_748' title='bbox 3396 4501 3543 4556; x_wconf 75' lang='lat' dir='ltr'><strong>qua:—</strong></span> 
     </span>
    </p>
   </div>
   <div class='ocr_carea' id='block_1_100' title="bbox 1974 4572 3545 4646">
    <p class='ocr_par' dir='ltr' id='par_1_100' title="bbox 1974 4572 3545 4646">
     <span class='ocr_line' id='line_1_100' title="bbox 1974 4572 3545 4646; baseline 0.004 -21"><span class='ocrx_word' id='word_1_749' title='bbox 1974 4572 2096 4626; x_wconf 86' lang='lat' dir='ltr'><strong>dam</strong></span> <span class='ocrx_word' id='word_1_750' title='bbox 2133 4581 2375 4643; x_wconf 89' lang='lat' dir='ltr'><strong>potestas</strong></span> <span class='ocrx_word' id='word_1_751' title='bbox 2414 4582 2553 4639; x_wconf 86' lang='lat' dir='ltr'><strong>erat,</strong></span> <span class='ocrx_word' id='word_1_752' title='bbox 2586 4583 2639 4630; x_wconf 93' lang='lat' dir='ltr'><strong>et</strong></span> <span class='ocrx_word' id='word_1_753' title='bbox 2679 4592 2706 4628; x_wconf 87' lang='lat' dir='ltr'><strong>a</strong></span> <span class='ocrx_word' id='word_1_754' title='bbox 2743 4576 2983 4646; x_wconf 89' lang='lat' dir='ltr'><strong>nequitia</strong></span> <span class='ocrx_word' id='word_1_755' title='bbox 3021 4577 3199 4632; x_wconf 88' lang='lat' dir='ltr'><strong>deleta</strong></span> <span class='ocrx_word' id='word_1_756' title='bbox 3239 4585 3325 4633; x_wconf 90' lang='lat' dir='ltr'><strong>est</strong></span> <span class='ocrx_word' id='word_1_757' title='bbox 3380 4586 3434 4633; x_wconf 91' lang='lat' dir='ltr'><strong>et</strong></span> <span class='ocrx_word' id='word_1_758' title='bbox 3466 4580 3545 4631; x_wconf 86' lang='lat' dir='ltr'><strong>in-</strong></span> 
     </span>
    </p>
   </div>
   <div class='ocr_carea' id='block_1_101' title="bbox 1974 4665 3541 4737">
    <p class='ocr_par' dir='ltr' id='par_1_101' title="bbox 1974 4665 3541 4737">
     <span class='ocr_line' id='line_1_101' title="bbox 1974 4665 3541 4737; baseline 0.003 -20"><span class='ocrx_word' id='word_1_759' title='bbox 1974 4665 2189 4719; x_wconf 89' lang='lat' dir='ltr'><strong>teritum</strong></span> <span class='ocrx_word' id='word_1_760' title='bbox 2221 4668 2363 4736; x_wconf 91' lang='lat' dir='ltr'><strong>cepit</strong></span> <span class='ocrx_word' id='word_1_761' title='bbox 2390 4683 2404 4732; x_wconf 93' lang='lat'><strong>;</strong></span> <span class='ocrx_word' id='word_1_762' title='bbox 2436 4666 2580 4737; x_wconf 88' lang='lat' dir='ltr'><strong>quod</strong></span> <span class='ocrx_word' id='word_1_763' title='bbox 2607 4678 2690 4722; x_wconf 90' lang='lat' dir='ltr'><strong>est</strong></span> <span class='ocrx_word' id='word_1_764' title='bbox 2731 4668 2796 4722; x_wconf 90' lang='lat' dir='ltr'><strong>ad</strong></span> <span class='ocrx_word' id='word_1_765' title='bbox 2826 4668 3211 4722; x_wconf 87' lang='lat' dir='ltr'><strong>contumeliam</strong></span> <span class='ocrx_word' id='word_1_766' title='bbox 3244 4666 3335 4722; x_wconf 91' lang='lat' dir='ltr'><strong>Dei</strong></span> <span class='ocrx_word' id='word_1_767' title='bbox 3366 4668 3541 4722; x_wconf 80' lang='lat' dir='ltr'><strong>scele-</strong></span> 
     </span>
    </p>
   </div>
   <div class='ocr_carea' id='block_1_102' title="bbox 1971 4757 3539 4829">
    <p class='ocr_par' dir='ltr' id='par_1_102' title="bbox 1971 4757 3539 4829">
     <span class='ocr_line' id='line_1_102' title="bbox 1971 4757 3539 4829; baseline 0.001 -20"><span class='ocrx_word' id='word_1_768' title='bbox 1971 4757 2166 4820; x_wconf 85' lang='lat' dir='ltr'><strong>ratius,</strong></span> <span class='ocrx_word' id='word_1_769' title='bbox 2189 4757 2320 4826; x_wconf 86' lang='lat' dir='ltr'><strong>quin</strong></span> <span class='ocrx_word' id='word_1_770' title='bbox 2349 4759 2530 4829; x_wconf 88' lang='lat' dir='ltr'><strong>potius</strong></span> <span class='ocrx_word' id='word_1_771' title='bbox 2561 4758 2628 4812; x_wconf 87' lang='lat' dir='ltr'><strong>ad</strong></span> <span class='ocrx_word' id='word_1_772' title='bbox 2647 4760 2982 4813; x_wconf 87' lang='lat' dir='ltr'><strong>eversionem</strong></span> <span class='ocrx_word' id='word_1_773' title='bbox 3006 4758 3202 4812; x_wconf 67' lang='lat' dir='ltr'><strong>fabulae</strong></span> <span class='ocrx_word' id='word_1_774' title='bbox 3230 4759 3498 4813; x_wconf 84' lang='lat' dir='ltr'><strong>valentius</strong></span> <span class='ocrx_word' id='word_1_775' title='bbox 3527 4777 3539 4811; x_wconf 89' lang='lat'><strong>:</strong></span> 
     </span>
    </p>
   </div>
   <div class='ocr_carea' id='block_1_103' title="bbox 1973 4849 3543 4920">
    <p class='ocr_par' dir='ltr' id='par_1_103' title="bbox 1973 4849 3543 4920">
     <span class='ocr_line' id='line_1_103' title="bbox 1973 4849 3543 4920; baseline 0.001 -20"><span class='ocrx_word' id='word_1_776' title='bbox 1973 4861 2172 4916; x_wconf 90' lang='lat' dir='ltr'><strong>corpus</strong></span> <span class='ocrx_word' id='word_1_777' title='bbox 2197 4849 2341 4903; x_wconf 87' lang='lat' dir='ltr'><strong>enim</strong></span> <span class='ocrx_word' id='word_1_778' title='bbox 2373 4864 2468 4919; x_wconf 90' lang='lat' dir='ltr'><strong>per</strong></span> <span class='ocrx_word' id='word_1_779' title='bbox 2488 4865 2548 4904; x_wconf 93' lang='lat' dir='ltr'><strong>se</strong></span> <span class='ocrx_word' id='word_1_780' title='bbox 2570 4849 2800 4903; x_wconf 87' lang='lat' dir='ltr'><strong>divisum</strong></span> <span class='ocrx_word' id='word_1_781' title='bbox 2823 4858 2876 4903; x_wconf 89' lang='lat' dir='ltr'><strong>et</strong></span> <span class='ocrx_word' id='word_1_782' title='bbox 2897 4850 3217 4920; x_wconf 90' lang='lat' dir='ltr'><strong>dissipatum</strong></span> <span class='ocrx_word' id='word_1_783' title='bbox 3235 4864 3298 4903; x_wconf 94' lang='lat' dir='ltr'><strong>ac</strong></span> <span class='ocrx_word' id='word_1_784' title='bbox 3327 4849 3543 4919; x_wconf 86' lang='lat' dir='ltr'><strong>disper-</strong></span> 
     </span>
    </p>
   </div>
   <div class='ocr_carea' id='block_1_104' title="bbox 1972 4940 3544 5013">
    <p class='ocr_par' dir='ltr' id='par_1_104' title="bbox 1972 4940 3544 5013">
     <span class='ocr_line' id='line_1_104' title="bbox 1972 4940 3544 5013; baseline 0.002 -20"><span class='ocrx_word' id='word_1_785' title='bbox 1972 4953 2092 4993; x_wconf 87' lang='lat' dir='ltr'><strong>sum</strong></span> <span class='ocrx_word' id='word_1_786' title='bbox 2123 4941 2296 5010; x_wconf 88' lang='lat' dir='ltr'><strong>(mens</strong></span> <span class='ocrx_word' id='word_1_787' title='bbox 2325 4943 2467 4996; x_wconf 89' lang='lat' dir='ltr'><strong>enim</strong></span> <span class='ocrx_word' id='word_1_788' title='bbox 2487 4957 2592 4996; x_wconf 93' lang='lat' dir='ltr'><strong>non</strong></span> <span class='ocrx_word' id='word_1_789' title='bbox 2617 4941 2917 5013; x_wconf 88' lang='lat' dir='ltr'><strong>dividitur),</strong></span> <span class='ocrx_word' id='word_1_790' title='bbox 2946 4960 3082 5013; x_wconf 90' lang='lat' dir='ltr'><strong>quas</strong></span> <span class='ocrx_word' id='word_1_791' title='bbox 3110 4944 3253 4998; x_wconf 89' lang='lat' dir='ltr'><strong>vires</strong></span> <span class='ocrx_word' id='word_1_792' title='bbox 3283 4943 3448 4997; x_wconf 83' lang='lat' dir='ltr'><strong>habet</strong></span> <span class='ocrx_word' id='word_1_793' title='bbox 3474 4940 3544 4996; x_wconf 86' lang='lat' dir='ltr'><strong>ad</strong></span> 
     </span>
    </p>
   </div>
   <div class='ocr_carea' id='block_1_105' title="bbox 1974 5031 3539 5104">
    <p class='ocr_par' dir='ltr' id='par_1_105' title="bbox 1974 5031 3539 5104">
     <span class='ocr_line' id='line_1_105' title="bbox 1974 5031 3539 5104; baseline 0.002 -19"><span class='ocrx_word' id='word_1_794' title='bbox 1974 5031 2328 5102; x_wconf 81' lang='lat' dir='ltr'><strong>subigendam</strong></span> <span class='ocrx_word' id='word_1_795' title='bbox 2359 5035 2678 5102; x_wconf 89' lang='lat' dir='ltr'><strong>nequitiam,</strong></span> <span class='ocrx_word' id='word_1_796' title='bbox 2707 5035 2848 5104; x_wconf 92' lang='lat' dir='ltr'><strong>quod</strong></span> <span class='ocrx_word' id='word_1_797' title='bbox 2893 5044 3101 5088; x_wconf 86' lang='lat' dir='ltr'><strong>tantum</strong></span> <span class='ocrx_word' id='word_1_798' title='bbox 3154 5035 3539 5090; x_wconf 85' lang='lat' dir='ltr'><strong>detrimentum</strong></span> 
     </span>
    </p>
   </div>
   <div class='ocr_carea' id='block_1_106' title="bbox 1973 5125 3545 5199">
    <p class='ocr_par' dir='ltr' id='par_1_106' title="bbox 1973 5125 3545 5199">
     <span class='ocr_line' id='line_1_106' title="bbox 1973 5125 3545 5199; baseline 0.002 -21"><span class='ocrx_word' id='word_1_799' title='bbox 1973 5132 2026 5178; x_wconf 84' lang='lat' dir='ltr'><strong>et</strong></span> <span class='ocrx_word' id='word_1_800' title='bbox 2059 5125 2446 5179; x_wconf 91' lang='lat' dir='ltr'><strong>contumeliam</strong></span> <span class='ocrx_word' id='word_1_801' title='bbox 2501 5125 2555 5179; x_wconf 91' lang='lat' dir='ltr'><strong>in</strong></span> <span class='ocrx_word' id='word_1_802' title='bbox 2604 5136 2854 5181; x_wconf 89' lang='lat' dir='ltr'><strong>naturam</strong></span> <span class='ocrx_word' id='word_1_803' title='bbox 2898 5129 3172 5197; x_wconf 87' lang='lat' dir='ltr'><strong>propriam</strong></span> <span class='ocrx_word' id='word_1_804' title='bbox 3213 5129 3445 5199; x_wconf 88' lang='lat' dir='ltr'><strong>accepit,</strong></span> <span class='ocrx_word' id='word_1_805' title='bbox 3484 5135 3545 5181; x_wconf 88' lang='lat' dir='ltr'><strong>ut</strong></span> 
     </span>
    </p>
   </div>
   <div class='ocr_carea' id='block_1_107' title="bbox 1975 5214 3546 5277">
    <p class='ocr_par' dir='ltr' id='par_1_107' title="bbox 1975 5214 3546 5277">
     <span class='ocr_line' id='line_1_107' title="bbox 1975 5214 3546 5277; baseline 0.004 -10"><span class='ocrx_word' id='word_1_806' title='bbox 1975 5214 2227 5270; x_wconf 90' lang='lat' dir='ltr'><strong>videatur</strong></span> <span class='ocrx_word' id='word_1_807' title='bbox 2253 5218 2491 5272; x_wconf 88' lang='lat' dir='ltr'><strong>deletum</strong></span> <span class='ocrx_word' id='word_1_808' title='bbox 2523 5235 2646 5275; x_wconf 90' lang='lat' dir='ltr'><strong>esse</strong></span> <span class='ocrx_word' id='word_1_809' title='bbox 2675 5229 2729 5276; x_wconf 92' lang='lat' dir='ltr'><strong>et</strong></span> <span class='ocrx_word' id='word_1_810' title='bbox 2765 5219 3070 5274; x_wconf 85' lang='lat' dir='ltr'><strong>interiisse?</strong></span> <span class='ocrx_word' id='word_1_811' title='bbox 3102 5220 3204 5277; x_wconf 88' lang='lat' dir='ltr'><strong>hoc</strong></span> <span class='ocrx_word' id='word_1_812' title='bbox 3236 5221 3380 5276; x_wconf 86' lang='lat' dir='ltr'><strong>enim</strong></span> <span class='ocrx_word' id='word_1_813' title='bbox 3420 5234 3546 5276; x_wconf 88' lang='lat' dir='ltr'><strong>cor-</strong></span> 
     </span>
    </p>
   </div>
   <div class='ocr_carea' id='block_1_108' title="bbox 1976 5308 2750 5380">
    <p class='ocr_par' dir='ltr' id='par_1_108' title="bbox 1976 5308 2750 5380">
     <span class='ocr_line' id='line_1_108' title="bbox 1976 5308 2750 5380; baseline 0.012 -20"><span class='ocrx_word' id='word_1_814' title='bbox 1976 5308 2124 5378; x_wconf 90' lang='lat' dir='ltr'><strong>poris</strong></span> <span class='ocrx_word' id='word_1_815' title='bbox 2146 5308 2306 5365; x_wconf 90' lang='lat' dir='ltr'><strong>divisi</strong></span> <span class='ocrx_word' id='word_1_816' title='bbox 2334 5312 2612 5380; x_wconf 89' lang='lat' dir='ltr'><strong>proprium</strong></span> <span class='ocrx_word' id='word_1_817' title='bbox 2647 5324 2750 5370; x_wconf 88' lang='lat' dir='ltr'><strong>est.</strong></span> 
     </span>
    </p>
   </div>
   <div class='ocr_carea' id='block_1_109' title="bbox 850 5421 3017 5496">
    <p class='ocr_par' dir='ltr' id='par_1_109' title="bbox 850 5421 3017 5496">
     <span class='ocr_line' id='line_1_109' title="bbox 850 5421 3017 5496; baseline 0 -15"><span class='ocrx_word' id='word_1_818' title='bbox 850 5425 978 5481; x_wconf 67' lang='lat' dir='ltr'><strong>Car.</strong></span> <span class='ocrx_word' id='word_1_819' title='bbox 1022 5424 1206 5479; x_wconf 79' lang='lat' dir='ltr'><strong>XXIII.</strong></span> <span class='ocrx_word' id='word_1_820' title='bbox 1247 5424 1386 5478; x_wconf 84' lang='lat' dir='ltr'><strong>Deus</strong></span> <span class='ocrx_word' id='word_1_821' title='bbox 1413 5422 1765 5477; x_wconf 77' lang='lat' dir='ltr'><strong>substantiam</strong></span> <span class='ocrx_word' id='word_1_822' title='bbox 1799 5437 1952 5475; x_wconf 87' lang='lat' dir='ltr'><strong>suam</strong></span> <span class='ocrx_word' id='word_1_823' title='bbox 1984 5439 2086 5476; x_wconf 83' lang='lat' dir='ltr'><strong>non</strong></span> <span class='ocrx_word' id='word_1_824' title='bbox 2119 5423 2284 5480; x_wconf 85' lang='lat' dir='ltr'><strong>misit.</strong></span> <span class='ocrx_word' id='word_1_825' title='bbox 2312 5421 2497 5479; x_wconf 78' lang='lat' dir='ltr'><strong>Manes</strong></span> <span class='ocrx_word' id='word_1_826' title='bbox 2537 5426 2590 5478; x_wconf 84' lang='lat' dir='ltr'><strong>in</strong></span> <span class='ocrx_word' id='word_1_827' title='bbox 2626 5425 2787 5480; x_wconf 85' lang='lat' dir='ltr'><strong>Deum</strong></span> <span class='ocrx_word' id='word_1_828' title='bbox 2819 5429 3017 5496; x_wconf 69' lang='lat' dir='ltr'><strong>furens.</strong></span> 
     </span>
    </p>
   </div>
   <div class='ocr_carea' id='block_1_110' title="bbox 380 5535 1875 5608">
    <p class='ocr_par' dir='ltr' id='par_1_110' title="bbox 380 5535 1875 5608">
     <span class='ocr_line' id='line_1_110' title="bbox 380 5535 1875 5608; baseline -0.002 -17"><span class='ocrx_word' id='word_1_829' title='bbox 380 5536 450 5591; x_wconf 77' lang='grc' dir='ltr'><strong>Τὸ</strong></span> <span class='ocrx_word' id='word_1_830' title='bbox 487 5537 544 5590; x_wconf 80' lang='grc' dir='ltr'><strong>δὲ</strong></span> <span class='ocrx_word' id='word_1_831' title='bbox 580 5536 644 5608; x_wconf 82' lang='grc' dir='ltr'>δὴ</span> <span class='ocrx_word' id='word_1_832' title='bbox 691 5537 1164 5608; x_wconf 84' lang='grc' dir='ltr'>παραλογώτερον,</span> <span class='ocrx_word' id='word_1_833' title='bbox 1222 5539 1270 5590; x_wconf 89' lang='grc' dir='ltr'>εἰ</span> <span class='ocrx_word' id='word_1_834' title='bbox 1311 5536 1540 5608; x_wconf 81' lang='grc' dir='ltr'>θελήσας</span> <span class='ocrx_word' id='word_1_835' title='bbox 1590 5535 1724 5599; x_wconf 84' lang='grc' dir='ltr'>Θεὸς</span> <span class='ocrx_word' id='word_1_836' title='bbox 1773 5535 1875 5607; x_wconf 90' lang='grc' dir='ltr'><strong>γῆν</strong></span> 
     </span>
    </p>
   </div>
   <div class='ocr_carea' id='block_1_111' title="bbox 300 5628 1878 5712">
    <p class='ocr_par' dir='ltr' id='par_1_111' title="bbox 300 5628 1878 5712">
     <span class='ocr_line' id='line_1_111' title="bbox 300 5628 1878 5712; baseline -0.004 -25"><span class='ocrx_word' id='word_1_837' title='bbox 300 5628 581 5695; x_wconf 68' lang='grc' dir='ltr'>ἱξελέσθαι</span> <span class='ocrx_word' id='word_1_838' title='bbox 627 5628 726 5698; x_wconf 87' lang='grc' dir='ltr'><strong>τῆς</strong></span> <span class='ocrx_word' id='word_1_839' title='bbox 764 5630 978 5693; x_wconf 86' lang='grc' dir='ltr'>κακίας,</span> <span class='ocrx_word' id='word_1_840' title='bbox 1023 5628 1084 5682; x_wconf 76' lang='grc' dir='ltr'>τὸ</span> <span class='ocrx_word' id='word_1_841' title='bbox 1126 5629 1318 5711; x_wconf 24' lang='grc' dir='ltr'>ἐκ-τῆς</span> <span class='ocrx_word' id='word_1_842' title='bbox 1352 5629 1497 5702; x_wconf 25' lang='grc' dir='ltr'>,ιδίας</span> <span class='ocrx_word' id='word_1_843' title='bbox 1530 5628 1744 5700; x_wconf 83' lang='grc' dir='ltr'>φύσεως</span> <span class='ocrx_word' id='word_1_844' title='bbox 1781 5645 1878 5712; x_wconf 57' lang='grc' dir='ltr'>γυτ</span> 
     </span>
    </p>
   </div>
   <div class='ocr_carea' id='block_1_112' title="bbox 471 5723 1128 5789">
    <p class='ocr_par' dir='ltr' id='par_1_112' title="bbox 471 5723 1128 5789">
     <span class='ocr_line' id='line_1_112' title="bbox 471 5723 1128 5789; baseline -0.006 0"><span class='ocrx_word' id='word_1_845' title='bbox 471 5725 741 5789; x_wconf 59' lang='lat' dir='ltr'><strong>Pauor“</strong></span> <span class='ocrx_word' id='word_1_846' title='bbox 774 5725 890 5784; x_wconf 72' lang='lat' dir='ltr'><strong>Gn.</strong></span> <span class='ocrx_word' id='word_1_847' title='bbox 923 5723 1128 5785; x_wconf 75' lang='lat' dir='ltr'><strong>XVIII</strong></span> 
     </span>
    </p>
   </div>
   <div class='ocr_carea' id='block_1_113' title="bbox 2054 5533 3546 5608">
    <p class='ocr_par' dir='ltr' id='par_1_113' title="bbox 2054 5533 3546 5608">
     <span class='ocr_line' id='line_1_113' title="bbox 2054 5533 3546 5608; baseline 0.003 -18"><span class='ocrx_word' id='word_1_848' title='bbox 2054 5533 2209 5601; x_wconf 88' lang='lat' dir='ltr'><strong>Quod</strong></span> <span class='ocrx_word' id='word_1_849' title='bbox 2243 5546 2424 5592; x_wconf 89' lang='lat' dir='ltr'><strong>autem</strong></span> <span class='ocrx_word' id='word_1_850' title='bbox 2452 5538 2724 5594; x_wconf 89' lang='lat' dir='ltr'><strong>amentius</strong></span> <span class='ocrx_word' id='word_1_851' title='bbox 2761 5553 2864 5608; x_wconf 76' lang='grc' dir='ltr'>εει,</span> <span class='ocrx_word' id='word_1_852' title='bbox 2893 5541 2938 5597; x_wconf 92' lang='lat' dir='ltr'><strong>si</strong></span> <span class='ocrx_word' id='word_1_853' title='bbox 2963 5557 3086 5595; x_wconf 91' lang='lat' dir='ltr'><strong>cum</strong></span> <span class='ocrx_word' id='word_1_854' title='bbox 3118 5540 3378 5596; x_wconf 89' lang='lat' dir='ltr'><strong>voluisset</strong></span> <span class='ocrx_word' id='word_1_855' title='bbox 3404 5539 3546 5595; x_wconf 87' lang='lat' dir='ltr'><strong>Deus</strong></span> 
     </span>
    </p>
   </div>
   <div class='ocr_carea' id='block_1_114' title="bbox 1993 5629 3551 5704">
    <p class='ocr_par' dir='ltr' id='par_1_114' title="bbox 1993 5629 3551 5704">
     <span class='ocr_line' id='line_1_114' title="bbox 1993 5629 3551 5704; baseline 0 -19"><span class='ocrx_word' id='word_1_856' title='bbox 1993 5635 2190 5685; x_wconf 85' lang='lat' dir='ltr'><strong>terram</strong></span> <span class='ocrx_word' id='word_1_857' title='bbox 2215 5629 2428 5700; x_wconf 86' lang='lat' dir='ltr'><strong>eripere</strong></span> <span class='ocrx_word' id='word_1_858' title='bbox 2459 5630 2740 5704; x_wconf 66' lang='lat' dir='ltr'><strong>nequitiae,</strong></span> <span class='ocrx_word' id='word_1_859' title='bbox 2779 5647 2848 5688; x_wconf 78' lang='lat' dir='ltr'><strong>ex</strong></span> <span class='ocrx_word' id='word_1_860' title='bbox 2883 5642 3076 5688; x_wconf 88' lang='lat' dir='ltr'><strong>natura</strong></span> <span class='ocrx_word' id='word_1_861' title='bbox 3107 5632 3327 5703; x_wconf 88' lang='lat' dir='ltr'><strong>propria</strong></span> <span class='ocrx_word' id='word_1_862' title='bbox 3365 5632 3551 5688; x_wconf 84' lang='lat' dir='ltr'><strong>emisit</strong></span> 
     </span>
    </p>
   </div>
   <div class='ocr_carea' id='block_1_115' title="bbox 3197 5725 3273 5786">
    <p class='ocr_par' dir='ltr' id='par_1_115' title="bbox 3197 5725 3273 5786">
     <span class='ocr_line' id='line_1_115' title="bbox 3197 5725 3273 5786; baseline 0.026 -2"><span class='ocrx_word' id='word_1_863' title='bbox 3197 5725 3273 5786; x_wconf 69' lang='lat'><strong>35</strong></span> 
     </span>
    </p>
   </div>
  </div>
