3968 6914
651 222 789 282 1099

1716 206 1719 209 ’
1770 220 1905 279 TITI
1938 220 2371 282 uesrarusrs
2409 222 2716 280 EPISCOPI

3607 251 3703 310 Ιίθθ

649 340 782 397 illud
811 338 1015 397 nudum
1059 336 1128 407 ad
1180 338 1562 410 cyontumeliam
1612 346 1665 393 et
1692 336 1971 393 interitum
2027 336 2197 406 ipsius

2141 352 2197 392 us
2227 344 2272 399 Α
2302 336 2429 408 μνὸν
2459 338 2768 408 προσήκατο
2782 335 2861 399 είς
2878 333 3024 407 ὓϐριν
3044 339 3278 412 χαλεπὴν,
3306 344 3387 397 καὶ
3397 341 3624 423 διαφθορὰν
3639 363 3708 413 αὖ.

639 429 979 494 substantiae,
1017 433 1098 482 tot
1145 428 1362 485 saeculis
1414 443 1694 485 sessurum
1727 434 1783 482 et
1826 426 2197 481 babitaturum

640 524 805 582 simul
843 537 968 577 cum
1007 522 1270 592 nequitia,
1302 529 1357 577 et
1383 522 1657 593 particeps
1685 519 1805 590 ejus
1833 517 2100 586 futurum,
2135 535 2198 574 ac

638 632 764 673 cum
786 630 849 671 ea
878 614 1082 688 pariter
1105 622 1474 685 peccaturum.
1499 610 1654 678 Quod
1680 609 1898 681 quidem
1925 610 2006 664 vel
2038 624 2197 663 unam

637 711 829 767 horam
859 715 953 762 aut
974 715 1232 778 punctum
1264 704 1526 775 temporis
1558 702 1920 758 substantiam
1951 700 2044 756 Dei
2070 716 2194 771 pas-

637 819 757 860 sam
805 817 951 868 esse,
1000 810 1061 856 ut
1101 799 1357 871 nequitiae
1406 797 1652 868 subjecta
1695 803 1863 858 esset,
1901 803 1955 849 et
1993 796 2198 863 pariter

636 911 762 951 cum
816 909 881 951 ea
928 892 1269 964 deliquisset,
1329 904 1542 945 omnem
1602 887 1891 944 amentiam
1950 893 2192 956 superat.

636 989 851 1057 Quanto
900 987 1093 1043 melius
1142 992 1258 1041 erat
1291 982 1548 1039 traditam
1596 996 1721 1038 esse
1757 987 1984 1045 terram,
2033 992 2193 1048 quam

634 1079 997 1139 substantiam
1031 1077 1122 1134 Dei
1153 1075 1601 1147 comprehensam
1627 1071 1784 1128 esse?
1826 1069 1884 1125 Si
1909 1070 2055 1125 enim
2084 1083 2194 1123 non

635 1170 834 1224 fuisset
865 1166 1088 1223 ferenda
1120 1165 1362 1220 incursio
1390 1163 1444 1217 in
1474 1170 1698 1224 terram,
1738 1167 1798 1214 ut
1838 1157 2067 1212 materia
2103 1172 2195 1210 or-

637 1259 819 1315 dinem
870 1259 1252 1330 perturbaret,
1314 1260 1517 1324 quanto
1562 1252 1743 1305 minus
1804 1248 2022 1305 ferenda
2078 1255 2194 1301 erat

638 1358 786 1404 tanta
837 1346 1098 1412 servitus,
1130 1354 1183 1400 et
1227 1352 1437 1398 naturae
1462 1340 1659 1396 divinat
1708 1338 1997 1409 subjectio,
2032 1336 2193 1408 idque

636 1456 747 1497 non
776 1439 846 1494 ad
878 1438 1261 1494 breviSsimum
1292 1444 1528 1505 tempus,
1564 1432 1662 1489 sed
1693 1431 1762 1487 ad
1791 1430 2112 1487 universum
2139 1436 2193 1485 et

635 1532 960 1586 immensum
1007 1528 1305 1584 saeculum?
1355 1533 1415 1581 ut
1461 1539 1638 1595 neque
1680 1521 1923 1594 nequitia
1966 1535 2194 1594 peccare

634 1624 941 1685 desisteret,
992 1628 1046 1676 et
1079 1620 1222 1676 Deus
1256 1634 1382 1674 cum
1436 1633 1499 1672 ea
1522 1631 1619 1687 per
1655 1620 1979 1687 potestatem
2018 1628 2089 1668 ex
2133 1626 2193 1669 se

633 1713 868 1785 genitam
899 1720 1169 1783 peccaret.

704 1804 860 1861 Unde
888 1817 1232 1874 consequens
1260 1808 1366 1867 est,
1398 1815 1578 1872 neque
1606 1802 1770 1855 deum
1795 1797 2036 1854 voluisse
2064 1796 2191 1851 mit-

632 1903 749 1951 tere
784 1895 1039 1966 nequitiae
1074 1910 1142 1950 ex
1187 1893 1493 1950 substantia
1538 1906 1639 1948 sua
1670 1891 1908 1962 genitum
1964 1890 2029 1944 ad
2060 1904 2188 1959 pec-

631 1988 867 2043 candum
894 2002 1016 2042 cum
1039 2001 1102 2042 ea
1133 2006 1147 2041 :
1179 1999 1280 2041 nec
1306 1983 1439 2039 illud
1462 1985 1686 2039 missum
1718 1980 1998 2036 inductum
2021 1980 2190 2036 fuisse

631 2087 686 2135 et
713 2079 1139 2149 obtemperasse,
1172 2084 1231 2131 ut
1257 2074 1325 2130 ad
1352 2083 1561 2128 tantum
1591 2071 1794 2126 malum
1818 2078 1873 2127 et
1900 2070 2043 2125 luem
2064 2082 2190 2138 pro-

631 2173 1009 2237 ﬁcisceretur;
1046 2179 1106 2224 ut
1141 2168 1461 2239 impleretur
1486 2165 1696 2222 scilicet
1716 2164 1864 2220 omni
1900 2162 2191 2234 iniquitate

630 2275 684 2322 et
714 2265 1003 2336 iniustitia,
1037 2261 1201 2318 simul
1227 2268 1282 2315 et
1314 2259 1614 2331 impietate,
1646 2256 1815 2328 idque
1847 2271 1948 2327 pro
1972 2263 2188 2311 terrena

630 2355 951 2412 liberatione
977 2360 1139 2408 terra:
1168 2367 1274 2406 non
1300 2350 1411 2420 jam
1448 2359 1579 2404 tunc
1620 2354 1813 2418 captae,
1847 2345 1944 2401 sed
1975 2345 2191 2416 capien-

629 2447 733 2511 dae,
765 2458 1023 2515 tanquam
1064 2457 1172 2497 non
1203 2442 1472 2512 potuisset
1500 2438 1645 2496 Deus
1677 2439 1836 2494 aliter
1864 2436 1993 2493 huic
2028 2443 2189 2493 terra:

630 2553 886 2612 praeesse.
925 2535 1078 2591 ~Vide
1127 2548 1293 2605 quam
1348 2533 1507 2603 plane
1556 2530 1832 2586 inﬁmum
1893 2529 2189 2586 mentiatur

634 2633 807 2687 Deum
833 2627 1166 2684 Maniehazus
1197 2624 1252 2679 in
1284 2622 1452 2679 Deum
1476 2622 1684 2689 furens,
1712 2631 1968 2690 tanquam
1995 2618 2187 2674 defen-

628 2737 724 2778 sor
749 2720 1159 2792 possessionum
1196 2714 1667 2787 alicujuspupilli,
1691 2720 1744 2768 et
1774 2714 1932 2784 cujus
1960 2712 2188 2768 inﬁrmi-

628 2820 796 2869 tatem
836 2811 1208 2868 necessarium
1246 2815 1332 2864 est
1362 2805 1632 2869 confiteri,
1659 2814 1719 2860 ut
1749 2817 1932 2877 partes
1968 2805 2184 2876 patroni

629 2906 867 2977 impleat.
903 2902 974 2959 Ut
1004 2902 1149 2960 enim
1181 2907 1374 2957 contra
1409 2897 1707 2954 defendens
1749 2897 2047 2968 nequitiam
2089 2912 2186 2952 ne-

628 3010 899 3070 quaquam
931 3010 1029 3066 per
1068 3008 1128 3049 se
1161 2991 1574 3052 consistentem,
1623 2989 1804 3044 omnia
1834 2988 2050 3059 quidem
2100 2988 2182 3042 fe-

628 3090 774 3146 cisse
802 3094 1002 3144 contra
1031 3084 1197 3141 Deum
1220 3090 1429 3147 narrat,
1464 3081 1808 3145 seditionem,
1839 3081 2098 3151 impetum
2129 3080 2184 3135 in

628 3195 720 3238 res
750 3179 892 3250 ejus,
925 3184 1222 3249 postremo,
1246 3172 1395 3244 quod
1430 3182 1513 3229 est
1552 3173 1796 3227 omnium
1827 3171 2186 3243 ﬂagitiosissi-

630 3286 801 3337 mum,
851 3268 1155 3326 obtinuisse
1204 3265 1353 3323 omni
1390 3265 1591 3321 saeculo
1630 3264 1993 3320 substantiam
2044 3263 2182 3333 ejus,

629 3376 858 3433 eamque
891 3360 948 3414 in
985 3357 1223 3414 infinitas
1254 3365 1436 3429 partes
1463 3356 1738 3420 divisisse,
1775 3353 2097 3425 prafocare,
2131 3362 2186 3409 et

630 3457 688 3512 in
739 3470 799 3510 se
837 3455 955 3524 ipsa
1005 3450 1323 3522 reprimere,
1376 3449 1682 3519 habereque
1718 3463 1836 3503 eam
1876 3447 2078 3503 sociam
2127 3447 2183 3501 in

629 3545 778 3602 omni
801 3558 965 3616 prava
991 3543 1206 3596 actione
1233 3546 1288 3595 et
1327 3538 1772 3608 intemperantia;
1807 3535 1973 3590 Deum
2003 3543 2183 3591 autem

630 3654 743 3694 non
771 3638 1014 3709 potuisse
1042 3635 1223 3689 locum
1252 3647 1411 3688 suum
1436 3633 1546 3687 ullo
1573 3631 1681 3685 alio
1707 3629 1869 3685 modo
1899 3644 2075 3699 neque
2095 3643 2185 3684 va-

628 3732 803 3788 lenter
830 3729 1062 3800 eripere,
1087 3742 1263 3797 neque
1284 3726 1473 3782 saltem
1497 3737 1689 3779 vacare
1712 3736 1742 3776 a
1762 3728 2008 3791 peccato,
2028 3722 2182 3792 quod

591 3854 596 3903 ς
626 3829 877 3878 naturam
916 3820 1037 3892 ejus
1058 3819 1307 3875 decebat.

697 4001 827 4067 Quae
868 3998 1011 4055 enim
1046 3997 1101 4053 id
1129 3994 1273 4066 quod
1317 4009 1381 4050 ex
1416 3995 1536 4065 ipso
1588 3991 1887 4048 secundum
1922 3991 2179 4047 substan-

625 4091 756 4145 tiam
811 4090 1052 4160 genitum
1103 4095 1207 4149 est,
1261 4088 1463 4155 pariter
1510 4097 1633 4138 cum
1692 4082 1917 4137 materia
1966 4088 2177 4151 peccat,

623 4182 786 4253 plane
826 4179 882 4233 in
922 4193 1044 4234 eum
1073 4176 1166 4247 qui
1196 4173 1405 4245 genuit,
1446 4171 1772 4228 redundant.
1826 4168 1917 4225 Sic
1960 4169 2179 4224 demum

622 4285 838 4327 omnem
871 4268 1166 4339 potentiam
1199 4265 1254 4319 in
1282 4264 1448 4318 Deum
1479 4261 1791 4318 testimonio
1835 4274 1938 4316 suo
1988 4259 2179 4314 tribuit

2296 428 2395 499 τῆς
2428 445 2490 498 γε
2509 428 2608 499 τῆς
2625 428 2826 521 οὐσίας,
2843 429 3079 482 τοσοῦτον
3102 431 3258 487 αίῶνα
3274 434 3572 508 καθεζόμενον
3595 451 3715 521 κακίᾳ

2298 520 2628 591 συνοικῆσον,
2668 520 2761 574 καὶ
2796 519 3010 591 μεθέξον
3062 522 3236 594 αὐτῆς,
3287 526 3372 579 καὶ
3402 519 3714 606 meum”.

2297 612 2430 684 αὐτῇ
2450 630 2467 643 ³
2492 613 2627 684 ὅπερ
2651 612 2777 683 μίαν
2803 612 2929 681 γοῦν
2962 611 3099 684 ὥραν
3121 614 3152 685 ἢ
3174 616 3344 687 χρόνου
3372 624 3562 694 στιγμὴν
3583 628 3717 683 παθεῖν

2294 703 2392 774 τὴν
2437 705 2624 758 οὐσίαν
2668 703 2760 757 τοῦ
2810 702 2972 769 Θεοῦ,
3015 704 3084 768 ὡς
3125 707 3418 779 ὑποταγῆναι
3470 716 3615 779 κακίᾳ,
3656 723 3716 772 καὶ

2295 795 2461 866 ταύτῃ
2484 787 2916 868 συναμαρτῆσαι,
2939 796 3028 849 καὶ
3058 797 3253 851 πάντων
3276 799 3555 874 ἀλογώτερον
3575 772 3624 859 ἀν
3645 811 3716 879 εἴη.

2294 887 2405 940 Καὶ
2435 887 2584 958 πόσῳ
2632 887 2695 957 δὴ
2731 887 2934 958 βέλτιον
2972 883 3038 959 ἦν
3086 892 3182 959 γῆν
3222 891 3553 964 παραδοθῆναι,
3578 900 3647 951 καὶ
3668 902 3717 971 μὴ

2244 978 2256 988 ”
2292 980 2391 1052 τὴν
2440 980 2626 1033 οὐσίαν
2672 978 2765 1032 τοῦ
2813 979 2946 1034 Θεοῦ
2999 981 3402 1052 καταληφθῆναι;
3444 986 3498 1039 Et
3539 988 3622 1059 γὰρ
3654 993 3719 1046 οὐκ

2294 1072 2489 1144 ἀνεκτὴ
2529 1072 2663 1144 πρὸς
2694 1072 2918 1137 ἀταξίαν
2963 1073 3060 1144 τῆς
3098 1074 3222 1145 ῦλης
3260 1077 3433 1146 ήκατὰ
3465 1081 3549 1150 γῆς
3575 1082 3717 1150 ἔφοδος,

2293 1163 2443 1234 πόσῳ
2478 1164 2672 1234 μᾶλλον
2708 1164 2981 1235 ἀφόρητος
3023 1168 3055 1237 ἡ
3089 1166 3305 1238 τοσαύτη
3334 1169 3512 1225 δουλεία
3536 1175 3611 1225 καὶ
3633 1176 3721 1227 ὑπο-

2290 1254 2431 1325 ταγὴ
2454 1254 2553 1325 τῆς
2578 1254 2669 1308 τοῦ
2693 1255 2827 1309 Θεοῦ
2854 1256 3083 1326 φύσεως,
3113 1259 3204 1311 καὶ¹
3229 1261 3282 1313 οὐ
3315 1262 3432 1332 πρὸς
3452 1265 3502 1317 τὸ
3526 1265 3721 1337 βραχύτα.

2289 1364 2399 1412 τον,
2430 1347 2566 1402 ἀλλά
2592 1348 2726 1421 πρὸς
2750 1349 2869 1402 ὅλον
2898 1351 2991 1403 καί⁵
3016 1351 3231 1407 άπλετον
3258 1355 3442 1419 αἰῶνας
3468 1356 3530 1419 ὡς
3562 1358 3634 1425 τὴν
3657 1360 3722 1429 μὲν

2291 1437 2484 1492 κακίαν
2515 1440 2647 1511 (10⁸)
2674 1441 2766 1494 τοῦ
2821 1442 3082 1515 ἁμαρτεῖν
3118 1445 3187 1516 μὴ
3218 1445 3518 1514 πεπαῦσθαι,
3560 1449 3656 1503 Θεὸν
3683 1452 3722 1507 δὲ

2292 1531 2721 1603 συναμαρτάνειν
2748 1533 2907 1599 αὐτῇ,
2944 1534 3034 1589 διὰ
3060 1535 3156 1607 τῆς
3194 1535 3248 1602 ἐξ
3272 1537 3417 1591 αὐτοῦ
3445 1539 3721 1613 προϐεϐλημέ-

2292 1638 2389 1695 νης
2419 1621 2712 1694 δυνάμεως.

2360 1796 2520 1851 Ὅθεν
2566 1799 2733 1864 εἰκὸς,
2762 1800 2883 1855 οὐδὲ
2917 1801 3049 1856 Θεὸν
3090 1804 3221 1876 πρὸς
3259 1806 3317 1861 τὸ
3351 1808 3727 1882 συνεξαμαρτάνειν

2287 1887 2537 1961 ἐθελῆσαι
2570 1892 2781 1963 πέμψαι
2817 1896 2883 1965 τῇ
2916 1897 3085 1969 κακίᾳ
3118 1898 3176 1951 τὸ
3224 1900 3284 1954 ἐκ
3324 1901 3414 1971 τῆς
3441 1904 3593 1967 οὐσίας
3614 1906 3723 1959 αὑτοῦ

2287 1980 2558 2056 προδεσλη
2567 1983 2747 2054 μένον,
2804 1985 2916 2039 οὔτ’
2956 1990 3132 2044 ἐκεῖνο
3169 1993 3438 2063 πεισθῆναί
3478 2013 3544 2062 τε,
3571 1997 3641 2050 καὶ
3662 1998 3727 2050 ὐτ-

2285 2070 2510 2125 ακοῦσαι
2536 2072 2671 2144 πρὸς
2693 2075 2939 2130 τοσοῦτον
2972 2078 3188 2152 ὄλεθρον
3223 2083 3499 2152 ἀφικέσθαι,
3535 2085 3639 2140 ὥστε
3658 2088 3724 2140 πᾶ-

2288 2178 2387 2234 σης
2412 2163 2642 2234 ἀνομίας
2667 2182 2727 2218 τε
2761 2167 2853 2222 καὶ⁵
2880 2168 3112 2235 ἀδικίας,
3140 2171 3251 2244 ἅμα
3285 2175 3372 2227 καὶ
3394 2175 3648 2240 δυσσεϐείας
3666 2181 3726 2248 ἐμ-

2287 2253 2590 2325 πλησθῆναι
2633 2257 2772 2329 ὑπὲρ
2824 2258 2916 2312 τοῦ
2962 2263 3172 2333 γηῒνου,
3217 2265 3310 2337 τὴν
3354 2267 3443 2338 ήδη
3488 2266 3724 2338 ληφθεῖσαν,

2285 2345 2419 2400 ἀλλὰ
2434 2345 2531 2418 τὴν
2559 2348 3065 2421 καταλαμϐάνεσθαι
3087 2355 3367 2427 μέλλουσαν
3391 2358 3726 2432 ἐλευθερωθῆνοι,

2284 2436 2358 2500 ὡς
2376 2437 2473 2508 οὐχ
2499 2433 2609 2494 οἷόν
2630 2458 2691 2494 τε
2722 2441 2782 2494 δν
2807 2444 3005 2516 ἑτέρως
3035 2447 3233 2519 ταύτης
3260 2449 3346 2503 τὸν
3367 2449 3482 2503 Θεὸν
3501 2452 3725 2522 προστῆναι.

2287 2529 2427 2600 Ὅρα
2452 2530 2583 2601 ὅσην
2605 2531 2901 2604 ἀδυναμίαν
2953 2538 3335 2609 καταψεύδεται
3371 2540 3454 2595 τοῦ
3478 2540 3586 2595 Θεοῦ
3610 2540 3730 2611 «ait;

2285 2621 2314 2674 δ
2342 2621 2481 2675 κατά
2512 2622 2604 2676 τοῦ
2637 2623 2770 2678 Θεοῦ
2810 2629 2999 2697 μανείς
3017 2646 3031 2660 ’
3068 2629 3253 2702 ὥσπερ
3294 2632 3551 2704 κτημάτων
3572 2632 3728 2704 ὀρφανοῦ

2286 2731 2427 2777 τινος
2446 2716 2860 2787 προϊστάμενος,
2883 2715 2942 2774 οὗ
2970 2724 3069 2793 τὴν
3090 2723 3358 2777 ἀσθένειαν
3385 2724 3635 2794 ἐπάναγκες
3653 2728 3733 2795 ὀμο-

2287 2805 2530 2878 λογῆσαι,
2557 2808 2642 2861 ἵνα
2674 2810 2744 2864 τὰ
2785 2812 2884 2882 τῆς
2917 2814 3240 2887 συνηγορίας
3281 2815 3541 2887 πληρωθῇ·
3579 2817 3636 2880 ὠς
3665 2817 3732 2886 γὰρ

2257 2899 2610 2964 τούναντίον,
2644 2901 2742 2973 τὴν
2788 2902 3038 2975 οὐδαμῶς
3084 2907 3430 2978 ὑφεπηκυίαν
3470 2908 3626 2961 κακίαν
3650 2924 3734 2979 πρε-

2290 2987 2517 3054 σϐεύων,
2567 2991 2744 3045 πάντα
2798 2995 2896 3065 μὲν
2946 2996 3120 3069 αὐτὴν
3175 2999 3309 3053 κατὰ
3342 2999 3462 3053 Θεοῦ
3491 3000 3732 3071 δεδρακέναι,

2286 3077 2433 3147 λέγει
2474 3080 2873 3154 ἐπαναστῆναι,
2924 3086 3179 3157 ἐπιϐῆναι
3220 3091 3327 3151 τοῖς
3373 3088 3517 3142 αὐτοῦ
3555 3088 3732 3158 θελῆσαι·

2284 3167 2454 3234 τέλος,
2511 3170 2572 3222 τὸ
2614 3172 2829 3226 πάντων
2866 3174 3008 3228 κατά
3047 3176 3182 3231 Θεοῦ
3219 3180 3569 3250 χαλεπώτερον,
3590 3179 3663 3248 τῆς
3683 3178 3738 3230 οὐ·

2287 3259 2406 3323 σίας
2430 3261 2594 3315 αὑτοῦ
2628 3264 2868 3336 ἐγκρατῆ
2907 3265 3199 3337 σύμπαντα
3233 3271 3320 3324 τὸν
3360 3272 3508 3325 αξῶνα
3543 3269 3734 3339 γενέσθαι,

2282 3352 2376 3406 καὶ
2402 3358 2726 3426 κατατεμεῖν
2753 3356 2974 3429 ταύτην,
3001 3358 3082 3425 ὡς
3109 3362 3210 3416 οὐκ
3235 3363 3499 3433 ἐνδέχεται,
3519 3365 3581 3426 είς
3599 3362 3737 3432 imp!

2281 3444 2560 3514 τμήματα,
2596 3447 2914 3517 ἀποπνίγειν
2965 3467 3027 3503 τε
3080 3453 3177 3506 καὶ
3219 3454 3501 3508 ἀποθλίϐειν
3534 3456 3580 3507 ὲν
3608 3453 3735 3522 ἑαυτῇ,

2282 3536 2376 3589 καὶ
2405 3537 2742 3609 συμμέτοχον
2790 3540 2987 3613 ἑαυτῆς
3034 3543 3096 3596 ἐν
3148 3544 3297 3619 πάσῃ
3352 3544 3638 3617 κακοπραγίᾳ
3675 3543 3738 3595 καὶ

2281 3628 2545 3701 ἀκολασίᾳ
2587 3629 2757 3702 ἔχειν·
2803 3631 2935 3686 Θεὸν
2983 3633 3039 3688 δὲ
3086 3636 3161 3708 μὴ
3208 3637 3475 3710 δυνηθῆναι
3536 3637 3641 3708 μήτε
3677 3632 3737 3685 τὸν

2281 3721 2412 3775 ἴδιον
2455 3722 2618 3776 τόπον
2666 3724 2849 3796 ἕτερόν
2886 3743 3006 3779 τινα
3049 3730 3254 3800 τρόπον
3303 3729 3593 3802 δραστηρίως
3621 3724 3742 3792 ἐξελέ-

2282 3810 2427 3877 σθαι,
2461 3813 2598 3883 μήτε
2629 3813 2690 3866 τὸ
2723 3814 3103 3888 ἀναμάρτητοί
3144 3820 3275 3889 γοῦν
3321 3820 3477 3891 ἐαυτῷ
3509 3816 3739 3890 πρεπόντως

2278 3903 2345 3972 τῇ
2387 3900 2543 3971 φύσει
2574 3903 2829 3974 τηρῆσαι.

2356 3994 2419 4047 Ἀ
2454 3992 2563 4065 γὰρ
2609 3994 2670 4047 τδ
2711 3995 2771 4059 ἐξ
2812 3996 2974 4050 αὑτοῦ
3032 4000 3455 4074 προσεὸλημένον
3482 3999 3574 4052 κατ’
3601 3994 3743 4048 οὐσίαν

2279 4086 2344 4156 τῇ
2378 4082 2475 4156 ὕλῃ
2506 4085 2806 4151 συναδικεί,
2853 4087 3114 4161 ἄντικρυς
3149 4095 3230 4157 είς
3259 4094 3408 4148 αὑτὸν
3439 4087 3652 4159 ἀνατρέχει
3668 4084 3743 4136 τὸν

2279 4173 2736 4245 προϐεϐλημένον.
2792 4176 2946 4231 Οὕτω
2984 4179 3047 4251 δὴ
3102 4184 3288 4237 πᾶσαν
3337 4177 3583 4236 δυναστείαν
3629 4171 3742 4226 κατὰ

2279 4266 2413 4319 Θεοῦ
2439 4269 2504 4337 τῇ
2544 4268 2708 4340 κακίᾳ
2755 4275 3217 4346 προσμαρτυρῶν,
3257 4276 3382 4332 Θεὸν
3419 4274 3464 4328 δὲ
3494 4271 3548 4326 τὰ
3578 4267 3744 4322 πάντων

622 4363 903 4434 nequitiae;
953 4359 1127 4414 Deum
1154 4372 1283 4413 vero
1325 4355 1457 4411 dicit
1499 4368 1720 4425 passum
1764 4366 1887 4409 esse
1929 4351 2174 4406 omnium

2206 4372 2250 4426 ι)
2278 4358 2548 4429 ἀνήκεστα
2579 4360 2712 4428 πρὸς
2748 4362 2915 4433 αὐτῆς
2951 4366 3284 4421 πεπονθέναι
3305 4368 3455 4436 λέγει,
3480 4365 3553 4418 καὶ
3585 4356 3743 4428 τολμῶν

620 4454 914 4510 durissima
938 4469 953 4507 :
977 4461 1031 4507 et
1057 4449 1221 4505 audet
1241 4449 1593 4518 subjungere,
1622 4443 1768 4515 quod
1800 4451 2044 4514 potestas
2077 4440 2175 4498 Dei

621 4546 791 4602 missa
818 4543 1016 4615 sepivit
1045 4541 1326 4597 materiam
1352 4547 1610 4607 tauquam
1637 4537 1873 4592 belluam
1896 4536 2173 4600 cautione,

622 4649 732 4688 non
777 4634 951 4689 solum
982 4646 1192 4687 summe
1233 4629 1528 4695 contraria,
1575 4643 1827 4683 sermone
1875 4627 2022 4681 omni
2055 4640 2177 4697 pro-

620 4725 898 4781 babilitate
927 4732 1151 4780 carente
1183 4723 1441 4786 miscens,
1474 4729 1528 4776 et
1552 4735 1673 4790 qua:
1696 4719 1845 4774 nullo
1864 4726 2026 4790 pacto
2053 4732 2176 4772 esse

620 4826 870 4890 possunt,
896 4817 1194 4874 secundum
1210 4823 1459 4871 naturam
1469 4820 1775 4868 commento
1795 4827 1894 4867 suo
1917 4811 2174 4881 largiens,

619 4909 715 4966 sed
750 4915 939 4964 contra
971 4921 1134 4978 quam
1167 4906 1282 4961 vult
1307 4905 1396 4962 bie
1423 4904 1586 4962 etiam
1613 4902 1907 4959 conﬁciens
1937 4911 1994 4958 et
2037 4918 2173 4958 con-

616 4997 845 5055 cludens
869 5017 883 5052 :
911 5013 977 5054 ex
1009 4996 1253 5066 utrisque
1284 4994 1426 5051 enim
1466 4995 1543 5051 ait
1572 4994 1718 5049 hunc
1744 4990 1913 5049 Deum
1946 4992 2172 5047 univer-

617 5106 742 5147 sum
781 5091 887 5146 hoc
931 5089 1254 5145 fabricatum
1302 5102 1444 5143 esse.
1498 5085 1708 5157 Corpus
1754 5100 1887 5141 vero
1934 5086 2171 5142 hominis

2279 4450 2493 4518 ἐπάγει,
2522 4450 2604 4503 ὅτι
2631 4450 2693 4522 δὴ
2719 4454 3086 4526 κατεκοίμησε
3127 4458 3227 4531 τὴν
3258 4459 3385 4532 ὓλην
3411 4461 3440 4529 ή
3472 4452 3745 4511 ἀποσταλεῖσα

2280 4539 2373 4595 τοῦ
2416 4540 2549 4595 Θεοῦ
2598 4541 2842 4615 δύναμις,
2879 4545 2955 4609 ὡς
2992 4546 3053 4600 τὸ
3102 4549 3293 4623 θηρίον
3337 4552 3517 4621 ἐπῳδῇ,
3552 4548 3600 4600 οὐ
3634 4544 3743 4615 μόνον

2279 4632 2558 4697 ἀπιθάνως
2582 4634 2648 4688 τά
2673 4635 2853 4707 ἄκρως
2878 4638 3094 4693 ἐναντία
3129 4641 3210 4713 τῷ
3243 4643 3380 4714 λόγῳ
3404 4638 3593 4713 κιρνῶν,
3616 4633 3685 4688 καὶ
3700 4629 3743 4682 τὶ

2283 4726 2546 4797 μηδαμῶς
2574 4726 2711 4780 κατά
2750 4726 2908 4796 φύσιν
2945 4729 3272 4804 ἐνδεχόμενα
3304 4733 3380 4805 τῷ
3417 4733 3517 4802 ίδίῳ
3546 4727 3742 4793 πλάσματι

2281 4817 2652 4888 χαριζόμενος,
2697 4818 2829 4872 ἀλλά
2874 4822 2966 4874 καὶ
3013 4825 3321 4879 τούναντίον
3377 4825 3408 4897 ἥ
3448 4822 3661 4896 βούλεται,
3684 4809 3745 4867 καὶ

2281 4906 2511 4961 ἐνταῦθα
2536 4908 2977 4974 κατασκευάζων
3014 4911 3072 4978 ἐξ
3106 4914 3313 4985 ἀμφοῖν
3357 4915 3451 4986 μὲν
3483 4913 3575 4983 γὰρ
3602 4906 3746 4960 τούτοιν

2280 5000 2415 5070 φησὶ
2443 4998 2570 5052 Θεὸν
2595 5000 2991 5073 δημιουργῆσαι
3013 5003 3131 5057 τόδε
3155 5007 3219 5059 τὸ
3244 5009 3349 5061 πᾶν
3364 5024 3379 5036 ·
3423 5004 3509 5058 τοῦ
3540 5002 3587 5056 δὲ
3611 4990 3747 5066 ἀνθρὼ-

2280 5105 2381 5141 που
2408 5084 2543 5142 εἶναι
2568 5089 2664 5160 μὲν
2692 5089 2752 5143 τὸ
2783 5089 2942 5161 σῶμα
2962 5093 3060 5163 τῆς
3083 5096 3316 5159 καικίας⁹
3341 5090 3473 5148 εἶναι
3509 5093 3558 5146 δὲ
3588 5087 3661 5156 τὴν
3684 5082 3748 5149 εἶν’-θ’

614 5197 740 5240 esse
772 5182 991 5254 quidem
1014 5168 1294 5252 nequitia);
1329 5179 1566 5234 animam
1594 5192 1722 5233 vero
1752 5176 1869 5241 Dei,
1903 5177 2019 5233 sive
2050 5191 2176 5233 cum

2272 5178 2374 5250 χὴν
2406 5178 2500 5232 τοῦ
2538 5180 2763 5251 ἀγαθοῦ,
2796 5183 2904 5236 εἴτε
2936 5186 3205 5256 μονοειδῆ,
3237 5188 3345 5240 εἴτε
3390 5178 3688 5253 συγκειμένην
3707 5172 3746 5223 ει

617 5278 742 5332 sint‘
774 5278 936 5331 unius
986 5273 1193 5339 formae,
1258 5275 1373 5330 sive
1425 5288 1551 5327 cum
1597 5271 1710 5341 jam
1764 5286 1832 5326 ex
1878 5270 2174 5327 contrariis

2271 5270 2380 5323 τῶν
2409 5273 2663 5327 ἐναντίων
2682 5290 2696 5305 ·
2737 5276 2831 5329 καὶ
2855 5276 3043 5350 ταύτῃ,
3077 5276 3152 5341 ὡς
3179 5279 3437 5350 ἑκάτερον
3462 5273 3625 5347 μικρὸν
3646 5266 3747 5318 ἴδετε·

617 5370 953 5441 composita;
981 5383 1212 5438 quorum
1259 5374 1534 5429 neutrum,
1581 5372 1641 5418 ut
1671 5363 1834 5435 paulo
1862 5373 1983 5434 post
2013 5363 2179 5419 doce-

616 5458 833 5527 bimus,
875 5459 1177 5517 cousistcre
1228 5464 1424 5527 potest.
1495 5456 1711 5526 Corpus
1768 5461 1951 5509 tamen
1996 5454 2170 5511 solum

2275 5381 2366 5437 ρον
2401 5364 2664 5436 δείξομεν,
2698 5367 2955 5423 σύστασιν
2991 5368 3110 5423 οὐδὲ
3138 5370 3273 5441 μίαν
3303 5370 3438 5441 ἔχον.
3467 5366 3609 5437 Σῶμα

2273 5456 2393 5510 καθ’
2427 5457 2583 5510 ἐαυτδ
2610 5458 2760 5515 οὐδὲν
2798 5460 2908 5517 τῶν
2947 5461 3131 5517 κακῶν
3164 5462 3279 5517 οὐδ’
3304 5462 3520 5530 ἐπινοεῖ,
3544 5455 3641 5511 οὒτε
3662 5442 3750 5517 ὄρθ’

689 5613 819 5689 (10⁸)
856 5615 1106 5672 Κακίαν.
1149 5612 1450 5669 Neauitiam
1489 5621 1646 5671 vocat
1690 5628 1907 5687 semper
1960 5613 2217 5671 Satanam

1149 5612 1450 5669 Neauitiam
1489 5621 1646 5671 vocat
1690 5628 1907 5687 semper
1960 5613 2217 5671 Satanam
2255 5622 2467 5674 auctor.
2503 5614 2674 5675 Τυιιιι.
