4008 6208
278 298 406 356 HM

1324 295 1689 355 ADVERSUS
1727 295 2144 353 MANICHASOS
2180 296 2308 353 LIB.
2349 297 2390 350 Ι.

3365 295 3502 350 “02

270 413 396 468 οὗτε
423 413 528 484 γὰρ
569 412 801 482 φονεύει,
829 411 951 465 οὔτε
980 413 1238 485 μοιχεύει,
1274 413 1396 468 οὔτε
1417 416 1683 488 λῃστεύει,
1713 417 1835 470 οὔτε

1945 432 2001 471 ac
2031 433 2127 488 per
2159 433 2220 472 se
2269 415 2408 471 nihil
2447 415 2577 470 mali
2624 429 2802 492 neque
2842 412 3067 486 cogitat.
3114 429 3292 484 neque
3331 413 3500 481 facit;

271 503 402 558 ἄλλο
444 520 497 555 τι
529 503 636 558 τῶν
661 503 1009 574 ἀδικημάτων
1042 504 1352 576 ἐργάζεται,
1381 505 1557 578 ψυχῆς
1587 507 1733 578 αὐτῷ
1761 507 1837 578 μὴ

273 596 578 672 παρούσης.

1945 525 2051 565 non
2076 509 2221 565 enim
2255 508 2478 572 occidit,
2510 522 2687 578 neque
2724 507 3084 572 adulteretur,
3118 521 3296 578 neque
3328 506 3501 560 latro-

1941 604 2177 667 cinatur,
2220 617 2322 657 nec
2371 601 2533 655 aliam
2562 600 2822 672 injuriam
2854 599 3002 667 facit,
3051 615 3179 656 cum
3211 614 3320 654 non
3351 598 3506 654 adest

1941 708 2142 749 anima.

1280 801 1412 856 CAP.
1451 800 1640 858 XXIV.
1673 799 1861 858 Mistio
1895 808 2088 860 animae
2120 823 2239 860 cum
2274 824 2510 878 corpore.

347 917 538 972 Καίτοι
568 914 769 969 τούτων
803 915 897 969 καὶ
936 914 1043 968 τῶν
1070 914 1322 968 τοιούτων
1361 916 1546 969 ἕνεκεν
1573 917 1847 988 ἐπινενόη-

273 1029 366 1064 ται
406 1010 483 1080 τῷ
511 1010 744 1063 Μάνεντι
791 1010 886 1079 τῆς
931 1007 1176 1070 ἐναντίας
1213 1008 1385 1078 ἀρχῆς
1435 1009 1469 1078 ὴ
1516 1008 1841 1072 ὑπόστασις,

278 1106 376 1158 καὶ
404 1104 507 1157 τῶν
534 1103 784 1155 ἐναντίων
826 1103 858 1172 ἡ
902 1103 1115 1170 κρᾶσις,
1163 1100 1239 1163 ὡς
1283 1099 1348 1153 ἂν
1388 1101 1447 1154 τὸ
1474 1101 1642 1154 αἴτιον
1669 1102 1845 1155 αὐτῶν

275 1194 545 1268 εὑρεθείη.
598 1195 660 1247 Ei
707 1193 761 1246 δὲ
810 1195 842 1264 ὴ
887 1195 1079 1264 κρᾶσις
1121 1192 1222 1263 τῆς
1265 1192 1440 1263 ψυχῆς
1491 1193 1584 1246 τοῦ
1642 1193 1844 1262 ἀγαθοῦ

275 1289 414 1359 πρὸς
447 1288 508 1340 τὸ
541 1286 698 1357 σῶμα
733 1285 826 1338 τοῦ
870 1284 1060 1350 κακοῦ,
1105 1285 1210 1338 τῶν
1259 1285 1608 1356 ἀδικημάτων
1640 1285 1846 1357 ἀνθρώ-

275 1402 397 1447 ποις
458 1383 695 1454 παρέσχε
749 1383 848 1446 τὰς
902 1381 1185 1452 ἀφορμὰς,
1237 1382 1357 1434 καθ’
1408 1381 1568 1434 ἑαυτὸ
1621 1381 1727 1454 γάρ
1783 1383 1843 1434 ού

276 1474 586 1545 πλημμελεῖ
631 1473 784 1542 σῶμα
808 1487 823 1504 ·
857 1471 1061 1542 βέλτιον
1107 1468 1173 1543 ἦν
1212 1471 1284 1542 μὴ
1339 1471 1708 1544 πγκραθῆναι
1749 1473 1846 1544 τὴν

277 1567 664 1637 πεπλασμένην
697 1565 790 1618 τοῦ
825 1565 1028 1633 ἀγαθοῦ
1067 1565 1294 1636 δύναμιν
1338 1568 1401 1636 τῇ
1446 1564 1519 1636 μὴ
1565 1564 1699 1638 οὕσῃ
1750 1582 1848 1618 κα-

277 1663 399 1734 κίᾳο
437 1661 498 1714 οὑ
529 1660 637 1731 γὰρ
669 1659 733 1712 ἂν
763 1659 871 1710 τῶν
919 1658 1057 1711 κατά
1086 1657 1400 1730 ἀνθρώπους
1433 1658 1846 1729 ἁμαρτημάτων

2007 919 2172 989 Atqui
2225 920 2294 974 ob
2336 921 2475 975 hanc
2523 936 2746 976 causam
2791 921 3123 992 excogitavit
3171 919 3502 975 Manicha'us

1939 1011 2272 1083 hypostasim
2315 1014 2569 1084 principii
2616 1015 2880 1070 contrarii
2915 1024 2968 1070 et
3016 1013 3328 1069 mistionem
3370 1027 3502 1067 con-

1941 1105 2256 1171 trariorum,
2292 1116 2352 1159 ut
2388 1121 2554 1161 causa
2593 1107 2860 1161 malorum
2907 1107 3260 1177 reperiretur.
3311 1103 3418 1160 Sed
3455 1106 3503 1162 si

1944 1195 2199 1253 admistio
2238 1198 2454 1262 animas,
2495 1213 2613 1268 qua:
2647 1197 2740 1254 Dei
2771 1206 2877 1264 est,
2913 1213 3038 1252 cum
3070 1213 3326 1270 corpore,
3359 1198 3504 1267 quod

1944 1290 2166 1354 diaboli,
2199 1307 2394 1348 causas
2429 1301 2484 1347 et
2517 1291 2814 1362 primordia
2851 1292 3174 1362 iniuriarum
3222 1306 3286 1345 ac
3313 1303 3506 1361 pecca-

1942 1391 2119 1438 torum
2144 1385 2456 1439 [nominibus
2485 1385 2733 1455 praebuit,
2767 1400 2862 1454 per
2891 1399 2950 1440 se
2977 1393 3156 1440 autem
3191 1399 3301 1439 non
3331 1383 3478 1439 delin

1941 1476 2060 1547 quit
2103 1491 2341 1546 corpus:
2372 1477 2567 1532 melius
2609 1486 2748 1540 erat,
2781 1485 2839 1530 ut
2873 1477 3053 1530 anima
3104 1491 3134 1530 a
3164 1475 3274 1530 Deo
3320 1481 3504 1530 creata

1941 1581 2048 1620 non
2085 1566 2479 1622 admisceretur
2523 1567 2781 1632 nequitiae
2830 1583 2940 1621 non
2989 1567 3225 1621 exstanti
3256 1565 3503 1620 :nuilum

1942 1661 2087 1715 enim
2114 1675 2181 1714 ex
2205 1661 2445 1730 peccatis
2475 1677 2595 1731 quae
2630 1661 2876 1715 homines
2903 1660 3274 1724 committunt,
3305 1659 3363 1713 in
3391 1657 3504 1712 vita

273 1755 424 1808 οὐδὲν
454 1751 812 1814 ἐπολιτεύετο,
847 1751 953 1803 οὐδ’
987 1750 1050 1803 ἂν
1080 1751 1318 1822 ὑπῆρχεν
1355 1751 1510 1814 ὅλως.
1548 1752 1704 1814 Ποῖος
1734 1750 1842 1822 γάρ

1945 1761 2260 1807 cerneretur
2299 1768 2475 1822 neque
2518 1755 2736 1824 penitus
2765 1761 2944 1833 .esset.
2972 1752 3127 1819 Quod
3175 1752 3321 1807 enim
3359 1758 3506 1806 esset

273 1843 343 1919 ἦν
376 1849 404 1901 ό
439 1847 614 1915 φόνος,
641 1843 735 1897 τοῦ
768 1844 1122 1914 φονευομένου
1170 1844 1243 1914 μὴ
1285 1843 1455 1907 ὄντος,
1492 1844 1603 1912 είγε
1645 1841 1718 1914 μὴ
1756 1842 1842 1895 διά

269 1939 372 2007 τῆς
401 1938 508 1992 τῶν
546 1935 798 1990 ἐναντίων
853 1935 1120 2005 κράσεως,
1175 1933 1313 1987 κατά
1363 1935 1453 1987 τὸν
1505 1935 1840 2003 γελοιότατον

269 2028 448 2097 λόγον,
501 2026 742 2095 ἐγεγόνει
794 2025 1034 2094 κόσμος;
1083 2024 1210 2075 ποία
1262 2022 1306 2075 δ’
1357 2021 1422 2076 ἂν
1470 2023 1698 2093 μοιχεία,
1746 2022 1839 2075 τοῦ

277 2119 530 2190 σώματος
564 2117 637 2188 μὴ
665 2116 834 2179 ὄντος,
867 2116 999 2186 μήτε
1032 2114 1151 2168 καθ’
1183 2115 1342 2168 ἑαυτὸ
1374 2113 1501 2182 γοῦν
1529 2113 1843 2184 ἐπιθυμοῦν-

267 2231 382 2277 τος,
418 2215 465 2265 εί
506 2211 578 2282 μὴ
610 2209 754 2282 ψυχὴ
809 2212 840 2281 ή
891 2208 980 2262 τοῦ
1029 2208 1232 2277 ἀγαθοῦ
1266 2207 1656 2280 κατεπέμφοη;
1700 2207 1842 2260 δυοῖν

269 2306 382 2378 γὰρ
427 2305 670 2376 θάτερον·
721 2304 753 2375 ἢ
797 2303 887 2356 τοῦ
931 2301 1135 2370 ἀγαθοῦ
1177 2301 1451 2373 οἰκονομίᾳ
1477 2300 1582 2372 χρὴ
1615 2301 1840 2370 φάσκειν

272 2385 546 2452 συνελθεῖν
597 2397 871 2458 τάναντία,
931 2396 1017 2448 ἴνα
1059 2394 1279 2464 γένηται
1328 2392 1403 2457 ὼς
1457 2393 1592 2464 πρὸς
1637 2393 1839 2461 ἀγαθοῦ

267 2490 496 2561 κόσμος,
523 2487 616 2542 κα)⁵
642 2487 776 2550 ὅλως
804 2487 963 2549 αὐτὸς
1001 2485 1169 2548 αἴτιος
1195 2485 1260 2538 ἂν
1298 2483 1384 2554 εἴη
1411 2482 1518 2537 τῶν
1548 2485 1605 2539 ἐν
1634 2483 1841 2556 ἀνθρώ-

269 2600 396 2649 ⁶νιεοις
427 2583 629 2645 κακῶν,
659 2583 768 2650 εἴγε
793 2581 931 2634 ἐκὼν
957 2581 1024 2650 τῇ
1051 2577 1218 2649 κακίᾳ
1262 2577 1668 2648 προσεχρήσατο
1699 2576 1841 2630 κατά

268 2677 382 2730 τῶν
413 2676 816 2746 γενησομένων·
866 2672 899 2742 ἢ
944 2671 1166 2742 ἐϐιάσθη
1210 2669 1345 2741 πρὸς
1370 2671 1468 2740 τῆς
1500 2670 1714 2734 κακίας,
1751 2671 1844 2722 καὶ

270 2768 376 2838 ήδη
410 2768 475 2820 τὰ
508 2766 796 2837 νικητήρια
844 2762 982 2818 κατὰ
1025 2762 1116 2817 τοῦ
1166 2761 1368 2830 ἀγαθοῦ
1408 2763 1768 2833 ἀπενήνεκται
1808 2763 1841 2832 ἡ

271 2861 462 2916 κακία.

1946 1842 2294 1897 homicidium
2330 1843 2545 1898 nemine
2571 1843 2792 1898 occiso?
2825 1843 2880 1896 Si
2912 1857 3008 1912 per
3033 1841 3346 1898 mistionem
3373 1855 3508 1895 con-

1945 1935 2258 1999 trariorum,
2289 1943 2348 1989 ut
2393 1943 2478 1990 est
2511 1937 2562 1990 in
2589 1936 2689 1990 hac
2711 1934 2892 1990 fabula
2927 1935 3181 2000 ridicula,
3219 1949 3328 1988 non
3364 1932 3506 1986 fuis-

1946 2035 2028 2081 set
2070 2025 2246 2081 factus
2299 2026 2578 2083 mundus:
2613 2027 2757 2098 quod
2806 2027 3129 2082 adulterium
3188 2033 3335 2081 esset
3395 2039 3505 2079 non

1947 2127 2198 2175 exstante
2225 2134 2475 2188 corpore,
2503 2135 2679 2190 neque
2708 2135 2804 2188 per
2829 2135 2887 2174 se
2917 2118 3363 2189 concupiscente,
3395 2117 3505 2170 nisi

1948 2207 2128 2261 anima
2157 2224 2275 2278 qua:
2301 2207 2394 2262 Dei
2419 2217 2524 2272 est,
2553 2207 2893 2270 missa_esset
2919 2208 2975 2262 in
3009 2209 3240 2278 corpus?
3272 2207 3502 2262 alterum

1945 2301 2091 2355 enim
2138 2315 2203 2355 ex
2245 2299 2459 2354 duobus
2500 2300 2860 2371 relinquitur:
2897 2308 2989 2355 aut
3025 2301 3314 2356 dicendum
3358 2314 3503 2364 esse,

1945 2391 2339 2464 gubernatione
2375 2392 2467 2448 Dei
2492 2394 2718 2464 provida
2745 2395 2924 2450 coisse
2968 2395 3262 2460 contraria,
3299 2400 3360 2446 ut
3391 2399 3507 2446 tan-

1944 2499 2110 2555 quam
2158 2500 2189 2539 a
2239 2485 2383 2540 bono
2417 2485 2525 2541 Deo
2556 2485 2710 2541 fieret
2760 2486 3018 2552 mundus,
3069 2496 3233 2556 atque
3274 2485 3349 2540 ita
3386 2485 3507 2555 ipse

1943 2578 2167 2634 omnino
2211 2580 2479 2634 malorum
2515 2579 2571 2632 in
2621 2580 2932 2636 hominibus
2975 2587 3166 2634 auctor
3217 2584 3387 2642 esset,
3431 2577 3509 2631 si-

1948 2672 2168 2742 quidem
2206 2671 2394 2727 volens
2437 2688 2571 2727 usus
2624 2679 2708 2727 est
2750 2671 2991 2741 nequitia
3037 2678 3230 2726 contra
3278 2684 3374 2724 eos
3413 2667 3508 2739 qui

1950 2763 2358 2829 luturiessent;
2413 2771 2507 2818 aut
2536 2764 2588 2818 vi
2624 2770 2873 2818 coactum
2909 2779 3032 2818 esse
3073 2778 3103 2816 a
3147 2761 3414 2833 nequitia,
3454 2766 3512 2814 et

1943 2855 2057 2926 jam
2106 2856 2404 2924 nequitiam
2447 2856 2734 2911 victoriam
2769 2854 2984 2911 devicto
3015 2855 3124 2910 Deo
3174 2861 3508 2925 reportasse.

274 2976 410 3030 Car.
453 2973 616 3028 XXV.
660 2968 891 3025 Materia
934 2977 1053 3022 ante
1093 2967 1406 3021 creationem
1445 2967 1589 3020 mala
1630 2966 1801 3034 facere
1843 2982 1945 3046 non
1978 2965 2168 3034 potuit.
2208 2964 2281 3019 De
2325 2965 2507 3020 mundi
2544 2967 2807 3020 creatione
2851 2965 3083 3020 absurda
3129 2963 3356 3020 Manetis
3392 2979 3512 3019 seu-

1790 3045 1971 3090 tentia.

351 3162 508 3222 Ποίος
539 3158 646 3227 γὰρ
691 3150 778 3226 ἦν,
816 3147 968 3217 αὖθις
999 3152 1159 3220 λέγω,
1191 3169 1366 3222 φονος,
1400 3153 1449 3205 εἰ
1483 3151 1617 3222 μήτε
1645 3150 1843 3222 ἀνθρω-

2023 3146 2128 3203 Sed
2174 3148 2352 3204 dicam
2396 3147 2615 3213 iterum,
2665 3133 2826 3220 q‘d‘aie
2876 3149 3230 3205 homicidium
3275 3158 3414 3216 erat,
3465 3150 3512 3207 si

276 3270 380 3316 πος
407 3246 494 3322 ἦν,
524 3251 656 3321 μήτε
691 3245 858 3313 ξίφος,
892 3245 1028 3315 μήτε
1058 3243 1184 3296 ἄλλο
1213 3261 1265 3295 τι
1295 3243 1400 3295 τῶν
1427 3242 1658 3310 φονικῶν
1688 3243 1848 3311 ἐργα-

273 3341 457 3406 λείων,
489 3341 536 3392 ei
587 3336 659 3408 μὴ
703 3335 790 3388 διά
825 3336 921 3405 τῆς
973 3333 1186 3386 συνόδου
1237 3333 1344 3385 τῶν
1389 3330 1640 3385 ἐναντίων
1689 3346 1848 3383 κατε-

277 3431 552 3503 σκευάσθη
583 3433 610 3484 ὁ
636 3430 873 3498 κόσμος;
916 3426 979 3478 Ἡ
1009 3424 1116 3496 γὰρ
1147 3425 1243 3494 ὖλη
1273 3423 1393 3477 καθ’
1420 3423 1639 3494 ἑαυτὴν,
1669 3425 1716 3474 εί
1757 3422 1848 3474 καὶ

278 3523 418 3594 πρὸς
452 3519 709 3590 ἀλλήλους
755 3519 800 3568 οἱ
849 3513 908 3578 ἐξ
953 3514 1122 3582 αὐτῆς
1174 3511 1512 3576 ἐστασίαζον,
1555 3512 1710 3580 φόνον
1753 3511 1848 3580 μὲν

275 3618 379 3671 οὐκ
404 3615 537 3686 ᾔδει,
569 3613 628 3666 ού
676 3610 782 3683 γὰρ
828 3606 939 3680 εἶχε
990 3606 1201 3678 θνητὸν,
1232 3606 1289 3658 ὃν
1328 3605 1572 3676 φονεύει⁸
1609 3605 1849 3675 μοιχείαν

275 3709 484 3779 ἠγνόει,
531 3707 591 3759 οὐ
627 3705 733 3776 γὰρ
765 3703 1151 3775 κατεγγυήσεις
1185 3699 1375 3769 γάμων
1407 3701 1530 3769 παρ’
1552 3699 1686 3770 αύτῇ
1720 3699 1847 3750 ἐπο-

275 3795 568 3850 λιτεύοντο·
592 3794 651 3846 οὐ
689 3793 792 3863 μὴν
821 3791 927 3844 οὐδ’
959 3791 1392 3858 ἐσυκοφαντεῖτο,
1423 3789 1542 3841 οὐδὲ
1574 3788 1682 3860 γάρ
1713 3788 1848 3851 ὅλως

278 3890 342 3943 τὸ
385 3889 584 3961 κρίνειν
637 3882 798 3956 εἶχεν,
841 3884 1029 3953 ἄλογος
1052 3878 1214 3935 οὖσα·
1258 3881 1614 3953 φιλαργυρίας
1649 3880 1703 3932 δὲ
1741 3879 1847 3932 τῶν

281 3982 464 4037 κακῶν
495 3981 592 4050 τῆς
624 3978 777 4051 ῥίζης
815 3979 908 4031 καὶ
937 3975 1254 4046 φιλοδοξίας,
1287 3974 1404 4027 οὐδὲ
1449 3973 1552 4037 ἕως
1580 3990 1846 4044 προσηγο-

283 4069 405 4144 ρίας
439 4069 741 4140 ἐμέμνητοο
771 4069 804 4137 ἡ
841 4065 948 4137 γὰρ
973 4065 1310 4136 φυλαργυρία
1337 4064 1487 4135 παρὰ
1521 4063 1844 4136 ἀνθρώποις,

279 4164 368 4217 διὰ
390 4163 486 4234 τὴν
514 4160 720 4233 χρείαν,
746 4156 811 4231 ἧς
839 4158 1176 4230 ἢλευθέρωτό
1219 4174 1281 4226 γε
1328 4157 1506 4228 ἐκείνη
1525 4173 1538 4187 ο
1571 4157 1664 4209 καὶ
1695 4158 1726 4224 ἡ
1760 4173 1848 4224 φι-

279 4255 487 4320 λοδοξία
523 4253 782 4324 λογισμοῦ
831 4251 1018 4315 πάθος,
1059 4246 1126 4324 ἦς
1166 4251 1224 4303 ού
1263 4253 1528 4320 μετεῖχεν,
1567 4249 1847 4316 ἀλόγιστος

277 4344 432 4402 οὖσα·
458 4343 866 4417 γαστριμαργία
902 4360 957 4396 τε
993 4344 1085 4396 καὶ
1122 4342 1364 4414 πορνεία,
1409 4341 1503 4394 καὶ
1525 4342 1847 4413 ἀρῤενοφθοο

281 4441 375 4513 ρία
415 4442 542 4512 παρ’
575 4439 707 4508 αὐτῇ
744 4435 925 4510 χώραν
957 4436 1056 4488 οὐκ
1084 4431 1194 4505 εἶχε
1218 4451 1230 4464 ·
1268 4435 1361 4487 κα)¹
1404 4434 1635 4497 συνόλως
1669 4435 1843 4488 πάντα

1948 3255 2124 3310 neque
2153 3240 2315 3296 homo
2346 3249 2486 3308 erat,
2535 3257 2708 3312 neque
2741 3243 2974 3312 gladius,
3007 3258 3110 3298 nec
3150 3244 3296 3299 aliud
3339 3260 3512 3317 genus

1950 3331 2040 3386 teli
2069 3339 2162 3385 aut
2189 3331 2538 3386 instrumenti
2571 3332 2640 3385 ad
2685 3332 3066 3400 occidendum,
3111 3335 3218 3389 nisi
3247 3350 3344 3404 per
3377 3350 3512 3392 con-

1946 3423 2283 3493 junctionem
2313 3424 2714 3478 contrariorum
2739 3423 3034 3480 aedificatus
3065 3435 3212 3482 esset
3236 3428 3511 3484 mundus?

1949 3515 2172 3572 Materia
2203 3516 2346 3572 enim
2378 3533 2474 3588 per
2500 3533 2559 3573 se
2579 3532 2641 3572 ac
2658 3518 2793 3583 sola,
2827 3532 3137 3588 quanquam
3159 3519 3272 3573 nati
3293 3535 3357 3576 ex
3394 3522 3511 3591 ipsa

1951 3606 2269 3662 seditionem
2309 3608 2367 3661 in
2420 3609 2630 3677 seipsos
2669 3609 2978 3672 movebant,
3005 3608 3357 3663 homicidium
3391 3611 3514 3679 qui-

1949 3700 2069 3755 dem
2103 3700 2418 3770 ignorabat;
2451 3715 2558 3754 non
2585 3700 2728 3754 enim
2763 3699 2993 3754 habebat
3017 3702 3324 3767 mortalem,
3347 3717 3512 3772 quem

1948 3792 2250 3860 occideret;
2301 3792 2624 3847 adulterium
2672 3791 2975 3857 nesciebat,
3009 3794 3138 3862 quia
3181 3795 3514 3863 sponsiones

1947 3884 2262 3955 nuptiarum
2310 3882 2455 3954 apud
2505 3898 2622 3938 eam
2667 3899 2778 3938 non
2813 3885 3211 3940 versabantur:
3244 3901 3344 3942 nec
3394 3895 3514 3942 erat

1947 3974 2240 4039 calumnia,
2273 3975 2499 4028 omnino
2528 3974 2674 4029 enim
2694 3975 2941 4044 judicare
2965 3990 3072 4030 non
3104 3985 3334 4048 poterat,
3365 3959 3512 4037 esset

1947 4079 2070 4120 cum
2114 4065 2343 4120 rationis
2390 4081 2603 4135 expers.
2641 4063 2926 4136 Cupiditas
2961 4073 3140 4122 autem
3173 4067 3508 4138 divitiarum,

1947 4173 2066 4228 qua:
2098 4167 2181 4213 est
2216 4159 2458 4213 omnium
2491 4158 2759 4212 malorum
2794 4158 2971 4222 radix,
3015 4174 3083 4214 ne
3125 4161 3514 4220 nominabatur

1948 4251 2200 4321 quidem;
2235 4249 2507 4321 cupiditas
2554 4250 2699 4304 enim
2731 4249 3043 4304 divitiarum
3075 4250 3218 4321 apud
3262 4253 3511 4312 homines

1946 4352 2030 4402 est
2069 4353 2288 4415 pr0pter
2333 4359 2492 4399 usum
2527 4351 2580 4399 et
2627 4345 3033 4410 necessitatem,
3068 4361 3174 4416 qua
3223 4355 3341 4402 erat
3374 4349 3512 4405 libe-

1947 4442 2064 4488 rata
2113 4434 2360 4489 materia.
2405 4434 2640 4490 Ambitio
2671 4451 2780 4490 non
2822 4436 3181 4506 participabat
3222 4441 3512 4509 perturba-

273 4534 348 4588 τὰ
387 4532 531 4586 κακὰ
570 4531 605 4585 ἃ
652 4529 802 4600 παρὰ
833 4527 1135 4602 ἀνθρώποις
1173 4525 1552 4596 ἀναφαίνεται,
1599 4525 1843 4596 οὐδαμῶς

1950 4527 2147 4582 tionem
2178 4529 2434 4594 rationis,
2472 4531 2598 4600 quia
2626 4532 2828 4586 eratin
2866 4535 3093 4588 materia
3131 4537 3378 4592 vacuitas
3420 4553 3512 4591 ra-

273 4621 424 4695 εἶχεν
449 4626 482 4694 ἡ
511 4622 610 4692 ὕλη
635 4621 739 4691 πρὸ
769 4620 993 4690 κόσμου.

1949 4621 2114 4677 tionis
2152 4623 2330 4692 :gula:
2360 4638 2424 4678 ac
2474 4625 2676 4680 ventris
2705 4626 2919 4690 vitium,
2971 4637 3026 4682 et
3070 4626 3379 4693 fornicatio,
3441 4646 3506 4686 ac

275 4717 649 4771 masculorum
681 4712 1007 4766 concubitus
1039 4711 1180 4780 apud
1209 4724 1327 4765 eam
1357 4710 1538 4764 locum
1580 4723 1690 4763 non
1726 4709 2041 4767 habebant:
2107 4721 2161 4768 et
2206 4723 2264 4769 ut
2332 4719 2645 4771 summatim
2687 4718 2886 4784 dicam,
2934 4721 3118 4774 omnia
3181 4721 3324 4776 mala
3389 4738 3508 4793 quae

275 4805 424 4876 apud
453 4806 701 4860 homines
732 4802 1000 4865 feruntur,
1048 4808 1173 4854 ante
1206 4799 1466 4854 mundum
1512 4798 1839 4854 aedificatum
1880 4802 2106 4858 minime
2136 4803 2370 4859 habebat
2408 4807 2658 4861 materia.

354 4903 514 4954 Ὥστε
549 4902 647 4955 οὐκ
691 4899 917 4969 ἐπεδέθη
937 4900 1002 4969 τῇ
1035 4897 1348 4967 συγκράσει,
1376 4895 1510 4949 ἀλλά
1540 4896 1847 4950 τούναντίον

276 4994 424 5051 κατά
444 4994 538 5065 τὴν
567 4993 790 5064 ἀνόητον
820 4991 986 5062 αὐτὴν
1019 4989 1291 5052 ὑπόθεσιν,
1321 4988 1505 5059 ὥσπερ
1548 4989 1710 5052 ἵππος
1753 5005 1848 5041 πε-

274 5090 394 5143 δίου
429 5087 722 5158 λαϐομένη,
751 5085 948 5139 διαθέει
981 5085 1114 5158 πρὸς
1157 5083 1254 5155 τὴν
1289 5082 1500 5136 ἀδικίαν
1529 5081 1635 5134 τῶν
1664 5081 1846 5135 κακῶν

278 5179 580 5251 φερομένη·
610 5179 646 5232 ἀ
669 5179 775 5250 γὰρ
801 5176 1057 5250 μηδαμῶς
1080 5175 1290 5247 ὑπῆρχε
1319 5175 1424 5245 πρὸ
1453 5174 1654 5245 κόσμου
1679 5174 1844 5240 κακὰ,

275 5271 474 5333 ταῦτα,
501 5272 592 5340 ἀφ’
618 5263 678 5324 οὗ
708 5270 930 5340 κόσμος,
965 5269 1023 5320 ἐν
1051 5267 1236 5337 κόσμῳ
1262 5265 1689 5336 ἐμπολιτεύεται.
1723 5264 1841 5318 Κᾶν

273 5363 389 5435 γὰρ
415 5363 530 5436 θείη
555 5382 636 5428 τις
673 5362 811 5416 κατά
852 5361 940 5414 τὸν
982 5360 1187 5414 ἐκείνου
1229 5358 1403 5428 λόγον,
1430 5360 1714 5414 στασιάσαι
1748 5359 1842 5412 καὶ

279 5456 520 5531 μανῆναι
545 5455 662 5509 κατ’
683 5454 921 5525 ἀλλήλων
940 5453 1063 5516 τοὺς
1084 5452 1181 5522 τῆς
1203 5451 1351 5519 ὕλης,
1377 5453 1470 5504 καὶ⁸
1496 5451 1664 5523 μυρία
1681 5451 1841 5524 ἀλλή-

274 5550 406 5612 λους
428 5545 863 5610 διαθεῖναικακά,
889 5545 982 5598 καὶ
1011 5543 1150 5598 κατὰ
1166 5543 1257 5596 τοῦ
1289 5543 1460 5613 φωτὸς
1486 5543 1842 5616 στρατεῦσαι·

271 5643 342 5696 οὐ
380 5641 560 5713 μέντοι
599 5640 690 5694 τὸν
735 5639 1029 5706 κατάλογον
1071 5636 1180 5691 τῶν
1223 5636 1712 5709 κατηριθμημένων
1745 5637 1839 5690 ἀν-

273 5733 566 5802 θρωπίνων
611 5732 792 5788 κακῶν
833 5732 1058 5796 ἐκείνοις
1105 5730 1340 5803 ὑπάρξαι
1378 5729 1836 5802 φαντασθήσεται*

2017 4901 2202 4970 itaque
2235 4918 2344 4957 non
2387 4903 2489 4958 fuit
2536 4905 2697 4975 ligata
2745 4906 3144 4974 commistione,
3181 4911 3276 4966 sed
3323 4912 3506 4983 potius

1945 5001 2139 5047 contra
2189 4994 2578 5050 convenienter
2623 4996 2799 5051 eidem
2852 5013 3032 5054 causa:
3088 5003 3309 5069 amenti,
3361 5005 3506 5062 sicut

1943 5101 2117 5156 equus
2146 5101 2395 5157 campum
2427 5095 2642 5152 nactus,
2679 5103 2849 5146 cursu
2877 5090 3048 5146 fertur
3071 5093 3139 5147 ad
3173 5093 3506 5164 injustitiam

1943 5179 2209 5233 malorum
2247 5179 2526 5234 hominum
2555 5200 2567 5235 :
2595 5197 2714 5253 quae
2764 5182 2910 5238 enim
2941 5193 3101 5239 erant
3145 5195 3273 5243 ante
3314 5192 3506 5247 mundi

1947 5266 2358 5324 fabricationem
2387 5271 2550 5335 mala,
2585 5287 2652 5328 ex
2682 5288 2792 5343 quo
2829 5273 3065 5330 mundus
3088 5285 3191 5345 est,
3220 5279 3276 5334 in
3302 5283 3504 5340 mundo

1945 5370 2253 5416 versantur.
2288 5361 2547 5428 Quamvis
2597 5365 2739 5419 enim
2783 5381 3072 5437 ponamus,
3124 5381 3182 5424 ut
3211 5371 3302 5426 ille
3346 5373 3498 5438 dicit,

1945 5459 2104 5507 natos
2145 5467 2211 5509 ex
2256 5453 2482 5508 materia
2513 5453 2707 5512 fecisse
2753 5458 3097 5528 seditionem,
3135 5470 3190 5517 et
3219 5461 3408 5520 furore
3443 5465 3503 5522 in

1943 5540 2153 5609 seipsos
2181 5540 2350 5598 fuisse
2379 5543 2634 5612 percitos,
2688 5553 2742 5600 et
2791 5547 3019 5606 inﬁnitis
3048 5554 3206 5608 malis
3239 5569 3297 5610 se
3335 5555 3498 5612 vicis-

1943 5632 2047 5690 sim
2075 5631 2343 5702 aﬂ‘ecisse,
2366 5643 2420 5691 et
2449 5643 2642 5692 contra
2671 5638 2856 5697 lumen
2882 5645 3183 5700 exercitum
3204 5647 3504 5713 eduxisse;

1941 5743 2052 5784 non
2098 5734 2278 5786 tamen
2309 5729 2502 5790 bibens
2541 5746 2606 5788 ea
2641 5733 2782 5790 mala
2813 5752 2934 5810 quae
2967 5737 3023 5794 in
3072 5739 3290 5798 homine
3321 5756 3508 5800 nume-
