3968 6914
547 311 685 372 Ηοὸ
1667 310 1808 368 TITI
1840 311 2265 371 BOSTRENSIS
2302 312 2611 373 EPISCOPI
3623 309 3754 363 μοι

545 431 809 492 ravimus,
833 442 956 484 cum
984 426 1093 482 illis
1126 425 1295 485 fuisse
1315 429 1644 501 cogitatione
1678 429 1944 501 fingetur;
1974 430 2102 501 quia

2201 430 2384 503 ἐπειδή
2422 448 2487 500 γε
2523 430 2641 485 οὐδὲ
2678 428 2944 500 ἐνεδέχετο
2987 427 3056 482 τά
3090 422 3399 496 ἀνθρώπινα
3440 421 3587 476 κακά
3635 423 3760 492 πριν

546 538 655 579 non
693 527 942 591 poterant
988 519 1223 576 humana
1252 521 1393 575 mala
1438 523 1525 591 agi
1568 523 1886 593 priusquam
1936 523 2097 579 homo

2200 524 2479 596 ἄνθρωπον
2499 520 2749 593 γενέσθαι
2766 518 3095 591 πράττεσθαι
3116 532 3129 548 ’
3148 518 3241 570 καὶ
3261 515 3364 569 ποῦ
3396 514 3459 568 ἂν
3486 517 3516 567 ὁ
3543 515 3763 583 φάσκων

544 620 687 669 esset
718 628 732 665 :
757 620 811 666 et
844 611 934 666 ubi
964 625 1087 667 esse
1117 620 1294 682 potest
1324 613 1416 683 qui
1447 614 1615 680 dicat,
1650 613 1795 683 quod
1817 615 1978 685 ligata
2001 630 2098 668 ne-

2200 617 2308 689 είη,
2333 615 2408 679 ὡς
2435 612 2805 686 ἐσωφρονίσθη
2842 610 3130 682 πεδηθεῖοα
3153 610 3187 681 ἡ
3219 609 3405 672 κακία,
3434 609 3469 680 ή
3486 609 3637 695 ,πρὶν
3668 608 3764 677 μὲν

544 702 713 771 quitia
746 700 954 755 frenata
981 711 1082 768 est,
1107 717 1225 771 quae
1251 718 1425 773 neque
1450 704 1714 758 malorum
1738 704 2095 760 humanorum

2201 708 2492 781 πεδηθῆναι
2531 709 2638 762 τῶν
2670 706 2809 760 κατά
2843 702 3386 783 ἀνθρῴπουςᾼκακῶν
3413 701 3532 755 οὐδὲ
3558 718 3765 772 μεμνηε

544 793 896 858 meminerat;
944 800 1235 864 postquam
1271 808 1400 849 vero
1430 794 1598 866 ligata
1636 802 1742 863 est,
1780 796 1846 851 de
1882 796 1969 851 his
2012 811 2099 852 ac-

2204 780 2360 874 μένη.
2416 802 2552 874 μετά
2589 802 2647 856 δὲ
2683 799 2746 854 τὸ
2784 780 3075 869 πεδηθῆναι
3115 780 3207 850 ἐπ’).
3241 795 3451 859 τούτοις
3489 794 3766 848 διαϐαλλο-

541 894 762 938 ρυδοιιιῐ

2205 893 2339 964 μένη
2360 910 2374 957 ς

614 912 756 938 autut

612 977 752 1045 Quid
791 985 971 1034 autem
1010 980 1242 1036 nocebat
1283 980 1426 1055 bono
1468 979 1583 1035 sola
1630 994 1813 1036 secum
1850 978 2095 1035 ordinem

2205 912 2339 1034 με’ἶὲ
2360 934 2472 1052 ἶγὸιρ
2500 980 2729 1033 ἔϐλαπτε
2758 979 3012 1049 τάγαθὸν,
3048 977 3168 1032 καθ’
3203 976 3396 1047 ἐαυτὴν
3427 974 3765 1042 ἀτακτοῧσα,

543 1071 869 1139 perturbans
890 1111 904 1134 ,
930 1082 983 1128 et
1009 1088 1118 1128 non
1148 1073 1357 1128 habens
1391 1075 1477 1128 cui
1513 1072 1974 1143 perturbationem
2007 1087 2097 1126 or-

2202 1074 2293 1127 καὶ
2357 1072 2432 1144 μὴ
2478 1072 2671 1143 ἔχουσα
2794 1071 2890 1144 τὴν
2922 1070 3143 1136 ἀταξίαν
3183 1069 3617 1141 προστρίψηται;
3646 1068 3769 1141 τρέ-

541 1159 687 1214 dinis
736 1160 1003 1215 inferret?
1032 1169 1277 1217 evertere
1318 1163 1462 1217 enim
1504 1163 1703 1216 bonum
1746 1162 1895 1216 nullo
1939 1170 2095 1232 pacto

2202 1165 2296 1236 ψαι
2327 1165 2424 1236 μὲν
2459 1164 2567 1237 γὰρ
2590 1162 2823 1233 τάγαθὸν
2859 1163 3106 1233 οὐδαμῶς
3136 1162 3223 1216 οἶα
3253 1178 3312 1215 τε
3334 1157 3400 1232 ἦν
3423 1177 3437 1189 ⁸
3477 1163 3525 1214 εί
3560 1161 3624 1213 δὲ
3649 1163 3769 1213 ἐπι-

542 1259 772 1323 poterat.
840 1250 897 1307 Si
955 1265 1132 1309 autem
1194 1255 1467 1310 nitebatur
1538 1253 1794 1309 invadere
1861 1252 1917 1308 in
1976 1255 2095 1309 loca

2202 1260 2398 1312 ϐαίνειν
2425 1259 2698 1329 ἐπεχείρει
2722 1260 2833 1321 τοῖς
2868 1256 2940 1328 μὴ
2970 1256 3117 1319 ἰδίοις
3141 1255 3343 1317 τόποις,
3375 1254 3576 1325 ἑτέρως
3598 1254 3769 1324 αὐτὴν

541 1345 755 1407 aliena,
804 1344 960 1399 aliter
1002 1346 1265 1416 impetum
1309 1346 1430 1415 ejus
1479 1355 1747 1400 amentem
1801 1346 2096 1417 reprimere

2201 1351 2364 1423 ἐχρῆν
2410 1350 2714 1403 ἀναστεῖλαι
2756 1349 2854 1418 τῆς
2906 1347 3099 1415 ἀλόγου
3140 1348 3311 1417 φορᾶς
3335 1362 3349 1375 ’
3398 1347 3435 1417 ἡ
3484 1346 3597 1417 γὰρ
3644 1346 3768 1400 καθ’

539 1436 823 1505 oportebat
854 1453 869 1489 :
899 1451 1019 1505 quae
1056 1437 1199 1491 enim
1236 1436 1388 1507 prius
1416 1452 1524 1491 non
1561 1439 1818 1504 nocebat,
1849 1440 2093 1495 ordinem

2202 1443 2394 1513 ἑαυτῆς
2418 1442 2677 1514 πρότερον
2710 1440 2921 1511 ἀϐλαϐῆ
2965 1438 3062 1510 τὴν
3100 1439 3322 1515 ἀταξίαν
3355 1438 3769 1508 ἐνδεικνυμένη,

540 1534 732 1582 contra
779 1542 838 1582 se
874 1529 1221 1598 perturbans,
1259 1544 1407 1583 nunc
1450 1529 1669 1599 quidem
1706 1529 1917 1585 videtur
1948 1532 2093 1586 aliud

2203 1536 2291 1590 νῦν
2334 1553 2397 1605 γε
2442 1535 2587 1588 δοκεῖ
2636 1532 3052 1605 προσειληφέναι
3084 1548 3139 1583 τι
3170 1530 3376 1601 ἕτερον,
3426 1529 3551 1582 καθ’
3589 1526 3650 1584 οὗ
3691 1530 3770 1593 ὡς

539 1617 672 1687 quid
712 1619 1097 1688 assumpsisse,
1144 1619 1198 1672 in
1247 1620 1393 1690 quod
1438 1628 1694 1690 tanquam
1726 1621 1779 1674 in
1831 1621 2095 1677 familiare

2205 1628 2442 1691 συνόντος
2477 1626 2572 1698 τὴν
2614 1624 2837 1690 ἀταξίαν
2879 1623 3285 1695 βλαϐερωτέραν
3330 1621 3625 1688 ἐνδείξεται
3670 1621 3772 1674 αὐ-

540 1717 594 1762 et
621 1708 970 1777 coniunctura:
1001 1711 1460 1780 perturbationem
1489 1712 1697 1767 ordinis
1729 1714 2092 1767 nocentiorem

2202 1720 2353 1774 τίκα⁸
2386 1722 2478 1773 καὶ
2510 1719 2782 1791 ἅνθρωποι
2820 1716 2939 1770 καθ’
2967 1715 3191 1779 ἑαυτοὺς
3234 1714 3534 1784 κακοῦργοι
3567 1712 3769 1783 βουλή-

541 1798 754 1856 etficiet.
797 1800 1069 1856 Continuo
1116 1800 1393 1871 dicemus,
1442 1802 1589 1873 quod
1627 1805 1800 1859 etiam
1849 1804 2097 1859 homines

2206 1827 2378 1863 σονται
2419 1809 2514 1881 μέν
2556 1827 2611 1861 τι
2647 1807 2814 1861 κακὸν
2856 1807 3011 1879 δρᾷν,
3056 1807 3130 1878 μὴ
3180 1805 3391 1877 ἔχοντες
3438 1805 3496 1858 δέ
3532 1804 3657 1857 καθ’
3704 1798 3773 1857 οὗ

542 1905 639 1960 per
672 1889 883 1960 seipsos
939 1890 1189 1959 malefici,
1244 1893 1426 1947 volent
1472 1893 1687 1963 quidem
1722 1894 1926 1964 aliquid
1966 1894 2093 1948 mali

2205 1903 2464 1974 59aaatsv,
2521 1902 2682 1973 ἀργοὶ¹
2723 1900 2789 1954 ἀν
2816 1898 3230 1969 ἀποδειχθείεψ
3290 1896 3555 1968 ἀλλήλους
3603 1896 3651 1949 δ’
3701 1896 3772 1950 ἂν

540 1981 775 2050 facere;
825 1997 935 2037 non
988 1982 1248 2039 habentes
1298 1993 1476 2039 autem
1532 1985 1587 2039 in
1646 2000 1806 2054 quem
1861 1978 2093 2051 faciant,

2205 1995 2353 2048 ἴδοιεν
2392 1993 2648 2057 εὐνοϊκῶς
2694 1992 2982 2063 συμφωνίᾳ
3009 1994 3075 2063 τῇ
3116 1991 3240 2063 περὶ
3268 1991 3330 2043 τὸ
3375 1990 3569 2045 κακόν.
3611 1989 3684 2042 Ἡ
3714 1988 3772 2042 δὲ

540 2075 703 2131 otiosi
756 2076 1144 2146 reperiantur;
1203 2091 1264 2132 se
1319 2091 1450 2132 vero
1505 2076 1607 2147 ipsi
1651 2077 1910 2132 benevole
1949 2078 2097 2149 aspi-

2205 2087 2292 2158 Βλη
2339 2085 2462 2140 οὕτε
2516 2085 2774 2155 ἠϐούλετο
2794 2103 2808 2116 ·
2857 2084 2978 2138 οὑδέ
3034 2082 3140 2155 γάρ
3200 2081 3513 2136 ἐϐουλεύετο
3571 2081 3772 2149 ἄλογος

540 2167 689 2221 ciant
742 2167 813 2222 ob
864 2166 1211 2223 concordiam
1273 2166 1342 2221 ad
1397 2168 1720 2223 maleficium
1791 2187 1805 2224 :
1867 2170 2095 2246 materia

2202 2173 2345 2243 οὖσα,
2374 2176 2499 2231 οὔτε
2527 2175 2766 2241 ἐδύνατο,
2808 2174 2941 2247 μόνη
2975 2175 3069 2229 καὶ⁵
3091 2173 3212 2228 καθ’
3239 2174 3431 2245 ἑαυτὴν
3452 2168 3614 2227 οὖσα.
3644 2175 3769 2245 Ἃρ·

540 2268 718 2315 autem
753 2275 929 2329 neque
957 2260 1191 2325 volebat,
1212 2276 1320 2315 non
1349 2261 1491 2316 enim
1527 2261 1813 2316 consilium
1847 2262 2092 2332 capiebat

2203 2264 2283 2322 35v
2315 2270 2348 2339 ἡ
2382 2267 2688 2339 καλουμένη
2737 2266 2887 2338 παρά
2923 2264 3016 2319 τοῦ
3064 2265 3334 2327 Μάνεντος
3384 2263 3482 2333 ὕλη
3526 2263 3619 2316 διὰ
3671 2262 3770 2327 τῆς

540 2366 666 2408 cum
708 2360 855 2407 esset
896 2366 1090 2422 expers
1134 2351 1413 2419 rationis;
1464 2367 1639 2425 neque
1685 2360 1916 2422 poterat,
1962 2368 2089 2407 cum

2204 2361 2369 2432 ᾇυχῆς
2415 2359 2546 2432 ὕλην
2588 2356 2953 2429 ἀληθεστέραν
3001 2356 3136 2429 πρὸς
3177 2354 3270 2408 τοῦ
3317 2354 3526 2423 ἀγαθοῦ
3582 2355 3771 2408 κινὸυς

540 2452 687 2501 esset
727 2449 841 2501 sola
876 2451 923 2500 et
960 2460 1055 2515 per
1094 2460 1173 2500 se.
1209 2443 1375 2516 Igitur
1412 2462 1531 2516 quae
1563 2460 1594 2499 a
1624 2444 1916 2501 Manichaee
1941 2459 2098 2499 voca-

2204 2452 2368 2506 νεύειν
2401 2450 2817 2523 προσειληφέναι
2843 2451 2989 2504 δοκεῖ
3022 2450 3103 2511 είς
3127 2448 3401 2519 ἐνέργειαν
3434 2447 3669 2510 κακίας,
3706 2446 3771 2517 ἦν

542 2550 632 2595 tur
671 2540 918 2603 materia,
973 2538 1186 2595 videtur
1240 2540 1539 2610 sumpsisse
1585 2538 1700 2595 fere
1744 2555 1775 2594 a
1820 2540 1963 2594 bono
2001 2554 2097 2611 per

2205 2545 2405 2615 ἡγνόει·
2435 2543 2738 2596 ἐνεκαλεῖτο
2767 2542 2877 2614 γάρ
2907 2539 3013 2613 πρὸ
3044 2540 3246 2610 κόσμου
3288 2537 3537 2604 ἀταξίαν,
3569 2539 3772 2610 ᾶδηλω

541 2633 779 2687 animam
825 2631 1093 2687 veriorem
1143 2632 1424 2686 materiam
1472 2631 1539 2686 ad
1586 2631 1954 2703 operationem
2004 2647 2098 2687 ne-

2204 2638 2326 2709 ήμῖν
2351 2636 2443 2690 καὶ
2467 2635 2541 2708 μὴ
2565 2617 2912 2706 φαινομένηνῖ
2942 2632 3149 2704 Ἔμαθε
3171 2633 3226 2686 δέ
3251 2633 3492 2705 ἐνεργεῖν
3511 2632 3658 2702 δῆλα
3678 2632 3771 2685 καὶ

539 2725 745 2795 (ιυίιίιε,
793 2739 955 2795 quam
1001 2722 1324 2791 nesciebat;
1370 2723 1731 2778 accusabatur
1777 2723 1919 2777 enim
1966 2732 2093 2778 ante

2204 2726 2494 2797 φαινόμενα
2525 2724 2671 2778 κακά
2689 2740 2702 2754 ·
2730 2723 3018 2794 διύπνησεν
3046 2724 3155 2797 ἄρα
3181 2722 3242 2775 τὸ
3276 2722 3456 2793 θηρίον
3487 2723 3523 2793 ἡ
3555 2722 3771 2793 ἐπῳδὴ,

540 2794 729 2872 mundi
790 2816 1052 2871 fabricam
1100 2815 1167 2871 de
1223 2815 1629 2886 perturbatione
1678 2816 1887 2873 ordinis
1935 2820 2095 2872 nobis

1678 2816 1887 2873 ordinis
1935 2820 2095 2872 nobis
2198 2818 2292 2889 καὶ
2318 2815 2563 2888 οὐδαμῶς
2589 2816 2706 2870 κατ’
2731 2816 2933 2869 ἐκεῖνον
2959 2794 3245 2889 ἐκοίμτξσεν

541 2909 745 2979 ignota,
795 2915 849 2961 et
889 2907 1110 2960 minime
1147 2914 1458 2976 apparente.
1501 2904 1698 2960 Didicit
1763 2913 1941 2961 autem
1991 2905 2205 2976 operari
2276 2904 2560 2960 manifesta
2628 2904 2801 2970 mala,
2844 2911 2899 2958 et
2963 2917 3084 2973 quae
3115 2908 3413 2958 cernuntur
3448 2918 3466 2955 :
3501 2900 3776 2955 excitavit

538 3018 669 3071 ergo
709 3001 938 3056 belluam
968 3001 1170 3063 cantio,
1194 3008 1249 3055 et
1270 3015 1608 3071 nequaquam
1646 3001 1864 3071 sopivit,
1901 3009 1960 3055 ut
1988 3001 2095 3071 {ille
2130 3002 2279 3057 dicit.

613 3093 671 3150 Si
696 3101 878 3148 autem
909 3092 1043 3147 dicit
1071 3092 1311 3148 noluisse
1353 3090 1520 3147 Deum
1561 3100 1620 3148 ut
1651 3093 1802 3149 fieret
1833 3094 2088 3158 mundus,
2117 3101 2165 3156 ς

2262 3094 2325 3147 Et
2351 3093 2408 3146 δὲ
2436 3091 2603 3161 λέγοι,
2634 3091 2747 3144 Οὐκ
2779 3088 2967 3161 ήθελεν
3005 3091 3034 3144 ὁ
3072 3088 3201 3152 Θεὸς
3236 3086 3497 3157 γενέσθαι
3532 3086 3773 3158 κόσμον,

542 3186 1011 3258 percunctandutn
1060 3193 1177 3251 est,
1231 3184 1354 3255 quis
1408 3193 1547 3253 erat,
1597 3186 1690 3257 qui
1749 3187 1959 3242 voluit?
2020 3203 2088 3241 an

2206 3186 2510 3257 t9torqzéov,
2546 3184 2654 3237 Καὶ
2682 3182 2765 3246 τίς
2810 3178 2879 3254 ἦν
2919 3185 2948 3236 ὁ
2980 3180 3329 3252 βουλόμενοςς
3364 3175 3474 3250 ἀρα
3503 3181 3537 3249 ἡ
3574 3181 3773 3243 κακία,

538 3275 778 3359 malitia,
809 3290 931 3346 qua:
973 3290 1081 3329 non
1117 3275 1352 3331 habebat
1393 3277 1792 3348 cognitionem?
1834 3276 1969 3344 Quis
2008 3286 2092 3334 est

2207 3278 2226 3349 ἡ
2264 3276 2336 3348 μὴ
2361 3278 2667 3346 ἐγνωκυῖα;
2702 3275 2797 3337 Τίς
2822 3273 2878 3327 δέ
2900 3275 3047 3327 ἐστιν
3070 3274 3097 3326 ό
3127 3273 3540 3335 κατασκευάσας
3575 3272 3646 3338 ἐξ
3676 3274 3774 3344 ap.

543 3369 640 3440 qui
667 3385 735 3425 ex
764 3369 1012 3440 utrisque
1048 3368 1175 3424 fecit
1203 3385 1323 3440 qua;
1356 3370 1520 3425 sunt?
1558 3370 1801 3442 nunquid
1836 3370 2095 3426 materia?

2208 3371 2318 3439 :poi'v
2353 3369 2422 3422 τὰ
2462 3369 2620 3433 ὂντας
2666 3367 2699 3439 ἢ
2738 3364 2836 3436 ὒλη
2866 3382 2881 3430 ;
2907 3366 3006 3420 οὐκ
3050 3360 3141 3419 οὖν
3173 3364 3449 3435 θαυμασία
3486 3364 3595 3435 τὴν
3623 3365 3775 3435 sui?

540 3478 649 3520 non
691 3470 837 3520 esset
876 3463 932 3517 in
969 3459 1326 3517 admiratione
1362 3461 1482 3532 ejus
1515 3463 1778 3531 operatio.
1818 3459 1921 3515 Sed
1953 3476 2095 3515 nuu-

2208 3478 2350 3531 γειαν
2377 3459 2507 3531 (Η).
2548 3458 2681 3511 Ἀλλ’
2723 3457 2832 3529 ἀρα
2866 3457 2997 3521 Θεὸς
3021 3456 3119 3511 οὐκ
3156 3456 3312 3527 ἧθελε
3359 3455 3484 3527 μὲν,
3520 3457 3775 3527 ἡναγκά-

540 3554 673 3628 quid
713 3571 823 3611 non
869 3555 1040 3610 voluit
1084 3552 1247 3619 Deus,
1282 3562 1504 3610 coactus
1547 3562 1724 3608 tamen
1771 3552 1889 3608 est?
1929 3550 1987 3607 Si
2018 3553 2092 3607 ita

2208 3552 2318 3620 ζετο
2360 3552 2449 3614 δές
2481 3550 2581 3603 οὐκ
2604 3545 2695 3602 οὖν
2736 3548 2977 3620 ὑπετάγη
3025 3547 3221 3619 μᾶλλον
3262 3547 3295 3618 ἢ
3336 3546 3618 3615 animis;
3663 3549 3775 3603 Καὶ

539 3654 710 3713 esset,
760 3645 931 3717 magis
977 3643 1255 3714 subjectus
1301 3643 1494 3699 fuisset
1535 3658 1698 3713 quam
1747 3643 2089 3712 subjecisset,

2206 3642 2445 3716 περιττὸν
2493 3642 2710 3694 κάκεῖνο
2756 3638 3070 3709 θαυμάζειν,
3126 3637 3363 3707 τάγαθοῦ
3413 3638 3516 3708 τὴν
3572 3638 3773 3708 σοφίαν

539 3748 704 3811 atque
750 3750 1209 3808 supervacaneum
1239 3744 1383 3793 essm
1412 3735 1564 3790 illum
1602 3734 1855 3790 admirari
1888 3736 2099 3805 sapien-

2207 3735 2508 3806 βιασθεῖσαν
2538 3735 2618 3798 είς
2649 3733 2746 3804 τὴν
2778 3731 2979 3804 βλάϐην
3005 3733 3111 3785 τῶν
3150 3730 3529 3802 γενησομένων
3548 3747 3567 3761 ο
3594 3731 3632 3785 ἀ
3658 3732 3774 3803 γάρ

543 3832 670 3885 tiam
726 3828 822 3883 Dei
878 3827 931 3882 vi
986 3836 1250 3890 coactam,
1303 3834 1357 3882 et
1409 3826 1665 3881 damnum
1720 3840 1947 3890 eorum,
2000 3826 2096 3896 qui

2207 3827 2441 3899 οὐδαμῶς
2464 3822 2531 3898 ἦν
2556 3825 2703 3880 κακά
2730 3825 2858 3896 πρὶν
2896 3824 3161 3878 συνελθεῖν
3192 3823 3472 3887 τάναντία,
3500 3822 3626 3876 οὔτε
3654 3824 3774 3895 μὴν

544 3922 711 3989 futuri
761 3929 962 3987 erant;
1011 3936 1132 3991 qua:
1172 3919 1315 3975 enim
1358 3919 1508 3974 nullo
1547 3919 1709 3973 modo
1757 3918 1897 3973 mala
1940 3926 2097 3973 erant

2206 3918 2362 3988 5νομα
2392 3918 2520 3989 γοῦν
2559 3918 2736 3974 αὐτῶν
2773 3917 3129 3983 ἐπολιτεύετο,
3162 3914 3336 3970 ταῦτα
3370 3914 3507 3985 μετά
3548 3914 3773 3985 κόσμου

538 4022 668 4068 ante
715 4010 1160 4081 conjunctionem
1217 4007 1647 4074 contrariorum,
1684 4022 1859 4078 neque
1903 4007 2093 4063 saltem

1136 4024 1160 4062 [ι
1217 4007 1647 4074 contrariorum,
1684 4022 1859 4078 neque
1903 4007 2093 4063 saltem
2196 4010 2408 4064 γένεσιν
2447 4009 2703 4083 ῆνθησαν.

540 4105 987 4168 nominabantur,
1020 4102 1133 4157 haec
1159 4112 1281 4174 post
1322 4109 1499 4155 ortum
1538 4100 1727 4155 mundi
1771 4099 2092 4155 ﬂoruerunt.

643 4224 773 4280 Car.
811 4218 1001 4277 XXVI.
1048 4219 1184 4275 Deus
1211 4227 1392 4273 auctor
1414 4218 1611 4287 peccati
1635 4218 1917 4272 secundum
1945 4214 2178 4272 Martem.
2218 4217 2518 4272 Mistiouem
2553 4218 2744 4273 anime
2776 4234 2894 4271 cum
2923 4217 3146 4271 materia
3174 4214 3354 4270 llam:
3382 4214 3639 4270 admittit.

608 4340 687 4394 An
738 4353 848 4392 non
902 4343 985 4390 est
1038 4333 1335 4388 absurdum
1384 4330 1584 4394 dicere,
1636 4331 1875 4386 voluisse
1922 4329 2091 4385 Deum
2125 4338 2169 4392 ι)

2267 4333 2374 4385 Kal.
2431 4331 2547 4395 πῶς
2596 4331 2696 4385 οὐκ
2735 4331 2931 4387 ἄτοπον
2987 4331 3235 4399 φάσκειν,
3293 4329 3609 4400 βουλόμενον
3663 4329 3773 4384 τδν

533 4425 1000 4502 perturbationem
1059 4420 1305 4482 ordinis.
1358 4435 1481 4491 qua:
1522 4420 1683 4476 nobis
1728 4420 2090 4476 demonstrari

2205 4425 2325 4478 Θεὸν
2370 4424 2593 4491 ἀταξίαν
2639 4423 2736 4496 τὴν
2776 4425 2904 4495 ἡμῖν
2949 4440 3013 4491 γε
3059 4423 3440 4477 ἀναπόδεικτον
3478 4420 3581 4492 τῆς
3626 4421 3772 4493 ὕλης

538 4536 649 4576 non
680 4524 877 4591 potest,
908 4532 939 4570 a
965 4516 1189 4570 materia
1224 4513 1436 4575 tollere,
1467 4522 1522 4568 et
1560 4512 1790 4567 actionis
1827 4514 2092 4567 malorum

2201 4516 2423 4579 παῦσαι,
2457 4515 2677 4580 ἀταξίας
2720 4514 3187 4586 ἀποδεικνυμένων
3216 4514 3400 4569 κακῶν
3443 4514 3539 4567 καὶ⁹
3572 4531 3768 4583 φαινο-

533 4605 662 4683 ’ςυαι
707 4609 953 4665 videmus
1011 4613 1063 4662 et
1119 4607 1174 4660 in
1225 4604 1539 4660 hominibus
1596 4612 1889 4674 apparent,
1944 4604 2090 4659 omni

2201 4608 2373 4678 μένων
2402 4606 2707 4679 ἀνθρώποις
2738 4607 3021 4679 παραίτιον
3061 4606 3345 4675 γενέσθαις
3374 4606 3487 4676 Τὴν
3519 4607 3621 4677 μὲν
3653 4606 3768 4676 γάρ

540 4704 733 4760 ordine
774 4708 829 4756 et
867 4699 1079 4754 ratione
1115 4695 1355 4752 carentis
1404 4702 1681 4750 auctorem
1722 4694 1933 4751 fuisse?
1973 4694 2095 4751 Per-

2200 4699 2454 4767 ἀταξίαν,
2503 4702 2568 4770 ἣν
2618 4698 3013 4771 κατεψηφίζετο
3063 4701 3165 4768 τῆς
3213 4699 3343 4770 ὕλης
3398 4698 3546 4770 λόγῳ
3599 4701 3767 4770 μόνον

541 4795 903 4851 turbationem
966 4802 1199 4859 namque
1263 4787 1471 4843 ordinis
1531 4785 1597 4842 de
1645 4802 1753 4857 qua
1809 4788 2092 4842 materiam

2200 4793 2485 4864 παράγειν,
2517 4793 2576 4845 οὐ
2626 4792 2730 4863 μὴν
2757 4794 2848 4845 καὶ
2888 4792 3054 4856 δεῖξαι
3099 4794 3209 4856 τοῖς
3236 4792 3422 4862 ἔργοις
3441 4791 3761 4862 δεδύνηται·

540 4886 865 4948 damnabat,
912 4881 1078 4937 verbo
1122 4880 1299 4936 solum
1337 4877 1579 4950 proferre
1624 4877 1817 4948 potuit.
1860 4893 1968 4935 non
2014 4887 2096 4932 ta-

2198 4882 2267 4935 τὰ
2292 4882 2347 4936 δὲ
2387 4882 2533 4936 κακά
2564 4881 2633 4935 τὰ
2670 4881 2775 4934 ἀπὸ
2801 4882 2897 4952 τῆς
2933 4879 3203 4952 μυθώδους
3231 4882 3325 4933 καὶ
3361 4879 3437 4952 μὴ
3472 4878 3764 4949 ἐνδεχομέ-

540 4996 664 5038 men
715 4978 877 5035 rebus
925 4974 1060 5046 ipsis
1108 4982 1163 5028 et
1202 4972 1459 5042 Operibus
1492 4969 1868 5025 demonstrare
1904 4989 1917 5029 ;
1955 4970 2094 5025 mala

2199 4992 2295 5045 νης
2319 4975 2424 5029 τῶν
2453 4974 2705 5028 ἐναντίων
2735 4973 3003 5045 κράσεως,
3033 4972 3325 5043 ὀφθαλμοῖς
3349 4972 3494 5044 ὁρῶν
3530 4973 3561 5025 ό
3598 4958 3766 5041 ἐνόη-

539 5078 743 5133 autem,
779 5082 848 5123 ex
891 5063 1142 5121 mistione
1187 5062 1291 5119 ista
1319 5061 1719 5117 contrariorum
1758 5061 2012 5123 conﬁcta.
2040 5069 2095 5115 et

2199 5083 2307 5134 τος,
2345 5068 2405 5121 οὐ
2431 5065 2775 5120 καταδύεται.
2800 5065 2959 5117 Ὥστε
2995 5063 3311 5134 βουλόμενος
3331 5063 3426 5117 τὸν
3448 5062 3587 5117 Θεὸν
3609 5063 3766 5115 ἀναί-

539 5175 661 5231 qnae
725 5159 841 5215 fieri
906 5172 1017 5213 non
1077 5156 1284 5226 potuit,
1338 5155 1513 5209 oculis
1581 5168 1813 5209 cernens
1865 5153 2091 5210 insanus

2197 5175 2306 5212 τιον
2337 5158 2433 5228 τῆς
2469 5156 2609 5211 κατά
2640 5155 2954 5228 ἀνθρώπους
3004 5155 3213 5220 ἀδικίας
3238 5154 3541 5227 ἀποφῆναι,
3576 5153 3764 5208 αίτιὼ-

540 5250 736 5318 homo,
796 5248 1142 5305 dissimulare
1181 5261 1246 5302 ea
1304 5261 1416 5301 non
1471 5253 1669 5316 potest.
1725 5245 1905 5312 Quare
1961 5244 2092 5300 dum

2196 5266 2353 5307 τατον
2385 5248 2561 5303 αὐτῶν
2600 5249 2853 5321 ἄντικρυς
2901 5248 3153 5320 ὁμολογεῖ
3197 5248 3360 5303 πλέον
3392 5248 3429 5320 ἢ
3454 5247 3619 5302 τοῦτο
3663 5246 3763 5299 καὶ

540 5342 740 5398 docere
780 5340 927 5405 vult,
966 5355 1075 5395 non
1119 5353 1241 5395 esse
1279 5337 1449 5395 Deum
1491 5346 1771 5394 auctorem
1814 5338 2092 5409 injustitiaa

1167 5353 1241 5394 sse
1279 5337 1449 5395 Deum
1491 5346 1771 5394 auctorem
1814 5338 2092 5409 injustitim
2197 5341 2357 5413 μόνον
2387 5334 2734 5408 ἐσπούδαζεν.

540 5433 812 5502 humanae,
837 5434 1070 5492 maxime
1098 5450 1221 5492 esse
1241 5433 1400 5506 plane
1423 5432 1734 5499 confitetur,
1764 5432 1874 5488 imo
1918 5433 2133 5506 plenius
2169 5450 2332 5507 quam
2358 5436 2405 5492 si
2427 5435 2529 5492 hoc
2555 5437 2733 5493 solum
2759 5435 3026 5493 studeret.

541 5724 576 5767 ι
591 5638 994 5779 ἕρίεὺῗνυίὲἰ
1018 5644 1192 5711 θαυμ.
1228 5637 1368 5705 Quia
1425 5638 1496 5696 ab
1537 5636 1720 5710 aliquo
1771 5635 1915 5709 quod
1966 5635 2089 5695 sine
2126 5641 2437 5715 cognitione
2459 5650 2511 5701 et
2539 5645 2750 5701 ratione
2788 5642 2867 5710 tit,
2897 5656 3009 5701 non
3047 5650 3132 5701 est
3163 5640 3493 5700 admirabile
3546 5642 3608 5701 in
3668 5651 3776 5731 ωε
