1984 3457
127 113 195 141 “05

648 114 830 144 ADVERSUS
849 115 1061 144 ΜΔΝΙΕΕΕΟΞ
1078 115 1141 142 LIB.
1162 116 1182 143 Ι.

1665 116 1734 143 “0‘3

156 170 225 206 Φέρε
237 171 269 208 δὴ
280 171 313 198 τὰ
327 172 496 207 πραττόμενα
515 172 587 198 κακά
596 171 663 207 πρὸς
675 172 723 198 ἀνθ
729 172 825 207 ρώπων
840 182 904 201 κατ-

991 176 1046 209 Age
1063 173 1130 208 jam,
1158 173 1363 201 consideremus
1389 173 1460 200 mala
1483 180 1543 209 quae
1565 172 1599 200 ab
1618 172 1735 200 homini-

126 217 232 252 ίεωμεν,
254 218 305 244 τίνι
325 218 445 253 προσῆκε
470 217 637 253 φιλαλήθως·
664 219 831 254 ἐπιχειρήσει
856 220 904 255 μὲν

124 263 177 299 γὰρ
201 262 263 294 ἴσως
282 263 328 290 καὶ
351 264 400 299 τῆς
420 264 508 299 ψυχῆς
528 265 623 299 κρᾶσιν
637 264 832 300 εἰσηγήσασθαι
851 266 904 291 τῶν

123 309 162 341 ὼς
174 308 319 344 ὑπείληφεν
333 310 474 337 ἐναντίωνσ
484 311 538 338 εἴτε
549 311 576 338 δὲ
590 311 658 346 αὑτὴ
672 311 808 346 μονοειδὴς
822 311 905 346 ὑπάρ-

123 363 164 389 χει
181 355 212 381 ἐκ
233 355 350 388 τάγαθοῦ
375 357 439 392 παρ’
455 358 538 393 αὐτῷ,
555 358 609 384 εἴτε
628 357 674 383 καὶ
700 358 731 383 ἐκ
755 356 904 388 συνθέσεως

122 401 177 426 τῶν
200 402 325 428 ἐναντίων
342 404 373 429 ὲκ
397 404 446 438 τῆς
470 404 576 439 μερίδος
597 403 748 430 τούναντίου
771 403 817 429 τοῦ
838 403 904 437 ἀγα-

123 445 182 477 θοῧν
200 447 296 482 ῥᾳδίως
309 448 543 484 ἀποδειχθήσεται,
557 449 626 476 κατὰ
639 448 688 484 τὴν
705 448 789 483 ἀσεϐῆ
803 448 903 483 ταύτην

123 491 256 525 ὑτώθεσιν,
275 493 308 519 τὰ
321 494 391 521 κακά
412 495 549 530 γινόμενα.
567 495 643 522 Ἐστι
667 495 715 530 μὲν
732 493 777 522 οὖν
794 494 904 530 ἀσώμα-

122 546 169 569 τος
183 538 199 573 ή
219 538 300 574 ψυχὴ,
316 540 362 566 καὶ
377 540 507 575 μηδαμῶς
522 541 644 568 σύνθεσιν
661 542 719 567 κατ’
739 540 841 570 οὐσίαν,
860 540 904 566 καὶ

124 583 241 619 μάλιστα
257 586 383 613 ἐναντίων
396 587 579 624 ἀποδεχομένη
592 599 596 604 ·
614 589 638 614 οι
657 588 709 623 γὰρ
724 588 755 614 ὲκ
769 586 903 622 διαφόρων

124 631 274 658 συντιθέναι
288 632 410 665 δόξαντες
431 634 515 669 αὐτὴν
546 635 575 660 οὐ
592 634 640 669 τὴν
663 634 756 660 οὐσίαν
779 633 904 667 ποικίλην

123 677 171 703 καὶ
194 678 261 714 πρὸς
284 679 382 715 ἑαυτὴν
405 680 602 716 διαφερομένην
624 681 813 716 εἰσηγήσαντο,
837 678 903 705 ἀλλά

123 722 172 752 τὶς
194 722 332 757 ἐνεργείας
351 724 436 759 αὐτῆς
452 725 484 751 ἐκ
506 724 559 751 τῶν
573 724 718 760 ὁρωμένων
732 722 902 758 ὑπέγραψαν,

123 768 170 794 ἕνα
187 768 262 802 λόγον
279 769 380 796 ἁπλοῦν
396 771 442 797 καὶ
467 770 661 807 περιληπτικὺν
683 770 767 806 αὐτῆς
790 769 904 805 ποιήσα-

124 814 183 842 σθαι
201 814 238 851 μὴ
250 815 414 851 δυνηθέντες.

955 219 1006 246 bus
1033 219 1116 252 ﬁunt,
1138 219 1171 246 ad
1194 226 1274 253 quem
1302 226 1364 246 vere
1388 219 1532 254 pertinent.
1558 219 1736 254 Aggredietur

955 265 1072 293 fortasse
1096 265 1270 293 introducere
1289 265 1445 292 mistionem
1471 266 1567 292 anima:
1586 273 1648 292 cum
1670 273 1735 292 cou—

955 313 1046 340 trariis
1066 320 1145 347 quam
1171 312 1328 347 suspicatus
1348 316 1398 339 est.
1422 310 1484 338 Sive
1508 312 1564 346 ipsa
1586 312 1675 338 anima
1700 311 1736 338 sit

955 359 1111 393 μονοειδής,
1130 358 1157 385 id
1183 361 1234 389 est,
1263 357 1395 393 simplicis
1419 363 1446 384 et
1474 357 1554 385 unius
1582 357 1677 384 forma:
1702 364 1736 383 ex

954 403 1025 430 bono
1052 402 1122 438 apud
1145 403 1246 437 ipsum,
1274 403 1330 430 sive
1351 410 1383 429 ex
1406 402 1603 437 compositione
1627 405 1736 428 contra-

954 447 1056 474 riorum
1071 455 1104 475 ex
1118 451 1194 482 parte
1216 447 1276 482 ejus
1298 447 1370 482 quod
1391 451 1433 475 est
1453 448 1525 474 bono
1546 446 1734 478 contrarium;

955 492 1033 519 facile
1065 492 1214 519 secundum
1244 493 1296 520 hoc
1335 493 1447 527 impium
1474 492 1680 519 fundamentum
1708 494 1735 518 et

955 538 1119 573 principium
1144 538 1407 566 demonstrabuntur
1426 538 1497 565 mala
1515 546 1575 573 quae
1595 538 1670 564 ﬁunt.
1686 536 1735 564 Est

955 584 1037 620 igitur
1063 585 1153 611 anima
1182 592 1280 621 expers
1305 585 1445 619 corporis.
1470 591 1529 618 quae
1556 583 1631 610 nullo
1655 588 1734 618 pacto

954 631 1176 665 compositionem
1198 631 1345 658 secundum
1373 631 1563 662 substantiam,
1584 630 1734 665 praesertim

954 676 1174 709 contrariorum,
1206 677 1312 712 recipit.
1342 676 1393 709 Qui
1416 676 1487 702 enim
1507 674 1558 703 visi
1585 678 1648 702 sunt
1675 682 1733 702 eam

955 729 1130 757 componere,
1149 730 1202 749 non
1219 722 1401 750 substantiam
1418 721 1521 748 variam
1537 725 1564 748 et
1581 728 1596 747 a
1612 728 1641 748 se
1659 720 1735 747 diﬁ‘e-

954 773 1057 795 rentem
1080 769 1302 801 introduxerunt,
1323 769 1370 797 sed
1389 769 1561 804 operationes
1575 767 1634 802 ejus
1652 775 1684 794 ex
1700 767 1734 794 iis

956 822 1016 848 qua:
1039 814 1175 847 videntur,
1203 814 1424 850 descripserunt,
1452 822 1514 842 cum
1540 822 1593 841 non
1623 816 1735 848 possent

917 849 937 877 Β
954 862 1095 886 exstruere
1113 867 1194 886 unam
1212 860 1363 895 simplicem
1379 859 1564 888 deﬁnitionem
1588 867 1641 894 qua
1661 865 1735 886 cem-

954 903 1179 938 prehenderetur.

347 970 412 999 Cn.
431 961 535 999 XXVII.
556 957 629 998 ῑίηίίε
641 970 762 1005 procedat
780 971 875 998 anima:
889 977 1031 1006 peccatum.
1046 972 1124 1001 Ratio
1138 977 1231 1008 pra‘est
1242 974 1311 1001 vitiis
1326 978 1351 1001 et
1366 972 1516 1001 virtutibus.

159 1030 189 1056 El
202 1029 254 1066 γάρ
272 1030 318 1056 καὶ
332 1031 390 1062 ταῖς
409 1030 546 1066 διαφόροις
563 1030 701 1066 ποιότησιν
722 1030 754 1062 ἃς
775 1030 900 1065 ἐπεδέχε-

123 1084 167 1103 ται
197 1075 290 1103 ἄλλοτε
312 1076 407 1108 ἄλλως,
433 1076 589 1112 διαφέρεται
612 1076 679 1112 πρὸς
702 1076 810 1111 ἑαυτὴν,
833 1076 904 1111 ὅμως

123 1123 182 1148 κατ’
203 1122 396 1158 οὐσίαν-ἔργον
417 1122 574 1158 ὑπάρχουσα
591 1122 638 1149 τοῦ
654 1121 731 1152 Θεοῦ,
752 1122 906 1157 άμετάὃλη-

123 1166 168 1198 τός
182 1167 212 1192 τέ
226 1167 293 1199 ἐστι,
313 1167 358 1193 καὶ
372 1167 421 1193 οὐκ
440 1167 472 1193 ἐκ
491 1166 625 1202 διαφόρων
648 1166 804 1200 σύγκειται·
829 1167 905 1193 ἐναν-

123 1212 188 1239 τίων
204 1212 293 1247 μέντοι
316 1212 438 1248 κράσεων
455 1212 581 1239 τοσοῦτον
604 1212 768 1247 ἀφέστηκεν,
784 1212 844 1238 ὅσον
861 1212 906 1239 καὶ

123 1258 170 1285 τοῦ
182 1259 241 1285 καθ’
259 1259 354 1294 ἑαυτὴν
376 1259 455 1294 σῶμα
471 1257 538 1286 εἶναι
561 1259 657 1286 δοκεῖν.
674 1258 769 1294 Θῶμεν
786 1259 813 1285 δὲ
836 1259 906 1286 κατὰ

124 1305 171 1340 τὴν
186 1306 287 1332 ἐκείνου
303 1306 487 1340 ψευδολογίαν,
508 1306 564 1340 εἴγε
582 1306 628 1332 καὶ
643 1306 720 1332 τοῦτο
735 1305 822 1339 λέγειν
841 1306 903 1331 ἐπι-

123 1352 237 1387 χειροίη,
249 1352 286 1383 ὡς
299 1352 345 1378 καὶ
358 1352 374 1387 ἡ
389 1351 460 1387 ψυχὴ
478 1351 523 1378 τοῦ
541 1351 683 1388 ἀνθρώπου
697 1352 859 1386 συνέστηκεν
874 1350 904 1383 ἐξ

123 1396 225 1431 ἀγαθοῦ
245 1397 290 1424 καὶ
314 1398 399 1424 κακοῦ
413 1407 419 1413 ·
442 1398 501 1433 οὐχὶ
522 1398 552 1424 τὸ
579 1397 628 1433 μὲν
650 1397 801 1432 λογιστικὸν
820 1397 904 1432 αὐτῆς

124 1443 183 1469 κατ’
202 1443 303 1470 ἐκεῖνον
323 1443 466 1470 ἀναθετέον
482 1444 521 1479 τῷ
542 1443 646 1479 ἀγαθῷ,
666 1444 696 1470 τὸ
719 1444 740 1470 δ’
763 1443 903 1478 ἀλόγιστον

989 1033 1046 1062 Etsi
1071 1034 1142 1061 enim
1167 1034 1250 1062 variis
1271 1031 1448 1069 qualitatibus
1473 1037 1543 1065 quas
1566 1027 1632 1055 alias
1657 1026 1736 1055 aliter

955 1079 1061 1114 recipit.
1079 1087 1094 1106 a
1114 1087 1143 1107 se
1153 1079 1242 1107 diﬁert
1258 1088 1265 1112 ;
1281 1082 1370 1105 tamen
1390 1074 1537 1104 secundum
1555 1071 1735 1101 substantiam

959 1131 1014 1159 qua:
1031 1133 1099 1160 opus
1118 1126 1165 1153 Dei
1189 1129 1242 1156 est.
1263 1122 1438 1152 immutabilis
1452 1128 1506 1153 est,
1531 1125 1558 1147 et
1581 1126 1636 1145 non
1661 1124 1736 1144 com-

956 1172 1067 1205 ponitur
1086 1178 1120 1198 ex
1141 1171 1277 1204 diverSiS;
1296 1177 1311 1196 a
1330 1167 1478 1196 contrariis
1491 1170 1582 1192 tamen
1600 1161 1737 1191 mistioni-

957 1216 1008 1244 lms
1033 1220 1139 1243 tantum
1168 1217 1255 1248 abest,
1282 1220 1311 1242 ut
1336 1215 1393 1249 ipsa
1422 1220 1470 1248 per
1498 1220 1526 1240 se
1551 1217 1652 1245 corpus
1676 1215 1737 1236 esse

957 1262 1091 1289 videatur.
1119 1262 1255 1289 Ponamus
1286 1261 1378 1296 igitur,
1409 1263 1439 1287 ut
1469 1258 1514 1285 ille
1543 1257 1683 1287 mentitur,
1713 1254 1736 1282 si

955 1308 1065 1344 quidem
1086 1309 1137 1336 hoc
1157 1308 1249 1336 dicere
1266 1307 1449 1343 aggrediatur,
1472 1312 1534 1332 esse
1553 1303 1659 1331 scilicet
1678 1301 1737 1328 ani—

954 1363 1024 1382 mam
1038 1355 1156 1382 hominis
1172 1354 1348 1388 compositam
1364 1361 1397 1380 ex
1414 1352 1484 1379 bono
1503 1354 1530 1377 et
1550 1349 1631 1381 malo,
1645 1355 1736 1375 nonne

953 1400 1026 1435 quod
1051 1401 1077 1427 in
1099 1408 1131 1428 ea
1154 1403 1196 1428 est
1215 1400 1351 1435 particeps
1367 1397 1492 1428 rationis,
1509 1395 1634 1432 opinione
1656 1394 1737 1421 istius

955 1448 1158 1476 attribuendum
1178 1451 1219 1475 est
1244 1447 1333 1477 bono,
1349 1446 1375 1473 id
1396 1450 1448 1477 est,
1474 1443 1550 1477 Deo;
1577 1441 1650 1478 quod
1672 1448 1742 1468 vero

124 1489 165 1523 εἴη
180 1490 212 1524 τῇ
228 1490 325 1526 muta;
340 1491 429 1526 δῆλον,
442 1490 480 1521 ὡς
493 1490 568 1517 οὐδὲν
579 1489 612 1516 ἂν
626 1489 718 1526 ἕτερον
738 1491 824 1516 εἰπεῖν
837 1489 902 1524 ἔχοι.

957 1496 1061 1522 ratione
1080 1498 1164 1525 caret,
1185 1492 1330 1528 nequitiae?
1355 1492 1450 1526 liquet,
1475 1490 1542 1517 nihil
1563 1488 1636 1516 aliud
1657 1494 1744 1522 posse

123 1535 177 1570 Τῆς
193 1536 280 1563 τοίνυν
297 1537 441 1573 ἐπιθυμίας
454 1537 614 1572 κινουμένης
637 1536 779 1572 σφαλερῶς
798 1536 853 1563 εἴτε
871 1537 903 1562 ἐκ

125 1580 204 1615 μόνου
217 1581 263 1608 τοῦ
278 1581 410 1618 σώματος,
423 1582 477 1608 εἴτε
498 1582 544 1609 καὶ
565 1582 597 1608 ἐκ
611 1582 658 1608 τοῦ
672 1583 856 1617 προσήκοντος
868 1582 901 1616 τῇ

123 1627 205 1663 κακίᾳ
219 1627 315 1663 μέρους
327 1628 376 1663 τῆς
396 1628 493 1663 ψυχῆς,
514 1625 557 1663 ἆρ’
581 1627 731 1662 αὐτόματος
754 1627 902 1662 πρόεισινή

123 1673 220 1707 πρᾶξις
231 1682 238 1706 ;
250 1674 316 1708 Οὐχὶ
334 1674 362 1700 δὲ
381 1673 474 1708 φθάνει
491 1674 538 1708 μὲν
554 1674 583 1699 ἐν
598 1672 732 1708 ἀνθρώπῳ
748 1672 844 1707 σκέψις
859 1672 905 1698 καὶ

123 1718 215 1754 βουλὴ,
234 1718 327 1745 ἔπειτα
346 1720 443 1755 κρίσις,
458 1719 504 1746 καὶ
523 1718 627 1754 αἵρεσις
641 1719 689 1753 τῆς
700 1718 834 1753 πράξεως,
858 1717 904 1744 καὶ

120 1763 208 1795 οὕτως
227 1765 265 1796 εἰς
288 1764 366 1800 ἔργον
378 1766 395 1801 ἡ
415 1765 544 1800 ἐπιθυμία
566 1764 748 1801 προξρέρεται;
761 1764 904 1800 Ἔγκλημα

121 1810 152 1836 δὲ
166 1810 263 1842 κακίας
278 1812 309 1837 ὲκ
320 1812 368 1846 τῆς
383 1811 517 1847 πράξεως,
529 1811 580 1838 οὐκ
597 1812 628 1838 ἐκ
640 1811 689 1846 τῆς
706 1811 852 1846 ἐπιθυμίας
864 1811 905 1846 γι-

121 1864 217 1890 γνεται
229 1864 235 1871 ·
252 1856 301 1888 ὡς,
324 1857 348 1883 εί
369 1857 473 1892 μένειεν
491 1857 536 1883 ἐπὶ
554 1857 645 1892 χώρας
664 1856 841 1892 ἡὲνθύμησις
856 1857 905 1893 τῆς

123 1901 270 1937 ἐπιθυμίας
282 1903 321 1935 εἰς
334 1903 411 1939 ἔργον
424 1904 456 1938 τῇ
472 1903 574 1939 αίρέσει
587 1902 633 1930 τοῦ
648 1903 777 1938 λογισμοῦ
794 1903 830 1938 μὴ
844 1912 906 1938 προ⁹

123 1948 210 1980 ιοῦσα,
226 1949 332 1984 πρῶτον
345 1950 392 1984 μὲν
408 1950 441 1977 ἂν
455 1949 605 1985 ἁρπασθείη
620 1950 725 1982 θᾶττον,
738 1949 904 1985 ἐξαπτομένη

123 2003 153 2021 τε
167 1995 224 2030 ἅμα
239 1995 286 2021 καὶ
301 1995 465 2031 σϐεννυμένη
474 2003 480 2009 “
493 1995 585 2021 ἔπειτα
599 1995 723 2030 οὐδαμῶς
736 1994 769 2021 ἂν
782 1994 905 2031 ἔγκλημα

123 2040 274 2074 νομισθείη,
292 2040 321 2066 οὐ
339 2041 417 2075 μόνον
433 2041 531 2073 κοινὸν,
547 2040 602 2067 ἀλλ’
618 2040 678 2067 οὐδὲ
693 2040 763 2067 κατὰ
778 2041 808 2067 τὺ
822 2040 906 2076 ἄκρον

123 2084 174 2120 τῆς
186 2085 285 2120 ἀρετῆς
301 2087 324 2112 εί
341 2086 467 2121 κρίνοιτο.

159 2130 283 2156 Φαίνεται
295 2131 383 2157 τοίνυν
397 2130 435 2165 τῷ
447 2130 546 2166 λογικῷ
555 2131 605 2167 τῆς
613 2130 700 2166 ψυχῆς
713 2131 828 2165 εὐλόγως
842 2131 905 2157 ἀνα-

957 1540 1060 1569 dicere.
1092 1539 1216 1567 Excitala
1245 1546 1309 1574 ergo
1342 1537 1468 1572 (lubrica)
1504 1535 1652 1571 cupiditate
1680 1533 1744 1561 sive-

956 1594 988 1614 ex
1011 1593 1135 1621 corpore,
1157 1586 1213 1613 sive
1234 1593 1267 1612 ex
1292 1592 1323 1612 ea
1347 1588 1424 1619 parte
1445 1583 1543 1610 anima:
1558 1589 1618 1616 quae
1638 1580 1672 1607 ad
1690 1588 1739 1607 ne-

955 1632 1070 1667 quitiam
1092 1631 1219 1665 pertinet,
1239 1638 1273 1657 an
1294 1629 1407 1657 fortuito
1428 1629 1500 1656 actio
1516 1627 1625 1664 prodit?
1641 1625 1742 1653 Nonne

955 1677 1140 1713 antegreditur
1157 1678 1183 1704 in
1199 1677 1308 1704 homine
1326 1674 1508 1703 consideratio
1531 1677 1558 1701 et
1579 1672 1736 1705 consilium,

955 1723 1052 1751 deinde
1073 1723 1206 1758 judicium
1227 1726 1254 1749 et
1275 1721 1371 1749 electio
1386 1719 1512 1751 actionis,
1533 1723 1613 1754 atque
1630 1718 1667 1745 ita
1686 1717 1735 1745 de-

955 1769 1085 1796 siderium
1100 1770 1132 1796 ad
1149 1769 1273 1797 eﬂ‘ectum
1287 1766 1462 1804 perducitur?
1474 1765 1584 1793 Crimen
1602 1770 1668 1791 vero
1686 1769 1735 1790 ne-

956 1814 1049 1850 quitia!
1067 1822 1101 1843 ex
1121 1814 1238 1846 actione,
1259 1821 1313 1841 non
1336 1821 1369 1840 ex
1389 1811 1526 1840 desiderio
1537 1808 1737 1839 conﬁatur:.ut

956 1861 979 1888 si
1002 1864 1109 1888 maneat
1132 1861 1158 1887 in
1179 1860 1239 1888 loco
1262 1859 1390 1894 cogitatio
1410 1857 1538 1885 desiderii
1558 1863 1613 1883 non
1628 1862 1738 1890 progre-

956 1907 1033 1934 diens
1055 1907 1089 1935 ad
1105 1915 1174 1942 opus
1193 1914 1241 1942 per
1259 1906 1419 1934 electio-em
1436 1903 1522 1939 partis
1538 1901 1743 1933 ratiocinantis,

956 1952 1073 1988 primum
1089 1952 1197 1987 quidem
1214 1952 1269 1979 cito
1290 1954 1378 1986 potest
1395 1949 1520 1977 desinere
1540 1948 1681 1975 incensum
1700 1946 1738 1973 si-

958 1999 1012 2026 mul
1034 2002 1061 2026 et
1084 1999 1248 2026 exstinctum
1267 2007 1274 2025 :
1291 1996 1389 2024 deinde
1411 2001 1582 2031 nequaquam
1601 1993 1738 2021 existima-

956 2045 1030 2073 bitur
1053 2045 1168 2076 crimen.
1187 2052 1241 2071 non
1266 2044 1353 2071 solum
1375 2049 1531 2073 commune,
1547 2040 1595 2068 sed
1611 2047 1698 2074 neque
1713 2038 1741 2065 si.

954 2091 1091 2126 judicetur
1109 2089 1257 2118 secundum
1276 2096 1412 2116 summum
1427 2086 1545 2115 virtutis.

991 2136 1110 2171 Apparet
1153 2135 1235 2170 igitur
1264 2138 1375 2170 peccata
1403 2133 1598 2161 convenienter
1626 2129 1742 2162 rationi,

123 2176 251 2211 τιθέμενα
267 2177 300 2203 τὰ
318 2177 508 2212 ἁμαρτήματα⁷
524 2178 570 2204 καὶ
583 2177 645 2204 οὔτε
662 2177 700 2213 τῷ
716 2177 830 2213 σώματι,
845 2176 904 2203 οὔτε

957 2182 1026 2216 parti
1051 2182 1148 2208 anima:
1175 2181 1289 2208 rationis
1310 2180 1434 2215 participi
1459 2179 1596 2214 assignata
1625 2183 1686 2204 esse
1710 2178 1738 2202 et

123 2221 197 2258 ἄλλῳ
214 2223 291 2258 μέρει
307 2224 361 2250 τιν)¹
377 2223 477 2259 ταύτης
490 2231 496 2238 '
520 2224 557 2255 ὡς
573 2224 618 2250 τὸν
639 2224 687 2259 μὲν
704 2224 843 2259 ἀλόγιστον
858 2233 906 2251 κα-

124 2268 187 2295 κίαν
202 2269 372 2304 ἀπηλλάχθαι
387 2269 438 2304 τῆς
457 2269 545 2301 αἰτίας
567 2270 621 2296 τῶν
642 2271 706 2305 παρ’
721 2271 786 2305 ἡμῖν
802 2270 905 2303 κακῶν,

123 2316 172 2342 ἅτε
190 2316 257 2351 μηδὲ
274 2316 458 2351 ὑπάρχουσαν.
475 2316 638 2343 κινδυνεύειν
651 2316 678 2342 δὲ
692 2316 760 2342 κατὰ
777 2316 821 2346 τὸν
836 2316 906 2342 ὲκεί-

123 2370 170 2388 νου
187 2361 264 2395 λόγον
279 2363 310 2388 ἐκ
327 2362 375 2396 τῆς
399 2361 506 2397 μερίδος
525 2362 642 2396 τάγαθοῦ
664 2362 750 2388 ταῦτα
773 2361 907 2397 προφέρε-

124 2407 206 2434 σθαι·
221 2407 247 2433 εἴ
266 2416 297 2441 γε
313 2408 349 2443 μὴ
371 2408 455 2443 ἑτέρῳ
469 2407 640 2443 χρησαίμεθα
664 2406 806 2441 φιλαλήθει
823 2406 904 2441 λόγῳ.

122 2454 155 2481 Εἰ
183 2453 230 2488 μὲν
255 2453 319 2489 γὰρ⁹
342 2455 378 2490 μὴ
399 2453 611 2488 διαγινώσκουσα
636 2454 685 2489 τὴν
703 2454 831 2489 ποιότητα
856 2453 906 2488 τῆς

123 2498 279 2533 ἐπιθυμίας,
293 2500 338 2526 ἐπὶ
351 2499 399 2534 τὴν
412 2498 509 2535 πρᾶξιν
520 2499 666 2532 ἀλογίστως
681 2498 778 2534 ἐχώρει
794 2499 810 2533 ἡ
822 2498 904 2533 ψυχὴ,

122 2545 313 2582 διισχυρίσαιτ*
330 2546 362 2572 ἄν
383 2554 434 2577 τις,
457 2545 494 2577 ὡς
517 2547 548 2572 ἐκ
571 2545 616 2571 τοῦ
641 2545 783 2579 ἀλογίστου
809 2544 906 2580 μέρους

123 2591 238 2627 φέρεται
258 2593 291 2619 τὰ
309 2592 469 2629 παραλόγως
489 2592 678 2627 πραττόμενα·
695 2593 719 2618 εί
736 2592 764 2619 δὲ
779 2592 906 2623 πολλάκις

121 2638 205 2671 αὐτὸς
217 2639 231 2665 ὁ
245 2639 371 2675 λογισμὸς
385 2639 422 2674 πὴ
439 2639 486 2674 μὲν
502 2639 628 2674 αἱρεῖται,
643 2638 679 2670 ὡς
696 2638 907 2665 ὑποκατακλινὸ·

123 2694 206 2722 μενος
232 2686 302 2713 ἑκὼν
327 2687 419 2722 ἀγωγῇ
445 2686 544 2721 φαύλῃ,
569 2686 619 2722 τὴν
641 2686 798 2721 ἐπιθυμίαν,
816 2686 854 2721 πὴ
878 2686 907 2712 δὲ

123 2734 298 2766 παραιτεῖται
319 2732 409 2763 πάλιν,
428 2732 491 2758 ὅταν
513 2731 593 2766 φόϐος
610 2731 689 2758 αὑτὸν
704 2732 826 2759 ὁστισοῦν
840 2732 906 2758 ἀνα-

123 2776 227 2812 στείλῃ,
245 2777 261 2813 ἢ
283 2778 412 2813 ἐπιθυμία
434 2778 497 2812 γοῦν
514 2778 614 2813 ἀρετῆς
637 2777 818 2813 ἀνθελκούσης
838 2777 906 2812 πρὸς

124 2820 243 2857 ἐαυτὴνι
272 2822 359 2858 δῆλον,
384 2824 419 2855 ὡς
449 2824 462 2849 ὁ
488 2823 613 2858 λογισμός
638 2824 709 2850 ἐστιν
733 2824 747 2850 ὁ
775 2823 851 2858 μόνος
868 2825 906 2850 0!-

957 2227 1085 2262 ascripta,
1102 2231 1128 2253 et
1148 2233 1202 2253 non
1224 2226 1343 2260 corpori.
1364 2233 1413 2252 nec
1439 2224 1484 2251 ulli
1499 2224 1544 2250 alii
1563 2222 1633 2258 parti
1656 2221 1740 2256 hujus

957 2273 1064 2300 animae.
1080 2272 1116 2300 Ut
1131 2272 1252 2307 nequitia
1272 2271 1384 2306 quidem
1405 2269 1622 2298 ratiocinationis
1640 2274 1738 2303 expers

957 2320 1069 2346 liberata
1088 2320 1123 2346 sit
1145 2326 1160 2345 a
1180 2318 1259 2353 culpa
1276 2322 1357 2353 atque
1378 2316 1553 2345 accusatione
1570 2322 1663 2342 eorum
1678 2321 1738 2340 ma-

956 2366 1045 2392 lorum
1067 2373 1127 2400 qum
1145 2364 1216 2400 apud
1242 2372 1292 2391 nos
1311 2369 1391 2396 sunt,
1409 2362 1509 2398 quippe
1525 2369 1586 2388 cum
1605 2368 1656 2388 nec
1678 2360 1740 2394 ipsa

956 2416 1056 2443 exstet,
1076 2412 1274 2446 vidcanturque
1294 2410 1350 2438 haec
1370 2409 1519 2438 secundum
1535 2414 1686 2436 sermonem
1704 2405 1742 2432 il-r

957 2457 1020 2491 lius,
1033 2465 1066 2485 ex
1082 2462 1157 2492 parte
1179 2456 1226 2484 Dei
1243 2456 1380 2491 depromi,
1395 2456 1457 2483 licet
1475 2455 1549 2483 nulla
1564 2454 1616 2481 alia
1633 2452 1743 2479 ratione

957 2511 1021 2532 vera
1047 2508 1195 2531 uteremur.
1223 2503 1251 2530 Si
1282 2503 1354 2531 enim
1387 2502 1478 2529 anima
1500 2508 1554 2528 non
1578 2500 1740 2527 discernens

958 2550 1116 2585 qualitatem
1133 2549 1301 2585 cupiditatis.
1317 2549 1350 2576 ad
1363 2548 1496 2575 actionem
1512 2547 1571 2574 sine
1583 2546 1637 2572 ulla
1653 2544 1740 2571 ratio-

957 2597 1093 2623 cinatione
1115 2595 1291 2631 procederet:
1314 2594 1447 2621 afﬁrmare
1468 2593 1530 2628 quis
1551 2595 1653 2627 posset,
1678 2598 1741 2626 quae

958 2642 1159 2670 inconsiderate
1182 2648 1214 2668 ac
1238 2646 1334 2676 praeter.
1352 2640 1484 2667 rationem
1507 2639 1585 2669 ﬁunt.
1602 2645 1633 2666 ex
1662 2640 1740 2673 parte

957 2687 1071 2714 rationis
1093 2690 1203 2721 experte
1219 2686 1352 2721 depromi.
1368 2685 1415 2712 Sin
1437 2688 1527 2712 autem
1552 2690 1738 2718 saepenumero

957 2733 1028 2760 ratio
1050 2732 1108 2766 ipsa
1128 2732 1183 2766 jam
1206 2732 1282 2767 eligit
1301 2731 1487 2766 cupiditatem,
1508 2734 1635 2764 tanquam
1655 2735 1739 2763 prava

957 2778 1129 2806 institutione
1167 2777 1236 2805 ﬁexa
1264 2777 1369 2809 libens,
1392 2777 1449 2811 jam
1473 2783 1569 2803 rursus
1594 2773 1739 2809 repudiat.

958 2832 1021 2852 cum
1044 2823 1143 2858 aliquis
1163 2827 1253 2852 metus
1272 2832 1334 2851 eam
1353 2823 1486 2856 refrenat,
1506 2826 1552 2850 aut
1573 2820 1740 2850 desiderium

236 3110 1652 3441 Vrs—
