4008 6208
575 305 716 363 ηο7

1681 284 1844 363 ’τιτι
1879 301 2300 360 BOSTRENSIS
2333 297 2634 356 EPISCOPI

3631 286 3763 340 I108

572 419 792 475 virtutis
826 417 894 473 ad
939 432 998 473 se
1038 419 1361 475 attralientis
1394 437 1410 485 ;
1439 419 1606 490 liquet
1639 420 1813 474 solum
1863 420 2121 474 rationem

2228 418 2536 490 κειούμενος
2582 415 2650 470 τά
2703 412 2878 476 καλῶς
2933 429 2990 465 τε
3043 411 3135 464 καὶ
3181 409 3257 471 ὡς
3303 405 3501 477 ἑτέρως
3546 403 3767 474 πραττό-

573 525 716 578 οιεε,
766 523 885 580 quae
930 517 1076 565 recte
1127 519 1181 565 et
1232 525 1396 581 prave
1437 511 1574 566 facta
1631 509 1735 565 sibi
1787 509 2025 563 vindicat
2077 517 2131 563 et

575 599 814 657 asciscit.

649 690 746 746 Hic
769 699 1022 746 versatur
1057 699 1111 749 et
1142 693 1374 749 vertitur
1409 694 1476 749 ad
1505 691 1898 750 occurrendum
1941 698 2130 745 contra

571 782 828 838 excussio
886 798 1074 839 eorum
1121 800 1242 856 qua:
1293 785 1434 840 male
1471 803 1500 840 a
1551 785 1847 840 Manichaao
1903 783 2129 853 probata

574 879 702 927 sunt
758 889 773 926 :
836 890 944 928 non
997 875 1180 939 enim,
1237 885 1297 931 ut
1345 885 1601 946 apparet,
1661 876 1830 930 ullum
1887 875 2129 928 materia:

573 972 858 1034 peceatum
892 973 975 1021 est
1004 967 1059 1021 in
1091 968 1295 1024 nostris
1325 969 1652 1032 actionibus,
1684 968 1778 1022 sed
1803 967 2014 1029 animre,
2045 966 2129 1022 vel

573 1056 746 1125 partis
784 1055 948 1124 hujus
993 1073 1113 1126 quae
1153 1066 1236 1112 est
1265 1060 1492 1114 rationis
1521 1058 1812 1128 Particeps,
1839 1073 1978 1128 quae,
2013 1055 2125 1109 hla-

573 1147 784 1202 nichteo
806 1155 1048 1214 auctore,
1079 1150 1144 1203 ad
1178 1158 1384 1219 partem
1407 1149 1500 1204 Dei
1530 1149 1782 1219 pertinet.

647 1236 724 1290 Ad
778 1235 890 1290 haec
941 1239 988 1292 si
1036 1240 1324 1302 accideret,
1373 1247 1434 1292 ut
1485 1239 1538 1291 in
1579 1239 1646 1293 iis
1685 1237 1776 1308 qui
1812 1235 2126 1306 pudicitiam

574 1328 781 1398 colunt,
810 1336 956 1384 esset
987 1329 1230 1394 insitum,
1258 1346 1364 1385 non
1395 1331 1620 1384 excitari
1647 1329 1713 1383 ad
1741 1328 2123 1398 cupiditatem;

571 1395 760 1488 posset
793 1421 918 1490 quis
941 1421 996 1474 in
1028 1421 1316 1490 impudicis
1343 1421 1572 1476 liberare
1598 1423 1859 1476 rationem
1889 1436 1917 1474 a
1945 1420 2127 1474 crimi-

573 1511 757 1574 nibus,
787 1513 943 1580 quasi
969 1514 1241 1582 cupiditas
1273 1516 1535 1568 rationem
1567 1530 1632 1569 ex
1664 1522 1778 1569 toto
1810 1513 1876 1566 ab
1900 1511 2127 1566 actioni-

573 1603 676 1658 bus
723 1611 1014 1668 averteret,
1065 1621 1226 1674 quam
1280 1606 1628 1676 cupiditatem
1685 1606 1775 1659 ille
1825 1604 1959 1658 dicit
2005 1617 2126 1657 esse

573 1707 639 1747 ex
676 1701 830 1761 parte
875 1695 1022 1750 mali.
1071 1693 1176 1749 Sed
1208 1697 1252 1751 si
1281 1698 1404 1766 quis
1435 1697 1663 1751 maxime
1705 1697 1844 1766 apud
1895 1711 1988 1749 cos
2030 1694 2121 1762 qui

2233 528 2388 580 μενα.

2282 688 2402 742 Καὶ
2433 683 2567 756 πρὸς
2613 679 2916 736 τούναντίον
2955 675 3186 730 ἐνταῦθα
3215 675 3379 745 χωρεῖ
3417 670 3522 724 τῶν
3562 670 3770 722 ἀποδει-

2227 784 2500 852 κνυμένων
2547 775 2624 846 τῷ
2675 775 2910 829 Μάνεντι
2969 768 3150 832 κακῶς
3199 769 3232 837 ἡ
3283 765 3523 832 ἐξέτασις
3553 779 3564 790 ’
3620 762 3768 814 οὐδὲν

2224 875 2331 944 γὰρ
2359 873 2454 942 τῆς
2495 870 2645 940 ὕλης,
2678 867 2752 930 ὡς
2780 865 2972 926 ἔοικεν,
3011 865 3066 915 ἐν
3105 862 3212 922 τοῖς
3256 857 3372 912 καθ’
3416 857 3562 926 ἡμᾶς
3596 853 3772 923 ἀμάρ-

2224 985 2393 1037 τημα,
2433 963 2565 1017 ἀλλά
2585 961 2684 1030 τῆς
2719 957 2898 1028 ψυχῆς
2941 955 2972 1024 ἧ
3015 953 3106 1007 τοῦ
3138 951 3338 1021 ταύτης
3369 945 3695 1015 λογιστικοῦ,
3733 945 3768 1015 ἢ

2225 1063 2286 1129 τῇ
2320 1056 2411 1110 τοῦ
2444 1052 2643 1124 ἀγαθοῦ
2679 1051 2840 1122 μοίρᾳ
2867 1047 3103 1118 προσῆκε
3137 1045 3250 1115 μετ’
3283 1045 3502 1095 ἐκεῖνον.

2295 1231 2437 1303 Πρὸς
2458 1231 2531 1283 αδέ
2578 1228 2813 1289 τούτοις,
2869 1227 2914 1277 εί
2961 1226 3074 1284 τοῖς
3120 1219 3461 1290 σωφροσύνην
3510 1216 3774 1273 ἀσκοῦσιν

2225 1326 2476 1392 ἀκίνητον
2511 1321 2814 1374 συνέϐαινεν
2849 1315 2984 1371 εἶναι
3019 1315 3117 1386 τὴν
3156 1313 3268 1378 ’ἐξιν
3297 1311 3427 1380 πρὸς
3460 1309 3774 1378 ἐπιθυμίαν,

2223 1414 2528 1487 ἀπήλλαξεν
2559 1413 2622 1466 ἀν
2647 1429 2730 1474 τις
2759 1410 2907 1482 παρά
2937 1411 3048 1470 τοῖς
3076 1403 3513 1459 ἀκολασταίνωσι
3553 1401 3663 1452 τῶν
3693 1401 3780 1466 ἐγ-

2224 1507 2515 1576 κλημάτων
2547 1505 2636 1556 τὸν
2669 1501 2943 1570 λογισμὸν,
2989 1499 3063 1560 ὼς
3098 1499 3195 1566 τῆς
3241 1493 3529 1564 ἐπιθυμίας
3560 1491 3619 1544 τὺ
3656 1489 3777 1542 ὅλον

2223 1596 2632 1666 ἀποφερομένης
2673 1593 2779 1645 τῶν
2824 1589 3222 1662 πραττομένων,
3255 1588 3318 1656 ἦν
3364 1585 3428 1638 ἂν
3469 1585 3677 1645 ἐκεῖνος
3714 1585 3780 1634 ἐκ

2222 1692 2320 1760 τῆς
2353 1689 2443 1743 τοῦ
2474 1687 2638 1742 κακοῦ
2672 1685 2882 1757 μερίδος
2914 1683 3045 1752 φαίη
3071 1679 3369 1749 τυγχάνειν.
3400 1677 3462 1729 Εί
3491 1676 3549 1729 δέ
3580 1692 3642 1743 γε
3677 1674 3782 1744 μά-

574 1785 889 1854 pudicitiam
939 1764 1359 1858 amplectuntur,
1402 1790 1500 1843 hac
1539 1791 1622 1843 via
1664 1797 1716 1843 et
1742 1764 1970 1842 ratione
2003 1801 2121 1841 eam

2225 1783 2376 1833 λιστα
2421 1777 2570 1848 παρά
2599 1779 2707 1837 τοῖς
2742 1773 3083 1844 σωφροσύνης
3110 1768 3561 1837 ἀντιποιουμένοις
3604 1764 3780 1835 ταύτῃ

567 1877 753 1933 colere
785 1880 1039 1950 reperiat,
1074 1882 1217 1950 quod
1254 1882 1330 1935 illi
1372 1881 1696 1951 cupiditates
1730 1889 1935 1934 naturae
1960 1880 2124 1934 ratio-

572 1983 640 2022 ne
667 1968 879 2024 frenant
907 1979 959 2025 et
988 1972 1242 2026 cohibent
1278 1993 1292 2026 :
1327 1974 1608 2043 perspicue
1637 1973 2000 2037 concluditur,
2034 1985 2124 2024 ra-

572 2059 775 2114 tionem
818 2076 940 2116 esse
980 2078 1101 2132 quae
1141 2062 1408 2134 delinquit
1447 2073 1499 2117 et
1531 2064 1784 2118 virtutem
1819 2064 1970 2122 colit.
2003 2077 2122 2131 quae

572 2161 860 2222 utrumque
891 2161 944 2208 et
965 2155 1214 2209 virtutem
1243 2163 1296 2210 et
1323 2155 1510 2209 vitium
1537 2157 1702 2210 novit.
1737 2155 1914 2220 Quare
1942 2161 2121 2207 autem

572 2241 735 2296 insita
768 2245 927 2300 nobis
959 2247 1028 2300 sit
1055 2255 1397 2316 peccatorum
1419 2246 1708 2316 cupiditas,
1737 2247 1976 2300 dicemus
1998 2260 2120 2298 cum

569 2333 676 2388 erit
713 2345 1096 2406 opportunum.
1123 2338 1383 2393 docentes
1403 2378 1417 2403 ,
1461 2339 1730 2408 pertinere
1760 2339 1861 2392 hoc
1892 2341 2122 2390 maxime

571 2425 637 2481 ad
663 2426 1072 2482 admirationem
1103 2427 1394 2486 Creatoris.

2224 1874 2283 1926 τὸ
2303 1869 2591 1941 ἀσκητικὸν
2623 1867 2768 1937 εὖροι
2810 1883 2890 1927 τις
2918 1864 3002 1926 ἂν,
3031 1864 3112 1915 ὅτι
3158 1859 3397 1930 λογισμῷ
3436 1860 3534 1929 τῆς
3565 1855 3781 1926 φύσεως

2227 1963 2490 2019 κωλύουσι
2522 1960 2620 2023 τὰς
2667 1957 2955 2027 ἐπιθυμίας
2980 1973 2992 1986 ·
3044 1954 3227 2024 σαφῶς
3266 1952 3670 2013 ἀποδείκνυται,
3707 1950 3781 2012 ὡς

2225 2059 2252 2109 6
2285 2053 2537 2124 λογισμός
2572 2053 2717 2102 ἐστιν
2747 2052 2774 2102 6
2806 2047 3133 2119 πλημμελῶν
3172 2063 3228 2098 τε
3260 2044 3361 2121 ,καὶ
3399 2042 3708 2112 κατορθῶν,
3753 2043 3781 2093 6

2227 2148 2460 2217 ἐκάτερα
2489 2143 2660 2206 εἰδὼς.
2698 2143 2894 2212 ἀρετήν
2922 2157 2979 2192 τε
3012 2138 3104 2190 καὶ
3135 2136 3346 2189 κακίαν.
3378 2133 3472 2186 Διά
3508 2133 3562 2184 τί
3597 2132 3780 2203 μέντοι

2226 2241 2459 2311 ἔμφυτος
2498 2239 2624 2306 ἡμῖν
2667 2235 2773 2286 τῶν
2809 2231 3213 2302 ἁμαρτημάτων
3244 2230 3274 2297 ἡ
3309 2225 3592 2295 ἐπιθυμία,
3641 2224 3781 2276 κατά

2227 2332 2409 2402 καιρὸν
2453 2329 2700 2402 ἐροῦμεν,
2753 2323 3158 2384 ἀποδεικνύντες
3211 2337 3270 2387 γε
3330 2317 3482 2372 τοῦτο
3545 2317 3781 2387 μάλιστα

2232 2423 2514 2476 συντείνειν
2547 2424 2622 2482 είς
2651 2419 2827 2488 θαῦμα
2855 2415 2945 2469 τοῦ
2979 2415 3470 2486 δημιουργήσαντος

1507 2547 1634 2601 (Συ.
1676 2543 1910 2598 XXVIII.
1945 2541 2291 2611 Conﬁrmatio
2321 2538 2533 2608 hujusce
2564 2536 2837 2590 doctrinae.

641 2655 793 2723 Quod
820 2667 997 2714 autem
1034 2677 1178 2715 nunc
1204 2663 1483 2732 qu:eritur,
1529 2663 1574 2717 si
1618 2678 1722 2717 non
1767 2662 1900 2716 satis
1933 2659 2120 2715 conte-

571 2756 716 2802 ctum
751 2759 855 2813 est,
881 2752 1029 2807 nullo
1063 2752 1222 2806 modo
1245 2761 1463 2822 peccata
1492 2763 1673 2808 nostra
1697 2768 1817 2807 esse
1844 2767 1980 2821 opus
2017 2752 2118 2804 ali-

571 2840 730 2908 cujus
767 2843 1008 2897 materite
1047 2851 1139 2897 aut
1178 2845 1452 2913 nequitia),
1491 2845 1583 2899 sed
1618 2854 1807 2899 contra
1835 2844 2004 2898 solius
2035 2858 2122 2895 ra-

571 2933 781 3000 tionis;
817 2934 943 2987 licet
978 2935 1143 2989 etiam
1187 2936 1342 2991 aliter
1385 2935 1706 2991 conﬁrmare
1744 2936 1884 3006 quod
1916 2936 2118 2990 dictum

570 3031 673 3078 est.
709 3023 789 3077 An
823 3023 968 3078 aliud
991 3025 1118 3094 quid
1156 3026 1336 3081 dicere
1367 3035 1591 3096 possunt
1626 3040 1746 3080 esse
1774 3024 2119 3078 homicidium

571 3133 737 3187 quam
778 3117 1000 3180 malum,
1044 3125 1096 3172 et
1135 3119 1516 3173 scortationem
1569 3125 1730 3187 atque
1774 3117 2119 3180 adulterium,

570 3217 624 3262 et
666 3207 890 3272 furtum,
928 3216 983 3264 et
1031 3209 1404 3264 mendacium?
1439 3209 1495 3263 Si
1539 3226 1643 3264 non
1683 3209 1827 3263 aliud
1873 3215 2121 3279 possunt,

570 3301 918 3369 perspicuum
965 3307 1050 3355 est
1101 3300 1244 3370 quod
1277 3301 1414 3352 mala
1455 3308 1635 3356 erunt.
1668 3299 1838 3366 Quid?
1877 3301 1921 3354 si
1958 3299 2122 3369 judex

569 3389 772 3444 occidit
811 3405 935 3446 eum
969 3391 1061 3460 qui
1112 3391 1365 3459 injuriam
1411 3391 1558 3454 fecit,
1594 3391 1769 3447 caedes
1807 3391 1968 3463 igitur
2013 3392 2124 3461 lege

574 3480 862 3534 sancitur?
907 3480 1070 3551 Atqui
1112 3482 1252 3537 idem
1295 3482 1475 3546 eﬂlcit,
1505 3484 1594 3553 qui
1633 3483 1864 3538 violente
1901 3483 2120 3547 occidit,

568 3580 622 3623 et
669 3571 760 3639 qui
805 3571 919 3640 lege
965 3591 978 3625 :
1040 3572 1133 3627 sed
1171 3573 1501 3641 propositum
1553 3572 1836 3642 distinguit
1897 3573 2117 3625 factum.

549 3659 711 3726 “Quin
744 3663 925 3732 potius
949 3663 1136 3718 eadem
1173 3673 1257 3720 est
1304 3665 1446 3718 actio
1472 3665 1611 3733 ejus,
1641 3665 1732 3734 qui
1761 3680 1884 3718 cum
1919 3680 2036 3725 sua,
2068 3670 2123 3718 et

569 3751 662 3819 qui
695 3767 818 3805 cum
853 3753 1026 3806 aliena
1051 3769 1108 3808 se
1131 3755 1321 3810 miscet
1349 3773 1362 3819 ;
1397 3755 1488 3809 scil
1517 3755 1849 3824 propositum
1884 3764 2119 3824 separat,

568 3858 689 3912 quae
716 3844 969 3900 similiter
1000 3845 1139 3898 facta
1172 3848 1315 3900 sunt.

637 3933 900 3989 Praeterea
929 3935 1096 3989 furari
1127 3953 1156 3989 a
1182 3936 1478 3991 Maniclizeo
1499 3953 1620 4008 quae
1650 3946 1777 3992 sunt
1808 3937 1949 4006 apud
1971 3952 2116 3994 eum.

572 4026 658 4080 vel
709 4026 1090 4088 instrumenta,
1137 4029 1216 4081 vel
1263 4028 1434 4090 cibos,
1501 4043 1679 4082 annon
1720 4029 1932 4081 videtur
1980 4026 2121 4080 idem

567 4132 707 4187 Opus
747 4133 870 4173 esse
913 4126 1074 4187 atque
1114 4117 1315 4173 furtum
1348 4121 1698 4176 criminosum
1750 4121 1967 4174 facere?
2010 4137 2118 4174 non

569 4218 750 4264 tamen
807 4211 1018 4264 ratione
1062 4210 1204 4265 idem
1259 4219 1381 4277 est,
1437 4211 1531 4266 sed
1580 4212 1792 4281 penitus
1848 4211 2118 4266 ditl‘erens.

569 4300 771 4356 Deinde
805 4301 852 4355 si
886 4300 1073 4357 furens
1102 4302 1262 4356 homo
1290 4302 1538 4372 gladium
1571 4310 1799 4372 repetat,
1833 4317 1990 4371 quem
2027 4301 2120 4355 de-

2297 2657 2368 2709 Τὸ
2403 2656 2496 2708 νῦν
2532 2654 2586 2707 δὲ
2621 2652 2942 2723 ζητούμενον
2984 2649 3094 2716 εἴγε
3140 2647 3212 2718 μὴ
3253 2646 3540 2715 αὐτάρκως
3582 2646 3784 2700 ἀποδέ-

2223 2749 2449 2810 δεικται,
2477 2747 2551 2809 ὡς
2579 2743 2825 2814 οὐδαμῶς
2863 2741 2993 2810 ὕλης
3019 2739 3160 2802 τινος
3202 2738 3234 2806 ἢ
3282 2736 3476 2798 κακίας
3519 2736 3671 2788 ἐστὶν
3699 2736 3786 2806 ἕρ-

2223 2857 2317 2908 γον
2347 2839 2414 2891 τὰ
2445 2837 2686 2908 ἡμέτερα
2735 2833 3190 2904 πλημμελήματα,
3233 2828 3536 2882 τούναντίον
3588 2827 3646 2880 δὲ
3701 2827 3787 2896 μό-

2227 2949 2315 2985 νου
2357 2929 2449 2983 τοῦ
2481 2926 2766 2998 λογισμοῦο
2805 2926 2978 2979 ἔνεστι
3011 2923 3118 2995 γὰρ
3162 2923 3253 2974 καὶ
3291 2921 3488 2990 ἑτέρως
3521 2921 3784 2988 συστῆναι

2225 3020 2301 3092 τῷ
2332 3019 2602 3090 λεγομένῳ
2628 3035 2640 3048 ο
2673 3013 2779 3087 ἆρα
2817 3017 2888 3087 μή
2917 3033 2969 3067 τι
3001 3014 3126 3068 ἄλλο
3163 3014 3386 3083 φήσαιεν
3431 3005 3569 3062 εἶναι
3599 3010 3784 3078 φόνον,

2225 3114 2257 3184 ἢ
2303 3112 2489 3174 κακὸν,
2541 3110 2794 3182 πορνείαν
2826 3125 2882 3160 τε
2922 3107 3015 3160 καὶ
3057 3103 3316 3176 μοιχείαν,
3353 3102 3560 3172 κλοπήν
3599 3119 3660 3154 τε
3694 3103 3785 3153 καὶ

2220 3204 2410 3274 ψεῦδος
2441 3220 2454 3268 ;
2490 3201 2675 3272 Δῆλον,
2724 3200 2797 3263 ὡς
2845 3198 2996 3250 ἔσται
3051 3199 3280 3268 μάλιστα
3316 3194 3501 3247 κακία.
3545 3193 3610 3246 Τί
3658 3189 3781 3258 ούνς

2222 3298 2315 3351 ἐάν
2349 3299 2376 3349 6
2397 3294 2650 3365 δικαστὴς
2676 3294 2870 3364 ἀναιρῇ
2917 3291 3005 3344 τὸν
3045 3291 3334 3360 ἠδικηκότα
3365 3288 3656 3357 φονεύσας,
3693 3287 3784 3356 φό-

2221 3406 2309 3450 νος
2340 3384 2448 3458 ἆρα
2475 3384 2788 3455 νομισθείη;
2817 3383 2989 3438 καίτοι
3020 3383 3079 3435 τὸ
3110 3381 3264 3452 ἔργον
3291 3379 3484 3432 ταύτὸν
3519 3378 3613 3430 τοῦ
3648 3378 3783 3449 πρὸς

2223 3479 2342 3548 βίαν
2374 3476 2703 3546 φονεύοντος,
2751 3474 2845 3526 καὶ
2892 3472 2984 3525 τοῦ
3024 3472 3170 3540 νόμῳ
3216 3467 3599 3538 ἀναιροῦντοςο
3653 3469 3684 3516 6
3728 3468 3783 3519 δὲ

2223 3568 2420 3630 σκοπὸς
2452 3567 2683 3638 διίστησι
2719 3567 2777 3618 τὸ
2816 3563 3206 3635 πραττόμενον.
3254 3559 3414 3611 Ἀλλὰ
3456 3559 3552 3611 καὶ
3597 3558 3704 3629 μὴν
3749 3560 3780 3626 ἠ

2221 3661 2358 3731 αὐτὴ
2389 3660 2584 3731 πρᾶξις
2612 3658 2748 3729 πρὸς
2775 3661 2870 3729 τὴν
2903 3657 3035 3709 ἰδίαν
3064 3671 3121 3706 τε
3151 3653 3242 3706 κα)⁸
3274 3651 3561 3721 ἀλλοτρίαν
3587 3650 3667 3719 τῷ
3691 3651 3781 3701 ἀν-

2220 3750 2305 3820 δρὶ
2329 3752 2424 3819 τῆς
2457 3749 2768 3809 κοινωνίας·
2807 3750 2835 3799 6
2867 3746 2922 3798 δέ
2949 3743 3201 3812 λογισμὸς
3235 3739 3457 3809 χωρίζει
3477 3737 3556 3806 τῷ
3594 3735 3780 3807 σκοπῷ

2219 3841 2287 3894 τὰ
2318 3841 2704 3912 παραπλησίως
2731 3839 3002 3908 γινόμενα.

2295 3935 2411 3986 Ἔτι
2446 3934 2550 4004 μὴν
2583 3933 2643 3985 τὸ
2674 3932 2864 4000 κλέψαι
2909 3929 3056 4001 παρά
3092 3929 3184 3983 τοῦ
3234 3931 3504 3992 Μάνεντος
3537 3931 3604 3982 τὰ
3639 3930 3778 4000 πρὸς

2221 4027 2508 4097 ἐπιϐουλὴν
2552 4025 2699 4096 αὐτῷ
2751 4025 3209 4097 παρακείμενα,ἢ
3262 4025 3591 4096 ἐργαλεῖα,ῆ
3636 4025 3773 4093 ὄψα,

2222 4120 2337 4182 πῶς
2369 4120 2466 4172 οὐκ
2497 4118 2562 4171 ἂν
2611 4117 2777 4182 δόξειε
2819 4117 3009 4171 ταύτόν
3052 4134 3114 4185 γε
3140 4113 3276 4170 εἶναι
3306 4118 3362 4168 τὸ
3399 4116 3552 4186 ἔργον
3587 4115 3772 4188 κλοπῇ

2219 4215 2284 4282 τῇ
2329 4209 2755 4280 διαϐεϐλημένῃς
2807 4209 2866 4261 οὐ
2922 4209 3099 4278 μέντοι
3149 4208 3338 4261 ταύτὸν
3379 4208 3452 4277 τῷ
3481 4207 3773 4277 λογισμῷ,

2221 4304 2355 4358 ἀλλά
2395 4303 2566 4372 πάντη
2617 4301 2886 4372 διάφορον.
2919 4300 3061 4370 Πρὸς
3091 4300 3149 4352 δὲ
3188 4301 3390 4363 τούτοις
3422 4302 3466 4352 εί
3507 4299 3780 4372 ἀπαιτοίη

568 4394 746 4461 posuit
782 4408 926 4450 sanae
949 4394 1146 4448 mentis
1180 4409 1302 4448 cum
1329 4403 1492 4456 esset,
1523 4404 1579 4448 ut
1612 4411 1832 4450 necesse
1859 4395 1928 4448 sit
1957 4395 2004 4449 ci
2032 4394 2117 4449 cui

2226 4397 2412 4468 μανεὶς
2456 4395 2737 4464 ἅνθρωπος
2767 4395 2948 4462 ξίφος,
2983 4395 3117 4465 ὅπερ
3159 4395 3418 4467 παρέθετο
3447 4396 3664 4465 νήσων,
3700 4396 3781 4460 ὡς

566 4485 919 4540 commissum
960 4495 1039 4540 est
1085 4486 1388 4556 depositum
1442 4488 1656 4541 mentiri
1701 4502 1804 4540 non
1857 4502 1915 4541 se
1959 4500 2115 4540 acce-

567 4577 732 4645 pisse,
762 4577 890 4646 quid
929 4576 1105 4633 verbis
1145 4576 1322 4631 diﬂ'ert
1357 4577 1693 4632 mendacium
1725 4593 1755 4630 a
1802 4592 1926 4631 vera
1955 4576 2111 4645 perﬁ-

564 4669 674 4733 dia,
707 4670 812 4725 nisi
836 4672 1114 4741 proposito
1149 4673 1572 4728 asseverantium
1602 4671 2028 4725 discernantur?

635 4849 707 4905 Ex
740 4853 823 4908 his
855 4853 1018 4923 igitur
1050 4863 1196 4925 patet
1243 4858 1508 4913 actionem
1564 4867 1622 4911 ut
1670 4855 1959 4926 plurimum
2010 4869 2116 4908 non

566 4958 660 5014 per
716 4959 775 4999 se
828 4947 1134 5016 explorari,
1179 4949 1274 5004 sed
1311 4958 1543 5004 mentem
1595 4949 1677 5002 vel
1735 4947 2116 5016 cogitationem

561 5030 682 5096 ejus
713 5033 805 5100 qui
832 5035 1094 5105 suscepit.
1126 5035 1322 5091 Eadem
1357 5039 1498 5092 ratio
1528 5039 1580 5092 in
1623 5038 1916 5092 contrariis
1961 5051 2118 5105 repe-

560 5123 658 5176 riri
693 5134 891 5193 potest.
943 5126 999 5181 Si
1043 5127 1166 5198 quis
1191 5129 1334 5184 enim
1371 5131 1652 5199 pecuniam
1675 5130 1756 5184 vel
1801 5130 2116 5184 alimentum

559 5213 833 5285 impertiat
861 5221 1062 5290 egenti,
1095 5239 1204 5278 non
1238 5235 1295 5278 ut
1329 5225 1403 5278 illi
1438 5223 1667 5292 benigne
1706 5222 1885 5285 faciat,
1928 5222 2021 5277 sed
2061 5229 2119 5274 ut

558 5306 775 5365 laudem
804 5323 991 5364 eorum
1013 5313 1105 5382 qui
1126 5313 1309 5368 vident
1343 5321 1678 5382 aucupetur;
1711 5327 1890 5366 nonne
1913 5312 2120 5382 perspi-

557 5412 722 5452 cuum
757 5410 840 5455 est
873 5400 1073 5457 factum
1105 5405 1322 5475 quidem
1353 5421 1475 5461 esse
1496 5405 1921 5476 pulcherrimum
1950 5413 2002 5460 et
2025 5405 2112 5460 be-

556 5489 804 5559 nignum,
828 5495 1163 5565 propositum
1198 5506 1374 5553 tamen
1402 5498 1558 5554 valde
1608 5498 1811 5552 humile
1858 5506 1912 5552 et
1939 5498 2118 5552 crimi-

560 5584 796 5636 nosum?
826 5585 880 5638 Si
913 5588 1036 5656 quis
1078 5589 1284 5658 prolixe
1305 5599 1554 5657 precetur
1591 5596 1644 5644 et
1692 5588 2002 5659 frequenter
2036 5589 2120 5657 je-

552 5671 732 5746 junet,
764 5678 1073 5750 religionem
1119 5689 1170 5736 et
1220 5683 1554 5743 tolerantiam
1594 5683 1905 5740 hominibus
1937 5691 2119 5738 osten-

2222 4489 2511 4555 ἀναγκαῖον
2538 4483 2673 4540 εἶναι
2695 4486 2771 4555 τῷ
2800 4486 3175 4556 ὑποδεξαμένῳ
3202 4486 3502 4554 ψεύσασθαι
3531 4488 3604 4558 μὴ
3635 4487 3781 4558 είληο

2222 4579 2408 4648 φέναι·
2452 4577 2592 4630 κατά
2645 4577 2696 4629 τί
2725 4576 2791 4630 ἂν
2827 4577 3068 4646 διαφέροι
3095 4579 3207 4639 τοῖς
3239 4579 3446 4647 ῥήμασι
3491 4578 3552 4629 τὸ
3587 4578 3780 4646 ψεῦδος

2222 4672 2356 4738 πρὸς
2388 4670 2484 4740 τὴν
2516 4670 2682 4731 ὅντως
2711 4668 3118 4738 ἀγνωμοσύνην,
3144 4671 3189 4720 εί
3227 4669 3300 4739 μὴ
3326 4668 3404 4738 τῷ
3444 4670 3633 4740 σκοπῷ
3662 4671 3776 4723 δια-

2222 4765 2456 4835 κρίνοιτο
2482 4763 2588 4814 τῶν
2614 4761 3032 4832 ίσχυριζομένων
3057 4779 3071 4824 ;

2291 4855 2455 4926 Δῆλον
2485 4851 2766 4924 τοιγαροῦν
2801 4855 2863 4906 ἐκ
2895 4854 3126 4916 τούτων,
3157 4853 3233 4916 ὡς
3257 4854 3374 4906 οὐδὲ
3414 4858 3447 4925 ή
3482 4856 3676 4927 πρᾶξις
3702 4856 3774 4920 ὡς

2220 4949 2311 5000 ἐπὶ
2341 4948 2472 5000 πολὺ
2513 4947 2630 4999 καθ’
2679 4945 2873 5016 ἑαυτὴν
2920 4944 3303 5015 δοκιμάζεται,
3496 4949 3530 5016 ἡ
3573 4947 3777 5000 διάνοια

2221 5040 2313 5092 καί
2337 5041 2365 5091 6
2391 5037 2644 5107 λογισμὸς
2681 5035 2773 5088 τοῦ
2804 5036 3105 5106 μετιόντος·
3146 5034 3293 5105 εὖροι
3326 5035 3434 5106 γὰρ
3464 5037 3530 5089 ἄν
3566 5054 3648 5101 τις
3688 5038 3778 5089 καὶ

2221 5134 2278 5184 ἐν
2302 5133 2413 5193 τοῖς
2449 5129 2706 5190 ἐναντίοις
2739 5127 2828 5180 τὸν
2869 5127 3027 5181 αὑτὸν
3069 5127 3242 5193 λόγον.
3291 5129 3354 5180 El
3376 5129 3487 5198 γὰρ
3521 5130 3776 5199 μεταδοίη

2215 5239 2299 5285 τις
2336 5221 2628 5292 χρημάτων
2671 5219 2702 5288 ἦ
2749 5219 2950 5289 τροφῆς
2994 5218 3070 5288 τῷ
3108 5220 3403 5288 πενομένῳ,
3431 5220 3533 5272 οὐκ
3578 5223 3778 5273 ἐκεῖνον

2221 5313 2810 5385 φιλανθρωπευόμενος,
2835 5311 2924 5364 τὸν
2949 5313 3003 5364 δὲ
3037 5312 3186 5383 παρά
3209 5314 3315 5365 τῶν
3353 5312 3608 5384 ὁρώντων
3628 5315 3777 5366 ἔπαι-

2219 5423 2308 5459 νον
2339 5402 2650 5476 θηρώμενος
2675 5421 2687 5433 ·
2718 5403 2834 5466 πῶς
2858 5404 2918 5456 ού
2953 5403 3128 5472 δῆλον,
3154 5403 3227 5466 ὼς
3250 5403 3310 5455 τὸ
3333 5403 3431 5474 μέν
3459 5403 3623 5475 ἔργον
3655 5401 3777 5457 κάλ-

2219 5499 2396 5552 λιστον
2427 5500 2521 5552 καὶ
2561 5496 2957 5568 φιλάνθρωπον,
2995 5498 3022 5548 6
3053 5495 3109 5548 δὲ
3144 5495 3340 5555 σκοπὸς
3379 5494 3497 5548 λίαν
3527 5491 3777 5555 ταπεινὸς

2221 5593 2312 5644 καὶ
2343 5590 2791 5660 διαϐεϐλημένος;
2836 5591 2898 5642 Εἰ
2931 5588 2989 5641 δέ
3023 5605 3106 5651 τις
3145 5588 3236 5641 καὶ
3283 5588 3636 5658 προσεύχοιτο
3673 5604 3776 5657 μα-

2224 5682 2348 5756 κρὰ,
2383 5682 2474 5734 καὶ
2507 5679 2749 5754 νηστεύοι
2782 5680 2978 5744 πυκνὰ,
3013 5678 3315 5752 ἀνθρώποις
3352 5678 3636 5734 εύλάὁειαν
3669 5679 3783 5748 ἃμα
