4008 6208
249 231 389 289 “09

1341 238 1713 313 ADVERSUS
1753 238 2175 298 MANICHEOS
2213 237 2343 295 LIB.
2383 237 2426 294 1.

3357 232 3492 289 tito

245 348 340 401 κάὶ
381 322 679 420 καρτερίαν
719 342 1186 423 ἐπιδεικνύμενος·
1233 350 1476 428 εὔδηλον,
1519 356 1594 421 ὡς
1625 358 1684 411 ού
1729 357 1821 414 διὰ

1930 367 2063 427 Lans,
2094 358 2265 429 liquet
2295 371 2407 411 non
2440 368 2563 410 esse
2591 361 2816 424 propter
2843 365 2984 421 opus
3019 348 3371 410 laudandum,
3399 346 3494 403 sed

243 440 307 493 τὸ
334 439 495 512 ἔργον
523 441 586 494 ἂν
610 442 835 507 εἰκότως
862 445 1193 519 ὲπαινεθείη,
1227 447 1318 502 διὰ
1341 448 1398 502 δὲ
1432 448 1523 505 τὸν
1558 448 1682 505 νοῦν
1705 451 1815 505 τῶν

247 534 637 606 πραττομένων
684 536 934 611 ψεχθείη.
978 539 1052 592 Οὐ
1093 539 1198 611 μὴν
1242 540 1355 594 ἀλλ’
1408 542 1461 594 εἴ
1511 559 1595 606 τις
1632 543 1817 613 ἔτερος

248 626 576 698 σωφρονοίη,
599 628 821 682 καὶτῶν
843 647 905 699 γε
935 630 1192 687 πλειόνων
1216 632 1515 706 ὲπιθυμιῶν
1535 635 1815 707 ἀπέχοιτο,

244 719 310 771 οὐ
367 715 520 790 πόθῳ
578 720 679 791 τῆς
728 721 970 792 ἀρετῆς,
1020 711 1194 793 ᾄειδοί
1224 724 1281 777 δὲ
1337 726 1662 797 χρημάτων
1718 728 1818 782 οὐκ

245 809 488 881 εὔδηλον,
520 812 596 876 ὡς
616 814 644 865 ὁ
671 813 910 879 τοιοῦτος
929 814 1017 869 διὰ
1042 816 1211 882 πάθος
1235 818 1425 873 παθῶν
1450 819 1651 892 ἑτέρων
1683 837 1818 891 κρα-

245 906 352 966 τεῖ,
377 904 547 975 αὐτὴν
573 903 634 975 δὴ
661 905 760 976 τὴν
792 906 934 960 κατά
957 908 1018 961 τὸ
1043 909 1360 981 φαινόμενον
1379 911 1676 984 καρτερίαν
1697 912 1818 965 ἀντὶ

246 995 446 1059 κακίας
471 994 547 1066 τῷ
570 995 756 1067 σκοπῷ
785 999 1212 1071 μετερχόμενος;

316 1167 381 1220 Ei
400 1167 580 1221 τοίνυν
604 1168 862 1235 πολλάκις
884 1170 977 1226 καὶ
1000 1172 1069 1227 τὰ
1091 1173 1420 1246 νομιζόμενα
1435 1175 1582 1230 κακά
1610 1178 1673 1248 τῇ
1700 1176 1817 1231 δια-

244 1258 365 1331 νοίᾳ
378 1258 473 1314 τοῦ
490 1260 820 1332 πράττοντος
849 1263 1029 1333 ἀγαθὰ
1046 1265 1421 1337 ἀναφαίνεται,
1441 1269 1473 1340 ἢ
1498 1269 1630 1341 μηδὲ
1648 1268 1814 1338 κακὰ,

245 1351 341 1403 καὶ
357 1352 668 1407 τούναντίον
687 1353 757 1408 τὰ
776 1355 869 1425 ἐπὶ
883 1356 943 1409 τὺ
966 1355 1171 1426 βέλτιον
1187 1358 1565 1431 ύπειλημμένα
1581 1360 1656 1425 ὡς
1672 1361 1819 1415 κακὰ

244 1440 578 1512 διελέγχεται
603 1448 668 1516 τῇ
696 1446 903 1517 αἱρέσει
931 1450 1027 1502 καὶ
1059 1448 1136 1520 τῷ
1175 1450 1361 1523 σκοπῷ
1386 1450 1480 1505 τοῦ
1511 1452 1813 1523 μετιόντος’

246 1532 331 1598 τίς
359 1533 426 1588 ἂν
461 1534 540 1589 ἔτι
568 1536 753 1592 λοιπὸν
778 1539 1081 1611 ἀντιλέγειν
1114 1541 1248 1612 ἔχοι,
1272 1542 1348 1608 ὡς
1379 1544 1477 1615 οὐχ
1506 1547 1561 1598 αἱ
1592 1545 1820 1617 πράξεις

245 1625 325 1689 ὡς
362 1627 455 1681 ἐπὶ
481 1629 615 1682 πολὺ
646 1630 800 1703 παρά
825 1649 887 1701 γε
912 1636 977 1705 τῇ
1005 1632 1231 1707 ἀληθείᾳ
1270 1634 1675 1706 δοκιμάζονται,
1706 1638 1734 1690 ὁ
1760 1636 1824 1690 δὲ

246 1716 371 1784 νοῦς
397 1721 512 1773 ἐστι
539 1721 648 1775 τῶν
676 1724 1062 1797 πραττομένων
1093 1729 1122 1781 ὁ
1148 1726 1600 1799 βασανιζόμενοςς

318 1899 453 1952 Ποῖα
471 1899 648 1954 τοίνυν
675 1901 812 1975 ἔργα
834 1906 901 1978 τῇ
922 1905 1089 1977 κακίᾳ
1117 1904 1477 1977 λογιούμεθα;
1511 1905 1577 1960 τὰ
1602 1904 1819 1960 δοκοῦν-

244 2008 317 2045 τα
343 1989 479 2048 εἶναι
513 1995 678 2061 κακὰ,
709 1996 852 2069 άπερ
880 2000 1026 2054 ἐστὶν
1059 1999 1257 2070 ἀγαθὰ,
1272 2002 1359 2055 ὅτε
1387 2000 1589 2073 ἀρετῆς
1616 2000 1819 2073 διανοίᾳ

246 2084 581 2156 πράττεται;
614 2091 749 2144 Ποῖα
784 2090 841 2145 δὲ
868 2090 946 2163 τῷ
970 2092 1158 2164 ἀγαθῷ
1188 2092 1562 2166 ἀναθήσομεν;
1594 2091 1665 2145 τὰ
1690 2107 1816 2161 φαι-

244 2176 447 2248 νόμενα
474 2179 674 2248 ἀγαθά,
713 2180 855 2254 ἆπερ
893 2181 1135 2255 λογισμῷ
1164 2183 1307 2238 κακά
1343 2183 1582 2251 γίνεται;
1610 2181 1817 2236 Οὐκοῦν

242 2269 539 2341 ἀποτόμως
568 2272 822 2346 οὐδέτερα
846 2274 1134 2346 οὐδετέρην
1157 2275 1315 2346 μόνον
1344 2274 1401 2329 δὲ
1424 2274 1486 2329 τὸ
1511 2273 1817 2343 λογιστικὸν

241 2361 345 2413 καὶ
374 2364 844 2434 ἡγεμονικώτατον
878 2365 972 2419 τοῦ
1004 2365 1096 2420 νοῦ
1126 2366 1220 2420 τοῦ
1248 2367 1575 2439 πράττοντος
1612 2366 1819 2438 διακρι-

243 2451 468 2523 νοῦμεν,
502 2455 730 2527 πότερον
759 2456 932 2529 ὀρθῶς
981 2458 1243 2530 μετῆλθεν
1282 2461 1316 2532 ἢ
1364 2459 1438 2532 μὴ
1480 2459 1541 2513 τὸ
1582 2459 1819 2531 πραττό-

245 2561 442 2617 μενον·
471 2547 532 2601 τὸ
554 2548 610 2602 δὲ
633 2549 1104 2621 ἡγεμονικώτατον
1132 2553 1232 2623 τῆς
1260 2550 1353 2606 τοῦ
1389 2550 1677 2625 ἀνθρώπου
1705 2551 1818 2606 δια-

242 2639 421 2704 νοίας,
440 2642 521 2694 ὅτι
542 2643 854 2698 παντάπασι
886 2649 1129 2718 προσῆκε
1157 2646 1297 2700 κατά
1321 2646 1410 2700 τὸν
1436 2645 1643 2701 ἐκείνου
1662 2644 1818 2715 λόγον

240 2733 328 2805 τῷ
355 2734 580 2805 βελτίονι
608 2737 766 2810 μέρει
784 2739 884 2810 τῆς
908 2738 1104 2810 ψυχῆς,
1123 2740 1226 2794 κᾶν
1260 2740 1520 2812 μυριάκις
1545 2740 1819 2812 μαίνοιντο

240 2830 296 2881 οἱ
329 2830 393 2882 ἐκ
419 2829 513 2883 τοῦ
540 2831 836 2899 Μάνεντος,
866 2834 964 2888 οὐκ
996 2833 1062 2888 ἂν
1091 2833 1393 2907 ἀρνηθεῖεν.

323 2917 540 2976 Ἀδικον
568 2914 852 2993 τοιγαροῦν
883 2920 1160 2986 παντελῶς
1183 2922 1363 2994 κρίσιν
1391 2921 1532 2977 κατά
1560 2922 1660 2994 τῆς
1686 2925 1816 2996 παρ’

242 3007 415 3063 αὐτοῦ
445 3011 815 3082 πεποιημένης
844 3011 977 3084 ὕλης
1009 3012 1319 3084 ἐξενήνοχεν
1365 3014 1393 3066 ὁ
1421 3013 1633 3083 Μάνης,
1670 3015 1818 3068 ἀντι-

1922 460 2146 523 propter
2169 457 2407 506 mentem
2437 461 2601 518 quam
2627 445 2681 500 in
2711 447 2780 500 iis
2803 459 2923 516 qum
2956 442 3088 499 fecit
3133 439 3323 495 habuit
3352 440 3492 494 vitu-

1916 542 2241 614 perandum.
2288 538 2598 608 Quinetiam
2646 537 2692 593 si
2732 536 2860 607 quis
2890 535 3031 590 alius
3061 544 3371 595 temperans
3401 530 3493 591 sit,

1916 650 1972 692 et
2013 650 2044 690 a
2090 633 2280 690 multis
2309 630 2705 696 cupiditatibus
2767 628 3038 685 abstineat
3070 640 3178 680 non
3220 620 3495 677 desiderio

1917 727 2159 794 virtutis,
2191 726 2287 782 sed
2317 731 2379 779 ut
2413 722 2654 794 pecunia:
2681 733 2893 792 parcat.
2943 735 3125 774 annon
3156 717 3290 773 satis
3320 714 3496 769 mani-

1918 818 2120 875 festum
2153 825 2239 874 est
2278 817 2427 871 hunc
2454 815 2549 886 qui
2588 813 2668 870 sic
2706 820 2812 878 est,
2839 811 3123 866 aﬂectione
3178 808 3495 866 aﬂectiones

1919 911 2054 966 alias
2080 910 2336 972 vincere,
2388 908 2559 978 ipsam
2596 920 2741 975 vero
2778 903 3121 961 tolerantiam
3173 900 3353 972 specie
3399 913 3495 955 ex-

1919 1004 2193 1060 trinsecus
2228 1008 2524 1072 apparente
2552 1014 2651 1070 pro
2681 996 2925 1068 nequitia
2971 995 3155 1051 animo
3200 1001 3255 1048 et
3289 1005 3493 1063 propo-

1917 1098 2025 1154 sito
2056 1094 2371 1166 suscipere?

1990 1189 2044 1244 Si
2078 1189 2242 1260 igitur
2273 1202 2415 1256 sape
2438 1201 2559 1256 quae
2589 1200 2753 1255 prava
2780 1183 3184 1246 existimantur,
3215 1197 3280 1237 ex
3310 1180 3493 1234 animo

1919 1259 2170 1337 facientis
2199 1280 2431 1335 honesta
2460 1293 2583 1334 esse
2613 1259 2905 1347 apparent;
2936 1274 3019 1329 vel
3041 1288 3162 1345 qua:
3186 1287 3294 1327 non
3326 1284 3492 1342 prava

1917 1373 2323 1434 existimantur,
2357 1370 2452 1427 sed
2505 1377 2701 1425 contra
2735 1369 2919 1440 potius
2970 1367 3198 1429 honesta
3250 1372 3306 1419 et
3350 1364 3493 1445 bona

1917 1472 2201 1536 putantur,
2245 1464 2531 1518 voluntate
2560 1469 2615 1517 et
2628 1458 2930 1532 'pr0posito
2966 1457 3323 1529 suseipientis
3354 1470 3493 1509 con-

1917 1557 2212 1613 vincuntur
2243 1554 2520 1627 nequitia),
2554 1553 2680 1625 quis
2722 1553 2834 1623 jam
2867 1558 3047 1623 potest
3078 1547 3453 1606 contradicere
3476 1585 3492 1607 .

1917 1664 1984 1705 ex
2016 1664 2208 1721 magna
2243 1655 2397 1719 parte
2425 1648 2670 1703 actiones
2714 1660 2823 1701 non
2878 1643 3022 1716 apud
3074 1642 3357 1699 veritatem
3407 1655 3498 1695 ex-

1918 1741 2155 1811 plorari;
2186 1751 2420 1796 mentem
2442 1754 2572 1795 vero
2613 1753 2757 1803 esse,
2792 1753 2915 1809 qua:
2961 1737 3017 1792 in
3057 1735 3130 1792 iis
3154 1749 3276 1806 quae
3322 1747 3496 1805 agun-

1920 1840 2028 1893 tur,
2055 1832 2364 1888 excutitur?

1986 1912 2119 1980 Quae
2141 1914 2306 1985 igitur
2333 1928 2500 1983 Opera
2524 1913 2864 1971 ascribemus
2889 1909 3179 1981 nequitia?
3196 1908 3361 1964 illane
3374 1920 3498 1977 quae

1916 2006 2170 2062 videntur
2193 2007 2355 2073 mala,
2383 2022 2502 2076 quae
2533 2006 2753 2077 quidem
2784 2012 2913 2061 sunt
2939 2005 3105 2065 bona,
3154 1999 3375 2073 quando
3400 2014 3495 2055 ra-

1918 2101 2065 2156 tione
2094 2099 2312 2155 virtutis
2360 2099 2530 2154 ﬁunt?
2585 2100 2716 2166 Qua
2767 2113 2896 2155 vero
2946 2096 3282 2152 asciscemus
3314 2090 3499 2148 bono?

1918 2208 1988 2247 an
2035 2208 2159 2264 quae
2201 2200 2468 2263 apparent
2510 2194 2651 2259 bona
2679 2207 2823 2257 esse,
2855 2205 2976 2261 qum
3021 2187 3240 2259 quidem
3284 2184 3497 2239 ratione

1916 2278 2062 2333 mala
2081 2280 2220 2334 ﬁunt
2241 2278 2265 2332 ’ί
2292 2279 2464 2350 igitur
2480 2288 2672 2336 neutra
2696 2279 2875 2334 neutri
2900 2274 3243 2335 solummodo
3266 2292 3280 2328 :
3315 2272 3496 2328 solum

1915 2370 2208 2435 rationem,
2245 2377 2300 2427 et
2346 2370 2491 2444 quod
2522 2371 2577 2425 in
2618 2380 2798 2426 mente
2829 2369 3098 2436 actionem
3132 2362 3485 2435 suscipientis

1918 2459 2250 2532 praecipuum
2270 2469 2375 2528 est,
2406 2462 2852 2531 dijudicabimns,
2885 2467 3067 2515 utrum
3114 2466 3264 2513 recte
3307 2469 3497 2511 susce-

1916 2553 2019 2624 pit,
2050 2568 2117 2608 an
2146 2570 2328 2611 secus.
2354 2553 2510 2621 Quod
2537 2564 2714 2610 autem
2741 2552 2978 2609 maxime
3023 2548 3319 2622 principale
3342 2563 3498 2603 men-

1915 2648 1987 2704 tis
2017 2647 2254 2704 hominis
2279 2656 2385 2712 est,
2410 2649 2681 2718 pertinere
2718 2647 2787 2702 ad
2814 2645 3092 2701 meliorem
3142 2650 3351 2714 partem
3384 2641 3502 2695 ani.

1917 2753 2054 2801 mre,
2087 2744 2148 2792 ut
2176 2738 2266 2793 ille
2306 2737 2513 2806 tradit,
2564 2738 2690 2793 licet
2746 2736 2957 2792 inﬁnite
3007 2735 3287 2791 insaniant
3320 2732 3498 2788 Mani-

1916 2829 2079 2893 chaei,
2111 2845 2220 2885 non
2248 2837 2480 2901 possunt
2515 2845 2732 2902 negare.

1989 2920 2239 2991 Iniquum
2272 2921 2437 2992 igitur
2475 2920 2741 2991 judicium
2774 2917 3144 2991 pronuntiavit
3169 2915 3500 2972 Manichacus

1916 3022 2109 3067 contra
2138 2994 2421 3068 materiam
2456 3027 2487 3067 a
2532 3028 2591 3069 se
2643 3002 2870 3081 factam,
2924 3011 3211 3082 assignans
3261 3006 3340 3064 illi
3380 3022 3503 3077 quae

243 3101 421 3166 θεὶςά
458 3104 719 3176 μηδαμῶς
751 3107 887 3177 αὐτῇ
924 3106 1219 3179 προσῆκεν,
1257 3107 1370 3176 εἴγε
1405 3107 1498 3159 καὶ
1525 3104 1819 3178 ἐτύγχανεν

1930 3106 2074 3162 nullo
2101 3116 2263 3177 pacto
2294 3108 2345 3163 ei
2393 3107 2831 3172 conveniebant,
2876 3108 2925 3165 si
2974 3117 3163 3162 eorum
3207 3120 3329 3176 quae
3357 3103 3501 3174 apud

239 3188 385 3249 οὖσα
434 3196 542 3249 τῶν
618 3197 769 3268 παρά
839 3197 1146 3270 ἀνθρώποις
1199 3199 1586 3270 πραττομένων
1633 3199 1781 3253 αἰτία
1805 3216 1819 3230 ο

241 3286 557 3342 τούναντίον
581 3289 635 3343 δὲ
662 3291 862 3361 μᾶλλον
881 3292 980 3362 τῆς
1000 3290 1093 3344 τοῦ
1115 3290 1318 3360 ἀγαθοῦ
1347 3290 1561 3363 μερίδος
1586 3291 1821 3359 εὐλόγως

243 3376 319 3432 ἂν
346 3380 658 3455 νομισθείη,
693 3382 805 3451 εἴγε
851 3382 1106 3447 ἐναντίως
1145 3381 1246 3436 ’δύο
1282 3382 1425 3446 τινές
1477 3382 1612 3437 εἰσιν
1657 3382 1822 3454 ἀρχαὶ

249 3470 396 3525 κατὰ
420 3471 514 3544 τὴν
540 3474 748 3528 ἐκείνου
774 3474 992 3546 μανίαν.

1929 3194 2179 3259 homines
2208 3197 2377 3263 ﬁunt,
2432 3213 2600 3255 causa
2634 3207 2770 3254 erat.
2827 3199 2940 3255 lmo
2990 3205 3181 3255 contra
3216 3196 3398 3268 potius
3431 3194 3501 3250 ad

1931 3297 2142 3362 partem
2172 3290 2300 3347 boni
2337 3291 2727 3347 convenienter
2768 3292 2964 3347 rationi
3000 3291 3277 3362 pertinere
3308 3286 3500 3344 existi-

1925 3392 2239 3448 marentur,
2308 3383 2356 3440 si
2418 3383 2528 3441 duo
2596 3383 2844 3455 quaedam
2900 3383 3170 3456 principia
3224 3378 3502 3437 contraria

1925 3482 2073 3541 sunt,
2102 3485 2161 3530 ut
2192 3475 2282 3531 ille
2316 3475 2511 3532 insane
2542 3475 2729 3531 tradit.

419 3606 548 3664 Car.
585 3607 778 3664 XXIX.
816 3609 899 3663 An
928 3616 1239 3679 potestatem
1269 3607 1571 3678 absorpta":
1609 3608 1800 3663 iterum
1838 3610 2026 3677 recepit
2062 3608 2218 3667 Deus.
2255 3608 2486 3667 Munati:
2517 3609 2852 3681 blasphemia:
2875 3608 3123 3675 adversus
3149 3605 3337 3663 Deum.

324 3726 652 3792 Σπουδάξειν
702 3728 760 3782 δέ
791 3745 921 3799 φησι
955 3727 1044 3782 τὸν
1090 3727 1222 3781 Θεὸν
1268 3728 1369 3798 τὴν
1422 3726 1823 3782 καταποθεῖσαν

251 3818 501 3891 δύναμιν,
524 3822 590 3891 ἣν
613 3820 768 3874 καλεῖ
785 3818 962 3891 ψυχὴν
988 3819 1262 3886 ἁπάντων,
1281 3815 1437 3885 αὖθις
1468 3820 1606 3890 πρὸς
1636 3820 1826 3873 ἑαυτὸν

252 3909 610 3976 ἀναδέξασθαι
634 3929 649 3945 ·
672 3912 759 3967 ἴνα
784 3911 858 3984 μὴ
885 3911 946 3965 τὸ
962 3911 1155 3966 ἑαυτοῦ
1187 3911 1505 3983 ἀπεράντως
1533 3912 1621 3969 ἀεὶ
1654 3896 1824 3984 προσ-

253 4002 534 4074 δεδεμένον
564 4006 631 4076 τῇ
666 4003 788 4075 ῦλῃ,
815 4003 909 4058 καὶ
934 4004 1343 4077 τιμωρούμενον
1373 4004 1613 4077 διατελῇ.
1643 4003 1709 4057 Τί
1732 3997 1827 4058 οῦν

252 4097 355 4167 τὴν
384 4095 558 4168 ἀρχὴν
591 4096 929 4168 παρεϐάλετο
968 4095 1153 4163 τοῦτο,
1184 4096 1324 4151 ὥστε
1363 4095 1616 4151 τοσοῦτον
1657 4097 1828 4153 αἰῶνα

261 4180 387 4260 μηδ’
408 4187 739 4243 ἀναπνεῦσαι
764 4189 1077 4262 δυνηθῆναι,
1102 4190 1195 4243 καὶ
1223 4190 1598 4245 πλέον’παθεῖν
1628 4188 1827 4261 μᾶλλον

257 4281 292 4352 ἢ
321 4281 551 4352 apicem;
585 4281 647 4335 Εί
681 4282 777 4352 μὲν
802 4282 912 4353 γὰρ
944 4285 1217 4354 περιεῖχεν
1239 4285 1267 4338 ὁ
1294 4283 1482 4355 μῦθος,
1504 4284 1579 4349 ὡς
1607 4282 1697 4338 τοῦ
1728 4283 1827 4356 μὲν

1996 3726 2137 3785 Dicit
2170 3738 2432 3801 praeterea
2482 3728 2761 3787 studuisse
2807 3727 3013 3791 Deum,
3069 3733 3131 3781 ut
3177 3725 3505 3796 potestatem

1926 3820 2237 3893 absorptam
2263 3863 2277 3888 ,
2320 3838 2484 3894 quam
2515 3831 2676 3878 vocat
2725 3822 2963 3876 animam
2994 3819 3235 3874 omnium
3255 3856 3272 3883 ,
3306 3828 3525 3889 rursus,

1927 3911 1995 3966 ad
2031 3928 2090 3968 se
2123 3914 2424 3984 reciperet;
2452 3928 2522 3970 ne
2552 3910 2698 3985 quod
2736 3921 2855 3970 erat
2886 3929 2950 3970 ex
2984 3913 3126 3984 ipso,
3152 3911 3395 3968 materiae
3424 3910 3505 3965 al-

1929 4001 2175 4074 ligatum,
2220 4014 2275 4059 et
2307 4004 2364 4058 in
2401 4004 2669 4075 supplicio
2696 4004 2922 4075 semper
2954 4003 3073 4060 sine
3100 4000 3213 4056 ullo
3244 3998 3347 4054 line
3377 4010 3505 4067 pel-

1931 4103 2194 4152 maneret.
2228 4095 2368 4164 Quid
2404 4097 2568 4169 igitur
2599 4097 2869 4169 principio
2912 4096 3014 4152 hoc
3049 4091 3423 4166 protrahebat,
3448 4096 3529 4145 ut.

1930 4194 2013 4243 tot
2050 4188 2264 4245 saeculis
2291 4204 2468 4260 neque
2494 4191 2768 4261 respirare
2792 4195 2995 4260 posset,
3022 4195 3075 4244 et
3102 4187 3275 4258 magis
3303 4192 3510 4256 patere-

1931 4287 2025 4334 tur
2055 4295 2219 4351 quam
2250 4282 2469 4352 ageret?
2502 4266 2569 4336 Si,
2611 4275 2757 4337 enim
2789 4282 2845 4337 in
2890 4280 3075 4336 fabula
3101 4285 3291 4345 esset,
3334 4275 3505 4331 Deum

256 4368 396 4425 Θεοῦ
431 4372 595 4443 μηδὲν
635 4372 980 4445 ὑϐρισθέντος
1012 4373 1090 4437 είς
1126 4374 1227 4446 τὴν
1269 4374 1403 4429 ἰδίαν
1434 4375 1650 4439 οὐσίαν,
1691 4376 1824 4446 μήτε

1931 4372 2151 4444 quidem
2186 4373 2389 4427 nullam
2418 4373 2806 4429 contumeliam
2849 4373 2905 4427 in
2940 4371 3303 4428 substantiam
3350 4382 3507 4424 suam

259 4462 405 4518 κατά
428 4463 561 4539 γοῦν
583 4464 645 4517 τδ
675 4463 1011 4537 βραχύτατον
1042 4465 1385 4537 ἐνσχεθέντος
1417 4466 1537 4521 λίαν
1567 4466 1831 4539 ἀπρεπῶς

250 4556 326 4626 τῇ
382 4553 483 4626 ὕλῃ
508 4595 523 4618 ’
548 4535 682 4609 ,ἀλλ’
712 4535 913 4628 ἑτέρου
962 4557 1025 4630 δή
1073 4535 1216 4621 τινὸς
1258 4535 1688 4631 ἀλλοτριωτάτου
1734 4558 1834 4628 τῆς

252 4645 425 4700 αὑτοῦ
452 4645 694 4716 φύσεως,
726 4645 842 4717 ἅμα
885 4646 943 4700 δὲ
990 4647 1084 4701 καὶ
1123 4647 1285 4711 εὐθὺς
1332 4647 1700 4720 ἐξαιρεθέντος
1740 4648 1834 4703 καὶ

252 4734 452 4790 τούτου
474 4776 489 4799 ,
541 4736 616 4800 ὡς
652 4738 710 4790 ὲν
751 4736 906 4808 τύπῳ
952 4738 1150 4808 μᾶλλον
1189 4738 1223 4811 ἢ
1270 4739 1694 4794 ὕποκατακλίσει
1736 4740 1834 4811 τὴν

254 4825 518 4899 τοιαύτην
551 4828 878 4901 πεποιῆσθαι
910 4829 1086 4886 δοκεῖν
1131 4831 1545 4904 μεταχείρησιν,
1581 4832 1737 4904 ἔσχεν
1769 4831 1835 4888 ἂν

255 4918 324 4973 τὸ
357 4919 485 4988 γοῦν
510 4920 731 4975 πιθανὸν
756 4924 813 4977 ὲν
844 4921 1029 4993 ψεύδει
1055 4923 1116 4976 τὸ
1144 4923 1386 4995 πλάσμα.
1418 4924 1553 4978 Νυνὶ
1580 4925 1636 4979 δὲ
1666 4925 1832 4980 ἄπλε-

254 5028 353 5073 τος
382 5012 481 5081 μὲν
507 5011 662 5078 αἰὼν,
696 5014 790 5067 καὶ
826 5013 986 5068 τοῦτο
1024 5015 1087 5087 δή
1123 5032 1283 5085 φασιν
1311 5018 1375 5070 ἐκ
1407 5017 1507 5088 τῆς
1534 5015 1746 5087 φύσεως
1778 5008 1837 5071 ἃῦ

255 5100 359 5154 τοῦ
387 5100 523 5154 Θεοῦ
566 5102 962 5177 καθειργμένον
1010 5104 1303 5160 διατελεῖν·
1349 5106 1426 5173 ὡς
1481 5107 1643 5164 αὐτὸν
1700 5104 1838 5164 εἶναι

256 5193 442 5247 δοκεῖν
462 5194 552 5249 τὸν
572 5196 933 5267 κατεχόμενον
951 5201 1017 5270 τῇ
1038 5199 1315 5272 ὁμοιότητι
1333 5199 1428 5254 τοῦ
1449 5201 1834 5273 κατεχομένου,

259 5285 363 5340 καὶ
389 5284 470 5357 τῷ
500 5304 564 5356 γε
608 5290 673 5342 ἐκ
714 5288 811 5360 τῆς
856 5290 1071 5359 φύσεως
1107 5290 1271 5346 αὐτοῦ
1317 5291 1476 5346 τοῦτο
1515 5294 1833 5365 τυγχάνειν·

259 5376 391 5432 ὅθεν
432 5380 529 5435 καὶ
566 5380 771 5436 πλείονί
798 5400 863 5452 γε
899 5384 1102 5456 σπουδῇ
1135 5386 1274 5458 πρὸς
1307 5386 1500 5440 ἑαυτὸν
1527 5381 1686 5452 αὖθις
1714 5389 1841 5442 ἀνα-

259 5471 522 5539 λέξασθαι
547 5474 705 5530 τοῦτο
746 5476 930 5531 ποθεῖο
967 5478 1001 5550 ή
1041 5478 1098 5532 δὲ
1146 5477 1245 5551 ῦλη
1293 5478 1442 5551 ἁπλῆ
1486 5480 1583 5536 καὶ
1626 5479 1840 5556 ἀπαθὴς

261 5563 529 5641 ὒπάρχει,
568 5567 645 5633 ὡς
675 5568 921 5642 δράσασα
959 5571 1162 5645 μᾶλλον
1190 5572 1223 5645 ἢ
1255 5571 1524 5630 παθοῦσα.

1932 4462 2243 4535 accepisse,
2286 4480 2463 4535 neque
2491 4465 2575 4520 vel
2616 4464 2898 4536 paululum
2944 4463 3229 4518 inhaesisse
3264 4458 3508 4514 materiae

1931 4556 2090 4612 valde
2116 4556 2414 4624 indecorae,
2457 4557 2552 4613 sed
2586 4557 2751 4612 alium
2783 4555 3073 4628 quemdam
3106 4552 3529 4609 alienissimum.

1933 4663 1964 4703 a
1994 4656 2189 4703 natura
2217 4649 2359 4719 ejus,
2384 4657 2439 4704 et
2474 4649 2622 4705 hunc
2650 4650 2913 4705 continuo
2964 4653 3209 4717 ereptum
3241 4659 3398 4715 esse,
3434 4643 3511 4697 ita

1932 4749 1994 4797 ut
2017 4742 2330 4813 hujusmodi
2361 4743 2652 4814 prehensio
2693 4743 2875 4815 magis
2923 4738 3236 4813 apparendo
3283 4741 3337 4794 in
3382 4753 3512 4809 spe-

1934 4836 2094 4902 ciem,
2129 4852 2294 4908 quam
2331 4836 2739 4893 succumbendo
2772 4835 2914 4891 facta
2934 4849 3060 4892 esse
3084 4834 3380 4896 videretur,
3411 4832 3511 4886 ba-

1933 4927 2144 4983 buisset
2173 4938 2536 4983 commentum
2567 4928 2788 4999 paulum
2824 4928 3015 4983 saltem
3053 4927 3122 4983 ad
3170 4926 3511 4983 suadendum

1936 5019 1991 5073 in
2026 5018 2329 5075 mendacio.
2369 5018 2525 5075 Nunc
2570 5033 2703 5076 vero
2741 5020 3069 5074 immensum
3123 5018 3383 5074 saeculum
3415 5034 3528 5088 poi.

1935 5117 2093 5171 nunt,
2150 5116 2206 5164 et
2254 5109 2358 5164 hoc
2402 5124 2524 5166 esse
2550 5125 2616 5165 ex
2670 5118 2866 5163 natura
2900 5106 3017 5171 Dei,
3046 5121 3269 5162 manere
3318 5106 3515 5161 vincu-

1937 5198 2007 5254 lis
2039 5199 2439 5266 constrictum,
2494 5206 2557 5255 ut
2594 5202 2711 5270 ipse
2746 5197 2890 5254 Deus
2927 5196 3360 5269 comprehensus
3389 5211 3526 5253 esse-

1937 5290 2189 5346 videatur
2220 5299 2445 5363 propter
2492 5288 2904 5348 similitudinem
2958 5288 3081 5360 ejus
3120 5288 3214 5361 qui
3256 5288 3524 5344 detentus

1938 5390 2045 5449 est,
2066 5391 2122 5439 et
2154 5383 2284 5454 quia
2328 5383 2432 5439 hoc
2463 5381 2609 5453 quod
2637 5390 2856 5454 captum
2887 5381 3192 5447 tenebatur,
3221 5394 3288 5436 ex
3319 5388 3520 5436 natura

1939 5476 2059 5547 ejus
2086 5483 2237 5545 erat;
2271 5476 2417 5533 unde
2439 5475 2647 5545 majore
2665 5474 2846 5532 studio
2862 5475 2928 5531 ad
2951 5474 3214 5546 seipsum,
3258 5481 3324 5529 ut:
3340 5474 3515 5537 aiunt,

1941 5568 2260 5641 recolligere
2317 5566 2660 5625 desiderabat
2683 5585 2719 5621 :-
2753 5568 2990 5624 materiae
3042 5573 3223 5623 autem
3287 5565 3518 5636 simplex

1944 5666 2139 5722 eratet
2164 5660 2413 5738 ἀπαθής,
2455 5667 2643 5734 utpote
2672 5660 2847 5734 magis
2885 5676 3050 5736 agens
3084 5673 3251 5734 quam
3280 5659 3520 5733 patiens.
