3968 6914
495 299 633 362 uti

503 515 710 588 posuit,
740 512 807 567 ad
832 512 1228 583 blasphemiam
1254 513 1349 570 Dei
1390 516 1785 585 composuisse,
1809 517 1901 587 qui
1932 518 2066 572 nihii

504 609 697 663 horum
720 614 1001 677 contrase
1040 606 1189 661 fecit.
1222 605 1410 678 Itaque
1438 608 1571 674 vult,
1608 608 1805 679 inquit,
1852 619 1905 664 et
1949 617 2068 666 stu-

506 698 615 760 det,
647 703 707 750 ut
732 696 798 751 ad
834 712 893 753 se
935 698 1161 768 recipiat
1187 698 1334 754 illam
1381 702 1681 755 virtutem:
1729 710 1784 756 et
1815 700 1929 756 haec
1985 710 2070 757 est

506 788 649 857 apud
679 790 827 859 ipsos
854 790 1002 847 salus
1027 800 1340 864 exspectata
1380 801 1435 848 et
1473 793 1777 859 beatitudo,
1809 809 1932 851 esse
1959 796 2068 851 sci-

507 878 634 933 licet
664 879 934 935 redditum
964 880 1096 949 Deo,
1120 884 1266 955 quod
1291 894 1408 939 erat
1449 884 1569 954 ejus
1594 887 1898 956 proprium.
1946 885 2068 956 Ipse

509 969 673 1039 igitur
696 973 1045 1042 exspectabat
1072 975 1177 1030 sibi
1228 976 1420 1037 linem,
1450 986 1678 1045 sperans
1707 974 1951 1046 accipere
1980 978 2071 1032 be.

510 1060 793 1130 nel'lcium;
828 1064 1097 1135 siquidem
1122 1073 1543 1136 recuperaturus
1566 1074 1650 1121 est
1669 1106 1683 1128 ,
1708 1068 1852 1137 quod
1879 1083 1945 1122 ex
1975 1082 2072 1121 na-

509 1160 632 1208 tura
664 1154 783 1223 ejus
808 1164 911 1224 est,
943 1156 1273 1227 libertatem;
1303 1168 1363 1214 ut
1388 1176 1507 1231 qua:
1524 1160 2036 1217 destruxitaadilicet
2056 1201 2072 1227 ,

510 1253 565 1301 et
593 1246 727 1301 nihil
754 1248 922 1316 aliud,
963 1261 1017 1306 et
1048 1266 1144 1321 spe
1158 1252 1409 1321 .nutritus
1434 1252 1615 1309 sedeat
1635 1254 1873 1308 tolerans
1894 1293 1908 1318 ,
1946 1254 2076 1308 etin

512 1343 672 1399 tinem
697 1343 937 1405 intuens,
961 1350 1021 1396 ut
1051 1358 1109 1398 se
1140 1343 1316 1413 ipsum
1352 1345 1749 1414 quodammodo
1777 1360 1807 1399 a
1838 1345 2077 1415 nequitia

512 1438 742 1491 liberet:
775 1434 920 1506 quod
960 1434 1177 1505 quidem
1213 1435 1260 1491 si
1313 1436 1659 1504 retardetur,
1713 1443 1768 1491 et
1814 1450 1924 1492 non
1967 1436 2078 1492 cito

512 1530 626 1594 ﬁat,
654 1529 771 1599 ipse
803 1529 875 1584 sit
903 1528 995 1599 qui
1023 1527 1282 1583 tarditate
1309 1529 1552 1600 punitur.

1654 306 1792 362 TITI
1830 307 2255 367 BOSTRENSIS
2291 310 2621 369 EPISCOPI?

576 420 659 479 Ex
684 424 770 479 his
798 430 1127 494 perspicitur
1170 422 1351 478 omnia
1396 439 1517 493 quae
1547 423 1637 479 ille
1673 425 1872 495 planus
1916 440 2069 481 com-
2096 433 2141 489 Α

3591 318 3728 374 illi

2261 428 2353 482 Ἐκ
2383 428 2587 483 τούτων
2632 446 2692 498 γε
2720 427 2897 499 δῆλον,
2937 428 3013 493 ὠς
3053 429 3269 484 ἅπαντα
3294 428 3331 484 ἀ
3375 429 3669 499 συνέθηκεν
3704 435 3736 487 δ

2169 520 2399 586 πλάνος,
2447 523 2528 586 είς
2562 520 2908 592 βλασφημίαν
2956 521 3265 575 συντέθεικε
3309 522 3406 576 τοῦ
3438 522 3611 587 Θεοῦ,
3643 524 3738 577 τοῦ

2172 611 2337 684 μηδὲν
2363 612 2566 667 τούτων
2614 613 2738 667 καθ’
2775 612 2969 667 ἐαυτοῦ
3018 614 3405 685 πεποιηκότος·
3451 615 3741 670 ἀναλαϐεῖν

2170 705 2349 759 τοίνυν
2397 703 2533 776 πρὸς
2584 706 2775 758 ἑαυτὸν
2831 704 3001 759 ἐθέλει
3032 706 3127 759 καὶ
3176 707 3498 772 σπουδάζει,
3535 706 3740 777 φησιν,

2172 794 2385 865 ἐκείνην
2410 794 2508 866 τὴν
2530 793 2758 864 δύναμιν
2776 794 2911 867 (H‘)
2930 811 2943 824 °
2972 796 3067 848 καὶ
3088 795 3245 849 τοῦτό
3272 795 3336 864 γέ
3366 799 3514 849 ἐστιν
3546 798 3582 867 ή
3611 796 3743 868 παρ’

2173 885 2354 948 αὐτοῖς
2383 882 2708 955 ἐλπιζομένη
2751 885 2990 956 σωτηρία
3012 887 3103 939 καὶ
3134 888 3493 958 μακαριότης,
3518 888 3585 940 τὸ
3608 890 3745 940 ἀπο,

2175 976 2390 1048 δοθῆναί
2426 994 2490 1045 γε
2519 977 2595 1048 τῷ
2623 977 2743 1049 Θεῷ
2769 979 2831 1032 τὺ
2857 981 3055 1033 οἰκεῖον
3091 979 3275 1035 αὑτοῦ.
3299 982 3421 1052 'Ap‘
3458 976 3556 1034 οὖν
3582 979 3746 1042 αὑτὸς

2174 1069 2256 1132 είς
2288 1068 2475 1122 ἑαυτὸν
2504 1070 2759 1140 ἀναμένει
2796 1070 2857 1123 τὸ
2897 1070 3050 1132 τέλος
3081 1071 3311 1134 ἐλπίζων
3346 1072 3422 1136 ὡς
3447 1074 3749 1143 εὐεργετη-

2180 1159 2438 1230 σόμενος,
2482 1161 2595 1230 εἴγε
2647 1162 2889 1233 μέλλοιτο
2937 1164 3000 1216 ἐκ
3035 1164 3134 1234 τῆς
3176 1164 3385 1234 φύσεως
3431 1163 3605 1216 αὑτοῦ
3648 1162 3749 1233 τὴν

2177 1253 2484 1325 ἐλευθερίαν
2524 1254 2955 1324 ἀπολαμϐάνειν·
2994 1256 3081 1309 ἵνα
3124 1255 3160 1310 ἆ
3207 1256 3495 1310 κατέλυσεν
3542 1256 3750 1308 οίκώο-

2183 1344 2350 1416 μήσῃ,
2378 1345 2470 1396 καὶ
2518 1344 2678 1397 πλέον
2719 1346 2904 1398 οὐδέν·
2954 1345 3047 1398 καὶ
3074 1348 3140 1416 τῇ
3193 1344 3364 1398 ἐλπίδι
3408 1346 3752 1415 τρεσόμενος

2180 1422 2413 1503 κάθηται
2459 1433 2761 1506 καρτερῶν,
2800 1436 2895 1489 καὶ
2925 1435 3061 1508 πρὸς
3090 1435 3150 1488 τὸ
3191 1435 3344 1499 τέλος
3374 1435 3621 1507 ἀφορῶν,
3664 1436 3754 1487 ἵνα

2183 1522 2375 1575 ἑαυτὸν
2405 1522 2605 1593 τρόπον
2636 1523 2758 1577 τινὰ
2796 1525 2894 1595 τῆς
2937 1524 3137 1590 κακίας
3171 1516 3548 1597 ἐλευθερώσῃ·
3595 1518 3657 1577 οῦ
3689 1524 3753 1577 δὲ

2185 1612 2568 1684 βραδύνοντος,
2613 1615 2708 1667 καὶ
2745 1614 2818 1688 μὴ
2866 1615 3058 1669 θᾶττον
3090 1617 3441 1687 γιγνομένου,
3483 1616 3649 1680 αὑτὸς
3684 1614 3757 1669 ἂν

2184 1706 2269 1775 εἴη
2301 1704 2389 1759 διὰ
2417 1706 2515 1777 τῆς
2556 1707 2882 1779 βραδύτητος
2906 1710 2935 1760 ό
2962 1707 3387 1779 τιμωρούμενος.

585 1788 779 1862 Liquet
805 1790 950 1847 enim
977 1807 1093 1859 non
1122 1807 1246 1849 esse
1291 1808 1459 1865 penes
1510 1793 1686 1864 ipsum
1719 1793 2071 1849 celeritatem

2249 1798 2420 1869 Δῆλον
2443 1798 2573 1870 γὰρ,
2622 1800 2697 1864 ὡς
2725 1800 2848 1853 οὑδέ
2878 1800 2966 1853 ἐπ’
2998 1799 3143 1871 αὑτῷ
3171 1801 3426 1870 τυγχάνει
3452 1801 3485 1871 η
3512 1800 3761 1871 mxima;

517 1882 673 1950 linis;
706 1882 834 1938 olim
872 1885 1018 1939 enim
1041 1885 1096 1940 in
1139 1886 1241 1940 hac
1274 1902 1333 1942 re
1356 1902 1505 1957 spem
1542 1886 1769 1953 habuit;
1817 1886 2073 1957 quoniam

518 1975 665 2030 aliud
694 1977 984 2031 ridiculum
1015 1977 1147 2032 dicit
1186 1977 1540 2043 Manichacus,
1569 1979 1714 2050 quod
1745 1970 1868 2033 cum
1909 1980 1947 2033 ii
1984 1979 2077 2048 qui

518 2075 675 2122 erant
716 2068 891 2138 ipsius
946 2072 1207 2137 materia),
1240 2073 1505 2126 sentirent
1547 2088 1606 2127 se
1639 2072 1779 2126 male
1809 2072 2079 2141 perituros

518 2161 721 2217 lumine
749 2162 1007 2231 paulatim
1034 2163 1241 2227 ablato,
1268 2180 1331 2219 ex
1362 2164 1589 2219 adverso
1616 2164 1912 2218 machinati
1955 2170 2083 2218 sunt

517 2252 700 2306 carnis
753 2255 1216 2309 constructionem
1250 2254 1318 2309 ad
1369 2256 1687 2311 vinciendas
1721 2270 1917 2325 magno
1961 2255 2083 2309 vin-

518 2343 643 2397 culo
673 2344 902 2401 animas.
935 2343 1116 2411 Quare
1154 2354 1214 2401 ut
1249 2347 1338 2402 ille
1365 2347 1550 2413 tradit,
1577 2348 1919 2418 perspicuum
1966 2355 2084 2413 est,

518 2433 758 2501 quandiu
802 2434 878 2490 illi
919 2451 1139 2492 carnem
1172 2437 1624 2508 suppeditabunt,
1666 2438 1851 2492 tandiu
1895 2438 2089 2491 anima:

519 2522 614 2579 Dei
664 2525 1023 2582 inhaerescent
1084 2529 1325 2583 materia:
1372 2536 1426 2583 et
1478 2529 1673 2584 vincta:
1715 2529 2083 2589 tenebuntur:

519 2617 730 2688 eritque
761 2635 925 2690 penes
963 2620 1087 2675 illos
1114 2634 1223 2673 non
1258 2620 1632 2675 circumscribi
1662 2620 1919 2674 mundum
1950 2627 2085 2673 tem-

520 2725 671 2780 pore,
701 2719 756 2766 et
782 2726 891 2766 non
919 2712 1022 2767 erit
1052 2712 1105 2765 in
1141 2719 1405 2780 potestate
1432 2711 1559 2767 boni
1596 2710 1721 2766 ﬁnis
1749 2712 1891 2781 ejus.

2181 1886 2274 1941 τοῦ
2328 1888 2545 1952 τέλους·
2583 1889 2747 1942 πάλαι
2793 1888 2899 1961 γάρ
2928 1888 2995 1943 ἂν
3043 1888 3214 1959 τούτῳ
3258 1888 3606 1959 χρησάμενος
3654 1888 3761 1956 τῆς

2185 1979 2396 2044 ἐλπίδος
2421 1980 2786 2034 ἀπολέλαυκεν
2801 1998 2816 2012 ·
2849 1980 3034 2052 ἐπειδὴ
3063 1980 3158 2034 καὶ
3183 1980 3337 2047 λόγος
3361 1979 3555 2049 ἕτερος
3581 1995 3759 2030 κατα-

2184 2071 2443 2139 γέλαστός
2473 2073 2587 2125 ἐστι
2618 2070 2712 2125 τοῦ
2751 2073 3056 2138 Μάνεντος,
3090 2071 3165 2135 ὡς
3197 2073 3245 2124 οε
3273 2071 3370 2142 τῆς
3395 2070 3532 2140 ὕλης
3567 2069 3762 2122 αἰσθα-

2184 2160 2433 2230 νόμενοι,
2485 2162 2565 2214 ὃτι
2605 2161 2789 2225 κακῶς
2828 2160 3184 2225 ἀπολοῦνται,
3225 2160 3314 2214 τοῦ
3375 2160 3556 2229 φωτὸς
3613 2157 3762 2212 κατά

2188 2253 2380 2324 μικρὸν
2413 2254 2844 2326 ἀφαιρουμένου,
2878 2254 3386 2324 ἀντεμηχανήσαντο
3412 2252 3518 2321 τῆς
3552 2251 3763 2321 σαρκὲς

2185 2342 2283 2412 τὴν
2310 2344 2654 2415 κατασκευὴν
2683 2343 2879 2414 δεσμὸν
2916 2341 3166 2414 μέγιστον
3191 2346 3309 2407 ταῖς
3334 2342 3559 2412 ψυχαῖς.
3592 2342 3762 2393 Ὥστε

2187 2433 2343 2503 δῆλον
2380 2433 2520 2487 κατά
2565 2436 2657 2487 τὸν
2705 2434 2868 2488 αὑτοῦ
2922 2435 3076 2503 λόγον
3095 2474 3110 2497 ,
3158 2435 3263 2494 ἓως
3310 2434 3377 2487 ἂν
3405 2435 3608 2486 ἐκεῖνοι
3666 2431 3764 2501 τὴν

2193 2524 2369 2594 σάρκα
2414 2526 2825 2596 χορηγήσωσιν,
2882 2525 2986 2589 ἓως
3033 2525 3097 2596 δὴ
3125 2524 3311 2577 τούτου
3350 2526 3406 2576 αἱ
3443 2523 3625 2593 ψυχαὶ
3672 2521 3764 2575 τοῦ

2191 2615 2395 2683 ἀγαθοῦ
2430 2616 2874 2687 ἐνσχεθήσονται·
2911 2618 3003 2672 καὶ
3042 2617 3192 2670 ἔσται
3222 2616 3307 2669 ἐπ’
3333 2615 3566 2679 ἐκείνοις
3589 2615 3660 2668 τὸ
3689 2614 3765 2684 μὴ

2190 2707 2595 2778 περιγραφῆναι
2653 2708 2829 2779 χρόνῳ
2874 2709 2963 2762 τὸν
3007 2709 3226 2781 κόσμον,
3278 2708 3399 2779 οὑχὶ
3426 2707 3487 2761 δὲ
3540 2707 3643 2759 ἐπὶ
3687 2705 3769 2775 αἱ»

2190 2797 2377 2870 ἀγαθῴ
2406 2799 2466 2851 τὸ
2494 2798 2647 2863 τέλος
2673 2800 2858 2856 αὑτοῦ.

1589 2913 1719 2969 CAP.
1759 2912 1924 2969 XXX.
1966 2914 2198 2969 Manetis
2223 2916 2688 2972 contradictiones.

596 3029 735 3097 Quid
766 3030 910 3086 aliud
932 3028 1115 3086 dicere
1138 3036 1316 3100 potest
1334 3030 1428 3101 qui
1457 3028 1711 3091 advertit,
1743 3044 1904 3098 quam
1929 3030 2072 3101 quod

2252 3029 2317 3082 Τί
2362 3030 2407 3084 δ’
2435 3030 2500 3085 ἂν
2532 3032 2664 3103 φαίη
2696 3048 2779 3095 τις
2824 3029 3100 3101 συνορῶν,
3146 3030 3221 3093 ὡς
3264 3029 3362 3100 οὑχ
3402 3027 3634 3083 ἵσταταί
3685 3047 3775 3082 πω

523 3139 634 3179 non
662 3131 878 3180 constat
925 3123 1030 3179 sibi
1079 3122 1442 3188 Manichzeus;
1498 3122 1631 3192 quin
1662 3122 1844 3186 potius
1897 3121 2004 3175 huc
2035 3130 2088 3175 et

2193 3121 2344 3191 λόγος
2382 3122 2461 3194 τῷ
2510 3124 2766 3186 Μάνεντι,
2810 3122 2923 3176 ἀλλ’
2950 3116 3051 3175 ὦδε
3102 3122 3326 3175 κάκεῖσε
3382 3121 3770 3192 μεταγόμενος

525 3219 657 3274 illuc
724 3233 783 3273 se
842 3216 1179 3272 transferens
1235 3231 1267 3270 a
1328 3215 1508 3285 seipso
1558 3214 1938 3285 redarguitur?
1986 3212 2088 3281 Qui

524 3310 670 3364 enim
700 3309 797 3372 ait,
828 3306 996 3363 Deum
1045 3322 1168 3363 esse
1218 3305 1539 3368 fabricatum
1596 3307 1897 3370 mundum,
1950 3321 2091 3375 quo-

526 3399 689 3454 modo
722 3414 917 3454 rursus
942 3399 1017 3453 ait
1044 3413 1139 3453 eos
1164 3397 1255 3468 qui
1291 3404 1420 3454 sunt
1461 3395 1701 3450 materias
1730 3394 1823 3448 lilii
1851 3435 1867 3456 ,
1923 3409 2094 3465 oppo-

529 3474 707 3548 suisse
726 3491 777 3547 ei
809 3504 1028 3545 carnem
1049 3528 1064 3554 ,
1103 3497 1360 3558 tanquam
1402 3487 1596 3556 partita
1652 3492 1797 3539 esset
1830 3485 1937 3537 Deo
1969 3498 2091 3537 cum

531 3584 640 3639 illis
664 3582 952 3637 fabricatio
984 3578 1173 3634 mundi
1200 3597 1215 3645 ;
1243 3586 1296 3633 ct
1326 3577 1429 3632 hac
1458 3576 1678 3646 quidem
1714 3576 1925 3630 ratione
1953 3575 2093 3629 facta

531 3675 643 3731 Deo
671 3674 962 3737 violentia,
1021 3668 1327 3727 concedens
1374 3684 1503 3724 vero
1536 3668 1642 3723 illis
1690 3667 1792 3721 hoc
1835 3673 2092 3737 tauquam

529 3782 750 3830 munus,
782 3781 890 3821 non
923 3764 1219 3834 compleret
1269 3764 1581 3816 universum
1628 3758 1926 3815 secundum
1973 3774 2096 3828 pro-

530 3860 703 3931 priam
735 3858 1088 3913 voluntatem.

600 3950 885 4022 Tanquam
921 3956 1104 4003 autem
1136 3961 1316 4001 causa:
1368 3959 1480 4000 suae
1526 3950 1580 3997 et
1610 3942 1862 4013 principii
1891 3940 2095 3996 oblitus

531 4047 768 4116 planus,
823 4042 955 4097 dicit
1006 4040 1243 4095 futuram
1305 4053 1428 4093 esse
1488 4033 1797 4106 pestiferam
1857 4034 2097 4088 materia:

532 4137 931 4207 ademptionem
984 4141 1039 4189 et
1072 4133 1406 4203 ereptionem
1440 4129 1661 4183 virtutis
1702 4127 1778 4182 illi
1811 4126 2094 4190 admistm,

531 4246 638 4303 qua
665 4235 924 4301 posuerat
950 4225 1213 4281 frenatam
1246 4238 1369 4279 esse
1400 4220 1861 4293 perturbationem
1890 4217 2098 4273 ordinis

2193 3216 2280 3286 ὑφ’
2309 3215 2500 3269 ἑαυτοῦ
2523 3216 2888 3287 διελέγχεται;
2921 3216 3026 3270 Τοῦ
3063 3214 3172 3287 γὰρ
3194 3216 3398 3286 κόσμου
3427 3214 3775 3287 δημιουργὸν

2193 3307 2413 3378 φάσκων
2442 3305 2575 3361 εἶναι
2608 3309 2696 3361 τὸν
2717 3308 2869 3371 Θεὸν,
2891 3310 3038 3371 ὅπως
3062 3304 3153 3363 οῦν
3175 3304 3328 3369 αὖθις
3354 3307 3480 3369 τοὺς
3501 3307 3607 3377 τῆς
3639 3306 3776 3377 ὕλης

2192 3399 2355 3469 φησὶν
2405 3397 2731 3476 ἀντιτιθέναι
2784 3399 2930 3470 αὑτῷ
2974 3400 3073 3470 τὴν
3123 3399 3338 3470 σάρκα,
3389 3397 3587 3469 ὥσπερ
3632 3396 3775 3452 θεοῦ

2195 3488 2547 3560 μεριζομένου
2599 3490 2736 3561 πρὸς
2785 3490 3024 3554 ἐκείνους
3074 3490 3171 3561 τὴν
3212 3488 3614 3561 δημιουργίαν·
3678 3489 3774 3542 καὶ

2195 3578 2337 3632 κατά
2360 3579 2518 3633 τοῦτο
2547 3580 2647 3653 μὲν
2677 3581 2797 3651 βίαν
2824 3583 3204 3651 ὑπομένοντος,
3231 3583 3297 3653 τῇ
3320 3580 3378 3635 δέ
3405 3579 3545 3652 πρὸς
3566 3581 3770 3643 αὐτοὺς

2193 3670 2458 3725 ἀντιδόσει
2506 3671 2567 3725 τὸ
2616 3675 2723 3726 πᾶν
2762 3674 2822 3725 οὑ
2879 3673 3017 3727 κατά
3067 3672 3291 3743 γνώμην
3335 3670 3472 3724 ίδίαν
3511 3669 3767 3741 συμπλη-

2198 3778 2436 3834 ρουντος.

2280 3942 2366 4005 Ὠς
2393 3942 2449 3995 δὲ
2477 3944 2575 4014 τῆς
2607 3943 2913 4007 ὑποθέσεως
2942 3942 3364 4014 ἐπιλελησμένος
3384 3943 3414 3995 ὁ
3438 3940 3647 4003 πλάνος
3673 3940 3779 4009 τῆς

2196 4035 2422 4099 ἐαυτοῦ,
2474 4035 2716 4109 ὀλέθριον
2746 4039 2811 4107 τῇ
2876 4036 2974 4107 ὕλῃ
3026 4035 3187 4106 φησὶν
3221 4033 3429 4086 ἔσεσθαι
3479 4032 3587 4099 τῆς
3631 4048 3779 4101 κρα-

2196 4127 2383 4199 τείσης
2412 4128 2549 4199 αὐτῇ
2576 4128 2871 4199 ⁵’δυνάμεως
2913 4128 3011 4198 τὴν
3050 4126 3356 4196 ἀφαίρεσιν,
3387 4122 3453 4175 δι’
3492 4119 3562 4193 ἧς
3590 4122 3777 4192 αὑτὴν

2198 4218 2429 4274 ὑπέθετο
2449 4218 2546 4291 τὴν
2564 4219 2733 4291 ἀρχὴν
2759 4219 3094 4273 ἀτακτοῦσαν
3113 4215 3553 4289 σωφρονισθῆναι·
3580 4215 3632 4265 εί
3653 4212 3777 4284 γὰρ

535 4328 589 4378 in
620 4325 710 4378 illa
733 4319 977 4392 principe
1004 4316 1250 4371 materia.
1295 4313 1352 4368 Si
1375 4315 1517 4368 enim
1548 4327 1674 4367 cum
1704 4310 1877 4374 adest,
1908 4309 2088 4380 nequi-

2201 4306 2453 4377 παροῦσα
2502 4308 2752 4378 δεσμεύει
2796 4308 2895 4380 τὴν
2926 4308 3155 4371 κακίαν,
3207 4303 3559 4377 ἀναχωροῦσα
3603 4304 3779 4357 πάλιν

533 4419 663 4469 tiam
695 4414 855 4480 ligat,
900 4423 1091 4464 rursus
1148 4406 1411 4461 recedens
1458 4404 1701 4471 relaxat;
1743 4405 1846 4459 erit
1903 4416 2088 4472 magna

2203 4402 2408 4474 ἀνίησι,
2439 4400 2533 4454 καὶ
2578 4398 2731 4453 ἔσται
2760 4399 2876 4453 λίαν
2920 4403 3061 4453 κατὰ
3093 4399 3189 4469 την
3220 4397 3472 4469 ἀρχαίαν.
3494 4435 3508 4447 .
3527 4435 3544 4448 .
3564 4437 3583 4450 .
3628 4393 3778 4448 τοῦτ’

535 4524 700 4564 causa
735 4506 932 4561 laetitiae
975 4505 1078 4574 ipsi
1119 4502 1358 4558 materia:
1402 4493 1531 4556 Iuno
1558 4501 1784 4568 ereptio.
1824 4496 1882 4552 Si
1934 4498 2088 4569 igitur

2204 4493 2319 4548 ἐστι
2348 4493 2522 4563 χαρᾶς
2547 4490 2694 4545 αίτία
2721 4490 2816 4543 καὶ
2840 4493 2904 4561 τῇ
2939 4489 3040 4562 ὕλῃ
3070 4491 3104 4561 ἡ
3140 4488 3344 4558 ταύτης
3372 4484 3703 4557 ἀφαίρεσις·
3741 4482 3777 4537 ἀ

536 4603 603 4657 ad
634 4609 932 4657 extremum
966 4612 1095 4667 spes
1124 4596 1228 4667 ipsi
1248 4602 1354 4659 est,
1376 4594 1676 4650 rediturum
1698 4607 1819 4647 esse
1836 4591 1903 4646 ad
1931 4589 2096 4645 Deum

534 4694 679 4765 quod
703 4695 772 4749 ab
801 4693 918 4763 ipso
942 4690 1277 4759 disjunctum
1313 4686 1436 4750 fuit,
1470 4686 1611 4755 quod
1640 4699 1668 4737 a
1711 4683 1978 4755 principio
2000 4682 2097 4738 de-

536 4788 727 4849 crevit,
757 4797 811 4841 et
846 4784 1026 4854 adegit
1056 4780 1189 4836 illud
1221 4780 1405 4835 subire
1435 4778 1662 4834 inﬁnitis
1701 4777 1916 4834 steculis
1950 4775 2099 4830 laboo

536 4895 649 4937 rem
673 4880 891 4935 inanem
923 4882 976 4930 et
1003 4875 1174 4930 malas
1194 4871 1407 4934 sordes,
1436 4886 1545 4926 non
1576 4869 1631 4924 in
1660 4884 1725 4924 eo
1747 4882 1897 4937 spem
1922 4866 2097 4920 maxi~

536 4986 682 5028 mam
708 4979 762 5026 et
792 4966 1184 5025 beatitudinem
1214 4978 1416 5036 ponere
1441 5003 1457 5029 ,
1502 4962 1549 5017 si
1584 4976 1777 5017 rursus
1810 4973 2101 5028 recupera-

536 5066 729 5124 rctur?
764 5062 987 5119 Materia
1018 5060 1162 5117 enim
1201 5058 1352 5115 nullo
1375 5064 1533 5129 pacto
1564 5060 1787 5125 apparet
1827 5051 2100 5107 relrenata

537 5175 601 5215 ac
631 5171 902 5229 repressa,
930 5156 1043 5210 imo
1083 5160 1274 5209 contra
1314 5150 1494 5222 potius
1523 5148 1783 5217 majorem
1830 5144 2101 5199 licentiam

539 5252 604 5310 ad
631 5249 984 5315 excogitanda
1016 5261 1180 5319 prava
1206 5260 1370 5315 opera
1399 5242 1610 5313 adepta.

614 5429 680 5485 At
701 5428 1025 5502 oportebat,
1079 5425 1289 5496 inquit,
1342 5423 1484 5478 hanc
1536 5421 1740 5490 ligare:
1778 5432 1900 5473 cum
1941 5414 2105 5487 igitur

536 5525 798 5597 paulatim
831 5524 1104 5577 abstracta
1140 5520 1244 5575 erit
1291 5520 1466 5573 virtus
1512 5515 1757 5577 detenta,
1804 5509 1933 5583 quid
1986 5504 2108 5565 lict?

538 5615 729 5688 liquet,
761 5632 955 5673 rursus
997 5628 1338 5671 reversuram
1373 5625 1495 5667 esse
1542 5608 1825 5666 materiam
1870 5604 1937 5660 ad
1983 5619 2110 5676 per-

2201 4582 2291 4641 οἷα
2332 4585 2469 4657 πρὸς
2506 4584 2696 4656 ἡδονῆς
2725 4583 3150 4656 ἀφαιρουμένης.
3189 4581 3252 4633 Εἰ
3298 4580 3480 4633 τοίνυν
3507 4578 3573 4631 οὑ
3626 4575 3775 4646 παρὰ

2202 4678 2264 4731 τὸ
2291 4677 2464 4741 τέλος,
2496 4677 2645 4747 ὅμως
2674 4674 2826 4736 ἐλπὶς
2854 4674 2991 4744 αὑτῇ
3029 4672 3284 4742 τυγχάνει
3309 4709 3324 4732 ,
3353 4670 3444 4722 ἴνα
3472 4668 3612 4740 πρὸς
3642 4666 3775 4719 Θεὸν

2204 4765 2472 4839 ἐπανέλθῃ
2509 4762 2884 4834 διαζευχθεῖσα
2929 4761 3119 4825 αὑτοῦ,
3145 4760 3196 4813 τί
3239 4759 3337 4830 τὴν
3370 4758 3547 4830 ἀρχὴν
3571 4756 3772 4825 ἀφωρί-

2205 4858 2362 4924 ζετο,
2410 4858 2639 4912 ἄπλετον
2682 4855 2854 4910 αίῶνα
2899 4857 3153 4926 ὑποσχεῖν
3197 4854 3425 4924 μάταιον
3468 4853 3626 4904 πόνον
3675 4850 3773 4901 καὶ

2207 4953 2376 5025 ῥύπον
2405 4953 2593 5016 κακὸν,
2625 4953 2719 5006 καὶ
2750 4950 2872 5005 ἀντὶ
2919 4950 3180 5021 μεγίστης
3212 4947 3427 5009 ἐλπίδος
3468 4946 3564 4999 καὶ
3598 4960 3773 5014 μακα-

2210 5048 2456 5119 ριότητος
2502 5045 2748 5100 τίθεσθαι
2788 5044 2850 5097 τὸ
2891 5039 3045 5105 αὖθις
3102 5038 3516 5111 ἀναληφθῆναις
3555 5038 3620 5090 Ἤ
3665 5036 3772 5105 γὰρ

2207 5140 2308 5212 ὓλη
2329 5141 2482 5194 οὐδέν
2504 5156 2567 5209 γε
2590 5137 2823 5209 οὐδαμοῦ
2846 5137 3111 5191 δέδεικται
3151 5133 3584 5206 σωφρονισθεῦα
3603 5149 3615 5161 ·
3651 5132 3771 5181 τοὺο

2205 5232 2414 5286 ναντίον
2448 5231 2545 5301 μὲν
2569 5225 2662 5283 οὖν
2688 5228 2931 5291 πλείονος
2968 5225 3237 5297 λαϐομένη
3266 5224 3367 5295 τῆς
3408 5223 3659 5289 ἐξουσίας
3698 5222 3773 5280 εἰς

2206 5321 2457 5393 πονηρῶν
2482 5321 2657 5394 ἔργων
2687 5320 2950 5373 ἐπίνοιαν.

2308 5414 2431 5470 Αλλ’
2460 5415 2588 5476 ἔδει,
2626 5414 2779 5486 φησὶ,
2809 5412 3029 5482 δεθῆναι
3065 5409 3268 5481 ταύτην
3288 5426 3300 5438 ·
3346 5410 3479 5463 ὅταν
3518 5404 3610 5462 οὖν
3642 5408 3773 5459 ἀπο-

2215 5506 2427 5576 σπασθῇ
2459 5504 2600 5558 κατά
2633 5504 2826 5576 μικρὸν
2852 5505 2885 5573 ἡ
2917 5503 3253 5573 κατεχομένη
3270 5499 3529 5569 δύναμις,
3546 5498 3599 5551 τί
3616 5496 3775 5565 γενή-

2219 5617 2405 5666 σεται;
2437 5597 2677 5670 εὑδηλον,
2719 5596 2796 5660 ὡς
2834 5592 2991 5659 αὖθις
3039 5597 3072 5665 ὴ
3109 5593 3206 5663 ῦλη
3242 5591 3376 5663 πρὸς
3401 5592 3503 5663 τὴν
3551 5588 3778 5661 φυσικὴν

613 5772 746 5845 (ll')
786 5770 903 5838 Τὴν
925 5769 1197 5838 δύναμιν.
1228 5767 1400 5837 Supra
1428 5766 1561 5822 verti
1608 5779 1747 5836 saepe
1775 5771 2120 5834 potestatem;
2168 5759 2245 5815 sic
2281 5758 2505 5813 vocabat
2532 5753 2858 5809 Manichacus
2885 5750 3143 5807 animam.
3175 5746 3345 5805 Tuan.
