4008 6208
303 274 363 367 ll
382 306 443 365 ιε

1336 280 1743 371 ἰΑιιγΕιιδιιε
1781 310 2205 369 MANICHIEOS
2243 311 2372 368 LIB.
2415 312 2438 367 ι

3385 318 3525 377 HM

299 424 521 491 ἀταξίαν
545 422 818 494 ἐπανήξει.
845 421 941 486 Οὔ,
971 423 1162 496 φησίν·
1195 425 1252 479 ἐν
1277 424 1383 498 γὰρ
1414 426 1493 498 τῷ
1527 428 1668 481 τέλει
1700 445 1855 500 περι-

1960 430 2347 485 turbationem.
2394 428 2564 498 Negat
2606 418 2933 481 Manicbatus
2959 445 2972 480 :
3002 424 3390 500 Nequaquam,
3436 433 3525 486 in-

297 520 584 588 γενήσεται
607 514 831 586 ταύτης,
867 517 961 568 καὶ
1003 515 1172 587 βῶλον
1208 518 1657 590 ἀπεργασάμενος
1686 520 1855 592 αὐτὴν

299 605 390 675 ὑφ’
440 605 640 673 ἑαυτῆς
692 604 980 675 φλέγεσθαι
1024 609 1451 678 παρασκευάσει.
1509 610 1572 662 Τί
1617 606 1708 664 οὖν
1759 611 1856 681 τὴν

297 694 473 766 ἀρχὴν
504 694 579 766 μὴ
599 693 754 747 τοῦτο
779 696 1110 766 πεποίηκεν;
1141 692 1265 769 Ἆρ’
1291 699 1391 752 οὐκ
1412 697 1659 752 ἐϐούλετο
1692 700 1724 771 ἢ
1756 700 1856 753 οὐκ

298 786 647 856 ὴδύνατο;Εί
681 786 781 857 μὲν
826 786 933 860 γὰρ
979 788 1053 860 μὴ
1103 789 1366 855 ἐϐούλετο,
1409 790 1523 855 πῶς
1555 789 1709 854 αὖθις
1735 791 1857 862 βου-

296 880 542 950 λήσεται,
577 880 896 948 μεταγνοὺς,
940 880 973 952 ἢ
1012 881 1072 934 τὸ
1122 881 1329 953 βέλτιον
1379 884 1692 955 ἐπικρίνας;
1742 883 1854 937 Οὐκ

297 968 367 1045 ἦν
394 972 450 1027 δὲ
473 974 568 1026 καὶ
588 972 760 1035 ἄλλως
781 972 913 1044 πρὸς
935 973 1137 1041 ἀγαθοῦ
1167 974 1360 1048 μὴ’τὴν
1381 966 1552 1047 ἀρχὴν
1582 975 1856 1037 παντελῶς

296 1064 643 1143 καταργῆσαι
673 1065 889 1127 κακίαν,
926 1063 1038 1133 είγε
1073 1062 1183 1130 οἷός
1216 1084 1275 1119 τε
1306 1064 1392 1139 ἦν.
1430 1069 1491 1120 Εί
1522 1068 1576 1121 δὲ
1611 1068 1683 1139 μὴ
1725 1069 1854 1138 ἠδύ-

297 1172 448 1220 νατο,
483 1154 783 1224 ἀδυναμίας
831 1156 927 1226 μὲν
966 1155 1205 1219 κίνδυνος
1244 1157 1540 1210 ἀνακύπτει
1579 1159 1718 1211 κατά
1762 1157 1854 1210 τοῦ

298 1244 644 1314 πλασαμένου
665 1260 678 1275 ⁸
721 1245 838 1310 πῶς
867 1247 923 1300 δὲ
959 1248 1106 1314 ὅμως
1135 1247 1356 1320 ὕστερόν
1388 1266 1515 1301 ποτε
1540 1250 1853 1320 δυνήσεταις

296 1333 409 1407 ἆρα
435 1336 753 1407 προσλαϐὼν
780 1339 1025 1410 δύναμιν,
1062 1341 1130 1411 ἢν
1162 1340 1235 1412 μὴ
1278 1337 1441 1411 εῖχεν,
1478 1342 1509 1413 ἢ
1538 1343 1791 1413 αὐξηθεὶς
1820 1345 1852 1415 ἦ

296 1428 550 1492 ἑπιδούςς
581 1432 630 1482 εί
666 1429 771 1501 γάρ
814 1431 1049 1513 ἀγένητα
1075 1430 1238 1501 ἄμφω
1266 1432 1543 1499 τάναντία,
1577 1416 1855 1505 οὐδέτερον

296 1516 421 1571 οὕτε
442 1517 666 1590 αὔξησιν
688 1519 810 1574 οὗτε
831 1522 1053 1592 μείωσιν
1080 1522 1401 1594 ἐπιδέχεται.

372 1699 529 1753 Ὀλον
557 1700 842 1772 τοιγαροῦν
885 1701 1180 1756 ἀσύστατον
1208 1702 1298 1757 τοῦ
1334 1702 1605 1777 βαρϐάρου
1639 1705 1698 1760 τὸ
1723 1708 1854 1762 πλά-

299 1808 429 1863 σμα.
484 1791 549 1844 Τί
584 1792 675 1857 δέ;
722 1789 811 1864 ἆρ’
847 1792 1099 1864 αἴσθησιν
1142 1793 1419 1865 εἰληφέναι
1462 1799 1641 1869 φησὶν,
1668 1798 1743 1860 ὡς
1764 1799 1857 1853 τοῦ

297 1883 538 1947 πλείονος
559 1883 758 1955 μέρους
793 1884 826 1957 ἢ
851 1885 944 1939 τοῦ
967 1885 1096 1954 γοῦν
1113 1885 1390 1951 ἐλάττονος
1420 1889 1858 1952 ἀποσπασθέντος

294 1976 394 2046 τῆς
450 1974 847 2048 συγκραθείσης
881 1979 946 2047 τῇ
1000 1976 1098 2048 ὕλῃ
1144 1976 1453 2049 δυνάμεωςς
1501 1980 1613 2046 εῖγε
1662 1980 1754 2049 ἀφ’
1796 1972 1857 2032 οὗ

299 2067 496 2138 σελήνη
522 2065 670 2130 αὔξει
687 2067 779 2120 καῖ⁸
803 2066 1068 2137 μειοῦται,
1094 2066 1325 2120 διατελεί
1357 2068 1487 2131 Θεὸς
1516 2068 1655 2122 κατά
1685 2068 1857 2140 βραχὺ

293 2159 355 2211 τὸ
375 2159 570 2211 οίκεῖον
581 2157 997 2228 ἀπολαμϐάνων.
1030 2159 1286 2227 Καίτοιγε
1312 2158 1560 2223 τοσοῦτος
1588 2159 1858 2231 παρῆλθεν

294 2250 450 2313 αἰὼν,
484 2249 578 2302 καὶ
603 2247 725 2302 οὔτε
749 2250 810 2303 τὸ
857 2250 1191 2322 ἀνθρώπινον
1240 2250 1396 2319 γένος
1424 2250 1641 2323 ἀριθμῷ
1662 2269 1722 2321 γε
1751 2252 1857 2305 τῶν

297 2339 513 2405 ζώντων
559 2340 863 2411 ἠλάττωται
885 2384 899 2406 ,
960 2341 1082 2395 οὔτε
1118 2341 1244 2396 ἀλλο
1289 2358 1340 2395 τι
1383 2342 1495 2396 τῶν
1521 2343 1858 2414 τετραπόδων

298 2433 521 2504 μείωσιν
579 2433 784 2505 ὑπέστη
854 2434 993 2499 τινὰ,
1026 2434 1159 2488 ἀλλά
1190 2434 1433 2506 συνήθως
1470 2433 1538 2487 τά
1564 2435 1858 2504 γιγνόμενα

292 2525 539 2594 γίγνεται
568 2526 661 2578 καὶ
690 2526 1041 2594 ἀπογίγνεται
1063 2543 1076 2557 ο
1100 2527 1193 2579 καὶ
1224 2525 1301 2578 ἔτι
1327 2525 1525 2596 μᾶλλον
1549 2527 1628 2588 είς
1657 2524 1856 2595 πλῆθος

295 2618 328 2687 ἡ
392 2617 744 2689 ἀνθρωπότης
788 2617 1096 2673 ἐπιδέδωκε.
1145 2616 1313 2671 Πόθεν
1367 2617 1542 2670 τοίνυν
1588 2619 1787 2681 ἐκεῖνος
1829 2619 1856 2671 ὁ

295 2708 623 2779 παραπαίων
646 2710 822 2761 οἴεται
846 2709 1190 2780 ἀφαιρεῖσθαι
1218 2708 1359 2762 κατά
1389 2707 1583 2780 βραχὺ.
1607 2708 1671 2779 ἢν
1692 2708 1857 2760 πλατ-

294 2799 516 2870 τόμενός
558 2817 689 2870 φησι
743 2800 1111 2873 ωγκραθῆναι
1139 2803 1205 2871 τῇ
1250 2801 1417 2872 κακίᾳ
1458 2800 1713 2870 δύναμιν;
1743 2801 1856 2869 εἴγε

294 2889 366 2944 τά
397 2889 535 2944 αύτά
558 2891 814 2954 ὡσαύτως
837 2891 945 2962 ἔχει
970 2892 1110 2945 κατά
1128 2893 1331 2964 κόσμον
1348 2910 1361 2922 ·
1380 2891 1441 2946 τὸ
1467 2892 1596 2945 αὐτὸ
1628 2892 1725 2962 μὲν
1750 2891 1855 2963 γὰρ

297 2980 399 3053 τῆς
420 2981 626 3053 ἡμέρας
654 2983 866 3054 μέτρον,
907 2984 968 3037 τὸ
993 2984 1123 3037 αὐτὸ
1146 2984 1203 3038 δὲ
1232 2984 1327 3055 τῆς
1360 2984 1553 3047 νυκτός
1575 3002 1586 3014 ο
1614 2986 1705 3037 καὶ
1733 2982 1856 3037 οὗτε

298 3073 363 3128 τὸ
388 3073 502 3143 φῶς
522 3074 840 3145 ἠλάττωται,
862 3075 983 3129 οὔτε
1003 3076 1062 3129 τὸ
1092 3077 1280 3141 σκότος
1310 3076 1659 3129 ἐπλεόνασεν·
1694 3078 1722 3129 ὁ
1750 3076 1857 3146 γὰρ

297 3166 461 3228 αὐτὸς
510 3166 660 3237 ἡλίου
709 3167 903 3239 δρόμος
935 3168 1029 3222 καὶ
1064 3168 1310 3239 σελήνης,
1351 3168 1443 3221 καὶ
1484 3167 1581 3238 μία
1603 3167 1666 3238 δὴ
1705 3166 1855 3233 τάξις

296 3258 332 3330 ἡ
363 3255 424 3322 ἐξ
452 3258 624 3329 ἀρχῆς
638 3259 899 3331 γενομένη
917 3259 1180 3330 διαμένει.

1954 522 2110 592 quit;
2166 521 2233 576 ad
2287 529 2586 576 extremum
2641 519 2784 572 enim
2833 519 3012 573 vincet
3056 534 3197 581 eam.
3259 520 3528 592 facietque

1954 619 2015 667 ut
2053 613 2273 666 redacta
2327 612 2382 664 in
2443 610 2651 679 glebam
2688 624 2720 661 a
2767 609 2947 678 seipsa
3006 609 3374 665 comburatur.
3415 612 3530 669 Cur

1955 705 2119 774 igitur
2148 719 2255 758 non
2282 701 2409 756 fecit
2433 702 2536 755 hoc
2566 716 2596 755 a
2626 700 2935 771 principio?
2962 699 3152 754 Utrum
3184 716 3292 756 non
3326 704 3519 769 voluit,

1955 809 2161 848 annon
2199 793 2409 863 potuit?
2461 791 2516 846 Si
2558 792 2750 856 noluit,
2781 792 3052 862 quomodo
3102 807 3295 847 rursus
3343 795 3525 859 volet,

1959 887 2275 958 pmnitentia
2309 884 2535 944 ductus.
2566 884 2819 955 judicans
2872 896 2924 938 et
2963 884 3168 952 eligens
3223 885 3367 954 quod
3414 901 3530 941 mc-

1960 979 2066 1032 lius
2103 978 2227 1032 est?
2253 975 2441 1035 Nonne
2467 979 2769 1049 pertinebat
2797 977 2864 1032 ad
2896 978 3099 1032 bonum
3129 977 3286 1032 aliter
3310 991 3340 1030 a
3372 977 3526 1047 prin-

1956 1070 2101 1140 cipio
2136 1068 2376 1125 funditus
2401 1070 2579 1125 delere
2611 1069 2933 1140 nequitiam,
2960 1069 3006 1124 si
3038 1069 3255 1138 quidem
3287 1078 3531 1138 poterat?

1959 1156 2051 1211 Sin
2077 1174 2205 1212 vero
2225 1174 2334 1212 non
2370 1167 2615 1227 poterat,
2662 1158 2960 1227 periculum
2992 1156 3324 1212 inﬁrmitatis
3349 1157 3400 1210 in
3430 1172 3530 1210 au-

1956 1251 2256 1304 ctoritatem
2291 1250 2475 1304 mundi
2529 1250 2775 1320 emergit.
2831 1248 3110 1315 Quomodo
3160 1263 3290 1319 ergo
3338 1256 3525 1319 postea

1958 1344 2193 1412 poterit?
2231 1357 2299 1396 an
2329 1343 2536 1397 viribus
2568 1357 2707 1413 quas
2755 1356 2862 1395 non
2898 1341 3149 1405 habebat,
3183 1341 3482 1411 assumptis
3506 1380 3522 1404 ,

1956 1436 2037 1489 vel
2091 1449 2426 1503 augescens,
2472 1436 2555 1490 vel
2598 1435 2966 1490 accessionem
3024 1441 3078 1487 et
3124 1432 3524 1488 incrementum

1957 1526 2258 1582 adhibens?
2287 1529 2332 1582 si
2381 1527 2524 1581 enim
2560 1528 2722 1582 ambo
2765 1525 3041 1581 contraria
3080 1525 3319 1596 ingenita
3354 1532 3481 1580 sunt
3506 1560 3522 1588 ,

1954 1627 2207 1671 neutrum
2238 1617 2599 1672 accretiouem
2642 1625 2735 1671 aut
2778 1616 3210 1671 imminutionem
3242 1615 3435 1684 recipit

2030 1706 2225 1761 Totum
2256 1706 2420 1777 igitur
2445 1714 2813 1761 commentum
2845 1703 3064 1759 barbari
3091 1702 3394 1758 consistere
3426 1716 3529 1755 ne-

1892 1782 2097 1869 Bquit.
2153 1799 2293 1865 Quid
2349 1799 2518 1853 vero?
2578 1814 2645 1852 an
2699 1797 2832 1851 dicit
2871 1796 3221 1857 Manicbzeus,
3271 1808 3435 1849 sensu
3467 1807 3528 1847 se

1959 1891 2269 1960 percepisse
2314 1889 2574 1959 majorem
2629 1890 2713 1944 vel
2760 1889 3022 1942 minorem
3067 1896 3275 1955 partem
3310 1883 3528 1938 virtutis

1959 1982 2203 2036 admista:
2246 1980 2484 2035 materiae
2521 1988 2760 2049 ereptam
2792 1987 2846 2033 et
2877 1975 3222 2047 ademptam?
3246 1974 3525 2044 Siquidem

1958 2089 2021 2128 ex
2051 2090 2157 2143 quo
2184 2074 2310 2126 luna
2341 2072 2539 2128 crescit
2564 2082 2619 2127 et
2646 2071 2934 2136 decrescit,
2965 2069 3128 2134 Deus,
3157 2068 3367 2137 inquit,
3393 2080 3527 2137 pau-

1959 2164 2111 2218 latim
2138 2170 2422 2232 recuperat
2447 2163 2590 2232 quod
2621 2163 2762 2216 lunae
2793 2161 3071 2231 proprium
3106 2167 3219 2223 est;
3252 2167 3306 2212 et
3341 2165 3524 2211 tamen

1957 2264 2038 2309 tot
2069 2256 2284 2311 saaculis
2325 2255 2514 2325 lapsis,
2548 2270 2726 2324 neque
2760 2268 2931 2324 genus
2959 2252 3256 2305 humanum
3293 2262 3525 2303 numero

1956 2347 2254 2402 viventium
2295 2347 2642 2401 imminutum
2674 2354 2777 2409 est,
2830 2358 2932 2398 nec
2976 2343 3145 2396 ullum
3174 2339 3319 2394 aliud
3352 2354 3523 2409 genus

1958 2437 2369 2508 quadrupedum
2436 2435 2853 2492 diminutionem
2913 2434 3079 2488 ullam
3141 2432 3283 2500 cepit
3334 2449 3348 2484 :
3391 2430 3524 2499 quin

1958 2535 2138 2605 potius
2178 2549 2296 2604 qua:
2349 2533 2489 2587 facta
2522 2538 2671 2593 sunt,
2705 2530 2868 2584 solito
2901 2542 3051 2582 more
3084 2524 3239 2589 fiunt,
3275 2531 3330 2579 et
3374 2523 3525 2579 desi-

1957 2631 2095 2678 nunt
2125 2638 2276 2687 esse;
2311 2629 2364 2676 et
2395 2620 2574 2674 adhuc
2606 2619 2781 2688 magis
2822 2614 3138 2670 humanitas
3176 2613 3233 2667 in
3278 2612 3526 2667 multitu-

1956 2712 2136 2767 dinem
2186 2712 2393 2766 crevit.
2448 2708 2602 2764 Unde
2654 2709 2820 2779 igitur
2870 2708 3097 2761 insanus
3145 2705 3234 2758 ille
3255 2702 3526 2773 'Opinatur

1955 2803 2216 2875 paulatim
2268 2802 2469 2856 auferri
2520 2801 2799 2862 virtutem,
2838 2812 3002 2868 quam
3051 2796 3204 2866 lingit
3234 2794 3523 2849 admistam

1955 2906 2077 2949 esse
2120 2890 2418 2961 nequitiae?
2471 2887 2754 2960 Siquidem
2805 2887 2993 2941 eadem
3028 2884 3279 2939 similiter
3317 2898 3375 2937 se
3428 2882 3526 2935 ha-

1956 2984 2084 3039 bent
2112 2984 2166 3038 in
2194 2982 2432 3050 mundo;
2467 2982 2655 3037 eadem
2690 2978 2834 3034 enim
2865 2986 2950 3033 est
2992 2990 3246 3031 mensura
3278 2973 3409 3039 diei,
3433 2989 3527 3028 ea-

1959 3074 2078 3129 dem
2120 3075 2332 3140 noctis;
2371 3088 2548 3142 neque
2579 3075 2761 3127 lumen
2797 3070 2970 3141 magis
2996 3077 3160 3123 tenue
3190 3066 3394 3121 factum
3417 3072 3522 3129 est,

1960 3179 2133 3234 neque
2171 3164 2405 3217 tenebra:
2423 3163 2657 3230 majores
2691 3181 2704 3215 :
2742 3160 2884 3214 idem
2930 3172 3167 3227 namque
3213 3165 3299 3212 est
3330 3171 3525 3212 cursus

1961 3256 2093 3310 solis
2133 3261 2187 3307 et
2221 3254 2381 3317 lunae,
2444 3252 2496 3306 id
2534 3260 2638 3314 est,
2686 3251 2828 3306 idem
2867 3248 3003 3303 ordo
3034 3250 3125 3319 qui
3168 3262 3199 3301 a
3259 3248 3526 3319 principio
3576 3260 3589 3271 '

1962 3347 2137 3401 factus
2174 3353 2257 3399 est
2278 3384 2293 3409 ,
2325 3350 2651 3413 perseverat.

297 3457 428 3516 CAP.
457 3454 647 3511 XXXI.
688 3454 982 3511 Secundum
1004 3454 1235 3518 Manent,
1268 3454 1564 3509 substantia
1588 3456 1685 3527 Dei
1710 3460 1930 3524 patitur,
1958 3461 2005 3513 si
2043 3460 2233 3513 animae
2263 3458 2577 3527 puniantur.
2618 3454 2758 3510 Deus
2792 3454 2967 3508 imalet
2999 3447 3361 3523 profundum”
3384 3451 3525 3510 und:

1299 3528 1544 3580 materia.
1581 3526 1920 3583 Diabolorum
1953 3530 2171 3583 malitia:
2201 3526 2522 3599 progressus.

381 3642 708 3714 Ἐρωτητέον
743 3642 798 3695 δὲ
826 3643 1065 3704 κάκεῖνο,
1099 3642 1161 3694 Et
1189 3642 1243 3695 αἱ
1268 3641 1650 3714 ἀμαρτήσασαι
1673 3643 1859 3714 ψυχαὶ,

299 3738 394 3792 καὶ
427 3735 639 3807 μυρίοις
695 3734 990 3805 ἐνεχθεῖσαι
1045 3738 1232 3798 κακοῖς
1277 3735 1334 3787 ἐν
1379 3733 1457 3804 τῷ
1500 3733 1620 3806 βίῳ,
1651 3735 1860 3789 τίσουσι

297 3831 453 3903 ιίκην
496 3823 570 3883 ὧν
596 3828 1038 3898 ἐπλημμέλησαν,
1064 3828 1097 3897 ἦ
1127 3826 1226 3894 ob;
1255 3829 1315 3881 Et
1347 3827 1442 3896 μὲν
1468 3823 1559 3881 οὖν
1599 3828 1858 3893 τίσουσιν,

297 3917 329 3973 ὃ
368 3917 432 3990 δὴ
465 3917 558 3971 καὶ
607 3916 765 3980 αὐτὸς
795 3916 1042 3987 ὁμολογεῖ
1063 3918 1120 3969 ὲν
1140 3919 1205 3987 τῇ
1239 3915 1415 3987 βώλῳ,
1451 3916 1650 3980 ταύτας
1678 3918 1858 3988 ἐμπα-

298 4010 563 4084 γήσεσθαι
592 4010 707 4081 ἅμα
734 4012 798 4081 τῇ
832 4009 1000 4081 κακίᾳ
1053 4007 1225 4077 λέγων
1247 4026 1259 4039 ·
1291 4009 1643 4079 εὑρεθήσεται
1677 4012 1706 4062 ό
1730 4009 1861 4072 Θεὸς

297 4107 397 4177 τὴν
429 4102 620 4157 ἐαυτοῦ
674 4100 831 4171 φύσιν
870 4102 1299 4173 τιμωρούμενος*
1345 4095 1405 4155 οὗ
1462 4101 1515 4153 τί
1562 4100 1627 4154 ἂν
1658 4101 1862 4169 γένοιτο

296 4194 678 4267 ἀτοπῶτερον;
707 4195 756 4246 εί
788 4194 845 4246 δέ
888 4193 1219 4264 ἁτιμὼρητοι
1261 4192 1492 4258 ἔσονται,
1526 4194 1624 4247 οὐκ
1662 4193 1862 4258 ἄλυπος

298 4287 394 4340 καὶ
451 4284 680 4357 ἀζήμιος
732 4287 888 4355 μόνον
923 4286 955 4355 ἡ
989 4285 1254 4356 ἀμαρτία,
1291 4286 1424 4339 ἀλλά
1478 4287 1571 4340 καὶ¹
1600 4287 1758 4340 πλέον
1794 4287 1860 4340 ἂν

298 4379 443 4450 ἔχειν
466 4380 646 4449 δοκοίη
677 4378 777 4448 τῆς
797 4377 1139 4448 δικαιοσύνης
1162 4397 1175 4409 ·
1196 4378 1309 4447 εἴγε
1336 4380 1428 4433 καὶ
1455 4380 1513 4433 ἐν
1534 4379 1611 4450 τῷ
1637 4380 1859 4450 παρόντι

2027 3642 2458 3703 Percontandum
2482 3642 2643 3697 etiam
2680 3641 2808 3695 illud
2833 3639 3001 3695 :Num
3030 3640 3220 3694 animae
3248 3652 3368 3708 quae
3399 3652 3526 3707 pec-

1956 3743 2215 3792 caverunt
2249 3743 2302 3790 et
2329 3733 2663 3789 inﬁnitorum
2707 3734 2971 3787 malorum
3018 3735 3076 3786 in
3113 3736 3222 3784 vita
3254 3745 3360 3784 retr.
3394 3728 3517 3783 fue-

1959 3835 2107 3891 runt,
2135 3828 2341 3882 dabunt
2382 3841 2573 3897 ptenas
2621 3841 2809 3880 eorum
2841 3840 2960 3894 quae
2991 3823 3401 3882 commiserunt.
3452 3836 3522 3875 an

1957 3918 2105 3974 non?
2164 3916 2222 3972 Si
2274 3918 2491 3988 quidem
2531 3917 2777 3980 dabunt,
2838 3915 2982 3985 quod
3033 3914 3250 3984 quidem
3300 3923 3354 3969 et
3406 3914 3523 3984 ipse

1955 4009 2260 4073 conﬁtetur,
2313 4023 2437 4063 cum
2492 4008 2566 4061 ait
2626 4008 2678 4061 in
2722 4006 2875 4075 gleba
2924 4006 3024 4060 bas
3070 4004 3376 4076 inﬁgentlas
3401 4021 3523 4061 esse

1962 4118 2083 4155 cum
2115 4101 2376 4172 nequitia,
2423 4100 2725 4169 reperietur
2766 4097 2910 4153 Deus
2939 4105 3184 4151 naturam
3226 4112 3381 4151 suam
3418 4112 3522 4168 pu—

1962 4197 2107 4249 nire:
2135 4208 2245 4265 quo
2267 4194 2395 4263 quid
2429 4192 2719 4247 absurdius
2745 4199 2799 4246 et
2828 4190 3150 4261 ﬂagitiosius
3177 4188 3291 4243 ﬁeri
3319 4188 3523 4259 potest?

1963 4282 2021 4339 Si
2063 4299 2192 4340 vero
2236 4283 2513 4355 impunita:
2543 4292 2596 4336 et
2626 4283 2812 4336 inultae
2850 4289 3031 4345 erunt,
3060 4294 3169 4334 non
3204 4278 3381 4333 solum
3425 4293 3522 4333 nc-

1958 4393 2063 4447 que
2092 4377 2333 4432 dolorem
2370 4391 2544 4446 neque
2579 4374 2832 4428 damnum
2866 4372 3053 4428 all‘eret
3088 4380 3392 4444 peccatum,
3425 4370 3522 4427 sed

298 4470 451 4525 αίώνι
501 4472 599 4541 τὴν
639 4470 828 4541 ἡδονὴν
882 4469 1144 4540 προσάγοι
1173 4470 1249 4539 τῷ
1279 4471 1533 4539 μετιόντι,
1564 4473 1658 4525 καὶ
1697 4473 1754 4525 ἐν
1782 4470 1855 4543 τῷ

1960 4471 2121 4525 etiam
2164 4470 2284 4539 plus
2313 4468 2541 4536 iustitia;
2590 4467 2791 4521 habere
2820 4466 3091 4521 videbitur
3128 4484 3141 4520 :
3174 4463 3520 4536 quandoqui-

302 4563 545 4621 μέλλοντι
565 4561 829 4633 τιμωρίας
860 4560 1005 4615 αἰτία
1040 4562 1113 4632 μὴ
1146 4562 1370 4631 γένοιτο.

366 4734 509 4807 Πρὸς
549 4734 605 4787 δὲ
638 4732 846 4793 τούτοις
878 4733 1047 4809 ἅπασι
1080 4733 1389 4804 θαύμαστον
1422 4736 1585 4789 αὐτοῦ
1617 4738 1853 4806 κάκεῖνο,

295 4827 425 4882 ένθα
449 4829 631 4899 φησιν,
651 4827 746 4891 ὼς,
773 4826 870 4896 τῆς
908 4826 1103 4889 κακίας
1144 4826 1389 4880 ἐνταυθοῖ
1432 4829 1854 4903 ἀσχολουμένης,

295 4920 429 4983 Θεὸς
456 4921 514 4971 ἐν
541 4917 615 4989 τῷ
651 4916 851 4987 μεταξὺ
882 4915 943 4968 τὸ
984 4916 1143 4986 βάθος
1174 4918 1472 4990 ἀναπληροῖ
1490 4921 1698 4991 χώματι
1734 4921 1855 4976 ὅθεν

296 5010 562 5080 ἀνέκυψεν
591 5013 623 5081 ή
650 5009 770 5081 ῦλη,
799 5009 941 5063 κατὰ
956 5009 1051 5081 τὴν
1073 5010 1235 5064 αὐτοῦ
1262 5010 1569 5084 δεινοτάτην
1604 5014 1855 5069 ἔκστασιν

300 5106 380 5177 μὴ
418 5104 706 5169 συνιέντος,
743 5104 818 5168 ὡς
846 5104 905 5158 τδ
943 5103 1374 5175 ἐπιϐαλλόμεν⁰ν⁶
1402 5107 1461 5158 Εἰ
1500 5107 1595 5178 μὲν
1623 5108 1728 5161 ἀπὸ
1757 5108 1857 5179 τῆς

294 5199 398 5268 γῆς
457 5196 542 5267 εἴη
586 5196 681 5250 τοῦ
732 5195 958 5266 ἀγαθοῦ,
991 5197 1112 5251 τίνα
1161 5198 1358 5268 τρόπον
1401 5199 1512 5271 ἔχει
1552 5200 1753 5272 χώραν,
1798 5203 1856 5254 ὲν

295 5292 446 5362 τόπῳ
487 5306 551 5358 γε
604 5290 858 5361 ἐναντίῳς
915 5291 962 5344 εί
992 5290 1049 5344 δὲ
1077 5294 1141 5345 ἐκ
1172 5290 1279 5345 τῶν
1316 5292 1496 5363 μερῶν
1527 5295 1623 5366 τῆς
1664 5274 1856 5358 κακίας

293 5382 358 5437 τὸ
378 5384 572 5436 οἰκεῖον
597 5383 696 5436 οὐκ
719 5382 981 5436 ἐκκλείσει
1004 5384 1113 5453 (12)
1130 5383 1225 5455 τὴν
1257 5385 1475 5439 αὐτόθεν
1501 5386 1851 5459 ὡρμημένην.

297 5475 548 5548 Κάθηται
575 5476 631 5536 δὲ
651 5475 782 5540 Θεὸς
813 5476 952 5530 κατά
982 5476 1071 5529 τὸν
1105 5478 1355 5531 Μάνεντα
1390 5478 1454 5530 δι’
1480 5479 1670 5543 αἰῶνος
1695 5496 1831 5550 μετα

298 5567 478 5643 φέρων
500 5567 747 5641 χώματα,
779 5571 872 5623 καὶ
919 5568 1057 5623 κατά
1085 5568 1255 5641 βραχὺ
1298 5569 1683 5641 προσχωννύων
1717 5570 1854 5642 βάθη

1960 4563 2082 4617 dem
2137 4562 2193 4615 in
2246 4561 2349 4614 hoc
2382 4559 2579 4614 saeculo
2611 4559 2937 4627 voluptatem
2979 4556 3169 4611 aﬂ‘erat
3205 4555 3526 4625 suscipienti

1960 4664 2011 4711 et
2040 4654 2093 4708 in
2125 4652 2307 4707 futuro
2337 4667 2443 4705 non
2480 4652 2550 4705 sit
2593 4650 2841 4721 supplicii
2878 4664 3066 4707 causa.

2026 4746 2228 4802 Pmter
2265 4744 2379 4798 haec
2407 4744 2611 4804 omnia.
2646 4742 2776 4797 illud
2811 4751 2894 4797 est
2932 4742 2985 4796 in
3032 4743 3137 4797 isto
3169 4740 3522 4813 stupendum,

1960 4840 2051 4895 ubi
2081 4840 2175 4903 ait,
2219 4837 2363 4908 quod
2396 4836 2638 4907 nequitia
2678 4836 2765 4889 hic
2797 4844 3088 4905 occupata.
3127 4833 3181 4889 id
3213 4842 3298 4890 est
3333 4833 3525 4904 ligata,

1959 4930 2103 4988 Deus
2141 4932 2356 4985 interim
2396 4928 2726 5000 profundum
2780 4926 2967 4996 implet
3006 4940 3200 4997 aggere
3231 4923 3375 4979 unde
3399 4938 3520 4978 ma-

1963 5024 2100 5079 teria
2126 5023 2379 5087 emersit;
2410 5022 2546 5076 nihil
2578 5021 2697 5090 ipso
2737 5020 2790 5073 in
2813 5017 3134 5088 gravissima
3165 5016 3363 5072 mentis
3389 5016 3523 5070 alie-

1960 5115 2182 5171 natione
2228 5113 2562 5183 intelligente
2626 5111 2699 5173 ὡς
2724 5110 2788 5162 τὸ
2816 5109 3258 5179 ἐπιϐαλλόμενον,
3282 5115 3340 5162 ιιι
3374 5105 3521 5178 quod

1961 5206 2324 5276 injiciebatur.
2383 5202 2441 5258 Si
2487 5210 2604 5258 erat
2648 5218 2714 5257 ex
2755 5208 2903 5255 terra
2950 5199 3099 5264 boni,
3133 5197 3408 5269 quomodo
3462 5198 3521 5254 in

1960 5297 2082 5352 loco
2125 5295 2400 5350 contrario
2429 5292 2726 5365 recipitur?
2757 5289 2812 5346 Si
2837 5299 3016 5345 autem
3043 5305 3108 5345 ex
3147 5289 3395 5359 partibus
3424 5301 3520 5342 ne-

1962 5390 2164 5461 quitiae,
2206 5386 2349 5459 quod
2382 5402 2447 5442 ex
2486 5394 2642 5458 parte
2671 5384 2923 5454 nequitiae
2963 5392 3046 5438 est
3074 5390 3129 5438 et
3156 5382 3205 5437 ei
3239 5378 3515 5444 convenit,

1962 5495 2071 5534 non
2109 5476 2349 5532 includet
2380 5476 2504 5531 inde
2527 5484 2770 5529 exortam
2809 5472 3112 5528 materiam.
3148 5469 3309 5525 Sedet
3335 5475 3517 5525 autem

1961 5570 2123 5637 Deus,
2169 5578 2390 5626 auctore
2421 5566 2737 5635 Manichaco,
2780 5562 3116 5623 transferens
3161 5576 3373 5640 semper
3419 5574 3528 5638 ags

342 5722 481 5797 .(l2)
518 5727 866 5782 Ἐκκλείσει.
912 5725 992 5782 An
1022 5725 1329 5796 ἑγκλείσειῖ
1377 5727 1467 5784 Sic
1514 5727 1723 5799 legebat
1765 5728 2050 5802 interpres.
2130 5789 2140 5803 ,
