4008 6208
502 290 641 354 “15

1645 283 1785 341 TiTi
1822 280 2248 340 BOSTRENSIS
2280 279 2593 369 EPISCOPI

3596 283 3730 340 “16

501 430 679 487 geres,
712 420 766 469 et
793 409 1048 482 paulatim
1086 407 1332 479 quaedam
1368 405 1636 479 profunda
1669 405 1958 477 aggeribus
1986 420 2067 459 re-

2175 402 2303 457 τινά.
2334 404 2397 455 Ὢ
2419 403 2516 473 τῆς
2541 400 2736 470 ἀλόγου
2769 398 2993 471 μανίαςί
3027 398 3162 472 πρὸς
3199 400 3266 472 ἢν
3304 400 3361 454 έν
3391 402 3505 465 τοῖς
3532 400 3736 456 πλείοσι

400 538 405 543 ~
503 509 681 578 piens.
721 505 764 559 Ο
791 510 1057 558 amentem
1089 501 1359 556 furorem!
1408 500 1477 554 ad
1501 516 1662 572 quem
1695 498 1945 570 pluribus
1982 496 2066 551 vel

500 601 692 656 saltem
723 594 1054 667 respondere
1085 610 1173 650 res
1204 603 1289 650 est
1324 594 1576 649 ridicula.

575 693 633 747 Si
660 706 788 745 vero
817 689 981 745 vultis
1006 688 1169 754 scire,
1205 689 1479 743 daemones
1500 689 1649 758 ipsos
1681 701 1790 740 non
1817 698 1940 741 esse
1961 698 2072 738 ma-

505 786 586 839 los
628 798 660 837 a
691 782 894 847 radice,
942 797 1117 852 neque
1143 782 1344 835 habere
1384 779 1621 834 radicem
1660 777 1780 831 vitii
1812 784 1865 831 et
1896 776 2070 845 turpi-

503 878 730 940 tudinis,
771 875 867 931 sed
914 877 1191 930 voluntate
1231 876 1335 927 huc
1378 871 1748 942 processisse,
1799 884 1923 924 cum
1959 883 2068 922 non

503 979 687 1028 essent
711 978 906 1024 natura
934 968 1095 1031 mali,
1129 981 1304 1037 neque
1334 973 1529 1019 natura
1558 963 1782 1033 ascripti
1814 961 2072 1032 ignoran-

503 1066 613 1129 tias,
661 1079 770 1117 non
814 1077 919 1116 nox
967 1070 1021 1115 et
1051 1059 1289 1114 tenebrae
1334 1054 1633 1111 secundum
1682 1052 2067 1116 substantiam,

505 1156 601 1212 sed
628 1155 814 1210 habitu
844 1163 899 1209 et
926 1153 1143 1216 studiis,
1176 1160 1230 1207 et
1254 1149 1577 1204 tractatione
1608 1145 1921 1216 huiusmodi
1961 1152 2073 1199 stu-

504 1250 719 1306 diorum
766 1247 891 1302 facti
941 1246 1112 1309 tales,
1161 1244 1501 1314 inquiramus
1537 1236 1885 1309 disputando.
1915 1236 2071 1291 Circa

506 1344 673 1413 igitur
716 1352 910 1396 natura
958 1354 1134 1410 neque
1183 1338 1465 1392 minimum
1527 1334 1745 1406 quidem
1789 1339 2069 1403 aspectum

506 1434 749 1498 habebit,
785 1442 839 1488 et
870 1433 987 1502 ipsa
1018 1429 1323 1502 ignorantia
1355 1442 1533 1498 neque
1566 1427 1767 1483 stillam
1806 1425 2073 1496 cognitio-

506 1529 593 1582 nis
630 1527 733 1582 sibi
764 1523 1080 1585 vindicabit,
1128 1537 1304 1592 neque
1334 1535 1442 1574 nox
1471 1519 1590 1589 ipsa
1624 1526 1679 1574 et
1725 1517 1963 1573 tenebras
1991 1516 2072 1571 sic

507 1627 704 1673 natura
747 1624 880 1671 orta:
921 1615 1003 1669 vel
1034 1614 1089 1667 in
1122 1628 1351 1684 parvum
1393 1610 1738 1681 splendorem
1779 1607 2073 1662 mutabun-

508 1721 598 1767 tur
632 1730 645 1765 :
682 1715 900 1780 apparet
944 1716 1124 1761 autent
1155 1706 1479 1776 cognovisse
1516 1703 1790 1758 daemones
1820 1700 2071 1756 Salvato-

2167 494 2261 575 καὶ
2294 495 2464 563 γέλως
2487 494 2547 547 τὸ
2568 493 2697 564 γοῦν
2726 493 3142 564 ἀποκρίνασθαι.

2238 675 2301 728 Εί
2329 673 2386 727 δὲ
2426 673 2678 745 βούλεσθε
2707 673 2918 745 μαθεῖν,
2940 675 3024 728 ὅτι
3071 658 3165 728 καί
3202 676 3251 728 oi
3293 675 3544 747 δαίμονες
3590 677 3744 729 αὐτοὶ

2168 769 2268 822 οὐκ
2306 767 2413 822 ἀπὸ
2461 769 2617 839 ῥίζης
2649 768 2755 821 εἰσὶ
2787 768 2967 832 κακοὶ,
2997 768 3117 821 οὐδὲ
3152 769 3304 838 ῥίζαν
3331 770 3563 832 ἀτοπίας
3587 769 3744 838 ,ξχοῖλ-

2172 878 2276 925 σιν⁹
2306 861 2440 915 ἀλλά
2479 862 2717 914 κάκεῖνοι
2751 861 2859 914 ἀπὸ
2889 861 3259 933 προαιρέσεως
3286 863 3376 914 ἐπὶ
3419 861 3579 915 τοῦτο
3615 862 3742 932 ὲλῆ-

2169 952 2413 1020 λύθασιν,
2442 954 2503 1007 ού
2528 955 2752 1025 πονηροὶ
2786 954 2884 1026 τὴν
2915 953 3075 1024 φύσιν
3107 954 3277 1020 ὄντες,
3303 956 3402 1008 οὐκ
3430 956 3627 1026 ἀγνοίᾳ
3655 957 3745 1022 ἒγ-

2170 1045 2560 1117 γεγραμμένοι.
2588 1044 2710 1098 οὔτε
2745 1044 2841 1110 νὺξ
2864 1046 2956 1098 καὶ
2980 1046 3166 1109 σκότος
3197 1045 3295 1117 τὴν
3318 1046 3507 1099 οὐσίαν
3535 1046 3746 1114 τυγχά-

2170 1156 2371 1203 νοντες,
2398 1139 2512 1192 ἀλλ’
2543 1138 2651 1206 ἕξει
2698 1139 2791 1192 καὶ
2840 1138 3250 1209 ἐπιτηδεύμασι,
3291 1141 3354 1210 τῇ
3400 1129 3750 1211 ἐπιχειρήσὲι

2169 1231 2278 1285 τῶν
2305 1231 2559 1285 τοιούτων
2586 1233 2866 1301 γεγονότες
2885 1249 2898 1262 ·
2928 1231 3018 1285 τὸν
3047 1231 3203 1301 λόγον
3243 1230 3588 1302 ἐξετάσωμεν
3610 1248 3624 1261 ·
3656 1249 3749 1283 τ’..)⁶

2172 1324 2276 1396 φλὴ
2302 1324 2400 1395 μὲν
2437 1320 2528 1378 οὖν
2582 1323 2741 1394 φύσις
2795 1323 2917 1377 οὐδὲ
2963 1324 3021 1377 ὲν
3069 1323 3325 1398 ἐλαχίστῃ
3365 1324 3460 1376 καὶ
3495 1322 3747 1394 ὀλίγητῇ

2174 1416 2358 1487 βλέψει
2405 1417 2722 1488 γενήσεταιο
2775 1417 2868 1470 κα)⁵
2907 1417 3044 1488 αὐτὴ
3094 1419 3127 1488 ἡ
3173 1415 3362 1487 ἄγνοια
3395 1412 3519 1469 οὐδὲ
3556 1415 3752 1486 (avia:

2172 1509 2426 1577 γνώσεως
2458 1510 2622 1580 ἑαυτῇ
2668 1510 3111 1580 προσποιήσεται,
3144 1507 3267 1561 οὐδὲ
3300 1505 3398 1572 νὺξ
3460 1506 3601 1578 αὐτὴ
3651 1506 3749 1559 καὶ

2174 1601 2363 1664 σκότος
2381 1600 2441 1653 τὸ
2460 1598 2602 1653 οῦτω
2629 1599 2868 1670 πεφυκὸς
2895 1599 2994 1653 κᾶν
3023 1601 3104 1663 είς
3135 1599 3393 1673 βραχεῖαν
3422 1600 3751 1671 λαμπηδόνα

2176 1693 2697 1765 μεταποιηθήσεται·
2751 1693 3026 1763 φαίνονται
3050 1694 3105 1747 δὲ
3152 1696 3247 1747 καὶ
3269 1696 3318 1747 οί
3347 1694 3606 1767 δαίμονες
3656 1696 3753 1748 καὶ

508 1813 643 1862 rem,
666 1777 732 1851 ac
752 1777 1034 1849 Dominum
1065 1795 1351 1849 confessos
1369 1809 1519 1848 esse:
1541 1791 1771 1859 Scimus,
1796 1791 2068 1863 inquiunt,

2175 1787 2400 1859 Σωτῆρα
2431 1786 2649 1853 εἰδότες,
2680 1786 2775 1839 καί⁸
2804 1786 3006 1858 Κύριον
3024 1787 3443 1858 ὁμολογοῦντες·
3487 1788 3754 1859 Οἴδαμέγ

506 1891 625 1962 quis
667 1890 739 1943 sis
798 1885 974 1941 Filius
1022 1885 1123 1941 Dei
1152 1887 1249 1941 vivi
1277 1886 1325 1940 ⁸.
1380 1885 1721 1957 Cognoscere
1750 1898 1929 1941 autem
1964 1902 2074 1941 non

509 1992 685 2055 potest
714 1979 1043 2052 ignorantia,
1086 1993 1263 2049 neque
1319 1978 1504 2035 videre
1556 1978 1792 2034 cmcitas.
1859 1977 2071 2043 Sciunt,

508 2085 564 2132 et
622 2091 807 2132 verum
862 2074 1052 2128 dicunt
1106 2073 1362 2137 scientes,
1434 2080 1489 2127 et
1551 2088 1659 2125 non
1713 2087 1808 2141 per
1867 2072 2074 2126 calum-

509 2169 654 2223 niam
685 2185 701 2235 ;
734 2166 923 2221 dicunt
969 2164 1112 2219 enim
1135 2207 1150 2229 ,
1193 2162 1408 2217 tametsi
1453 2177 1563 2216 non
1592 2162 1831 2233 legitima
1872 2171 1926 2216 et
1959 2162 2075 2215 sitt-

508 2275 636 2317 cera
666 2258 971 2321 aﬂectione,
1014 2256 1319 2311 veritatem.
1364 2252 1483 2309 Non
1526 2253 1636 2323 jam
1667 2253 1733 2308 de
1785 2268 1926 2308 caeca
1976 2268 2074 2308 na-

509 2362 632 2408 tura
658 2361 751 2405 aut
778 2349 1087 2422 ignorantia
1116 2357 1480 2413 accusantur;
1537 2346 1740 2415 alioqui
1788 2361 1859 2400 ne
1906 2346 2070 2400 mini-

509 2457 658 2497 mum
692 2440 912 2511 quidem
961 2437 1248 2500 vidissent,
1281 2451 1384 2491 nec
1420 2434 1471 2491 ei
1506 2435 1782 2505 supplices
1816 2435 2069 2501 fuissent,

509 2548 688 2605 neque
716 2532 1013 2588 cessissent
1043 2528 1215 2594 dicto,
1246 2543 1423 2598 neque
1450 2541 1737 2582 secernere
1766 2527 2073 2597 potuissent

509 2642 635 2682 eum
664 2627 756 2697 qui
786 2623 1058 2696 apparuit,
1095 2621 1190 2678 sed
1222 2620 1404 2691 potius
1434 2619 1839 2674 existimassem
1863 2635 1930 2674 ex
1962 2620 2077 2675 suis

509 2734 650 2785 esse,
696 2718 937 2786 nihilque
975 2715 1117 2768 inter
1165 2712 1375 2780 seipsos
1406 2717 1460 2764 et
1497 2710 1647 2762 illum
1673 2710 1956 2765 interesse.

2177 1894 2269 1942 σε,
2300 1877 2393 1945 τίς
2421 1874 2495 1941 εἴ,
2525 1877 2790 1947 λέγοντες,
2834 1881 2868 1933 ὁ
2906 1879 3038 1945 Υἱὸς
3059 1880 3167 1934 τοῦ
3194 1880 3339 1933 Θεοῦ
3367 1880 3474 1934 τοῦ
3509 1880 3748 1948 ζῶντος.

2177 1970 2385 2023 Εξδέναι
2406 1970 2462 2023 δὲ
2476 1969 2662 2039 ἄγνοια
2681 1970 2742 2023 ού
2763 1969 3004 2034 δύναται,
3029 1971 3123 2024 καὶ
3137 1970 3353 2041 βλέπειν
3378 1971 3557 2044 τυφλὴ
3590 1973 3754 2042 φύσις

2175 2064 2274 2118 ούκ
2313 2064 2506 2135 ίσχύει.
2550 2066 2743 2128 Ἴσασι,
2789 2066 2883 2119 καὶ⁵
2929 2065 3281 2136 ἀληθεύουσιν
3314 2066 3538 2132 εἰδότες,
3566 2070 3668 2122 καὶ
3694 2070 3752 2123 ού

2179 2156 2632 2227 συκοφαντοῦντες
2671 2157 2920 2226 λέγουσι’
2952 2157 3168 2226 λέγουσι
3208 2159 3337 2230 γὰρ,
3365 2159 3521 2223 ὄντες
3547 2159 3656 2212 κᾶν
3680 2163 3755 2233 μὴ

2176 2250 2374 2321 γνησίᾳ
2421 2248 2692 2313 διαθέσει,
2755 2250 2852 2321 τὴν
2895 2250 3169 2323 ἀλήθειαν.
3209 2253 3405 2306 Οὐκέτι
3451 2255 3638 2327 τύφλῇ
3689 2257 3753 2328 τῇ

2177 2342 2334 2413 φύσει
2366 2340 2488 2395 οὒτε
2511 2345 2577 2414 τῇ
2628 2342 2820 2415 ἀγνοίᾳ
2858 2344 3288 2417 κατηγοροῦνται
3316 2364 3329 2375 ·
3362 2340 3397 2420 ᾖ
3432 2348 3548 2419 γὰρ
3575 2349 3648 2402 ἂν
3675 2351 3756 2402 ού-

2176 2434 2233 2488 δὲ
2258 2435 2318 2487 τὸ
2345 2434 2623 2506 ἐλάχιστον
2652 2435 2857 2509 ἐώρων,
2887 2436 3008 2490 οῦτε
3034 2439 3209 2492 ίκέται
3236 2435 3397 2511 ἦσαν,
3419 2440 3548 2495 οὔτε
3579 2460 3757 2515 παρέ.

2177 2526 2384 2599 χώρουν
2437 2526 2515 2599 τῷ
2566 2528 2861 2599 λεγομένῳ,
2903 2529 3027 2583 οὔτε
3070 2530 3340 2603 διέκριναν
3387 2533 3480 2587 τὸν
3514 2535 3755 2605 φανέντα

2177 2618 2334 2671 ἄλλον
2368 2616 2475 2671 τῶν
2502 2617 2708 2671 πολλῶν
2737 2614 2899 2685 εἶναι,
2944 2621 3037 2673 καὶ
3081 2620 3231 2674 οὐδὲν
3267 2621 3550 2695 διαφέρειν
3586 2625 3755 2681 αὐτόν

2176 2728 2238 2765 τε
2271 2711 2366 2765 καὶ
2393 2710 2606 2775 αὐτούς.

1007 2831 1139 2886 CAP.
1176 2826 1390 2884 XXXII.
1424 2827 1610 2881 Preces
1643 2827 1938 2882 dwmomtm
1984 2828 2113 2886 Deo.
2144 2831 2416 2899 Quomodo
2444 2833 2731 2900 puniantur
2750 2830 3009 2888 daemones
3037 2834 3091 2887 in
3120 2832 3323 2903 inferis.

580 2948 684 3015 En,
737 2944 992 3002 animalia
1029 2956 1138 2996 non
1185 2940 1391 2996 utentia
1431 2939 1643 2995 ratione
1679 2940 1955 3010 sapientes
2003 2941 2072 2997 ab

510 3038 891 3111 insipientibus
940 3050 1050 3089 non
1096 3035 1496 3088 internoscunt.
1549 3028 1607 3084 Si
1648 3041 1827 3086 autem
1871 3048 2074 3104 cogno-

2260 2944 2390 3000 Ἰδοὺ
2413 2944 2521 3017 γὰρ
2541 2944 2609 2999 τὰ
2637 2945 2807 3015 ἄλογα
2837 2943 2950 3009 ζῶα
2977 2944 3180 3016 μεταξὺ
3214 2945 3395 3016 σοφῶν
3419 2963 3481 2999 τε
3502 2948 3600 3000 καὶ
3621 2947 3755 3004 ἀσό-

2177 3053 2293 3105 φων
2317 3037 2416 3090 οὐκ
2435 3036 2545 3107 ἔχει
2582 3038 2801 3103 εἰδέναι,
2847 3039 2988 3090 ποῖοι
3026 3038 3197 3108 σοφοὶ,
3226 3039 3318 3092 καὶ
3359 3041 3505 3093 ποῖοι
3536 3041 3752 3111 ἄσοφοι.

508 3138 706 3188 verunt
739 3130 1028 3194 (Immones,
1072 3134 1125 3182 et
1158 3133 1380 3198 propter
1415 3123 1685 3195 judicium
1730 3125 1894 3180 soluti
1951 3134 2073 3183 sunt

2179 3130 2242 3182 Ei
2291 3129 2347 3183 δὲ
2401 3129 2641 3199 ἔγνωσαν
2688 3130 2739 3182 οί
2786 3129 3059 3200 δαίμονες,
3092 3130 3187 3184 καὶ
3225 3130 3498 3202 διάκρισιν
3550 3134 3755 3202 εἰδότες

435 3264 456 3283 .
510 3225 627 3296 lege
651 3237 760 3278 non
784 3219 1187 3276 internoscendi
1217 3217 1362 3271 aliud
1384 3216 1452 3271 ab
1478 3217 1606 3282 alio,
1639 3224 1693 3272 et
1724 3217 2078 3287 dijudieando

510 3321 847 3388 agnoverunt
885 3313 1044 3379 talia;
1084 3308 1426 3366 convincitur
1449 3324 1556 3363 non
1588 3316 1840 3364 naturam
1881 3310 1936 3365 in
1975 3310 2079 3367 bac

510 3427 591 3475 re,
623 3409 716 3466 sed
744 3408 1079 3463 voluntatem
1103 3402 1375 3459 moderari
1410 3420 1425 3456 :
1459 3402 1709 3472 quamvis
1740 3404 1884 3459 enim
1913 3420 2081 3476 aegro-

508 3510 589 3559 tet
612 3503 887 3567 voluntas,
907 3498 1156 3570 quamvis
1184 3504 1349 3564 erret,
1379 3511 1489 3551 non
1519 3503 1698 3552 tamen
1725 3495 1927 3551 desinit
1954 3511 2078 3552 esse

509 3594 740 3650 rationis
777 3593 1085 3663 particeps;
1131 3589 1264 3660 quin
1298 3590 1482 3660 potius
1513 3603 1622 3643 non
1650 3599 1733 3645 est
1757 3590 1861 3646 hoc
1907 3590 2077 3645 inter-

508 3692 772 3755 emptum.
830 3681 923 3736 Sic
956 3680 1230 3735 dazmones
1273 3687 1610 3753 agnoverunt
1651 3696 1807 3744 eum,
1854 3695 2077 3752 rogave-

509 3782 659 3841 runt,
709 3773 980 3843 supplices
1027 3771 1078 3827 ei
1122 3769 1374 3836 fuerunt,
1419 3786 1487 3826 ne
1525 3769 1742 3840 inberet
1787 3784 1884 3826 eos
1926 3771 2077 3826 abire

510 3867 568 3922 in
618 3867 897 3938 abyssum.
962 3863 1019 3918 Si
1051 3870 1208 3919 erant
1247 3862 1341 3917 lilii
1371 3863 1577 3934 abyssi,
1612 3863 1659 3918 si
1696 3862 2071 3934 cognationem

509 3974 634 4013 cum
658 3958 854 4029 abysso
885 3957 1180 4020 habebant,
1213 3970 1312 4010 cur
1350 3963 1583 4025 cognata
1616 3954 1931 4026 refugiunt?
1977 3970 2077 4009 cur

508 4044 748 4101 radicem
776 4059 931 4100 suam
970 4044 1258 4099 recusant?
1295 4045 1483 4115 potius
1511 4044 1654 4099 enim
1692 4058 1812 4099 eam
1842 4044 2074 4114 amplexi

508 4145 712 4204 essent,
746 4138 1069 4194 arbitrantes
1102 4139 1346 4208 requiem
1372 4154 1525 4193 suam
1554 4152 1676 4193 esse
1705 4137 1760 4192 in
1786 4139 2074 4208 cognatio-

508 4247 580 4289 ne
617 4232 874 4303 positam,
916 4229 1185 4300 siquidem
1218 4229 1272 4282 in
1306 4229 1554 4300 cognatis
1583 4229 1640 4281 (it
1666 4229 1963 4292 recreatio;
2019 4227 2074 4282 in

507 4323 810 4398 peregrinis
837 4337 965 4377 vero
994 4330 1048 4377 et
1082 4321 1275 4375 alienis
1299 4320 1675 4375 atllictationes
1702 4339 1715 4375 :
1753 4320 1925 4391 magis
1959 4327 2075 4376 erat

508 4413 617 4468 illis
640 4410 977 4467 recusandus
1004 4408 1194 4479 Jesus;
1223 4411 1396 4481 magis
1423 4409 1759 4466 recusandus
1788 4410 1876 4464 hic
1897 4410 2070 4476 locus,

2176 3221 2530 3277 ἀπολέλυνται
2561 3221 2674 3293 (l3)
2700 3222 2792 3276 τοῦ
2835 3222 3170 3295 ἀδιακρίτου,
3190 3222 3458 3294 διακρίσει
3490 3224 3553 3278 τὸ
3576 3227 3755 3282 τοιοῦ-

2174 3329 2264 3367 τον
2304 3313 2671 3382 ἐπεγνωκότες
2688 3332 2701 3346 ο
2736 3314 3013 3385 ἐλέγχεται
3041 3316 3134 3369 καὶ
3155 3316 3214 3368 ὲν
3239 3316 3415 3387 τούτῳ
3452 3317 3527 3389 μὴ
3564 3319 3751 3388 φύσις,

2175 3404 2311 3458 ἀλλά
2360 3406 2673 3479 προαίρεσις
2740 3404 3153 3477 πρυτανεύουσα
3177 3423 3193 3439 ·
3247 3406 3351 3459 κᾶν
3414 3407 3527 3479 γὰρ
3580 3410 3751 3480 νοήσῃ

2176 3495 2514 3568 προαίρεσις,
2548 3495 2651 3549 κᾶν
2704 3494 2901 3566 «eam.
2941 3495 3092 3566 ὅμως
3123 3494 3218 3549 τοῦ
3242 3491 3380 3549 εἶναι
3411 3496 3608 3571 λογικὴ
3650 3501 3752 3553 οὐκ

2174 3588 2540 3659 ἀπήλλακται,
2565 3586 2679 3641 ἀλλ’
2715 3588 2828 3659 ἔχει
2854 3586 3011 3642 τοῦτο
3044 3587 3119 3659 μὴ
3148 3587 3564 3661 διεφθαρμένον.
3592 3591 3750 3648 Οὕτω

2175 3679 2267 3732 καὶ
2307 3678 2553 3749 δαίμονες
2574 3678 2888 3748 ἐπέγνωσαν
2926 3679 3112 3734 αὐτόν*
3139 3679 3503 3752 ὲλιπάρησαν,
3539 3682 3750 3738 ίκέτειι-

2176 3789 2292 3837 σαν,
2321 3772 2407 3826 ἴνα
2427 3772 2501 3843 μὴ
2524 3770 2751 3843 ἐπιτάξῃ
2771 3773 2952 3835 αὐτοῖς
2976 3774 3056 3836 είς
3084 3772 3184 3845 τὴν
3207 3773 3444 3827 ἄϐυσσον
3472 3776 3746 3832 ἀπελθεῖν.

2174 3865 2237 3918 Ei
2265 3866 2363 3937 τῆς
2391 3866 2625 3920 ἀϐύσσου
2649 3866 2835 3930 παῖδες
2868 3862 3028 3938 ἦσαν,
3064 3868 3112 3919 εί
3138 3868 3460 3937 συγγένειαν
3485 3872 3624 3942 πρὸς
3652 3872 3749 3944 τὴν

2174 3955 2407 4010 ἄϐυσσον
2439 3951 2604 4025 εἶχον,
2662 3955 2716 4007 τί
2744 3954 3002 4024 φεύγουσι
3040 3955 3110 4009 τά
3140 3959 3411 4029 συγγενῆ;
3443 3960 3496 4012 τί
3520 3961 3622 4030 τὴν
3664 3963 3748 4015 ol-

2174 4046 2324 4099 κείαν
2386 4046 2765 4117 παραιτοῦνται
2806 4042 2992 4117 ῥίζαν;
3041 4047 3240 4120 μᾶλλον
3269 4050 3375 4121 γὰρ
3428 4051 3494 4103 ἂν
3557 4052 3740 4119 ἠσπά-

2176 4155 2334 4191 σαντο
2361 4138 2675 4192 ἀνάπαυλαν
2707 4139 2913 4193 ἑαυτῶν
2941 4140 3037 4212 τὴν
3070 4142 3378 4210 συγγένειαν
3404 4141 3692 4211 ἡγούμενοι
3715 4161 3731 4174 ο

2174 4233 2232 4283 ὲν
2262 4229 2366 4301 γὰρ
2389 4232 2502 4292 τοῖς
2519 4230 2831 4298 συγγενέσιν
2859 4233 2891 4302 ἠ
2919 4232 3215 4303 ἀνάκτησις
3238 4232 3456 4301 γίνεται,
3488 4234 3545 4284 ὲν
3564 4231 3624 4284 δὲ
3644 4230 3733 4299 ξέ-

2172 4338 2283 4385 νοις
2336 4323 2391 4374 αί
2436 4320 2738 4386 κακώσεις·
2778 4323 2977 4394 μᾶλλον
3020 4323 3125 4395 γὰρ
3176 4324 3285 4378 ἔδει
3317 4325 3506 4388 αὐτοὺς
3545 4342 3741 4393 παραι-

2171 4416 2380 4471 τεῖσθαι
2407 4416 2497 4470 τὸν
2536 4415 2773 4486 Ἰησοῦν·
2831 4416 3028 4487 μᾶλλον
3077 4415 3135 4469 δὲ
3177 4415 3283 4470 ἔδει
3316 4418 3511 4481 αὐτοὺς
3544 4434 3747 4489 παραι-

508 4506 601 4561 ubi
647 4505 777 4559 boni
810 4510 866 4559 et
908 4505 1047 4574 atqui
1082 4511 1239 4568 sunt;
1277 4501 1684 4573 amplectendus
1715 4516 1845 4557 vero
1866 4502 2073 4557 disces:

2175 4508 2384 4563 τεῖσθαι
2433 4508 2493 4562 τὸ
2546 4482 2781 4562 ἐνταῦθα
2832 4482 3059 4580 χωρίον,
3120 4508 3246 4562 ἔνθα
3315 4509 3598 4563 σπουδαῖοι
3631 4482 3747 4563 ’καὶ

508 4614 605 4654 sus
636 4598 688 4653 in
720 4597 995 4669 abyssum.
1032 4595 1236 4651 Contra
1264 4609 1391 4651 vero
1428 4595 1557 4650 dum
1592 4603 1867 4661 recusant,
1895 4602 1951 4651 et
1984 4610 2075 4650 ca-

506 4700 657 4757 vent,
708 4700 761 4745 et
793 4690 922 4744 illuc
967 4689 1116 4744 abire
1142 4688 1469 4755 detrectant,
1503 4688 1612 4742 imo
1652 4688 1721 4742 ob
1759 4688 1903 4742 banc
1941 4701 2074 4741 cau-

510 4796 624 4837 sam
655 4780 927 4851 supplices
956 4787 1133 4845 orant,
1167 4779 1300 4835 satis
1331 4778 1515 4833 indicii
1542 4778 1831 4843 dederunt,
1863 4778 2070 4833 nullam

509 4888 571 4930 se
615 4868 1071 4927 necessitudinem
1132 4877 1185 4924 et
1211 4869 1590 4940 cognationem
1634 4884 1760 4924 cum
1795 4870 1917 4925 loco
1956 4876 2073 4925 tor-

508 4972 816 5020 mentorum
848 4961 1076 5028 babere;
1110 4960 1248 5016 nihil
1287 4961 1432 5017 enim
1469 4963 1711 5033 seipsnm
1741 4961 1983 5031 aﬂlictat,
2018 4970 2073 5018 et

508 5058 654 5113 malo
681 5056 881 5112 allicit:
915 5070 1075 5111 omne
1103 5062 1282 5111 autem
1317 5054 1463 5127 quod
1490 5055 1803 5124 alllictatur,
1826 5064 1881 5112 et
1925 5053 2071 5113 malo

510 5149 761 5214 allicitur,
786 5148 856 5203 ab
878 5149 985 5205 alio
1022 5147 1346 5205 aﬂlictatur:
1375 5164 1602 5205 necesse
1629 5150 1772 5205 enim
1811 5157 1895 5204 est
1927 5148 2073 5220 quod

511 5243 729 5297 alllictat
779 5256 888 5296 non
941 5242 1013 5297 sit
1070 5241 1155 5297 sui
1205 5242 1479 5298 alllietatio
1522 5258 1586 5298 ac
1626 5243 1924 5307 cruciatus,
1978 5240 2074 5297 sed

510 5337 735 5393 alterius
779 5335 926 5408 quod
977 5345 1162 5408 aptum
1210 5346 1401 5393 natum
1443 5345 1547 5405 est,
1586 5344 1646 5393 ut
1682 5335 1970 5394 aillictetur
2020 5343 2075 5392 et

508 5432 654 5488 malo
679 5428 960 5485 adiciatur.

584 5595 602 5623 ³
632 5588 794 5647 Marc.
826 5605 869 5655 ι,
900 5589 991 5659 Ξι;
1026 5590 1158 5646 Luc.
1191 5605 1264 5659 tv,
1290 5590 1378 5646 δέ.

2172 4600 2456 4665 ἐπιεικεῖς,
2512 4598 2850 4664 ἀσπάζεσθαι
2900 4599 2957 4652 δὲ
3010 4600 3108 4671 τὴν
3158 4598 3393 4654 ἄϐυσσον
3448 4600 3483 4671 ἢ
3526 4600 3628 4673 τὴν
3687 4603 3743 4653 ἐν

2177 4692 2395 4764 ἀϐύσσῳ
2416 4692 2616 4763 ἄφιξιν.
2648 4693 3074 4766 Παραιτούμενοι
3101 4693 3157 4746 δὲ
3193 4695 3285 4748 καὶ
3330 4694 3740 4766 φυλαττόμενοι,

2177 4787 2272 4840 καὶ
2324 4786 2541 4841 ἀπιέναι
2588 4786 2703 4839 ἐκεῖ
2750 4786 2850 4839 οὐκ
2901 4787 3237 4857 ἀνεχόμενοι,
3267 4785 3381 4840 ἀλλ’
3412 4788 3743 4849 ἱκετεύοντες

2173 4880 2271 4951 τῆς
2304 4881 2480 4944 αἰτίας
2506 4880 2706 4951 ταύτης
2729 4879 2908 4952 χάριν,
2943 4879 3120 4932 ἱκανὸν
3156 4884 3455 4950 τεκμήριον
3482 4879 3740 4934 δεδώκασι

2178 4972 2445 5044 μηδεμίαν
2476 4973 2671 5035 αὐτοὺς
2706 4971 2940 5042 φυσικὴν
2976 4954 3292 5039 πγγένὲων
3317 4971 3457 5042 πρὸς
3488 4970 3560 5024 τά
3584 4971 3740 5024 κολα-

2176 5066 2370 5135 στήρια
2410 5063 2550 5134 ἔχειν
2570 5080 2585 5095 ·
2619 5062 2871 5116 οὐδέποτε
2900 5061 3008 5134 γὰρ
3038 5061 3189 5114 οὐδὲν
3228 5062 3387 5115 ἑαυτὸ
3413 5064 3610 5115 κακοῖ-
3637 5063 3742 5116 πᾶν

2172 5155 2230 5209 δὲ
2278 5155 2610 5227 κακούμενον
2641 5155 2731 5208 ὑπ’
2761 5155 2920 5211 ἄλλου
2947 5153 3247 5208 κακοῦται·
3281 5155 3496 5225 ἀνάγκη
3540 5154 3652 5226 γὰρ
3684 5153 3741 5206 τὸ

2173 5248 2376 5303 κακοῦν
2437 5248 2512 5320 μὴ
2562 5248 2755 5303 ἑαυτοῦ
2813 5244 2950 5302 εῖναι
2975 5247 3240 5317 κάκωσιν,
3277 5247 3392 5301 ἀλλ’
3426 5246 3621 5321 ἑτέρον
3649 5243 3738 5299 τοῦ

2173 5341 2471 5412 πεφυκότος
2506 5340 2805 5413 πάσχειν,ἢ
2831 5339 3151 5396 κακοῦσθαι.

583 5710 695 5786 (l3)
747 5706 1018 5764 Ἀπολέλ.
1051 5706 1187 5765 Huic
1226 5707 1331 5780 legi
1365 5706 1605 5764 serviunt
1634 5711 1686 5762 et
1723 5710 1912 5777 parent
1946 5700 2198 5758 animalia
2223 5698 2449 5758 rationis
2474 5697 2732 5771 expertia.
2761 5696 2932 5755 Tun.
