4008 6208
301 239 440 310 ΗΠ

1383 262 1755 340 ADVERSUS
1797 260 2223 321 MANICHJEOS
2259 263 2389 323 LIB.
2427 260 2471 322 1.

3388 259 3522 329 1118

377 369 506 424 ’[δού
532 368 592 423 τὸ
623 368 736 443 πῦρ
786 371 942 427 ἑαυτὸ
975 373 1035 428 οὐ
1056 374 1201 430 καίει
1224 392 1238 408 ο
1268 376 1455 451 ἕτερον
1483 379 1592 453 γὰρ
1645 380 1739 435 καὶ
1764 379 1858 450 οὐχ

2038 377 2179 435 Ecce
2222 378 2363 450 ignis
2415 391 2525 432 non
2565 373 2835 432 comburit
2871 389 2964 438 se,
3001 371 3095 429 sed
3132 371 3296 441 aliud,
3349 389 3524 444 neque

294 461 456 515 ἑαυτὸ
486 461 771 518 ἀναλώσει.
816 465 944 518 Ἰδοὺ
974 466 1033 520 τὸ
1060 466 1200 541 ’ύδωρ
1227 468 1387 523 ἑαυτὸ
1412 470 1471 525 οὐ
1494 468 1820 535 κατακλύζει
1843 485 1858 500 ·

292 552 362 605 τὰ
389 552 497 626 γὰρ
524 552 683 625 ἕτερα
699 555 1037 612 κατακλῦσαι
1064 550 1224 625 δῖδεν,
1251 560 1410 614 ἑαυτὸ
1440 559 1497 615 δὲ
1524 560 1861 616 κατακλύσαι

290 645 392 698 οὐκ
419 644 552 716 ἔχει.
583 646 713 700 Ἰδοὺ
758 648 788 701 ὁ
825 648 932 721 ἀὴρ
951 649 1142 723 ψύχειν
1180 653 1369 707 ἑαυτὸν
1393 655 1491 708 οὐκ
1532 649 1669 709 οἶδεν
1691 672 1706 687 ·
1741 655 1861 709 ἐπεὶ

290 737 401 790 πᾶν
429 736 490 790 τὸ
518 736 659 810 δρῶν
683 738 775 792 καὶ
809 741 1009 795 κακοῦν
1042 743 1224 815 ἕτερόν
1240 762 1292 799 τι
1308 750 1467 800 κακοῖ
1485 748 1577 801 καὶ
1596 748 1783 801 λυπεῖ’
1812 749 1861 801 εί

287 828 346 882 δὲ
386 829 528 902 κακὴ
556 832 590 903 ἡ
617 831 869 902 ἄϐυσσος,
881 835 974 889 καὶ
988 835 1341 893 κακοῦνταιοί
1356 839 1603 912 δαίμονες
1633 840 1736 895 ὐπὸ
1762 841 1862 913 τῆς

288 918 547 987 ἀϐύσσου,
581 924 677 977 καὶ
738 922 1153 998 βασανιστήριον
1193 928 1289 999 μὲν
1338 931 1372 1000 ή
1402 929 1656 995 ἄϐυσσος,
1702 947 1857 1001 στρε-

287 1011 542 1068 ϐλοῦνται
563 1014 619 1070 δὲ
654 1016 702 1070 οῖ
737 1016 1009 1089 δαίμονες,
1041 1020 1223 1074 οὐκέτι
1246 1020 1330 1093 τῷ
1349 1022 1519 1093 ὁμοίῳ
1546 1021 1858 1094 βασανίζον-

285 1121 399 1167 ται,
421 1105 534 1159 ἀλλ’
556 1106 728 1180 ἕτεροι
755 1108 1015 1174 δντεςύπὸ
1038 1111 1223 1183 ἐτέρου
1241 1111 1623 1183 βασανίζονται
1640 1130 1653 1143 ·
1677 1112 1858 1166 οὐκέτι

284 1196 392 1268 τῆς
428 1197 639 1267 φύσεως
683 1199 886 1271 ταύτης
940 1202 1061 1255 οὐδὲ
1106 1202 1209 1273 τῆς
1257 1203 1471 1267 οὐσίας·
1522 1205 1715 1275 ἑτέρας
1750 1200 1858 1275 γὰρ

287 1289 500 1363 ἐδείχθη
544 1291 729 1358 οὐσίας
773 1295 806 1366 ή
837 1294 1089 1360 ἄϐυσσος.
1139 1296 1248 1351 Καὶ
1278 1296 1360 1351 ὅτι
1387 1296 1486 1368 μὲν
1519 1298 1567 1351 οῖ
1607 1297 1859 1368 δαίμονες

288 1382 478 1455 ἑτέρου
504 1384 699 1453 γένους
729 1387 823 1440 καὶ
859 1388 1051 1460 ἑτέρας
1074 1388 1261 1452 οὐσίας
1293 1389 1442 1464 παρά
1466 1391 1564 1463 τὴν
1600 1390 1855 1453 ἄϐυσσον,

291 1473 454 1529 ῖκανά
495 1476 564 1531 τά
611 1477 904 1548 εἰρημέναο
941 1479 1035 1533 καὶ
1064 1480 1202 1551 αὐτη
1232 1478 1289 1533 δὲ
1319 1482 1352 1552 ή
1378 1480 1611 1545 ἄϐυσσος
1640 1481 1859 1551 βασανι-

291 1567 510 1640 στήριον
546 1567 644 1639 μὲν
695 1565 809 1621 ἔστι
854 1569 948 1623 καὶ
979 1569 1354 1641 κολαστήριον,
1384 1570 1484 1623 οὐκ
1525 1568 1739 1624 αἰώνιον
1778 1569 1853 1634 δὲ,

286 1657 408 1713 οὐτε
463 1660 772 1734 ἀγέννητον,
826 1662 940 1717 ἀλλ’
985 1662 1207 1736 ὕστερόν
1253 1680 1383 1718 ποτε
1441 1664 1853 1736 γεγεννημένον,

286 1750 383 1821 ὀψέ
406 1768 533 1807 ποτε
561 1755 948 1826 πεποιημένον,
970 1757 1090 1810 ἀντὶ
1124 1758 1414 1828 φαρμάκου
1454 1757 1550 1811 καὶ
1579 1756 1855 1829 βοηθήμα-

284 1861 376 1908 τος
400 1846 512 1911 τοῖς
531 1847 924 1919 ἡμαρτηκόσιν.
982 1849 1146 1920 Ἰεραὶ
1182 1849 1290 1921 γὰρ
1322 1850 1379 1902 αἱ
1408 1850 1687 1920 μάστιγες,
1718 1850 1855 1921 φάρ-

286 1954 462 2009 μακον
508 1934 661 1993 οὖσαι
710 1940 818 1994 τῶν
867 1942 1262 2014 ἡμαρτηκότων
1292 1959 1306 1972 ’
1367 1942 1506 2014 ἱεραὶ
1550 1943 1606 1996 αί
1648 1941 1855 2013 πληγαὶ

283 2029 603 2103 βοηθήματα
632 2032 994 2104 τυγχάνουσαι
1028 2034 1135 2087 τῶν
1167 2033 1510 2103 σφαλέντων⁹
1540 2035 1600 2087 οὐ
1627 2034 1736 2105 γὰρ
1769 2034 1854 2087 ἵνα
1891 2108 1899 2115 .

279 2116 387 2178 ὦσι
418 2124 579 2178 κακοὶ
623 2126 679 2179 αί
717 2126 922 2198 πληγαὶ
962 2126 1281 2195 γεγόνασιν,
1316 2125 1429 2181 ἀλλ’
1463 2127 1610 2190 ὅπως
1646 2127 1721 2198 μὴ
1751 2120 1853 2180 ὦσι

279 2216 447 2271 κακοὶ
503 2216 789 2286 γεγόνασιν
843 2220 899 2274 αί
959 2219 1249 2289 μάστιγες’
1280 2218 1604 2290 λυπούμενοι
1647 2218 1755 2290 γὰρ
1784 2221 1850 2291 τῇ

280 2308 466 2381 πληγῇ
501 2309 551 2362 οί
592 2311 751 2364 κακοὶ
779 2313 843 2382 τῇ
880 2310 1100 2381 μάστιγι
1129 2311 1409 2366 κολοϐοὖσι
1432 2310 1500 2365 τά
1550 2310 1725 2364 κακά’
1765 2310 1855 2364 διά

278 2390 440 2456 τοῦτο
471 2401 591 2455 οὐδὲ
634 2401 733 2467 τάς
764 2402 1031 2468 ἀϐύσσους
1076 2404 1402 2476 μεμφόμεθα
1421 2421 1438 2435 ·
1469 2401 1581 2457 ἀλλ’
1610 2401 1850 2474 οἴδαμεν,

279 2492 365 2545 δτι
391 2490 808 2563 βασανιστήριω
830 2492 923 2546 καλ⁸
959 2492 1311 2565 κολαστήριον
1335 2496 1609 2564 γεγόνασι,
1639 2514 1851 2568 σωφρο-

278 2582 475 2654 νισμὺς
504 2581 614 2636 τῶν
643 2582 1039 2655 ἡμαρτηκότων
1067 2586 1451 2656 τυγχάνουσαι.

355 2674 415 2727 Εἰ
442 2674 500 2727 δῖε
520 2676 932 2748 βασανιστήριον
955 2677 1045 2731 καὶ
1075 2677 1501 2750 στρεϐλωτήριον
1529 2682 1562 2752 ἡ
1595 2679 1850 2745 ἄϐυσσος,

282 2765 666 2838 στρεϐλοῦνται
707 2767 763 2820 δὲ
797 2769 891 2843 καξι
934 2767 1310 2839 βασανίζονται
1365 2773 1414 2824 οἱ
1464 2772 1735 2843 δαίμονες,
1760 2771 1853 2825 καὶ

277 2858 381 2929 τὴν
411 2858 597 2913 οὐσίαν
645 2841 878 2931 έχουσιν’
905 2859 1117 2933 εὐπαθῆ
1152 2863 1288 2933 πρὸς
1338 2862 1406 2915 τὰ
1438 2841 1849 2935 βασανιστήρια,

276 2950 382 3004 καὶ
403 2949 651 3007 δύνανται
694 2951 836 3023 ἔχειν
873 2955 967 3007 καὶ
1006 2952 1292 3025 ἀλγηδόνα,
1324 2955 1634 3009 ὑπόκεινται
1659 2956 1749 3009 καὶ
1774 2973 1851 3008 τι·

1963 486 2023 527 se
2065 471 2357 528 consumit.
2421 469 2559 525 Ecce
2612 484 2752 539 aqua
2812 483 2921 522 non
2968 466 3195 521 inundat
3260 465 3522 537 seipsum,

1962 577 2082 633 quae
2115 562 2220 617 alia
2266 561 2532 616 inundare
2574 559 2732 622 solet,
2791 574 2850 614 se
2873 573 3001 613 vero
3036 558 3153 627 ipsa
3179 572 3287 611 non
3321 565 3522 627 potest.

1961 654 2099 710 Ecce
2137 669 2251 720 aer,
2276 653 2598 723 refrigerare
2633 667 2693 707 se
2723 651 2837 722 ipse
2876 665 2983 704 non
3016 657 3227 720 potest,
3264 649 3524 719 quoniam

1960 761 2120 803 omne
2165 747 2311 819 quod
2360 746 2493 801 facit
2532 752 2587 800 et
2616 744 2845 809 cruciat,
2890 741 3035 797 aliud
3058 741 3187 812 quid
3220 741 3431 794 cruciat
3471 747 3525 794 et

1961 837 2149 895 dolore
2183 837 2364 893 allicit.
2421 838 2477 891 Si
2515 844 2693 893 autem
2727 835 2958 907 abyssus
2984 835 3193 889 cruciat
3232 840 3287 888 et
3324 832 3525 887 daemo-

1964 945 2062 985 nes
2105 930 2424 984 cruciantur
2448 929 2516 983 ab
2545 930 2660 1000 ipsa
2697 928 2914 1000 abysso,
2950 934 3139 998 estque
3178 927 3411 998 abyssus
3442 925 3524 979 lo-

1961 1038 2062 1077 cus
2087 1028 2519 1088 tormentorum;
2552 1027 2875 1091 torquentur
2907 1020 3052 1074 enim
3088 1019 3382 1081 daemones,
3412 1032 3523 1073 non

1955 1113 2067 1184 jam
2097 1120 2421 1183 torquentur
2450 1127 2480 1165 a
2520 1111 2707 1176 simili,
2741 1111 2834 1166 sed
2868 1110 2955 1164 alii
3000 1125 3122 1164 cum
3156 1111 3284 1174 sint,
3326 1110 3393 1164 ab
3416 1110 3523 1164 alio
3582 1179 3587 1183 υ

1961 1212 2329 1276 torquentur;
2365 1218 2475 1258 non
2504 1204 2569 1255 ab
2601 1203 2703 1257 hac
2746 1210 2942 1257 natura
2972 1216 3147 1271 neque
3192 1202 3519 1265 substantia,

1958 1314 2065 1371 qua
2090 1297 2298 1353 scilicet
2321 1294 2594 1350 daemones
2622 1306 2749 1350 sunt
2779 1313 2792 1348 :
2830 1294 3053 1348 alterius
3081 1294 3224 1348 enim
3263 1294 3521 1349 substan-

1958 1394 2046 1445 tia:
2069 1398 2154 1446 est
2196 1390 2447 1461 abyssus.
2496 1385 2672 1457 Atque
2716 1402 2837 1442 esse
2876 1386 3093 1456 quidem
3140 1385 3412 1442 daemones
3443 1385 3522 1441 al-

1957 1483 2127 1540 terius
2147 1481 2363 1553 generis
2397 1495 2461 1534 ac
2485 1479 2807 1534 substantias
2830 1486 3024 1548 praeter
3064 1479 3243 1551 abyssi
3276 1479 3523 1534 substan-

1957 1576 2109 1639 tiam,
2134 1573 2267 1629 satis
2293 1572 2457 1628 exiis
2483 1587 2603 1642 qua:
2653 1571 2800 1626 dicta
2832 1562 2990 1636 sunt,
3022 1570 3368 1641 perspicitur.
3400 1569 3521 1641 Ipsa

1956 1680 2085 1720 vero
2126 1664 2356 1735 abyssus
2390 1664 2543 1717 locus
2585 1671 2669 1717 est
2704 1671 3099 1717 tormentorum
3127 1677 3190 1717 ac
3230 1662 3525 1733 supplicio-

1954 1775 2097 1821 rum,
2123 1773 2230 1813 non
2260 1766 2440 1811 tamen
2474 1766 2732 1819 aeternus,
2751 1771 2851 1812 nec
2888 1755 3201 1826 ingenitus;
3238 1755 3333 1811 sed
3367 1761 3521 1825 post-

1953 1867 2016 1908 ea
2046 1850 2166 1916 fuit,
2195 1864 2318 1906 sero
2360 1848 2575 1903 tandem
2616 1847 2793 1902 factus
2819 1887 2834 1910 ,
2893 1854 2953 1901 ut
2987 1854 3130 1902 esset
3175 1846 3442 1901 medicina
3467 1852 3523 1902 et

1953 1958 2109 2015 opem
2157 1941 2322 1997 ferret
2370 1940 2743 2011 peccantibus.
2800 1937 2983 1995 Sacra:
3031 1948 3160 1995 sunt
3207 1940 3375 2010 plagae
3403 1952 3525 2010 quae

1954 2046 2082 2093 sunt
2123 2033 2362 2105 remedia
2399 2040 2455 2087 et
2489 2032 2688 2086 auxilia
2734 2041 3077 2096 erratorum;
3126 2046 3235 2085 non
3275 2032 3417 2086 enim
3461 2040 3523 2087 ut

1955 2129 2065 2184 sint
2089 2126 2240 2189 mali,
2272 2124 2429 2180 facta:
2460 2133 2588 2179 sunt
2619 2124 2809 2195 plagae,
2835 2123 2930 2178 sed
2977 2132 3034 2176 ut
3069 2138 3176 2177 non
3223 2123 3334 2178 sint
3369 2121 3522 2194 mali,

1950 2220 2179 2276 verbera
2230 2217 2451 2273 inducta
2480 2226 2647 2282 sunt;
2682 2216 2809 2269 mali
2843 2216 2987 2270 enim
3030 2215 3216 2271 dolore
3241 2215 3520 2287 plagarum

1952 2318 2235 2384 amputant
2268 2320 2322 2367 et
2348 2310 2655 2381 praecidunt
2694 2309 2846 2364 vitia.
2873 2307 3081 2363 Idcirco
3104 2324 3212 2364 non
3243 2310 3523 2380 querimur

1951 2405 2019 2461 de
2068 2403 2316 2476 abyssis;
2371 2403 2506 2473 quin
2548 2402 2733 2472 potius
2784 2400 3073 2455 tormentis
3124 2407 3178 2455 et
3237 2399 3520 2470 suppliciis

1952 2506 2158 2562 scimus
2190 2504 2445 2576 castigari
2480 2518 2543 2558 ac
2583 2502 2787 2587 corrigi
2824 2517 2920 2558 eos
2956 2501 3051 2573 qui
3084 2501 3428 2572 deliquerunt

2024 2700 2080 2755 Si
2112 2710 2290 2756 autem
2320 2701 2553 2771 abyssus
2582 2707 2685 2764 est,
2736 2700 2827 2754 ubi
2874 2700 3148 2756 daemones
3198 2706 3524 2772 torquentur

1952 2800 2007 2847 et
2032 2793 2300 2862 supplicio
2330 2790 2662 2853 adiciuntur,
2695 2801 2747 2846 et
2790 2776 3149 2846 substantiam
3180 2792 3381 2846 habent
3402 2808 3523 2862 quae

1954 2882 2139 2938 subire
2169 2890 2346 2952 potest
2376 2892 2646 2937 tormenta
2678 2890 2733 2936 ct
2770 2882 3010 2937 dolorem
3060 2883 3284 2949 sentire,
3312 2889 3367 2938 et
3393 2897 3522 2954 sup-

1953 2974 2113 3045 plicia
2153 2972 2446 3037 sustinent,
2486 2980 2540 3028 et
2569 2973 2769 3029 habent
2817 2973 3307 3029 remunerationem
3334 2988 3526 3044 paena-

282 3040 489 3112 μωρίᾳ,
506 3042 598 3094 καὶ
612 3041 892 3114 ἀντίληψιν
915 3042 1094 3113 έχουσι
1119 3043 1227 3098 τῶν
1245 3044 1534 3111 κολάσεων,
1564 3044 1680 3109 πῶς
1702 3045 1858 3115 ἀγέν.

1957 3040 2083 3118 rum
2124 3063 2321 3133 quibus
2363 3064 2698 3132 puniuntur,
2755 3063 3029 3135 quomodo
3080 3040 3354 3136 ingeniti?
3388 3079 3525 3135 quo.

279 3149 467 3203 νητοι;
505 3132 621 3198 πῶς
651 3134 770 3201 ἀεί;
827 3134 944 3199 πῶς
993 3136 1248 3190 οὐδέποτε
1295 3137 1554 3209 ήρξαντο;
1604 3137 1722 3201 πῶς
1763 3138 1855 3207 ἀφ’

268 3224 491 3302 ,ἑαυτῶν
518 3227 654 3281 εἰσιν
686 3227 735 3280 ei
759 3226 833 3298 μὴ
863 3226 1091 3292 ἀπαθεῖς
1114 3246 1129 3295 ;
1156 3230 1205 3282 οί
1237 3228 1427 3282 παθεῖν
1450 3228 1730 3299 δυνάμενοι
1763 3230 1857 3282 καὶ

278 3314 655 3387 τιμωρηθῆναι
700 3315 1005 3385 ίσχύοντεςς
1034 3316 1288 3371 οὐδέποτε
1325 3316 1433 3389 γάρ
1464 3318 1524 3370 τὸ
1562 3318 1855 3387 ἀγέννητον

278 3404 429 3458 οὐδὲν
454 3405 720 3470 πείσεται,
752 3407 872 3460 οὐδὲ
904 3406 1009 3461 ὐπὸ
1040 3424 1183 3471 τινος
1228 3409 1706 3481 τιμωρηθήσεται·
1740 3409 1854 3462 ἀλλ’

278 3496 373 3565 ἀφ’
403 3496 594 3550 ἑαυτοῦ
615 3497 915 3570 ἀρξάμενον
946 3499 1122 3570 ἑαυτῷ
1138 3499 1309 3570 μένει,
1334 3501 1427 3553 καὶ
1449 3500 1523 3572 μὴ
1550 3503 1642 3571 ἀφ’
1667 3502 1854 3573 ἐτέρου

278 3588 568 3661 δεξάμενον
607 3591 705 3661 τὴν
730 3591 925 3663 ἀρχὴν,
966 3591 1087 3645 οὐδὲ
1120 3592 1212 3661 ἀφ’
1242 3592 1428 3662 ἑτέρου
1459 3593 1558 3663 τὴν
1586 3592 1856 3664 τιμωρίαν

280 3680 574 3753 λαμϐάνει·
600 3682 692 3751 κα).
721 3682 794 3752 μὴ
823 3681 1257 3753 ἐπιγραφόμενον
1288 3683 1380 3736 τὸν
1412 3684 1582 3737 αἴτιον
1612 3686 1710 3738 οὐκ
1741 3686 1857 3737 ἐπι-

280 3775 620 3847 γραφήσεται
670 3773 759 3827 τὸν
790 3772 1088 3837 κολάζοντα
1107 3789 1120 3803 ⁸
1154 3775 1247 3827 καὶ
1289 3775 1350 3828 οὐ
1380 3774 1696 3846 κριθήσεται
1727 3778 1854 3846 παρ.

280 3866 467 3941 ἑτέρου
530 3866 603 3937 μὴ
634 3868 763 3937 παρ’
792 3865 978 3937 ἐτέρου
1013 3865 1318 3938 ἀρξάμενον
1343 3883 1356 3896 ·
1407 3868 1499 3921 καὶ
1523 3868 1584 3921 οὐ
1620 3868 1858 3940 φοβηθή-

283 3977 434 4015 σεται
460 3959 649 4013 οὐδένα
701 3960 829 4030 παρ’
859 3958 1069 4023 οὐδενὸς
1105 3960 1166 4013 τὸ
1212 3955 1352 4013 εἶναι
1372 3960 1617 4032 εἰληφός.
1649 3962 1714 4014 Τί
1747 3962 1856 4034 γὰρ

283 4052 377 4106 καὶ
421 4049 809 4123 φοϐηθήσεται,
842 4052 890 4103 εἰ
943 4049 1155 4104 τελείαν
1194 4052 1293 4123 τὴν
1346 4051 1601 4105 σύστασιν
1633 4051 1777 4122 ἔχει,
1807 4054 1855 4106 εἰ
1894 4082 1916 4105 ο

280 4142 486 4197 τέλειον
508 4143 601 4197 τὸν
642 4141 1015 4213 ἀπαρτισμόν;
1059 4143 1107 4196 εί
1147 4142 1239 4212 ἀφ’
1273 4142 1464 4196 ἑαυτοῦ
1502 4144 1853 4216 ἀπήρτισται,

285 4235 378 4289 καὶ
403 4234 578 4305 ἐαυτῷ
598 4235 902 4307 ἥρμοσται;
930 4237 997 4289 τὰ
1023 4235 1131 4308 γάρ
1161 4235 1431 4307 δυνάμενα
1457 4236 1569 4308 (l4)
1609 4236 1854 4309 παθητὴν

282 4328 427 4400 ἔχειν
483 4328 582 4399 τὴν
636 4328 900 4399 ἁρμονίαν
951 4327 1194 4397 φοϐεῖται
1238 4328 1330 4381 τὸν
1366 4328 1661 4399 δυνάμενον
1691 4348 1855 4401 μετα-

1958 3155 2121 3210 modo
2165 3155 2424 3225 semper?
2454 3157 2728 3225 quomodo
2758 3171 3031 3224 nunquam
3064 3171 3187 3211 esse
3208 3154 3526 3227 creperum!

1957 3247 2229 3317 quomodo
2252 3263 2319 3302 ex
2345 3263 2406 3303 se
2436 3254 2586 3311 sunt,
2619 3248 2712 3316 qui
2740 3247 3070 3316 impatibiles
3099 3262 3207 3301 non
3230 3255 3380 3311 sunt,
3428 3245 3522 3316 qui
3600 3286 3611 3297 .

1957 3338 2066 3405 pati
2100 3344 2352 3407 possunt,
2390 3338 2482 3407 qui
2526 3342 2756 3407 possunt
2793 3334 3012 3403 puniri?
3038 3333 3334 3404 ingenitum
3376 3334 3525 3388 enim

1958 3428 2095 3482 nihil
2146 3443 2383 3499 unquam
2417 3428 2543 3481 mali
2575 3425 2900 3490 suStincbit,
2952 3438 3052 3479 nec
3093 3425 3163 3479 ab
3193 3424 3302 3479 ullo
3333 3423 3527 3493 punie-

1955 3532 2063 3578 tur.
2105 3521 2246 3589 Quin
2275 3522 2454 3593 potius
2507 3537 2537 3575 a
2586 3520 2770 3591 seipso
2830 3518 3157 3590 principium
3189 3517 3396 3573 ducens
3438 3531 3527 3573 sc-

1956 3614 2077 3684 ipso
2113 3612 2394 3676 consistit,
2438 3620 2491 3668 et
2526 3627 2633 3666 non
2665 3610 2733 3665 ab
2762 3610 2939 3665 altero
2969 3615 3208 3680 emptum
3258 3615 3342 3662 est
3368 3646 3383 3671 ,
3424 3620 3525 3662 nec

1957 3705 2026 3761 ab
2072 3706 2244 3760 altero
2289 3704 2615 3775 supplicium
2665 3702 2806 3768 fert;
2842 3709 2896 3757 et
2933 3701 3024 3756 cui
3053 3714 3163 3756 non
3214 3699 3522 3769 assignatur

1957 3804 2168 3861 auctor,
2202 3813 2310 3851 non
2344 3795 2714 3866 assignabitur
2736 3794 2971 3862 vindex;
3003 3801 3057 3849 et
3084 3808 3190 3849 non
3246 3790 3523 3862 iudicabi-

1955 3897 2046 3942 tur
2070 3888 2139 3943 ab
2173 3888 2367 3951 altero,
2401 3886 2493 3957 qui
2523 3885 2591 3941 ab
2615 3886 2919 3940 altero‘non
2943 3891 3029 3938 est
3062 3889 3309 3952 emptus;
3340 3893 3404 3933 ac
3424 3869 3524 3933 ne—

1955 3980 2154 4034 minem
2187 3985 2408 4040 metuet,
2431 3976 2521 4047 qui
2554 3992 2583 4030 a
2613 3976 2830 4031 nemine
2858 3975 3065 4045 accepit
3098 3980 3157 4027 ut
3187 3978 3353 4028 esset.
3384 3969 3526 4037 Quid

1956 4070 2102 4125 enim
2145 4076 2369 4133 metuet,
2406 4068 2452 4123 si
2491 4069 2547 4122 in
2596 4066 2928 4137 perfectione
2960 4062 3249 4120 consistit?
3302 4062 3349 4117 si
3403 4076 3527 4132 per-

1956 4162 2151 4217 fectam
2192 4157 2718 4215 consummationem
2750 4157 2948 4212 habet?
3003 4155 3050 4211 si
3093 4170 3124 4208 a
3168 4169 3227 4209 se
3270 4167 3527 4208 consum-

1958 4261 2137 4306 matus
2163 4251 2289 4307 est?
2336 4250 2380 4304 si
2427 4249 2609 4317 seipso
2643 4248 2899 4319 aptatus?
2930 4260 3164 4329 quorum
3194 4244 3341 4299 enim
3375 4251 3526 4313 apta-

1956 4344 2034 4398 tio
2076 4342 2471 4399 incommodari
2501 4350 2703 4412 potest,
2745 4340 2938 4395 timent
2991 4353 3157 4403 eum,
3190 4335 3284 4407 qui
3339 4342 3527 4405 aptare

285 4422 459 4473 ποιεῖν
487 4418 585 4483 τὰς
611 4418 874 4488 ἁρμονίας
896 4435 909 4448 ·
938 4418 998 4472 τὸ
1050 4417 1341 4490 δυνάμενον
1389 4418 1577 4473 παθεῖν
1614 4422 1855 4491 φοϐεῖται

1960 4444 2140 4507 potest
2166 4454 2180 4490 :
2212 4434 2357 4505 quod
2387 4442 2565 4505 potest
2585 4434 2726 4488 male
2749 4431 2908 4496 allici,
2931 4431 3085 4485 timet
3113 4429 3257 4485 male
3285 4426 3525 4482 allicien-

281 4510 374 4565 τὸν
402 4510 630 4583 δρῶντα.
661 4511 724 4563 Εἰ
754 4510 809 4563 δὲ
835 4510 1120 4580 φοϐοῦνται
1150 4512 1198 4564 οἱ
1223 4512 1471 4583 δαίμονες
1493 4513 1584 4567 καὶ
1604 4513 1853 4569 δύνανται

287 4604 501 4669 παθεῖν,
536 4604 635 4658 οὐκ
684 4603 966 4675 ἀγέννητοξ
995 4606 1128 4657 εἱσι*
1170 4606 1230 4657 τὸ
1257 4605 1364 4678 γὰρ
1395 4608 1685 4681 ἀγέννητον
1715 4611 1857 4664 ἀπα-

284 4695 398 4760 θὲς,
434 4696 528 4749 κα)⁸
573 4696 633 4749 οὐ
669 4694 887 4749 δύναται
943 4695 1153 4759 παθεῖν,
1206 4696 1309 4764 ἔξω
1356 4699 1453 4770 τῆς
1498 4699 1710 4769 φύσεως
1746 4702 1854 4755 τῶν

284 4788 557 4862 γεννητῶν
579 4789 840 4860 ὐπάρχον.

365 4889 484 4942 Ὅτι
515 4886 571 4940 δὲ
612 4886 962 4950 ἱκετεύουσιν,
990 4887 1046 4939 ὲν
1089 4887 1336 4960 αίσθήσει
1375 4890 1500 4951 εἰσὶ,
1537 4891 1632 4945 καὶ
1659 4891 1860 4946 οἴδασιν

286 4983 318 5037 δ
359 4982 501 5035 εἱσι·
552 4982 646 5034 καὶ
688 4980 912 5047 οἴδασιν,
960 4980 1042 5033 ὃτι
1087 4979 1337 5034 δύνανται
1383 4982 1602 5035 παθεῖν’
1644 4984 1705 5037 οὐ
1753 4984 1860 5058 γὰρ

291 5074 565 5146 ⁴Ι·,γνόησαν
590 5073 814 5137 ἑαυτούς
832 5090 845 5103 ·
882 5073 983 5127 οὐκ
1014 5072 1242 5138 ἀπαθεῖς
1267 5075 1491 5139 ἑαυτοὺς
1515 5074 1825 5145 ὲλογίσαντο
1843 5095 1857 5107 θ

289 5167 350 5221 τὸ
369 5166 426 5219 δὲ
461 5165 655 5220 εἰδέναι
698 5164 818 5218 τινά
848 5163 1039 5218 ἑαυτὸν
1065 5164 1159 5218 καὶ
1199 5165 1272 5238 μὴ
1299 5166 1646 5237 ἠγνοηκέναι,
1672 5167 1862 5238 αἰσθή-

292 5256 433 5318 σεώς
456 5257 572 5308 ὲστι
612 5253 875 5325 σύμϐολον
909 5255 1003 5308 καὶ
1043 5258 1283 5325 σημεῖον.
1318 5257 1380 5309 Et
1412 5255 1458 5308 δ’
1490 5257 1569 5310 ὅτι
1597 5257 1734 5310 εἰσὶν
1772 5259 1861 5311 εὐ-

290 5347 485 5413 παθείς
510 5348 835 5415 ὲδειλίασαν,
864 5350 959 5403 καὶ
982 5348 1283 5413 δειλιῶντες
1309 5349 1613 5413 ἱκέτευσαν,
1637 5350 1731 5404 καὶ
1759 5350 1863 5403 ἱκέ-

289 5458 448 5496 τευον
483 5441 574 5495 τὸν
616 5441 910 5514 δυνάμενον
930 5459 944 5473 ·
971 5441 1074 5496 οὐκ
1103 5442 1375 5515 ἠγνόησαν
1408 5442 1499 5496 τὸν
1545 5442 1819 5515 ἰχνεύοντα
1844 5460 1858 5475 ο

1960 4537 2090 4583 tem.
2133 4526 2192 4582 Si
2223 4534 2404 4582 autem
2437 4528 2631 4584 timent
2668 4526 2980 4587 dzemones,
3029 4528 3083 4577 et
3120 4525 3350 4591 possunt
3387 4516 3526 4572 male

1964 4618 2122 4684 allici,
2153 4633 2262 4673 non
2294 4627 2423 4674 sunt
2449 4619 2675 4692 ingeniti
2702 4637 2716 4673 :
2752 4614 2895 4687 quod
2917 4614 3062 4669 enim
3094 4610 3390 4682 ingenitum
3417 4616 3524 4671 est,

1963 4710 2264 4781 impatibile
2288 4718 2405 4778 est;
2445 4718 2500 4765 et
2538 4726 2647 4765 non
2689 4716 2865 4779 poteSt
2894 4705 3029 4778 pati,
3070 4704 3214 4776 quod
3245 4711 3397 4759 extra
3428 4715 3527 4756 na-

1962 4813 2140 4860 turam
2176 4803 2482 4875 genitorum
2516 4812 2619 4859 est.

2031 4896 2187 4965 Quod
2209 4903 2387 4951 autem
2424 4895 2757 4966 supplicant,
2791 4892 2845 4947 in
2876 4906 3042 4948 sensu
3077 4895 3226 4955 sunt,
3244 4894 3297 4943 et
3320 4885 3523 4950 sciunt,

1962 4988 2093 5061 quid
2120 4988 2261 5054 sint,
2304 4995 2358 5043 et
2384 4988 2531 5058 quod
2561 5002 2753 5058 poenas
2780 4986 3052 5042 sustinere
3101 4986 3369 5052 possunt;
3414 4992 3527 5033 non

1960 5079 2107 5135 enim
2136 5096 2195 5134 se
2224 5079 2641 5150 ignoraverunt;
2671 5094 2781 5133 non
2816 5092 2874 5132 se
2913 5074 3243 5148 impatibiles
3284 5086 3406 5128 esse
3432 5085 3527 5126 co-

1960 5172 2203 5242 gitarunt
2231 5188 2245 5227 :
2278 5186 2441 5227 nosse
2480 5179 2661 5225 autem
2732 5169 2968 5238 aliquem
3018 5166 3256 5235 seipsum
3317 5172 3370 5217 et
3415 5176 3526 5215 non

1963 5263 2249 5333 ignorare,
2286 5263 2499 5334 signum
2551 5268 2634 5317 est
2679 5275 2873 5316 sensus
2903 5266 2956 5315 et
2985 5256 3269 5313 indicium.
3308 5251 3364 5307 Si
3396 5266 3528 5307 vero

1962 5354 2091 5424 quia
2116 5364 2275 5409 erant
2300 5354 2586 5425 patibiles,
2623 5351 3087 5415 formidaret-unt,
3123 5355 3179 5404 et
3228 5343 3528 5402 formidan-

1965 5452 2050 5501 tes
2084 5444 2563 5517 supplicaverunt,
2594 5450 2650 5499 et
2695 5442 3140 5514 supplicaverunt
3171 5439 3221 5495 ei
3255 5436 3348 5509 qui
3375 5440 3526 5506 pote-

366 5596 476 5679 (Ιρ)
511 5554 592 5653 Τά
621 5597 731 5669 γὰρ
771 5598 919 5679 δυνη-
951 5597 1041 5653 Sic
1088 5598 1421 5679 reddendum
1450 5617 1462 5658 :
1495 5597 1601 5668 Qui
1652 5599 1983 5657 harmoniam
2028 5599 2336 5658 mutabilem
2374 5602 2550 5671 habet,
2600 5598 2906 5670 reformidat
2941 5613 3056 5655 eum
3086 5595 3176 5668 qui
3206 5600 3372 5666 potest
3396 5591 3528 5654 har-

294 5669 502 5726 monia:
527 5680 729 5726 nmtare
766 5680 857 5725 aut
884 5670 1168 5727 destruere.
1202 5668 1356 5727 BASN.
