  <div class='ocr_page' id='page_1' title='image "/cluster/home/n/w/nwhite01/storage/ocr_20150623/18/hvd.32044073501207/565.png"; bbox 0 0 2004 3104; ppageno 0'>
   <div class='ocr_carea' id='block_1_1' title="bbox 230 97 1273 129">
    <p class='ocr_par' dir='ltr' id='par_1_1' title="bbox 230 97 1273 129">
     <span class='ocr_line' id='line_1_1' title="bbox 230 97 1273 129; baseline -0.004 -1"><span class='ocrx_word' id='word_1_1' title='bbox 230 97 299 129; x_wconf 69' lang='grc'><strong>1115</strong></span> <span class='ocrx_word' id='word_1_2' title='bbox 801 97 871 126; x_wconf 81' lang='lat' dir='ltr'><strong>TITI</strong></span> <span class='ocrx_word' id='word_1_3' title='bbox 890 97 1103 126; x_wconf 74' lang='lat' dir='ltr'><strong>BOSTRENSIS</strong></span> <span class='ocrx_word' id='word_1_4' title='bbox 1118 97 1273 126; x_wconf 77' lang='lat' dir='ltr'><strong>EPISCOI’I</strong></span> 
     </span>
    </p>
   </div>
   <div class='ocr_carea' id='block_1_2' title="bbox 229 157 1020 195">
    <p class='ocr_par' dir='ltr' id='par_1_2' title="bbox 229 157 1012 195">
     <span class='ocr_line' id='line_1_2' title="bbox 229 157 1012 195; baseline -0.003 -7"><span class='ocrx_word' id='word_1_5' title='bbox 229 167 318 195; x_wconf 79' lang='lat' dir='ltr'><strong>geres,</strong></span> <span class='ocrx_word' id='word_1_6' title='bbox 334 163 361 187; x_wconf 87' lang='lat' dir='ltr'><strong>et</strong></span> <span class='ocrx_word' id='word_1_7' title='bbox 375 158 502 194; x_wconf 91' lang='lat' dir='ltr'><strong>paulatim</strong></span> <span class='ocrx_word' id='word_1_8' title='bbox 521 158 644 193; x_wconf 69' lang='lat' dir='ltr'><strong>quaedam</strong></span> <span class='ocrx_word' id='word_1_9' title='bbox 663 157 796 194; x_wconf 83' lang='lat' dir='ltr'><strong>profunda</strong></span> <span class='ocrx_word' id='word_1_10' title='bbox 813 159 957 194; x_wconf 77' lang='lat' dir='ltr'><strong>aggeribus</strong></span> <span class='ocrx_word' id='word_1_11' title='bbox 971 167 1012 186; x_wconf 91' lang='lat' dir='ltr'><strong>re-</strong></span> 
     </span>
    </p>
   </div>
   <div class='ocr_carea' id='block_1_3' title="bbox 480 157 1271 195">
    <p class='ocr_par' dir='ltr' id='par_1_3' title="bbox 480 157 1264 194">
     <span class='ocr_line' id='line_1_3' title="bbox 480 157 1264 194; baseline 0 -9"><span class='ocrx_word' id='word_1_12' title='bbox 480 166 502 185; x_wconf 96' lang='lat' dir='ltr'><strong>m</strong></span> <span class='ocrx_word' id='word_1_13' title='bbox 521 158 644 193; x_wconf 69' lang='lat' dir='ltr'><strong>quaedam</strong></span> <span class='ocrx_word' id='word_1_14' title='bbox 663 157 796 194; x_wconf 83' lang='lat' dir='ltr'><strong>profunda</strong></span> <span class='ocrx_word' id='word_1_15' title='bbox 813 159 957 194; x_wconf 77' lang='lat' dir='ltr'><strong>aggeribus</strong></span> <span class='ocrx_word' id='word_1_16' title='bbox 971 167 1012 186; x_wconf 91' lang='lat' dir='ltr'><strong>re-</strong></span> <span class='ocrx_word' id='word_1_17' title='bbox 1024 163 1048 193; x_wconf 70' lang='grc' dir='ltr'><strong>Δ</strong></span> <span class='ocrx_word' id='word_1_18' title='bbox 1062 158 1130 185; x_wconf 78' lang='grc' dir='ltr'>τινά.</span> <span class='ocrx_word' id='word_1_19' title='bbox 1146 160 1176 185; x_wconf 87' lang='grc' dir='ltr'><strong>Ὢ</strong></span> <span class='ocrx_word' id='word_1_20' title='bbox 1189 160 1235 193; x_wconf 77' lang='grc' dir='ltr'><strong>τῆς</strong></span> <span class='ocrx_word' id='word_1_21' title='bbox 1250 161 1264 185; x_wconf 66' lang='grc' dir='ltr'>ἀ</span> 
     </span>
    </p>
   </div>
   <div class='ocr_carea' id='block_1_4' title="bbox 229 204 1020 244">
    <p class='ocr_par' dir='ltr' id='par_1_4' title="bbox 229 204 1011 241">
     <span class='ocr_line' id='line_1_4' title="bbox 229 204 1011 241; baseline -0.004 -8"><span class='ocrx_word' id='word_1_22' title='bbox 229 206 318 240; x_wconf 88' lang='lat' dir='ltr'><strong>plens.</strong></span> <span class='ocrx_word' id='word_1_23' title='bbox 339 205 360 232; x_wconf 93' lang='grc' dir='ltr'><strong>Ο</strong></span> <span class='ocrx_word' id='word_1_24' title='bbox 374 209 506 232; x_wconf 75' lang='lat' dir='ltr'><strong>amentem</strong></span> <span class='ocrx_word' id='word_1_25' title='bbox 523 204 658 232; x_wconf 83' lang='lat' dir='ltr'><strong>furorem!</strong></span> <span class='ocrx_word' id='word_1_26' title='bbox 682 204 716 232; x_wconf 87' lang='lat' dir='ltr'><strong>ad</strong></span> <span class='ocrx_word' id='word_1_27' title='bbox 729 213 809 241; x_wconf 86' lang='lat' dir='ltr'><strong>quem</strong></span> <span class='ocrx_word' id='word_1_28' title='bbox 826 205 950 240; x_wconf 78' lang='lat' dir='ltr'><strong>pluribus</strong></span> <span class='ocrx_word' id='word_1_29' title='bbox 969 205 1011 231; x_wconf 79' lang='lat' dir='ltr'><strong>vel</strong></span> 
     </span>
    </p>
   </div>
   <div class='ocr_carea' id='block_1_5' title="bbox 476 204 1267 244">
    <p class='ocr_par' dir='ltr' id='par_1_5' title="bbox 476 204 1267 244">
     <span class='ocr_line' id='line_1_5' title="bbox 476 204 1267 244; baseline -0.001 -13"><span class='ocrx_word' id='word_1_30' title='bbox 476 212 506 230; x_wconf 64' lang='lat' dir='ltr'><strong>tm</strong></span> <span class='ocrx_word' id='word_1_31' title='bbox 523 204 658 232; x_wconf 83' lang='lat' dir='ltr'><strong>furorem!</strong></span> <span class='ocrx_word' id='word_1_32' title='bbox 682 204 716 232; x_wconf 87' lang='lat' dir='ltr'><strong>ad</strong></span> <span class='ocrx_word' id='word_1_33' title='bbox 729 213 809 241; x_wconf 86' lang='lat' dir='ltr'><strong>quem</strong></span> <span class='ocrx_word' id='word_1_34' title='bbox 826 205 950 240; x_wconf 78' lang='lat' dir='ltr'><strong>pluribus</strong></span> <span class='ocrx_word' id='word_1_35' title='bbox 969 205 1011 231; x_wconf 79' lang='lat' dir='ltr'><strong>vel</strong></span> <span class='ocrx_word' id='word_1_36' title='bbox 1062 204 1108 244; x_wconf 65' lang='grc' dir='ltr'><strong>κᾳὶ</strong></span> <span class='ocrx_word' id='word_1_37' title='bbox 1125 205 1209 239; x_wconf 82' lang='grc' dir='ltr'><strong>γέλως</strong></span> <span class='ocrx_word' id='word_1_38' title='bbox 1223 206 1267 230; x_wconf 67' lang='grc' dir='ltr'><strong>τὸ·</strong></span> 
     </span>
    </p>
   </div>
   <div class='ocr_carea' id='block_1_6' title="bbox 229 250 766 286">
    <p class='ocr_par' dir='ltr' id='par_1_6' title="bbox 229 250 766 286">
     <span class='ocr_line' id='line_1_6' title="bbox 229 250 766 286; baseline 0 -7"><span class='ocrx_word' id='word_1_39' title='bbox 229 252 324 279; x_wconf 80' lang='lat' dir='ltr'><strong>saltem</strong></span> <span class='ocrx_word' id='word_1_40' title='bbox 340 250 505 286; x_wconf 85' lang='lat' dir='ltr'><strong>respondere</strong></span> <span class='ocrx_word' id='word_1_41' title='bbox 520 259 564 279; x_wconf 85' lang='lat' dir='ltr'><strong>res</strong></span> <span class='ocrx_word' id='word_1_42' title='bbox 580 255 622 278; x_wconf 89' lang='lat' dir='ltr'><strong>est</strong></span> <span class='ocrx_word' id='word_1_43' title='bbox 640 251 766 279; x_wconf 85' lang='lat' dir='ltr'><strong>ridicula.</strong></span> 
     </span>
    </p>
   </div>
   <div class='ocr_carea' id='block_1_7' title="bbox 265 294 1264 333">
    <p class='ocr_par' dir='ltr' id='par_1_7' title="bbox 265 294 1264 333">
     <span class='ocr_line' id='line_1_7' title="bbox 265 294 1264 333; baseline -0.005 -8"><span class='ocrx_word' id='word_1_44' title='bbox 265 298 294 325; x_wconf 88' lang='lat' dir='ltr'><strong>Si</strong></span> <span class='ocrx_word' id='word_1_45' title='bbox 308 305 371 324; x_wconf 85' lang='lat' dir='ltr'><strong>vero</strong></span> <span class='ocrx_word' id='word_1_46' title='bbox 387 297 468 325; x_wconf 75' lang='lat' dir='ltr'><strong>vultis</strong></span> <span class='ocrx_word' id='word_1_47' title='bbox 481 297 562 330; x_wconf 90' lang='lat' dir='ltr'><strong>scire,</strong></span> <span class='ocrx_word' id='word_1_48' title='bbox 580 298 717 326; x_wconf 72' lang='lat' dir='ltr'><strong>daemones</strong></span> <span class='ocrx_word' id='word_1_49' title='bbox 728 299 802 333; x_wconf 86' lang='lat' dir='ltr'><strong>ipsos</strong></span> <span class='ocrx_word' id='word_1_50' title='bbox 818 306 873 325; x_wconf 92' lang='lat' dir='ltr'><strong>non</strong></span> <span class='ocrx_word' id='word_1_51' title='bbox 886 305 947 326; x_wconf 91' lang='lat' dir='ltr'><strong>esse</strong></span> <span class='ocrx_word' id='word_1_52' title='bbox 958 306 1013 325; x_wconf 85' lang='lat' dir='ltr'><strong>ma-</strong></span> <span class='ocrx_word' id='word_1_53' title='bbox 1097 295 1128 321; x_wconf 82' lang='grc' dir='ltr'>Εἰ</span> <span class='ocrx_word' id='word_1_54' title='bbox 1143 294 1170 320; x_wconf 72' lang='grc' dir='ltr'><strong>δὲ</strong></span> <span class='ocrx_word' id='word_1_55' title='bbox 1191 295 1264 329; x_wconf 62' lang='grc' dir='ltr'><strong>βοὶ)-</strong></span> 
     </span>
    </p>
   </div>
   <div class='ocr_carea' id='block_1_8' title="bbox 230 342 1265 379">
    <p class='ocr_par' dir='ltr' id='par_1_8' title="bbox 230 342 1265 379">
     <span class='ocr_line' id='line_1_8' title="bbox 230 342 1265 379; baseline -0.004 -9"><span class='ocrx_word' id='word_1_56' title='bbox 230 345 270 371; x_wconf 85' lang='lat' dir='ltr'><strong>los</strong></span> <span class='ocrx_word' id='word_1_57' title='bbox 291 351 307 370; x_wconf 89' lang='lat' dir='ltr'><strong>a</strong></span> <span class='ocrx_word' id='word_1_58' title='bbox 323 344 424 376; x_wconf 86' lang='lat' dir='ltr'><strong>radice,</strong></span> <span class='ocrx_word' id='word_1_59' title='bbox 448 351 535 379; x_wconf 90' lang='lat' dir='ltr'><strong>neque</strong></span> <span class='ocrx_word' id='word_1_60' title='bbox 549 345 649 371; x_wconf 89' lang='lat' dir='ltr'><strong>habere</strong></span> <span class='ocrx_word' id='word_1_61' title='bbox 669 344 788 372; x_wconf 89' lang='lat' dir='ltr'><strong>radicem</strong></span> <span class='ocrx_word' id='word_1_62' title='bbox 807 344 867 371; x_wconf 92' lang='lat' dir='ltr'><strong>vitii</strong></span> <span class='ocrx_word' id='word_1_63' title='bbox 883 348 910 371; x_wconf 92' lang='lat' dir='ltr'><strong>et</strong></span> <span class='ocrx_word' id='word_1_64' title='bbox 925 344 1012 379; x_wconf 91' lang='lat' dir='ltr'><strong>turpi-</strong></span> <span class='ocrx_word' id='word_1_65' title='bbox 1062 342 1111 368; x_wconf 77' lang='grc' dir='ltr'><strong>οὐκ</strong></span> <span class='ocrx_word' id='word_1_66' title='bbox 1131 342 1184 368; x_wconf 77' lang='grc' dir='ltr'>ἀπὸ</span> <span class='ocrx_word' id='word_1_67' title='bbox 1208 344 1265 376; x_wconf 50' lang='lat' dir='ltr'><strong>{Li}</strong></span> 
     </span>
    </p>
   </div>
   <div class='ocr_carea' id='block_1_9' title="bbox 229 388 1245 425">
    <p class='ocr_par' dir='ltr' id='par_1_9' title="bbox 229 388 1245 425">
     <span class='ocr_line' id='line_1_9' title="bbox 229 388 1245 425; baseline -0.004 -8"><span class='ocrx_word' id='word_1_68' title='bbox 229 390 341 422; x_wconf 87' lang='lat' dir='ltr'><strong>tudinis,</strong></span> <span class='ocrx_word' id='word_1_69' title='bbox 363 390 411 418; x_wconf 89' lang='lat' dir='ltr'><strong>sed</strong></span> <span class='ocrx_word' id='word_1_70' title='bbox 434 392 573 418; x_wconf 89' lang='lat' dir='ltr'><strong>voluntate</strong></span> <span class='ocrx_word' id='word_1_71' title='bbox 592 391 644 418; x_wconf 81' lang='lat' dir='ltr'><strong>huc</strong></span> <span class='ocrx_word' id='word_1_72' title='bbox 666 391 851 425; x_wconf 81' lang='lat' dir='ltr'><strong>processisse,</strong></span> <span class='ocrx_word' id='word_1_73' title='bbox 877 397 938 418; x_wconf 91' lang='lat' dir='ltr'><strong>cum</strong></span> <span class='ocrx_word' id='word_1_74' title='bbox 957 398 1010 417; x_wconf 88' lang='lat' dir='ltr'><strong>non</strong></span> <span class='ocrx_word' id='word_1_75' title='bbox 1063 396 1115 419; x_wconf 82' lang='grc' dir='ltr'><strong>σιν,</strong></span> <span class='ocrx_word' id='word_1_76' title='bbox 1130 388 1196 415; x_wconf 71' lang='grc' dir='ltr'><strong>ἀλλὰ</strong></span> <span class='ocrx_word' id='word_1_77' title='bbox 1218 391 1245 413; x_wconf 60' lang='grc' dir='ltr'><strong>κῇ</strong></span> 
     </span>
    </p>
   </div>
   <div class='ocr_carea' id='block_1_10' title="bbox 228 433 1224 472">
    <p class='ocr_par' dir='ltr' id='par_1_10' title="bbox 228 433 1224 472">
     <span class='ocr_line' id='line_1_10' title="bbox 228 433 1224 472; baseline -0.004 -7"><span class='ocrx_word' id='word_1_78' title='bbox 228 441 320 465; x_wconf 83' lang='lat' dir='ltr'><strong>essent</strong></span> <span class='ocrx_word' id='word_1_79' title='bbox 333 442 430 464; x_wconf 89' lang='lat' dir='ltr'><strong>natura</strong></span> <span class='ocrx_word' id='word_1_80' title='bbox 444 437 524 469; x_wconf 85' lang='lat' dir='ltr'><strong>mali,</strong></span> <span class='ocrx_word' id='word_1_81' title='bbox 541 444 629 472; x_wconf 88' lang='lat' dir='ltr'><strong>neque</strong></span> <span class='ocrx_word' id='word_1_82' title='bbox 644 441 741 463; x_wconf 90' lang='lat' dir='ltr'><strong>natura</strong></span> <span class='ocrx_word' id='word_1_83' title='bbox 756 437 868 472; x_wconf 87' lang='lat' dir='ltr'><strong>ascripti</strong></span> <span class='ocrx_word' id='word_1_84' title='bbox 884 437 1012 472; x_wconf 85' lang='lat' dir='ltr'><strong>ignoran-</strong></span> <span class='ocrx_word' id='word_1_85' title='bbox 1061 433 1182 467; x_wconf 73' lang='grc' dir='ltr'><strong>λύθασιν,</strong></span> <span class='ocrx_word' id='word_1_86' title='bbox 1199 436 1224 459; x_wconf 64' lang='grc' dir='ltr'><strong>αἱ</strong></span> 
     </span>
    </p>
   </div>
   <div class='ocr_carea' id='block_1_11' title="bbox 228 481 1218 516">
    <p class='ocr_par' dir='ltr' id='par_1_11' title="bbox 228 481 1218 516">
     <span class='ocr_line' id='line_1_11' title="bbox 228 481 1218 516; baseline -0.007 -5"><span class='ocrx_word' id='word_1_87' title='bbox 228 485 283 516; x_wconf 79' lang='lat' dir='ltr'><strong>tize,</strong></span> <span class='ocrx_word' id='word_1_88' title='bbox 307 492 362 511; x_wconf 92' lang='lat' dir='ltr'><strong>non</strong></span> <span class='ocrx_word' id='word_1_89' title='bbox 383 491 436 510; x_wconf 74' lang='lat' dir='ltr'><strong>nox</strong></span> <span class='ocrx_word' id='word_1_90' title='bbox 460 488 487 510; x_wconf 91' lang='lat' dir='ltr'><strong>et</strong></span> <span class='ocrx_word' id='word_1_91' title='bbox 502 483 621 510; x_wconf 66' lang='lat' dir='ltr'><strong>tenebrae</strong></span> <span class='ocrx_word' id='word_1_92' title='bbox 644 482 793 510; x_wconf 82' lang='lat' dir='ltr'><strong>secundum</strong></span> <span class='ocrx_word' id='word_1_93' title='bbox 817 482 1010 514; x_wconf 76' lang='lat' dir='ltr'><strong>substantiam,</strong></span> <span class='ocrx_word' id='word_1_94' title='bbox 1062 481 1218 515; x_wconf 58' lang='grc' dir='ltr'><strong>γεγραμμέη</strong></span> 
     </span>
    </p>
   </div>
   <div class='ocr_carea' id='block_1_12' title="bbox 229 528 1213 563">
    <p class='ocr_par' dir='ltr' id='par_1_12' title="bbox 229 528 1213 563">
     <span class='ocr_line' id='line_1_12' title="bbox 229 528 1213 563; baseline -0.006 -6"><span class='ocrx_word' id='word_1_95' title='bbox 229 530 277 557; x_wconf 88' lang='lat' dir='ltr'><strong>sed</strong></span> <span class='ocrx_word' id='word_1_96' title='bbox 291 530 383 557; x_wconf 90' lang='lat' dir='ltr'><strong>habitu</strong></span> <span class='ocrx_word' id='word_1_97' title='bbox 398 534 426 557; x_wconf 91' lang='lat' dir='ltr'><strong>et</strong></span> <span class='ocrx_word' id='word_1_98' title='bbox 439 530 548 561; x_wconf 88' lang='lat' dir='ltr'><strong>studiis,</strong></span> <span class='ocrx_word' id='word_1_99' title='bbox 564 533 591 557; x_wconf 92' lang='lat' dir='ltr'><strong>et</strong></span> <span class='ocrx_word' id='word_1_100' title='bbox 603 529 764 556; x_wconf 82' lang='lat' dir='ltr'><strong>tractatione</strong></span> <span class='ocrx_word' id='word_1_101' title='bbox 780 528 937 563; x_wconf 70' lang='lat' dir='ltr'><strong>huiusmodi</strong></span> <span class='ocrx_word' id='word_1_102' title='bbox 957 532 1012 555; x_wconf 85' lang='lat' dir='ltr'><strong>stu-</strong></span> <span class='ocrx_word' id='word_1_103' title='bbox 1061 535 1161 558; x_wconf 78' lang='grc' dir='ltr'><strong>νοντες,</strong></span> <span class='ocrx_word' id='word_1_104' title='bbox 1176 528 1213 551; x_wconf 50' lang='grc' dir='ltr'><strong>ἀλ</strong></span> 
     </span>
    </p>
   </div>
   <div class='ocr_carea' id='block_1_13' title="bbox 228 573 1213 611">
    <p class='ocr_par' dir='ltr' id='par_1_13' title="bbox 228 573 1213 611">
     <span class='ocr_line' id='line_1_13' title="bbox 228 573 1213 611; baseline -0.005 -8"><span class='ocrx_word' id='word_1_105' title='bbox 228 577 336 604; x_wconf 88' lang='lat' dir='ltr'><strong>diorum</strong></span> <span class='ocrx_word' id='word_1_106' title='bbox 359 577 422 603; x_wconf 82' lang='lat' dir='ltr'><strong>facti</strong></span> <span class='ocrx_word' id='word_1_107' title='bbox 447 576 532 607; x_wconf 85' lang='lat' dir='ltr'><strong>tales,</strong></span> <span class='ocrx_word' id='word_1_108' title='bbox 557 576 726 611; x_wconf 89' lang='lat' dir='ltr'><strong>inquiramus</strong></span> <span class='ocrx_word' id='word_1_109' title='bbox 744 574 918 610; x_wconf 86' lang='lat' dir='ltr'><strong>disputando.</strong></span> <span class='ocrx_word' id='word_1_110' title='bbox 934 573 1011 601; x_wconf 66' lang='lat' dir='ltr'><strong>Caeca</strong></span> <span class='ocrx_word' id='word_1_111' title='bbox 1061 573 1114 599; x_wconf 79' lang='grc' dir='ltr'><strong>τῶν</strong></span> <span class='ocrx_word' id='word_1_112' title='bbox 1130 582 1213 599; x_wconf 46' lang='grc' dir='ltr'><strong>τοιοντ</strong></span> 
     </span>
    </p>
   </div>
   <div class='ocr_carea' id='block_1_14' title="bbox 229 619 1174 658">
    <p class='ocr_par' dir='ltr' id='par_1_14' title="bbox 229 619 1174 658">
     <span class='ocr_line' id='line_1_14' title="bbox 229 619 1174 658; baseline -0.004 -8"><span class='ocrx_word' id='word_1_113' title='bbox 229 623 312 658; x_wconf 81' lang='lat' dir='ltr'><strong>igitur</strong></span> <span class='ocrx_word' id='word_1_114' title='bbox 334 628 431 650; x_wconf 89' lang='lat' dir='ltr'><strong>natura</strong></span> <span class='ocrx_word' id='word_1_115' title='bbox 455 630 543 658; x_wconf 85' lang='lat' dir='ltr'><strong>neque</strong></span> <span class='ocrx_word' id='word_1_116' title='bbox 568 623 708 650; x_wconf 89' lang='lat' dir='ltr'><strong>minimum</strong></span> <span class='ocrx_word' id='word_1_117' title='bbox 739 622 847 657; x_wconf 88' lang='lat' dir='ltr'><strong>quidem</strong></span> <span class='ocrx_word' id='word_1_118' title='bbox 870 626 1010 657; x_wconf 88' lang='lat' dir='ltr'><strong>aspectum</strong></span> <span class='ocrx_word' id='word_1_119' title='bbox 1062 619 1113 655; x_wconf 81' lang='grc' dir='ltr'><strong>φλὴ</strong></span> <span class='ocrx_word' id='word_1_120' title='bbox 1127 620 1174 654; x_wconf 67' lang='grc' dir='ltr'><strong>μὲν</strong></span> 
     </span>
    </p>
   </div>
   <div class='ocr_carea' id='block_1_15' title="bbox 228 665 1153 704">
    <p class='ocr_par' dir='ltr' id='par_1_15' title="bbox 228 665 1153 704">
     <span class='ocr_line' id='line_1_15' title="bbox 228 665 1153 704; baseline -0.004 -7"><span class='ocrx_word' id='word_1_121' title='bbox 228 669 350 701; x_wconf 86' lang='lat' dir='ltr'><strong>habebit,</strong></span> <span class='ocrx_word' id='word_1_122' title='bbox 368 673 395 696; x_wconf 87' lang='lat' dir='ltr'><strong>et</strong></span> <span class='ocrx_word' id='word_1_123' title='bbox 411 669 469 703; x_wconf 88' lang='lat' dir='ltr'><strong>ipsa</strong></span> <span class='ocrx_word' id='word_1_124' title='bbox 484 669 636 704; x_wconf 76' lang='lat' dir='ltr'><strong>ignorantia</strong></span> <span class='ocrx_word' id='word_1_125' title='bbox 653 676 742 703; x_wconf 90' lang='lat' dir='ltr'><strong>neque</strong></span> <span class='ocrx_word' id='word_1_126' title='bbox 758 668 858 696; x_wconf 85' lang='lat' dir='ltr'><strong>stillam</strong></span> <span class='ocrx_word' id='word_1_127' title='bbox 878 668 1011 704; x_wconf 88' lang='lat' dir='ltr'><strong>eognitio-</strong></span> <span class='ocrx_word' id='word_1_128' title='bbox 1062 665 1153 700; x_wconf 51' lang='grc' dir='ltr'><strong>βλέὲει</strong></span> 
     </span>
    </p>
   </div>
   <div class='ocr_carea' id='block_1_16' title="bbox 229 712 1162 749">
    <p class='ocr_par' dir='ltr' id='par_1_16' title="bbox 229 712 1162 749">
     <span class='ocr_line' id='line_1_16' title="bbox 229 712 1162 749; baseline -0.002 -7"><span class='ocrx_word' id='word_1_129' title='bbox 229 716 271 742; x_wconf 87' lang='lat' dir='ltr'><strong>nis</strong></span> <span class='ocrx_word' id='word_1_130' title='bbox 290 715 341 743; x_wconf 80' lang='lat' dir='ltr'><strong>sibi</strong></span> <span class='ocrx_word' id='word_1_131' title='bbox 358 715 515 746; x_wconf 87' lang='lat' dir='ltr'><strong>vindicabit,</strong></span> <span class='ocrx_word' id='word_1_132' title='bbox 539 722 627 749; x_wconf 85' lang='lat' dir='ltr'><strong>neque</strong></span> <span class='ocrx_word' id='word_1_133' title='bbox 642 722 696 741; x_wconf 76' lang='lat' dir='ltr'><strong>nox</strong></span> <span class='ocrx_word' id='word_1_134' title='bbox 711 714 770 749; x_wconf 86' lang='lat' dir='ltr'><strong>ipsa</strong></span> <span class='ocrx_word' id='word_1_135' title='bbox 787 718 814 742; x_wconf 89' lang='lat' dir='ltr'><strong>et</strong></span> <span class='ocrx_word' id='word_1_136' title='bbox 838 714 957 741; x_wconf 71' lang='lat' dir='ltr'><strong>tenebra:</strong></span> <span class='ocrx_word' id='word_1_137' title='bbox 971 714 1011 742; x_wconf 90' lang='lat' dir='ltr'><strong>sic</strong></span> <span class='ocrx_word' id='word_1_138' title='bbox 1061 712 1162 745; x_wconf 66' lang='grc' dir='ltr'><strong>γνώῖίν-</strong></span> 
     </span>
    </p>
   </div>
   <div class='ocr_carea' id='block_1_17' title="bbox 228 758 1154 795">
    <p class='ocr_par' dir='ltr' id='par_1_17' title="bbox 228 758 1154 795">
     <span class='ocr_line' id='line_1_17' title="bbox 228 758 1154 795; baseline -0.001 -7"><span class='ocrx_word' id='word_1_139' title='bbox 228 765 327 788; x_wconf 87' lang='lat' dir='ltr'><strong>natura</strong></span> <span class='ocrx_word' id='word_1_140' title='bbox 348 764 415 788; x_wconf 73' lang='lat' dir='ltr'><strong>erue</strong></span> <span class='ocrx_word' id='word_1_141' title='bbox 435 761 477 787; x_wconf 86' lang='lat' dir='ltr'><strong>vel</strong></span> <span class='ocrx_word' id='word_1_142' title='bbox 492 760 519 787; x_wconf 91' lang='lat' dir='ltr'><strong>in</strong></span> <span class='ocrx_word' id='word_1_143' title='bbox 536 768 650 795; x_wconf 86' lang='lat' dir='ltr'><strong>parvum</strong></span> <span class='ocrx_word' id='word_1_144' title='bbox 671 760 843 795; x_wconf 85' lang='lat' dir='ltr'><strong>splendorem</strong></span> <span class='ocrx_word' id='word_1_145' title='bbox 865 759 1011 787; x_wconf 87' lang='lat' dir='ltr'><strong>mutabun-</strong></span> <span class='ocrx_word' id='word_1_146' title='bbox 1062 758 1154 787; x_wconf 66' lang='grc' dir='ltr'><strong>σκότος</strong></span> 
     </span>
    </p>
   </div>
   <div class='ocr_carea' id='block_1_18' title="bbox 229 805 1150 842">
    <p class='ocr_par' dir='ltr' id='par_1_18' title="bbox 229 805 1150 842">
     <span class='ocr_line' id='line_1_18' title="bbox 229 805 1150 842; baseline -0.001 -8"><span class='ocrx_word' id='word_1_147' title='bbox 229 812 274 835; x_wconf 89' lang='lat' dir='ltr'><strong>tur</strong></span> <span class='ocrx_word' id='word_1_148' title='bbox 290 817 297 834; x_wconf 88' lang='lat'><strong>:</strong></span> <span class='ocrx_word' id='word_1_149' title='bbox 316 810 425 842; x_wconf 85' lang='lat' dir='ltr'><strong>apparet</strong></span> <span class='ocrx_word' id='word_1_150' title='bbox 446 811 536 834; x_wconf 86' lang='lat' dir='ltr'><strong>autem</strong></span> <span class='ocrx_word' id='word_1_151' title='bbox 552 807 714 842; x_wconf 78' lang='lat' dir='ltr'><strong>cognovisse</strong></span> <span class='ocrx_word' id='word_1_152' title='bbox 732 806 869 834; x_wconf 68' lang='lat' dir='ltr'><strong>daemones</strong></span> <span class='ocrx_word' id='word_1_153' title='bbox 885 805 1010 834; x_wconf 84' lang='lat' dir='ltr'><strong>Salvato-</strong></span> <span class='ocrx_word' id='word_1_154' title='bbox 1063 813 1150 839; x_wconf 56' lang='grc' dir='ltr'><strong>μετλῖ</strong></span> 
     </span>
    </p>
   </div>
   <div class='ocr_carea' id='block_1_19' title="bbox 229 845 1143 887">
    <p class='ocr_par' dir='ltr' id='par_1_19' title="bbox 229 845 1143 887">
     <span class='ocr_line' id='line_1_19' title="bbox 229 845 1143 887; baseline 0.001 -10"><span class='ocrx_word' id='word_1_155' title='bbox 229 858 296 883; x_wconf 89' lang='lat' dir='ltr'><strong>rem,</strong></span> <span class='ocrx_word' id='word_1_156' title='bbox 307 858 339 877; x_wconf 90' lang='lat' dir='ltr'><strong>ac</strong></span> <span class='ocrx_word' id='word_1_157' title='bbox 350 850 491 877; x_wconf 90' lang='lat' dir='ltr'><strong>Dominum</strong></span> <span class='ocrx_word' id='word_1_158' title='bbox 507 851 650 879; x_wconf 83' lang='lat' dir='ltr'><strong>confessos</strong></span> <span class='ocrx_word' id='word_1_159' title='bbox 658 859 734 878; x_wconf 87' lang='lat' dir='ltr'><strong>esse:</strong></span> <span class='ocrx_word' id='word_1_160' title='bbox 745 850 860 884; x_wconf 77' lang='lat' dir='ltr'><strong>Scimus,</strong></span> <span class='ocrx_word' id='word_1_161' title='bbox 872 851 1008 887; x_wconf 84' lang='lat' dir='ltr'><strong>inquiunt,</strong></span> <span class='ocrx_word' id='word_1_162' title='bbox 1026 845 1047 872; x_wconf 81' lang='grc' dir='ltr'><strong><em>Β</em></strong></span> <span class='ocrx_word' id='word_1_163' title='bbox 1062 851 1143 883; x_wconf 72' lang='grc' dir='ltr'><strong>Σωτ</strong></span> 
     </span>
    </p>
   </div>
   <div class='ocr_carea' id='block_1_20' title="bbox 227 895 1135 933">
    <p class='ocr_par' dir='ltr' id='par_1_20' title="bbox 227 895 1135 933">
     <span class='ocr_line' id='line_1_20' title="bbox 227 895 1135 933; baseline 0 -9"><span class='ocrx_word' id='word_1_164' title='bbox 227 897 286 933; x_wconf 75' lang='lat' dir='ltr'><strong>quis</strong></span> <span class='ocrx_word' id='word_1_165' title='bbox 308 897 343 924; x_wconf 67' lang='lat' dir='ltr'><strong>si:</strong></span> <span class='ocrx_word' id='word_1_166' title='bbox 374 895 461 923; x_wconf 76' lang='lat' dir='ltr'><strong>Filius</strong></span> <span class='ocrx_word' id='word_1_167' title='bbox 485 896 535 923; x_wconf 79' lang='lat' dir='ltr'><strong>Dei</strong></span> <span class='ocrx_word' id='word_1_168' title='bbox 550 897 637 924; x_wconf 78' lang='lat' dir='ltr'><strong>vivi‘.</strong></span> <span class='ocrx_word' id='word_1_169' title='bbox 664 896 834 932; x_wconf 81' lang='lat' dir='ltr'><strong>Cognoscere</strong></span> <span class='ocrx_word' id='word_1_170' title='bbox 849 905 939 926; x_wconf 88' lang='lat' dir='ltr'><strong>autem</strong></span> <span class='ocrx_word' id='word_1_171' title='bbox 956 907 1010 926; x_wconf 92' lang='lat' dir='ltr'><strong>non</strong></span> <span class='ocrx_word' id='word_1_172' title='bbox 1063 905 1107 924; x_wconf 58' lang='lat' dir='ltr'><strong>Pa,</strong></span> 
     </span>
    </p>
   </div>
   <div class='ocr_carea' id='block_1_21' title="bbox 229 942 1106 979">
    <p class='ocr_par' dir='ltr' id='par_1_21' title="bbox 229 942 1106 979">
     <span class='ocr_line' id='line_1_21' title="bbox 229 942 1106 979; baseline 0.001 -8"><span class='ocrx_word' id='word_1_173' title='bbox 229 948 317 979; x_wconf 85' lang='lat' dir='ltr'><strong>potest</strong></span> <span class='ocrx_word' id='word_1_174' title='bbox 330 943 495 978; x_wconf 83' lang='lat' dir='ltr'><strong>ignorantia.</strong></span> <span class='ocrx_word' id='word_1_175' title='bbox 517 950 605 978; x_wconf 87' lang='lat' dir='ltr'><strong>neque</strong></span> <span class='ocrx_word' id='word_1_176' title='bbox 633 943 725 971; x_wconf 88' lang='lat' dir='ltr'><strong>videre</strong></span> <span class='ocrx_word' id='word_1_177' title='bbox 752 944 870 972; x_wconf 75' lang='lat' dir='ltr'><strong>caecitas.</strong></span> <span class='ocrx_word' id='word_1_178' title='bbox 903 944 1008 977; x_wconf 88' lang='lat' dir='ltr'><strong>Sciunt,</strong></span> <span class='ocrx_word' id='word_1_179' title='bbox 1063 942 1106 967; x_wconf 65' lang='grc' dir='ltr'><strong>Εῖί</strong></span> 
     </span>
    </p>
   </div>
   <div class='ocr_carea' id='block_1_22' title="bbox 227 990 1105 1026">
    <p class='ocr_par' dir='ltr' id='par_1_22' title="bbox 227 990 1105 1026">
     <span class='ocr_line' id='line_1_22' title="bbox 227 990 1105 1026; baseline 0.001 -9"><span class='ocrx_word' id='word_1_180' title='bbox 227 994 256 1017; x_wconf 84' lang='lat' dir='ltr'><strong>et</strong></span> <span class='ocrx_word' id='word_1_181' title='bbox 284 998 377 1018; x_wconf 90' lang='lat' dir='ltr'><strong>verum</strong></span> <span class='ocrx_word' id='word_1_182' title='bbox 405 990 499 1017; x_wconf 88' lang='lat' dir='ltr'><strong>dicunt</strong></span> <span class='ocrx_word' id='word_1_183' title='bbox 527 990 655 1022; x_wconf 84' lang='lat' dir='ltr'><strong>scientes,</strong></span> <span class='ocrx_word' id='word_1_184' title='bbox 690 994 718 1018; x_wconf 89' lang='lat' dir='ltr'><strong>et</strong></span> <span class='ocrx_word' id='word_1_185' title='bbox 749 999 803 1017; x_wconf 91' lang='lat' dir='ltr'><strong>non</strong></span> <span class='ocrx_word' id='word_1_186' title='bbox 831 999 878 1026; x_wconf 88' lang='lat' dir='ltr'><strong>per</strong></span> <span class='ocrx_word' id='word_1_187' title='bbox 907 992 1010 1018; x_wconf 83' lang='lat' dir='ltr'><strong>caluin-</strong></span> <span class='ocrx_word' id='word_1_188' title='bbox 1061 990 1105 1014; x_wconf 61' lang='lat' dir='ltr'><strong>oL/</strong></span> 
     </span>
    </p>
   </div>
   <div class='ocr_carea' id='block_1_23' title="bbox 228 1035 1089 1072">
    <p class='ocr_par' dir='ltr' id='par_1_23' title="bbox 228 1035 1089 1072">
     <span class='ocr_line' id='line_1_23' title="bbox 228 1035 1089 1072; baseline -0.003 -9"><span class='ocrx_word' id='word_1_189' title='bbox 228 1036 300 1063; x_wconf 88' lang='lat' dir='ltr'><strong>niam</strong></span> <span class='ocrx_word' id='word_1_190' title='bbox 316 1044 324 1069; x_wconf 91' lang='lat'><strong>;</strong></span> <span class='ocrx_word' id='word_1_191' title='bbox 340 1035 435 1063; x_wconf 88' lang='lat' dir='ltr'><strong>dicunt</strong></span> <span class='ocrx_word' id='word_1_192' title='bbox 458 1035 529 1062; x_wconf 88' lang='lat' dir='ltr'><strong>enim</strong></span> <span class='ocrx_word' id='word_1_193' title='bbox 541 1057 548 1067; x_wconf 90' lang='lat'><strong>,</strong></span> <span class='ocrx_word' id='word_1_194' title='bbox 570 1035 677 1062; x_wconf 87' lang='lat' dir='ltr'><strong>tametsi</strong></span> <span class='ocrx_word' id='word_1_195' title='bbox 699 1043 754 1062; x_wconf 92' lang='lat' dir='ltr'><strong>non</strong></span> <span class='ocrx_word' id='word_1_196' title='bbox 769 1036 888 1072; x_wconf 88' lang='lat' dir='ltr'><strong>legitima</strong></span> <span class='ocrx_word' id='word_1_197' title='bbox 909 1041 936 1063; x_wconf 90' lang='lat' dir='ltr'><strong>et</strong></span> <span class='ocrx_word' id='word_1_198' title='bbox 953 1037 1010 1063; x_wconf 90' lang='lat' dir='ltr'><strong>sin-</strong></span> <span class='ocrx_word' id='word_1_199' title='bbox 1063 1045 1089 1060; x_wconf 52' lang='grc' dir='ltr'><strong>ηπ</strong></span> 
     </span>
    </p>
   </div>
   <div class='ocr_carea' id='block_1_24' title="bbox 227 1080 1009 1116">
    <p class='ocr_par' dir='ltr' id='par_1_24' title="bbox 227 1080 1009 1116">
     <span class='ocr_line' id='line_1_24' title="bbox 227 1080 1009 1116; baseline 0 -7"><span class='ocrx_word' id='word_1_200' title='bbox 227 1089 290 1109; x_wconf 90' lang='lat' dir='ltr'><strong>cera</strong></span> <span class='ocrx_word' id='word_1_201' title='bbox 306 1081 458 1113; x_wconf 76' lang='lat' dir='ltr'><strong>aﬂectione,</strong></span> <span class='ocrx_word' id='word_1_202' title='bbox 480 1081 632 1109; x_wconf 85' lang='lat' dir='ltr'><strong>veritatem.</strong></span> <span class='ocrx_word' id='word_1_203' title='bbox 655 1080 714 1108; x_wconf 79' lang='lat' dir='ltr'><strong>Non</strong></span> <span class='ocrx_word' id='word_1_204' title='bbox 736 1081 791 1116; x_wconf 83' lang='lat' dir='ltr'><strong>jam</strong></span> <span class='ocrx_word' id='word_1_205' title='bbox 806 1082 839 1109; x_wconf 93' lang='lat' dir='ltr'><strong>de</strong></span> <span class='ocrx_word' id='word_1_206' title='bbox 866 1090 936 1109; x_wconf 70' lang='lat' dir='ltr'><strong>caeca</strong></span> <span class='ocrx_word' id='word_1_207' title='bbox 961 1091 1009 1109; x_wconf 89' lang='lat' dir='ltr'><strong>na-</strong></span> 
     </span>
    </p>
   </div>
   <div class='ocr_carea' id='block_1_25' title="bbox 227 1127 1007 1163">
    <p class='ocr_par' dir='ltr' id='par_1_25' title="bbox 227 1127 1007 1163">
     <span class='ocr_line' id='line_1_25' title="bbox 227 1127 1007 1163; baseline 0 -8"><span class='ocrx_word' id='word_1_208' title='bbox 227 1132 289 1155; x_wconf 87' lang='lat' dir='ltr'><strong>tura</strong></span> <span class='ocrx_word' id='word_1_209' title='bbox 301 1133 348 1154; x_wconf 86' lang='lat' dir='ltr'><strong>aut</strong></span> <span class='ocrx_word' id='word_1_210' title='bbox 362 1127 516 1163; x_wconf 72' lang='lat' dir='ltr'><strong>ignorantia</strong></span> <span class='ocrx_word' id='word_1_211' title='bbox 531 1132 713 1160; x_wconf 87' lang='lat' dir='ltr'><strong>accusantur;</strong></span> <span class='ocrx_word' id='word_1_212' title='bbox 741 1128 843 1162; x_wconf 90' lang='lat' dir='ltr'><strong>alioqui</strong></span> <span class='ocrx_word' id='word_1_213' title='bbox 867 1136 902 1156; x_wconf 92' lang='lat' dir='ltr'><strong>ne</strong></span> <span class='ocrx_word' id='word_1_214' title='bbox 925 1129 1007 1155; x_wconf 85' lang='lat' dir='ltr'><strong>mini-</strong></span> 
     </span>
    </p>
   </div>
   <div class='ocr_carea' id='block_1_26' title="bbox 227 1171 1006 1207">
    <p class='ocr_par' dir='ltr' id='par_1_26' title="bbox 227 1171 1006 1207">
     <span class='ocr_line' id='line_1_26' title="bbox 227 1171 1006 1207; baseline 0 -7"><span class='ocrx_word' id='word_1_215' title='bbox 227 1180 301 1200; x_wconf 87' lang='lat' dir='ltr'><strong>mum</strong></span> <span class='ocrx_word' id='word_1_216' title='bbox 319 1172 428 1207; x_wconf 90' lang='lat' dir='ltr'><strong>quidem</strong></span> <span class='ocrx_word' id='word_1_217' title='bbox 453 1172 596 1204; x_wconf 87' lang='lat' dir='ltr'><strong>vidissent,</strong></span> <span class='ocrx_word' id='word_1_218' title='bbox 613 1179 664 1199; x_wconf 92' lang='lat' dir='ltr'><strong>nec</strong></span> <span class='ocrx_word' id='word_1_219' title='bbox 682 1171 708 1199; x_wconf 92' lang='lat' dir='ltr'><strong>ei</strong></span> <span class='ocrx_word' id='word_1_220' title='bbox 725 1172 863 1207; x_wconf 83' lang='lat' dir='ltr'><strong>supplices</strong></span> <span class='ocrx_word' id='word_1_221' title='bbox 880 1173 1006 1205; x_wconf 83' lang='lat' dir='ltr'><strong>fuissent,</strong></span> 
     </span>
    </p>
   </div>
   <div class='ocr_carea' id='block_1_27' title="bbox 227 1217 1008 1254">
    <p class='ocr_par' dir='ltr' id='par_1_27' title="bbox 227 1217 1008 1254">
     <span class='ocr_line' id='line_1_27' title="bbox 227 1217 1008 1254; baseline 0.001 -8"><span class='ocrx_word' id='word_1_222' title='bbox 227 1226 316 1254; x_wconf 91' lang='lat' dir='ltr'><strong>neque</strong></span> <span class='ocrx_word' id='word_1_223' title='bbox 330 1218 478 1246; x_wconf 80' lang='lat' dir='ltr'><strong>cessissent</strong></span> <span class='ocrx_word' id='word_1_224' title='bbox 494 1217 579 1250; x_wconf 85' lang='lat' dir='ltr'><strong>dicto,</strong></span> <span class='ocrx_word' id='word_1_225' title='bbox 595 1225 683 1253; x_wconf 89' lang='lat' dir='ltr'><strong>neque</strong></span> <span class='ocrx_word' id='word_1_226' title='bbox 697 1225 840 1246; x_wconf 87' lang='lat' dir='ltr'><strong>secernere</strong></span> <span class='ocrx_word' id='word_1_227' title='bbox 855 1219 1008 1253; x_wconf 87' lang='lat' dir='ltr'><strong>potuissent</strong></span> 
     </span>
    </p>
   </div>
   <div class='ocr_carea' id='block_1_28' title="bbox 227 1264 1009 1301">
    <p class='ocr_par' dir='ltr' id='par_1_28' title="bbox 227 1264 1009 1301">
     <span class='ocr_line' id='line_1_28' title="bbox 227 1264 1009 1301; baseline 0 -9"><span class='ocrx_word' id='word_1_228' title='bbox 227 1273 289 1292; x_wconf 88' lang='lat' dir='ltr'><strong>eum</strong></span> <span class='ocrx_word' id='word_1_229' title='bbox 304 1265 349 1301; x_wconf 88' lang='lat' dir='ltr'><strong>qui</strong></span> <span class='ocrx_word' id='word_1_230' title='bbox 365 1264 501 1300; x_wconf 86' lang='lat' dir='ltr'><strong>apparuit,</strong></span> <span class='ocrx_word' id='word_1_231' title='bbox 519 1264 566 1292; x_wconf 92' lang='lat' dir='ltr'><strong>sed</strong></span> <span class='ocrx_word' id='word_1_232' title='bbox 582 1264 673 1299; x_wconf 82' lang='lat' dir='ltr'><strong>potius</strong></span> <span class='ocrx_word' id='word_1_233' title='bbox 689 1264 891 1292; x_wconf 74' lang='lat' dir='ltr'><strong>existimassem</strong></span> <span class='ocrx_word' id='word_1_234' title='bbox 904 1273 936 1292; x_wconf 79' lang='lat' dir='ltr'><strong>ex</strong></span> <span class='ocrx_word' id='word_1_235' title='bbox 953 1267 1009 1293; x_wconf 89' lang='lat' dir='ltr'><strong>suis</strong></span> 
     </span>
    </p>
   </div>
   <div class='ocr_carea' id='block_1_29' title="bbox 226 1309 949 1345">
    <p class='ocr_par' dir='ltr' id='par_1_29' title="bbox 226 1309 949 1345">
     <span class='ocr_line' id='line_1_29' title="bbox 226 1309 949 1345; baseline -0.004 -5"><span class='ocrx_word' id='word_1_236' title='bbox 226 1319 297 1344; x_wconf 83' lang='lat' dir='ltr'><strong>esse,</strong></span> <span class='ocrx_word' id='word_1_237' title='bbox 319 1311 440 1345; x_wconf 88' lang='lat' dir='ltr'><strong>nihilque</strong></span> <span class='ocrx_word' id='word_1_238' title='bbox 459 1310 529 1337; x_wconf 88' lang='lat' dir='ltr'><strong>inter</strong></span> <span class='ocrx_word' id='word_1_239' title='bbox 554 1309 659 1344; x_wconf 87' lang='lat' dir='ltr'><strong>seipsos</strong></span> <span class='ocrx_word' id='word_1_240' title='bbox 675 1313 701 1336; x_wconf 87' lang='lat' dir='ltr'><strong>et</strong></span> <span class='ocrx_word' id='word_1_241' title='bbox 720 1310 794 1336; x_wconf 91' lang='lat' dir='ltr'><strong>illum</strong></span> <span class='ocrx_word' id='word_1_242' title='bbox 808 1310 949 1338; x_wconf 81' lang='lat' dir='ltr'><strong>interesse.</strong></span> 
     </span>
    </p>
   </div>
   <div class='ocr_carea' id='block_1_30' title="bbox 475 1367 1006 1397">
    <p class='ocr_par' dir='ltr' id='par_1_30' title="bbox 475 1367 1006 1397">
     <span class='ocr_line' id='line_1_30' title="bbox 475 1367 1006 1397; baseline -0.002 -1"><span class='ocrx_word' id='word_1_243' title='bbox 475 1368 541 1396; x_wconf 81' lang='lat' dir='ltr'><strong>CAP.</strong></span> <span class='ocrx_word' id='word_1_244' title='bbox 559 1367 666 1395; x_wconf 77' lang='lat' dir='ltr'><strong>XXXII.</strong></span> <span class='ocrx_word' id='word_1_245' title='bbox 684 1367 776 1395; x_wconf 78' lang='lat' dir='ltr'><strong>Preces</strong></span> <span class='ocrx_word' id='word_1_246' title='bbox 792 1368 940 1396; x_wconf 74' lang='lat' dir='ltr'><strong>dwmonum</strong></span> <span class='ocrx_word' id='word_1_247' title='bbox 964 1371 1006 1397; x_wconf 27' lang='lat' dir='ltr'><strong>Del</strong></span> 
     </span>
    </p>
   </div>
   <div class='ocr_carea' id='block_1_31' title="bbox 261 1424 1005 1460">
    <p class='ocr_par' dir='ltr' id='par_1_31' title="bbox 261 1424 1005 1460">
     <span class='ocr_line' id='line_1_31' title="bbox 261 1424 1005 1460; baseline -0.005 -6"><span class='ocrx_word' id='word_1_248' title='bbox 261 1426 313 1459; x_wconf 87' lang='lat' dir='ltr'><strong>En,</strong></span> <span class='ocrx_word' id='word_1_249' title='bbox 340 1424 467 1453; x_wconf 87' lang='lat' dir='ltr'><strong>animalia</strong></span> <span class='ocrx_word' id='word_1_250' title='bbox 486 1432 539 1451; x_wconf 93' lang='lat' dir='ltr'><strong>non</strong></span> <span class='ocrx_word' id='word_1_251' title='bbox 563 1424 666 1451; x_wconf 89' lang='lat' dir='ltr'><strong>utentia</strong></span> <span class='ocrx_word' id='word_1_252' title='bbox 686 1424 792 1452; x_wconf 89' lang='lat' dir='ltr'><strong>ratione</strong></span> <span class='ocrx_word' id='word_1_253' title='bbox 810 1425 947 1460; x_wconf 80' lang='lat' dir='ltr'><strong>sapientes</strong></span> <span class='ocrx_word' id='word_1_254' title='bbox 973 1428 1005 1452; x_wconf 74' lang='lat' dir='ltr'><strong>al.</strong></span> 
     </span>
    </p>
   </div>
   <div class='ocr_carea' id='block_1_32' title="bbox 226 1469 1003 1507">
    <p class='ocr_par' dir='ltr' id='par_1_32' title="bbox 226 1469 1003 1507">
     <span class='ocr_line' id='line_1_32' title="bbox 226 1469 1003 1507; baseline -0.004 -8"><span class='ocrx_word' id='word_1_255' title='bbox 226 1471 416 1507; x_wconf 86' lang='lat' dir='ltr'><strong>insipientibus</strong></span> <span class='ocrx_word' id='word_1_256' title='bbox 441 1478 496 1497; x_wconf 92' lang='lat' dir='ltr'><strong>non</strong></span> <span class='ocrx_word' id='word_1_257' title='bbox 519 1471 718 1497; x_wconf 87' lang='lat' dir='ltr'><strong>internoscunt.</strong></span> <span class='ocrx_word' id='word_1_258' title='bbox 745 1469 773 1497; x_wconf 91' lang='lat' dir='ltr'><strong>Si</strong></span> <span class='ocrx_word' id='word_1_259' title='bbox 794 1476 884 1498; x_wconf 90' lang='lat' dir='ltr'><strong>autem</strong></span> <span class='ocrx_word' id='word_1_260' title='bbox 906 1479 1003 1507; x_wconf 35' lang='lat' dir='ltr'><strong>cogn”</strong></span> 
     </span>
    </p>
   </div>
   <div class='ocr_carea' id='block_1_33' title="bbox 225 1516 1003 1552">
    <p class='ocr_par' dir='ltr' id='par_1_33' title="bbox 225 1516 1003 1552">
     <span class='ocr_line' id='line_1_33' title="bbox 225 1516 1003 1552; baseline -0.001 -7"><span class='ocrx_word' id='word_1_261' title='bbox 225 1521 323 1545; x_wconf 87' lang='lat' dir='ltr'><strong>verunt</strong></span> <span class='ocrx_word' id='word_1_262' title='bbox 340 1517 484 1550; x_wconf 64' lang='lat' dir='ltr'><strong>daemones,</strong></span> <span class='ocrx_word' id='word_1_263' title='bbox 506 1521 533 1544; x_wconf 90' lang='lat' dir='ltr'><strong>ct</strong></span> <span class='ocrx_word' id='word_1_264' title='bbox 549 1520 660 1552; x_wconf 86' lang='lat' dir='ltr'><strong>propter</strong></span> <span class='ocrx_word' id='word_1_265' title='bbox 678 1516 812 1552; x_wconf 86' lang='lat' dir='ltr'><strong>judicium</strong></span> <span class='ocrx_word' id='word_1_266' title='bbox 835 1518 917 1545; x_wconf 86' lang='lat' dir='ltr'><strong>soluti</strong></span> <span class='ocrx_word' id='word_1_267' title='bbox 946 1527 1003 1546; x_wconf 60' lang='lat' dir='ltr'><strong>Sun</strong></span> 
     </span>
    </p>
   </div>
   <div class='ocr_carea' id='block_1_34' title="bbox 187 1562 987 1600">
    <p class='ocr_par' dir='ltr' id='par_1_34' title="bbox 187 1562 987 1600">
     <span class='ocr_line' id='line_1_34' title="bbox 187 1562 987 1600; baseline -0.003 -7"><span class='ocrx_word' id='word_1_268' title='bbox 187 1583 198 1593; x_wconf 87' lang='grc'>.</span> <span class='ocrx_word' id='word_1_269' title='bbox 225 1564 283 1600; x_wconf 79' lang='lat' dir='ltr'><strong>lege</strong></span> <span class='ocrx_word' id='word_1_270' title='bbox 296 1571 350 1591; x_wconf 93' lang='lat' dir='ltr'><strong>non</strong></span> <span class='ocrx_word' id='word_1_271' title='bbox 362 1563 563 1590; x_wconf 85' lang='lat' dir='ltr'><strong>internoscendi</strong></span> <span class='ocrx_word' id='word_1_272' title='bbox 579 1562 650 1589; x_wconf 86' lang='lat' dir='ltr'><strong>aliud</strong></span> <span class='ocrx_word' id='word_1_273' title='bbox 662 1562 696 1589; x_wconf 91' lang='lat' dir='ltr'><strong>ab</strong></span> <span class='ocrx_word' id='word_1_274' title='bbox 709 1563 772 1595; x_wconf 90' lang='lat' dir='ltr'><strong>alio,</strong></span> <span class='ocrx_word' id='word_1_275' title='bbox 790 1567 816 1590; x_wconf 92' lang='lat' dir='ltr'><strong>et</strong></span> <span class='ocrx_word' id='word_1_276' title='bbox 832 1563 987 1598; x_wconf 57' lang='lat' dir='ltr'><strong>dijudieunv</strong></span> 
     </span>
    </p>
   </div>
   <div class='ocr_carea' id='block_1_35' title="bbox 225 1608 971 1645">
    <p class='ocr_par' dir='ltr' id='par_1_35' title="bbox 225 1608 971 1645">
     <span class='ocr_line' id='line_1_35' title="bbox 225 1608 971 1645; baseline 0 -8"><span class='ocrx_word' id='word_1_277' title='bbox 225 1613 393 1645; x_wconf 83' lang='lat' dir='ltr'><strong>agnoverunt</strong></span> <span class='ocrx_word' id='word_1_278' title='bbox 412 1609 491 1642; x_wconf 86' lang='lat' dir='ltr'><strong>talia;</strong></span> <span class='ocrx_word' id='word_1_279' title='bbox 512 1608 682 1636; x_wconf 90' lang='lat' dir='ltr'><strong>convincitur</strong></span> <span class='ocrx_word' id='word_1_280' title='bbox 694 1616 747 1636; x_wconf 95' lang='lat' dir='ltr'><strong>non</strong></span> <span class='ocrx_word' id='word_1_281' title='bbox 764 1613 889 1637; x_wconf 90' lang='lat' dir='ltr'><strong>naturam</strong></span> <span class='ocrx_word' id='word_1_282' title='bbox 910 1611 936 1637; x_wconf 63' lang='lat' dir='ltr'><strong>in</strong></span> <span class='ocrx_word' id='word_1_283' title='bbox 959 1612 971 1637; x_wconf 73' lang='grc' dir='ltr'><strong>Ιι</strong></span> 
     </span>
    </p>
   </div>
   <div class='ocr_carea' id='block_1_36' title="bbox 225 1655 960 1690">
    <p class='ocr_par' dir='ltr' id='par_1_36' title="bbox 225 1655 960 1690">
     <span class='ocr_line' id='line_1_36' title="bbox 225 1655 960 1690; baseline -0.001 -5"><span class='ocrx_word' id='word_1_284' title='bbox 225 1665 265 1689; x_wconf 86' lang='lat' dir='ltr'><strong>re,</strong></span> <span class='ocrx_word' id='word_1_285' title='bbox 281 1657 327 1685; x_wconf 89' lang='lat' dir='ltr'><strong>sed</strong></span> <span class='ocrx_word' id='word_1_286' title='bbox 341 1657 509 1684; x_wconf 84' lang='lat' dir='ltr'><strong>voluntatem</strong></span> <span class='ocrx_word' id='word_1_287' title='bbox 521 1655 657 1682; x_wconf 85' lang='lat' dir='ltr'><strong>moderari</strong></span> <span class='ocrx_word' id='word_1_288' title='bbox 674 1664 681 1682; x_wconf 92' lang='lat'><strong>:</strong></span> <span class='ocrx_word' id='word_1_289' title='bbox 699 1656 823 1690; x_wconf 90' lang='lat' dir='ltr'><strong>quamvis</strong></span> <span class='ocrx_word' id='word_1_290' title='bbox 839 1657 910 1684; x_wconf 91' lang='lat' dir='ltr'><strong>enim</strong></span> <span class='ocrx_word' id='word_1_291' title='bbox 926 1667 960 1690; x_wconf 55' lang='lat' dir='ltr'><strong>ag;</strong></span> 
     </span>
    </p>
   </div>
   <div class='ocr_carea' id='block_1_37' title="bbox 223 1702 951 1737">
    <p class='ocr_par' dir='ltr' id='par_1_37' title="bbox 223 1702 951 1737">
     <span class='ocr_line' id='line_1_37' title="bbox 223 1702 951 1737; baseline -0.005 -6"><span class='ocrx_word' id='word_1_292' title='bbox 223 1707 264 1731; x_wconf 91' lang='lat' dir='ltr'><strong>tet</strong></span> <span class='ocrx_word' id='word_1_293' title='bbox 276 1703 412 1736; x_wconf 88' lang='lat' dir='ltr'><strong>voluntas,</strong></span> <span class='ocrx_word' id='word_1_294' title='bbox 423 1702 547 1737; x_wconf 83' lang='lat' dir='ltr'><strong>quamvis</strong></span> <span class='ocrx_word' id='word_1_295' title='bbox 561 1706 643 1735; x_wconf 88' lang='lat' dir='ltr'><strong>erret,</strong></span> <span class='ocrx_word' id='word_1_296' title='bbox 659 1710 713 1729; x_wconf 89' lang='lat' dir='ltr'><strong>non</strong></span> <span class='ocrx_word' id='word_1_297' title='bbox 728 1706 818 1731; x_wconf 91' lang='lat' dir='ltr'><strong>tamen</strong></span> <span class='ocrx_word' id='word_1_298' title='bbox 831 1703 931 1730; x_wconf 73' lang='lat' dir='ltr'><strong>desinit</strong></span> <span class='ocrx_word' id='word_1_299' title='bbox 948 1716 951 1727; x_wconf 82' lang='grc' dir='ltr'>ι</span> 
     </span>
    </p>
   </div>
   <div class='ocr_carea' id='block_1_38' title="bbox 224 1748 957 1783">
    <p class='ocr_par' dir='ltr' id='par_1_38' title="bbox 224 1748 957 1783">
     <span class='ocr_line' id='line_1_38' title="bbox 224 1748 957 1783; baseline 0.001 -7"><span class='ocrx_word' id='word_1_300' title='bbox 224 1749 339 1776; x_wconf 86' lang='lat' dir='ltr'><strong>rationis</strong></span> <span class='ocrx_word' id='word_1_301' title='bbox 357 1749 511 1783; x_wconf 88' lang='lat' dir='ltr'><strong>particeps;</strong></span> <span class='ocrx_word' id='word_1_302' title='bbox 535 1748 601 1783; x_wconf 88' lang='lat' dir='ltr'><strong>quin</strong></span> <span class='ocrx_word' id='word_1_303' title='bbox 618 1749 710 1783; x_wconf 91' lang='lat' dir='ltr'><strong>potius</strong></span> <span class='ocrx_word' id='word_1_304' title='bbox 725 1756 779 1776; x_wconf 92' lang='lat' dir='ltr'><strong>non</strong></span> <span class='ocrx_word' id='word_1_305' title='bbox 794 1755 835 1777; x_wconf 89' lang='lat' dir='ltr'><strong>est</strong></span> <span class='ocrx_word' id='word_1_306' title='bbox 848 1750 898 1777; x_wconf 80' lang='lat' dir='ltr'><strong>hac</strong></span> <span class='ocrx_word' id='word_1_307' title='bbox 924 1752 957 1777; x_wconf 80' lang='lat' dir='ltr'><strong>in‘</strong></span> 
     </span>
    </p>
   </div>
   <div class='ocr_carea' id='block_1_39' title="bbox 223 1793 939 1829">
    <p class='ocr_par' dir='ltr' id='par_1_39' title="bbox 223 1793 939 1829">
     <span class='ocr_line' id='line_1_39' title="bbox 223 1793 939 1829; baseline 0 -8"><span class='ocrx_word' id='word_1_308' title='bbox 223 1798 355 1829; x_wconf 88' lang='lat' dir='ltr'><strong>emptum.</strong></span> <span class='ocrx_word' id='word_1_309' title='bbox 384 1793 430 1820; x_wconf 91' lang='lat' dir='ltr'><strong>Sic</strong></span> <span class='ocrx_word' id='word_1_310' title='bbox 447 1793 583 1821; x_wconf 73' lang='lat' dir='ltr'><strong>dzrmones</strong></span> <span class='ocrx_word' id='word_1_311' title='bbox 605 1798 773 1829; x_wconf 83' lang='lat' dir='ltr'><strong>agnoverunt</strong></span> <span class='ocrx_word' id='word_1_312' title='bbox 794 1803 872 1827; x_wconf 87' lang='lat' dir='ltr'><strong>eum,</strong></span> <span class='ocrx_word' id='word_1_313' title='bbox 896 1804 939 1828; x_wconf 58' lang='lat' dir='ltr'><strong>ro;</strong></span> 
     </span>
    </p>
   </div>
   <div class='ocr_carea' id='block_1_40' title="bbox 223 1838 909 1875">
    <p class='ocr_par' dir='ltr' id='par_1_40' title="bbox 223 1838 909 1875">
     <span class='ocr_line' id='line_1_40' title="bbox 223 1838 909 1875; baseline 0.003 -9"><span class='ocrx_word' id='word_1_314' title='bbox 223 1843 298 1872; x_wconf 82' lang='lat' dir='ltr'><strong>runt,</strong></span> <span class='ocrx_word' id='word_1_315' title='bbox 323 1839 458 1874; x_wconf 79' lang='lat' dir='ltr'><strong>supplices</strong></span> <span class='ocrx_word' id='word_1_316' title='bbox 482 1838 508 1866; x_wconf 88' lang='lat' dir='ltr'><strong>ei</strong></span> <span class='ocrx_word' id='word_1_317' title='bbox 529 1838 655 1871; x_wconf 81' lang='lat' dir='ltr'><strong>fuerunt,</strong></span> <span class='ocrx_word' id='word_1_318' title='bbox 677 1847 712 1867; x_wconf 91' lang='lat' dir='ltr'><strong>ne</strong></span> <span class='ocrx_word' id='word_1_319' title='bbox 731 1839 839 1875; x_wconf 77' lang='lat' dir='ltr'><strong>iuberet</strong></span> <span class='ocrx_word' id='word_1_320' title='bbox 862 1848 909 1868; x_wconf 82' lang='lat' dir='ltr'><strong>eos</strong></span> 
     </span>
    </p>
   </div>
   <div class='ocr_carea' id='block_1_41' title="bbox 223 1884 929 1922">
    <p class='ocr_par' dir='ltr' id='par_1_41' title="bbox 223 1884 929 1922">
     <span class='ocr_line' id='line_1_41' title="bbox 223 1884 929 1922; baseline -0.003 -11"><span class='ocrx_word' id='word_1_321' title='bbox 223 1885 252 1912; x_wconf 93' lang='lat' dir='ltr'><strong>in</strong></span> <span class='ocrx_word' id='word_1_322' title='bbox 277 1885 416 1921; x_wconf 86' lang='lat' dir='ltr'><strong>abyssum.</strong></span> <span class='ocrx_word' id='word_1_323' title='bbox 449 1884 477 1911; x_wconf 92' lang='lat' dir='ltr'><strong>Si</strong></span> <span class='ocrx_word' id='word_1_324' title='bbox 493 1888 572 1912; x_wconf 88' lang='lat' dir='ltr'><strong>erant</strong></span> <span class='ocrx_word' id='word_1_325' title='bbox 591 1884 638 1912; x_wconf 85' lang='lat' dir='ltr'><strong>ﬁlii</strong></span> <span class='ocrx_word' id='word_1_326' title='bbox 654 1886 756 1921; x_wconf 84' lang='lat' dir='ltr'><strong>abyssi,</strong></span> <span class='ocrx_word' id='word_1_327' title='bbox 774 1886 797 1914; x_wconf 90' lang='lat' dir='ltr'><strong>si</strong></span> <span class='ocrx_word' id='word_1_328' title='bbox 816 1888 929 1922; x_wconf 60' lang='lat' dir='ltr'><strong>cognati,</strong></span> 
     </span>
    </p>
   </div>
   <div class='ocr_carea' id='block_1_42' title="bbox 222 1931 931 1968">
    <p class='ocr_par' dir='ltr' id='par_1_42' title="bbox 222 1931 931 1968">
     <span class='ocr_line' id='line_1_42' title="bbox 222 1931 931 1968; baseline 0.001 -10"><span class='ocrx_word' id='word_1_329' title='bbox 222 1939 284 1958; x_wconf 91' lang='lat' dir='ltr'><strong>cum</strong></span> <span class='ocrx_word' id='word_1_330' title='bbox 297 1931 395 1967; x_wconf 83' lang='lat' dir='ltr'><strong>abysso</strong></span> <span class='ocrx_word' id='word_1_331' title='bbox 410 1931 557 1963; x_wconf 87' lang='lat' dir='ltr'><strong>habebant,</strong></span> <span class='ocrx_word' id='word_1_332' title='bbox 574 1938 624 1958; x_wconf 86' lang='lat' dir='ltr'><strong>cur</strong></span> <span class='ocrx_word' id='word_1_333' title='bbox 643 1936 759 1966; x_wconf 84' lang='lat' dir='ltr'><strong>cognata</strong></span> <span class='ocrx_word' id='word_1_334' title='bbox 776 1932 909 1968; x_wconf 76' lang='lat' dir='ltr'><strong>refugium</strong></span> <span class='ocrx_word' id='word_1_335' title='bbox 930 1939 931 1942; x_wconf 75' lang='lat'>‘</span> 
     </span>
    </p>
   </div>
   <div class='ocr_carea' id='block_1_43' title="bbox 222 1974 901 2011">
    <p class='ocr_par' dir='ltr' id='par_1_43' title="bbox 222 1974 901 2011">
     <span class='ocr_line' id='line_1_43' title="bbox 222 1974 901 2011; baseline 0 -9"><span class='ocrx_word' id='word_1_336' title='bbox 222 1974 341 2002; x_wconf 87' lang='lat' dir='ltr'><strong>radicem</strong></span> <span class='ocrx_word' id='word_1_337' title='bbox 356 1982 433 2002; x_wconf 90' lang='lat' dir='ltr'><strong>suam</strong></span> <span class='ocrx_word' id='word_1_338' title='bbox 453 1976 597 2003; x_wconf 83' lang='lat' dir='ltr'><strong>recusant?</strong></span> <span class='ocrx_word' id='word_1_339' title='bbox 615 1976 709 2011; x_wconf 62' lang='lat' dir='ltr'><strong>potius</strong></span> <span class='ocrx_word' id='word_1_340' title='bbox 723 1976 794 2004; x_wconf 86' lang='lat' dir='ltr'><strong>enim</strong></span> <span class='ocrx_word' id='word_1_341' title='bbox 814 1984 872 2004; x_wconf 86' lang='lat' dir='ltr'><strong>eam</strong></span> <span class='ocrx_word' id='word_1_342' title='bbox 889 1988 901 2003; x_wconf 73' lang='grc' dir='ltr'><strong>ει</strong></span> 
     </span>
    </p>
   </div>
   <div class='ocr_carea' id='block_1_44' title="bbox 221 2022 905 2057">
    <p class='ocr_par' dir='ltr' id='par_1_44' title="bbox 221 2022 905 2057">
     <span class='ocr_line' id='line_1_44' title="bbox 221 2022 905 2057; baseline 0 -9"><span class='ocrx_word' id='word_1_343' title='bbox 221 2025 323 2054; x_wconf 88' lang='lat' dir='ltr'><strong>essent,</strong></span> <span class='ocrx_word' id='word_1_344' title='bbox 340 2022 502 2049; x_wconf 88' lang='lat' dir='ltr'><strong>arbitrantes</strong></span> <span class='ocrx_word' id='word_1_345' title='bbox 519 2023 640 2057; x_wconf 88' lang='lat' dir='ltr'><strong>requiem</strong></span> <span class='ocrx_word' id='word_1_346' title='bbox 653 2031 730 2051; x_wconf 87' lang='lat' dir='ltr'><strong>suam</strong></span> <span class='ocrx_word' id='word_1_347' title='bbox 744 2031 805 2051; x_wconf 90' lang='lat' dir='ltr'><strong>esse</strong></span> <span class='ocrx_word' id='word_1_348' title='bbox 820 2023 846 2050; x_wconf 94' lang='lat' dir='ltr'><strong>in</strong></span> <span class='ocrx_word' id='word_1_349' title='bbox 861 2032 905 2049; x_wconf 67' lang='lat' dir='ltr'><strong>(tu.</strong></span> 
     </span>
    </p>
   </div>
   <div class='ocr_carea' id='block_1_45' title="bbox 221 2067 899 2103">
    <p class='ocr_par' dir='ltr' id='par_1_45' title="bbox 221 2067 899 2103">
     <span class='ocr_line' id='line_1_45' title="bbox 221 2067 899 2103; baseline -0.003 -7"><span class='ocrx_word' id='word_1_350' title='bbox 221 2075 257 2096; x_wconf 86' lang='lat' dir='ltr'><strong>ne</strong></span> <span class='ocrx_word' id='word_1_351' title='bbox 276 2068 404 2103; x_wconf 91' lang='lat' dir='ltr'><strong>positam,</strong></span> <span class='ocrx_word' id='word_1_352' title='bbox 425 2067 559 2102; x_wconf 87' lang='lat' dir='ltr'><strong>siquidem</strong></span> <span class='ocrx_word' id='word_1_353' title='bbox 576 2068 603 2095; x_wconf 91' lang='lat' dir='ltr'><strong>in</strong></span> <span class='ocrx_word' id='word_1_354' title='bbox 620 2069 744 2103; x_wconf 87' lang='lat' dir='ltr'><strong>cognatis</strong></span> <span class='ocrx_word' id='word_1_355' title='bbox 758 2069 787 2095; x_wconf 84' lang='lat' dir='ltr'><strong>[it</strong></span> <span class='ocrx_word' id='word_1_356' title='bbox 799 2076 899 2096; x_wconf 51' lang='lat' dir='ltr'><strong>recrea</strong></span> 
     </span>
    </p>
   </div>
   <div class='ocr_carea' id='block_1_46' title="bbox 221 2113 893 2150">
    <p class='ocr_par' dir='ltr' id='par_1_46' title="bbox 221 2113 893 2150">
     <span class='ocr_line' id='line_1_46' title="bbox 221 2113 893 2150; baseline -0.001 -10"><span class='ocrx_word' id='word_1_357' title='bbox 221 2113 372 2150; x_wconf 82' lang='lat' dir='ltr'><strong>peregrinis</strong></span> <span class='ocrx_word' id='word_1_358' title='bbox 386 2121 449 2141; x_wconf 90' lang='lat' dir='ltr'><strong>vero</strong></span> <span class='ocrx_word' id='word_1_359' title='bbox 464 2118 491 2141; x_wconf 88' lang='lat' dir='ltr'><strong>et</strong></span> <span class='ocrx_word' id='word_1_360' title='bbox 508 2114 604 2141; x_wconf 89' lang='lat' dir='ltr'><strong>alienis</strong></span> <span class='ocrx_word' id='word_1_361' title='bbox 616 2114 804 2142; x_wconf 84' lang='lat' dir='ltr'><strong>atllictationes</strong></span> <span class='ocrx_word' id='word_1_362' title='bbox 818 2124 823 2142; x_wconf 89' lang='lat'>:</span> <span class='ocrx_word' id='word_1_363' title='bbox 844 2124 893 2142; x_wconf 79' lang='lat' dir='ltr'><strong>tun.</strong></span> 
     </span>
    </p>
   </div>
   <div class='ocr_carea' id='block_1_47' title="bbox 221 2157 884 2194">
    <p class='ocr_par' dir='ltr' id='par_1_47' title="bbox 221 2157 884 2194">
     <span class='ocr_line' id='line_1_47' title="bbox 221 2157 884 2194; baseline 0 -9"><span class='ocrx_word' id='word_1_364' title='bbox 221 2158 275 2185; x_wconf 88' lang='lat' dir='ltr'><strong>illis</strong></span> <span class='ocrx_word' id='word_1_365' title='bbox 287 2158 455 2186; x_wconf 88' lang='lat' dir='ltr'><strong>recusandus</strong></span> <span class='ocrx_word' id='word_1_366' title='bbox 468 2157 563 2193; x_wconf 72' lang='lat' dir='ltr'><strong>Iesus;</strong></span> <span class='ocrx_word' id='word_1_367' title='bbox 578 2159 664 2194; x_wconf 76' lang='lat' dir='ltr'><strong>magis</strong></span> <span class='ocrx_word' id='word_1_368' title='bbox 678 2159 845 2187; x_wconf 88' lang='lat' dir='ltr'><strong>recusandus</strong></span> <span class='ocrx_word' id='word_1_369' title='bbox 862 2161 884 2185; x_wconf 63' lang='lat' dir='ltr'><strong>lu</strong></span> 
     </span>
    </p>
   </div>
   <div class='ocr_carea' id='block_1_48' title="bbox 220 2204 876 2240">
    <p class='ocr_par' dir='ltr' id='par_1_48' title="bbox 220 2204 876 2240">
     <span class='ocr_line' id='line_1_48' title="bbox 220 2204 876 2240; baseline 0 -9"><span class='ocrx_word' id='word_1_370' title='bbox 220 2205 267 2232; x_wconf 93' lang='lat' dir='ltr'><strong>ubi</strong></span> <span class='ocrx_word' id='word_1_371' title='bbox 290 2204 354 2232; x_wconf 90' lang='lat' dir='ltr'><strong>boni</strong></span> <span class='ocrx_word' id='word_1_372' title='bbox 371 2208 399 2232; x_wconf 90' lang='lat' dir='ltr'><strong>et</strong></span> <span class='ocrx_word' id='word_1_373' title='bbox 420 2206 489 2240; x_wconf 67' lang='lat' dir='ltr'><strong>atqui</strong></span> <span class='ocrx_word' id='word_1_374' title='bbox 507 2209 585 2237; x_wconf 84' lang='lat' dir='ltr'><strong>sunt;</strong></span> <span class='ocrx_word' id='word_1_375' title='bbox 604 2205 808 2240; x_wconf 86' lang='lat' dir='ltr'><strong>amplectendus</strong></span> <span class='ocrx_word' id='word_1_376' title='bbox 823 2214 876 2233; x_wconf 60' lang='lat' dir='ltr'><strong>vein</strong></span> 
     </span>
    </p>
   </div>
   <div class='ocr_carea' id='block_1_49' title="bbox 220 2251 1292 2286">
    <p class='ocr_par' dir='ltr' id='par_1_49' title="bbox 220 2251 1292 2286">
     <span class='ocr_line' id='line_1_49' title="bbox 220 2251 1292 2286; baseline -0.001 -7"><span class='ocrx_word' id='word_1_377' title='bbox 220 2258 269 2279; x_wconf 89' lang='lat' dir='ltr'><strong>sus</strong></span> <span class='ocrx_word' id='word_1_378' title='bbox 284 2251 310 2278; x_wconf 93' lang='lat' dir='ltr'><strong>in</strong></span> <span class='ocrx_word' id='word_1_379' title='bbox 326 2251 463 2286; x_wconf 78' lang='lat' dir='ltr'><strong>abyssum.</strong></span> <span class='ocrx_word' id='word_1_380' title='bbox 482 2251 583 2278; x_wconf 90' lang='lat' dir='ltr'><strong>Contra</strong></span> <span class='ocrx_word' id='word_1_381' title='bbox 598 2259 661 2279; x_wconf 89' lang='lat' dir='ltr'><strong>vero</strong></span> <span class='ocrx_word' id='word_1_382' title='bbox 680 2252 744 2279; x_wconf 91' lang='lat' dir='ltr'><strong>dum</strong></span> <span class='ocrx_word' id='word_1_383' title='bbox 762 2260 864 2280; x_wconf 69' lang='lat' dir='ltr'><strong>recusa:</strong></span> <span class='ocrx_word' id='word_1_384' title='bbox 1147 2254 1292 2270; x_wconf 47' lang='lat' dir='ltr'><strong>W‘</strong></span> 
     </span>
    </p>
   </div>
   <div class='ocr_carea' id='block_1_50' title="bbox 219 2297 1226 2331">
    <p class='ocr_par' dir='ltr' id='par_1_50' title="bbox 219 2297 1226 2331">
     <span class='ocr_line' id='line_1_50' title="bbox 219 2297 1226 2331; baseline -0.002 -7"><span class='ocrx_word' id='word_1_385' title='bbox 219 2302 294 2330; x_wconf 88' lang='lat' dir='ltr'><strong>vent,</strong></span> <span class='ocrx_word' id='word_1_386' title='bbox 320 2302 346 2324; x_wconf 89' lang='lat' dir='ltr'><strong>et</strong></span> <span class='ocrx_word' id='word_1_387' title='bbox 362 2297 426 2325; x_wconf 92' lang='lat' dir='ltr'><strong>illuc</strong></span> <span class='ocrx_word' id='word_1_388' title='bbox 449 2297 523 2325; x_wconf 86' lang='lat' dir='ltr'><strong>abire</strong></span> <span class='ocrx_word' id='word_1_389' title='bbox 537 2297 700 2331; x_wconf 87' lang='lat' dir='ltr'><strong>detrectant,</strong></span> <span class='ocrx_word' id='word_1_390' title='bbox 717 2299 772 2325; x_wconf 90' lang='lat' dir='ltr'><strong>imo</strong></span> <span class='ocrx_word' id='word_1_391' title='bbox 792 2299 826 2326; x_wconf 90' lang='lat' dir='ltr'><strong>ob</strong></span> <span class='ocrx_word' id='word_1_392' title='bbox 846 2300 859 2324; x_wconf 89' lang='grc' dir='ltr'><strong>Ιι</strong></span> <span class='ocrx_word' id='word_1_393' title='bbox 1142 2318 1161 2325; x_wconf 40' lang='grc' dir='ltr'><strong>ν.</strong></span> 
     </span>
    </p>
   </div>
   <div class='ocr_carea' id='block_1_51' title="bbox 221 2342 855 2377">
    <p class='ocr_par' dir='ltr' id='par_1_51' title="bbox 221 2342 855 2377">
     <span class='ocr_line' id='line_1_51' title="bbox 221 2342 855 2377; baseline 0.002 -7"><span class='ocrx_word' id='word_1_394' title='bbox 221 2349 277 2370; x_wconf 86' lang='lat' dir='ltr'><strong>sam</strong></span> <span class='ocrx_word' id='word_1_395' title='bbox 293 2342 429 2377; x_wconf 88' lang='lat' dir='ltr'><strong>supplices</strong></span> <span class='ocrx_word' id='word_1_396' title='bbox 443 2346 532 2376; x_wconf 91' lang='lat' dir='ltr'><strong>orant,</strong></span> <span class='ocrx_word' id='word_1_397' title='bbox 549 2343 615 2370; x_wconf 90' lang='lat' dir='ltr'><strong>satis</strong></span> <span class='ocrx_word' id='word_1_398' title='bbox 631 2343 722 2370; x_wconf 91' lang='lat' dir='ltr'><strong>indicii</strong></span> <span class='ocrx_word' id='word_1_399' title='bbox 736 2343 855 2371; x_wconf 66' lang='lat' dir='ltr'><strong>dederm»</strong></span> 
     </span>
    </p>
   </div>
   <div class='ocr_carea' id='block_1_52' title="bbox 220 2387 843 2424">
    <p class='ocr_par' dir='ltr' id='par_1_52' title="bbox 220 2387 843 2424">
     <span class='ocr_line' id='line_1_52' title="bbox 220 2387 843 2424; baseline 0.002 -8"><span class='ocrx_word' id='word_1_400' title='bbox 220 2396 250 2417; x_wconf 83' lang='lat' dir='ltr'><strong>se</strong></span> <span class='ocrx_word' id='word_1_401' title='bbox 273 2387 500 2415; x_wconf 88' lang='lat' dir='ltr'><strong>necessitudinem</strong></span> <span class='ocrx_word' id='word_1_402' title='bbox 531 2392 557 2415; x_wconf 91' lang='lat' dir='ltr'><strong>et</strong></span> <span class='ocrx_word' id='word_1_403' title='bbox 571 2389 760 2424; x_wconf 82' lang='lat' dir='ltr'><strong>cognationem</strong></span> <span class='ocrx_word' id='word_1_404' title='bbox 782 2397 843 2417; x_wconf 90' lang='lat' dir='ltr'><strong>cum</strong></span> 
     </span>
    </p>
   </div>
   <div class='ocr_carea' id='block_1_53' title="bbox 219 2433 1260 2471">
    <p class='ocr_par' dir='ltr' id='par_1_53' title="bbox 219 2433 1260 2471">
     <span class='ocr_line' id='line_1_53' title="bbox 219 2433 1260 2471; baseline 0.001 -10"><span class='ocrx_word' id='word_1_405' title='bbox 219 2438 372 2461; x_wconf 87' lang='lat' dir='ltr'><strong>mentorum</strong></span> <span class='ocrx_word' id='word_1_406' title='bbox 389 2433 502 2467; x_wconf 86' lang='lat' dir='ltr'><strong>habere;</strong></span> <span class='ocrx_word' id='word_1_407' title='bbox 520 2434 588 2461; x_wconf 88' lang='lat' dir='ltr'><strong>nihil</strong></span> <span class='ocrx_word' id='word_1_408' title='bbox 608 2435 681 2462; x_wconf 89' lang='lat' dir='ltr'><strong>enim</strong></span> <span class='ocrx_word' id='word_1_409' title='bbox 699 2436 819 2471; x_wconf 88' lang='lat' dir='ltr'><strong>seipsurn</strong></span> <span class='ocrx_word' id='word_1_410' title='bbox 836 2452 846 2461; x_wconf 96' lang='lat'><strong><em>.-</em></strong></span> <span class='ocrx_word' id='word_1_411' title='bbox 1222 2446 1260 2453; x_wconf 60' lang='grc'><strong>’-</strong></span> 
     </span>
    </p>
   </div>
   <div class='ocr_carea' id='block_1_54' title="bbox 218 2480 837 2517">
    <p class='ocr_par' dir='ltr' id='par_1_54' title="bbox 218 2480 837 2517">
     <span class='ocr_line' id='line_1_54' title="bbox 218 2480 837 2517; baseline 0.002 -10"><span class='ocrx_word' id='word_1_412' title='bbox 218 2481 291 2508; x_wconf 90' lang='lat' dir='ltr'><strong>malo</strong></span> <span class='ocrx_word' id='word_1_413' title='bbox 306 2480 405 2509; x_wconf 71' lang='lat' dir='ltr'><strong>allicit:</strong></span> <span class='ocrx_word' id='word_1_414' title='bbox 422 2488 502 2508; x_wconf 87' lang='lat' dir='ltr'><strong>omne</strong></span> <span class='ocrx_word' id='word_1_415' title='bbox 516 2485 605 2509; x_wconf 90' lang='lat' dir='ltr'><strong>autem</strong></span> <span class='ocrx_word' id='word_1_416' title='bbox 623 2481 696 2517; x_wconf 90' lang='lat' dir='ltr'><strong>quod</strong></span> <span class='ocrx_word' id='word_1_417' title='bbox 709 2482 837 2510; x_wconf 81' lang='lat' dir='ltr'><strong>aﬂlictatn</strong></span> 
     </span>
    </p>
   </div>
   <div class='ocr_carea' id='block_1_55' title="bbox 219 2526 830 2560">
    <p class='ocr_par' dir='ltr' id='par_1_55' title="bbox 219 2526 830 2560">
     <span class='ocr_line' id='line_1_55' title="bbox 219 2526 830 2560; baseline 0.003 -7"><span class='ocrx_word' id='word_1_418' title='bbox 219 2526 344 2560; x_wconf 77' lang='lat' dir='ltr'><strong>abicitur,</strong></span> <span class='ocrx_word' id='word_1_419' title='bbox 357 2527 392 2554; x_wconf 92' lang='lat' dir='ltr'><strong>ab</strong></span> <span class='ocrx_word' id='word_1_420' title='bbox 403 2527 456 2555; x_wconf 85' lang='lat' dir='ltr'><strong>alio</strong></span> <span class='ocrx_word' id='word_1_421' title='bbox 476 2527 637 2556; x_wconf 77' lang='lat' dir='ltr'><strong>Iﬂlictatur:</strong></span> <span class='ocrx_word' id='word_1_422' title='bbox 652 2536 765 2557; x_wconf 86' lang='lat' dir='ltr'><strong>necesse</strong></span> <span class='ocrx_word' id='word_1_423' title='bbox 779 2531 830 2557; x_wconf 59' lang='lat' dir='ltr'><strong>enix</strong></span> 
     </span>
    </p>
   </div>
   <div class='ocr_carea' id='block_1_56' title="bbox 219 2574 832 2604">
    <p class='ocr_par' dir='ltr' id='par_1_56' title="bbox 219 2574 832 2604">
     <span class='ocr_line' id='line_1_56' title="bbox 219 2574 832 2604; baseline 0.007 -4"><span class='ocrx_word' id='word_1_424' title='bbox 219 2574 328 2600; x_wconf 85' lang='lat' dir='ltr'><strong>atllictat</strong></span> <span class='ocrx_word' id='word_1_425' title='bbox 354 2581 407 2600; x_wconf 93' lang='lat' dir='ltr'><strong>non</strong></span> <span class='ocrx_word' id='word_1_426' title='bbox 434 2574 470 2601; x_wconf 88' lang='lat' dir='ltr'><strong>sit</strong></span> <span class='ocrx_word' id='word_1_427' title='bbox 499 2574 541 2602; x_wconf 88' lang='lat' dir='ltr'><strong>sui</strong></span> <span class='ocrx_word' id='word_1_428' title='bbox 567 2575 703 2603; x_wconf 82' lang='lat' dir='ltr'><strong>alliictatio</strong></span> <span class='ocrx_word' id='word_1_429' title='bbox 725 2583 757 2603; x_wconf 91' lang='lat' dir='ltr'><strong>ac</strong></span> <span class='ocrx_word' id='word_1_430' title='bbox 777 2584 832 2604; x_wconf 51' lang='lat' dir='ltr'><strong>crux</strong></span> 
     </span>
    </p>
   </div>
   <div class='ocr_carea' id='block_1_57' title="bbox 219 2621 827 2657">
    <p class='ocr_par' dir='ltr' id='par_1_57' title="bbox 219 2621 827 2657">
     <span class='ocr_line' id='line_1_57' title="bbox 219 2621 827 2657; baseline 0.002 -9"><span class='ocrx_word' id='word_1_431' title='bbox 219 2622 330 2648; x_wconf 73' lang='lat' dir='ltr'><strong>alterius</strong></span> <span class='ocrx_word' id='word_1_432' title='bbox 354 2621 425 2656; x_wconf 87' lang='lat' dir='ltr'><strong>quod</strong></span> <span class='ocrx_word' id='word_1_433' title='bbox 453 2627 544 2657; x_wconf 81' lang='lat' dir='ltr'><strong>aptum</strong></span> <span class='ocrx_word' id='word_1_434' title='bbox 569 2628 663 2650; x_wconf 87' lang='lat' dir='ltr'><strong>natum</strong></span> <span class='ocrx_word' id='word_1_435' title='bbox 686 2629 736 2657; x_wconf 85' lang='lat' dir='ltr'><strong>est,</strong></span> <span class='ocrx_word' id='word_1_436' title='bbox 758 2629 786 2651; x_wconf 89' lang='lat' dir='ltr'><strong>ut</strong></span> <span class='ocrx_word' id='word_1_437' title='bbox 807 2634 827 2650; x_wconf 66' lang='lat' dir='ltr'><strong>1n</strong></span> 
     </span>
    </p>
   </div>
   <div class='ocr_carea' id='block_1_58' title="bbox 218 2668 443 2695">
    <p class='ocr_par' dir='ltr' id='par_1_58' title="bbox 218 2668 443 2695">
     <span class='ocr_line' id='line_1_58' title="bbox 218 2668 443 2695; baseline -0.009 0"><span class='ocrx_word' id='word_1_438' title='bbox 218 2669 289 2695; x_wconf 78' lang='lat' dir='ltr'><strong>malo</strong></span> <span class='ocrx_word' id='word_1_439' title='bbox 304 2668 443 2694; x_wconf 78' lang='lat' dir='ltr'><strong>alliciatur.</strong></span> 
     </span>
    </p>
   </div>
   <div class='ocr_carea' id='block_1_59' title="bbox 256 2748 651 2781">
    <p class='ocr_par' dir='ltr' id='par_1_59' title="bbox 256 2748 651 2781">
     <span class='ocr_line' id='line_1_59' title="bbox 256 2748 651 2781; baseline 0.008 -8"><span class='ocrx_word' id='word_1_440' title='bbox 256 2751 263 2763; x_wconf 82' lang='grc'><strong><em>³</em></strong></span> <span class='ocrx_word' id='word_1_441' title='bbox 280 2748 358 2775; x_wconf 71' lang='lat' dir='ltr'><strong>Marc.</strong></span> <span class='ocrx_word' id='word_1_442' title='bbox 377 2757 396 2779; x_wconf 84' lang='lat' dir='ltr'><strong>l,</strong></span> <span class='ocrx_word' id='word_1_443' title='bbox 414 2749 457 2781; x_wconf 71' lang='lat' dir='ltr'><strong>‘M;</strong></span> <span class='ocrx_word' id='word_1_444' title='bbox 477 2749 541 2775; x_wconf 53' lang='lat' dir='ltr'><strong>Lua</strong></span> <span class='ocrx_word' id='word_1_445' title='bbox 560 2758 594 2781; x_wconf 75' lang='lat' dir='ltr'><strong>tv,</strong></span> <span class='ocrx_word' id='word_1_446' title='bbox 609 2750 651 2776; x_wconf 70' lang='grc'><strong>34.</strong></span> 
     </span>
    </p>
   </div>
   <div class='ocr_carea' id='block_1_60' title="bbox 255 2808 801 2845">
    <p class='ocr_par' dir='ltr' id='par_1_60' title="bbox 255 2808 801 2845">
     <span class='ocr_line' id='line_1_60' title="bbox 255 2808 801 2845; baseline -0.002 -11"><span class='ocrx_word' id='word_1_447' title='bbox 255 2809 309 2845; x_wconf 69' lang='grc'><strong>(13)</strong></span> <span class='ocrx_word' id='word_1_448' title='bbox 336 2808 470 2834; x_wconf 50' lang='grc' dir='ltr'><strong>Ἀπιηλένι.</strong></span> <span class='ocrx_word' id='word_1_449' title='bbox 490 2808 555 2834; x_wconf 84' lang='lat' dir='ltr'><strong>llui&#39;c</strong></span> <span class='ocrx_word' id='word_1_450' title='bbox 578 2809 627 2843; x_wconf 68' lang='lat' dir='ltr'><strong>legi</strong></span> <span class='ocrx_word' id='word_1_451' title='bbox 646 2809 762 2835; x_wconf 72' lang='lat' dir='ltr'><strong>serviunt</strong></span> <span class='ocrx_word' id='word_1_452' title='bbox 780 2813 801 2834; x_wconf 77' lang='lat' dir='ltr'><strong>ct</strong></span> 
     </span>
    </p>
   </div>
   <div class='ocr_carea' id='block_1_61' title="bbox 913 2574 1930 3104">
    <p class='ocr_par' dir='ltr' id='par_1_61' title="bbox 917 2599 1789 2845">
     <span class='ocr_line' id='line_1_61' title="bbox 973 2599 1789 2641; baseline -0.006 0"><span class='ocrx_word' id='word_1_453' title='bbox 973 2613 1074 2641; x_wconf 55' lang='grc' dir='ltr'><strong>δ’δ’-</strong></span> <span class='ocrx_word' id='word_1_454' title='bbox 1096 2599 1131 2604; x_wconf 17' lang='grc' dir='ltr'><strong>ν-</strong></span> <span class='ocrx_word' id='word_1_455' title='bbox 1764 2610 1789 2612; x_wconf 22' lang='grc' dir='ltr'><strong>ν“</strong></span> 
     </span>
     <span class='ocr_line' id='line_1_62' title="bbox 917 2825 975 2845; baseline 0 0"><span class='ocrx_word' id='word_1_456' title='bbox 917 2825 975 2845; x_wconf 74' lang='lat'><em>’</em></span> 
     </span>
    </p>
   </div>
  </div>
