4008 6208
546 286 685 349 “£9

1688 287 1826 347 TITI
1865 288 2289 348 BOS’I’BENSIS
2322 289 2603 348 EPISCOP

3615 287 3754 345 {I20

545 412 665 472 rat;
701 420 807 460 non
844 405 1230 475 ignoraverunt
1253 421 1377 462 eum
1406 406 1496 477 qui
1546 406 1917 479 interrogabat
1944 428 1958 465 :
1989 411 2104 481 ipsa

2218 412 2343 484 ιῦτη
2369 409 2478 481 γὰρ
2502 410 2535 479 ἡ
2570 406 2746 462 ἱκεσία
2778 403 2954 458 αὐτῶν
2998 404 3301 476 μαρτυρεῖ,
3324 402 3408 456 ὅτι
3434 401 3647 473 ⁴ᾔδεισαν
3668 404 3756 457 τὸν

545 498 689 552 enim
722 498 1052 568 supplicatio
1082 505 1317 555 testatur
1349 501 1673 571 cognovisse
1712 517 1808 557 eos
1870 502 2104 558 interro-

547 595 785 659 gantem,
819 596 982 657 atque
1007 604 1129 645 esse
1154 589 1371 661 quidem
1416 608 1475 647 se
1507 592 1779 663 patibiles,
1812 608 1921 648 non
1952 594 2105 664 igno-

547 688 803 735 raverunt
826 697 840 745 ;
867 698 989 736 esse
1018 698 1146 738 vero
1182 684 1337 738 illum
1365 724 1380 749 ,
1422 687 1514 756 qui
1570 687 1964 757 interrogabat,
2000 687 2105 743 Do-

548 770 754 824 minum
795 781 849 826 et
877 787 1057 840 regem
1089 775 1462 831 universitatis
1493 794 1696 839 rerum,
1725 794 1789 833 ex
1826 780 2104 849 supplica-

549 861 698 915 tione
746 870 969 933 apparct
1014 864 1261 920 scivisse.
1299 864 1423 922 IIch
1464 866 1531 922 de
1580 869 1914 925 daemonibus
1960 872 2105 925 dicta

550 959 699 1016 sunt,
726 960 784 1005 ut
816 968 989 1023 neque
1025 954 1092 1009 de
1117 954 1452 1012 daemonibus
1477 958 1770 1028 disputatio
1797 970 2033 1015 vacaret.

620 1042 857 1101 Possunt
886 1055 939 1100 et
964 1047 1075 1101 haec
1111 1046 1259 1111 addi,
1293 1055 1540 1102 naturam
1563 1065 1684 1105 esse
1713 1050 1814 1105 sibi
1850 1050 2103 1114 similem.

552 1137 794 1209 nihilque
814 1153 932 1193 eam
963 1152 993 1191 a
1022 1154 1080 1195 se
1109 1138 1346 1194 diﬂ‘erre.
1384 1140 1521 1194 Ecce
1552 1140 1693 1211 ignis
1732 1150 1877 1198 totus
1911 1144 2107 1200 similis

554 1227 656 1282 sibi
680 1235 783 1290 est,
819 1243 927 1282 non
968 1228 1151 1282 minus
1181 1226 1391 1283 calidus
1435 1242 1599 1298 quam
1647 1229 1717 1283 sit
1748 1230 1896 1300 ipse,
1934 1245 2108 1299 neque

553 1320 726 1389 magis
754 1338 768 1374 :
800 1336 909 1374 non
933 1320 1097 1375 habet
1124 1319 1246 1390 plus
1271 1327 1325 1373 et
1356 1319 1536 1375 minus
1566 1339 1577 1374 :
1614 1320 1667 1373 in
1707 1321 1916 1376 naturis
1963 1325 2107 1377 enim

554 1419 751 1466 vacant
782 1412 903 1478 plus
932 1418 985 1466 et
1011 1411 1191 1465 minus
1221 1429 1233 1463 :
1268 1411 1357 1465 ubi
1381 1410 1525 1463 enim
1558 1421 1639 1465 est
1672 1411 1795 1480 plus
1821 1420 1876 1467 et
1905 1413 2107 1477 minus,

554 1518 663 1556 non
700 1509 783 1555 est
820 1510 1033 1565 natura,
1059 1500 1151 1555 sed
1186 1501 1430 1556 accessio
1459 1502 1775 1558 voluntatis.
1821 1502 1878 1557 Si
1929 1513 2107 1558 autem

555 1592 622 1646 de
644 1590 979 1646 daemonibus
1021 1591 1284 1661 scriptum
1324 1599 1429 1656 est,
1464 1592 1542 1648 ire
1597 1600 1651 1647 et
1699 1607 1979 1649 assumere
2024 1610 2110 1650 se-

558 1688 701 1750 ptem
744 1681 880 1736 alios
922 1680 1149 1750 spiritus
1175 1683 1463 1752 nequiores
1488 1699 1547 1739 se
1576 1685 1634 1749 ’;
1680 1692 1736 1738 et
1784 1691 2003 1754 apparet
2044 1700 2111 1739 ex

2208 502 2482 574 ίχνεύοντα
2504 500 2636 570 (15),
2661 499 2753 551 καὶ
2773 498 2855 550 ὅτι
2894 495 2992 566 μὲν
3019 492 3157 565 ἦσαν
3187 494 3442 555 εὐπαθεῖς
3470 494 3566 546 καὶ
3592 495 3761 566 παθη-

2203 596 2285 649 τοὶ
2321 595 2420 648 οὐκ
2446 594 2749 663 ἠγνόησαν·
2779 592 2860 644 ὅτι
2884 589 2941 643 δὲ
2969 590 3173 652 ἐκεῖνος
3193 582 3261 659 ἦν
3285 589 3313 641 6
3349 585 3570 656 ἰχνεύων
3599 589 3629 640 6
3655 587 3759 640 R6-

2209 705 2319 760 ριος
2343 687 2434 740 καὶ
2460 685 2709 757 βασιλεὺς
2732 683 2838 736 τῶν
2867 680 3220 753 πραγμάτων,
3253 678 3527 750 φαίνονται
3553 678 3640 732 διά
3666 680 3762 750 τῆς

2209 776 2415 840 ἱκεσίας
2473 775 2841 845 ἐπιστάμενοι.
2907 771 3015 824 Καὶ
3076 769 3248 822 ταῦτα
3311 770 3439 839 περὶ
3496 766 3760 838 δαιμόνων

2205 866 2704 936 κατεσκευάσαμεν,
2755 865 2842 918 ’ίνα
2885 861 3019 934 μηδὲ
3072 864 3101 915 6
3140 861 3267 914 περὶ
3310 859 3577 914 δαιμόνων
3620 859 3761 931 ἀργῇ

2205 959 2380 1028 λόγος.

2205 1060 2222 1091 ν
2289 1051 2554 1120 Ἐγχωρεῖ
2578 1048 2685 1119 γὰρ
2722 1046 2814 1101 καὶ
2838 1044 3011 1098 ταῦτα
3045 1044 3408 1117 προστιθέναι,
3444 1047 3527 1099 ὅτι
3549 1047 3583 1116 ή
3608 1043 3767 1113 φύσις

2208 1140 2370 1211 ἑαυτῇ
2398 1138 2555 1210 ὁμοία
2583 1137 2717 1196 ἐστὶ.
2736 1138 2828 1191 καὶ
2844 1134 3095 1206 οὐδεμίαν
3119 1135 3376 1205 διαφορὰν
3406 1136 3540 1207 πρὸς
3566 1136 3767 1205 ἑαυτὴν

2208 1231 2338 1302 ἔχει.
2392 1230 2518 1283 Ἰδοὺ
2546 1230 2654 1302 γὰρ
2691 1226 2751 1281 τὸ
2782 1227 2892 1298 πῦρ
2918 1227 3054 1287 ὅλον,
3091 1226 3272 1297 ὅμοιον
3302 1226 3497 1297 ἑαυτῷ,
3533 1227 3635 1297 οὐχ
3670 1222 3768 1298 ἦτ-

2208 1339 2296 1375 τον
2323 1318 2511 1373 ἑαυτοῦ
2555 1316 2773 1389 Θερμδν,
2799 1315 2918 1370 οὐδὲ
2955 1315 3151 1386 μᾶλὶον
3177 1314 3372 1370 ἑαυτοῦ
3396 1332 3409 1346 ·
3444 1316 3504 1368 οὐ
3543 1315 3606 1368 τὸ
3637 1314 3772 1385 μᾶλε⁵

2209 1413 2298 1466 λον
2319 1414 2413 1465 καὶ
2439 1411 2500 1464 τὸ
2530 1406 2689 1483 ἦττον
2724 1410 2832 1480 ἔχει
2851 1426 2865 1440 ⁸
2902 1411 2958 1463 ὲν
2989 1408 3096 1481 γὰρ
3122 1412 3244 1471 ταῖς
3271 1408 3456 1477 φύσεσι
3485 1409 3548 1462 τὸ
3573 1408 3774 1478 μᾶλλον

2210 1503 2301 1556 καὶ
2328 1499 2388 1554 τὸ
2415 1496 2574 1571 ἧττον
2603 1501 2762 1571 ἀργεῖ
2780 1516 2793 1528 ’
2817 1499 2947 1551 ὅπου
2973 1496 3028 1551 δὲ
3052 1496 3248 1568 μᾶλλον
3270 1498 3362 1550 καὶ
3381 1492 3565 1567 ἦττον,
3590 1497 3775 1550 οὐκέτι

2211 1592 2391 1663 φύσις,
2427 1590 2563 1645 ἀλλὰ
2601 1590 2966 1662 προαιρέσεως
2998 1589 3256 1652 ἐπίδοσις.
3291 1589 3354 1642 Ei
3378 1588 3435 1641 δὲ
3466 1590 3778 1660 γέγραπται

2210 1684 2305 1738 καὶ
2334 1685 2461 1755 περὶ
2481 1682 2768 1753 δαιμόνων,
2800 1683 2881 1735 ὅτι
2913 1682 3208 1755 ἀπέρχεται
3237 1681 3331 1734 καί
3357 1680 3778 1751 παραλαμϐάνει

557 1787 825 1835 sermone,
857 1788 978 1828 esse
1004 1774 1397 1839 accessionem,
1428 1777 1554 1846 quia
1586 1775 1689 1831 hoc
1719 1783 1804 1832 est
1854 1792 2111 1847 nequam,

2218 1775 2350 1829 ἑπτά
2377 1775 2538 1846 ἕτερα
2558 1773 2840 1844 πνεύματα
2865 1774 3200 1845 πονηρότερα
3219 1771 3411 1827 ἑαυτοῦ
3435 1789 3449 1802 ⁸
3477 1775 3575 1828 καὶ
3597 1776 3784 1843 φαίνε-

555 1863 687 1920 iIIud
722 1880 848 1918 vero
902 1865 1162 1935 nequius,
1222 1864 1522 1922 dill'erentia
1574 1867 1829 1936 nequitia!
1882 1876 1985 1923 est.
2021 1866 2117 1925 Ubi

554 1964 639 2010 est
687 1963 880 2009 natura
934 1971 1043 2010 non
1093 1957 1195 2012 sibi
1246 1958 1479 2024 similis,
1540 1958 1584 2013 si
1618 1959 1924 2014 diﬂ'erentia
1968 1976 2120 2030 repe-

556 2050 697 2105 ritur
725 2050 780 2103 in
808 2050 1086 2120 nequitia;
1117 2061 1170 2106 et
1196 2048 1498 2106 dili‘erentia
1529 2051 1855 2116 voluntatis,
1881 2068 1989 2107 non
2021 2068 2119 2107 na-
2164 2098 2167 2101 .

559 2152 695 2197 tune
716 2142 873 2198 testis
901 2142 1022 2198 est?
1076 2142 1155 2198 Ac
1203 2142 1269 2200 de
1316 2142 1401 2199 his
1448 2143 1666 2214 quidem
1725 2145 1862 2201 satis
1910 2144 2117 2200 dictum

559 2232 650 2288 sit.

2214 1885 2302 1922 ται
2330 1871 2394 1921 ὲκ
2426 1867 2518 1920 τοῦ
2551 1866 2706 1935 λόγου
2740 1866 2996 1930 ἐπίδοσις,
3022 1867 3103 1919 δτι
3131 1865 3192 1919 τὸ
3226 1867 3320 1936 μὲν
3356 1866 3613 1938 πονηρὸν,
3643 1865 3781 1920 τὸδὲ

2213 1960 2591 2031 πονηρότερον,
2620 1958 2850 2029 διαφορὰ
2879 1958 3159 2029 πονηρίας.
3195 1956 3305 2011 Ποῦ
3346 1956 3460 2010 ἔστι
3502 1957 3666 2026 φύσις
3711 1958 3782 2029 μὴ

2213 2048 2347 2105 οὖσα
2383 2051 2543 2121 ὁμοία
2575 2052 2762 2122 ἑαυτῇ.
2795 2051 3055 2121 διαφορᾶς
3093 2052 3151 2104 ὲν
3185 2050 3418 2121 πονηρία
3456 2050 3781 2121 εὐρισκομὲο

2213 2160 2333 2215 νης,
2365 2145 2458 2199 καὶ
2497 2147 2597 2215 τῆς
2635 2145 2895 2214 διαφορᾶς
2942 2143 3318 2215 μαρτυρούσης
3348 2145 3413 2214 τῇ
3465 2143 3784 2213 προαιρέσει

2213 2237 2309 2290 καὶ⁵
2345 2235 2418 2307 μὴ
2450 2238 2516 2307 τῇ
2547 2236 2743 2304 φύσεις
2775 2234 2928 2299 ’Δλις
2952 2235 3049 2305 μὲν
3080 2235 3187 2288 τῶν
3216 2235 3471 2289 τοιούτων
3497 2235 3701 2303 λόγων.

556 2343 683 2399 Car.
725 2341 961 2400 XXXIII.
1016 2341 1243 2399 Hanetis
1280 2343 1384 2400 duo
1430 2346 1691 2417 principia
1747 2347 1977 2473 ingenita
2003 2358 2308 2472 .seqorataa
2337 2347 2516 2473 Malitia
2564 2347 2761 2413 Salan,
2813 2347 2953 2404 Deus
2997 2348 3182 2404 bonus.
3216 2348 3461 2419 Apostoli
3497 2348 3785 2419 aliquando

1929 2436 2036 2473 om.
2060 2438 2089 2473 a
2117 2437 2269 2473 iauan
2313 2437 2341 2473 ο
2373 2437 2455 2473 ma
2481 2436 2519 2473 ι.

1929 2436 2036 2485 om,
2060 2436 2341 2490 auquanao
2373 2436 2519 2475 man.

627 2531 1018 2601 Aggrediemur
1045 2530 1301 2601 deinceps
1324 2541 1687 2587 commentum
1719 2532 1955 2603 primum
1979 2534 2114 2589 isto-

558 2639 678 2676 rum
716 2623 907 2677 l'abulae
934 2638 1231 2693 exponere,
1261 2631 1315 2677 et
1352 2623 1820 2679 confutationibus
1848 2624 2112 2680 refellere.

561 2713 781 2777 Nalum,
812 2714 1008 2784 inquit,
1039 2721 1191 2778 erat,
1242 2723 1297 2769 et
1349 2714 1647 2784 ingenitum
1676 2725 1829 2769 erat:
1870 2724 1987 2770 erat
2020 2731 2118 2769 au-

560 2813 666 2859 tem
714 2812 768 2860 et
799 2804 940 2860 Deus
967 2805 1186 2868 bonus.
1229 2813 1283 2859 et
1342 2805 1514 2860 divisa
1564 2805 1683 2858 loca
1731 2804 2116 2874 habitationis,

558 2901 612 2949 et
645 2902 869 2964 uterque
894 2893 1034 2965 apud
1067 2909 1126 2950 se
1177 2894 1245 2949 ab
1276 2895 1445 2951 altero
1498 2895 1821 2964 sejunctus:
1859 2911 1924 2952 ac
1959 2912 2118 2967 sepa-

560 2992 713 3039 ratus
745 2984 961 3055 quidem
992 2985 1136 3041 Deus
1165 3001 1194 3040 a
1224 2987 1367 3040 malo
1393 3004 1407 3054 ;
1464 2996 1751 3058 separatus
1783 2990 1909 3045 item
1938 3005 1968 3043 a
2006 2990 2116 3045 Deo

2300 2534 2760 2606 Ἐπιχειρήσωμεν
2791 2532 2847 2587 δὲ
2868 2532 2961 2587 καὶ
2987 2532 3085 2604 τὴν
3130 2530 3447 2603 μυθοποιίαν
3481 2530 3671 2585 αὐτῶν
3697 2531 3788 2602 τήν

2220 2622 2440 2696 πρώτην
2472 2623 2903 2695 ὑφηγησάμενοι,
2926 2626 3035 2686 τοῖς
3066 2624 3551 2685 ἀνασκευαστικοῖς
3573 2623 3786 2692 χρησώ-

2225 2717 2363 2787 μεθα
2408 2716 2605 2784 λόγοις.
2648 2715 2850 2778 Κακία,
2891 2714 3075 2784 φησὶν,
3109 2709 3195 2784 ἦν,
3228 2713 3322 2767 καὶ
3362 2713 3662 2782 ἁγέννητος
3691 2707 3785 2782 ἦν·

2220 2805 2287 2880 ἦν
2313 2807 2368 2863 δὲ
2395 2809 2487 2861 καὶ
2517 2810 2545 2861 6
2569 2806 2769 2876 ἀγαθὸς
2797 2804 2945 2869 Θεὸς,
2971 2805 3063 2857 καὶ
3096 2804 3481 2875 μεμερισμένοι
3512 2804 3673 2856 τόποι
3697 2804 3790 2873 τῆς

2220 2901 2483 2972 οἰκήσεως
2504 2917 2517 2930 ·
2544 2901 2635 2954 καὶ
2654 2899 2908 2971 ἑκάτερος
2930 2897 3051 2951 καθ’
3078 2896 3264 2951 ἑαυτὸν
3286 2896 3379 2949 τοῦ
3402 2896 3592 2968 ἑτέρου
3617 2897 3792 2966 ἀπηλ-

2221 2992 2521 3063 λαγμένος·
2578 2992 2672 3046 καὶ
2698 2990 2973 3063 ἀφώριστο
3021 2991 3117 3062 μὲν
3175 2989 3370 3053 κακίας
3415 2991 3444 3044 6
3481 2989 3651 3053 Θεός’
3691 2992 3782 3057 dq-

561 3076 811 3147 pxinceps
846 3077 974 3132 mali
1008 3095 1022 3131 :
1052 3086 1107 3134 et
1154 3085 1379 3149 uterque
1428 3080 1568 3150 apud
1603 3096 1661 3136 se
1691 3089 1848 3145 erat,
1893 3092 2118 3152 uterque

2223 3084 2422 3157 ὠριστο
2449 3084 2505 3137 δὲ
2541 3086 2635 3138 καὶ¹
2657 3086 2684 3138 6
2704 3084 2802 3155 τῆς
2817 3083 3013 3145 κακίας
3028 3083 3207 3154 ἄρχων
3222 3080 3315 3134 τοῦ
3337 3080 3472 3134 Θεοῦ
3489 3098 3503 3111 ο
3539 3081 3635 3135 καὶ
3661 3082 3791 3137 ἑκά·

561 3165 676 3219 suis
698 3165 998 3235 imperabat
1037 3174 1093 3223 et
1124 3167 1501 3238 gubernabat,
1550 3180 1609 3223 ut
1646 3179 1809 3227 natus
1852 3180 1906 3227 et
1961 3183 2120 3243 aptus

561 3264 717 3311 erat:
750 3257 924 3312 malus
956 3258 1171 3329 quidem
1207 3259 1379 3324 male,
1429 3260 1606 3317 bonus
1636 3277 1765 3319 vero
1793 3264 1963 3333 bene;
2014 3282 2125 3321 ma-

451 3369 457 3375 -
565 3347 649 3402 lus
674 3362 875 3403 nocens
901 3357 955 3404 et
977 3350 1091 3406 suis
1118 3350 1282 3406 rebus
1309 3366 1536 3418 noeens,
1567 3362 1622 3409 et
1650 3356 1767 3411 suis
1793 3372 1991 3413 nocere
2012 3374 2120 3413 non

562 3439 851 3507 desinens;
892 3440 1072 3497 bonus
1106 3457 1322 3513 semper
1369 3444 1544 3501 bonus
1576 3455 1629 3500 et
1656 3445 1885 3515 juvans,
1939 3455 1992 3503 et
2040 3465 2124 3504 res

565 3547 693 3587 suas
710 3532 928 3601 juvans,
950 3542 1003 3589 et
1036 3551 1314 3607 nunquam
1350 3552 1457 3591 non
1488 3538 1706 3605 juvans.
1764 3537 1951 3596 Omnis
1979 3541 2121 3595 enim

564 3622 771 3678 utilitas
801 3638 829 3676 a
855 3623 998 3678 bono
1029 3626 1194 3695 coepit
1228 3625 1520 3696 proﬁcisci.
1557 3626 1692 3682 Cum
1730 3629 1995 3684 doctrinis
2023 3645 2118 3699 pu-

564 3722 900 3785 gnaverunt;
931 3724 1171 3771 extrema
1202 3718 1595 3786 quaesiverunt:
1623 3720 1863 3774 invenire
1893 3736 1998 3774 non
2030 3735 2119 3790 po-

564 3814 816 3873 tuerunt;
853 3808 942 3878 qui
976 3823 1006 3862 a
1041 3810 1341 3879 principio,
1392 3826 1512 3880 qua:
1544 3812 1885 3866 consectaria
1936 3822 2122 3876 erant,

566 3914 675 3954 non
701 3900 1156 3970 approbaverunt.
1185 3902 1259 3956 Ac
1287 3917 1451 3972 parva
1472 3902 1687 3973 quidem
1722 3912 1848 3959 sunt
1883 3904 1995 3957 haec
2015 3943 2029 3968 ,
2074 3912 2126 3957 et

567 4009 673 4047 non
728 3992 933 4060 multa;
982 3994 1117 4049 satis
1172 4001 1355 4049 tamen
1402 4003 1529 4051 sunt
1575 3995 1641 4049 ad
1701 3994 2124 4066 disputationem

565 4084 883 4155 quaestionis
916 4104 929 4140 :
968 4083 1195 4140 formam
1230 4094 1438 4141 tantum
1485 4089 1719 4158 protuli;
1772 4105 1879 4142 non
1910 4088 2124 4143 excurri

567 4180 633 4232 ad
667 4179 1066 4235 multitudinem
1100 4182 1557 4237 testimoniorum.
1608 4181 1740 4249 Quae
1777 4183 1916 4237 enim
1955 4182 2120 4235 allini-

566 4279 727 4327 tatem
758 4280 812 4326 et
843 4274 1217 4343 cognationem
1242 4290 1364 4328 cum
1396 4274 1480 4329 his
1528 4276 1750 4338 habent,
1808 4284 2014 4345 quaeret
2058 4275 2129 4330 le-

565 4374 703 4427 ctor,
736 4374 788 4420 et
819 4381 884 4420 ex
921 4365 1003 4420 his
1027 4365 1090 4418 ad
1126 4365 1325 4420 similia
1352 4373 1405 4422 et
1434 4366 1689 4423 aﬂinitate
1724 4368 2015 4437 conjuncta
2050 4367 2126 4422 le-

565 4456 797 4528 gendum
827 4456 1219 4526 progredietur.

637 4546 746 4617 Age
772 4562 938 4611 nunc,
968 4546 1303 4604 instruamus
1319 4562 1677 4619 paremusque
1699 4549 1914 4619 illorum
1945 4547 2124 4617 dispu-

566 4648 843 4711 tationem,
876 4647 1115 4716 ipsorum
1144 4646 1395 4717 dogmata
1430 4660 1781 4718 opponentes.
1810 4645 1983 4700 Malus
2012 4645 2125 4714 qui-

563 4737 686 4793 dem
721 4745 837 4791 erat
882 4735 1134 4800 Satanas,
1169 4737 1343 4791 bonus
1385 4751 1512 4790 vero
1566 4735 1709 4791 Deus
1744 4755 1755 4790 :
1798 4742 1852 4789 et
1902 4734 1981 4789 sic
2035 4745 2122 4786 res

562 4838 699 4885 erat.
734 4828 987 4883 Fabulam
1011 4835 1182 4911 verto,
1219 4837 1279 4882 ut
1311 4827 1546 4882 fabulam
1579 4827 1853 4897 repudiem
1884 4845 1898 4894 ;
1938 4833 1991 4880 et
2016 4826 2120 4881 nisi

561 4938 829 4995 opponam
853 4937 971 4993 quae
1004 4928 1301 4991 exponunt,
1321 4936 1428 4975 non
1452 4936 1670 4991 possunt
1705 4920 1938 4976 fabulam
1970 4935 2123 4975 ever-

566 5025 699 5070 tere.
738 5014 917 5069 Bonus
944 5013 1159 5083 quidem
1195 5021 1311 5068 erat
1349 5013 1509 5077 Deus,
1539 5013 1753 5083 inquit;
1786 5013 1960 5068 malus
1995 5027 2122 5067 vero

567 5105 833 5172 Satanas;
862 5112 915 5161 et
940 5122 1216 5177 nunquam
1246 5124 1353 5161 non
1385 5114 1534 5173 erat;
1567 5113 1683 5160 erat
1715 5105 1857 5160 enim
1885 5120 2118 5176 semper,

565 5209 621 5256 et
644 5213 674 5252 a
707 5200 858 5254 nullo
885 5199 1193 5271 profectus;
1227 5208 1344 5258 erat
1373 5201 1539 5266 enim,
1575 5208 1628 5256 et
1658 5199 1810 5254 radix
1842 5206 1991 5265 erat,
2040 5200 2124 5255 in-

636 5357 658 5389 ’
686 5356 819 5413 Luc.
848 5372 927 5424 xl,
962 5356 1052 5412 26.

643 5511 754 5581 (l5)
792 5513 903 5567 Τὸν
948 5515 1063 5583 llr.
1114 5512 1470 5582 Interrogavit
1513 5512 1671 5583 enim
1702 5510 1856 5583 illum
1909 5507 2115 5565 Iesus:

570 5579 821 5651 Quod-est
865 5579 1211 5638 tibi’nomen?
1236 5579 1385 5652 (Lu'c.
1416 5598 1536 5644 vm,
1566 5579 1680 5652 50.)
1701 5580 1871 5652 Tuan.

640 5654 749 5722 (I6)
774 5654 1044 5707 Ἀνιωιόλ.
1061 5649 1333 5721 Legerem,
1359 5649 1786 5722 dxﬂouﬁapaﬂn
1796 5650 1999 5717 μάτων,
2017 5649 2123 5722 εἰς-

569 5720 676 5796 que
722 5720 998 5779 redderem
1041 5720 1204 5778 totam
1238 5722 1517 5794 periodum
1559 5740 1572 5778 :
1611 5720 2017 5794 Consequentia:
2043 5720 2125 5775 di-

2219 3194 2375 3249 τερος
2398 3176 2519 3230 καθ’
2548 3176 2735 3230 ἐαυιὸν
2758 3172 2826 3247 ἦν
2844 3191 2857 3205 ·
2889 3177 2981 3229 καὶ
2999 3170 3167 3247 ἦρχεν
3192 3176 3449 3244 ἑκάτερος
3470 3174 3580 3229 τῶν
3609 3175 3757 3228 ἰδίων
3775 3193 3788 3205 ’

2221 3269 2315 3323 καὶ
2342 3268 2605 3340 ᾠκονόμει
2632 3268 2707 3331 ὡς
2730 3267 2990 3337 ἐπεφύκει
3009 3284 3021 3297 ·
3056 3270 3084 3321 6
3112 3267 3208 3338 μὲν
3246 3267 3413 3330 κακὸς
3446 3265 3661 3332 κακῶς,
3690 3269 3719 3321 6
3738 3266 3794 3321 δὲ

2220 3362 2419 3432 ἀγαθὸς
2466 3361 2684 3431 ἀγαθῶς
2703 3377 2717 3391 ο
2742 3362 2769 3414 6
2799 3359 2895 3432 μὲν
2938 3358 3104 3423 κακὸς
3135 3357 3405 3428 βλάπτων,
3436 3358 3531 3411 καὶ
3561 3359 3629 3411 τὰ
3668 3359 3794 3412 ἑαυ-

2221 3451 2313 3505 τοῦ
2350 3450 2618 3522 βλάπτων,
2649 3451 2742 3504 καὶ
2767 3449 2859 3503 τοῦ
2894 3448 3148 3519 βλάπτειν
3178 3446 3244 3500 τὰ
3274 3447 3379 3501 ἴδια
3414 3449 3491 3520 μὴ
3521 3448 3794 3502 ἀπαλλατο

2221 3544 2473 3612 τόμενος.·
2510 3544 2538 3596 ό
2566 3542 2622 3596 δὲ
2644 3540 2845 3611 ἀγαθὸς
2867 3541 2951 3594 ἀεί⁵
2982 3539 3185 3603 ἀγαθὸς
3204 3542 3298 3592 καὶ
3324 3539 3571 3608 ὠφελῶν,
3605 3540 3704 3593 καὶ
3727 3538 3793 3592 τὰ

2224 3634 2415 3687 ἑαυτοῦ
2466 3633 2708 3704 ὠφελῶν,
2769 3632 2863 3686 καὶ¹
2913 3631 3181 3704 μηδέποτε
3222 3630 3295 3702 μὴ
3333 3630 3593 3700 ὠφελῶν·
3648 3635 3791 3686 πάσα

2223 3725 2329 3797 γὰρ
2359 3724 2590 3793 ὠφέλεια
2610 3723 2669 3788 ἐξ
2698 3723 2899 3792 ἀγαθοῦ
2928 3724 3253 3795 προήρχετο.
3280 3721 3390 3795 (I6)
3432 3722 3792 3776 ’Δνακόλουϐα

2226 3815 2559 3887 μαθημάτων
2584 3814 2945 3887 ὲμαχέσαντο’
2978 3813 3045 3867 τὰ
3071 3812 3356 3866 τελευταῖα
3382 3814 3675 3884 ἐζήτησαν,
3705 3814 3789 3866 εὑ-

2227 3911 2336 3981 ρεῖν
2364 3910 2462 3962 οὐκ
2490 3908 2849 3979 ἠδυνήθησαν,
2877 3907 2986 3961 ἀπὸ
3007 3908 3107 3978 τῆς
3132 3907 3306 3979 ἀρχῆς
3346 3907 3448 3979 τὴν
3472 3906 3791 3960 ἀκολουθίαν

2227 4002 2299 4073 μὴ
2349 4000 2799 4072 παραδεξάμενοι.
2827 4001 2935 4054 Καὶ
2983 4000 3155 4073 μικρὰ
3201 4001 3299 4072 μὲν
3352 3999 3535 4061 ταῦτα,
3580 4000 3675 4051 καὶ
3722 4000 3790 4051 οὗ

2223 4094 2391 4149 πολλὰ
2409 4112 2421 4125 ·
2455 4096 2699 4165 αὐτάρκη
2724 4094 2779 4147 δὲ
2804 4094 2937 4165 πρὸς
2956 4092 3053 4164 τὴν
3075 4090 3300 4165 ζήτησιν
3323 4112 3334 4121 ·
3361 4092 3445 4145 τὸν
3460 4091 3786 4160 χαρακτῆρα

2227 4184 2383 4255 μόνον
2412 4183 2697 4254 κεκίνηκα,
2727 4200 2820 4238 και
2849 4184 2948 4236 οὐκ
2979 4185 3059 4245 είς
3084 4183 3286 4253 πλῆθος
3313 4180 3646 4249 καταϐέϐηκα
3669 4179 3787 4233 τῶν

2227 4274 2569 4347 μαρτυριῶν
2605 4275 2650 4345 (I
2662 4274 2715 4344 7)
2744 4274 2811 4328 τὰ
2841 4274 2941 4344 γάρ
2975 4273 3210 4344 συγγενῆ
3240 4272 3345 4325 τῶν
3368 4270 3662 4341 λεγομένων
3684 4268 3790 4341 ζη-

2222 4367 2373 4437 τήσει
2405 4367 2433 4418 6
2464 4362 2866 4433 ἀναγινώσκων,
2892 4364 2983 4417 καὶ
3013 4365 3075 4416 ὲκ
3091 4361 3294 4416 τούτων
3320 4361 3406 4415 ἐπὶ
3426 4361 3493 4414 τὰ
3508 4362 3669 4431 ὃμοια
3694 4361 3792 4414 καὶ

2151 4439 2200 4497 Ῑ)
2228 4457 2428 4527 ἀδελφὰ
2457 4460 2693 4529 χωρήσει
2727 4455 3145 4527 ἀναγνώσματα.

2311 4553 2497 4623 Ἡμεῖς
2512 4551 2566 4604 δὲ
2593 4550 2722 4620 φέρε
2750 4549 3238 4619 κατασκευάσωμεν
3255 4546 3349 4599 τὸν
3369 4545 3593 4598 ἐκείνων
3615 4544 3785 4612 λόγον,

2226 4644 2294 4699 τὰ
2322 4645 2565 4715 δόγματα
2593 4644 2812 4709 ἐκείνων
2846 4641 3245 4715 παραθέμενοι·
3279 4638 3520 4710 πονηρὸς
3557 4637 3656 4708 μὲν
3677 4633 3741 4707 ἦν
3760 4637 3787 4688 6

2229 4738 2494 4801 Σατανᾶς,
2525 4736 2724 4806 ἀγαθὸς
2763 4736 2819 4790 δὲ
2860 4732 2927 4808 ἦν
2961 4736 2989 4788 6
3037 4733 3201 4797 Θεός·
3236 4731 3329 4784 καὶ
3369 4728 3543 4793 οὕτως
3573 4725 3661 4800 ἦν.
3690 4728 3784 4779 Τὸν

2231 4829 2397 4901 μῦθον
2431 4830 2664 4901 στρέφω,
2695 4828 2783 4882 ἵνα
2820 4828 2912 4881 τὸν
2953 4826 3115 4900 μῦθον
3143 4824 3485 4894 δυσωπήσω·
3519 4824 3614 4874 καὶ
3644 4822 3691 4873 εἰ
3715 4818 3783 4890 μὴ

2230 4922 2557 4994 παράθωμαι
2585 4922 2620 4976 ἃ
2664 4920 3001 4990 ἐξηγοῦνται,
3050 4916 3301 4989 ὲντρέψαι
3335 4913 3437 4985 τὴν
3477 4912 3783 4986 μυθοποιίαν

2228 5018 2327 5069 οὑκ
2364 5016 2490 5085 ἔχω.
2529 5013 2751 5083 Ἀγαοὸς
2789 5015 2884 5085 μὲν
2914 5008 2981 5083 ἦν
3023 5013 3050 5064 6
3083 5010 3233 5073 Θεὸς,
3282 5009 3436 5079 φησὶ,
3476 5006 3705 5076 πονηρὸς
3731 5003 3783 5055 δι

2229 5111 2258 5160 6
2284 5109 2527 5170 Σατανᾶς
2545 5124 2558 5136 ·
2579 5106 2673 5158 καὶ
2710 5101 2777 5176 ἦν
2806 5104 3066 5175 πονημὸςο
3107 5102 3200 5155 καὶ
3238 5099 3358 5153 οὔτε
3394 5097 3527 5151 ποτὲ
3557 5098 3656 5150 οὐκ
3683 5090 3745 5165 ἦν
3764 5110 3779 5124 ’

2227 5201 2313 5258 ἀεὶ
2345 5199 2452 5271 γάρ
2474 5194 2569 5269 ἦν’
2600 5199 2694 5252 καὶ
2720 5198 2819 5253 οὐκ
2846 5196 2952 5251 ἀπό
2982 5211 3121 5259 τινος
3145 5190 3213 5265 ἦν
3235 5210 3249 5223 ·
3280 5188 3348 5263 ἦν
3370 5191 3480 5263 γάρ
3500 5207 3515 5221 ο
3547 5190 3642 5243 καὶ
3671 5185 3780 5259 ῥίζα

2225 5506 2565 5583 εείρίίηανιιηι
2601 5497 2936 5583 negauerunt}
2967 5514 3200 5583 errr-emo
3222 5504 3600 5583 quwrirepmr,
3628 5511 3676 5557 et
3700 5514 3778 5555 ηε

2224 5580 2394 5647 perire
2408 5595 2507 5632 non
2527 5576 2825 5647 potuerunt,
2849 5578 3219 5647 principiorum
3242 5576 3667 5647 consequimini:
3686 5586 3779 5625 που

2229 5645 2594 5710 admittentes;
2628 5650 2708 5705 sic
2735 5645 2879 5704 enim
2917 5649 3110 5717 planus
3134 5657 3217 5703 est
3244 5661 3458 5717 sensus.
3492 5645 3658 5699 Basn.

2300 5719 2411 5790 (Π)
2444 5720 2518 5775 Τὰ
2539 5723 2647 5789 γὰρ
2669 5735 2806 5788 συγ.
2840 5714 3094 5783 Quaedam
3117 5718 3306 5773 deesse
3331 5716 3652 5771 videbantur
3684 5714 3781 5768 hoc
