4008 6208
319 225 453 284 “Si

1401 219 1771 277 ADVERSUS
1811 219 2234 278 MANICHEOS
2271 220 2399 276 [ΑΒ.
2442 219 2485 279 Ι.

3400 229 3544 286 “22

316 346 407 423 ἦν,
438 343 589 417 φησὶ,
620 345 714 399 καὶ
742 338 810 416 ἦν
832 343 1054 417 Κύριος,
1084 344 1179 399 καὶ
1206 344 1365 408 αὐτὸς
1395 339 1493 415 ἦν’
1526 344 1619 400 καὶ
1646 343 1769 409 ῥίζα
1786 339 1875 414 ἦν·

1994 343 2135 413 quit:
2167 350 2284 398 erat
2319 343 2444 398 item
2480 340 2774 406 Dominus,
2830 350 2885 398 et
2920 342 3036 413 ipse
3082 347 3235 408 erat;
3281 350 3361 398 et.
3389 346 3542 401 radix

319 439 415 495 xui.
449 437 574 511 ῥίζα
602 435 761 507 καλὴ,
800 436 892 488 καὶ
921 435 1045 506 ῥίζα
1069 435 1249 489 καλῶν
1267 452 1281 466 ⁸
1313 437 1406 490 καὶ
1435 437 1540 489 πᾶν
1579 436 1740 489 καλὸν
1778 435 1885 487 ἀπὸ

317 529 509 584 τούτου
556 525 773 597 ἐξῆλθεο
804 524 897 578 δύο
923 525 1031 595 γὰρ
1068 522 1208 596 ἦσαν
1239 525 1405 596 ῥίζαι,
1440 526 1531 579 καὶ
1565 525 1658 578 δύο
1685 523 1887 596 προῆλ-

320 621 413 677 θον
438 618 675 691 πρόοδοι,
700 618 755 671 αί
786 617 1000 688 πρόοδοι
1027 616 1349 686 κατάλληλοι
1386 618 1507 678 ταῖς
1548 616 1720 686 ῥίζαις
1743 632 1756 644 ·
1791 615 1884 667 ἀπ’

320 714 537 783 ἐκείνης
564 710 634 764 τὰ
657 708 901 775 τοιαῦτα,
924 708 1016 762 καὶ
1036 707 1143 761 ἀπὸ
1168 706 1373 778 ταύτης
1394 705 1461 759 τά
1482 706 1703 759 τοιαῦτα
1735 705 1888 777 θρυλ-

320 805 522 859 λοῦσιν.

394 896 615 965 Στῶμεν
638 893 741 957 ἕως
769 891 970 946 τούτων
993 891 1425 963 ἐπιχειρήσωμεν
1445 888 1630 943 λοιπὸν
1671 889 1770 961 τήν
1803 886 1889 954 ἐξ·

322 988 507 1043 ἐτασιν
529 1028 543 1051 ,
569 986 663 1040 καὶ
680 985 873 1055 ῐδωμεν
896 982 1300 1053 συλλογισμοὺς,
1318 982 1410 1034 καὶ
1435 999 1537 1052 μνη
1546 979 1887 1053 μονεύσωμεν

328 1078 527 1153 ῥητῶν,
558 1077 645 1130 ἵνα
666 1075 768 1129 καὶ
800 1077 911 1137 τοῖς
943 1073 1316 1143 συλλογισμοῖς
1357 1071 1765 1141 συναγάγωμεν,
1798 1071 1889 1123 καὶ

321 1174 438 1233 τοῖς
469 1168 649 1242 ῥητοῖς
695 1166 970 1237 πείσωμεν
991 1182 1003 1195 ο
1051 1168 1292 1237 φήσομεν
1323 1164 1433 1236 γὰρ
1472 1164 1607 1235 πρὸς
1651 1161 1846 1226 αὐτούς
1870 1179 1885 1192 .

337 1263 491 1316 Ἐπεὶ
516 1261 647 1323 Θεὸς
674 1258 797 1330 ῥίζα
833 1254 922 1330 ἦν,
953 1257 1048 1312 καὶ
1081 1257 1203 1329 ῥίζα
1237 1256 1398 1328 καλὴ,
1442 1257 1534 1310 καὶ
1565 1255 1766 1326 καρποὶ
1791 1272 1891 1308 κα-

327 1349 412 1403 λοὶ
443 1347 550 1401 ἀπὸ
584 1347 744 1419 ῥιζῶν
782 1345 960 1400 καλῶν
988 1340 1398 1417 προηνέχθησάν
1419 1362 1431 1373 ·
1466 1347 1557 1399 καὶ
1583 1349 1611 1399 ὁ
1648 1346 1891 1408 Σατανᾶς

328 1436 453 1509 ῥίζα
483 1433 574 1509 ἦν,
607 1438 701 1489 καὶ
726 1433 848 1507 ῥίζα
875 1438 1046 1507 κακή”
1077 1436 1171 1488 καὶ
1197 1435 1394 1506 καρποὶ
1427 1436 1584 1488 κακοὶ
1608 1434 1713 1487 ἀπὸ
1738 1434 1890 1506 ῥίζης

327 1527 506 1597 κακῆς
534 1525 942 1597 προηνέχθησαν
965 1539 978 1553 ⁸
1010 1525 1153 1588 τίνος
1177 1524 1376 1596 καρποὶ¹
1397 1526 1445 1577 οἱ
1479 1524 1781 1588 ἀπόστολοι,
1807 1525 1891 1576 ἵνα

328 1621 393 1673 ὲκ
426 1619 535 1673 τῶν
589 1616 816 1690 καρπῶν
853 1617 1069 1688 γνῶμεν
1110 1619 1170 1671 τὸ
1222 1618 1588 1690 ζητούμενον;
1634 1617 1767 1686 ὅπερ
1792 1617 1891 1669 οὐκ

1982 437 2144 501 bona,
2181 444 2235 491 et
2262 435 2418 489 radix
2455 435 2771 500 bonorum;
2797 441 2851 490 et
2875 449 3035 489 omne
3088 434 3290 489 bonum
3322 435 3392 491 ab
3442 436 3545 492 hoc

1983 527 2283 599 profectum
2326 534 2409 582 est
2441 542 2456 580 :
2492 526 2614 580 dua:
2634 540 2870 596 namque
2909 527 3118 581 radices
3153 535 3329 591 erant,
3361 535 3409 584 et
3438 528 3549 586 duo

1982 621 2187 675 surculi
2221 626 2616 690 provenerunt,
2672 619 2876 673 surculi
2908 618 3185 672 radicibus
3212 621 3549 690 responden-

1984 718 2067 767 tes
2098 731 2112 766 :
2145 711 2212 765 ab
2244 710 2335 765 illa
2363 711 2512 776 talia,
2536 710 2605 765 ab
2636 710 2740 766 hac
2768 711 2897 765 talia
2926 710 3041 765 lieri
3070 711 3297 781 jactant.

2055 885 2374 943 lnsistamus
2398 887 2507 952 hic,
2538 888 2734 944 deinde
2755 890 3110 960 quaestionem
3143 891 3542 964 aggrediamur,

1986 980 2375 1048 videamusque
2421 981 2941 1051 argumentationes,
2975 990 3029 1039 et
3061 999 3180 1054 qua:
3222 985 3363 1039 dicta
3418 994 3547 1039 sunt

1989 1070 2368 1135 recordemur,
2423 1078 2483 1124 ut
2546 1075 3111 1142 argumentationibus
3166 1078 3545 1132 conclusiones

1988 1159 2380 1223 coniiciamus;
2412 1166 2466 1213 et
2496 1176 2561 1214 ex
2590 1162 2658 1215 iis
2698 1178 2818 1231 qua:
2861 1164 3121 1230 diximus,
3175 1166 3332 1221 ﬁdem
3383 1167 3543 1221 faciao

1988 1266 2144 1306 mus:
2186 1250 2430 1305 dicemus
2460 1250 2602 1305 enim
2643 1252 2764 1307 istis
2805 1271 2819 1308 :
2857 1236 2913 1307 Si
2966 1255 3108 1312 Deus
3137 1268 3252 1312 erat
3286 1259 3462 1320 radix,
3492 1265 3547 1313 ct

1988 1343 2129 1398 bona
2151 1342 2327 1408 radix,
2358 1349 2412 1397 et
2432 1343 2561 1397 boni
2597 1342 2810 1401 fructus
2835 1361 2902 1400 ex
2934 1346 3091 1403 bonis
3120 1350 3393 1405 radicibus
3423 1365 3548 1420 pro-

1992 1433 2129 1499 fusi;
2160 1447 2223 1487 ac
2255 1432 2485 1489 Satanas
2514 1432 2668 1489 radix
2699 1443 2837 1498 erat,
2870 1445 2923 1490 et
2954 1438 3095 1491 mala
3124 1438 3296 1504 radix,
3329 1454 3393 1494 ac
3431 1439 3546 1496 fru-

1989 1535 2111 1582 ctus
2162 1526 2289 1581 mali
2322 1541 2387 1581 ex
2430 1526 2570 1580 mala
2605 1527 2786 1583 radice
2814 1526 2918 1584 fusi
2947 1547 2960 1582 :
2997 1530 3151 1600 cujus
3195 1532 3394 1588 radicis
3421 1547 3548 1604 apo-

1993 1618 2118 1673 stoli
2144 1617 2354 1673 fructus
2384 1619 2729 1682 exstiterunt,
2756 1628 2815 1673 ut
2848 1636 2913 1675 ex
2946 1620 3211 1677 fructibus
3241 1623 3383 1692 quod
3405 1638 3552 1693 quaa-

330 1713 439 1767 άτὼ
469 1711 577 1766 τῶν
632 1711 793 1784 ῥιζῶν
835 1710 1092 1782 λαμὸἁνω
1114 1723 1128 1739 ⁸
1160 1712 1401 1781 φήσομεν
1428 1712 1555 1783 γὰρ,
1606 1711 1673 1763 Ἠ
1702 1710 1826 1781 ῥίζα
1856 1710 1889 1779 ή

1994 1709 2184 1773 rimus,
2211 1710 2637 1779 cognoscamus?
2659 1710 2905 1766 Nondum
2930 1727 2959 1765 a
2982 1713 3251 1770 radicibus
3269 1730 3553 1786 argumen-

330 1801 476 1873 κακὴ
535 1800 689 1854 οὐδὲν
740 1799 901 1854 καλὸν
935 1803 1314 1870 προσενεγκεῖν
1339 1796 1477 1854 οἶδεν
1502 1819 1515 1832 ·
1555 1800 1676 1855 οὔτε
1702 1803 1733 1872 ή
1768 1799 1892 1871 ῥίζα

328 1895 366 1964 ή
428 1891 567 1964 καλή
625 1892 773 1946 οὐδὲν
833 1890 1001 1946 κακὸν
1060 1894 1440 1963 προσενεγκεῖν
1495 1889 1622 1947 οἵδε.
1681 1893 1895 1947 Φαίνον-

335 2000 428 2038 ται
467 1982 525 2037 δὲ
557 1984 607 2036 οί
639 1976 921 2036 ἀπόστολοι
948 1981 1074 2036 ποτὲ
1111 1982 1206 2053 μὲν
1251 1982 1424 2046 καλοὶ,
1459 1982 1587 2037 ποτὲ
1616 1983 1672 2037 δὲ
1703 1983 1887 2037 κακοί·

332 2075 430 2129 καὶ
455 2075 553 2145 ὀψὲ
580 2074 676 2145 μὲν
706 2073 877 2138 καλοὶ,
909 2071 1148 2145 ἀρχῆθεν
1172 2073 1228 2127 δὲ
1263 2076 1441 2142 κακοὶ,
1469 2076 1562 2129 καὶ⁸
1593 2077 1893 2148 μεταϐολὴν

333 2165 694 2237 πεποιημένοι
733 2164 839 2218 άπὸ
868 2164 975 2218 τῶν
1002 2164 1207 2220 κακῶν.

403 2260 467 2313 Ei
488 2260 583 2329 μὲν
600 2258 707 2329 γὰρ
732 2258 972 2328 φήσομεν
989 2256 1083 2310 τοῦ
1109 2259 1322 2313 Σατανᾶ
1343 2260 1586 2330 καρποὺς
1612 2256 1748 2314 εῖναι
1768 2260 1894 2326 τοὺς

334 2351 662 2415 ἀποστόλους
690 2352 777 2406 διὰ
803 2351 873 2405 τὰ
896 2351 1098 2407 παλαιὰ
1127 2352 1459 2422 πταίσματα,
1480 2352 1893 2424 δυσωπηθήσον-

333 2455 427 2493 ται
458 2438 546 2493 διὰ
576 2438 675 2510 τὴν
705 2439 1006 2510 ἀποστολὴν
1039 2440 1132 2494 καὶ
1162 2441 1260 2512 τὴν
1296 2441 1600 2512 τελειότητα
1626 2443 1734 2495 τῶν
1764 2445 1895 2514 ἁρε-

337 2528 446 2582 τῶν
464 2543 479 2559 ⁸
511 2530 637 2583 εἰδὲ
660 2528 753 2583 τοῦ
781 2529 936 2594 Θεοῦ,
967 2532 1020 2584 τί
1042 2530 1224 2601 ἐροῦσι
1250 2531 1377 2602 περὶ
1404 2531 1512 2585 τῶν
1545 2534 1896 2604 πταισμάτων

337 2620 448 2674 τῶν
482 2619 725 2674 παλαιῶν
753 2623 845 2675 καὶ
876 2623 975 2693 τῆς
1008 2622 1245 2684 παλαιᾶς
1274 2623 1557 2694 διαδολῆςς
1591 2624 1897 2696 δυσωπήσει

338 2711 450 2785 γὰρ
485 2712 679 2775 αὐτοὺς
704 2712 765 2765 τὸ
796 2713 1048 2785 γράμμα,
1083 2717 1175 2768 καὶ
1202 2715 1404 2785 ἐλέγξει
1447 2716 1621 2770 αὐτῶν
1652 2718 1750 2788 τὴν
1780 2718 1900 2788 κρί-

338 2821 446 2858 σιν.
466 2805 528 2856 Εί
553 2804 627 2868 δὲ,
657 2803 986 2877 ἀποροῦντες
1005 2807 1100 2859 καὶ
1122 2809 1294 2860 εἰπεῖν
1326 2808 1399 2879 μὴ
1427 2807 1745 2879 δυνάμενοι,
1774 2810 1901 2864 ἀντ-

339 2895 584 2967 ερωτῶσι
600 2896 897 2965 φάσκοντες
917 2897 1172 2953 δύσκολον
1198 2897 1335 2954 εἶναι
1360 2902 1457 2972 τὴν
1478 2901 1629 2956 λύσιν
1648 2903 1753 2957 τῶν
1771 2921 1902 2976 προ-

1994 1809 2107 1854 tum
2137 1815 2328 1868 sumo;
2359 1800 2604 1857 dicemus
2630 1804 2811 1858 enim:
2865 1803 3007 1858 Mala
3058 1804 3210 1859 radix
3256 1807 3551 1865 nibil~boni

1994 1892 2238 1963 proferre
2266 1893 2477 1962 potuit,
2507 1908 2684 1963 neque
2726 1895 2878 1950 radix
2910 1896 3050 1952 bona
3078 1897 3372 1968 quidquam
3403 1901 3549 1956 mali.

1992 1981 2258 2038 Videntur
2291 1995 2470 2039 autem
2495 1985 2726 2053 apostoli
2771 1986 3092 2057 quandoque
3126 1989 3278 2057 boni,
3305 1990 3556 2058 quando-

1991 2090 2097 2145 que
2125 2076 2252 2129 mali
2287 2074 2485 2144 fuisse;
2519 2091 2585 2131 ac
2631 2090 2754 2131 sero
2811 2077 3029 2148 quidem
3076 2078 3240 2145 boni,
3282 2080 3558 2153 principio

1992 2175 2172 2221 autem
2205 2168 2354 2232 mali,
2386 2176 2739 2237 motasseque
2771 2169 2943 2223 malos
2977 2185 3156 2226 mores

2065 2256 2123 2311 Si
2145 2257 2288 2317 enim
2329 2258 2575 2314 dicamus
2612 2273 2732 2329 esse
2765 2258 3038 2328 apostolos
3071 2260 3285 2316 Satanae
3341 2260 3555 2318 fructus

1993 2357 2213 2419 pr0pter
2245 2358 2418 2405 vetera
2446 2349 2667 2415 delicta,
2700 2350 3032 2405 adbibebunt
3076 2352 3156 2408 eis
3197 2353 3555 2409 reverentiam

1995 2449 2213 2510 propter
2234 2442 2597 2511 apostolatum
2631 2451 2684 2498 et
2713 2442 3100 2512 perfectionem
3134 2444 3419 2501 virtutum.
3457 2443 3557 2501 Sin

1994 2547 2123 2586 vero
2154 2530 2248 2586 Dei
2288 2533 2499 2589 fructus
2522 2573 2536 2599 ,
2582 2534 2716 2605 quid
2767 2535 2950 2590 dicent
2977 2534 3044 2590 de
3076 2535 3314 2605 antiquis
3365 2552 3556 2592 eorum

1997 2624 2257 2694 peccatis,
2288 2631 2341 2680 et
2361 2623 2428 2679 de
2458 2626 2682 2695 antiqua
2711 2625 2821 2679 vita
2847 2624 3160 2680 diabolica?
3192 2627 3261 2682 ad
3288 2628 3555 2696 pudorem

1997 2716 2138 2770 enim
2173 2715 2450 2770 revocabit
2476 2731 2570 2771 eos
2602 2715 2884 2785 Scriptura
2912 2756 2927 2781 ,
2981 2725 3034 2771 et
3062 2734 3249 2773 eorum
3289 2720 3558 2789 judicium

1997 2809 2303 2879 redarguet.
2337 2805 2394 2861 Si
2422 2825 2549 2864 vero
2602 2825 2713 2865 non
2762 2810 3094 2881 reperientes
3114 2812 3341 2877 exitum,
3372 2820 3427 2867 et
3453 2826 3561 2882 quo

1958 2948 1959 2951 η
1999 2916 2058 2955 se
2080 2906 2295 2955 vertant
2325 2901 2631 2955 nescientes
2659 2943 2673 2967 ,
2722 2916 2822 2955 nos
2855 2915 3048 2957 rursus
3080 2902 3461 2971 interrogent,
3485 2897 3565 2958 di-

338 2988 566 3053 τάσεων,
601 2990 695 3043 καὶ⁸
732 2989 985 3044 δύσκολον
1022 2990 1283 3065 εἶναιτὴν
1321 2993 1620 3059 ἀπόδειξιν·
1656 2997 1896 3067 φήσομεν

2000 3000 2231 3061 eantque
2267 2992 2427 3047 nobis
2462 3007 2679 3062 quoque
2714 2994 2952 3048 dilliciles
2983 3008 3106 3048 esse
3132 2994 3464 3064 quaestiones
3492 2994 3562 3049 ad

337 3080 435 3134 καὶ
455 3083 614 3152 ἡμεῖς
637 3082 698 3134 οὐ
717 3085 961 3154 καρποὺς
985 3081 1120 3139 εἶναι
1140 3086 1264 3149 τοὺς
1285 3087 1610 3151 ἀποστόλους
1630 3087 1721 3141 τοῦ
1741 3088 1897 3152 Θεοῦ,

337 3173 473 3228 ἀλλὰ
501 3177 777 3246 ποιήματα
806 3176 899 3230 καὶ
936 3178 1265 3247 πλάσματαο
1295 3178 1353 3230 οὐ
1376 3178 1484 3250 γὰρ
1516 3178 1589 3240 ὡς
1616 3178 1723 3231 ἀπὸ
1748 3177 1903 3249 ῥίζης

338 3262 541 3332 καρποὶ
579 3263 1009 3336 προηνέχθησαν,
1038 3265 1150 3319 ἀλλ’
1166 3267 1240 3328 ὡς
1267 3267 1374 3319 ἀπὸ
1399 3268 1614 3320 κτίστου
1632 3269 1724 3321 καὶ
1744 3285 1901 3339 ποιη-

336 3350 455 3415 τοῦ,
489 3352 761 3423 κτίσματα
794 3354 888 3407 καὶ
913 3358 1191 3425 ποιήματα
1218 3356 1538 3426 γεγένηνται
1557 3356 1648 3410 τοῦ
1678 3374 1904 3427 πεποιη-

340 3444 497 3507 κότος
510 3461 524 3474 ’
541 3444 639 3515 οὐχ
657 3445 732 3509 ὡς
755 3447 1012 3516 ὁμοουσία
1025 3447 1116 3500 τοῦ
1135 3449 1512 3519 πεποιηκότος·
1533 3451 1777 3519 γεννητοὶ
1796 3449 1903 3520 γὰρ

340 3536 407 3588 ὲκ
433 3535 527 3588 τοῦ
557 3537 849 3608 ἀγεννήτου
876 3538 1005 3590 ποτὲ
1031 3539 1128 3591 οὐκ
1155 3539 1327 3603 ὄντες,
1359 3539 1580 3610 ὕστερον
1600 3540 1657 3592 δὲ
1674 3557 1902 3611 πεποιη-

344 3626 524 3695 μένον
560 3627 621 3679 τὸ
655 3628 753 3698 μὲν
785 3624 924 3681 εἶναι
964 3628 1072 3682 ἀπὸ
1112 3628 1204 3682 τοῦ
1237 3629 1593 3700 πεποιηκότος
1630 3630 1900 3695 λαθόντες,

341 3716 441 3769 οὐκ
468 3717 642 3771 οὐσίαι
674 3717 730 3771 δὲ
757 3718 815 3786 ἐξ
841 3719 1046 3784 οὐσίας,
1076 3719 1190 3774 ἀλλ’
1218 3722 1539 3785 ὑποστάσεις
1561 3721 1619 3789 ὲξ
1641 3721 1906 3792 ἀγαθότη-

341 3824 432 3871 τος
457 3808 550 3861 τοῦ
577 3811 917 3882 Δημιουργοῦ
941 3812 1317 3884 πεποιημένοι·
1340 3813 1432 3867 καὶ
1453 3812 1592 3866 οὕτω
1610 3830 1803 3884 πεποιη
1812 3813 1907 3884 μέ-

345 3915 447 3965 νοι,
475 3902 562 3956 ἵνα
604 3905 915 3976 προαιρέσει
944 3905 1042 3977 τὴν
1072 3905 1244 3976 ἀρχὴν
1283 3905 1447 3976 ἔχωσι
1487 3905 1622 3977 (18).
1655 3898 1905 3959 Φαίνεται

345 3988 440 4047 οῦν
463 3994 491 4046 ό
512 3995 700 4066 Σωτὴρ
718 3996 889 4064 λέγων
911 4013 925 4026 ·
948 3998 1023 4050 El
1047 4014 1135 4063 τις
1166 3997 1322 4052 θέλει
1344 3999 1535 4052 ὀπίσω
1548 4015 1668 4067 μου
1686 3996 1901 4054 ἑλθεῖνο

345 4087 418 4138 Et
446 4084 636 4152 θέλεις
661 4087 884 4153 τέλειος
912 4088 1185 4157 γενέσθαι
1205 4105 1218 4117 ·
1238 4092 1306 4143 Et
1321 4089 1513 4156 θέλεις
1551 4089 1722 4161 ὑγιὴς
1747 4090 1907 4161 γενέ-

345 4178 485 4230 σθαι
502 4192 518 4208 ο
549 4179 597 4230 εί
616 4179 646 4230 ό
661 4182 887 4251 ποιήσας
914 4178 1137 4234 τοιαῦτα
1157 4180 1325 4247 λαλεῖ,
1345 4182 1410 4235 δι’
1430 4176 1491 4235 οὗ
1523 4182 1709 4255 Πατὴρ
1731 4183 1905 4236 πάντα

345 4268 588 4337 ἐποίησε,
620 4269 729 4323 νόει
760 4268 855 4323 τοῦ
881 4272 1238 4342 πεποιηκότος
1268 4271 1366 4337 τὰς
1391 4274 1600 4342 φωνάς·
1637 4274 1693 4326 ὲν
1722 4273 1800 4345 τῷ
1819 4273 1905 4326 θέ-

2000 3082 2367 3149 solvendum;
2436 3084 2650 3139 dilIicile
2715 3085 2844 3140 item
2910 3086 3121 3140 ratione
3184 3086 3557 3143 concludere:

1999 3174 2467 3244 respondebimus,
2496 3189 2603 3227 non
2632 3191 2755 3229 esse
2787 3175 2997 3229 fructus
3022 3175 3114 3230 Dei
3144 3177 3443 3246 apostolos,
3462 3176 3559 3233 sed

2000 3266 2172 3320 factos
2190 3272 2243 3319 et
2273 3264 2465 3331 ﬁctos;
2506 3280 2614 3319 non
2650 3267 2794 3320 enim
2842 3273 3099 3337 tanquam
3135 3266 3345 3323 fructus
3373 3284 3439 3324 ex
3462 3283 3560 3322 ra-

2001 3356 2121 3412 dice
2151 3355 2358 3426 profusi
2387 3363 2533 3420 sunt,
2564 3356 2656 3411 sed
2671 3364 2926 3427 tanquam
2953 3366 3217 3414 creaturae
3244 3374 3273 3412 a
3300 3358 3561 3416 Creatore

2001 3456 2055 3499 et
2084 3453 2305 3502 auctore
2336 3447 2545 3511 creati;
2585 3454 2847 3503 creaturae
2888 3447 3032 3502 enim
3072 3448 3192 3518 ejus
3247 3459 3375 3505 sunt
3400 3489 3415 3515 ,
3449 3465 3562 3504 non

2002 3545 2255 3607 tanquam
2333 3536 2574 3607 ejusdem
2640 3538 2998 3605 substantiae,
3065 3540 3223 3610 cujus
3274 3540 3392 3610 ipse
3454 3548 3560 3596 est.

2002 3626 2179 3682 Geniti
2206 3636 2334 3685 sunt
2359 3630 2428 3683 ab
2450 3629 2709 3700 ingenito,
2736 3646 2860 3685 cum
2893 3631 3188 3701 aliquando
3220 3647 3327 3687 non
3350 3639 3561 3699 essent,

2002 3728 2189 3790 postea
2217 3720 2343 3775 facti
2370 3730 2496 3775 sunt
2520 3737 2535 3787 ;
2576 3722 2669 3791 qui
2715 3729 2772 3775 ut
2798 3730 2983 3777 essent
3013 3721 3253 3793 quidem,
3280 3722 3350 3778 ab
3377 3736 3442 3778 eo
3464 3722 3562 3792 qui

2004 3813 2155 3877 fecit,
2194 3820 2540 3883 acceperunt,
2585 3828 2695 3867 non
2735 3813 3055 3869 substantiae
3110 3829 3177 3869 ex
3217 3813 3562 3879 substantia,

2003 3905 2097 3961 sed
2140 3903 2269 3959 facti
2314 3904 2634 3976 hypostases
2682 3904 2925 3960 bonitate
2957 3906 3231 3970 auctoris,
3289 3913 3452 3976 atque
3484 3906 3562 3961 ita

2004 3996 2154 4059 facti,
2188 3996 2274 4048 ἵνα
2307 3994 2616 4065 προαιρέσει
2641 3994 2739 4065 τὴν
2774 3994 2947 4067 ἀρχὴν
2976 3994 3159 4065 ἔχωσι,
3201 4004 3258 4050 ιιι
3283 3995 3561 4050 voluntate

2004 4085 2238 4141 habeant
2252 4084 2632 4156 principatum.
2652 4084 2739 4137 Ait
2754 4085 2917 4155 igitur
2931 4084 3179 4140 Salvator
3202 4104 3216 4141 :
3246 4085 3433 4157 Siquis
3453 4086 3560 4139 uult

2002 4179 2172 4233 uenire
2197 4187 2313 4247 post
2333 4193 2412 4231 me
2444 4176 2494 4244 ';
2526 4173 2585 4230 Si
2617 4177 2691 4230 vis
2712 4177 2970 4247 perfectus
3002 4193 3112 4232 esse
3134 4177 3189 4245 ⁸;
3220 4176 3281 4232 Si
3301 4179 3375 4232 vis
3398 4194 3568 4233 sanus

2003 4272 2122 4341 ﬁeri
2158 4271 2200 4325 '.
2242 4270 2297 4325 Si
2330 4271 2376 4325 is
2399 4270 2488 4341 qui
2520 4269 2665 4337 fecit,
2706 4270 2787 4325 sic
2816 4269 3075 4340 loquitur,
3116 4284 3213 4340 per
3256 4284 3414 4340 quem
3456 4267 3566 4323 Pa-

344 4357 456 4412 λειν
481 4359 604 4422 τοὺς
625 4359 817 4430 νόμους
842 4360 989 4415 ἔθετο
1009 4377 1022 4391 ’
1047 4364 1104 4415 ἐν
1125 4365 1190 4434 τῇ
1217 4363 1428 4435 θελήσει
1454 4364 1521 4417 τά
1548 4364 1744 4435 νομικὰ
1765 4366 1896 4419 ἁπο-

2007 4374 2089 4419 ter
2108 4365 2290 4419 omnia
2322 4364 2618 4421 fabricatus
2662 4372 2766 4427 est,
2798 4362 3037 4432 intellige
3068 4378 3232 4418 voces
3276 4360 3556 4415 auctoris:

344 4450 688 4522 ταμιεύεται·
732 4451 828 4523 τὴν
878 4452 1127 4524 βούλησιν
1170 4455 1278 4509 τῶν
1321 4456 1664 4525 πραττόντων
1710 4458 1896 4527 κυρίαν

2006 4454 2059 4507 in
2093 4454 2369 4507 voluntate
2398 4455 2778 4525 posuitleges;
2813 4454 2867 4507 in
2900 4452 3180 4507 voluntate
3206 4451 3441 4521 legitima
3471 4466 3555 4505 re-

345 4544 457 4597 τῶν
485 4544 868 4616 πραττομένων
896 4546 1196 4600 ἐπίσταται.

2006 4544 2228 4611 condit;
2268 4544 2597 4601 voluntatem
2629 4545 2921 4621 agentium.
2951 4543 3055 4599 scit
3078 4541 3351 4596 dominam
3384 4543 3555 4597 actio-

2008 4651 2133 4689 num
2168 4650 2309 4690 esse.

341 4746 473 4803 Cn.
525 4744 763 4802 XXXIV.
803 4743 940 4799 Mali
980 4744 1185 4815 aliquas
1232 4746 1445 4799 virtutes
1490 4743 1700 4799 habent.
1744 4744 1979 4869 Phailao.
2027 4745 2537 4801 Nabuchodonosor.
2589 4742 2896 4816 Nequitiam
2940 4743 3112 4797 lumen
3155 4744 3395 4813 rapuisse
3414 4741 3563 4801 dare:

1919 4836 2055 4869 αηεε.

1919 4836 2055 4871 01188.

428 4932 640 5004 Ἀμέλει
682 4935 855 5007 τιμῶν
882 4934 980 5007 τὴν
1024 4934 1130 4989 τῶν
1156 4934 1267 5007 (l9)
1312 4935 1559 5008 πράξεων
1596 4939 1888 5003 κοινωνίαν,

340 5008 642 5098 ἀνήρτησεν
684 5028 741 5079 ὲν
770 5030 835 5099 τῇ
871 5026 1084 5099 θελήσει
1110 5030 1138 5083 ό
1168 5027 1349 5098 λόγος’
1392 5029 1533 5085 Ἐὰν
1559 5030 1768 5099 θέλητε
1803 5031 1903 5085 καί

416 5182 438 5216 ³
459 5180 650 5240 Matth.
679 5201 788 5250 xvr,
816 5184 907 5240 24.

343 5408 485 5471 loco,
512 5423 631 5478 quae
653 5406 721 5462 ad
746 5408 1176 5464 confutationem
1199 5423 1386 5464 eorum
1418 5425 1537 5479 qum
1560 5408 1802 5479 proxime
1828 5424 1895 5462 ex

310 5534 313 5537 λ
344 5479 622 5552 Manichtei
672 5481 813 5535 libro
845 5481 1186 5545 recitaverat,
1221 5480 1611 5552 pertinebant;
1661 5494 1891 5552 quorum

343 5550 643 5605 confutatio
667 5552 857 5605 ordine
891 5558 1145 5606 secutura
1166 5549 1301 5606 erat.
1334 5549 1506 5606 Tuan.

981 5185 1004 5218 ⁸
1033 5185 1218 5241 Matth.
1256 5203 1369 5256 xIx,
1398 5187 1487 5245 2|.
1563 5191 1584 5222 ⁸
1615 5188 1773 5246 Joan.
1807 5205 1859 5255 v,
1884 5189 1938 5244 6.

2078 4936 2221 4992 Sane
2253 4937 2468 5007 quidem
2503 4946 2563 4993 ut
2598 4954 2698 4994 nos
2726 4938 3017 4993 bonoraret
3037 4976 3056 5002 ,
3103 4935 3273 4989 voluit
3300 4933 3565 4997 Verbum,

2006 5039 2065 5085 ut
2100 5031 2463 5086 communitas
2516 5031 2791 5085 actionum
2836 5030 2895 5086 in
2944 5031 3222 5085 voluntate
3278 5025 3565 5098 penderet.

2000 5426 2116 5466 vero
2135 5411 2223 5479 qui
2244 5426 2345 5464 non
2367 5416 2698 5465 seruauerunt
2718 5424 2875 5463 suum
2908 5408 3281 5477 principatum,
3307 5410 3412 5461 etc.
3440 5399 3519 5460 ID.

2070 5480 2481 5551 (19)Πράξεων
2505 5499 2654 5536 κοιν.
2681 5480 2939 5551 Actiones
2962 5480 3134 5544 home,
3159 5492 3387 5549 quarum
3414 5488 3569 5530 com-

1998 5552 2259 5623 munitate
2297 5568 2420 5623 cum
2475 5550 2586 5608 Deo
2631 5550 2905 5623 conjuncti
2952 5567 3163 5618 sumus,
3214 5562 3407 5605 omnes
3434 5553 3567 5601 sunt

410 5620 523 5692 (18)
553 5620 669 5691 Τὴν
693 5619 891 5691 ἀρχὴν
920 5620 1013 5692 ἐκ.
1036 5619 1290 5692 ιηΕρίει.
1318 5620 1470 5677 Iuda:
1502 5622 1535 5693 ᾗ
1564 5620 1620 5690 6,
1667 5620 1889 5693 Angelos

1995 5622 2335 5680 voluntariae.
2364 5621 2437 5679 lo.
