3968 6914
629 282 766 338 1123
1744 281 1881 338 TITI
1919 279 2342 338 BOSTRENSIS
2382 282 2690 341 EPISCOPI
3610 302 3709 360 ιω

625 398 688 454 Si
714 398 998 461 volueritis,
1034 397 1239 468 inquit,
1290 407 1339 452 et
1388 399 1664 455 audieritis
1699 417 1780 455 me
1801 441 1816 467 ,
1864 399 1999 455 bona
2030 411 2182 455 terra:

2146 416 2182 454 αι
2206 406 2255 462 Δ
2281 403 2676 473 εὶσακούσητέ
2690 421 2829 474 μου,
2856 404 2928 459 τὰ
2943 405 3122 475 ἀγαθὰ
3141 406 3242 475 τῆς
3265 406 3366 477 γῆς
3386 408 3620 481 φάγεσθε’
3637 421 3713 476 ἐὰν

624 490 944 552 comedetis;
978 489 1026 543 si
1058 499 1231 543 autem
1281 491 1583 557 nolueritis,
1619 509 1710 547 nec
1751 492 2025 547 audieritis
2067 509 2180 557 me,

2147 517 2180 557 η,
2281 490 2350 545 δὲ
2374 492 2460 561 μὴ
2494 492 2723 559 θέλητε,
2769 492 2925 563 μηδὲ
2961 496 3336 565 εὶσακούσητέ
3372 518 3491 570 μου,
3524 506 3714 577 μάχαιρα

623 584 833 655 gladius
877 580 1143 636 devorabit
1175 599 1261 638 vos
1296 584 1337 638 ⁸.
1376 582 1483 640 Sed
1511 584 1807 641 absurdum
1840 593 1924 642 est
1965 595 2184 656 preter-

2147 602 2184 638 r-
2279 583 2436 653 ὑμᾶς
2464 583 2788 638 κατέδεται.
2828 586 3053 639 ’Δτοπον
3080 586 3136 639 δὲ
3155 589 3245 640 καὶ
3270 588 3354 642 τὸν
3388 594 3601 664 περὶτῶν
3619 617 3714 668 φαυ-

623 675 837 731 mittere
877 688 1181 729 sermonem
1212 676 1279 730 de
1313 675 1731 747 improbissimis
1755 716 1770 742 ,
1813 693 1877 733 ac
1906 676 2183 749 praeterire

2148 693 2183 733 te
2224 710 2251 739 χ
2278 673 2515 729 λοτάτων
2557 675 2871 730 καταλιπεῖν
2910 676 3081 745 λόγον,
3105 679 3193 732 καὶ
3218 678 3309 751 τὴν
3350 684 3461 754 περὶ
3491 685 3577 740 τῶν
3594 691 3715 761 σίσχί-

622 767 1111 821 considerationem
1150 767 1217 821 de
1266 767 1335 823 iis
1364 770 1457 837 qui
1486 769 1803 850 turpissime
1835 778 1999 841 atque
2026 770 2183 826 effre-

2148 788 2183 826 ι-
2280 786 2418 832 στως
2446 769 2539 822 καὶ
2569 768 3025 840 ἐκδεδιῃτημένως
3044 769 3450 842 ἁναστρεφόντων
3474 778 3715 847 παραλιπεῖν

627 857 913 912 natissima
964 857 1183 913 licentia
1235 859 1291 913 in
1328 860 1438 913 vita
1464 868 1775 926 versantur,
1810 877 1877 917 ne
1929 870 2178 917 nostrum

2146 877 2178 916 n
2278 858 2537 924 ἐξέτασιν,
2570 861 2764 931 μήπως
2796 862 2828 929 ἡ
2852 859 3004 931 ἡμῶν
3036 860 3206 932 σιωπὴ
3236 863 3463 917 ἀπόνοιαν
3481 867 3713 935 Imma.

619 950 893 1004 silentium
921 951 1437 1020 periculosissimam
1471 951 1900 1022 desperationem
1936 954 2015 1009 eis
2037 970 2180 1009 com-

2146 972 2180 1008 ι-
2277 967 2377 1022 την
2404 950 2585 1014 αὐτοῖς
2622 949 3016 1021 κατασκευάσῃ.
3053 951 3125 1004 Οὐ
3148 952 3334 1024 σφόδρα
3362 955 3713 1016 διαϐάλλουσιτὸι

619 1045 789 1123 paret.
816 1036 932 1117 Non
952 1053 1277 1109 magnopere
1295 1048 1550 1096 accusant
1569 1039 2178 1099 Nahuchodonosorem?

2144 1044 2178 1099 1?
2276 1040 2779 1112 Ναϐουχοδονόσορ;
2824 1041 2884 1093 ού
2924 1041 3126 1112 σφόδρα
3157 1044 3427 1113 μέμφονται
3453 1046 3527 1099 τὸν
3545 1050 3711 1118 meo;

618 1144 726 1183 non
747 1130 902 1184 valde
936 1131 1340 1202 reprehendunt
1361 1131 1741 1187 Pharaonem?
1767 1150 1880 1190 non
1932 1135 1999 1190 ad
2027 1151 2177 1191 sum-

2151 1167 2177 1178 -
2274 1135 2333 1186 οὐ
2374 1133 2537 1205 πέρας
2576 1133 2928 1204 αἰηρότητος
2973 1133 3167 1197 αὐτοὺς
3211 1137 3517 1205 νενομίκασις
3556 1143 3713 1198 τοιαῦτα

618 1235 763 1276 mum
795 1221 1071 1293 fastigium
1102 1223 1457 1294 turpitudinis
1486 1239 1805 1295 progressos
1826 1227 2176 1283 existimant?

2153 1229 2176 1283 ?
2272 1212 2380 1296 γὰρ
2412 1225 2537 1295 περὶ
2565 1225 2662 1295 τῆς
2688 1226 2906 1279 ἐκείνων
2935 1225 3205 1296 διαγωγῆς
3229 1227 3331 1280 ἀνω
3353 1228 3434 1281 καὶ
3458 1231 3580 1284 κάτω
3600 1233 3712 1304 epul-

615 1312 743 1365 talia
780 1312 920 1366 enim
953 1312 1020 1368 de
1051 1312 1265 1367 illorum
1301 1314 1410 1367 vita
1456 1323 1509 1368 et
1552 1314 1802 1369 instituto
1848 1316 2047 1387 ubique
2083 1319 2173 1389 ja-

2147 1348 2173 1361 -
2272 1314 2470 1369 λοῦσιν.
2502 1316 2564 1368 El
2596 1316 2691 1386 μὲν
2713 1311 2806 1369 οὖν
2843 1317 2900 1367 ἐν
2934 1314 3323 1391 ταίςθδιανοίαις
3351 1319 3540 1373 ἐκείνων
3555 1323 3712 1394 οὐδεμία

615 1412 780 1458 ctant.
808 1403 864 1458 Si
897 1404 1060 1476 igitur
1104 1405 1159 1459 in
1200 1407 1416 1460 illorum
1447 1406 1644 1461 animis
1693 1408 1899 1462 nullum
1933 1411 2170 1465 studium

2145 1427 2170 1465 [ι
2273 1407 2473 1478 σπουδὴ
2494 1406 2706 1477 φανείη,
2734 1397 2887 1477 λόγος
2909 1407 2975 1461 ἂν
2995 1406 3080 1479 είη
3106 1408 3281 1477 ἕτερος
3298 1426 3311 1439 ο
3332 1412 3376 1462 el
3395 1409 3443 1463 δὲ
3465 1412 3512 1464 ἐν
3523 1416 3712 1478 τάςοῦω

615 1504 947 1557 cerneretur,
974 1496 1076 1548 alia
1107 1496 1245 1549 ratio
1265 1504 1429 1551 esset.
1462 1495 1559 1550 Sin
1592 1512 1721 1552 vero
1754 1500 1808 1553 in
1848 1500 1983 1554 adeo
2015 1502 2171 1557 malis

2146 1519 2171 1557 ε
2270 1500 2457 1560 κακοῖς
2483 1500 2574 1552 καὶ
2589 1500 2726 1570 μέρη
2750 1499 3062 1569 εὑρίσκεται
3083 1499 3273 1564 καλῶν,
3305 1504 3390 1555 καὶ
3402 1503 3712 1575 αίσθήσεις,καὶ

613 1588 774 1640 etiam
828 1573 1014 1656 partes
1052 1589 1244 1658 aliquae
1283 1602 1467 1642 eorum
1502 1603 1621 1657 quae
1664 1588 1801 1643 bona
1846 1597 1974 1645 sunt
2016 1606 2171 1661 repe—

2145 1619 2171 1632 -
2269 1588 2595 1659 ἀντιλήψεις,
2625 1590 2718 1643 καὶ
2772 1590 3093 1661 μετάμελος,
3129 1594 3217 1646 καὶ
3247 1593 3455 1647 ίκεσίαι·
3489 1573 3534 1648 τί
3555 1597 3612 1651 ἐτι
3642 1603 3712 1672 φή.

611 1676 848 1741 riuntur,
880 1692 1098 1743 sensus,
1139 1678 1535 1747 perceptiones,
1573 1678 1962 1750 intelligentia,
1995 1681 2171 1751 poeni-

2145 1708 2171 1720 -
2200 1755 2231 1760 _
2271 1694 2488 1743 σουσιν;
2525 1680 2585 1732 El
2608 1679 2715 1750 γὰρ
2760 1674 2912 1744 οὗτος
2947 1684 2976 1735 ό
3008 1685 3146 1738 πάνυ
3176 1685 3431 1754 αἴσχιστος
3455 1688 3606 1760 φανείη
3631 1694 3711 1744 τινὰ

617 1769 784 1823 tentia
831 1784 895 1824 ac
945 1770 1401 1840 supplicationes;
1434 1770 1564 1839 quid
1621 1770 1731 1840 jam
1761 1770 1962 1827 dicturi
1996 1772 2171 1826 sunt?

2147 1755 2240 1825 ?B
2271 1770 2407 1842 μέρη
2458 1770 2596 1842 ἔχων
2636 1772 2852 1843 ἀρετῆς,
2902 1775 2997 1828 καὶ
3038 1775 3246 1844 τρόπων
3293 1755 3645 1849 ἐπιτηδειότητα,
3676 1783 3711 1834 τί

612 1859 670 1915 Si
707 1861 851 1915 enim
899 1861 988 1915 hic
1025 1861 1377 1931 turpissimus
1431 1870 1687 1932 appareat
1742 1863 1938 1919 habere
1986 1873 2167 1935 partes

2142 1880 2167 1919 s
2267 1863 2513 1934 ἐροῦσιν;
2552 1865 2623 1917 ’Ἡ
2652 1865 2761 1935 γὰρ
2787 1866 2879 1919 τὸν
2914 1865 3157 1921 Σατανᾶν
3199 1868 3378 1937 μικτὸν
3405 1868 3457 1932 ἐξ
3481 1870 3631 1940 ἀρετῆς
3647 1874 3709 1925 καὶ

609 1955 870 2023 quasdam
903 1955 1117 2010 virtutis
1164 1962 1218 2010 et
1272 1969 1453 2010 mores
1496 1955 1707 2026 aliquos
1741 1956 1963 2012 idoneos
1989 1996 2005 2022 ,
2036 1958 2166 2027 quid

2140 1958 2166 2013 [Ι
2264 1955 2478 2019 κακίας,
2506 1955 2580 2018 ὼς
2615 1957 2837 2025 μικτοὺς
2879 1957 3127 2028 καρποὺς
3167 1957 3436 2025 ἐνεγκόντα
3462 1960 3707 2032 primani,

608 2045 828 2101 dicent?
856 2046 912 2100 Si
946 2046 1091 2101 enim
1141 2046 1568 2116 respondebunt,
1599 2047 1821 2103 mistum
1859 2063 1982 2103 esse
2013 2047 2168 2104 Sata—

2141 2079 2168 2090 -
2262 2045 2480 2109 τούτους
2514 2047 2756 2119 καρποὺς
2785 2047 2858 2119 μὴ
2887 2044 3027 2102 εἶναι
3060 2048 3153 2102 τοῦ
3192 2049 3418 2103 διαϐόλου
3436 2064 3448 2080 ⁶
3471 2052 3613 2104 οὐκέτι
3640 2052 3708 2122 γὰρ

607 2154 754 2204 nam,
789 2140 960 2209 utqui
991 2138 1199 2194 fructus
1229 2154 1297 2194 ex
1340 2139 1542 2195 virtute
1588 2154 1651 2195 ac
1699 2138 1832 2194 vitio
1858 2140 2048 2196 mistos
2084 2150 2166 2194 at-

2141 2170 2166 2183 -
2260 2137 2311 2189 οἱ
2359 2137 2539 2206 μικτοὶ
2574 2136 2668 2190 τοῦ
2710 2138 2940 2208 ἀμίκτου
2991 2134 3102 2192 εἷεν
3143 2139 3208 2192 ἂν
3249 2141 3449 2210 καρποὶ,
3476 2138 3574 2193 οὔτε
3610 2141 3708 2211 ῥίζαν

607 2231 810 2295 tulerit,
846 2240 938 2284 aut
964 2231 1174 2285 fructus
1209 2230 1311 2286 hos
1342 2246 1449 2285 non
1479 2246 1601 2286 esse
1619 2230 1857 2299 diaboli;
1885 2246 1992 2285 non
2017 2232 2164 2286 enim

2140 2247 2164 2285 rt
2260 2229 2321 2282 τὸ
2351 2228 2578 2301 ἄμικτον
2609 2230 2703 2284 τοῦ
2742 2232 2930 2301 μικτοῦ
2962 2234 3296 2303 φανήσεται·
3320 2228 3449 2287 οὗτοι
3474 2233 3522 2286 δὲ
3557 2234 3627 2285 καὶ
3655 2251 3707 2303 μι-

605 2321 817 2377 fructus
876 2320 1053 2385 misti,
1110 2319 1325 2375 fructus
1374 2318 1576 2376 fuerint
1608 2321 1845 2375 carentis
1874 2322 2162 2388 mistione;

2146 2338 2162 2388 ;
2260 2321 2378 2373 κτοὶ
2402 2320 2675 2393 ἐφάνησαν
2704 2323 2898 2394 χρόνῳ,
2932 2324 3028 2377 καὶ
3073 2323 3172 2387 τὰς
3200 2325 3481 2395 ἐπιστήμας
3504 2323 3706 2389 λαϐόντες,

602 2430 779 2483 neque
811 2413 955 2484 quod
991 2428 1098 2467 non
1135 2418 1220 2466 est
1272 2411 1496 2467 mistum
1521 2454 1536 2479 ,
1570 2412 1724 2467 radix
1755 2413 1899 2469 misti
1931 2414 2067 2480 erit;
2108 2413 2163 2467 hi

2145 2414 2163 2467 i
2262 2409 2356 2462 ml.
2388 2410 2619 2481 πονηρίᾳ
2646 2410 2984 2482 αἱρεθέντες·
3023 2413 3118 2466 καὶ
3149 2414 3425 2484 φανήσεται
3450 2412 3563 2467 κατά
3585 2412 3707 2467 τοῦτον

604 2513 783 2560 autem
820 2505 966 2559 misti
995 2519 1136 2565 esse,
1168 2502 1352 2573 aliquo
1401 2511 1644 2573 tempore
1693 2512 2080 2574 apparuerunt,
2109 2514 2164 2558 et

2145 2514 2164 2558 ι
2258 2499 2350 2554 τὸν
2374 2500 2529 2569 λόγον
2556 2500 2778 2572 πλάσμα
2800 2499 2937 2556 εἶναι
2958 2502 3142 2572 λόγου,
3172 2504 3264 2557 καὶ
3296 2503 3366 2575 μὴ
3393 2502 3603 2566 ἀληθείας
3622 2502 3707 2556 ὑπί-

603 2592 907 2661 percepisse
933 2591 1210 2654 scientias,
1245 2599 1298 2645 et
1329 2591 1676 2662 improbitate
1698 2594 1842 2663 capti
1867 2608 1988 2648 esse
2014 2612 2028 2648 :
2060 2594 2161 2649 hac
2262 2606 2469 2655 στασις.

599 2686 812 2739 ratione
847 2683 1181 2753 apparebunt
1229 2699 1338 2738 non
1395 2700 1517 2740 esse
1562 2700 1703 2740 vera:
1735 2701 2012 2756 personae,
2064 2688 2158 2743 sed

599 2775 738 2830 ﬁcta:
766 2775 1113 2845 cogitatione.

563 2894 566 2899 -
671 2864 744 2918 En
791 2864 1023 2933 Pharao,
1063 2883 1186 2922 cum
1228 2867 1557 2938 increpatur,
1606 2869 1831 2923 remittit
1873 2877 1927 2925 et
1971 2870 2120 2926 molli

2134 2898 2156 2914 -
2338 2868 2465 2922 Ἰδοὺ
2489 2868 2596 2936 γάρ
2621 2868 2649 2920 ὀ
2676 2868 2773 2938 μὲν
2795 2866 2989 2939 Φαραὼ
3014 2869 3076 2922 ἐν
3098 2871 3219 2932 ταῖς
3241 2868 3516 2940 ἐπιτιμίαις
3535 2866 3701 2922 ἐνδίδωσι

594 2965 705 3023 tur,
741 2956 974 3013 flectitur
1008 2967 1206 3027 mente,
1249 2970 1302 3015 et
1346 2975 1604 3030 percussa
1656 2961 1835 3015 anima
1882 2978 1991 3017 non
2033 2980 2157 3033 per-

2137 2993 2157 3004 -
2256 2960 2349 3013 καὶ
2386 2960 2732 3014 άπαλύνεταιο
2773 2959 3012 3013 ἐνδίδωσι
3054 2964 3121 3031 τῇ
3169 2961 3385 3033 διανοίᾳ,
3425 2960 3505 3014 καὶ
3539 2976 3704 3013 um;-

595 3056 806 3104 severat
841 3050 897 3103 in
934 3049 1172 3117 duritia;
1214 3051 1345 3121 quin
1387 3052 1567 3121 potius
1594 3050 1703 3107 duo
1732 3050 1862 3106 facit
1921 3072 1933 3107 :
1978 3056 2152 3124 poscit

2135 3064 2152 3109 t
2179 3099 2219 3156 ε
2257 3053 2408 3123 φθεὶς
2447 3053 2543 3124 τὴν
2579 3052 2754 3123 ψυχὴν
2793 3052 2892 3105 οὐκ
2934 3052 3185 3122 ἐπιμένει
3220 3056 3285 3123 τῇ
3317 3052 3582 3124 τραχύτητα
3612 3049 3702 3103 ἀλλὰ

592 3140 738 3210 quod
780 3148 951 3210 optat,
998 3150 1051 3196 et
1095 3150 1318 3198 accusat
1369 3142 1622 3211 factum;
1671 3152 1725 3198 et
1779 3159 1911 3214 non,
1940 3147 2151 3203 videtur

2133 3139 2219 3203 τ’*
2249 3145 2342 3198 δύο
2373 3148 2532 3208 ποιεῖ,
2576 3144 2671 3197 καὶ
2714 3143 2810 3214 τὴν
2850 3143 3011 3214 εὐχὴν
3041 3146 3203 3209 αἰτεῖ,
3249 3145 3338 3197 καὶ
3375 3143 3614 3214 κατηγορεί
3639 3139 3700 3194 τοῦ

592 3233 772 3287 anima
795 3233 968 3288 oculis
994 3240 1172 3303 capta,
1205 3234 1300 3289 sed
1331 3234 1398 3289 ad
1427 3235 1798 3304 pmnitentiam
1831 3237 2146 3306 procedens,

2135 3278 2146 3304 ,
2247 3234 2556 3305 γενομένου,
2587 3233 2679 3287 καὶ
2706 3234 2766 3286 οὐ
2802 3233 3046 3302 φαίνεται
3084 3232 3257 3305 πηρδς
3285 3235 3317 3305 ἡ
3349 3232 3495 3304 ψυχὴ,
3522 3232 3605 3285 ἀλλ’
3633 3233 3702 3301 ἐμ-

591 3338 657 3378 ac
689 3324 1009 3393 petitionem
1036 3331 1093 3379 et
1129 3327 1586 3396 supplicationem
1626 3330 1978 3398 amplectens,
2010 3341 2062 3386 et
2092 3333 2148 3387 in

2133 3349 2148 3387 ι
2247 3330 2535 3392 ϐλέπουσα,
2566 3329 2661 3383 καὶ
2694 3329 2827 3399 πρὸς
2855 3328 3142 3400 μετάνοιαν
3175 3327 3430 3399 χωροῦσαο
3463 3324 3700 3395 ἀντιλαμϐαο

590 3415 844 3486 precibus
885 3415 1211 3475 blandiens.
1241 3417 1302 3471 Si
1352 3425 1533 3473 autem
1576 3427 1773 3473 natura
1807 3422 1982 3477 malus
2014 3410 2156 3478 fuis;

2133 3410 2156 3466 ι’
2245 3423 2440 3493 νομένη
2479 3423 2533 3475 δὲ
2576 3422 2668 3475 καὶ
2698 3421 2797 3491 τῆς
2824 3421 3091 3489 αἰτήσεως
3129 3420 3221 3473 καὶ
3252 3419 3461 3482 ἱκεσίας,
3496 3418 3570 3470 καὶ
3593 3417 3700 3469 λιπε-

590 3511 693 3569 set,
740 3505 1013 3576 quomodo
1067 3506 1134 3563 de
1183 3507 1437 3577 precibus
1486 3516 1539 3563 et
1588 3509 1908 3578 pmnitentia
1962 3514 2149 3583 cogni-

2132 3541 2149 3553 -
2249 3513 2411 3584 ροῦσα
2438 3513 2597 3583 εὐχῆς
2617 3512 2820 3567 ἕνεκεν.
2849 3512 2908 3564 El
2932 3510 2987 3564 δέ
3008 3510 3272 3580 ἐπεφύκει
3295 3510 3467 3574 κακὸς,
3487 3509 3577 3571 πῶς
3593 3504 3699 3576 ἐγνώ-

589 3596 793 3651 tionem
838 3597 1160 3654 habuisset?
1202 3597 1261 3652 Si
1313 3601 1458 3653 enim
1503 3600 1645 3653 bona
1681 3610 1765 3655 est
1803 3604 2141 3671 paenitentia,

2132 3646 2141 3670 ,
2243 3622 2327 3657 κει
2357 3604 2481 3674 περὶ
2503 3604 2600 3675 τῆς
2620 3603 2781 3674 εὐχῆς
2803 3604 3010 3675 καὶτῆς
3034 3603 3344 3673 μετανοίας;
3365 3603 3420 3655 El
3438 3600 3528 3672 γὰρ
3549 3597 3699 3669 ήμειά-

587 3698 643 3743 et
698 3688 841 3744 bona
896 3690 1022 3745 item
1085 3691 1365 3765 precatio;
1432 3693 1479 3747 si
1529 3707 1656 3747 vero
1715 3702 1909 3750 natura
1978 3698 2139 3762 mala,

2127 3737 2139 3762 ,
2242 3714 2355 3750 νοια
2387 3696 2544 3767 καλὴ,
2585 3698 2679 3750 καὶ
2712 3696 2843 3767 εὐχὴ
2876 3695 3036 3767 καλή’
3068 3697 3119 3749 εἱ
3145 3696 3201 3749 δέ
3230 3698 3261 3767 ἡ
3291 3695 3439 3765 φύσις
3467 3691 3595 3763 κακὴ,
3618 3689 3694 3752 πῶς

585 3781 860 3852 quomodo
911 3783 1114 3836 malum
1163 3798 1288 3836 cum
1346 3783 1490 3837 bono
1538 3784 1760 3839 mistum
1815 3786 1952 3841 fuit?
1993 3787 2143 3855 Quo-

2129 3818 2143 3830 -
2241 3788 2406 3858 ἐμίγη
2452 3788 2514 3841 τὸ
2556 3787 2723 3841 κακὸν
2753 3788 2829 3859 τῷ
2866 3787 3041 3857 καλῷ;
3091 3788 3217 3851 Πῶς
3250 3788 3303 3841 δὲ
3336 3790 3396 3840 ἐκ
3424 3786 3562 3840 κακοῦ
3588 3784 3696 3838 nam

585 3873 747 3929 modo
797 3890 864 3928 ex
920 3876 1063 3929 malo
1109 3875 1311 3930 bonum
1370 3876 1642 3945 prolatum
1694 3878 1815 3932 est?
1859 3879 2139 3951 Apparent

2125 3891 2139 3937 ι
2242 3877 2577 3950 προηνέχθη;
2626 3880 2734 3932 Καὶ
2774 3879 3052 3947 φαίνονται
3100 3880 3177 3949 μὴ
3217 3879 3407 3942 εἰδότες
3443 3879 3468 3931 ὃ
3504 3878 3692 3945 λέγουσιν⁹

584 3983 693 4022 non
742 3968 1040 4038 intelligere
1066 3984 1185 4039 qum
1219 3969 1535 4038 loquuntur,
1573 3969 1704 4039 quin
1739 3971 1919 4039 potius
1961 3986 2141 4031 ntentc

2124 3990 2141 4031 3
2238 3970 2371 4024 ἀλλὰ
2412 3970 2714 4041 ἀπαιδεύτῳ
2751 3969 2942 4044 γνώμῃ
2984 3970 3274 4041 πτύσματα
3308 3971 3485 4042 μᾶλλον
3512 3967 3691 4042 ῥημάτων

583 4059 706 4115 rudi
754 4069 808 4116 et
861 4061 1151 4128 inerudita,
1196 4069 1353 4131 sputa
1399 4061 1573 4132 magis
1624 4062 1939 4133 verborum,
1975 4082 2138 4138 quam

1421 4061 1573 4132 uagis
1624 4062 1939 4133 verborum,
1975 4082 2138 4138 quam
2236 4061 2270 4132 ἦ
2299 4062 2513 4135 ῥήματα
2544 4061 2988 4134 προσφερόμενοι.

582 4154 743 4208 verba
771 4153 1033 4224 proferre.
2039 4149 2049 4159 ’

648 4266 1172 4332 Nabuchodonosor,
1201 4267 1446 4336 quamvis
1474 4268 1717 4325 moribus
1754 4284 1929 4325 saevus
1965 4278 2133 4340 esset,

2122 4315 2133 4340 ν
2304 4264 2366 4316 El
2388 4262 2443 4316 δέ
2474 4263 2565 4315 καὶ
2582 4264 2609 4315 ὁ
2637 4260 3119 4332 Ναϐουχοδονόσορ,
3164 4262 3337 4316 καίτοι
3362 4259 3558 4332 χαλεπὸς
3580 4256 3633 4309 ὢν
3651 4253 3689 4306 τὸ

577 4369 632 4414 ct
673 4360 948 4413 fornacem
982 4366 1361 4429 praeparasset,
1401 4365 1455 4411 et
1488 4359 1777 4428 imaginem
1815 4359 2055 4427 fecisset,
2079 4369 2135 4417 et

2122 4369 2135 4415 ι
2232 4351 2362 4427 ἦθος
2402 4357 2493 4409 καὶ
2533 4355 2631 4424 τὴν
2677 4354 2905 4426 κάμινον
2952 4353 3295 4424 εὐτρεπίσας,
3339 4356 3427 4408 καὶ
3460 4354 3540 4424 τὴν
3566 4347 3689 4403 εἰκόνα

578 4453 743 4508 minis
791 4460 1038 4515 terreret,
1077 4459 1240 4522 atque
1276 4451 1561 4521 imaginem
1588 4451 1838 4505 venerari
1877 4460 2126 4523 cogeret;

2121 4473 2126 4518 ;
2161 4458 2207 4514 D
2234 4450 2478 4519 ποιήσας,
2525 4448 2618 4502 καὶ
2656 4450 2722 4518 τῇ
2761 4446 2952 4518 ἀπειλῇ
2993 4446 3206 4516 φοϐῶν,
3243 4449 3333 4501 καὶ
3364 4444 3625 4516 προσκυνεῖν
3649 4436 3688 4489 τὸ

578 4546 761 4602 statim
803 4553 863 4598 ut
912 4544 1086 4600 sancti
1123 4544 1274 4614 pueri
1316 4544 1370 4596 in
1407 4542 1677 4598 fornacem
1715 4544 1847 4598 illati
1886 4553 2033 4610 sunt,
2079 4554 2132 4603 et

2120 4554 2132 4599 ι
2231 4539 2445 4610 ἄγαλμα
2475 4538 2812 4606 ἀναγκάζων,
2847 4538 2919 4601 ὡς
2944 4540 2991 4590 οἱ
3015 4537 3159 4606 ἅγιοι
3189 4537 3331 4591 ἔνδον
3358 4536 3606 4595 ἐϐάλλοντο,
3627 4528 3687 4581 καὶ

575 4634 800 4690 cedebat
842 4633 1081 4698 ﬂamma,
1124 4644 1176 4687 et
1213 4647 1440 4702 corpora
1477 4648 1586 4687 non
1641 4633 1840 4704 attigit,
1875 4634 2131 4707 factaque

2117 4652 2131 4691 ε
2229 4630 2497 4703 ὑπεχώρει
2533 4633 2566 4700 ἠ
2595 4629 2724 4699 φλὸξ
2751 4629 2844 4684 καὶ
2885 4628 2990 4683 τῶν
3018 4631 3281 4701 σωμάτων
3312 4631 3404 4700 οὐχ
3429 4629 3605 4699 ἥπτετο,
3628 4620 3684 4674 καὶ

574 4735 660 4784 est
716 4727 906 4782 fornax
953 4740 1245 4797 synagoga,
1300 4740 1363 4779 ac
1416 4739 1518 4795 pro
1560 4725 1811 4781 lamentis
1857 4727 2040 4799 hymni
2076 4735 2130 4783 et

2118 4735 2130 4781 ι
2230 4721 2512 4792 συναγωγὴ
2546 4723 2579 4791 ὴ
2604 4721 2826 4791 κάμινος
2852 4721 3072 4789 ἐγίνετο·
3106 4720 3200 4773 καὶ
3226 4721 3341 4774 ἀντὶ
3368 4712 3685 4790 ὀδυρμιῖινένδον

572 4820 764 4876 laudes
812 4819 1225 4883 adhibebantur,
1286 4832 1460 4886 neque
1507 4817 1619 4887 jam
1679 4824 1940 4888 tanquam
2005 4819 2129 4889 igne

2118 4835 2129 4874 ε
2229 4812 2384 4883 ὕμνοι
2426 4812 2717 4876 ἐτελοῦντο,
2751 4813 2844 4866 καὶ
2876 4812 3057 4866 οὐκέτι
3089 4812 3381 4882 καιομένης
3413 4807 3579 4879 σαρκὸς
3597 4802 3685 4874 “Pl:

571 4928 794 4969 carnem
851 4917 1039 4966 urente
1098 4909 1412 4964 lamentatio
1462 4909 1645 4973 ﬁebat,
1701 4909 1797 4964 sed
1843 4909 1911 4963 ab
1947 4909 2127 4963 anima

2115 4927 2127 4963 ι
2226 4921 2313 4967 νος
2344 4905 2634 4975 ἐπέμπετο,
2677 4904 2790 4957 ἀλλ’
2823 4906 2886 4957 ἐκ
2919 4901 3387 4974 πανηγυριζούσης
3409 4899 3557 4969 ψυχῆς
3582 4890 3682 4991 ᾆσμα

571 5008 788 5062 laetante
842 5011 1037 5061 cantus
1092 5002 1467 5058 celebrabatur
1528 5019 1543 5057 :
1600 5003 1814 5066 statim,
1868 5002 2123 5073 inquam,

2114 5043 2123 5067 ,
2225 4994 2471 5048 ἐτελεῖτο·
2498 4995 2805 5066 παρέκυψεν
2837 4995 2962 5049 ἰδεῖν
2989 4996 3056 5050 τὰ
3084 4996 3248 5061 ἔνδον,
3277 4996 3533 5065 τετίμηται
3552 4991 3601 5059 τῇ
3622 5000 3681 5037 του

571 5096 852 5166 prospexit
907 5108 1026 5164 quae
1078 5093 1221 5147 intra
1285 5091 1557 5147 fornacem
1614 5091 1847 5156 ﬁebant,
1893 5093 2125 5147 honora-

2115 5122 2125 5133 .
2223 5086 2452 5156 ἀγγέλου
2491 5087 2708 5159 Θεωρία,
2745 5087 2920 5158 ἀφῆκε
2954 5088 3154 5158 φωνήν
3200 5085 3341 5154 Οὐχὶ
3370 5082 3506 5154 τρεῖς

568 5197 767 5258 tusque
813 5193 897 5242 est
945 5186 1120 5256 angeli
1174 5184 1506 5255 spectaculo,
1552 5184 1808 5254 misitque
1858 5200 2048 5240 vocem
2106 5203 2120 5240 :

2111 5203 2120 5240 :
2221 5178 2576 5248 ἐπεϐάλομεν
2601 5182 2688 5245 εὶς
2712 5178 2824 5248 τὴν
2843 5177 3124 5248 κάμινον;
3156 5178 3281 5232 ἰδοὺ
3310 5178 3569 5243 τέσσαρας
3589 5170 3678 5258 ὀρωι

572 5279 757 5333 Nonne
787 5289 889 5333 tres
912 5279 1048 5332 viros
1079 5279 1131 5331 in
1162 5277 1426 5347 fornacem
1447 5277 1761 5332 intulimus?
1793 5292 1876 5341 en,
1900 5286 2124 5348 quatuor

2112 5293 2124 5305 ο
2222 5274 2318 5327 καὶ
2350 5271 2455 5326 τὸν
2488 5271 2785 5340 τέταρτον,
2827 5273 2906 5339 ὠς
2944 5271 3144 5341 ὅμοιον
3187 5269 3293 5336 Υἱῷ
3336 5267 3486 5324 Θεοῦ.
3530 5256 3679 5348 Ballio;

567 5372 736 5435 video,
787 5382 838 5426 et
884 5379 1129 5442 quartum
1163 5346 1430 5439 tanquam
1480 5369 1705 5423 similem
1748 5346 2033 5422 FiliovDei
2078 5367 2121 5419 ⁷.

2107 5405 2121 5419 .
2220 5364 2348 5434 γοῦν
2373 5365 2571 5436 γράφει
2603 5365 2742 5437 ὑπὲρ
2768 5364 2957 5418 τούτου
2985 5365 3165 5436 νόμον,
3194 5362 3454 5435 ὁμολογεῖν
3478 5355 3553 5408 τὸν
3575 5346 3674 5442 Θεὸν.

565 5462 837 5519 Continuo
877 5437 1041 5534 igitur
1084 5462 1257 5533 legem
1286 5437 1367 5516 de
1410 5459 1513 5514 hac
1558 5474 1618 5514 re
1655 5459 1866 5525 scribit,
1903 5466 1962 5514 ut
1991 5473 2120 5515 con-

2107 5489 2120 5499 -
2222 5460 2512 5530 μαρτυρείν
2538 5457 2634 5527 τὴν
2661 5455 2931 5528 ἀλήθειαν·
2955 5455 3221 5528 ἐξηγητὴς
3250 5455 3340 5526 τῆς
3363 5450 3566 5524 ὁράσεως
3582 5437 3674 5509 τί*

567 5555 822 5612 liteantur
859 5553 1051 5612 Deum.
1102 5561 1163 5617 ut
1201 5559 1470 5610 testentur
1502 5551 1782 5609 veritatem
1811 5569 1826 5623 ;
1861 5551 1920 5608 fit
1950 5551 2121 5608 inter-

2108 5580 2121 5595 -
2217 5565 2326 5605 ται.
2349 5549 2711 5621 Διαϐἀλλομεν
2740 5545 2831 5604 οὖν
2855 5547 2953 5615 τὰς
2981 5547 3283 5621 ἐξηγήσεις,
3314 5546 3346 5605 ἢ
3371 5535 3675 5603 ἐπαινέσομΗῖ

573 5724 578 5729 ·
637 5715 658 5748 ⁸
680 5716 786 5770 Isa.
814 5729 855 5780 ι,
888 5713 974 5781 l9,
997 5713 1085 5767 20.
1161 5714 1181 5744 ⁷
1209 5710 1346 5767 Dan.
1374 5725 1456 5776 tu,
1487 5710 1575 5779 9i,
1605 5709 1717 5801 92.‘
