4008 6208
314 266 453 325 H25

1326 262 1694 320 ADVERSUS
1729 261 2157 320 MANICHEOS
2194 262 2325 320 LIB.
2364 262 2408 319 ι.

3403 258 3540 318 “26

313 384 474 438 καλὸν
508 382 573 437 τὸ
607 382 958 453 πρεσϐεύειν
985 381 1137 451 ὑπὲρ
1177 381 1457 450 Χριστοῦ,
1499 382 1532 453 ἢ
1575 383 1632 436 ἐν
1659 380 1876 453 πονηρῷ

1977 396 2100 451 pres
2146 389 2201 435 et
2241 386 2528 436 enarrator
2572 377 2696 434 visi.
2743 376 3138 433 Accusabimus
3176 375 3343 448 igitur
3378 391 3539 432 enar-

315 479 469 548 μέρει
490 474 619 528 αὐτὸ
643 474 855 545 ἐῶμεν;
884 475 946 527 El
979 474 1076 545 μὲν
1107 475 1214 547 γὰρ
1234 475 1296 529 τὸ
1319 473 1636 547 πρεσϐεύειν
1663 472 1729 526 τὰ
1758 472 1876 527 θεῖα

310 570 485 635 λόγια,
510 567 604 619 καὶ
628 566 909 639 μάρτυρας
930 560 1067 619 εἶναι
1089 567 1187 637 τῆς
1212 566 1485 636 ἀληθείας,
1514 564 1694 617 καλόν·
1719 564 1878 635 ἐπρέ-

314 658 505 709 σϐευσε
532 656 587 708 δὲ
606 657 713 714 ,καὶ
746 654 1233 728 Ναϐουχοδονόσορ,
1280 657 1375 709 καὶ
1413 655 1635 727 ἔγραψε,
1672 654 1765 707 καὶ
1797 656 1877 717 εἰς

314 750 493 803 πᾶσαν
512 748 609 819 τὴν
630 746 800 819 ἀρχὴν
826 746 989 799 αὑτοῦ
1014 747 1241 818 έπεμψε·
1278 747 1490 800 λέλυται
1510 748 1542 816 ἡ
1565 745 1724 815 φύσις
1740 744 1872 816 (20)·

314 838 672 907 ἐπιστάμενος
694 836 802 907 γάρ
835 837 896 889 τὸ
928 835 1108 900 καλὸν,
1143 836 1277 908 πρὸς
1303 837 1399 908 τὴν
1431 836 1660 907 μάθησιν
1688 835 1876 905 ἔϐλεψε

315 929 409 982 τοῦ
444 928 628 982 καλοῦ.
670 928 733 980 Εἰ
759 927 816 980 δὲ
845 926 1081 998 ἤμϐλυνε
1111 927 1209 998 τὴν
1251 928 1482 999 μάθησιν
1514 932 1578 999 τῇ
1613 929 1747 999 πρὸς
1775 929 1874 998 τὴν

317 1020 579 1091 πονηρίαν
605 1018 857 1084 διαθέσει,
886 1023 1283 1091 κατηγορεῖται·
1309 1021 1489 1091 ἕτερον
1516 1021 1624 1092 γὰρ
1652 1022 1712 1074 τὸ
1739 1021 1875 1085 ὃλως

321 1114 395 1184 μὴ
418 1111 671 1165 δύνασθαι
695 1114 865 1165 ποιεῖν
885 1111 944 1164 τὸ
964 1111 1143 1164 καλόν·
1170 1110 1354 1182 ἕτερον
1373 1113 1427 1165 δὲ
1451 1113 1512 1166 τὸ
1533 1113 1729 1167 εἰδέναι
1752 1113 1871 1184 μὲν,

321 1202 668 1275 μὴδύνασθαι
682 1203 739 1256 δὲ
750 1205 921 1257 ποιεῖν
938 1202 999 1256 τὸ
1016 1203 1204 1269 καλὸν,
1230 1206 1295 1275 τῇ
1319 1203 1454 1275 πρὸς
1474 1204 1540 1258 τὰ
1562 1205 1705 1277 πάθη
1731 1207 1869 1276 ῥοπῇ

315 1294 644 1365 ἡττώμενον.

1980 472 2242 536 rationes,
2276 486 2343 524 an
2376 469 2759 525 laudabimus?
2778 469 3035 540 praeclara
3060 483 3148 524 res
3178 477 3262 523 est
3283 468 3540 539 legatione

1980 561 2128 633 {ungi
2180 577 2275 631 pro
2321 560 2531 616 Christo
2557 560 2580 591 ⁸
2635 575 2650 613 :
2704 573 2774 613 an
2819 558 2921 613 hoc
2966 557 3026 612 in
3074 556 3272 610 malam
3327 564 3538 626 partem

1980 656 2152 726 accipi
2204 653 2503 710 sinamus?-
2542 650 2598 705 Si
2644 651 2797 706 obire
2833 651 3158 721 legationem
3202 664 3302 719 pro
3349 649 3538 703 divina

1983 747 2288 819 Scriptura,
2341 756 2395 802 et
2436 753 2603 801 testes
2642 760 2764 800 esse
2807 745 3052 799 veritatis
3091 744 3389 813 gloriosum
3427 749 3533 807 est,

1989 840 2160 894 obivit
2202 849 2379 894 autem
2422 838 2740 909 legationem
2770 835 3289 901 Nabuchodonosor,
3314 842 3369 889 et
3397 833 3536 889 scri-

1979 929 2107 999 psit,
2130 937 2184 984 et
2215 930 2282 984 ad
2312 929 2614 983 universam
2646 926 2903 983 ditionem
2936 942 3088 981 suam
3113 928 3256 981 misit
3284 943 3297 979 :
3324 925 3535 980 sublata

1980 1029 2064 1075 est
2111 1030 2309 1075 natura
2361 1020 2487 1074 ntali
2520 1036 2533 1071 :
2562 1019 2831 1089 siquidem
2865 1035 2987 1073 cum
3024 1019 3208 1083 sciret,
3239 1016 3385 1087 quod
3417 1022 3537 1071 erat

1979 1112 2205 1177 bonum,
2258 1111 2326 1165 ad
2378 1110 2681 1165 doctrinam
2717 1109 2783 1164 de
2823 1110 2967 1165 bono
3010 1109 3269 1179 respexit.
3311 1108 3368 1161 Si
3404 1124 3535 1163 vero

1979 1203 2281 1259 doctrinam
2316 1202 2603 1258 aﬂectione
2645 1201 3001 1272 turpitudinis
3049 1201 3341 1264 hebetavit,
3369 1215 3534 1255 accu-

1979 1303 2174 1362 satur;
2234 1292 2380 1347 aliud
2435 1292 2579 1347 enim
2630 1299 2737 1356 est,
2785 1306 2894 1344 non
2947 1304 3110 1360 posse
3158 1304 3317 1359 agere
3384 1285 3534 1357 quod

316 1386 606 1443 honestum
656 1394 784 1455 est;
846 1387 995 1463 aliud
1039 1402 1170 1445 vero
1220 1389 1361 1446 scire
1404 1389 1536 1461 quid
1580 1397 1686 1460 est,
1731 1390 1877 1463 quod
1914 1391 2202 1447 honestum
2238 1397 2344 1455 est,
2376 1404 2483 1443 non
2523 1397 2705 1443 tamen
2770 1401 2928 1442 acere
2975 1401 3158 1442 posse.
3190 1381 3533 1439 inclinationi

316 1476 543 1533 allectus
580 1462 1045 1534 succumbentem.
1322 1545 1329 1552 θ

399 1574 613 1645 Ἐπειδὴ
648 1574 703 1628 δέ
738 1577 795 1628 ἐν
824 1575 1126 1648 ἀνθρώποις
1149 1577 1351 1649 καρποὶ
1380 1577 1474 1631 τοῦ
1510 1578 1751 1631 διαϐόλου
1774 1578 1869 1648 οὐχ

2044 1569 2247 1638 Quodsi
2288 1570 2345 1625 in
2383 1569 2697 1624 hominibus
2736 1584 2844 1623 non
2898 1575 3028 1624 sunt
3077 1569 3276 1638 reperti
3318 1569 3529 1628 fructus

315 1665 632 1738 εὖρέθησαν,
657 1668 750 1721 καὶ
769 1667 1093 1721 ἐδυσωπείτο
1117 1668 1293 1722 αὐτῶν
1313 1670 1341 1722 ὁ
1361 1668 1577 1740 τρόπος,
1599 1670 1693 1724 καὶ
1711 1670 1871 1740 ἠλέγ-

1977 1663 2198 1728 diaboli,
2256 1670 2309 1716 et
2366 1677 2553 1717 eorum
2591 1677 2731 1732 quos
2774 1661 3035 1726 diximus,
3078 1675 3258 1716 mores
3293 1661 3532 1732 pudendi

315 1756 416 1828 χθη
457 1756 634 1811 αὐτῶν
667 1758 698 1827 ἡ
729 1757 943 1810 ἀτοπία·
995 1756 1101 1810 ποῦ
1142 1756 1326 1811 λοιπὸν
1353 1758 1679 1830 τραπῶμεν;
1714 1762 1762 1813 ει
1798 1760 1871 1830 μὴ

313 1848 423 1919 ἄρα
462 1847 597 1918 πρὸς
631 1848 754 1909 τοὺς
792 1847 1047 1919 δαίμονας
1085 1847 1405 1920 βαδίσωμεν·
1443 1851 1496 1904 εἴ
1536 1867 1599 1917 γε
1651 1850 1724 1922 μὴ
1766 1851 1875 1923 ἄρα

316 1940 601 2010 φήσουσιν,
620 1936 940 2015 ’Δνθρὼπῳν
955 1940 1050 2010 μὲν
1071 1941 1242 2004 οὐδεὶς
1265 1942 1472 2015 καρπὸς
1489 1941 1580 1995 τοῦ
1604 1941 1871 2006 διαϐόλου,

314 2032 562 2101 δαίμονες
591 2030 646 2083 δὲ
671 2030 814 2099 γόνοι
840 2007 932 2083 καὶ
952 2030 1166 2095 τοκετὸς
1190 2030 1339 2102 μόνοι
1361 2010 1543 2086 αὑτοῦ.
1573 2032 1681 2085 Καὶ
1702 2031 1874 2087 ταῦτα

315 2123 560 2192 λέγοντες
590 2121 1062 2194 δυσωπηθήσονται
1095 2124 1193 2193 μὲν
1230 2124 1323 2176 καὶ
1360 2125 1415 2177 ἐν
1434 2123 1623 2195 τούτῳ·
1662 2125 1874 2196 πρῶτον

310 2214 372 2269 δέ
404 2215 763 2269 άκουέτωσαν·
808 2215 868 2268 Ei
916 2214 1085 2277 οὐδεὶς
1124 2214 1405 2287 ἄνθρωπος
1447 2216 1581 2280 τέως
1619 2218 1713 2271 τοῦ
1757 2220 1875 2283 ἐνὸς

314 2307 657 2369 ἁπολέλυται,
696 2307 842 2361 οὐδὲν
878 2302 970 2360 οὖν
1002 2307 1114 2378 (2|)
1152 2308 1328 2361 κοινὸν
1376 2308 1454 2379 τῷ
1501 2309 1731 2382 Σατανᾷ,
1781 2314 1874 2367 καὶ

314 2398 395 2470 τῷ
431 2398 533 2471 βίῳ
572 2400 763 2470 τούτῳ,
812 2397 945 2453 ἀλλά
986 2400 1199 2453 πάντων
1245 2400 1606 2473 ἀπήλλακται,
1658 2404 1872 2460 πάντων

317 2492 504 2562 γέγονε
533 2492 700 2560 ξένος,
726 2491 1046 2563 ἐκϐέϐληται
1074 2494 1508 2566 καταπετόμενος
1527 2496 1657 2567 (22).

396 2759 612 2831 Ἐπειδὴ
638 2759 711 2823 δὲ,
742 2758 824 2812 ἔτι
845 2761 902 2815 ἐν
923 2762 986 2831 τῇ
1016 2758 1191 2832 πλάνῃ
1223 2759 1316 2813 κα)⁵
1349 2759 1406 2813 ἐν
1437 2762 1501 2831 τῇ
1536 2758 1720 2833 ἀπάτῃ
1742 2775 1875 2830 προ-

316 2849 623 2913 κόπτοντες,
648 2850 725 2903 ἐτι
747 2850 1119 2922 ἀπατηλότερα
1140 2852 1231 2905 καὶ
1253 2851 1639 2922 πεπλανημένα
1659 2852 1875 2923 ῥήματα

320 2941 667 3012 προφέρουσι,
695 2943 768 3013 μὴ
792 2944 1169 3014 σιωπήσωμεν·
1197 2944 1327 3013 φασὶ
1355 2942 1481 3015 γὰρ,
1509 2945 1587 2996 ὃτι
1615 2942 1874 3014 προϊοῦσα

1976 1754 2216 1819 fuerunt,
2266 1753 2618 1823 ipsorumque
2657 1751 2937 1822 turpitudo
2979 1752 3229 1805 convicta
3267 1759 3351 1806 est
3379 1769 3391 1804 :
3424 1767 3534 1821 quo

1975 1846 2191 1901 demum
2225 1852 2604 1901 convertemus
2650 1845 2784 1901 nos?
2823 1845 2927 1899 nisi
2971 1844 3111 1898 forte
3146 1845 3211 1898 ad
3259 1844 3532 1899 daemones

1974 1954 2201 2005 eamus;
2237 1938 2345 1993 nisi
2374 1938 2514 1992 forte
2545 1937 2731 1992 dicant
2768 1937 2977 1991 nullum
3005 1936 3222 2007 quidem
3257 1938 3532 1992 hominem

1974 2046 2097 2085 esse
2139 2029 2379 2085 fructum
2428 2030 2628 2098 diaboli
2659 2047 2675 2097 ;
2709 2029 2982 2085 daemones
3010 2044 3139 2084 vero
3185 2031 3353 2096 solos,
3390 2029 3531 2084 fetus

1974 2131 2028 2178 et
2052 2130 2237 2192 partes
2274 2123 2393 2192 ejus
2415 2138 2559 2178 esse.
2586 2122 2690 2178 Sed
2715 2124 2762 2178 si
2795 2123 2894 2178 hoc
2923 2121 3179 2186 dixerint,
3204 2122 3291 2176 hic
3315 2138 3531 2193 quoque

1974 2212 2210 2283 pudendi
2238 2224 2416 2267 erunt.
2440 2210 2678 2266 Primum
2711 2227 2837 2267 vero
2866 2211 3088 2265 audiant
3120 2230 3132 2264 :
3172 2210 3231 2265 Si
3255 2211 3529 2268 daemones

1975 2314 2104 2359 sunt
2156 2304 2369 2360 fructus
2426 2303 2652 2368 diaboli,
2718 2311 2773 2358 et
2828 2303 3013 2359 nullus
3066 2304 3230 2359 homo
3283 2313 3367 2359 est
3413 2303 3531 2358 dia-

1972 2398 2079 2454 boli
2143 2395 2409 2452 fructus:
2476 2397 2641 2466 igitur
2711 2396 2859 2450 nulla
2906 2404 2988 2451 est
3043 2395 3259 2451 diabolo
3314 2396 3369 2449 in
3425 2395 3542 2451 bac-

1973 2488 2080 2543 vita
2130 2504 2252 2544 cum
2295 2487 2609 2544 hominibus
2650 2489 3053 2555 communitas;
3098 2488 3195 2544 sed
3240 2489 3423 2559 potius
3460 2489 3531 2543 ab

1972 2580 2229 2635 omnibus
2260 2580 2570 2650 disiunctus
2595 2588 2700 2646 est,
2731 2580 2801 2634 ab
2829 2580 3081 2635 omnibus
3114 2580 3384 2637 alienatus
3421 2587 3529 2647 est,

1971 2670 2175 2739 ejectus
2203 2678 2307 2725 est.

2043 2759 2181 2826 Quia
2207 2778 2331 2817 vero
2360 2762 2414 2816 in
2440 2777 2625 2818 errore
2654 2768 2706 2817 et
2735 2760 2948 2816 fallacia
2975 2763 3152 2817 adhuc
3180 2763 3532 2833 progredien-

1974 2860 2077 2919 tes,
2113 2855 2286 2925 magis
2333 2854 2512 2908 adhuc
2554 2855 2767 2908 fallacia
2794 2863 2847 2908 et
2877 2854 3133 2908 mendosa
3157 2853 3321 2907 verba
3349 2853 3533 2924 profe-

1976 2952 2125 3008 runt,
2152 2960 2221 2999 ne
2254 2945 2472 2999 silentio
2525 2943 2999 3014 praetermittamus
3025 2957 3088 2998 ea
3128 2960 3143 2997 :
3178 2943 3330 2997 aiunt
3362 2946 3529 3010 enim,

317 3034 353 3103 ἡ
386 3035 631 3104 πονηρία,
666 3036 759 3088 καὶ
794 3033 911 3087 καθ’
939 3036 1135 3106 ἑαυτὴν
1153 3033 1413 3107 ’χωροῦσα
1448 3034 1638 3106 ἑαυτὴν
1674 3034 1869 3105 ἠδίκει,

1977 3033 2117 3105 quod
2164 3036 2402 3104 nequitia
2452 3042 2652 3088 cuncta
2690 3044 3027 3104 antegressa,
3069 3041 3124 3088 et
3173 3033 3289 3088 sola
3335 3049 3533 3104 proce-

320 3125 415 3178 καὶ
440 3125 630 3197 ἑαυτὴν
672 3125 1005 3196 ἐλυμαίνετο·
1042 3128 1116 3191 ὡς
1144 3128 1199 3180 δὲ
1233 3127 1432 3199 ἐπέστη
1464 3126 1541 3197 τῷ
1570 3126 1752 3198 χωρίῳ
1778 3126 1875 3197 τῆς

318 3216 593 3288 ἀληθείας,
640 3216 942 3290 ἐξεπλάγη·
993 3218 1175 3289 θαῦμα
1220 3218 1377 3270 ἔλαϐε
1426 3217 1517 3270 τοῦ
1566 3216 1876 3283 ἐξαπιναίου

320 3306 515 3377 φωτός·
548 3309 835 3365 ἐπελάθετο
866 3312 963 3383 τῆς
991 3311 1124 3372 ἰδίας
1152 3312 1347 3382 μάχης·
1384 3309 1605 3363 ἐπέθετο
1650 3308 1727 3379 τῷ
1770 3325 1876 3378 φα-

321 3400 487 3453 νέντι·
524 3401 738 3471 ἥρπασε
764 3401 906 3470 φῶς·
948 3402 1171 3455 κατέπιε
1200 3403 1261 3455 τὸ
1297 3400 1584 3472 θεωρηθέν.
1619 3398 1877 3452 Ἐνταῦθα

317 3491 500 3546 λοιπὸν
535 3492 697 3555 πολὺς
732 3494 760 3545 ό
786 3493 957 3562 γέλως
998 3493 1089 3545 καὶ
1128 3491 1336 3563 μεγάλη
1369 3493 1402 3563 ἡ
1429 3489 1612 3561 χλεύη·
1644 3487 1876 3543 ἐνταῦθα

320 3582 430 3644 πᾶς
459 3581 760 3652 πεπάτηται
810 3581 974 3653 μῦθος
1029 3581 1351 3651 Ἑλληνικὸς,
1384 3579 1678 3650 νικώμενος
1706 3578 1877 3651 τούτῳ

317 3669 397 3741 τῷ
428 3674 682 3741 σχήματι·
716 3669 961 3739 λέγονται
1004 3670 1109 3742 γὰρ
1154 3656 1311 3741 μύθοι
1357 3671 1405 3722 οἱ
1448 3669 1627 3739 μῦθοι,
1664 3668 1775 3721 ἀλλ’
1802 3669 1879 3732 ὡς

322 3759 481 3831 μῦθοι
513 3760 871 3814 πιστεύονται·
911 3753 1064 3824 οὗτος
1091 3761 1167 3825 δέ,
1202 3762 1250 3813 εἰ
1282 3761 1397 3832 μὲν,
1426 3760 1502 3824 ὡς
1531 3760 1743 3829 ἐλέγετο
1778 3759 1879 3831 μύο

319 3849 433 3913 θος,
461 3849 535 3913 ὡς
572 3848 736 3920 μῦθος
776 3848 1105 3913 ἐπιστεύετο,
1153 3848 1351 3920 μικράν
1393 3848 1459 3902 ἂν
1497 3844 1609 3919 εἶχε
1649 3850 1746 3920 τὴν
1785 3848 1880 3921 ξη-

323 3941 475 4013 μίαν·
523 3938 616 3994 νῦν
661 3940 718 3994 δὲ
757 3941 882 4011 νικᾷ
922 3940 1021 4011 μὲν
1064 3940 1189 4004 τοὺς
1225 3938 1445 4010 μύθους,
1481 3940 1793 3996 πιστεύεται
1821 3942 1876 3996 δὲ

322 4031 471 4105 παρά
492 4033 606 4095 τοῖς
633 4032 857 4103 ἄφροσιν
880 4031 955 4094 ὼς
979 4030 1221 4099 ἀλήθεια.
1256 4031 1317 4083 Ei
1344 4030 1453 4101 γὰρ
1476 4032 1551 4093 ὡς
1580 4034 1876 4113 μεμηνυία,

318 4124 399 4190 ὣς
427 4142 583 4195 φατε,
606 4126 699 4178 καὶ
733 4123 852 4177 καθ’
878 4125 1072 4196 ἑαυτὴν
1105 4123 1480 4197 πολιορκοῦσα,
1514 4123 1777 4193 ἐφθακυῖα
1800 4127 1881 4188 είς

320 4219 392 4274 τά
418 4221 586 4273 οἰκεῖα
618 4219 759 4289 ὅρια,
796 4214 899 4271 εἶδε
932 4217 1047 4286 φῶς
1079 4216 1173 4270 καὶ
1206 4216 1544 4287 κατεπλάγη,
1580 4216 1672 4270 καὶ
1699 4217 1878 4288 ἀπηλ-

321 4312 462 4384 λάγη
501 4311 601 4381 τῆς
639 4310 771 4373 ἰδίας
808 4310 1003 4381 μάχης,
1034 4311 1127 4363 καὶ
1155 4309 1374 4363 ἐπέθετο
1406 4309 1483 4380 τῷ
1507 4309 1746 4379 φανέντι,
1780 4309 1881 4379 ἤρ-

1976 3128 2142 3188 dens,
2216 3128 2450 3195 seipsam
2498 3125 2698 3194 injuria
2736 3122 2997 3178 alliciebat
3029 3130 3083 3178 et
3120 3123 3223 3178 sibi
3253 3125 3480 3179 nocebat
3513 3142 3527 3178 :

1977 3225 2263 3287 postquam
2303 3230 2434 3269 vero
2474 3214 2649 3269 adfuit
2678 3214 2733 3267 in
2778 3214 2901 3269 loco
2930 3214 3195 3278 veritatis,
3226 3215 3528 3285 obstupuit,

1974 3317 2030 3362 et
2084 3309 2431 3378 repentinum
2488 3306 2675 3360 lumen
2728 3305 2994 3359 admirata
3029 3314 3133 3369 est,
3186 3321 3379 3376 pugnae
3419 3322 3531 3362 sua:

1977 3399 2144 3454 oblita
2196 3407 2300 3454 est.
2354 3398 2557 3453 lnvasit
2604 3397 2751 3467 quod
2796 3397 3067 3466 apparuit,
3111 3398 3290 3466 rapuit
3322 3399 3527 3461 lumen,

1976 3490 2263 3547 absorbuit
2289 3494 2612 3561 spectatum.
2647 3487 2765 3543 Jam
2797 3487 2886 3542 hic
2918 3487 3062 3542 risus
3098 3487 3302 3542 multus
3330 3498 3384 3543 et
3417 3505 3532 3543 ma-

1976 3598 2138 3654 gnum
2171 3581 2463 3636 ludibrium
2499 3598 2513 3634 :
2557 3580 2645 3634 bic
2675 3579 2853 3635 omnis
2883 3577 3064 3633 fabula
3084 3577 3269 3633 Graeca
3297 3581 3527 3648 protrita

1975 3683 2079 3739 est,
2097 3684 2149 3731 et
2169 3676 2310 3729 victa
2328 3673 2488 3743 hujus
2514 3670 2705 3727 fabula
2721 3671 2904 3727 habitu
2926 3688 2940 3738 ;
2962 3669 3154 3724 fabulae
3174 3669 3318 3725 enim
3334 3670 3531 3726 fabulae

1976 3766 2254 3832 dicuntur,
2294 3766 2390 3823 sed
2437 3775 2694 3834 tanquam
2728 3764 2929 3819 fabulis
2958 3760 3203 3818 creditur
3236 3781 3250 3817 :
3286 3763 3401 3817 hate
3430 3778 3532 3817 au-

1979 3865 2085 3913 tem
2125 3859 2169 3914 si
2204 3868 2264 3912 nt
2297 3857 2479 3912 fabula
2513 3856 2737 3920 dicitur,
2769 3857 2850 3911 sic
2889 3864 3147 3926 tanquam
3194 3854 3391 3911 fabula:
3417 3871 3533 3912 cre-

1977 3949 2217 4014 deretur,
2264 3964 2455 4020 parum
2516 3948 2702 4005 damni
2745 3946 2933 4013 fieret;
2991 3961 3139 4002 nunc
3182 3962 3313 4003 vero
3363 3947 3533 4003 vincit

1978 4042 2191 4098 fabulas
2224 4058 2237 4093 :
2271 4049 2321 4098 et
2362 4040 2514 4097 stulti
2559 4039 2789 4095 credunt
2819 4040 2869 4095 ei
2911 4047 3169 4109 tanquam
3198 4038 3431 4094 veritati.
3471 4036 3530 4091 Si

1977 4136 2122 4190 enim
2152 4135 2290 4206 apud
2320 4149 2379 4191 se
2398 4140 2659 4198 'manens,
2699 4140 2757 4187 ut
2790 4131 2993 4195 dicitis,
3028 4132 3262 4201 seipsant
3296 4130 3530 4194 obsedit,
3636 4198 3641 4203 γ

1979 4244 2103 4283 cum
2147 4228 2385 4283 venisset
2442 4225 2499 4279 in
2552 4224 2689 4278 fines
2739 4222 2981 4289 luminis,
3042 4223 3179 4277 vidit
3236 4222 3420 4276 lumen
3477 4229 3534 4276 et

1980 4319 2286 4388 obstupuit,
2312 4326 2367 4373 et
2408 4332 2437 4370 a
2480 4331 2576 4371 sua
2619 4329 2798 4385 pugna
2849 4313 3074 4369 liberata
3114 4320 3220 4377 est,
3251 4321 3306 4368 et
3345 4313 3533 4367 adorta

324 4420 465 4458 πασε
494 4402 554 4455 τὸ
582 4401 870 4474 θεωρηθέν·
917 4401 1032 4464 πῶς
1079 4403 1179 4454 οὐκ
1230 4401 1474 4454 ἀδύνατοι
1521 4401 1615 4454 καὶ
1667 4399 1876 4470 ψευδεῖς

1980 4424 2062 4468 εει
2108 4415 2286 4467 lumen
2319 4412 2516 4473 visum,
2560 4416 2615 4463 et
2654 4408 2834 4478 rapuit
2869 4407 3014 4476 quod
3051 4408 3349 4477 spectavit;
3399 4421 3534 4474 quo-

325 4493 650 4564 φανήσονται
676 4496 723 4546 οἱ
744 4491 921 4560 λόγοι;
951 4491 1076 4554 Πῶς
1099 4490 1205 4561 γὰρ
1234 4491 1429 4561 ἑαυτὴν
1458 4490 1632 4559 ἠδίκει
1656 4492 1688 4561 ἠ
1719 4506 1881 4560 πονη-

328 4583 450 4655 ρία;
475 4582 665 4654 ἑαυτὴν
687 4582 894 4653 ἀνῄρεις
916 4581 1110 4652 ἑαυτὴν
1132 4581 1388 4651 ἠφάνιζεν
1408 4598 1422 4647 ;
1448 4581 1570 4653 άρτι
1596 4582 1693 4652 μὲν
1712 4597 1880 4635 κατα-

326 4676 574 4739 πίνουσα,
596 4675 719 4747 άρτι
741 4675 797 4727 δέ
819 4674 1081 4742 γεννῶσα,
1115 4673 1227 4742 εῐγε
1256 4668 1544 4744 ἀγέννητος
1570 4670 1668 4744 ἦν;
1699 4672 1882 4725 ἐλύετο

326 4768 436 4841 γὰρ
463 4768 654 4839 ἐαυτὴν
677 4766 1074 4838 διαφθείρουσα.
1102 4766 1164 4818 Ei
1198 4764 1254 4817 δέ
1282 4763 1351 4818 τά
1386 4765 1523 4838 μέρη
1555 4766 1749 4835 ἑαυτῆς
1769 4760 1879 4834 εἶχε

325 4857 760 4929 διαφθειρόμενα,
804 4856 965 4909 ποῖον
989 4853 1237 4927 ἐνέχυρον
1265 4851 1554 4926 αὔταρκες,
1590 4854 1670 4907 ὅτι
1696 4854 1789 4925 ὅλη
1816 4854 1879 4906 ού

405 4993 427 5025 ⁸
478 4990 521 5046 ll
550 4991 676 5046 Cor.
707 5009 761 5055 v,
784 4991 875 5046 20.

400 5124 511 5195 (20)
555 5125 626 5180 Ἢ
653 5125 853 5195 φύσις.
907 5121 1176 5195 interpres
1220 5123 1514 5195 legebat,ﬁ
1571 5122 1733 5192 φύσις
1785 5122 1879 5177 τοῦ

329 5193 525 5250 κακοῦ.
580 5193 755 5265 Atque
802 5194 940 5248 banc
991 5193 1603 5249 lectionem'coniirmat
1647 5209 1881 5265 sequens

329 5266 703 5336 ἐπιστάμενος.

404 5336 485 5405 (2i
498 5344 514 5405 )
548 5335 736 5389 Οὐδὲν
750 5329 881 5388 οὖν.
905 5331 1078 5405 Opera
1103 5332 1245 5388 enim
1269 5334 1505 5390 hominis
1533 5333 1694 5399 mala,
1716 5348 1879 5403 opera

332 5403 673 5462 tenebrarum
707 5413 761 5459 et
786 5405 983 5459 diaboli
1026 5403 1300 5467 dicuntur,
1333 5413 1388 5460 et
1415 5413 1542 5460 sunt
1578 5405 1881 5460 secundum

328 5476 715 5541 imitationem;
742 5482 795 5528 et
824 5475 1120 5529 secundum
1150 5489 1214 5528 ea
1245 5485 1328 5529 est
1354 5476 1554 5529 homini
1580 5478 1884 5530 communi-

330 5555 414 5601 tas
446 5561 567 5601 cum
598 5561 682 5600 eo.
713 5544 938 5615 Deerant
967 5545 1050 5597 hic
1079 5545 1276 5615 aliqua.
1304 5545 1473 5600 Tuan.

402 5616 513 5685 (22)
556 5619 778 5671 Καταπ.
831 5614 1053 5671 Diversa
1095 5613 1250 5684 plane
1295 5624 1476 5670 textus
1507 5613 1879 5685 seriespest.in

329 5683 568 5754 Graecis;
602 5685 800 5759 quippe
843 5683 1165 5756 sequuntur,
1208 5686 1301 5740 καὶ
1352 5684 1495 5739 ἐστιν
1537 5683 1740 5755 ἀλωτὴ,
1790 5683 1881 5737 καὶ

1980 4504 2142 4559 modo
2170 4519 2277 4557 non
2310 4502 2647 4573 apparebunt
2678 4500 2791 4554 haec
2822 4514 2929 4553 non
2962 4512 3125 4568 posse
3153 4497 3288 4557 fieri,
3320 4504 3375 4550 et
3397 4495 3533 4549 falsa

1977 4597 2139 4653 esse?
2175 4595 2457 4662 Quomodo
2510 4593 2656 4649 enim
2706 4592 2948 4662 nequitia
2988 4590 3094 4645 sibi
3131 4591 3245 4659 ipsa
3276 4587 3532 4656 injuriam

1978 4687 2249 4745 faciebat?
2292 4703 2352 4743 se
2409 4687 2527 4757 ipsa
2579 4682 2968 4740 interimebat?
3006 4697 3066 4737 se
3115 4682 3234 4752 ipsa
3278 4679 3536 4735 delebat?

1977 4778 2260 4846 Quomodo
2327 4795 2472 4834 nunc
2528 4778 2746 4849 quidem
2807 4776 3145 4838 absorbens,
3199 4786 3347 4828 nunc
3403 4786 3534 4825 vero
3612 4834 3615 4837 _

1977 4887 2266 4943 generans,
2294 4873 2341 4925 si
2392 4872 2630 4942 ingenita
2662 4869 2816 4926 erat?
2855 4866 3255 4923 dissolvebatur
3274 4864 3421 4920 enim
3449 4878 3534 4918 se-

1977 5130 2129 5201 λυτὴ,
2154 5130 2245 5181 καὶ
2272 5128 2527 5198 λυομένη,
2552 5135 2718 5195 potest
2746 5127 2903 5201 igitur
2923 5122 3324 5201 capi,_dissolvi,
3348 5132 3396 5178 et
3416 5124 3534 5201 tif:-

1978 5194 2152 5253 soluta
2181 5210 2334 5267 atque
2363 5194 2536 5265 capta,
2554 5194 2684 5260 etc.,
2719 5194 2838 5267 quae
2876 5198 2928 5249 in
2962 5196 3155 5267 pagina
3184 5194 3429 5267 sequenti
3458 5196 3533 5249 le-

1978 5279 2187 5336 gentur.
2236 5264 2437 5323 Deinde
2478 5283 2605 5322 vero
2645 5267 2699 5320 in
2735 5264 2921 5321 codice
2966 5264 3069 5318 ms.
3127 5264 3534 5336 intcrjiciuatnr

1979 5335 2185 5409 pagime
2230 5339 2494 5408 plurimm,
2522 5338 2583 5409 in
2622 5352 2850 5409 quorum
2895 5352 2998 5389 una
3038 5335 3533 5409 occurrit__ini_tium

1980 5404 2101 5463 libri
2146 5404 2310 5464 teriii.
2346 5409 2481 5461 Cum
2521 5404 2647 5460 haec
2672 5407 2803 5461 satis
2839 5413 3091 5477 accurate
3130 5404 3534 5477 nondislingui

1978 5480 2033 5533 in
2064 5478 2250 5534 Graeco
2276 5479 2463 5533 codice
2491 5478 2648 5531 nobis
2679 5484 2971 5539 constaret,
3007 5474 3261 5530 Turriani
3289 5474 3533 5532 ordinem

1977 5550 2171 5613 secuti,
2225 5564 2344 5619 quae
2387 5548 2656 5619 discerpta
2675 5555 2762 5619 _et
2811 5545 2866 5599 in
2901 5546 3061 5602 tertio
3111 5546 3247 5601 libro
3293 5545 3535 5618 reposita

1977 5629 2152 5687 erant,
2184 5614 2273 5676 hic
2305 5618 2643 5690 subjicimus.
2675 5614 2835 5671 Basn.
