  <div class='ocr_page' id='page_1' title='image "/cluster/home/n/w/nwhite01/storage/ocr_20150623/18/hvd.32044073501207/571.png"; bbox 0 0 3968 6914; ppageno 0'>
   <div class='ocr_carea' id='block_1_1' title="bbox 542 255 681 312">
    <p class='ocr_par' dir='ltr' id='par_1_1' title="bbox 542 255 681 312">
     <span class='ocr_line' id='line_1_1' title="bbox 542 255 681 312; baseline -0.007 0"><span class='ocrx_word' id='word_1_1' title='bbox 542 255 681 312; x_wconf 68' lang='grc'><strong>1127</strong></span> 
     </span>
    </p>
   </div>
   <div class='ocr_carea' id='block_1_2' title="bbox 1676 236 2617 303">
    <p class='ocr_par' dir='ltr' id='par_1_2' title="bbox 1676 236 2617 303">
     <span class='ocr_line' id='line_1_2' title="bbox 1676 236 2617 303; baseline -0.007 -4"><span class='ocrx_word' id='word_1_2' title='bbox 1676 242 1813 299; x_wconf 83' lang='lat' dir='ltr'><strong>TITI</strong></span> <span class='ocrx_word' id='word_1_3' title='bbox 1843 237 2272 303; x_wconf 68' lang='lat' dir='ltr'><strong>BOSTRENSIS</strong></span> <span class='ocrx_word' id='word_1_4' title='bbox 2309 236 2617 294; x_wconf 81' lang='lat' dir='ltr'><strong>EPISCOPI</strong></span> 
     </span>
    </p>
   </div>
   <div class='ocr_carea' id='block_1_3' title="bbox 3616 237 3756 295">
    <p class='ocr_par' dir='ltr' id='par_1_3' title="bbox 3616 237 3756 295">
     <span class='ocr_line' id='line_1_3' title="bbox 3616 237 3756 295; baseline 0.029 -4"><span class='ocrx_word' id='word_1_5' title='bbox 3616 237 3756 295; x_wconf 73' lang='grc'><strong>1128</strong></span> 
     </span>
    </p>
   </div>
   <div class='ocr_carea' id='block_1_4' title="bbox 540 355 2086 445">
    <p class='ocr_par' dir='ltr' id='par_1_4' title="bbox 540 360 2086 445">
     <span class='ocr_line' id='line_1_4' title="bbox 540 360 2086 445; baseline -0.011 -16"><span class='ocrx_word' id='word_1_6' title='bbox 540 373 715 445; x_wconf 80' lang='lat' dir='ltr'><strong>ipsam</strong></span> <span class='ocrx_word' id='word_1_7' title='bbox 761 371 1116 431; x_wconf 84' lang='lat' dir='ltr'><strong>interimens;</strong></span> <span class='ocrx_word' id='word_1_8' title='bbox 1160 376 1216 422; x_wconf 89' lang='lat' dir='ltr'><strong>et</strong></span> <span class='ocrx_word' id='word_1_9' title='bbox 1263 381 1372 421; x_wconf 89' lang='lat' dir='ltr'><strong>non</strong></span> <span class='ocrx_word' id='word_1_10' title='bbox 1414 365 1526 434; x_wconf 88' lang='lat' dir='ltr'><strong>jam</strong></span> <span class='ocrx_word' id='word_1_11' title='bbox 1571 378 1696 419; x_wconf 87' lang='lat' dir='ltr'><strong>esse</strong></span> <span class='ocrx_word' id='word_1_12' title='bbox 1733 369 1947 432; x_wconf 89' lang='lat' dir='ltr'><strong>poterat</strong></span> <span class='ocrx_word' id='word_1_13' title='bbox 1990 360 2086 416; x_wconf 88' lang='lat' dir='ltr'><strong>sibi</strong></span> 
     </span>
    </p>
   </div>
   <div class='ocr_carea' id='block_1_5' title="bbox 2186 355 3760 445">
    <p class='ocr_par' dir='ltr' id='par_1_5' title="bbox 2194 355 3760 429">
     <span class='ocr_line' id='line_1_5' title="bbox 2194 355 3760 429; baseline -0.001 -18"><span class='ocrx_word' id='word_1_14' title='bbox 2194 358 2577 429; x_wconf 79' lang='grc' dir='ltr'><strong>διαφθείρεται,</strong></span> <span class='ocrx_word' id='word_1_15' title='bbox 2618 356 2724 410; x_wconf 87' lang='grc' dir='ltr'><strong>τῶν</strong></span> <span class='ocrx_word' id='word_1_16' title='bbox 2764 356 2941 428; x_wconf 82' lang='grc' dir='ltr'>μερῶν</span> <span class='ocrx_word' id='word_1_17' title='bbox 2990 355 3398 428; x_wconf 70' lang='grc' dir='ltr'><strong>διαφθείρεσθαι</strong></span> <span class='ocrx_word' id='word_1_18' title='bbox 3451 357 3760 427; x_wconf 72' lang='grc' dir='ltr'>πεφυλακό-</span> 
     </span>
    </p>
   </div>
   <div class='ocr_carea' id='block_1_6' title="bbox 537 452 2093 527">
    <p class='ocr_par' dir='ltr' id='par_1_6' title="bbox 537 452 2093 527">
     <span class='ocr_line' id='line_1_6' title="bbox 537 452 2093 527; baseline -0.012 -6"><span class='ocrx_word' id='word_1_19' title='bbox 537 464 814 521; x_wconf 87' lang='lat' dir='ltr'><strong>interitum</strong></span> <span class='ocrx_word' id='word_1_20' title='bbox 858 461 1111 516; x_wconf 63' lang='lat' dir='ltr'><strong>atterens.</strong></span> <span class='ocrx_word' id='word_1_21' title='bbox 1157 458 1215 514; x_wconf 88' lang='lat' dir='ltr'><strong>Si</strong></span> <span class='ocrx_word' id='word_1_22' title='bbox 1260 467 1439 513; x_wconf 91' lang='lat' dir='ltr'><strong>autem</strong></span> <span class='ocrx_word' id='word_1_23' title='bbox 1486 463 1669 527; x_wconf 86' lang='lat' dir='ltr'><strong>partes</strong></span> <span class='ocrx_word' id='word_1_24' title='bbox 1703 468 1832 509; x_wconf 89' lang='lat' dir='ltr'><strong>suas</strong></span> <span class='ocrx_word' id='word_1_25' title='bbox 1860 452 2093 507; x_wconf 77' lang='lat' dir='ltr'><strong>habebat</strong></span> 
     </span>
    </p>
   </div>
   <div class='ocr_carea' id='block_1_7' title="bbox 538 544 2096 624">
    <p class='ocr_par' dir='ltr' id='par_1_7' title="bbox 538 544 2096 624">
     <span class='ocr_line' id='line_1_7' title="bbox 538 544 2096 624; baseline -0.009 -12"><span class='ocrx_word' id='word_1_26' title='bbox 538 558 894 620; x_wconf 88' lang='lat' dir='ltr'><strong>intereuntes,</strong></span> <span class='ocrx_word' id='word_1_27' title='bbox 949 554 1092 624; x_wconf 89' lang='lat' dir='ltr'><strong>quod</strong></span> <span class='ocrx_word' id='word_1_28' title='bbox 1152 554 1348 623; x_wconf 79' lang='lat' dir='ltr'><strong>pignus</strong></span> <span class='ocrx_word' id='word_1_29' title='bbox 1394 566 1516 606; x_wconf 89' lang='lat' dir='ltr'><strong>esse</strong></span> <span class='ocrx_word' id='word_1_30' title='bbox 1569 557 1746 619; x_wconf 90' lang='lat' dir='ltr'><strong>potest</strong></span> <span class='ocrx_word' id='word_1_31' title='bbox 1792 545 1928 600; x_wconf 86' lang='lat' dir='ltr'><strong>satis</strong></span> <span class='ocrx_word' id='word_1_32' title='bbox 1980 544 2096 598; x_wconf 90' lang='lat' dir='ltr'><strong>ido-</strong></span> 
     </span>
    </p>
   </div>
   <div class='ocr_carea' id='block_1_8' title="bbox 536 633 2096 711">
    <p class='ocr_par' dir='ltr' id='par_1_8' title="bbox 536 633 2096 711">
     <span class='ocr_line' id='line_1_8' title="bbox 536 633 2096 711; baseline -0.012 -6"><span class='ocrx_word' id='word_1_33' title='bbox 536 664 729 711; x_wconf 88' lang='lat' dir='ltr'><strong>neum,</strong></span> <span class='ocrx_word' id='word_1_34' title='bbox 760 663 869 702; x_wconf 91' lang='lat' dir='ltr'><strong>non</strong></span> <span class='ocrx_word' id='word_1_35' title='bbox 914 653 1080 701; x_wconf 90' lang='lat' dir='ltr'><strong>totam</strong></span> <span class='ocrx_word' id='word_1_36' title='bbox 1118 644 1340 698; x_wconf 90' lang='lat' dir='ltr'><strong>interire</strong></span> <span class='ocrx_word' id='word_1_37' title='bbox 1385 640 1631 711; x_wconf 85' lang='lat' dir='ltr'><strong>partibus</strong></span> <span class='ocrx_word' id='word_1_38' title='bbox 1669 638 1816 693; x_wconf 88' lang='lat' dir='ltr'><strong>natis</strong></span> <span class='ocrx_word' id='word_1_39' title='bbox 1859 635 2001 706; x_wconf 92' lang='lat' dir='ltr'><strong>aptis</strong></span> <span class='ocrx_word' id='word_1_40' title='bbox 2030 633 2096 687; x_wconf 87' lang='lat' dir='ltr'><strong>ad</strong></span> 
     </span>
    </p>
   </div>
   <div class='ocr_carea' id='block_1_9' title="bbox 2195 444 3767 522">
    <p class='ocr_par' dir='ltr' id='par_1_9' title="bbox 2195 444 3767 522">
     <span class='ocr_line' id='line_1_9' title="bbox 2195 444 3767 522; baseline -0.001 -18"><span class='ocrx_word' id='word_1_41' title='bbox 2195 468 2339 515; x_wconf 83' lang='grc' dir='ltr'>των;</span> <span class='ocrx_word' id='word_1_42' title='bbox 2372 451 2432 503; x_wconf 79' lang='lat' dir='ltr'><strong>Et</strong></span> <span class='ocrx_word' id='word_1_43' title='bbox 2459 449 2514 502; x_wconf 83' lang='grc' dir='ltr'>δὲ</span> <span class='ocrx_word' id='word_1_44' title='bbox 2544 450 2635 503; x_wconf 74' lang='grc' dir='ltr'>καὶ</span> <span class='ocrx_word' id='word_1_45' title='bbox 2666 450 2863 521; x_wconf 77' lang='grc' dir='ltr'>ἑαυτὴν</span> <span class='ocrx_word' id='word_1_46' title='bbox 2887 450 3095 518; x_wconf 75' lang='grc' dir='ltr'>ἐγέννα,</span> <span class='ocrx_word' id='word_1_47' title='bbox 3134 450 3229 503; x_wconf 75' lang='grc' dir='ltr'>καὶ</span> <span class='ocrx_word' id='word_1_48' title='bbox 3267 444 3403 504; x_wconf 83' lang='grc' dir='ltr'>εἶναι</span> <span class='ocrx_word' id='word_1_49' title='bbox 3426 450 3645 520; x_wconf 66' lang='grc' dir='ltr'>ἤρχετοθ</span> <span class='ocrx_word' id='word_1_50' title='bbox 3670 453 3767 522; x_wconf 73' lang='grc' dir='ltr'><strong>ἀρ-</strong></span> 
     </span>
    </p>
   </div>
   <div class='ocr_carea' id='block_1_10' title="bbox 2198 536 3767 612">
    <p class='ocr_par' dir='ltr' id='par_1_10' title="bbox 2198 536 3767 612">
     <span class='ocr_line' id='line_1_10' title="bbox 2198 536 3767 612; baseline 0.001 -18"><span class='ocrx_word' id='word_1_51' title='bbox 2198 541 2401 612; x_wconf 83' lang='grc' dir='ltr'>χομένη</span> <span class='ocrx_word' id='word_1_52' title='bbox 2442 540 2499 593; x_wconf 78' lang='grc' dir='ltr'>δὲ</span> <span class='ocrx_word' id='word_1_53' title='bbox 2537 539 2630 594; x_wconf 73' lang='grc' dir='ltr'>τοῦ</span> <span class='ocrx_word' id='word_1_54' title='bbox 2658 536 2818 606; x_wconf 81' lang='grc' dir='ltr'>εἶναι,</span> <span class='ocrx_word' id='word_1_55' title='bbox 2845 542 2939 594; x_wconf 77' lang='grc' dir='ltr'>καὶ</span> <span class='ocrx_word' id='word_1_56' title='bbox 2964 540 3195 612; x_wconf 77' lang='grc' dir='ltr'>γεννητὴ</span> <span class='ocrx_word' id='word_1_57' title='bbox 3226 537 3313 612; x_wconf 72' lang='grc' dir='ltr'><strong>ἦν*</strong></span> <span class='ocrx_word' id='word_1_58' title='bbox 3356 541 3474 605; x_wconf 84' lang='grc' dir='ltr'><strong>πῶς</strong></span> <span class='ocrx_word' id='word_1_59' title='bbox 3507 541 3590 594; x_wconf 80' lang='grc' dir='ltr'>ἔτι</span> <span class='ocrx_word' id='word_1_60' title='bbox 3639 543 3767 611; x_wconf 67' lang='grc' dir='ltr'><strong>ἁγι-</strong></span> 
     </span>
    </p>
   </div>
   <div class='ocr_carea' id='block_1_11' title="bbox 2202 649 2811 703">
    <p class='ocr_par' dir='ltr' id='par_1_11' title="bbox 2202 649 2811 703">
     <span class='ocr_line' id='line_1_11' title="bbox 2202 649 2811 703; baseline -0.002 -18"><span class='ocrx_word' id='word_1_61' title='bbox 2202 649 2361 703; x_wconf 88' lang='grc' dir='ltr'>νητος</span> <span class='ocrx_word' id='word_1_62' title='bbox 2382 649 2395 696; x_wconf 90' lang='lat'><strong>;</strong></span> <span class='ocrx_word' id='word_1_63' title='bbox 2800 664 2811 675; x_wconf 84' lang='lat'><strong>-</strong></span> 
     </span>
    </p>
   </div>
   <div class='ocr_carea' id='block_1_12' title="bbox 536 712 3766 809">
    <p class='ocr_par' dir='ltr' id='par_1_12' title="bbox 536 712 3766 809">
     <span class='ocr_line' id='line_1_12' title="bbox 536 712 3766 809; baseline -0.004 -10"><span class='ocrx_word' id='word_1_64' title='bbox 536 744 916 799; x_wconf 89' lang='lat' dir='ltr'><strong>intereuudum</strong></span> <span class='ocrx_word' id='word_1_65' title='bbox 936 743 960 795; x_wconf 84' lang='lat'><strong>?</strong></span> <span class='ocrx_word' id='word_1_66' title='bbox 983 741 1039 795; x_wconf 88' lang='lat' dir='ltr'><strong>Si</strong></span> <span class='ocrx_word' id='word_1_67' title='bbox 1067 748 1248 795; x_wconf 90' lang='lat' dir='ltr'><strong>autem</strong></span> <span class='ocrx_word' id='word_1_68' title='bbox 1279 740 1514 809; x_wconf 77' lang='lat' dir='ltr'><strong>seipsam</strong></span> <span class='ocrx_word' id='word_1_69' title='bbox 1545 734 1861 807; x_wconf 74' lang='lat' dir='ltr'><strong>generabat,</strong></span> <span class='ocrx_word' id='word_1_70' title='bbox 1888 743 1943 787; x_wconf 90' lang='lat' dir='ltr'><strong>et</strong></span> <span class='ocrx_word' id='word_1_71' title='bbox 1965 744 2087 785; x_wconf 88' lang='lat' dir='ltr'><strong>esse</strong></span> <span class='ocrx_word' id='word_1_72' title='bbox 2125 730 2436 799; x_wconf 76' lang='lat' dir='ltr'><strong>incipiebat,</strong></span> <span class='ocrx_word' id='word_1_73' title='bbox 2469 737 2525 784; x_wconf 93' lang='lat' dir='ltr'><strong>et</strong></span> <span class='ocrx_word' id='word_1_74' title='bbox 2556 728 2824 799; x_wconf 87' lang='lat' dir='ltr'><strong>incipiens</strong></span> <span class='ocrx_word' id='word_1_75' title='bbox 2861 745 3002 795; x_wconf 90' lang='lat' dir='ltr'><strong>esse,</strong></span> <span class='ocrx_word' id='word_1_76' title='bbox 3062 731 3392 801; x_wconf 78' lang='lat' dir='ltr'><strong>generabilis</strong></span> <span class='ocrx_word' id='word_1_77' title='bbox 3420 712 3563 798; x_wconf 83' lang='lat' dir='ltr'><strong>erat,</strong></span> <span class='ocrx_word' id='word_1_78' title='bbox 3625 747 3766 803; x_wconf 86' lang='lat' dir='ltr'><strong>quo-</strong></span> 
     </span>
    </p>
   </div>
   <div class='ocr_carea' id='block_1_13' title="bbox 535 834 1150 905">
    <p class='ocr_par' dir='ltr' id='par_1_13' title="bbox 535 834 1150 905">
     <span class='ocr_line' id='line_1_13' title="bbox 535 834 1150 905; baseline -0.008 -13"><span class='ocrx_word' id='word_1_79' title='bbox 535 836 697 891; x_wconf 89' lang='lat' dir='ltr'><strong>modo</strong></span> <span class='ocrx_word' id='word_1_80' title='bbox 726 843 843 891; x_wconf 89' lang='lat' dir='ltr'><strong>erat</strong></span> <span class='ocrx_word' id='word_1_81' title='bbox 876 834 1150 905; x_wconf 75' lang='lat' dir='ltr'><strong>ingenita?</strong></span> 
     </span>
    </p>
   </div>
   <div class='ocr_carea' id='block_1_14' title="bbox 1487 939 2801 1016">
    <p class='ocr_par' dir='ltr' id='par_1_14' title="bbox 1487 939 2801 1016">
     <span class='ocr_line' id='line_1_14' title="bbox 1487 939 2801 1016; baseline -0.007 -11"><span class='ocrx_word' id='word_1_82' title='bbox 1487 950 1615 1006; x_wconf 75' lang='lat' dir='ltr'><strong>CAP.</strong></span> <span class='ocrx_word' id='word_1_83' title='bbox 1659 945 1869 1002; x_wconf 76' lang='lat' dir='ltr'><strong>XXXV.</strong></span> <span class='ocrx_word' id='word_1_84' title='bbox 1905 943 2201 1016; x_wconf 84' lang='lat' dir='ltr'><strong>Ingenitum</strong></span> <span class='ocrx_word' id='word_1_85' title='bbox 2239 939 2457 994; x_wconf 74' lang='lat' dir='ltr'><strong>dissolvi</strong></span> <span class='ocrx_word' id='word_1_86' title='bbox 2485 956 2587 993; x_wconf 86' lang='lat' dir='ltr'><strong>non</strong></span> <span class='ocrx_word' id='word_1_87' title='bbox 2614 949 2801 1011; x_wconf 80' lang='lat' dir='ltr'><strong>potest.</strong></span> 
     </span>
    </p>
   </div>
   <div class='ocr_carea' id='block_1_15' title="bbox 602 1060 2086 1133">
    <p class='ocr_par' dir='ltr' id='par_1_15' title="bbox 602 1060 2086 1133">
     <span class='ocr_line' id='line_1_15' title="bbox 602 1060 2086 1133; baseline -0.005 -11"><span class='ocrx_word' id='word_1_88' title='bbox 602 1066 965 1133; x_wconf 84' lang='lat' dir='ltr'><strong>Quamobrem</strong></span> <span class='ocrx_word' id='word_1_89' title='bbox 1000 1084 1108 1123; x_wconf 90' lang='lat' dir='ltr'><strong>non</strong></span> <span class='ocrx_word' id='word_1_90' title='bbox 1145 1067 1214 1123; x_wconf 88' lang='lat' dir='ltr'><strong>ab</strong></span> <span class='ocrx_word' id='word_1_91' title='bbox 1247 1068 1354 1121; x_wconf 91' lang='lat' dir='ltr'><strong>alio</strong></span> <span class='ocrx_word' id='word_1_92' title='bbox 1383 1066 1620 1121; x_wconf 89' lang='lat' dir='ltr'><strong>absurda</strong></span> <span class='ocrx_word' id='word_1_93' title='bbox 1660 1080 1848 1121; x_wconf 91' lang='lat' dir='ltr'><strong>eorum</strong></span> <span class='ocrx_word' id='word_1_94' title='bbox 1877 1060 2086 1133; x_wconf 82' lang='lat' dir='ltr'><strong>Opinio,</strong></span> 
     </span>
    </p>
   </div>
   <div class='ocr_carea' id='block_1_16' title="bbox 534 1153 2090 1229">
    <p class='ocr_par' dir='ltr' id='par_1_16' title="bbox 534 1153 2090 1229">
     <span class='ocr_line' id='line_1_16' title="bbox 534 1153 2090 1229; baseline -0.006 -15"><span class='ocrx_word' id='word_1_95' title='bbox 534 1160 629 1215; x_wconf 87' lang='lat' dir='ltr'><strong>sed</strong></span> <span class='ocrx_word' id='word_1_96' title='bbox 660 1159 729 1214; x_wconf 85' lang='lat' dir='ltr'><strong>ab</strong></span> <span class='ocrx_word' id='word_1_97' title='bbox 753 1175 942 1216; x_wconf 89' lang='lat' dir='ltr'><strong>eorum</strong></span> <span class='ocrx_word' id='word_1_98' title='bbox 974 1160 1137 1229; x_wconf 81' lang='lat' dir='ltr'><strong>nugis</strong></span> <span class='ocrx_word' id='word_1_99' title='bbox 1168 1159 1539 1228; x_wconf 79' lang='lat' dir='ltr'><strong>redarguenda</strong></span> <span class='ocrx_word' id='word_1_100' title='bbox 1573 1166 1657 1213; x_wconf 87' lang='lat' dir='ltr'><strong>est</strong></span> <span class='ocrx_word' id='word_1_101' title='bbox 1685 1175 1700 1224; x_wconf 91' lang='lat'><strong>;</strong></span> <span class='ocrx_word' id='word_1_102' title='bbox 1736 1156 1905 1210; x_wconf 86' lang='lat' dir='ltr'><strong>multa</strong></span> <span class='ocrx_word' id='word_1_103' title='bbox 1946 1153 2090 1208; x_wconf 92' lang='lat' dir='ltr'><strong>enim</strong></span> 
     </span>
    </p>
   </div>
   <div class='ocr_carea' id='block_1_17' title="bbox 533 1245 2089 1322">
    <p class='ocr_par' dir='ltr' id='par_1_17' title="bbox 533 1245 2089 1322">
     <span class='ocr_line' id='line_1_17' title="bbox 533 1245 2089 1322; baseline -0.006 -17"><span class='ocrx_word' id='word_1_104' title='bbox 533 1251 725 1305; x_wconf 91' lang='lat' dir='ltr'><strong>dicunt</strong></span> <span class='ocrx_word' id='word_1_105' title='bbox 779 1267 963 1307; x_wconf 86' lang='lat' dir='ltr'><strong>secum</strong></span> <span class='ocrx_word' id='word_1_106' title='bbox 1016 1258 1341 1322; x_wconf 80' lang='lat' dir='ltr'><strong>pugnantes,</strong></span> <span class='ocrx_word' id='word_1_107' title='bbox 1394 1265 1497 1305; x_wconf 90' lang='lat' dir='ltr'><strong>nec</strong></span> <span class='ocrx_word' id='word_1_108' title='bbox 1547 1256 1867 1319; x_wconf 77' lang='lat' dir='ltr'><strong>exspectant</strong></span> <span class='ocrx_word' id='word_1_109' title='bbox 1925 1245 2089 1299; x_wconf 78' lang='lat' dir='ltr'><strong>faciat</strong></span> 
     </span>
    </p>
   </div>
   <div class='ocr_carea' id='block_1_18' title="bbox 534 1336 2091 1411">
    <p class='ocr_par' dir='ltr' id='par_1_18' title="bbox 534 1336 2091 1411">
     <span class='ocr_line' id='line_1_18' title="bbox 534 1336 2091 1411; baseline -0.006 -14"><span class='ocrx_word' id='word_1_110' title='bbox 534 1342 676 1398; x_wconf 86' lang='lat' dir='ltr'><strong>alius</strong></span> <span class='ocrx_word' id='word_1_111' title='bbox 704 1352 762 1398; x_wconf 92' lang='lat' dir='ltr'><strong>ut</strong></span> <span class='ocrx_word' id='word_1_112' title='bbox 791 1343 1137 1406; x_wconf 87' lang='lat' dir='ltr'><strong>erubescant,</strong></span> <span class='ocrx_word' id='word_1_113' title='bbox 1173 1341 1269 1396; x_wconf 89' lang='lat' dir='ltr'><strong>sed</strong></span> <span class='ocrx_word' id='word_1_114' title='bbox 1318 1340 1420 1411; x_wconf 86' lang='lat' dir='ltr'><strong>ipsi</strong></span> <span class='ocrx_word' id='word_1_115' title='bbox 1458 1340 1560 1394; x_wconf 92' lang='lat' dir='ltr'><strong>hoc</strong></span> <span class='ocrx_word' id='word_1_116' title='bbox 1584 1340 1706 1393; x_wconf 89' lang='lat' dir='ltr'><strong>aliis</strong></span> <span class='ocrx_word' id='word_1_117' title='bbox 1739 1336 1997 1400; x_wconf 90' lang='lat' dir='ltr'><strong>invident,</strong></span> <span class='ocrx_word' id='word_1_118' title='bbox 2038 1341 2091 1389; x_wconf 83' lang='lat' dir='ltr'><strong>et</strong></span> 
     </span>
    </p>
   </div>
   <div class='ocr_carea' id='block_1_19' title="bbox 534 1427 2091 1505">
    <p class='ocr_par' dir='ltr' id='par_1_19' title="bbox 534 1427 2091 1505">
     <span class='ocr_line' id='line_1_19' title="bbox 534 1427 2091 1505; baseline -0.006 -17"><span class='ocrx_word' id='word_1_119' title='bbox 534 1434 639 1505; x_wconf 84' lang='lat' dir='ltr'><strong>ipsi</strong></span> <span class='ocrx_word' id='word_1_120' title='bbox 678 1448 737 1488; x_wconf 90' lang='lat' dir='ltr'><strong>se</strong></span> <span class='ocrx_word' id='word_1_121' title='bbox 777 1433 1126 1487; x_wconf 83' lang='lat' dir='ltr'><strong>erubescunt.</strong></span> <span class='ocrx_word' id='word_1_122' title='bbox 1167 1430 1324 1497; x_wconf 83' lang='lat' dir='ltr'><strong>Quod</strong></span> <span class='ocrx_word' id='word_1_123' title='bbox 1353 1431 1496 1485; x_wconf 90' lang='lat' dir='ltr'><strong>enim</strong></span> <span class='ocrx_word' id='word_1_124' title='bbox 1545 1427 1771 1483; x_wconf 88' lang='lat' dir='ltr'><strong>dissolvi</strong></span> <span class='ocrx_word' id='word_1_125' title='bbox 1808 1432 2006 1496; x_wconf 80' lang='lat' dir='ltr'><strong>potest,</strong></span> <span class='ocrx_word' id='word_1_126' title='bbox 2037 1430 2091 1479; x_wconf 89' lang='lat' dir='ltr'><strong>et</strong></span> 
     </span>
    </p>
   </div>
   <div class='ocr_carea' id='block_1_20' title="bbox 532 1518 2092 1594">
    <p class='ocr_par' dir='ltr' id='par_1_20' title="bbox 532 1518 2092 1594">
     <span class='ocr_line' id='line_1_20' title="bbox 532 1518 2092 1594; baseline -0.006 -14"><span class='ocrx_word' id='word_1_127' title='bbox 532 1524 851 1581; x_wconf 84' lang='lat' dir='ltr'><strong>dissolvitur</strong></span> <span class='ocrx_word' id='word_1_128' title='bbox 877 1532 932 1577; x_wconf 91' lang='lat' dir='ltr'><strong>et</strong></span> <span class='ocrx_word' id='word_1_129' title='bbox 968 1530 1146 1594; x_wconf 87' lang='lat' dir='ltr'><strong>potest</strong></span> <span class='ocrx_word' id='word_1_130' title='bbox 1167 1522 1411 1584; x_wconf 87' lang='lat' dir='ltr'><strong>interire,</strong></span> <span class='ocrx_word' id='word_1_131' title='bbox 1448 1520 1721 1591; x_wconf 91' lang='lat' dir='ltr'><strong>quomodo</strong></span> <span class='ocrx_word' id='word_1_132' title='bbox 1754 1518 1916 1573; x_wconf 79' lang='lat' dir='ltr'><strong>fuerit</strong></span> <span class='ocrx_word' id='word_1_133' title='bbox 1942 1518 2092 1585; x_wconf 80' lang='lat' dir='ltr'><strong>inge-</strong></span> 
     </span>
    </p>
   </div>
   <div class='ocr_carea' id='block_1_21' title="bbox 532 1610 2091 1685">
    <p class='ocr_par' dir='ltr' id='par_1_21' title="bbox 532 1610 2091 1685">
     <span class='ocr_line' id='line_1_21' title="bbox 532 1610 2091 1685; baseline -0.006 -14"><span class='ocrx_word' id='word_1_134' title='bbox 532 1617 746 1672; x_wconf 84' lang='lat' dir='ltr'><strong>nilum?</strong></span> <span class='ocrx_word' id='word_1_135' title='bbox 787 1615 1059 1685; x_wconf 88' lang='lat' dir='ltr'><strong>quomodo</strong></span> <span class='ocrx_word' id='word_1_136' title='bbox 1104 1629 1134 1667; x_wconf 89' lang='lat' dir='ltr'><strong>a</strong></span> <span class='ocrx_word' id='word_1_137' title='bbox 1191 1629 1250 1668; x_wconf 88' lang='lat' dir='ltr'><strong>se</strong></span> <span class='ocrx_word' id='word_1_138' title='bbox 1304 1612 1618 1667; x_wconf 77' lang='lat' dir='ltr'><strong>exstiterit?</strong></span> <span class='ocrx_word' id='word_1_139' title='bbox 1661 1610 1933 1680; x_wconf 83' lang='lat' dir='ltr'><strong>quomodo</strong></span> <span class='ocrx_word' id='word_1_140' title='bbox 1983 1625 2091 1663; x_wconf 88' lang='lat' dir='ltr'><strong>non</strong></span> 
     </span>
    </p>
   </div>
   <div class='ocr_carea' id='block_1_22' title="bbox 2264 1056 3765 1137">
    <p class='ocr_par' dir='ltr' id='par_1_22' title="bbox 2264 1056 3765 1137">
     <span class='ocr_line' id='line_1_22' title="bbox 2264 1056 3765 1137; baseline 0.01 -28"><span class='ocrx_word' id='word_1_141' title='bbox 2264 1056 2354 1110; x_wconf 85' lang='grc' dir='ltr'>Διδ</span> <span class='ocrx_word' id='word_1_142' title='bbox 2378 1059 2558 1112; x_wconf 77' lang='grc' dir='ltr'>οὐκέτι</span> <span class='ocrx_word' id='word_1_143' title='bbox 2590 1062 2719 1132; x_wconf 77' lang='grc' dir='ltr'>παρ’</span> <span class='ocrx_word' id='word_1_144' title='bbox 2746 1061 2930 1133; x_wconf 78' lang='grc' dir='ltr'>ἐτέρου</span> <span class='ocrx_word' id='word_1_145' title='bbox 2953 1063 3043 1115; x_wconf 77' lang='grc' dir='ltr'>τὸν</span> <span class='ocrx_word' id='word_1_146' title='bbox 3070 1063 3284 1136; x_wconf 76' lang='grc' dir='ltr'>ἔλεγχον</span> <span class='ocrx_word' id='word_1_147' title='bbox 3310 1066 3408 1137; x_wconf 77' lang='grc' dir='ltr'><strong>τῆς</strong></span> <span class='ocrx_word' id='word_1_148' title='bbox 3440 1068 3645 1122; x_wconf 84' lang='grc' dir='ltr'>ἀτόπου</span> <span class='ocrx_word' id='word_1_149' title='bbox 3678 1069 3765 1124; x_wconf 85' lang='grc' dir='ltr'>δό-</span> 
     </span>
    </p>
   </div>
   <div class='ocr_carea' id='block_1_23' title="bbox 2197 1148 3759 1234">
    <p class='ocr_par' dir='ltr' id='par_1_23' title="bbox 2197 1148 3759 1234">
     <span class='ocr_line' id='line_1_23' title="bbox 2197 1148 3759 1234; baseline 0.01 -34"><span class='ocrx_word' id='word_1_150' title='bbox 2197 1148 2293 1221; x_wconf 81' lang='grc' dir='ltr'>ξης</span> <span class='ocrx_word' id='word_1_151' title='bbox 2316 1151 2491 1205; x_wconf 78' lang='grc' dir='ltr'>αὐτῶν</span> <span class='ocrx_word' id='word_1_152' title='bbox 2522 1152 2797 1223; x_wconf 67' lang='grc' dir='ltr'>λήψονται,</span> <span class='ocrx_word' id='word_1_153' title='bbox 2827 1155 2939 1208; x_wconf 82' lang='grc' dir='ltr'>ἀλλ’</span> <span class='ocrx_word' id='word_1_154' title='bbox 2968 1158 3074 1210; x_wconf 77' lang='grc' dir='ltr'><strong>ἀπὸ</strong></span> <span class='ocrx_word' id='word_1_155' title='bbox 3110 1158 3211 1228; x_wconf 77' lang='grc' dir='ltr'>τῆς</span> <span class='ocrx_word' id='word_1_156' title='bbox 3240 1160 3442 1222; x_wconf 84' lang='grc' dir='ltr'>οίκείας</span> <span class='ocrx_word' id='word_1_157' title='bbox 3471 1160 3759 1234; x_wconf 72' lang='grc' dir='ltr'>φλυαρίας·</span> 
     </span>
    </p>
   </div>
   <div class='ocr_carea' id='block_1_24' title="bbox 2196 1238 3765 1321">
    <p class='ocr_par' dir='ltr' id='par_1_24' title="bbox 2196 1238 3765 1321">
     <span class='ocr_line' id='line_1_24' title="bbox 2196 1238 3765 1321; baseline 0.009 -30"><span class='ocrx_word' id='word_1_158' title='bbox 2196 1238 2362 1292; x_wconf 83' lang='grc' dir='ltr'>πολλὰ</span> <span class='ocrx_word' id='word_1_159' title='bbox 2385 1241 2492 1313; x_wconf 76' lang='grc' dir='ltr'><strong>γὰρ</strong></span> <span class='ocrx_word' id='word_1_160' title='bbox 2526 1243 2904 1314; x_wconf 80' lang='grc' dir='ltr'>φθεγγόμενοι,</span> <span class='ocrx_word' id='word_1_161' title='bbox 2937 1248 3146 1311; x_wconf 77' lang='grc' dir='ltr'>ἑαυτοῖς</span> <span class='ocrx_word' id='word_1_162' title='bbox 3180 1250 3471 1321; x_wconf 86' lang='grc' dir='ltr'>μαχόμενοι</span> <span class='ocrx_word' id='word_1_163' title='bbox 3495 1250 3765 1319; x_wconf 73' lang='grc' dir='ltr'>φθέγγον-</span> 
     </span>
    </p>
   </div>
   <div class='ocr_carea' id='block_1_25' title="bbox 2192 1334 3762 1415">
    <p class='ocr_par' dir='ltr' id='par_1_25' title="bbox 2192 1334 3762 1415">
     <span class='ocr_line' id='line_1_25' title="bbox 2192 1334 3762 1415; baseline 0.01 -33"><span class='ocrx_word' id='word_1_164' title='bbox 2192 1347 2303 1383; x_wconf 86' lang='grc' dir='ltr'>ται·</span> <span class='ocrx_word' id='word_1_165' title='bbox 2342 1334 2436 1385; x_wconf 77' lang='grc' dir='ltr'>καὶ</span> <span class='ocrx_word' id='word_1_166' title='bbox 2479 1334 2661 1389; x_wconf 79' lang='grc' dir='ltr'>οὐκέτι</span> <span class='ocrx_word' id='word_1_167' title='bbox 2711 1336 3063 1408; x_wconf 75' lang='grc' dir='ltr'><strong>ἀναμένουσιν</strong></span> <span class='ocrx_word' id='word_1_168' title='bbox 3110 1341 3200 1409; x_wconf 78' lang='grc' dir='ltr'><strong>ὑφ’</strong></span> <span class='ocrx_word' id='word_1_169' title='bbox 3246 1342 3432 1412; x_wconf 79' lang='grc' dir='ltr'>ἑτέρου</span> <span class='ocrx_word' id='word_1_170' title='bbox 3476 1344 3762 1415; x_wconf 76' lang='grc' dir='ltr'>ἑρυθριᾷν,</span> 
     </span>
    </p>
   </div>
   <div class='ocr_carea' id='block_1_26' title="bbox 2195 1423 3763 1505">
    <p class='ocr_par' dir='ltr' id='par_1_26' title="bbox 2195 1423 3763 1505">
     <span class='ocr_line' id='line_1_26' title="bbox 2195 1423 3763 1505; baseline 0.009 -29"><span class='ocrx_word' id='word_1_171' title='bbox 2195 1423 2326 1478; x_wconf 74' lang='grc' dir='ltr'>ἀλλὰ</span> <span class='ocrx_word' id='word_1_172' title='bbox 2352 1425 2717 1498; x_wconf 79' lang='grc' dir='ltr'>φλυαροῦντες</span> <span class='ocrx_word' id='word_1_173' title='bbox 2753 1429 2909 1482; x_wconf 77' lang='grc' dir='ltr'>τοῦτο</span> <span class='ocrx_word' id='word_1_174' title='bbox 2934 1432 3041 1485; x_wconf 78' lang='grc' dir='ltr'><strong>ἀπὸ</strong></span> <span class='ocrx_word' id='word_1_175' title='bbox 3067 1433 3166 1502; x_wconf 81' lang='grc' dir='ltr'><strong>τῆς</strong></span> <span class='ocrx_word' id='word_1_176' title='bbox 3194 1434 3396 1497; x_wconf 78' lang='grc' dir='ltr'>οἰκείας</span> <span class='ocrx_word' id='word_1_177' title='bbox 3430 1439 3763 1505; x_wconf 77' lang='grc' dir='ltr'>προπετείας</span> 
     </span>
    </p>
   </div>
   <div class='ocr_carea' id='block_1_27' title="bbox 2190 1515 3764 1593">
    <p class='ocr_par' dir='ltr' id='par_1_27' title="bbox 2190 1515 3764 1593">
     <span class='ocr_line' id='line_1_27' title="bbox 2190 1515 3764 1593; baseline 0.01 -25"><span class='ocrx_word' id='word_1_178' title='bbox 2190 1515 2475 1586; x_wconf 85' lang='grc' dir='ltr'>πάσχουσι.</span> <span class='ocrx_word' id='word_1_179' title='bbox 2509 1517 2582 1572; x_wconf 84' lang='grc' dir='ltr'><strong>Τὸ</strong></span> <span class='ocrx_word' id='word_1_180' title='bbox 2606 1520 2715 1593; x_wconf 77' lang='grc' dir='ltr'><strong>γὰρ</strong></span> <span class='ocrx_word' id='word_1_181' title='bbox 2743 1521 3033 1592; x_wconf 80' lang='grc' dir='ltr'>δυνάμενον</span> <span class='ocrx_word' id='word_1_182' title='bbox 3061 1522 3299 1589; x_wconf 80' lang='grc' dir='ltr'>λύεσθαι,</span> <span class='ocrx_word' id='word_1_183' title='bbox 3331 1527 3424 1579; x_wconf 73' lang='grc' dir='ltr'>καὶ</span> <span class='ocrx_word' id='word_1_184' title='bbox 3454 1528 3608 1581; x_wconf 77' lang='grc' dir='ltr'>λύσιν</span> <span class='ocrx_word' id='word_1_185' title='bbox 3639 1532 3764 1583; x_wconf 82' lang='grc' dir='ltr'>ἐπι-</span> 
     </span>
    </p>
   </div>
   <div class='ocr_carea' id='block_1_28' title="bbox 2187 1606 3762 1693">
    <p class='ocr_par' dir='ltr' id='par_1_28' title="bbox 2187 1606 3762 1693">
     <span class='ocr_line' id='line_1_28' title="bbox 2187 1606 3762 1693; baseline 0.011 -34"><span class='ocrx_word' id='word_1_186' title='bbox 2187 1606 2488 1678; x_wconf 79' lang='grc' dir='ltr'>δεχόμενον,</span> <span class='ocrx_word' id='word_1_187' title='bbox 2513 1612 2606 1664; x_wconf 75' lang='grc' dir='ltr'>καὶ</span> <span class='ocrx_word' id='word_1_188' title='bbox 2637 1611 2925 1683; x_wconf 81' lang='grc' dir='ltr'>δυνάμενον</span> <span class='ocrx_word' id='word_1_189' title='bbox 2957 1613 3382 1687; x_wconf 71' lang='grc' dir='ltr'>διαφθείρεσθαι,</span> <span class='ocrx_word' id='word_1_190' title='bbox 3425 1620 3545 1684; x_wconf 84' lang='grc' dir='ltr'><strong>πῶς</strong></span> <span class='ocrx_word' id='word_1_191' title='bbox 3580 1621 3647 1674; x_wconf 75' lang='grc' dir='ltr'>ἂν</span> <span class='ocrx_word' id='word_1_192' title='bbox 3673 1623 3762 1693; x_wconf 80' lang='grc' dir='ltr'><strong>είη</strong></span> 
     </span>
    </p>
   </div>
   <div class='ocr_carea' id='block_1_29' title="bbox 531 1700 2086 1785">
    <p class='ocr_par' dir='ltr' id='par_1_29' title="bbox 531 1703 2086 1778">
     <span class='ocr_line' id='line_1_29' title="bbox 531 1703 2086 1778; baseline -0.005 -15"><span class='ocrx_word' id='word_1_193' title='bbox 531 1710 599 1765; x_wconf 86' lang='lat' dir='ltr'><strong>ab</strong></span> <span class='ocrx_word' id='word_1_194' title='bbox 645 1709 752 1765; x_wconf 91' lang='lat' dir='ltr'><strong>alio</strong></span> <span class='ocrx_word' id='word_1_195' title='bbox 801 1709 1065 1778; x_wconf 77' lang='lat' dir='ltr'><strong>originem</strong></span> <span class='ocrx_word' id='word_1_196' title='bbox 1112 1706 1367 1761; x_wconf 77' lang='lat' dir='ltr'><strong>duxerit?</strong></span> <span class='ocrx_word' id='word_1_197' title='bbox 1415 1721 1539 1759; x_wconf 89' lang='lat' dir='ltr'><strong>cum</strong></span> <span class='ocrx_word' id='word_1_198' title='bbox 1585 1706 1685 1760; x_wconf 87' lang='lat' dir='ltr'><strong>hoc</strong></span> <span class='ocrx_word' id='word_1_199' title='bbox 1729 1704 1946 1774; x_wconf 89' lang='lat' dir='ltr'><strong>quidem</strong></span> <span class='ocrx_word' id='word_1_200' title='bbox 1986 1703 2086 1756; x_wconf 90' lang='lat' dir='ltr'><strong>tale</strong></span> 
     </span>
    </p>
   </div>
   <div class='ocr_carea' id='block_1_30' title="bbox 2186 1700 3762 1785">
    <p class='ocr_par' dir='ltr' id='par_1_30' title="bbox 2186 1700 3762 1785">
     <span class='ocr_line' id='line_1_30' title="bbox 2186 1700 3762 1785; baseline 0.011 -33"><span class='ocrx_word' id='word_1_201' title='bbox 2186 1700 2515 1773; x_wconf 75' lang='grc' dir='ltr'>’ἀγέννητονς</span> <span class='ocrx_word' id='word_1_202' title='bbox 2552 1703 2667 1768; x_wconf 86' lang='grc' dir='ltr'><strong>πῶς</strong></span> <span class='ocrx_word' id='word_1_203' title='bbox 2702 1704 2767 1759; x_wconf 80' lang='grc' dir='ltr'>ἂν</span> <span class='ocrx_word' id='word_1_204' title='bbox 2800 1706 2882 1777; x_wconf 78' lang='grc' dir='ltr'>εἴη</span> <span class='ocrx_word' id='word_1_205' title='bbox 2913 1708 3003 1777; x_wconf 80' lang='grc' dir='ltr'><strong>ἀφ’</strong></span> <span class='ocrx_word' id='word_1_206' title='bbox 3032 1710 3224 1763; x_wconf 77' lang='grc' dir='ltr'>ἑαυτοῦ</span> <span class='ocrx_word' id='word_1_207' title='bbox 3255 1710 3346 1777; x_wconf 77' lang='grc' dir='ltr'><strong>ϐνς</strong></span> <span class='ocrx_word' id='word_1_208' title='bbox 3384 1714 3503 1776; x_wconf 87' lang='grc' dir='ltr'><strong>πῶς</strong></span> <span class='ocrx_word' id='word_1_209' title='bbox 3535 1716 3638 1767; x_wconf 77' lang='grc' dir='ltr'>οὐκ</span> <span class='ocrx_word' id='word_1_210' title='bbox 3666 1717 3762 1785; x_wconf 50' lang='grc' dir='ltr'><strong>ἀρ’</strong></span> 
     </span>
    </p>
   </div>
   <div class='ocr_carea' id='block_1_31' title="bbox 531 1794 2088 1869">
    <p class='ocr_par' dir='ltr' id='par_1_31' title="bbox 531 1794 2088 1869">
     <span class='ocr_line' id='line_1_31' title="bbox 531 1794 2088 1869; baseline -0.008 -12"><span class='ocrx_word' id='word_1_211' title='bbox 531 1803 760 1857; x_wconf 89' lang='lat' dir='ltr'><strong>liberum</strong></span> <span class='ocrx_word' id='word_1_212' title='bbox 810 1800 881 1855; x_wconf 90' lang='lat' dir='ltr'><strong>sit</strong></span> <span class='ocrx_word' id='word_1_213' title='bbox 935 1800 1004 1855; x_wconf 92' lang='lat' dir='ltr'><strong>ab</strong></span> <span class='ocrx_word' id='word_1_214' title='bbox 1053 1799 1275 1853; x_wconf 89' lang='lat' dir='ltr'><strong>interitu</strong></span> <span class='ocrx_word' id='word_1_215' title='bbox 1321 1809 1373 1854; x_wconf 91' lang='lat' dir='ltr'><strong>et</strong></span> <span class='ocrx_word' id='word_1_216' title='bbox 1423 1797 1740 1869; x_wconf 88' lang='lat' dir='ltr'><strong>impatibile,</strong></span> <span class='ocrx_word' id='word_1_217' title='bbox 1781 1794 1912 1849; x_wconf 94' lang='lat' dir='ltr'><strong>illud</strong></span> <span class='ocrx_word' id='word_1_218' title='bbox 1959 1808 2088 1847; x_wconf 86' lang='lat' dir='ltr'><strong>vero</strong></span> 
     </span>
    </p>
   </div>
   <div class='ocr_carea' id='block_1_32' title="bbox 530 1884 2087 1964">
    <p class='ocr_par' dir='ltr' id='par_1_32' title="bbox 530 1884 2087 1964">
     <span class='ocr_line' id='line_1_32' title="bbox 530 1884 2087 1964; baseline -0.007 -16"><span class='ocrx_word' id='word_1_219' title='bbox 530 1894 648 1950; x_wconf 89' lang='lat' dir='ltr'><strong>tolli</strong></span> <span class='ocrx_word' id='word_1_220' title='bbox 683 1903 740 1949; x_wconf 92' lang='lat' dir='ltr'><strong>et</strong></span> <span class='ocrx_word' id='word_1_221' title='bbox 780 1892 958 1964; x_wconf 87' lang='lat' dir='ltr'><strong>perire</strong></span> <span class='ocrx_word' id='word_1_222' title='bbox 995 1892 1189 1962; x_wconf 84' lang='lat' dir='ltr'><strong>possit,</strong></span> <span class='ocrx_word' id='word_1_223' title='bbox 1236 1905 1360 1945; x_wconf 92' lang='lat' dir='ltr'><strong>cum</strong></span> <span class='ocrx_word' id='word_1_224' title='bbox 1412 1905 1520 1943; x_wconf 92' lang='lat' dir='ltr'><strong>non</strong></span> <span class='ocrx_word' id='word_1_225' title='bbox 1565 1890 1637 1943; x_wconf 88' lang='lat' dir='ltr'><strong>sit</strong></span> <span class='ocrx_word' id='word_1_226' title='bbox 1678 1903 1708 1942; x_wconf 92' lang='lat' dir='ltr'><strong>a</strong></span> <span class='ocrx_word' id='word_1_227' title='bbox 1751 1902 1828 1942; x_wconf 91' lang='lat' dir='ltr'><strong>se.</strong></span> <span class='ocrx_word' id='word_1_228' title='bbox 1881 1884 2087 1952; x_wconf 85' lang='lat' dir='ltr'><strong>Quodsi</strong></span> 
     </span>
    </p>
   </div>
   <div class='ocr_carea' id='block_1_33' title="bbox 531 1977 2087 2058">
    <p class='ocr_par' dir='ltr' id='par_1_33' title="bbox 531 1977 2087 2058">
     <span class='ocr_line' id='line_1_33' title="bbox 531 1977 2087 2058; baseline -0.004 -18"><span class='ocrx_word' id='word_1_229' title='bbox 531 1987 692 2058; x_wconf 85' lang='lat' dir='ltr'><strong>perit,</strong></span> <span class='ocrx_word' id='word_1_230' title='bbox 735 1992 794 2039; x_wconf 91' lang='lat' dir='ltr'><strong>ut</strong></span> <span class='ocrx_word' id='word_1_231' title='bbox 838 1984 1046 2047; x_wconf 88' lang='lat' dir='ltr'><strong>dicitis,</strong></span> <span class='ocrx_word' id='word_1_232' title='bbox 1079 1984 1183 2038; x_wconf 90' lang='lat' dir='ltr'><strong>hoc</strong></span> <span class='ocrx_word' id='word_1_233' title='bbox 1221 1983 1365 2037; x_wconf 88' lang='lat' dir='ltr'><strong>enim</strong></span> <span class='ocrx_word' id='word_1_234' title='bbox 1408 1981 1588 2036; x_wconf 86' lang='lat' dir='ltr'><strong>verbis</strong></span> <span class='ocrx_word' id='word_1_235' title='bbox 1621 1981 1817 2035; x_wconf 84' lang='lat' dir='ltr'><strong>vestris</strong></span> <span class='ocrx_word' id='word_1_236' title='bbox 1852 1977 2087 2034; x_wconf 84' lang='lat' dir='ltr'><strong>deﬁnitis</strong></span> 
     </span>
    </p>
   </div>
   <div class='ocr_carea' id='block_1_34' title="bbox 529 2073 2086 2142">
    <p class='ocr_par' dir='ltr' id='par_1_34' title="bbox 529 2073 2086 2142">
     <span class='ocr_line' id='line_1_34' title="bbox 529 2073 2086 2142; baseline -0.008 -8"><span class='ocrx_word' id='word_1_237' title='bbox 529 2094 596 2133; x_wconf 91' lang='lat' dir='ltr'><strong>ac</strong></span> <span class='ocrx_word' id='word_1_238' title='bbox 650 2077 968 2140; x_wconf 88' lang='lat' dir='ltr'><strong>decernitis,</strong></span> <span class='ocrx_word' id='word_1_239' title='bbox 1024 2076 1347 2131; x_wconf 82' lang='lat' dir='ltr'><strong>conﬁtentes</strong></span> <span class='ocrx_word' id='word_1_240' title='bbox 1400 2073 1702 2135; x_wconf 85' lang='lat' dir='ltr'><strong>absorberi,</strong></span> <span class='ocrx_word' id='word_1_241' title='bbox 1772 2082 1824 2126; x_wconf 90' lang='lat' dir='ltr'><strong>et</strong></span> <span class='ocrx_word' id='word_1_242' title='bbox 1873 2079 2086 2142; x_wconf 86' lang='lat' dir='ltr'><strong>captam</strong></span> 
     </span>
    </p>
   </div>
   <div class='ocr_carea' id='block_1_35' title="bbox 530 2161 2089 2243">
    <p class='ocr_par' dir='ltr' id='par_1_35' title="bbox 530 2161 2089 2243">
     <span class='ocr_line' id='line_1_35' title="bbox 530 2161 2089 2243; baseline -0.008 -18"><span class='ocrx_word' id='word_1_243' title='bbox 530 2180 696 2243; x_wconf 86' lang='lat' dir='ltr'><strong>atque</strong></span> <span class='ocrx_word' id='word_1_244' title='bbox 732 2170 1045 2240; x_wconf 87' lang='lat' dir='ltr'><strong>absorptam</strong></span> <span class='ocrx_word' id='word_1_245' title='bbox 1100 2168 1378 2224; x_wconf 89' lang='lat' dir='ltr'><strong>interitum</strong></span> <span class='ocrx_word' id='word_1_246' title='bbox 1410 2166 1623 2236; x_wconf 84' lang='lat' dir='ltr'><strong>cepisse</strong></span> <span class='ocrx_word' id='word_1_247' title='bbox 1654 2184 1670 2231; x_wconf 82' lang='lat'><strong>;</strong></span> <span class='ocrx_word' id='word_1_248' title='bbox 1708 2171 1886 2234; x_wconf 81' lang='lat' dir='ltr'><strong>potest</strong></span> <span class='ocrx_word' id='word_1_249' title='bbox 1925 2161 2089 2231; x_wconf 81' lang='lat' dir='ltr'><strong>igitur</strong></span> 
     </span>
    </p>
   </div>
   <div class='ocr_carea' id='block_1_36' title="bbox 527 2252 2087 2334">
    <p class='ocr_par' dir='ltr' id='par_1_36' title="bbox 527 2252 2087 2334">
     <span class='ocr_line' id='line_1_36' title="bbox 527 2252 2087 2334; baseline -0.009 -15"><span class='ocrx_word' id='word_1_250' title='bbox 527 2264 649 2334; x_wconf 85' lang='lat' dir='ltr'><strong>capi</strong></span> <span class='ocrx_word' id='word_1_251' title='bbox 677 2270 731 2318; x_wconf 87' lang='lat' dir='ltr'><strong>et</strong></span> <span class='ocrx_word' id='word_1_252' title='bbox 763 2263 1010 2325; x_wconf 82' lang='lat' dir='ltr'><strong>dissolvi,</strong></span> <span class='ocrx_word' id='word_1_253' title='bbox 1054 2269 1109 2316; x_wconf 87' lang='lat' dir='ltr'><strong>et</strong></span> <span class='ocrx_word' id='word_1_254' title='bbox 1150 2261 1417 2316; x_wconf 87' lang='lat' dir='ltr'><strong>dissoluta</strong></span> <span class='ocrx_word' id='word_1_255' title='bbox 1462 2271 1622 2327; x_wconf 89' lang='lat' dir='ltr'><strong>atque</strong></span> <span class='ocrx_word' id='word_1_256' title='bbox 1656 2263 1814 2326; x_wconf 89' lang='lat' dir='ltr'><strong>capta</strong></span> <span class='ocrx_word' id='word_1_257' title='bbox 1846 2270 1950 2308; x_wconf 91' lang='lat' dir='ltr'><strong>non</strong></span> <span class='ocrx_word' id='word_1_258' title='bbox 1975 2252 2087 2322; x_wconf 85' lang='lat' dir='ltr'><strong>jam</strong></span> 
     </span>
    </p>
   </div>
   <div class='ocr_carea' id='block_1_37' title="bbox 528 2349 2086 2426">
    <p class='ocr_par' dir='ltr' id='par_1_37' title="bbox 528 2349 2086 2426">
     <span class='ocr_line' id='line_1_37' title="bbox 528 2349 2086 2426; baseline -0.009 -14"><span class='ocrx_word' id='word_1_259' title='bbox 528 2357 854 2413; x_wconf 85' lang='lat' dir='ltr'><strong>sustentabit</strong></span> <span class='ocrx_word' id='word_1_260' title='bbox 888 2371 974 2419; x_wconf 89' lang='lat' dir='ltr'><strong>ea,</strong></span> <span class='ocrx_word' id='word_1_261' title='bbox 1019 2370 1140 2426; x_wconf 76' lang='lat' dir='ltr'><strong>qua:</strong></span> <span class='ocrx_word' id='word_1_262' title='bbox 1175 2362 1303 2409; x_wconf 92' lang='lat' dir='ltr'><strong>sunt</strong></span> <span class='ocrx_word' id='word_1_263' title='bbox 1346 2368 1453 2406; x_wconf 92' lang='lat' dir='ltr'><strong>non</strong></span> <span class='ocrx_word' id='word_1_264' title='bbox 1494 2349 1884 2406; x_wconf 85' lang='lat' dir='ltr'><strong>intereuntium</strong></span> <span class='ocrx_word' id='word_1_265' title='bbox 1916 2363 1929 2398; x_wconf 89' lang='lat'><strong>:</strong></span> <span class='ocrx_word' id='word_1_266' title='bbox 1964 2360 2086 2400; x_wconf 91' lang='lat' dir='ltr'><strong>cum</strong></span> 
     </span>
    </p>
   </div>
   <div class='ocr_carea' id='block_1_38' title="bbox 526 2438 2090 2500">
    <p class='ocr_par' dir='ltr' id='par_1_38' title="bbox 526 2438 2090 2500">
     <span class='ocr_line' id='line_1_38' title="bbox 526 2438 2090 2500; baseline -0.006 0"><span class='ocrx_word' id='word_1_267' title='bbox 526 2460 655 2500; x_wconf 85' lang='lat' dir='ltr'><strong>vero</strong></span> <span class='ocrx_word' id='word_1_268' title='bbox 692 2461 800 2500; x_wconf 91' lang='lat' dir='ltr'><strong>non</strong></span> <span class='ocrx_word' id='word_1_269' title='bbox 849 2445 1046 2499; x_wconf 80' lang='lat' dir='ltr'><strong>habeat</strong></span> <span class='ocrx_word' id='word_1_270' title='bbox 1074 2452 1323 2497; x_wconf 83' lang='lat' dir='ltr'><strong>naturam</strong></span> <span class='ocrx_word' id='word_1_271' title='bbox 1349 2444 1416 2497; x_wconf 88' lang='lat' dir='ltr'><strong>ab</strong></span> <span class='ocrx_word' id='word_1_272' title='bbox 1456 2441 1800 2496; x_wconf 89' lang='lat' dir='ltr'><strong>incommodo</strong></span> <span class='ocrx_word' id='word_1_273' title='bbox 1833 2446 1886 2493; x_wconf 90' lang='lat' dir='ltr'><strong>et</strong></span> <span class='ocrx_word' id='word_1_274' title='bbox 1925 2438 2090 2492; x_wconf 88' lang='lat' dir='ltr'><strong>inter-</strong></span> 
     </span>
    </p>
   </div>
   <div class='ocr_carea' id='block_1_39' title="bbox 527 2528 2089 2606">
    <p class='ocr_par' dir='ltr' id='par_1_39' title="bbox 527 2528 2089 2606">
     <span class='ocr_line' id='line_1_39' title="bbox 527 2528 2089 2606; baseline -0.008 -11"><span class='ocrx_word' id='word_1_275' title='bbox 527 2536 608 2595; x_wconf 82' lang='lat' dir='ltr'><strong>itu</strong></span> <span class='ocrx_word' id='word_1_276' title='bbox 640 2537 898 2601; x_wconf 87' lang='lat' dir='ltr'><strong>alienam,</strong></span> <span class='ocrx_word' id='word_1_277' title='bbox 931 2552 1040 2591; x_wconf 89' lang='lat' dir='ltr'><strong>non</strong></span> <span class='ocrx_word' id='word_1_278' title='bbox 1064 2536 1177 2605; x_wconf 87' lang='lat' dir='ltr'><strong>jam</strong></span> <span class='ocrx_word' id='word_1_279' title='bbox 1208 2535 1447 2606; x_wconf 82' lang='lat' dir='ltr'><strong>ingenita</strong></span> <span class='ocrx_word' id='word_1_280' title='bbox 1471 2549 1594 2589; x_wconf 91' lang='lat' dir='ltr'><strong>esse</strong></span> <span class='ocrx_word' id='word_1_281' title='bbox 1615 2532 1894 2603; x_wconf 89' lang='lat' dir='ltr'><strong>putabitnr</strong></span> <span class='ocrx_word' id='word_1_282' title='bbox 1918 2547 1933 2595; x_wconf 93' lang='lat'>;</span> <span class='ocrx_word' id='word_1_283' title='bbox 1960 2540 2009 2585; x_wconf 90' lang='lat' dir='ltr'><strong>et</strong></span> <span class='ocrx_word' id='word_1_284' title='bbox 2042 2528 2089 2584; x_wconf 91' lang='lat' dir='ltr'><strong>si</strong></span> 
     </span>
    </p>
   </div>
   <div class='ocr_carea' id='block_1_40' title="bbox 524 2622 2088 2700">
    <p class='ocr_par' dir='ltr' id='par_1_40' title="bbox 524 2622 2088 2700">
     <span class='ocr_line' id='line_1_40' title="bbox 524 2622 2088 2700; baseline -0.006 -16"><span class='ocrx_word' id='word_1_285' title='bbox 524 2631 767 2700; x_wconf 81' lang='lat' dir='ltr'><strong>ingenita</strong></span> <span class='ocrx_word' id='word_1_286' title='bbox 807 2646 918 2685; x_wconf 88' lang='lat' dir='ltr'><strong>non</strong></span> <span class='ocrx_word' id='word_1_287' title='bbox 954 2640 1037 2685; x_wconf 89' lang='lat' dir='ltr'><strong>est</strong></span> <span class='ocrx_word' id='word_1_288' title='bbox 1083 2628 1344 2699; x_wconf 88' lang='lat' dir='ltr'><strong>nequitia,</strong></span> <span class='ocrx_word' id='word_1_289' title='bbox 1392 2643 1568 2698; x_wconf 90' lang='lat' dir='ltr'><strong>neque</strong></span> <span class='ocrx_word' id='word_1_290' title='bbox 1607 2636 1733 2681; x_wconf 87' lang='lat' dir='ltr'><strong>ortu</strong></span> <span class='ocrx_word' id='word_1_291' title='bbox 1773 2640 1947 2693; x_wconf 88' lang='lat' dir='ltr'><strong>neque</strong></span> <span class='ocrx_word' id='word_1_292' title='bbox 1985 2622 2088 2676; x_wconf 77' lang='lat' dir='ltr'><strong>[inc</strong></span> 
     </span>
    </p>
   </div>
   <div class='ocr_carea' id='block_1_41' title="bbox 524 2715 2087 2791">
    <p class='ocr_par' dir='ltr' id='par_1_41' title="bbox 524 2715 2087 2791">
     <span class='ocr_line' id='line_1_41' title="bbox 524 2715 2087 2791; baseline -0.005 -15"><span class='ocrx_word' id='word_1_293' title='bbox 524 2736 717 2777; x_wconf 87' lang='lat' dir='ltr'><strong>carere</strong></span> <span class='ocrx_word' id='word_1_294' title='bbox 746 2721 1061 2791; x_wconf 84' lang='lat' dir='ltr'><strong>apparebit,</strong></span> <span class='ocrx_word' id='word_1_295' title='bbox 1094 2736 1218 2775; x_wconf 85' lang='lat' dir='ltr'><strong>cum</strong></span> <span class='ocrx_word' id='word_1_296' title='bbox 1250 2721 1386 2774; x_wconf 84' lang='lat' dir='ltr'><strong>alias</strong></span> <span class='ocrx_word' id='word_1_297' title='bbox 1415 2719 1635 2789; x_wconf 90' lang='lat' dir='ltr'><strong>quidem</strong></span> <span class='ocrx_word' id='word_1_298' title='bbox 1665 2733 1774 2772; x_wconf 93' lang='lat' dir='ltr'><strong>non</strong></span> <span class='ocrx_word' id='word_1_299' title='bbox 1807 2717 1897 2775; x_wconf 86' lang='lat' dir='ltr'><strong>sit,</strong></span> <span class='ocrx_word' id='word_1_300' title='bbox 1927 2715 2087 2768; x_wconf 87' lang='lat' dir='ltr'><strong>modo</strong></span> 
     </span>
    </p>
   </div>
   <div class='ocr_carea' id='block_1_42' title="bbox 524 2808 2087 2874">
    <p class='ocr_par' dir='ltr' id='par_1_42' title="bbox 524 2808 2087 2874">
     <span class='ocr_line' id='line_1_42' title="bbox 524 2808 2087 2874; baseline -0.006 -6"><span class='ocrx_word' id='word_1_301' title='bbox 524 2827 658 2868; x_wconf 85' lang='lat' dir='ltr'><strong>vero</strong></span> <span class='ocrx_word' id='word_1_302' title='bbox 690 2813 866 2868; x_wconf 89' lang='lat' dir='ltr'><strong>solum</strong></span> <span class='ocrx_word' id='word_1_303' title='bbox 895 2812 1152 2867; x_wconf 91' lang='lat' dir='ltr'><strong>insonare</strong></span> <span class='ocrx_word' id='word_1_304' title='bbox 1182 2810 1446 2865; x_wconf 83' lang='lat' dir='ltr'><strong>videatur.</strong></span> <span class='ocrx_word' id='word_1_305' title='bbox 1484 2810 1638 2874; x_wconf 89' lang='lat' dir='ltr'><strong>Quod</strong></span> <span class='ocrx_word' id='word_1_306' title='bbox 1667 2808 1810 2863; x_wconf 91' lang='lat' dir='ltr'><strong>enim</strong></span> <span class='ocrx_word' id='word_1_307' title='bbox 1841 2816 1945 2868; x_wconf 89' lang='lat' dir='ltr'><strong>est,</strong></span> <span class='ocrx_word' id='word_1_308' title='bbox 1978 2822 2087 2859; x_wconf 89' lang='lat' dir='ltr'><strong>non</strong></span> 
     </span>
    </p>
   </div>
   <div class='ocr_carea' id='block_1_43' title="bbox 524 2896 2084 2975">
    <p class='ocr_par' dir='ltr' id='par_1_43' title="bbox 524 2896 2084 2975">
     <span class='ocr_line' id='line_1_43' title="bbox 524 2896 2084 2975; baseline -0.004 -19"><span class='ocrx_word' id='word_1_309' title='bbox 524 2910 610 2956; x_wconf 86' lang='lat' dir='ltr'><strong>est</strong></span> <span class='ocrx_word' id='word_1_310' title='bbox 641 2901 966 2964; x_wconf 86' lang='lat' dir='ltr'><strong>substantia,</strong></span> <span class='ocrx_word' id='word_1_311' title='bbox 1000 2900 1093 2954; x_wconf 87' lang='lat' dir='ltr'><strong>sed</strong></span> <span class='ocrx_word' id='word_1_312' title='bbox 1127 2899 1350 2953; x_wconf 89' lang='lat' dir='ltr'><strong>morbus</strong></span> <span class='ocrx_word' id='word_1_313' title='bbox 1382 2899 1473 2968; x_wconf 89' lang='lat' dir='ltr'><strong>qui</strong></span> <span class='ocrx_word' id='word_1_314' title='bbox 1510 2898 1834 2953; x_wconf 88' lang='lat' dir='ltr'><strong>substantiis</strong></span> <span class='ocrx_word' id='word_1_315' title='bbox 1866 2896 2084 2975; x_wconf 86' lang='lat' dir='ltr'><strong>accidit,</strong></span> 
     </span>
    </p>
   </div>
   <div class='ocr_carea' id='block_1_44' title="bbox 529 2988 2085 3062">
    <p class='ocr_par' dir='ltr' id='par_1_44' title="bbox 529 2988 2085 3062">
     <span class='ocr_line' id='line_1_44' title="bbox 529 2988 2085 3062; baseline -0.003 -16"><span class='ocrx_word' id='word_1_316' title='bbox 529 2992 623 3062; x_wconf 87' lang='lat' dir='ltr'><strong>qui</strong></span> <span class='ocrx_word' id='word_1_317' title='bbox 650 2998 827 3062; x_wconf 88' lang='lat' dir='ltr'><strong>potest</strong></span> <span class='ocrx_word' id='word_1_318' title='bbox 860 3006 890 3045; x_wconf 89' lang='lat' dir='ltr'><strong>a</strong></span> <span class='ocrx_word' id='word_1_319' title='bbox 920 2990 1246 3046; x_wconf 88' lang='lat' dir='ltr'><strong>substantiis</strong></span> <span class='ocrx_word' id='word_1_320' title='bbox 1275 2998 1328 3045; x_wconf 88' lang='lat' dir='ltr'><strong>et</strong></span> <span class='ocrx_word' id='word_1_321' title='bbox 1359 2991 1608 3060; x_wconf 83' lang='lat' dir='ltr'><strong>personis</strong></span> <span class='ocrx_word' id='word_1_322' title='bbox 1638 2989 1900 3060; x_wconf 87' lang='lat' dir='ltr'><strong>separari.</strong></span> <span class='ocrx_word' id='word_1_323' title='bbox 1930 2988 2085 3054; x_wconf 89' lang='lat' dir='ltr'><strong>Quod</strong></span> 
     </span>
    </p>
   </div>
   <div class='ocr_carea' id='block_1_45' title="bbox 2188 1790 3774 1873">
    <p class='ocr_par' dir='ltr' id='par_1_45' title="bbox 2188 1790 3774 1873">
     <span class='ocr_line' id='line_1_45' title="bbox 2188 1790 3774 1873; baseline 0.01 -30"><span class='ocrx_word' id='word_1_324' title='bbox 2188 1790 2371 1861; x_wconf 81' lang='grc' dir='ltr'>ἑτέρου</span> <span class='ocrx_word' id='word_1_325' title='bbox 2402 1792 2620 1863; x_wconf 76' lang='grc' dir='ltr'>ἧρξατο,</span> <span class='ocrx_word' id='word_1_326' title='bbox 2642 1794 2735 1847; x_wconf 80' lang='grc' dir='ltr'>τοῦ</span> <span class='ocrx_word' id='word_1_327' title='bbox 2765 1796 2860 1866; x_wconf 84' lang='grc' dir='ltr'>μὲν</span> <span class='ocrx_word' id='word_1_328' title='bbox 2888 1797 3125 1851; x_wconf 76' lang='grc' dir='ltr'>τοιούτου</span> <span class='ocrx_word' id='word_1_329' title='bbox 3152 1800 3451 1873; x_wconf 80' lang='grc' dir='ltr'>ἀνωλέθρου</span> <span class='ocrx_word' id='word_1_330' title='bbox 3482 1805 3583 1857; x_wconf 75' lang='grc' dir='ltr'>καὶ</span> <span class='ocrx_word' id='word_1_331' title='bbox 3617 1805 3774 1858; x_wconf 72' lang='grc' dir='ltr'>ἀπα-⁸</span> 
     </span>
    </p>
   </div>
   <div class='ocr_carea' id='block_1_46' title="bbox 2187 1880 3761 1960">
    <p class='ocr_par' dir='ltr' id='par_1_46' title="bbox 2187 1880 3761 1960">
     <span class='ocr_line' id='line_1_46' title="bbox 2187 1880 3761 1960; baseline 0.01 -26"><span class='ocrx_word' id='word_1_332' title='bbox 2187 1880 2311 1946; x_wconf 82' lang='grc' dir='ltr'>θοῦς</span> <span class='ocrx_word' id='word_1_333' title='bbox 2338 1883 2692 1954; x_wconf 83' lang='grc' dir='ltr'>ὑπάρχοντος,</span> <span class='ocrx_word' id='word_1_334' title='bbox 2720 1886 2813 1940; x_wconf 81' lang='grc' dir='ltr'>τοῦ</span> <span class='ocrx_word' id='word_1_335' title='bbox 2839 1888 2895 1941; x_wconf 83' lang='grc' dir='ltr'>δὲ</span> <span class='ocrx_word' id='word_1_336' title='bbox 2923 1889 3220 1960; x_wconf 80' lang='grc' dir='ltr'>δυναμένου</span> <span class='ocrx_word' id='word_1_337' title='bbox 3266 1893 3627 1960; x_wconf 75' lang='grc' dir='ltr'>ἀφανίζεσθαι</span> <span class='ocrx_word' id='word_1_338' title='bbox 3665 1897 3761 1949; x_wconf 72' lang='grc' dir='ltr'>καὶ</span> 
     </span>
    </p>
   </div>
   <div class='ocr_carea' id='block_1_47' title="bbox 2184 1971 3762 2051">
    <p class='ocr_par' dir='ltr' id='par_1_47' title="bbox 2184 1971 3762 2051">
     <span class='ocr_line' id='line_1_47' title="bbox 2184 1971 3762 2051; baseline 0.009 -28"><span class='ocrx_word' id='word_1_339' title='bbox 2184 1971 2583 2043; x_wconf 76' lang='grc' dir='ltr'>διαφθείρεσθαι</span> <span class='ocrx_word' id='word_1_340' title='bbox 2629 1975 2726 2029; x_wconf 76' lang='grc' dir='ltr'>οὐκ</span> <span class='ocrx_word' id='word_1_341' title='bbox 2769 1975 2862 2045; x_wconf 84' lang='grc' dir='ltr'><strong>ἀφ’</strong></span> <span class='ocrx_word' id='word_1_342' title='bbox 2900 1976 3093 2030; x_wconf 80' lang='grc' dir='ltr'>ἑαυτοῦ</span> <span class='ocrx_word' id='word_1_343' title='bbox 3129 1979 3309 2044; x_wconf 80' lang='grc' dir='ltr'>δντοςς</span> <span class='ocrx_word' id='word_1_344' title='bbox 3345 1983 3395 2033; x_wconf 86' lang='grc' dir='ltr'><strong>εί</strong></span> <span class='ocrx_word' id='word_1_345' title='bbox 3424 1982 3481 2035; x_wconf 85' lang='grc' dir='ltr'>δὲ</span> <span class='ocrx_word' id='word_1_346' title='bbox 3510 1983 3762 2051; x_wconf 60' lang='grc' dir='ltr'>διαᾳθείο</span> 
     </span>
    </p>
   </div>
   <div class='ocr_carea' id='block_1_48' title="bbox 2188 2064 3759 2144">
    <p class='ocr_par' dir='ltr' id='par_1_48' title="bbox 2188 2064 3759 2144">
     <span class='ocr_line' id='line_1_48' title="bbox 2188 2064 3759 2144; baseline 0.008 -28"><span class='ocrx_word' id='word_1_347' title='bbox 2188 2081 2358 2136; x_wconf 84' lang='grc' dir='ltr'>ρεται,</span> <span class='ocrx_word' id='word_1_348' title='bbox 2397 2064 2469 2129; x_wconf 85' lang='grc' dir='ltr'>ὥς</span> <span class='ocrx_word' id='word_1_349' title='bbox 2502 2084 2659 2135; x_wconf 82' lang='grc' dir='ltr'>φατε,</span> <span class='ocrx_word' id='word_1_350' title='bbox 2687 2067 2843 2121; x_wconf 82' lang='grc' dir='ltr'>τοῦτο</span> <span class='ocrx_word' id='word_1_351' title='bbox 2880 2068 2988 2141; x_wconf 84' lang='grc' dir='ltr'><strong>γὰρ</strong></span> <span class='ocrx_word' id='word_1_352' title='bbox 3022 2073 3051 2124; x_wconf 86' lang='grc' dir='ltr'><strong>ό</strong></span> <span class='ocrx_word' id='word_1_353' title='bbox 3081 2072 3339 2143; x_wconf 82' lang='grc' dir='ltr'>ὑμέτερος</span> <span class='ocrx_word' id='word_1_354' title='bbox 3374 2074 3552 2144; x_wconf 81' lang='grc' dir='ltr'>ὁρίζει</span> <span class='ocrx_word' id='word_1_355' title='bbox 3579 2075 3759 2143; x_wconf 82' lang='grc' dir='ltr'>λόγος,</span> 
     </span>
    </p>
   </div>
   <div class='ocr_carea' id='block_1_49' title="bbox 2183 2155 3760 2231">
    <p class='ocr_par' dir='ltr' id='par_1_49' title="bbox 2183 2155 3760 2231">
     <span class='ocr_line' id='line_1_49' title="bbox 2183 2155 3760 2231; baseline 0.01 -24"><span class='ocrx_word' id='word_1_356' title='bbox 2183 2155 2244 2207; x_wconf 82' lang='grc' dir='ltr'>τὸ</span> <span class='ocrx_word' id='word_1_357' title='bbox 2285 2156 2674 2212; x_wconf 86' lang='grc' dir='ltr'>καταπίνεσθαι</span> <span class='ocrx_word' id='word_1_358' title='bbox 2719 2159 3014 2229; x_wconf 80' lang='grc' dir='ltr'>ὁμολογῶν,</span> <span class='ocrx_word' id='word_1_359' title='bbox 3048 2162 3108 2215; x_wconf 81' lang='grc' dir='ltr'>τὸ</span> <span class='ocrx_word' id='word_1_360' title='bbox 3141 2161 3277 2217; x_wconf 80' lang='grc' dir='ltr'>εἶναι</span> <span class='ocrx_word' id='word_1_361' title='bbox 3316 2165 3632 2231; x_wconf 76' lang='grc' dir='ltr'>ἀλλοίωσιν,</span> <span class='ocrx_word' id='word_1_362' title='bbox 3667 2170 3760 2223; x_wconf 70' lang='grc' dir='ltr'>καὶ</span> 
     </span>
    </p>
   </div>
   <div class='ocr_carea' id='block_1_50' title="bbox 2186 2248 3756 2331">
    <p class='ocr_par' dir='ltr' id='par_1_50' title="bbox 2186 2248 3756 2331">
     <span class='ocr_line' id='line_1_50' title="bbox 2186 2248 3756 2331; baseline 0.009 -31"><span class='ocrx_word' id='word_1_363' title='bbox 2186 2248 2390 2319; x_wconf 77' lang='grc' dir='ltr'>φθορὰν</span> <span class='ocrx_word' id='word_1_364' title='bbox 2426 2248 2523 2320; x_wconf 78' lang='grc' dir='ltr'>τὴν</span> <span class='ocrx_word' id='word_1_365' title='bbox 2564 2252 2881 2305; x_wconf 56' lang='grc' dir='ltr'>κατάποσιν</span> <span class='ocrx_word' id='word_1_366' title='bbox 2922 2256 3014 2306; x_wconf 77' lang='grc' dir='ltr'>καὶ</span> <span class='ocrx_word' id='word_1_367' title='bbox 3047 2254 3191 2308; x_wconf 81' lang='grc' dir='ltr'>ἔστιν</span> <span class='ocrx_word' id='word_1_368' title='bbox 3219 2256 3417 2328; x_wconf 79' lang='grc' dir='ltr'>ἁλωτὴ,</span> <span class='ocrx_word' id='word_1_369' title='bbox 3457 2259 3561 2312; x_wconf 74' lang='grc' dir='ltr'>καὶ</span> <span class='ocrx_word' id='word_1_370' title='bbox 3599 2259 3756 2331; x_wconf 70' lang='grc' dir='ltr'>λυτὴ,</span> 
     </span>
    </p>
   </div>
   <div class='ocr_carea' id='block_1_51' title="bbox 2186 2341 3759 2426">
    <p class='ocr_par' dir='ltr' id='par_1_51' title="bbox 2186 2341 3759 2426">
     <span class='ocr_line' id='line_1_51' title="bbox 2186 2341 3759 2426; baseline 0.009 -33"><span class='ocrx_word' id='word_1_371' title='bbox 2186 2342 2277 2394; x_wconf 72' lang='grc' dir='ltr'>καὶ</span> <span class='ocrx_word' id='word_1_372' title='bbox 2318 2341 2571 2414; x_wconf 78' lang='grc' dir='ltr'>λυομένη,</span> <span class='ocrx_word' id='word_1_373' title='bbox 2610 2344 2701 2396; x_wconf 78' lang='grc' dir='ltr'>καὶ</span> <span class='ocrx_word' id='word_1_374' title='bbox 2741 2344 3154 2417; x_wconf 84' lang='grc' dir='ltr'>ἁναλισκομένη,</span> <span class='ocrx_word' id='word_1_375' title='bbox 3195 2350 3376 2403; x_wconf 74' lang='grc' dir='ltr'>οὐκέτι</span> <span class='ocrx_word' id='word_1_376' title='bbox 3416 2351 3487 2404; x_wconf 75' lang='grc' dir='ltr'><strong>τὰ</strong></span> <span class='ocrx_word' id='word_1_377' title='bbox 3527 2352 3641 2405; x_wconf 84' lang='grc' dir='ltr'><strong>τῶν</strong></span> <span class='ocrx_word' id='word_1_378' title='bbox 3686 2356 3759 2426; x_wconf 73' lang='grc' dir='ltr'>μὴ</span> 
     </span>
    </p>
   </div>
   <div class='ocr_carea' id='block_1_52' title="bbox 2185 2433 3760 2516">
    <p class='ocr_par' dir='ltr' id='par_1_52' title="bbox 2185 2433 3760 2516">
     <span class='ocr_line' id='line_1_52' title="bbox 2185 2433 3760 2516; baseline 0.01 -32"><span class='ocrx_word' id='word_1_379' title='bbox 2185 2433 2593 2505; x_wconf 70' lang='grc' dir='ltr'>ἀφανιζομένων</span> <span class='ocrx_word' id='word_1_380' title='bbox 2632 2437 3015 2507; x_wconf 83' lang='grc' dir='ltr'>ὑποστήσεται-</span> <span class='ocrx_word' id='word_1_381' title='bbox 3055 2440 3128 2512; x_wconf 81' lang='grc' dir='ltr'>μὴ</span> <span class='ocrx_word' id='word_1_382' title='bbox 3166 2440 3359 2512; x_wconf 78' lang='grc' dir='ltr'>ἔχουσα</span> <span class='ocrx_word' id='word_1_383' title='bbox 3384 2444 3440 2496; x_wconf 82' lang='grc' dir='ltr'>δὲ</span> <span class='ocrx_word' id='word_1_384' title='bbox 3464 2445 3568 2516; x_wconf 81' lang='grc' dir='ltr'><strong>τὴν</strong></span> <span class='ocrx_word' id='word_1_385' title='bbox 3590 2446 3760 2515; x_wconf 74' lang='grc' dir='ltr'>φύσιν</span> 
     </span>
    </p>
   </div>
   <div class='ocr_carea' id='block_1_53' title="bbox 2186 2528 3762 2609">
    <p class='ocr_par' dir='ltr' id='par_1_53' title="bbox 2186 2528 3762 2609">
     <span class='ocr_line' id='line_1_53' title="bbox 2186 2528 3762 2609; baseline 0.003 -29"><span class='ocrx_word' id='word_1_386' title='bbox 2186 2528 2391 2599; x_wconf 83' lang='grc' dir='ltr'>ἀϐλαϐῆ</span> <span class='ocrx_word' id='word_1_387' title='bbox 2418 2529 2512 2581; x_wconf 70' lang='grc' dir='ltr'>καὶ</span> <span class='ocrx_word' id='word_1_388' title='bbox 2539 2528 2860 2601; x_wconf 84' lang='grc' dir='ltr'>ἀνώλεθρον,</span> <span class='ocrx_word' id='word_1_389' title='bbox 2894 2532 3073 2585; x_wconf 79' lang='grc' dir='ltr'>οὐκέτι</span> <span class='ocrx_word' id='word_1_390' title='bbox 3095 2533 3383 2605; x_wconf 81' lang='grc' dir='ltr'>ἁγέννητος</span> <span class='ocrx_word' id='word_1_391' title='bbox 3412 2536 3762 2609; x_wconf 71' lang='grc' dir='ltr'>ὑποτεθήσε-</span> 
     </span>
    </p>
   </div>
   <div class='ocr_carea' id='block_1_54' title="bbox 2184 2617 3761 2696">
    <p class='ocr_par' dir='ltr' id='par_1_54' title="bbox 2184 2617 3761 2696">
     <span class='ocr_line' id='line_1_54' title="bbox 2184 2617 3761 2696; baseline 0.006 -22"><span class='ocrx_word' id='word_1_392' title='bbox 2184 2639 2291 2675; x_wconf 86' lang='grc' dir='ltr'>ται·</span> <span class='ocrx_word' id='word_1_393' title='bbox 2332 2621 2406 2693; x_wconf 86' lang='grc' dir='ltr'>μὴ</span> <span class='ocrx_word' id='word_1_394' title='bbox 2433 2617 2566 2675; x_wconf 74' lang='grc' dir='ltr'>οὖσα</span> <span class='ocrx_word' id='word_1_395' title='bbox 2603 2623 2659 2677; x_wconf 82' lang='grc' dir='ltr'>δὲ</span> <span class='ocrx_word' id='word_1_396' title='bbox 2692 2625 3000 2693; x_wconf 80' lang='grc' dir='ltr'>ἀγέννητος,</span> <span class='ocrx_word' id='word_1_397' title='bbox 3035 2623 3158 2678; x_wconf 72' lang='grc' dir='ltr'>οὔτε</span> <span class='ocrx_word' id='word_1_398' title='bbox 3189 2625 3436 2696; x_wconf 77' lang='grc' dir='ltr'>ἄναρχος,</span> <span class='ocrx_word' id='word_1_399' title='bbox 3470 2628 3602 2682; x_wconf 72' lang='grc' dir='ltr'>οὔτε</span> <span class='ocrx_word' id='word_1_400' title='bbox 3632 2631 3761 2684; x_wconf 58' lang='lat' dir='ltr'><strong>dasn-</strong></span> 
     </span>
    </p>
   </div>
   <div class='ocr_carea' id='block_1_55' title="bbox 2184 2712 3759 2788">
    <p class='ocr_par' dir='ltr' id='par_1_55' title="bbox 2184 2712 3759 2788">
     <span class='ocr_line' id='line_1_55' title="bbox 2184 2712 3759 2788; baseline 0.007 -23"><span class='ocrx_word' id='word_1_401' title='bbox 2184 2712 2440 2782; x_wconf 78' lang='grc' dir='ltr'>λεύτητος</span> <span class='ocrx_word' id='word_1_402' title='bbox 2481 2720 2777 2786; x_wconf 79' lang='grc' dir='ltr'>φανήσεται</span> <span class='ocrx_word' id='word_1_403' title='bbox 2818 2718 2851 2787; x_wconf 81' lang='grc' dir='ltr'>ἡ</span> <span class='ocrx_word' id='word_1_404' title='bbox 2895 2717 3079 2780; x_wconf 85' lang='grc' dir='ltr'>κακία,</span> <span class='ocrx_word' id='word_1_405' title='bbox 3121 2717 3306 2772; x_wconf 80' lang='grc' dir='ltr'>ἄλλοτε</span> <span class='ocrx_word' id='word_1_406' title='bbox 3336 2721 3433 2788; x_wconf 84' lang='grc' dir='ltr'>μὲν</span> <span class='ocrx_word' id='word_1_407' title='bbox 3459 2721 3566 2773; x_wconf 71' lang='grc' dir='ltr'>οὐκ</span> <span class='ocrx_word' id='word_1_408' title='bbox 3597 2718 3759 2788; x_wconf 75' lang='grc' dir='ltr'>οὖσα,</span> 
     </span>
    </p>
   </div>
   <div class='ocr_carea' id='block_1_56' title="bbox 2184 2805 3762 2880">
    <p class='ocr_par' dir='ltr' id='par_1_56' title="bbox 2184 2805 3762 2880">
     <span class='ocr_line' id='line_1_56' title="bbox 2184 2805 3762 2880; baseline 0.006 -22"><span class='ocrx_word' id='word_1_409' title='bbox 2184 2805 2307 2876; x_wconf 85' lang='grc' dir='ltr'>ἄρτι</span> <span class='ocrx_word' id='word_1_410' title='bbox 2335 2806 2389 2858; x_wconf 80' lang='grc' dir='ltr'>δὲ</span> <span class='ocrx_word' id='word_1_411' title='bbox 2421 2806 2650 2861; x_wconf 75' lang='grc' dir='ltr'>δοκοῦσα</span> <span class='ocrx_word' id='word_1_412' title='bbox 2684 2808 2997 2879; x_wconf 80' lang='grc' dir='ltr'>ὲμϐομϐεῖν.</span> <span class='ocrx_word' id='word_1_413' title='bbox 3033 2810 3140 2862; x_wconf 76' lang='grc' dir='ltr'>Καὶ</span> <span class='ocrx_word' id='word_1_414' title='bbox 3166 2809 3274 2880; x_wconf 78' lang='grc' dir='ltr'><strong>γὰρ</strong></span> <span class='ocrx_word' id='word_1_415' title='bbox 3296 2811 3323 2862; x_wconf 84' lang='grc' dir='ltr'><strong>ὅ</strong></span> <span class='ocrx_word' id='word_1_416' title='bbox 3350 2814 3499 2866; x_wconf 74' lang='grc' dir='ltr'>ἐστιν</span> <span class='ocrx_word' id='word_1_417' title='bbox 3531 2814 3638 2867; x_wconf 79' lang='grc' dir='ltr'>οὐκ</span> <span class='ocrx_word' id='word_1_418' title='bbox 3671 2816 3762 2868; x_wconf 71' lang='grc' dir='ltr'><strong>οὑ-</strong></span> 
     </span>
    </p>
   </div>
   <div class='ocr_carea' id='block_1_57' title="bbox 2187 2896 3761 2972">
    <p class='ocr_par' dir='ltr' id='par_1_57' title="bbox 2187 2896 3761 2972">
     <span class='ocr_line' id='line_1_57' title="bbox 2187 2896 3761 2972; baseline 0.008 -25"><span class='ocrx_word' id='word_1_419' title='bbox 2187 2896 2275 2950; x_wconf 89' lang='grc' dir='ltr'><strong>σία</strong></span> <span class='ocrx_word' id='word_1_420' title='bbox 2304 2897 2469 2959; x_wconf 77' lang='grc' dir='ltr'>ἐστὶν,</span> <span class='ocrx_word' id='word_1_421' title='bbox 2508 2897 2641 2951; x_wconf 79' lang='grc' dir='ltr'>ἀλλὰ</span> <span class='ocrx_word' id='word_1_422' title='bbox 2668 2899 2877 2970; x_wconf 84' lang='grc' dir='ltr'>νόσημά</span> <span class='ocrx_word' id='word_1_423' title='bbox 2905 2916 2955 2951; x_wconf 88' lang='grc' dir='ltr'><strong>τι</strong></span> <span class='ocrx_word' id='word_1_424' title='bbox 2993 2900 3333 2971; x_wconf 83' lang='grc' dir='ltr'>συμϐεϐηκὸς</span> <span class='ocrx_word' id='word_1_425' title='bbox 3371 2904 3503 2972; x_wconf 59' lang='grc' dir='ltr'><strong>περ)⁴</strong></span> <span class='ocrx_word' id='word_1_426' title='bbox 3535 2905 3640 2968; x_wconf 72' lang='grc' dir='ltr'><strong>τὰς</strong></span> <span class='ocrx_word' id='word_1_427' title='bbox 3669 2908 3761 2959; x_wconf 65' lang='grc' dir='ltr'><strong>οὒ-</strong></span> 
     </span>
    </p>
   </div>
   <div class='ocr_carea' id='block_1_58' title="bbox 2185 2989 3761 3067">
    <p class='ocr_par' dir='ltr' id='par_1_58' title="bbox 2185 2989 3761 3067">
     <span class='ocr_line' id='line_1_58' title="bbox 2185 2989 3761 3067; baseline 0.006 -27"><span class='ocrx_word' id='word_1_428' title='bbox 2185 2989 2324 3053; x_wconf 85' lang='grc' dir='ltr'>σίας,</span> <span class='ocrx_word' id='word_1_429' title='bbox 2347 2989 2638 3059; x_wconf 81' lang='grc' dir='ltr'>δυνάμενον</span> <span class='ocrx_word' id='word_1_430' title='bbox 2665 2990 2772 3042; x_wconf 90' lang='grc' dir='ltr'><strong>τῶν</strong></span> <span class='ocrx_word' id='word_1_431' title='bbox 2794 2990 2988 3043; x_wconf 78' lang='grc' dir='ltr'>οὐσιῶν</span> <span class='ocrx_word' id='word_1_432' title='bbox 3014 2991 3107 3044; x_wconf 75' lang='grc' dir='ltr'><strong>καὶ</strong></span> <span class='ocrx_word' id='word_1_433' title='bbox 3131 2993 3236 3045; x_wconf 87' lang='grc' dir='ltr'><strong>τῶν</strong></span> <span class='ocrx_word' id='word_1_434' title='bbox 3261 2994 3618 3048; x_wconf 78' lang='grc' dir='ltr'>ὑποστάσεων</span> <span class='ocrx_word' id='word_1_435' title='bbox 3646 3017 3761 3067; x_wconf 82' lang='grc' dir='ltr'><strong>χω-</strong></span> 
     </span>
    </p>
   </div>
   <div class='ocr_carea' id='block_1_59' title="bbox 528 3053 2086 3155">
    <p class='ocr_par' dir='ltr' id='par_1_59' title="bbox 528 3080 2083 3153">
     <span class='ocr_line' id='line_1_59' title="bbox 528 3080 2083 3153; baseline -0.003 -15"><span class='ocrx_word' id='word_1_436' title='bbox 528 3092 712 3138; x_wconf 86' lang='lat' dir='ltr'><strong>autem</strong></span> <span class='ocrx_word' id='word_1_437' title='bbox 756 3084 1036 3153; x_wconf 88' lang='lat' dir='ltr'><strong>deceptor,</strong></span> <span class='ocrx_word' id='word_1_438' title='bbox 1076 3082 1223 3153; x_wconf 87' lang='lat' dir='ltr'><strong>quod</strong></span> <span class='ocrx_word' id='word_1_439' title='bbox 1262 3093 1367 3147; x_wconf 89' lang='lat' dir='ltr'><strong>est,</strong></span> <span class='ocrx_word' id='word_1_440' title='bbox 1404 3082 1560 3137; x_wconf 90' lang='lat' dir='ltr'><strong>ruina</strong></span> <span class='ocrx_word' id='word_1_441' title='bbox 1590 3090 1643 3137; x_wconf 91' lang='lat' dir='ltr'><strong>et</strong></span> <span class='ocrx_word' id='word_1_442' title='bbox 1683 3083 1838 3151; x_wconf 85' lang='lat' dir='ltr'><strong>lapsu</strong></span> <span class='ocrx_word' id='word_1_443' title='bbox 1867 3080 2083 3142; x_wconf 85' lang='lat' dir='ltr'><strong>accidit,</strong></span> 
     </span>
    </p>
   </div>
   <div class='ocr_carea' id='block_1_60' title="bbox 2186 3053 3763 3155">
    <p class='ocr_par' dir='ltr' id='par_1_60' title="bbox 2188 3080 3763 3155">
     <span class='ocr_line' id='line_1_60' title="bbox 2188 3080 3763 3155; baseline 0.006 -24"><span class='ocrx_word' id='word_1_444' title='bbox 2188 3080 2453 3153; x_wconf 72' lang='grc' dir='ltr'>ρισθῆναιο</span> <span class='ocrx_word' id='word_1_445' title='bbox 2478 3082 2559 3134; x_wconf 84' lang='grc' dir='ltr'>ὅτι</span> <span class='ocrx_word' id='word_1_446' title='bbox 2592 3081 2700 3153; x_wconf 77' lang='grc' dir='ltr'><strong>γὰρ</strong></span> <span class='ocrx_word' id='word_1_447' title='bbox 2736 3082 2895 3145; x_wconf 71' lang='grc' dir='ltr'>αὐτὸς</span> <span class='ocrx_word' id='word_1_448' title='bbox 2925 3084 2952 3135; x_wconf 87' lang='grc' dir='ltr'>ὁ</span> <span class='ocrx_word' id='word_1_449' title='bbox 2976 3082 3247 3146; x_wconf 82' lang='grc' dir='ltr'>ἀπατεὼν,</span> <span class='ocrx_word' id='word_1_450' title='bbox 3273 3084 3411 3155; x_wconf 78' lang='grc' dir='ltr'>ὅπερ</span> <span class='ocrx_word' id='word_1_451' title='bbox 3439 3087 3579 3151; x_wconf 76' lang='grc' dir='ltr'>ἐστὶ,</span> <span class='ocrx_word' id='word_1_452' title='bbox 3613 3086 3763 3141; x_wconf 64' lang='grc' dir='ltr'>κατὰ</span> 
     </span>
    </p>
   </div>
   <div class='ocr_carea' id='block_1_61' title="bbox 527 3174 2084 3247">
    <p class='ocr_par' dir='ltr' id='par_1_61' title="bbox 527 3174 2084 3247">
     <span class='ocr_line' id='line_1_61' title="bbox 527 3174 2084 3247; baseline -0.003 -16"><span class='ocrx_word' id='word_1_453' title='bbox 527 3187 588 3231; x_wconf 88' lang='grc' dir='ltr'><strong>ιιι</strong></span> <span class='ocrx_word' id='word_1_454' title='bbox 613 3185 779 3240; x_wconf 89' lang='lat' dir='ltr'><strong>esset,</strong></span> <span class='ocrx_word' id='word_1_455' title='bbox 806 3178 924 3247; x_wconf 89' lang='lat' dir='ltr'><strong>ipsa</strong></span> <span class='ocrx_word' id='word_1_456' title='bbox 957 3177 1115 3231; x_wconf 89' lang='lat' dir='ltr'><strong>ruina</strong></span> <span class='ocrx_word' id='word_1_457' title='bbox 1131 3185 1184 3232; x_wconf 88' lang='lat' dir='ltr'><strong>et</strong></span> <span class='ocrx_word' id='word_1_458' title='bbox 1203 3178 1354 3245; x_wconf 91' lang='lat' dir='ltr'><strong>lapsu</strong></span> <span class='ocrx_word' id='word_1_459' title='bbox 1380 3183 1672 3231; x_wconf 89' lang='lat' dir='ltr'><strong>atlestante</strong></span> <span class='ocrx_word' id='word_1_460' title='bbox 1691 3174 2084 3244; x_wconf 86' lang='lat' dir='ltr'><strong>ademptionent</strong></span> 
     </span>
    </p>
   </div>
   <div class='ocr_carea' id='block_1_62' title="bbox 522 3267 2086 3341">
    <p class='ocr_par' dir='ltr' id='par_1_62' title="bbox 522 3267 2086 3341">
     <span class='ocr_line' id='line_1_62' title="bbox 522 3267 2086 3341; baseline -0.007 -13"><span class='ocrx_word' id='word_1_461' title='bbox 522 3272 792 3328; x_wconf 76' lang='lat' dir='ltr'><strong>bonorum</strong></span> <span class='ocrx_word' id='word_1_462' title='bbox 844 3270 1111 3341; x_wconf 90' lang='lat' dir='ltr'><strong>priorum,</strong></span> <span class='ocrx_word' id='word_1_463' title='bbox 1167 3277 1396 3324; x_wconf 89' lang='lat' dir='ltr'><strong>testatur</strong></span> <span class='ocrx_word' id='word_1_464' title='bbox 1451 3268 1671 3338; x_wconf 85' lang='lat' dir='ltr'><strong>quidem</strong></span> <span class='ocrx_word' id='word_1_465' title='bbox 1728 3267 1896 3321; x_wconf 87' lang='lat' dir='ltr'><strong>Isaias</strong></span> <span class='ocrx_word' id='word_1_466' title='bbox 1964 3280 2086 3335; x_wconf 88' lang='lat' dir='ltr'><strong>pro-</strong></span> 
     </span>
    </p>
   </div>
   <div class='ocr_carea' id='block_1_63' title="bbox 524 3355 2084 3432">
    <p class='ocr_par' dir='ltr' id='par_1_63' title="bbox 524 3355 2084 3432">
     <span class='ocr_line' id='line_1_63' title="bbox 524 3355 2084 3432; baseline -0.006 -15"><span class='ocrx_word' id='word_1_467' title='bbox 524 3363 707 3432; x_wconf 82' lang='lat' dir='ltr'><strong>pheta,</strong></span> <span class='ocrx_word' id='word_1_468' title='bbox 740 3376 863 3416; x_wconf 89' lang='lat' dir='ltr'><strong>cum</strong></span> <span class='ocrx_word' id='word_1_469' title='bbox 910 3362 986 3415; x_wconf 90' lang='lat' dir='ltr'><strong>ait</strong></span> <span class='ocrx_word' id='word_1_470' title='bbox 1022 3379 1035 3414; x_wconf 88' lang='lat'>:</span> <span class='ocrx_word' id='word_1_471' title='bbox 1084 3359 1357 3425; x_wconf 78' lang='lat' dir='ltr'><strong>Quomodo</strong></span> <span class='ocrx_word' id='word_1_472' title='bbox 1414 3358 1598 3412; x_wconf 80' lang='lat' dir='ltr'><strong>cecidit</strong></span> <span class='ocrx_word' id='word_1_473' title='bbox 1639 3374 1665 3411; x_wconf 74' lang='grc' dir='ltr'><strong>ε</strong></span> <span class='ocrx_word' id='word_1_474' title='bbox 1714 3357 1840 3411; x_wconf 74' lang='grc' dir='ltr'>οωιο</span> <span class='ocrx_word' id='word_1_475' title='bbox 1880 3355 2084 3423; x_wconf 69' lang='lat' dir='ltr'><strong>luciler,</strong></span> 
     </span>
    </p>
   </div>
   <div class='ocr_carea' id='block_1_64' title="bbox 521 3448 2086 3526">
    <p class='ocr_par' dir='ltr' id='par_1_64' title="bbox 521 3448 2086 3526">
     <span class='ocr_line' id='line_1_64' title="bbox 521 3448 2086 3526; baseline -0.005 -17"><span class='ocrx_word' id='word_1_476' title='bbox 521 3457 614 3526; x_wconf 86' lang='lat' dir='ltr'><strong>qui</strong></span> <span class='ocrx_word' id='word_1_477' title='bbox 643 3471 796 3508; x_wconf 86' lang='lat' dir='ltr'><strong>mane</strong></span> <span class='ocrx_word' id='word_1_478' title='bbox 824 3453 1092 3507; x_wconf 80' lang='lat' dir='ltr'><strong>oriebatur</strong></span> <span class='ocrx_word' id='word_1_479' title='bbox 1130 3452 1196 3506; x_wconf 64' lang='grc' dir='ltr'>’ί</span> <span class='ocrx_word' id='word_1_480' title='bbox 1243 3449 1378 3505; x_wconf 90' lang='lat' dir='ltr'><strong>Cum</strong></span> <span class='ocrx_word' id='word_1_481' title='bbox 1413 3466 1539 3505; x_wconf 89' lang='lat' dir='ltr'><strong>vero</strong></span> <span class='ocrx_word' id='word_1_482' title='bbox 1584 3450 1729 3504; x_wconf 85' lang='lat' dir='ltr'><strong>hunc</strong></span> <span class='ocrx_word' id='word_1_483' title='bbox 1772 3449 1928 3504; x_wconf 87' lang='lat' dir='ltr'><strong>talem</strong></span> <span class='ocrx_word' id='word_1_484' title='bbox 1969 3448 2086 3517; x_wconf 88' lang='lat' dir='ltr'><strong>ejus</strong></span> 
     </span>
    </p>
   </div>
   <div class='ocr_carea' id='block_1_65' title="bbox 523 3539 2087 3616">
    <p class='ocr_par' dir='ltr' id='par_1_65' title="bbox 523 3539 2087 3616">
     <span class='ocr_line' id='line_1_65' title="bbox 523 3539 2087 3616; baseline -0.007 -14"><span class='ocrx_word' id='word_1_485' title='bbox 523 3555 732 3602; x_wconf 88' lang='lat' dir='ltr'><strong>statum</strong></span> <span class='ocrx_word' id='word_1_486' title='bbox 789 3561 856 3602; x_wconf 82' lang='lat' dir='ltr'><strong>ex</strong></span> <span class='ocrx_word' id='word_1_487' title='bbox 903 3546 1059 3616; x_wconf 91' lang='lat' dir='ltr'><strong>lapsu</strong></span> <span class='ocrx_word' id='word_1_488' title='bbox 1108 3543 1375 3601; x_wconf 75' lang='lat' dir='ltr'><strong>accidisse</strong></span> <span class='ocrx_word' id='word_1_489' title='bbox 1419 3542 1587 3597; x_wconf 82' lang='lat' dir='ltr'><strong>sciret</strong></span> <span class='ocrx_word' id='word_1_490' title='bbox 1633 3539 1901 3603; x_wconf 87' lang='lat' dir='ltr'><strong>Salvator,</strong></span> <span class='ocrx_word' id='word_1_491' title='bbox 1942 3540 2087 3592; x_wconf 85' lang='lat' dir='ltr'><strong>anti-</strong></span> 
     </span>
    </p>
   </div>
   <div class='ocr_carea' id='block_1_66' title="bbox 522 3633 2085 3708">
    <p class='ocr_par' dir='ltr' id='par_1_66' title="bbox 522 3633 2085 3708">
     <span class='ocr_line' id='line_1_66' title="bbox 522 3633 2085 3708; baseline -0.004 -16"><span class='ocrx_word' id='word_1_492' title='bbox 522 3653 694 3708; x_wconf 89' lang='lat' dir='ltr'><strong>quum</strong></span> <span class='ocrx_word' id='word_1_493' title='bbox 745 3652 876 3692; x_wconf 81' lang='lat' dir='ltr'><strong>vero</strong></span> <span class='ocrx_word' id='word_1_494' title='bbox 922 3645 1129 3691; x_wconf 88' lang='lat' dir='ltr'><strong>statum</strong></span> <span class='ocrx_word' id='word_1_495' title='bbox 1172 3636 1415 3690; x_wconf 90' lang='lat' dir='ltr'><strong>divinum</strong></span> <span class='ocrx_word' id='word_1_496' title='bbox 1468 3649 1532 3689; x_wconf 91' lang='lat' dir='ltr'><strong>ac</strong></span> <span class='ocrx_word' id='word_1_497' title='bbox 1586 3633 2085 3703; x_wconf 78' lang='lat' dir='ltr'><strong>Splendidissimum</strong></span> 
     </span>
    </p>
   </div>
   <div class='ocr_carea' id='block_1_67' title="bbox 521 3723 2088 3788">
    <p class='ocr_par' dir='ltr' id='par_1_67' title="bbox 521 3723 2088 3788">
     <span class='ocr_line' id='line_1_67' title="bbox 521 3723 2088 3788; baseline -0.004 -5"><span class='ocrx_word' id='word_1_498' title='bbox 521 3735 579 3783; x_wconf 89' lang='lat' dir='ltr'><strong>et</strong></span> <span class='ocrx_word' id='word_1_499' title='bbox 608 3727 844 3782; x_wconf 78' lang='lat' dir='ltr'><strong>maxime</strong></span> <span class='ocrx_word' id='word_1_500' title='bbox 881 3727 1138 3781; x_wconf 89' lang='lat' dir='ltr'><strong>decorum</strong></span> <span class='ocrx_word' id='word_1_501' title='bbox 1170 3724 1362 3788; x_wconf 84' lang='lat' dir='ltr'><strong>fuisse,</strong></span> <span class='ocrx_word' id='word_1_502' title='bbox 1392 3725 1459 3780; x_wconf 90' lang='lat' dir='ltr'><strong>de</strong></span> <span class='ocrx_word' id='word_1_503' title='bbox 1484 3740 1550 3781; x_wconf 90' lang='lat' dir='ltr'><strong>eo</strong></span> <span class='ocrx_word' id='word_1_504' title='bbox 1577 3734 1803 3780; x_wconf 90' lang='lat' dir='ltr'><strong>testatur</strong></span> <span class='ocrx_word' id='word_1_505' title='bbox 1835 3724 1890 3778; x_wconf 93' lang='lat' dir='ltr'><strong>in</strong></span> <span class='ocrx_word' id='word_1_506' title='bbox 1919 3723 2088 3776; x_wconf 83' lang='lat' dir='ltr'><strong>Evan-</strong></span> 
     </span>
    </p>
   </div>
   <div class='ocr_carea' id='block_1_68' title="bbox 522 3815 2087 3889">
    <p class='ocr_par' dir='ltr' id='par_1_68' title="bbox 522 3815 2087 3889">
     <span class='ocr_line' id='line_1_68' title="bbox 522 3815 2087 3889; baseline -0.005 -16"><span class='ocrx_word' id='word_1_507' title='bbox 522 3818 664 3889; x_wconf 75' lang='lat' dir='ltr'><strong>gelio</strong></span> <span class='ocrx_word' id='word_1_508' title='bbox 693 3818 944 3888; x_wconf 84' lang='lat' dir='ltr'><strong>inquiens</strong></span> <span class='ocrx_word' id='word_1_509' title='bbox 968 3836 980 3871; x_wconf 90' lang='lat'><strong>:</strong></span> <span class='ocrx_word' id='word_1_510' title='bbox 1002 3816 1134 3870; x_wconf 86' lang='lat' dir='ltr'><strong>Ecce</strong></span> <span class='ocrx_word' id='word_1_511' title='bbox 1168 3816 1311 3871; x_wconf 81' lang='lat' dir='ltr'><strong>video</strong></span> <span class='ocrx_word' id='word_1_512' title='bbox 1352 3815 1610 3871; x_wconf 85' lang='lat' dir='ltr'><strong>Satanam</strong></span> <span class='ocrx_word' id='word_1_513' title='bbox 1638 3826 1887 3885; x_wconf 81' lang='lat' dir='ltr'><strong>tanquam</strong></span> <span class='ocrx_word' id='word_1_514' title='bbox 1904 3815 2087 3885; x_wconf 78' lang='lat' dir='ltr'><strong>fulgur</strong></span> 
     </span>
    </p>
   </div>
   <div class='ocr_carea' id='block_1_69' title="bbox 522 3910 2082 3973">
    <p class='ocr_par' dir='ltr' id='par_1_69' title="bbox 522 3910 2082 3973">
     <span class='ocr_line' id='line_1_69' title="bbox 522 3910 2082 3973; baseline -0.004 -7"><span class='ocrx_word' id='word_1_515' title='bbox 522 3911 793 3966; x_wconf 81' lang='lat' dir='ltr'><strong>cadentem</strong></span> <span class='ocrx_word' id='word_1_516' title='bbox 838 3910 901 3965; x_wconf 88' lang='lat' dir='ltr'><strong>de</strong></span> <span class='ocrx_word' id='word_1_517' title='bbox 950 3910 1077 3965; x_wconf 72' lang='lat' dir='ltr'><strong>caelo</strong></span> <span class='ocrx_word' id='word_1_518' title='bbox 1139 3911 1204 3964; x_wconf 86' lang='grc'><strong>¹⁰.</strong></span> <span class='ocrx_word' id='word_1_519' title='bbox 1263 3910 1320 3965; x_wconf 89' lang='lat' dir='ltr'><strong>Si</strong></span> <span class='ocrx_word' id='word_1_520' title='bbox 1369 3918 1550 3964; x_wconf 86' lang='lat' dir='ltr'><strong>autem</strong></span> <span class='ocrx_word' id='word_1_521' title='bbox 1604 3910 1683 3964; x_wconf 92' lang='lat' dir='ltr'><strong>sic</strong></span> <span class='ocrx_word' id='word_1_522' title='bbox 1746 3916 1901 3963; x_wconf 86' lang='lat' dir='ltr'><strong>natus</strong></span> <span class='ocrx_word' id='word_1_523' title='bbox 1944 3916 2082 3973; x_wconf 90' lang='lat' dir='ltr'><strong>erat,</strong></span> 
     </span>
    </p>
   </div>
   <div class='ocr_carea' id='block_1_70' title="bbox 527 3998 2081 4071">
    <p class='ocr_par' dir='ltr' id='par_1_70' title="bbox 527 3998 2081 4071">
     <span class='ocr_line' id='line_1_70' title="bbox 527 3998 2081 4071; baseline -0.003 -13"><span class='ocrx_word' id='word_1_524' title='bbox 527 4002 575 4058; x_wconf 90' lang='lat' dir='ltr'><strong>si</strong></span> <span class='ocrx_word' id='word_1_525' title='bbox 613 4001 694 4057; x_wconf 92' lang='lat' dir='ltr'><strong>sic</strong></span> <span class='ocrx_word' id='word_1_526' title='bbox 739 4009 897 4071; x_wconf 89' lang='lat' dir='ltr'><strong>aptus</strong></span> <span class='ocrx_word' id='word_1_527' title='bbox 936 4009 1151 4063; x_wconf 89' lang='lat' dir='ltr'><strong>natura,</strong></span> <span class='ocrx_word' id='word_1_528' title='bbox 1193 4015 1304 4054; x_wconf 91' lang='lat' dir='ltr'><strong>non</strong></span> <span class='ocrx_word' id='word_1_529' title='bbox 1339 3999 1613 4054; x_wconf 91' lang='lat' dir='ltr'><strong>diceretur</strong></span> <span class='ocrx_word' id='word_1_530' title='bbox 1645 4006 1757 4053; x_wconf 91' lang='lat' dir='ltr'><strong>tum</strong></span> <span class='ocrx_word' id='word_1_531' title='bbox 1799 3998 2081 4065; x_wconf 89' lang='lat' dir='ltr'><strong>cecidisse,</strong></span> 
     </span>
    </p>
   </div>
   <div class='ocr_carea' id='block_1_71' title="bbox 513 4091 2086 4162">
    <p class='ocr_par' dir='ltr' id='par_1_71' title="bbox 513 4091 2086 4162">
     <span class='ocr_line' id='line_1_71' title="bbox 513 4091 2086 4162; baseline -0.001 -16"><span class='ocrx_word' id='word_1_532' title='bbox 513 4101 642 4148; x_wconf 81' lang='lat' dir='ltr'><strong>.tum</strong></span> <span class='ocrx_word' id='word_1_533' title='bbox 691 4092 1007 4158; x_wconf 85' lang='lat' dir='ltr'><strong>decidisse;</strong></span> <span class='ocrx_word' id='word_1_534' title='bbox 1049 4091 1195 4161; x_wconf 90' lang='lat' dir='ltr'><strong>quod</strong></span> <span class='ocrx_word' id='word_1_535' title='bbox 1240 4093 1409 4155; x_wconf 88' lang='lat' dir='ltr'><strong>enim</strong></span> <span class='ocrx_word' id='word_1_536' title='bbox 1447 4091 1614 4155; x_wconf 87' lang='lat' dir='ltr'><strong>cadit,</strong></span> <span class='ocrx_word' id='word_1_537' title='bbox 1655 4108 1721 4146; x_wconf 81' lang='lat' dir='ltr'><strong>ex</strong></span> <span class='ocrx_word' id='word_1_538' title='bbox 1765 4099 1924 4151; x_wconf 55' lang='lat' dir='ltr'><strong>statu.</strong></span> <span class='ocrx_word' id='word_1_539' title='bbox 1955 4107 2086 4162; x_wconf 86' lang='lat' dir='ltr'><strong>quo-</strong></span> 
     </span>
    </p>
   </div>
   <div class='ocr_carea' id='block_1_72' title="bbox 514 4183 2084 4255">
    <p class='ocr_par' dir='ltr' id='par_1_72' title="bbox 514 4183 2084 4255">
     <span class='ocr_line' id='line_1_72' title="bbox 514 4183 2084 4255; baseline 0.001 -20"><span class='ocrx_word' id='word_1_540' title='bbox 514 4186 670 4255; x_wconf 8' lang='lat' dir='ltr'><strong>cpiam</strong></span> <span class='ocrx_word' id='word_1_541' title='bbox 697 4184 878 4251; x_wconf 90' lang='lat' dir='ltr'><strong>cadit;</strong></span> <span class='ocrx_word' id='word_1_542' title='bbox 910 4193 964 4239; x_wconf 89' lang='lat' dir='ltr'><strong>et</strong></span> <span class='ocrx_word' id='word_1_543' title='bbox 994 4183 1141 4254; x_wconf 88' lang='lat' dir='ltr'><strong>quod</strong></span> <span class='ocrx_word' id='word_1_544' title='bbox 1167 4184 1392 4249; x_wconf 83' lang='lat' dir='ltr'><strong>decidit,</strong></span> <span class='ocrx_word' id='word_1_545' title='bbox 1421 4199 1490 4239; x_wconf 80' lang='lat' dir='ltr'><strong>ex</strong></span> <span class='ocrx_word' id='word_1_546' title='bbox 1516 4184 1772 4254; x_wconf 88' lang='lat' dir='ltr'><strong>quapiam</strong></span> <span class='ocrx_word' id='word_1_547' title='bbox 1802 4184 2084 4238; x_wconf 89' lang='lat' dir='ltr'><strong>abundan-</strong></span> 
     </span>
    </p>
   </div>
   <div class='ocr_carea' id='block_1_73' title="bbox 518 4278 1725 4333">
    <p class='ocr_par' dir='ltr' id='par_1_73' title="bbox 518 4278 1725 4333">
     <span class='ocr_line' id='line_1_73' title="bbox 518 4278 1725 4333; baseline -0.007 0"><span class='ocrx_word' id='word_1_548' title='bbox 518 4279 601 4333; x_wconf 79' lang='lat' dir='ltr'><strong>tia</strong></span> <span class='ocrx_word' id='word_1_549' title='bbox 629 4278 860 4333; x_wconf 79' lang='lat' dir='ltr'><strong>excedit.</strong></span> <span class='ocrx_word' id='word_1_550' title='bbox 1718 4288 1725 4300; x_wconf 62' lang='grc' dir='ltr'><strong>ι</strong></span> 
     </span>
    </p>
   </div>
   <div class='ocr_carea' id='block_1_74' title="bbox 2185 3172 3763 3247">
    <p class='ocr_par' dir='ltr' id='par_1_74' title="bbox 2185 3172 3763 3247">
     <span class='ocr_line' id='line_1_74' title="bbox 2185 3172 3763 3247; baseline 0.004 -22"><span class='ocrx_word' id='word_1_551' title='bbox 2185 3172 2387 3225; x_wconf 77' lang='grc' dir='ltr'>πτῶσιν</span> <span class='ocrx_word' id='word_1_552' title='bbox 2421 3174 2514 3227; x_wconf 75' lang='grc' dir='ltr'>καὶ</span> <span class='ocrx_word' id='word_1_553' title='bbox 2540 3175 2659 3227; x_wconf 83' lang='grc' dir='ltr'>κατ’</span> <span class='ocrx_word' id='word_1_554' title='bbox 2684 3173 2900 3245; x_wconf 78' lang='grc' dir='ltr'>ὄλεθρον</span> <span class='ocrx_word' id='word_1_555' title='bbox 2924 3173 3175 3243; x_wconf 74' lang='grc' dir='ltr'>τυγχάνει</span> <span class='ocrx_word' id='word_1_556' title='bbox 3206 3176 3303 3247; x_wconf 77' lang='grc' dir='ltr'><strong>τῆς</strong></span> <span class='ocrx_word' id='word_1_557' title='bbox 3331 3175 3616 3240; x_wconf 79' lang='grc' dir='ltr'>πτώσεως,</span> <span class='ocrx_word' id='word_1_558' title='bbox 3660 3179 3763 3231; x_wconf 72' lang='grc' dir='ltr'><strong>καὶ</strong></span> 
     </span>
    </p>
   </div>
   <div class='ocr_carea' id='block_1_75' title="bbox 2183 3266 3762 3341">
    <p class='ocr_par' dir='ltr' id='par_1_75' title="bbox 2183 3266 3762 3341">
     <span class='ocr_line' id='line_1_75' title="bbox 2183 3266 3762 3341; baseline 0.002 -23"><span class='ocrx_word' id='word_1_559' title='bbox 2183 3266 2275 3319; x_wconf 80' lang='grc' dir='ltr'>τοῦ</span> <span class='ocrx_word' id='word_1_560' title='bbox 2307 3266 2516 3320; x_wconf 80' lang='grc' dir='ltr'>ὀλίσθου</span> <span class='ocrx_word' id='word_1_561' title='bbox 2563 3266 2957 3338; x_wconf 74' lang='grc' dir='ltr'>μαρτυροῦντος</span> <span class='ocrx_word' id='word_1_562' title='bbox 2995 3269 3060 3336; x_wconf 84' lang='grc' dir='ltr'>τῇ</span> <span class='ocrx_word' id='word_1_563' title='bbox 3102 3266 3445 3339; x_wconf 79' lang='grc' dir='ltr'>ὑπεξαιρέσει</span> <span class='ocrx_word' id='word_1_564' title='bbox 3476 3269 3584 3321; x_wconf 82' lang='grc' dir='ltr'><strong>τῶν</strong></span> <span class='ocrx_word' id='word_1_565' title='bbox 3616 3287 3762 3341; x_wconf 85' lang='grc' dir='ltr'>προ-</span> 
     </span>
    </p>
   </div>
   <div class='ocr_carea' id='block_1_76' title="bbox 2187 3358 3761 3433">
    <p class='ocr_par' dir='ltr' id='par_1_76' title="bbox 2187 3358 3761 3433">
     <span class='ocr_line' id='line_1_76' title="bbox 2187 3358 3761 3433; baseline 0.001 -22"><span class='ocrx_word' id='word_1_566' title='bbox 2187 3359 2550 3429; x_wconf 80' lang='grc' dir='ltr'>υπηργμένων</span> <span class='ocrx_word' id='word_1_567' title='bbox 2580 3358 2775 3422; x_wconf 82' lang='grc' dir='ltr'>καλῶν,</span> <span class='ocrx_word' id='word_1_568' title='bbox 2819 3360 3084 3430; x_wconf 85' lang='grc' dir='ltr'>μαρτυρεῖ</span> <span class='ocrx_word' id='word_1_569' title='bbox 3113 3359 3211 3429; x_wconf 85' lang='grc' dir='ltr'>μὲν</span> <span class='ocrx_word' id='word_1_570' title='bbox 3226 3360 3451 3424; x_wconf 76' lang='grc' dir='ltr'>Ἡσαΐας</span> <span class='ocrx_word' id='word_1_571' title='bbox 3478 3359 3508 3411; x_wconf 79' lang='grc' dir='ltr'><strong>ὁ</strong></span> <span class='ocrx_word' id='word_1_572' title='bbox 3534 3363 3761 3433; x_wconf 70' lang='grc' dir='ltr'>προφή-</span> 
     </span>
    </p>
   </div>
   <div class='ocr_carea' id='block_1_77' title="bbox 2181 3450 3765 3522">
    <p class='ocr_par' dir='ltr' id='par_1_77' title="bbox 2181 3450 3765 3522">
     <span class='ocr_line' id='line_1_77' title="bbox 2181 3450 3765 3522; baseline 0.003 -20"><span class='ocrx_word' id='word_1_573' title='bbox 2181 3467 2303 3521; x_wconf 66' lang='grc' dir='ltr'><strong>της</strong></span> <span class='ocrx_word' id='word_1_574' title='bbox 2319 3450 2449 3515; x_wconf 86' lang='grc' dir='ltr'>Πῶς</span> <span class='ocrx_word' id='word_1_575' title='bbox 2460 3451 2746 3515; x_wconf 78' lang='grc' dir='ltr'>ἐξέπεσεν</span> <span class='ocrx_word' id='word_1_576' title='bbox 2758 3450 2826 3503; x_wconf 81' lang='grc' dir='ltr'>ἐκ</span> <span class='ocrx_word' id='word_1_577' title='bbox 2844 3450 2946 3504; x_wconf 82' lang='grc' dir='ltr'>τοῦ</span> <span class='ocrx_word' id='word_1_578' title='bbox 2966 3450 3221 3517; x_wconf 75' lang='grc' dir='ltr'>οὐραγοῦ</span> <span class='ocrx_word' id='word_1_579' title='bbox 3239 3454 3273 3505; x_wconf 85' lang='grc' dir='ltr'><strong>ό</strong></span> <span class='ocrx_word' id='word_1_580' title='bbox 3287 3452 3593 3521; x_wconf 63' lang='grc' dir='ltr'>ἑωσφόρος</span> <span class='ocrx_word' id='word_1_581' title='bbox 3605 3456 3765 3522; x_wconf 66' lang='lat' dir='ltr'><strong>:rpat</strong></span> 
     </span>
    </p>
   </div>
   <div class='ocr_carea' id='block_1_78' title="bbox 2182 3543 3759 3614">
    <p class='ocr_par' dir='ltr' id='par_1_78' title="bbox 2182 3543 3759 3614">
     <span class='ocr_line' id='line_1_78' title="bbox 2182 3543 3759 3614; baseline 0.003 -18"><span class='ocrx_word' id='word_1_582' title='bbox 2182 3543 2560 3607; x_wconf 70' lang='grc' dir='ltr'><strong>ἁνατέλλων;</strong></span> <span class='ocrx_word' id='word_1_583' title='bbox 2583 3544 2682 3614; x_wconf 80' lang='grc' dir='ltr'>τὴν</span> <span class='ocrx_word' id='word_1_584' title='bbox 2726 3544 2822 3613; x_wconf 82' lang='grc' dir='ltr'>μὲν</span> <span class='ocrx_word' id='word_1_585' title='bbox 2849 3543 3054 3596; x_wconf 85' lang='grc' dir='ltr'>τοιάνδε</span> <span class='ocrx_word' id='word_1_586' title='bbox 3099 3544 3261 3597; x_wconf 74' lang='grc' dir='ltr'>αὐτοῦ</span> <span class='ocrx_word' id='word_1_587' title='bbox 3292 3546 3632 3601; x_wconf 74' lang='grc' dir='ltr'>κατάστασιν</span> <span class='ocrx_word' id='word_1_588' title='bbox 3662 3549 3759 3601; x_wconf 76' lang='grc' dir='ltr'><strong>ἐκ-</strong></span> 
     </span>
    </p>
   </div>
   <div class='ocr_carea' id='block_1_79' title="bbox 2186 3635 3758 3713">
    <p class='ocr_par' dir='ltr' id='par_1_79' title="bbox 2186 3635 3758 3713">
     <span class='ocr_line' id='line_1_79' title="bbox 2186 3635 3758 3713; baseline 0.004 -25"><span class='ocrx_word' id='word_1_589' title='bbox 2186 3652 2393 3690; x_wconf 88' lang='grc' dir='ltr'>πτωτον</span> <span class='ocrx_word' id='word_1_590' title='bbox 2418 3635 2590 3702; x_wconf 84' lang='grc' dir='ltr'>εἰδὼς,</span> <span class='ocrx_word' id='word_1_591' title='bbox 2615 3637 2711 3707; x_wconf 80' lang='grc' dir='ltr'>τὴν</span> <span class='ocrx_word' id='word_1_592' title='bbox 2731 3636 2787 3690; x_wconf 83' lang='grc' dir='ltr'>δὲ</span> <span class='ocrx_word' id='word_1_593' title='bbox 2810 3637 3045 3691; x_wconf 82' lang='grc' dir='ltr'>παλαιὰν</span> <span class='ocrx_word' id='word_1_594' title='bbox 3072 3637 3221 3692; x_wconf 87' lang='grc' dir='ltr'>θείαν</span> <span class='ocrx_word' id='word_1_595' title='bbox 3239 3640 3332 3692; x_wconf 72' lang='grc' dir='ltr'>καὶ</span> <span class='ocrx_word' id='word_1_596' title='bbox 3354 3639 3758 3713; x_wconf 71' lang='grc' dir='ltr'>διαυγεστάτην</span> 
     </span>
    </p>
   </div>
   <div class='ocr_carea' id='block_1_80' title="bbox 2182 3728 3759 3805">
    <p class='ocr_par' dir='ltr' id='par_1_80' title="bbox 2182 3728 3759 3805">
     <span class='ocr_line' id='line_1_80' title="bbox 2182 3728 3759 3805; baseline 0.004 -24"><span class='ocrx_word' id='word_1_597' title='bbox 2182 3728 2569 3798; x_wconf 81' lang='grc' dir='ltr'>τυγχάνουσαν·</span> <span class='ocrx_word' id='word_1_598' title='bbox 2605 3732 2867 3800; x_wconf 87' lang='grc' dir='ltr'>μαρτυρεῖ</span> <span class='ocrx_word' id='word_1_599' title='bbox 2890 3729 2946 3782; x_wconf 82' lang='grc' dir='ltr'>δὲ</span> <span class='ocrx_word' id='word_1_600' title='bbox 2975 3732 3070 3784; x_wconf 77' lang='grc' dir='ltr'>καὶ</span> <span class='ocrx_word' id='word_1_601' title='bbox 3097 3734 3125 3784; x_wconf 78' lang='grc' dir='ltr'><strong>ό</strong></span> <span class='ocrx_word' id='word_1_602' title='bbox 3160 3732 3348 3803; x_wconf 73' lang='grc' dir='ltr'>Σωτὴρ</span> <span class='ocrx_word' id='word_1_603' title='bbox 3380 3734 3438 3786; x_wconf 84' lang='grc' dir='ltr'>ὲν</span> <span class='ocrx_word' id='word_1_604' title='bbox 3467 3733 3547 3805; x_wconf 78' lang='grc' dir='ltr'><strong>τῷ</strong></span> <span class='ocrx_word' id='word_1_605' title='bbox 3575 3735 3759 3804; x_wconf 72' lang='grc' dir='ltr'>Εὐαγ-</span> 
     </span>
    </p>
   </div>
   <div class='ocr_carea' id='block_1_81' title="bbox 2182 3818 3755 3894">
    <p class='ocr_par' dir='ltr' id='par_1_81' title="bbox 2182 3818 3755 3894">
     <span class='ocr_line' id='line_1_81' title="bbox 2182 3818 3755 3894; baseline 0.007 -24"><span class='ocrx_word' id='word_1_606' title='bbox 2182 3818 2368 3889; x_wconf 82' lang='grc' dir='ltr'>γελίῳ,</span> <span class='ocrx_word' id='word_1_607' title='bbox 2401 3818 2591 3888; x_wconf 84' lang='grc' dir='ltr'>λέγων·</span> <span class='ocrx_word' id='word_1_608' title='bbox 2638 3820 2781 3874; x_wconf 81' lang='grc' dir='ltr'>Ἰδοὺ</span> <span class='ocrx_word' id='word_1_609' title='bbox 2818 3820 2932 3889; x_wconf 77' lang='grc' dir='ltr'>ὁρῶ</span> <span class='ocrx_word' id='word_1_610' title='bbox 2956 3822 3064 3876; x_wconf 79' lang='grc' dir='ltr'><strong>τὸν</strong></span> <span class='ocrx_word' id='word_1_611' title='bbox 3095 3821 3369 3877; x_wconf 69' lang='grc' dir='ltr'>Σατανᾶν</span> <span class='ocrx_word' id='word_1_612' title='bbox 3396 3824 3480 3890; x_wconf 86' lang='grc' dir='ltr'>ὡς</span> <span class='ocrx_word' id='word_1_613' title='bbox 3526 3827 3755 3894; x_wconf 64' lang='lat' dir='ltr'><strong>dama-</strong></span> 
     </span>
    </p>
   </div>
   <div class='ocr_carea' id='block_1_82' title="bbox 2182 3909 3760 3989">
    <p class='ocr_par' dir='ltr' id='par_1_82' title="bbox 2182 3909 3760 3989">
     <span class='ocr_line' id='line_1_82' title="bbox 2182 3909 3760 3989; baseline 0.006 -26"><span class='ocrx_word' id='word_1_614' title='bbox 2182 3909 2308 3979; x_wconf 80' lang='grc' dir='ltr'><strong>πὴν</strong></span> <span class='ocrx_word' id='word_1_615' title='bbox 2342 3913 2606 3965; x_wconf 80' lang='grc' dir='ltr'>πεσόντα</span> <span class='ocrx_word' id='word_1_616' title='bbox 2635 3912 2703 3965; x_wconf 83' lang='grc' dir='ltr'>ἐκ</span> <span class='ocrx_word' id='word_1_617' title='bbox 2734 3912 2839 3967; x_wconf 87' lang='grc' dir='ltr'>τοῦ</span> <span class='ocrx_word' id='word_1_618' title='bbox 2864 3916 3140 3982; x_wconf 82' lang='grc' dir='ltr'>οὐρανοῦ.</span> <span class='ocrx_word' id='word_1_619' title='bbox 3179 3917 3240 3969; x_wconf 85' lang='grc' dir='ltr'><strong>Εἰ</strong></span> <span class='ocrx_word' id='word_1_620' title='bbox 3270 3917 3327 3970; x_wconf 81' lang='grc' dir='ltr'>δὲ</span> <span class='ocrx_word' id='word_1_621' title='bbox 3349 3917 3522 3983; x_wconf 75' lang='grc' dir='ltr'>οὕτως</span> <span class='ocrx_word' id='word_1_622' title='bbox 3554 3921 3760 3989; x_wconf 71' lang='grc' dir='ltr'>ἐπεφύ-</span> 
     </span>
    </p>
   </div>
   <div class='ocr_carea' id='block_1_83' title="bbox 2183 3999 3757 4081">
    <p class='ocr_par' dir='ltr' id='par_1_83' title="bbox 2183 3999 3757 4081">
     <span class='ocr_line' id='line_1_83' title="bbox 2183 3999 3757 4081; baseline 0.007 -27"><span class='ocrx_word' id='word_1_623' title='bbox 2183 4018 2288 4066; x_wconf 88' lang='grc' dir='ltr'>κει,</span> <span class='ocrx_word' id='word_1_624' title='bbox 2310 4002 2406 4075; x_wconf 68' lang='grc' dir='ltr'><strong>⁵καὶ</strong></span> <span class='ocrx_word' id='word_1_625' title='bbox 2432 4000 2602 4065; x_wconf 71' lang='grc' dir='ltr'>οὕτως</span> <span class='ocrx_word' id='word_1_626' title='bbox 2627 3999 2715 4073; x_wconf 81' lang='grc' dir='ltr'>ἦν,</span> <span class='ocrx_word' id='word_1_627' title='bbox 2757 4004 2858 4057; x_wconf 78' lang='grc' dir='ltr'>οὐκ</span> <span class='ocrx_word' id='word_1_628' title='bbox 2886 4004 2951 4057; x_wconf 81' lang='grc' dir='ltr'>ἂν</span> <span class='ocrx_word' id='word_1_629' title='bbox 2979 4005 3053 4076; x_wconf 80' lang='grc' dir='ltr'>πὴ</span> <span class='ocrx_word' id='word_1_630' title='bbox 3084 4007 3181 4077; x_wconf 85' lang='grc' dir='ltr'>μὲν</span> <span class='ocrx_word' id='word_1_631' title='bbox 3210 4007 3429 4072; x_wconf 82' lang='grc' dir='ltr'>πτῶσις,</span> <span class='ocrx_word' id='word_1_632' title='bbox 3470 4011 3544 4081; x_wconf 74' lang='grc' dir='ltr'><strong>πη</strong></span> <span class='ocrx_word' id='word_1_633' title='bbox 3576 4010 3635 4063; x_wconf 85' lang='grc' dir='ltr'>δὲ</span> <span class='ocrx_word' id='word_1_634' title='bbox 3661 4013 3757 4066; x_wconf 79' lang='grc' dir='ltr'><strong>ἐκ·</strong></span> 
     </span>
    </p>
   </div>
   <div class='ocr_carea' id='block_1_84' title="bbox 2184 4095 3751 4169">
    <p class='ocr_par' dir='ltr' id='par_1_84' title="bbox 2184 4095 3751 4169">
     <span class='ocr_line' id='line_1_84' title="bbox 2184 4095 3751 4169; baseline 0.008 -24"><span class='ocrx_word' id='word_1_635' title='bbox 2184 4111 2388 4157; x_wconf 84' lang='grc' dir='ltr'>πτωσις</span> <span class='ocrx_word' id='word_1_636' title='bbox 2418 4095 2680 4148; x_wconf 81' lang='grc' dir='ltr'>ἐκαλεῖτο·</span> <span class='ocrx_word' id='word_1_637' title='bbox 2714 4096 2774 4149; x_wconf 85' lang='grc' dir='ltr'>τὸ</span> <span class='ocrx_word' id='word_1_638' title='bbox 2813 4097 2921 4169; x_wconf 83' lang='grc' dir='ltr'><strong>γὰρ</strong></span> <span class='ocrx_word' id='word_1_639' title='bbox 2966 4103 3162 4153; x_wconf 82' lang='grc' dir='ltr'>πῖπτον</span> <span class='ocrx_word' id='word_1_640' title='bbox 3193 4102 3297 4154; x_wconf 79' lang='grc' dir='ltr'>ἀπό</span> <span class='ocrx_word' id='word_1_641' title='bbox 3326 4120 3464 4164; x_wconf 80' lang='grc' dir='ltr'>τινος</span> <span class='ocrx_word' id='word_1_642' title='bbox 3495 4104 3751 4169; x_wconf 76' lang='grc' dir='ltr'>στάσεως</span> 
     </span>
    </p>
   </div>
   <div class='ocr_carea' id='block_1_85' title="bbox 2182 4185 3750 4265">
    <p class='ocr_par' dir='ltr' id='par_1_85' title="bbox 2182 4185 3750 4265">
     <span class='ocr_line' id='line_1_85' title="bbox 2182 4185 3750 4265; baseline 0.008 -28"><span class='ocrx_word' id='word_1_643' title='bbox 2182 4185 2391 4239; x_wconf 75' lang='grc' dir='ltr'>πίπτειο</span> <span class='ocrx_word' id='word_1_644' title='bbox 2437 4187 2498 4240; x_wconf 78' lang='grc' dir='ltr'>τὸ</span> <span class='ocrx_word' id='word_1_645' title='bbox 2542 4188 2600 4241; x_wconf 84' lang='grc' dir='ltr'>δὲ</span> <span class='ocrx_word' id='word_1_646' title='bbox 2646 4191 2907 4244; x_wconf 80' lang='grc' dir='ltr'>ἐκπῖπτον</span> <span class='ocrx_word' id='word_1_647' title='bbox 2958 4191 3065 4245; x_wconf 85' lang='grc' dir='ltr'>ἀπό</span> <span class='ocrx_word' id='word_1_648' title='bbox 3107 4210 3253 4257; x_wconf 85' lang='grc' dir='ltr'>τινος</span> <span class='ocrx_word' id='word_1_649' title='bbox 3291 4194 3598 4265; x_wconf 78' lang='grc' dir='ltr'>περιουσίας</span> <span class='ocrx_word' id='word_1_650' title='bbox 3641 4199 3750 4249; x_wconf 81' lang='grc' dir='ltr'><strong>ὲκ-</strong></span> 
     </span>
    </p>
   </div>
   <div class='ocr_carea' id='block_1_86' title="bbox 2182 4278 2380 4333">
    <p class='ocr_par' dir='ltr' id='par_1_86' title="bbox 2182 4278 2380 4333">
     <span class='ocr_line' id='line_1_86' title="bbox 2182 4278 2380 4333; baseline 0.005 -1"><span class='ocrx_word' id='word_1_651' title='bbox 2182 4278 2380 4333; x_wconf 89' lang='grc' dir='ltr'>ϐαίνει.</span> 
     </span>
    </p>
   </div>
   <div class='ocr_carea' id='block_1_87' title="bbox 596 4365 2086 4447">
    <p class='ocr_par' dir='ltr' id='par_1_87' title="bbox 596 4365 2082 4437">
     <span class='ocr_line' id='line_1_87' title="bbox 596 4365 2082 4437; baseline 0.001 -14"><span class='ocrx_word' id='word_1_652' title='bbox 596 4370 652 4424; x_wconf 88' lang='lat' dir='ltr'><strong>Si</strong></span> <span class='ocrx_word' id='word_1_653' title='bbox 681 4368 993 4423; x_wconf 89' lang='lat' dir='ltr'><strong>nominatur</strong></span> <span class='ocrx_word' id='word_1_654' title='bbox 1012 4367 1064 4420; x_wconf 89' lang='lat' dir='ltr'><strong>in</strong></span> <span class='ocrx_word' id='word_1_655' title='bbox 1088 4366 1155 4422; x_wconf 89' lang='lat' dir='ltr'><strong>iis</strong></span> <span class='ocrx_word' id='word_1_656' title='bbox 1177 4367 1265 4437; x_wconf 89' lang='lat' dir='ltr'><strong>qui</strong></span> <span class='ocrx_word' id='word_1_657' title='bbox 1291 4365 1625 4429; x_wconf 88' lang='lat' dir='ltr'><strong>ceciderunt,</strong></span> <span class='ocrx_word' id='word_1_658' title='bbox 1650 4373 1766 4420; x_wconf 87' lang='lat' dir='ltr'><strong>erat</strong></span> <span class='ocrx_word' id='word_1_659' title='bbox 1791 4366 2082 4436; x_wconf 89' lang='lat' dir='ltr'><strong>aliquando</strong></span> 
     </span>
    </p>
   </div>
   <div class='ocr_carea' id='block_1_88' title="bbox 2186 4365 3754 4447">
    <p class='ocr_par' dir='ltr' id='par_1_88' title="bbox 2255 4371 3754 4447">
     <span class='ocr_line' id='line_1_88' title="bbox 2255 4371 3754 4447; baseline 0.009 -23"><span class='ocrx_word' id='word_1_660' title='bbox 2255 4372 2317 4425; x_wconf 78' lang='lat' dir='ltr'><strong>Et</strong></span> <span class='ocrx_word' id='word_1_661' title='bbox 2345 4372 2401 4425; x_wconf 87' lang='grc' dir='ltr'>δὲ</span> <span class='ocrx_word' id='word_1_662' title='bbox 2431 4374 2487 4425; x_wconf 78' lang='grc' dir='ltr'>ἐν</span> <span class='ocrx_word' id='word_1_663' title='bbox 2524 4373 2745 4427; x_wconf 80' lang='grc' dir='ltr'>πεσοῦσι</span> <span class='ocrx_word' id='word_1_664' title='bbox 2788 4373 3021 4442; x_wconf 82' lang='grc' dir='ltr'>λέγεται,</span> <span class='ocrx_word' id='word_1_665' title='bbox 3048 4371 3116 4447; x_wconf 82' lang='grc' dir='ltr'>ἦν</span> <span class='ocrx_word' id='word_1_666' title='bbox 3161 4395 3292 4432; x_wconf 87' lang='grc' dir='ltr'>ποτε</span> <span class='ocrx_word' id='word_1_667' title='bbox 3340 4380 3394 4433; x_wconf 84' lang='grc' dir='ltr'>ὲν</span> <span class='ocrx_word' id='word_1_668' title='bbox 3434 4380 3626 4435; x_wconf 81' lang='grc' dir='ltr'>στάσει</span> <span class='ocrx_word' id='word_1_669' title='bbox 3652 4386 3754 4437; x_wconf 80' lang='grc' dir='ltr'><strong>καὶ</strong></span> 
     </span>
    </p>
   </div>
   <div class='ocr_carea' id='block_1_89' title="bbox 523 4456 2079 4527">
    <p class='ocr_par' dir='ltr' id='par_1_89' title="bbox 523 4456 2079 4527">
     <span class='ocr_line' id='line_1_89' title="bbox 523 4456 2079 4527; baseline -0.002 -11"><span class='ocrx_word' id='word_1_670' title='bbox 523 4463 580 4516; x_wconf 90' lang='lat' dir='ltr'><strong>in</strong></span> <span class='ocrx_word' id='word_1_671' title='bbox 614 4468 757 4515; x_wconf 91' lang='lat' dir='ltr'><strong>statu</strong></span> <span class='ocrx_word' id='word_1_672' title='bbox 789 4466 843 4514; x_wconf 91' lang='lat' dir='ltr'><strong>et</strong></span> <span class='ocrx_word' id='word_1_673' title='bbox 871 4457 1165 4513; x_wconf 89' lang='lat' dir='ltr'><strong>stabilitate</strong></span> <span class='ocrx_word' id='word_1_674' title='bbox 1195 4458 1278 4512; x_wconf 88' lang='lat' dir='ltr'><strong>:si</strong></span> <span class='ocrx_word' id='word_1_675' title='bbox 1322 4465 1499 4511; x_wconf 87' lang='lat' dir='ltr'><strong>autem</strong></span> <span class='ocrx_word' id='word_1_676' title='bbox 1548 4456 1605 4510; x_wconf 91' lang='lat' dir='ltr'><strong>in</strong></span> <span class='ocrx_word' id='word_1_677' title='bbox 1644 4457 1712 4511; x_wconf 91' lang='lat' dir='ltr'><strong>iis</strong></span> <span class='ocrx_word' id='word_1_678' title='bbox 1737 4459 1828 4527; x_wconf 89' lang='lat' dir='ltr'><strong>qui</strong></span> <span class='ocrx_word' id='word_1_679' title='bbox 1860 4457 2079 4513; x_wconf 89' lang='lat' dir='ltr'><strong>decide-</strong></span> 
     </span>
    </p>
   </div>
   <div class='ocr_carea' id='block_1_90' title="bbox 526 4549 2083 4619">
    <p class='ocr_par' dir='ltr' id='par_1_90' title="bbox 526 4549 2083 4619">
     <span class='ocr_line' id='line_1_90' title="bbox 526 4549 2083 4619; baseline -0.002 -11"><span class='ocrx_word' id='word_1_680' title='bbox 526 4562 673 4616; x_wconf 86' lang='lat' dir='ltr'><strong>runt,</strong></span> <span class='ocrx_word' id='word_1_681' title='bbox 701 4558 1015 4612; x_wconf 89' lang='lat' dir='ltr'><strong>accusatur,</strong></span> <span class='ocrx_word' id='word_1_682' title='bbox 1055 4566 1163 4604; x_wconf 92' lang='lat' dir='ltr'><strong>non</strong></span> <span class='ocrx_word' id='word_1_683' title='bbox 1189 4560 1306 4605; x_wconf 90' lang='lat' dir='ltr'><strong>erat</strong></span> <span class='ocrx_word' id='word_1_684' title='bbox 1333 4549 1510 4619; x_wconf 90' lang='lat' dir='ltr'><strong>inops,</strong></span> <span class='ocrx_word' id='word_1_685' title='bbox 1539 4563 1647 4603; x_wconf 89' lang='lat' dir='ltr'><strong>non</strong></span> <span class='ocrx_word' id='word_1_686' title='bbox 1693 4559 1810 4605; x_wconf 90' lang='lat' dir='ltr'><strong>erat</strong></span> <span class='ocrx_word' id='word_1_687' title='bbox 1834 4551 1952 4606; x_wconf 89' lang='lat' dir='ltr'><strong>lrus</strong></span> <span class='ocrx_word' id='word_1_688' title='bbox 1993 4551 2083 4605; x_wconf 88' lang='lat' dir='ltr'><strong>ali-</strong></span> 
     </span>
    </p>
   </div>
   <div class='ocr_carea' id='block_1_91' title="bbox 523 4641 2082 4716">
    <p class='ocr_par' dir='ltr' id='par_1_91' title="bbox 523 4641 2082 4716">
     <span class='ocr_line' id='line_1_91' title="bbox 523 4641 2082 4716; baseline -0.002 -16"><span class='ocrx_word' id='word_1_689' title='bbox 523 4644 761 4716; x_wconf 90' lang='lat' dir='ltr'><strong>quando,</strong></span> <span class='ocrx_word' id='word_1_690' title='bbox 794 4660 917 4698; x_wconf 91' lang='lat' dir='ltr'><strong>cum</strong></span> <span class='ocrx_word' id='word_1_691' title='bbox 960 4643 1209 4698; x_wconf 85' lang='lat' dir='ltr'><strong>allluebat</strong></span> <span class='ocrx_word' id='word_1_692' title='bbox 1238 4641 1396 4697; x_wconf 90' lang='lat' dir='ltr'><strong>bonis</strong></span> <span class='ocrx_word' id='word_1_693' title='bbox 1430 4642 1683 4712; x_wconf 65' lang='lat' dir='ltr'><strong>coniose;</strong></span> <span class='ocrx_word' id='word_1_694' title='bbox 1730 4644 1927 4714; x_wconf 86' lang='lat' dir='ltr'><strong>quibus</strong></span> <span class='ocrx_word' id='word_1_695' title='bbox 1958 4660 2082 4715; x_wconf 84' lang='lat' dir='ltr'><strong>pro-</strong></span> 
     </span>
    </p>
   </div>
   <div class='ocr_carea' id='block_1_92' title="bbox 526 4733 2083 4808">
    <p class='ocr_par' dir='ltr' id='par_1_92' title="bbox 526 4733 2083 4808">
     <span class='ocr_line' id='line_1_92' title="bbox 526 4733 2083 4808; baseline -0.001 -17"><span class='ocrx_word' id='word_1_696' title='bbox 526 4747 644 4808; x_wconf 88' lang='lat' dir='ltr'><strong>pter</strong></span> <span class='ocrx_word' id='word_1_697' title='bbox 677 4737 925 4793; x_wconf 88' lang='lat' dir='ltr'><strong>morbum</strong></span> <span class='ocrx_word' id='word_1_698' title='bbox 961 4735 1196 4804; x_wconf 89' lang='lat' dir='ltr'><strong>aliquem</strong></span> <span class='ocrx_word' id='word_1_699' title='bbox 1233 4733 1496 4803; x_wconf 88' lang='lat' dir='ltr'><strong>privatus,</strong></span> <span class='ocrx_word' id='word_1_700' title='bbox 1530 4735 1584 4787; x_wconf 89' lang='lat' dir='ltr'><strong>in</strong></span> <span class='ocrx_word' id='word_1_701' title='bbox 1630 4735 1696 4788; x_wconf 91' lang='lat' dir='ltr'><strong>iis</strong></span> <span class='ocrx_word' id='word_1_702' title='bbox 1741 4737 1831 4804; x_wconf 88' lang='lat' dir='ltr'><strong>qui</strong></span> <span class='ocrx_word' id='word_1_703' title='bbox 1869 4736 2083 4791; x_wconf 86' lang='lat' dir='ltr'><strong>cecide-</strong></span> 
     </span>
    </p>
   </div>
   <div class='ocr_carea' id='block_1_93' title="bbox 524 4823 2082 4895">
    <p class='ocr_par' dir='ltr' id='par_1_93' title="bbox 524 4823 2082 4895">
     <span class='ocr_line' id='line_1_93' title="bbox 524 4823 2082 4895; baseline -0.001 -12"><span class='ocrx_word' id='word_1_704' title='bbox 524 4837 673 4894; x_wconf 84' lang='lat' dir='ltr'><strong>runt,</strong></span> <span class='ocrx_word' id='word_1_705' title='bbox 704 4836 1023 4883; x_wconf 89' lang='lat' dir='ltr'><strong>numeratur</strong></span> <span class='ocrx_word' id='word_1_706' title='bbox 1057 4834 1110 4880; x_wconf 90' lang='lat' dir='ltr'><strong>et</strong></span> <span class='ocrx_word' id='word_1_707' title='bbox 1145 4826 1391 4880; x_wconf 89' lang='lat' dir='ltr'><strong>habetur.</strong></span> <span class='ocrx_word' id='word_1_708' title='bbox 1427 4823 1569 4880; x_wconf 83' lang='lat' dir='ltr'><strong>Sane</strong></span> <span class='ocrx_word' id='word_1_709' title='bbox 1600 4827 1817 4895; x_wconf 87' lang='lat' dir='ltr'><strong>quidem</strong></span> <span class='ocrx_word' id='word_1_710' title='bbox 1858 4827 2082 4882; x_wconf 84' lang='lat' dir='ltr'><strong>alllueu-</strong></span> 
     </span>
    </p>
   </div>
   <div class='ocr_carea' id='block_1_94' title="bbox 526 4920 2081 4993">
    <p class='ocr_par' dir='ltr' id='par_1_94' title="bbox 526 4920 2081 4993">
     <span class='ocr_line' id='line_1_94' title="bbox 526 4920 2081 4993; baseline -0.002 -15"><span class='ocrx_word' id='word_1_711' title='bbox 526 4926 656 4978; x_wconf 90' lang='lat' dir='ltr'><strong>tiam</strong></span> <span class='ocrx_word' id='word_1_712' title='bbox 701 4924 819 4993; x_wconf 89' lang='lat' dir='ltr'><strong>ejus</strong></span> <span class='ocrx_word' id='word_1_713' title='bbox 870 4921 1152 4991; x_wconf 86' lang='lat' dir='ltr'><strong>Scriptura</strong></span> <span class='ocrx_word' id='word_1_714' title='bbox 1195 4920 1504 4977; x_wconf 84' lang='lat' dir='ltr'><strong>fatetur:si</strong></span> <span class='ocrx_word' id='word_1_715' title='bbox 1534 4921 1680 4976; x_wconf 90' lang='lat' dir='ltr'><strong>enim</strong></span> <span class='ocrx_word' id='word_1_716' title='bbox 1726 4921 1781 4973; x_wconf 91' lang='lat' dir='ltr'><strong>in</strong></span> <span class='ocrx_word' id='word_1_717' title='bbox 1826 4935 1891 4975; x_wconf 92' lang='lat' dir='ltr'><strong>eo</strong></span> <span class='ocrx_word' id='word_1_718' title='bbox 1939 4920 2081 4990; x_wconf 88' lang='lat' dir='ltr'><strong>quod</strong></span> 
     </span>
    </p>
   </div>
   <div class='ocr_carea' id='block_1_95' title="bbox 526 5016 2084 5086">
    <p class='ocr_par' dir='ltr' id='par_1_95' title="bbox 526 5016 2084 5086">
     <span class='ocr_line' id='line_1_95' title="bbox 526 5016 2084 5086; baseline -0.003 -12"><span class='ocrx_word' id='word_1_719' title='bbox 526 5020 629 5086; x_wconf 89' lang='lat' dir='ltr'><strong>ait,</strong></span> <span class='ocrx_word' id='word_1_720' title='bbox 676 5018 946 5086; x_wconf 86' lang='lat' dir='ltr'><strong>Quomodo</strong></span> <span class='ocrx_word' id='word_1_721' title='bbox 998 5019 1181 5072; x_wconf 83' lang='lat' dir='ltr'><strong>cecidit</strong></span> <span class='ocrx_word' id='word_1_722' title='bbox 1237 5017 1458 5086; x_wconf 81' lang='lat' dir='ltr'><strong>lucifer?</strong></span> <span class='ocrx_word' id='word_1_723' title='bbox 1505 5032 1701 5071; x_wconf 90' lang='lat' dir='ltr'><strong>nomen</strong></span> <span class='ocrx_word' id='word_1_724' title='bbox 1748 5016 1960 5071; x_wconf 80' lang='lat' dir='ltr'><strong>luciferi</strong></span> <span class='ocrx_word' id='word_1_725' title='bbox 2003 5016 2084 5071; x_wconf 76' lang='lat' dir='ltr'><strong>af-</strong></span> 
     </span>
    </p>
   </div>
   <div class='ocr_carea' id='block_1_96' title="bbox 524 5108 2085 5181">
    <p class='ocr_par' dir='ltr' id='par_1_96' title="bbox 524 5108 2085 5181">
     <span class='ocr_line' id='line_1_96' title="bbox 524 5108 2085 5181; baseline -0.004 -13"><span class='ocrx_word' id='word_1_726' title='bbox 524 5112 746 5168; x_wconf 81' lang='lat' dir='ltr'><strong>ﬂuentia</strong></span> <span class='ocrx_word' id='word_1_727' title='bbox 782 5121 918 5174; x_wconf 90' lang='lat' dir='ltr'><strong>erat,</strong></span> <span class='ocrx_word' id='word_1_728' title='bbox 953 5119 1006 5166; x_wconf 92' lang='lat' dir='ltr'><strong>et</strong></span> <span class='ocrx_word' id='word_1_729' title='bbox 1037 5110 1130 5181; x_wconf 89' lang='lat' dir='ltr'><strong>qui</strong></span> <span class='ocrx_word' id='word_1_730' title='bbox 1163 5118 1281 5165; x_wconf 91' lang='lat' dir='ltr'><strong>erat</strong></span> <span class='ocrx_word' id='word_1_731' title='bbox 1309 5109 1502 5164; x_wconf 79' lang='lat' dir='ltr'><strong>lucifer</strong></span> <span class='ocrx_word' id='word_1_732' title='bbox 1536 5109 1709 5179; x_wconf 88' lang='lat' dir='ltr'><strong>ipsam</strong></span> <span class='ocrx_word' id='word_1_733' title='bbox 1754 5108 1963 5164; x_wconf 77' lang='lat' dir='ltr'><strong>luciferi</strong></span> <span class='ocrx_word' id='word_1_734' title='bbox 2006 5109 2085 5164; x_wconf 83' lang='lat' dir='ltr'><strong>ef-</strong></span> 
     </span>
    </p>
   </div>
   <div class='ocr_carea' id='block_1_97' title="bbox 528 5201 2084 5271">
    <p class='ocr_par' dir='ltr' id='par_1_97' title="bbox 528 5201 2084 5271">
     <span class='ocr_line' id='line_1_97' title="bbox 528 5201 2084 5271; baseline -0.003 -13"><span class='ocrx_word' id='word_1_735' title='bbox 528 5204 813 5259; x_wconf 82' lang='lat' dir='ltr'><strong>fectionem</strong></span> <span class='ocrx_word' id='word_1_736' title='bbox 835 5211 888 5257; x_wconf 90' lang='lat' dir='ltr'><strong>et</strong></span> <span class='ocrx_word' id='word_1_737' title='bbox 909 5203 1038 5267; x_wconf 89' lang='lat' dir='ltr'><strong>vim,</strong></span> <span class='ocrx_word' id='word_1_738' title='bbox 1063 5210 1117 5258; x_wconf 91' lang='lat' dir='ltr'><strong>et</strong></span> <span class='ocrx_word' id='word_1_739' title='bbox 1135 5201 1477 5267; x_wconf 86' lang='lat' dir='ltr'><strong>aﬂluentiam,</strong></span> <span class='ocrx_word' id='word_1_740' title='bbox 1495 5209 1547 5256; x_wconf 87' lang='lat' dir='ltr'><strong>et</strong></span> <span class='ocrx_word' id='word_1_741' title='bbox 1570 5202 1967 5271; x_wconf 89' lang='lat' dir='ltr'><strong>possessionem</strong></span> <span class='ocrx_word' id='word_1_742' title='bbox 1986 5201 2084 5255; x_wconf 88' lang='lat' dir='ltr'><strong>ha-</strong></span> 
     </span>
    </p>
   </div>
   <div class='ocr_carea' id='block_1_98' title="bbox 524 5295 2085 5362">
    <p class='ocr_par' dir='ltr' id='par_1_98' title="bbox 524 5295 2085 5362">
     <span class='ocr_line' id='line_1_98' title="bbox 524 5295 2085 5362; baseline -0.001 -12"><span class='ocrx_word' id='word_1_743' title='bbox 524 5296 717 5362; x_wconf 82' lang='lat' dir='ltr'><strong>bebat;</strong></span> <span class='ocrx_word' id='word_1_744' title='bbox 749 5302 804 5349; x_wconf 92' lang='lat' dir='ltr'><strong>et</strong></span> <span class='ocrx_word' id='word_1_745' title='bbox 835 5295 902 5349; x_wconf 92' lang='lat' dir='ltr'><strong>ab</strong></span> <span class='ocrx_word' id='word_1_746' title='bbox 939 5296 1041 5349; x_wconf 82' lang='lat' dir='ltr'><strong>hac</strong></span> <span class='ocrx_word' id='word_1_747' title='bbox 1079 5310 1201 5349; x_wconf 89' lang='lat' dir='ltr'><strong>cum</strong></span> <span class='ocrx_word' id='word_1_748' title='bbox 1240 5295 1463 5360; x_wconf 88' lang='lat' dir='ltr'><strong>decidit,</strong></span> <span class='ocrx_word' id='word_1_749' title='bbox 1496 5296 1596 5349; x_wconf 86' lang='lat' dir='ltr'><strong>hac</strong></span> <span class='ocrx_word' id='word_1_750' title='bbox 1647 5295 1823 5349; x_wconf 84' lang='lat' dir='ltr'><strong>factus</strong></span> <span class='ocrx_word' id='word_1_751' title='bbox 1866 5302 1949 5349; x_wconf 88' lang='lat' dir='ltr'><strong>cst</strong></span> <span class='ocrx_word' id='word_1_752' title='bbox 1994 5310 2085 5348; x_wconf 87' lang='lat' dir='ltr'><strong>va-</strong></span> 
     </span>
    </p>
   </div>
   <div class='ocr_carea' id='block_1_99' title="bbox 524 5378 2079 5458">
    <p class='ocr_par' dir='ltr' id='par_1_99' title="bbox 524 5378 2079 5458">
     <span class='ocr_line' id='line_1_99' title="bbox 524 5378 2079 5458; baseline -0.001 -18"><span class='ocrx_word' id='word_1_753' title='bbox 524 5387 881 5458; x_wconf 79' lang='lat' dir='ltr'><strong>cuuszinops</strong></span> <span class='ocrx_word' id='word_1_754' title='bbox 917 5378 1131 5457; x_wconf 78' lang='lat' dir='ltr'><strong>quidem</strong></span> <span class='ocrx_word' id='word_1_755' title='bbox 1184 5397 1267 5443; x_wconf 89' lang='lat' dir='ltr'><strong>est</strong></span> <span class='ocrx_word' id='word_1_756' title='bbox 1300 5388 1447 5443; x_wconf 90' lang='lat' dir='ltr'><strong>illius</strong></span> <span class='ocrx_word' id='word_1_757' title='bbox 1496 5386 1781 5443; x_wconf 66' lang='lat' dir='ltr'><strong>allluentiaa</strong></span> <span class='ocrx_word' id='word_1_758' title='bbox 1826 5386 2079 5453; x_wconf 83' lang='lat' dir='ltr'><strong>lucileri,</strong></span> 
     </span>
    </p>
   </div>
   <div class='ocr_carea' id='block_1_100' title="bbox 2182 4465 3753 4539">
    <p class='ocr_par' dir='ltr' id='par_1_100' title="bbox 2182 4465 3753 4539">
     <span class='ocr_line' id='line_1_100' title="bbox 2182 4465 3753 4539; baseline 0.008 -21"><span class='ocrx_word' id='word_1_759' title='bbox 2182 4465 2481 4539; x_wconf 80' lang='grc' dir='ltr'>ἑδραιότητι</span> <span class='ocrx_word' id='word_1_760' title='bbox 2512 4470 2817 4538; x_wconf 74' lang='grc' dir='ltr'>τυγχάνωνο</span> <span class='ocrx_word' id='word_1_761' title='bbox 2849 4472 2898 4522; x_wconf 81' lang='grc' dir='ltr'><strong>εί</strong></span> <span class='ocrx_word' id='word_1_762' title='bbox 2926 4469 2982 4521; x_wconf 84' lang='grc' dir='ltr'>δὲ</span> <span class='ocrx_word' id='word_1_763' title='bbox 3020 4471 3112 4523; x_wconf 81' lang='grc' dir='ltr'>καὶ</span> <span class='ocrx_word' id='word_1_764' title='bbox 3145 4473 3203 4524; x_wconf 82' lang='grc' dir='ltr'>ἐν</span> <span class='ocrx_word' id='word_1_765' title='bbox 3234 4477 3345 4536; x_wconf 78' lang='grc' dir='ltr'>τοῖς</span> <span class='ocrx_word' id='word_1_766' title='bbox 3369 4476 3753 4530; x_wconf 78' lang='grc' dir='ltr'>ἐκπεπτωκόσι</span> 
     </span>
    </p>
   </div>
   <div class='ocr_carea' id='block_1_101' title="bbox 2180 4555 3749 4635">
    <p class='ocr_par' dir='ltr' id='par_1_101' title="bbox 2180 4555 3749 4635">
     <span class='ocr_line' id='line_1_101' title="bbox 2180 4555 3749 4635; baseline 0.008 -27"><span class='ocrx_word' id='word_1_767' title='bbox 2180 4560 2580 4629; x_wconf 78' lang='grc' dir='ltr'>κατηγορεῖται,</span> <span class='ocrx_word' id='word_1_768' title='bbox 2624 4559 2685 4611; x_wconf 76' lang='grc' dir='ltr'>οὐ</span> <span class='ocrx_word' id='word_1_769' title='bbox 2725 4559 2889 4629; x_wconf 85' lang='grc' dir='ltr'>πένης</span> <span class='ocrx_word' id='word_1_770' title='bbox 2912 4555 3001 4630; x_wconf 80' lang='grc' dir='ltr'>ἦν,</span> <span class='ocrx_word' id='word_1_771' title='bbox 3035 4561 3135 4614; x_wconf 80' lang='grc' dir='ltr'>οὐκ</span> <span class='ocrx_word' id='word_1_772' title='bbox 3162 4558 3309 4634; x_wconf 84' lang='grc' dir='ltr'>Ἶρος</span> <span class='ocrx_word' id='word_1_773' title='bbox 3348 4560 3415 4635; x_wconf 82' lang='grc' dir='ltr'>ἦν</span> <span class='ocrx_word' id='word_1_774' title='bbox 3465 4582 3618 4632; x_wconf 83' lang='grc' dir='ltr'>ποτε,</span> <span class='ocrx_word' id='word_1_775' title='bbox 3660 4568 3749 4620; x_wconf 76' lang='grc' dir='ltr'>ὅτε</span> 
     </span>
    </p>
   </div>
   <div class='ocr_carea' id='block_1_102' title="bbox 2180 4649 3750 4733">
    <p class='ocr_par' dir='ltr' id='par_1_102' title="bbox 2180 4649 3750 4733">
     <span class='ocr_line' id='line_1_102' title="bbox 2180 4649 3750 4733; baseline 0.004 -28"><span class='ocrx_word' id='word_1_776' title='bbox 2180 4653 2379 4723; x_wconf 81' lang='grc' dir='ltr'>πολλὴν</span> <span class='ocrx_word' id='word_1_777' title='bbox 2419 4655 2728 4723; x_wconf 84' lang='grc' dir='ltr'>περιουσίαν</span> <span class='ocrx_word' id='word_1_778' title='bbox 2768 4649 2933 4724; x_wconf 79' lang='grc' dir='ltr'>εἶχεν,</span> <span class='ocrx_word' id='word_1_779' title='bbox 2959 4653 3094 4708; x_wconf 74' lang='grc' dir='ltr'>ἀλλὰ</span> <span class='ocrx_word' id='word_1_780' title='bbox 3124 4655 3211 4709; x_wconf 87' lang='grc' dir='ltr'>διά</span> <span class='ocrx_word' id='word_1_781' title='bbox 3237 4673 3358 4710; x_wconf 88' lang='grc' dir='ltr'>τινα</span> <span class='ocrx_word' id='word_1_782' title='bbox 3379 4656 3534 4710; x_wconf 79' lang='grc' dir='ltr'>νόσον</span> <span class='ocrx_word' id='word_1_783' title='bbox 3563 4659 3750 4733; x_wconf 80' lang='grc' dir='ltr'>στέρη-</span> 
     </span>
    </p>
   </div>
   <div class='ocr_carea' id='block_1_103' title="bbox 2181 4744 3747 4817">
    <p class='ocr_par' dir='ltr' id='par_1_103' title="bbox 2181 4744 3747 4817">
     <span class='ocr_line' id='line_1_103' title="bbox 2181 4744 3747 4817; baseline 0.004 -20"><span class='ocrx_word' id='word_1_784' title='bbox 2181 4762 2267 4797; x_wconf 89' lang='grc' dir='ltr'><strong>σιν</strong></span> <span class='ocrx_word' id='word_1_785' title='bbox 2293 4745 2502 4814; x_wconf 79' lang='grc' dir='ltr'>ἐκείνης</span> <span class='ocrx_word' id='word_1_786' title='bbox 2528 4744 2627 4814; x_wconf 83' lang='grc' dir='ltr'>τῆς</span> <span class='ocrx_word' id='word_1_787' title='bbox 2656 4744 2970 4816; x_wconf 78' lang='grc' dir='ltr'>περιουσίας</span> <span class='ocrx_word' id='word_1_788' title='bbox 3000 4746 3313 4817; x_wconf 81' lang='grc' dir='ltr'>ὑπομείνας,</span> <span class='ocrx_word' id='word_1_789' title='bbox 3346 4749 3402 4801; x_wconf 81' lang='grc' dir='ltr'>ὲν</span> <span class='ocrx_word' id='word_1_790' title='bbox 3435 4750 3747 4803; x_wconf 80' lang='grc' dir='ltr'>πεπτωκόσι</span> 
     </span>
    </p>
   </div>
   <div class='ocr_carea' id='block_1_104' title="bbox 2180 4836 3745 4912">
    <p class='ocr_par' dir='ltr' id='par_1_104' title="bbox 2180 4836 3745 4912">
     <span class='ocr_line' id='line_1_104' title="bbox 2180 4836 3745 4912; baseline 0.004 -25"><span class='ocrx_word' id='word_1_791' title='bbox 2180 4837 2440 4906; x_wconf 81' lang='grc' dir='ltr'>γρίνεται.</span> <span class='ocrx_word' id='word_1_792' title='bbox 2487 4836 2697 4905; x_wconf 81' lang='grc' dir='ltr'>Ἀμέλει</span> <span class='ocrx_word' id='word_1_793' title='bbox 2726 4837 2818 4889; x_wconf 78' lang='grc' dir='ltr'>καὶ</span> <span class='ocrx_word' id='word_1_794' title='bbox 2844 4836 2940 4907; x_wconf 80' lang='grc' dir='ltr'>τὴν</span> <span class='ocrx_word' id='word_1_795' title='bbox 2970 4838 3283 4909; x_wconf 85' lang='grc' dir='ltr'>περιουσίαν</span> <span class='ocrx_word' id='word_1_796' title='bbox 3312 4840 3345 4908; x_wconf 82' lang='grc' dir='ltr'>ἡ</span> <span class='ocrx_word' id='word_1_797' title='bbox 3386 4840 3428 4891; x_wconf 90' lang='grc' dir='ltr'><strong>Γ</strong></span> <span class='ocrx_word' id='word_1_798' title='bbox 3431 4841 3583 4911; x_wconf 57' lang='lat' dir='ltr'><strong>pagi)</strong></span> <span class='ocrx_word' id='word_1_799' title='bbox 3617 4844 3745 4912; x_wconf 82' lang='grc' dir='ltr'>δμο-</span> 
     </span>
    </p>
   </div>
   <div class='ocr_carea' id='block_1_105' title="bbox 2179 4927 3745 4999">
    <p class='ocr_par' dir='ltr' id='par_1_105' title="bbox 2179 4927 3745 4999">
     <span class='ocr_line' id='line_1_105' title="bbox 2179 4927 3745 4999; baseline 0.004 -19"><span class='ocrx_word' id='word_1_800' title='bbox 2179 4928 2344 4997; x_wconf 83' lang='grc' dir='ltr'>λογεῖ.</span> <span class='ocrx_word' id='word_1_801' title='bbox 2380 4930 2442 4981; x_wconf 81' lang='grc' dir='ltr'>ΕΞ</span> <span class='ocrx_word' id='word_1_802' title='bbox 2464 4929 2591 4997; x_wconf 83' lang='grc' dir='ltr'>γὰρ,</span> <span class='ocrx_word' id='word_1_803' title='bbox 2622 4927 2751 4993; x_wconf 87' lang='grc' dir='ltr'>Πῶς</span> <span class='ocrx_word' id='word_1_804' title='bbox 2787 4928 3077 4993; x_wconf 80' lang='grc' dir='ltr'>ἐξέπεσεν</span> <span class='ocrx_word' id='word_1_805' title='bbox 3101 4932 3134 4983; x_wconf 86' lang='grc' dir='ltr'><strong>ό</strong></span> <span class='ocrx_word' id='word_1_806' title='bbox 3157 4931 3497 4999; x_wconf 49' lang='grc' dir='ltr'>ἑωσφόρος</span> <span class='ocrx_word' id='word_1_807' title='bbox 3525 4934 3622 4985; x_wconf 70' lang='grc' dir='ltr'>καὶ</span> <span class='ocrx_word' id='word_1_808' title='bbox 3650 4951 3745 4985; x_wconf 80' lang='grc' dir='ltr'>πε-</span> 
     </span>
    </p>
   </div>
   <div class='ocr_carea' id='block_1_106' title="bbox 2185 5014 3743 5094">
    <p class='ocr_par' dir='ltr' id='par_1_106' title="bbox 2185 5014 3743 5094">
     <span class='ocr_line' id='line_1_106' title="bbox 2185 5014 3743 5094; baseline 0.003 -24"><span class='ocrx_word' id='word_1_809' title='bbox 2185 5019 2392 5089; x_wconf 85' lang='grc' dir='ltr'>ριουσία</span> <span class='ocrx_word' id='word_1_810' title='bbox 2415 5014 2482 5089; x_wconf 82' lang='grc' dir='ltr'>ἦν</span> <span class='ocrx_word' id='word_1_811' title='bbox 2505 5019 2563 5071; x_wconf 80' lang='grc' dir='ltr'>τὸ</span> <span class='ocrx_word' id='word_1_812' title='bbox 2586 5019 2774 5089; x_wconf 79' lang='grc' dir='ltr'>ὄνομα,</span> <span class='ocrx_word' id='word_1_813' title='bbox 2803 5021 2895 5072; x_wconf 74' lang='grc' dir='ltr'>καὶ</span> <span class='ocrx_word' id='word_1_814' title='bbox 2928 5020 3201 5092; x_wconf 77' lang='grc' dir='ltr'>ἑωσφόρος</span> <span class='ocrx_word' id='word_1_815' title='bbox 3224 5020 3299 5073; x_wconf 83' lang='grc' dir='ltr'>ὢν</span> <span class='ocrx_word' id='word_1_816' title='bbox 3328 5022 3497 5093; x_wconf 75' lang='grc' dir='ltr'>αὐτὴν</span> <span class='ocrx_word' id='word_1_817' title='bbox 3523 5025 3629 5094; x_wconf 70' lang='grc' dir='ltr'>τὴν</span> <span class='ocrx_word' id='word_1_818' title='bbox 3655 5022 3743 5077; x_wconf 75' lang='grc' dir='ltr'>τοῦ</span> 
     </span>
    </p>
   </div>
   <div class='ocr_carea' id='block_1_107' title="bbox 2180 5111 3745 5185">
    <p class='ocr_par' dir='ltr' id='par_1_107' title="bbox 2180 5111 3745 5185">
     <span class='ocr_line' id='line_1_107' title="bbox 2180 5111 3745 5185; baseline 0.002 -22"><span class='ocrx_word' id='word_1_819' title='bbox 2180 5111 2455 5182; x_wconf 75' lang='grc' dir='ltr'>ἑωσφόρου</span> <span class='ocrx_word' id='word_1_820' title='bbox 2480 5113 2780 5182; x_wconf 76' lang='grc' dir='ltr'>ἐνέργειαν,</span> <span class='ocrx_word' id='word_1_821' title='bbox 2802 5112 2896 5165; x_wconf 74' lang='grc' dir='ltr'>καὶ</span> <span class='ocrx_word' id='word_1_822' title='bbox 2913 5112 3159 5183; x_wconf 78' lang='grc' dir='ltr'>δύναμιν,</span> <span class='ocrx_word' id='word_1_823' title='bbox 3178 5115 3271 5167; x_wconf 81' lang='grc' dir='ltr'><strong>καί</strong></span> <span class='ocrx_word' id='word_1_824' title='bbox 3291 5116 3634 5185; x_wconf 80' lang='grc' dir='ltr'>περιουσίαν,</span> <span class='ocrx_word' id='word_1_825' title='bbox 3657 5116 3745 5169; x_wconf 74' lang='grc' dir='ltr'><strong>καὶ</strong></span> 
     </span>
    </p>
   </div>
   <div class='ocr_carea' id='block_1_108' title="bbox 2180 5202 3745 5277">
    <p class='ocr_par' dir='ltr' id='par_1_108' title="bbox 2180 5202 3745 5277">
     <span class='ocr_line' id='line_1_108' title="bbox 2180 5202 3745 5277; baseline 0.003 -19"><span class='ocrx_word' id='word_1_826' title='bbox 2180 5206 2369 5275; x_wconf 84' lang='grc' dir='ltr'>κτῆσιν</span> <span class='ocrx_word' id='word_1_827' title='bbox 2403 5202 2533 5275; x_wconf 81' lang='grc' dir='ltr'>εἶχε,</span> <span class='ocrx_word' id='word_1_828' title='bbox 2564 5206 2658 5258; x_wconf 74' lang='grc' dir='ltr'>καὶ</span> <span class='ocrx_word' id='word_1_829' title='bbox 2685 5205 2885 5275; x_wconf 82' lang='grc' dir='ltr'>ταύτης</span> <span class='ocrx_word' id='word_1_830' title='bbox 2914 5206 3182 5268; x_wconf 78' lang='grc' dir='ltr'>ἐκπεσὼν,</span> <span class='ocrx_word' id='word_1_831' title='bbox 3204 5206 3407 5276; x_wconf 84' lang='grc' dir='ltr'>ταύτης</span> <span class='ocrx_word' id='word_1_832' title='bbox 3442 5208 3639 5277; x_wconf 73' lang='grc' dir='ltr'>γέγονε</span> <span class='ocrx_word' id='word_1_833' title='bbox 3657 5226 3745 5264; x_wconf 80' lang='grc' dir='ltr'>κε-</span> 
     </span>
    </p>
   </div>
   <div class='ocr_carea' id='block_1_109' title="bbox 2178 5292 3735 5372">
    <p class='ocr_par' dir='ltr' id='par_1_109' title="bbox 2178 5292 3735 5372">
     <span class='ocr_line' id='line_1_109' title="bbox 2178 5292 3735 5372; baseline 0.004 -28"><span class='ocrx_word' id='word_1_834' title='bbox 2178 5292 2297 5356; x_wconf 75' lang='grc' dir='ltr'>νόςο</span> <span class='ocrx_word' id='word_1_835' title='bbox 2327 5293 2608 5363; x_wconf 79' lang='grc' dir='ltr'>πενητεύει</span> <span class='ocrx_word' id='word_1_836' title='bbox 2650 5295 2746 5366; x_wconf 80' lang='grc' dir='ltr'>μὲν</span> <span class='ocrx_word' id='word_1_837' title='bbox 2784 5296 2840 5347; x_wconf 80' lang='grc' dir='ltr'>ὲν</span> <span class='ocrx_word' id='word_1_838' title='bbox 2869 5298 2934 5366; x_wconf 81' lang='grc' dir='ltr'><strong>τῇ</strong></span> <span class='ocrx_word' id='word_1_839' title='bbox 2978 5296 3262 5367; x_wconf 77' lang='grc' dir='ltr'>περιουσίᾳ</span> <span class='ocrx_word' id='word_1_840' title='bbox 3290 5296 3383 5350; x_wconf 80' lang='grc' dir='ltr'>τοῦ</span> <span class='ocrx_word' id='word_1_841' title='bbox 3440 5299 3735 5372; x_wconf 72' lang='grc' dir='ltr'>ἑωσφόρον,</span> 
     </span>
    </p>
   </div>
   <div class='ocr_carea' id='block_1_110' title="bbox 2179 5383 3736 5458">
    <p class='ocr_par' dir='ltr' id='par_1_110' title="bbox 2179 5383 3736 5458">
     <span class='ocr_line' id='line_1_110' title="bbox 2179 5383 3736 5458; baseline 0.003 -20"><span class='ocrx_word' id='word_1_842' title='bbox 2179 5383 2429 5456; x_wconf 83' lang='grc' dir='ltr'>ἀληθεύει</span> <span class='ocrx_word' id='word_1_843' title='bbox 2457 5384 2512 5437; x_wconf 79' lang='grc' dir='ltr'>δὲ</span> <span class='ocrx_word' id='word_1_844' title='bbox 2539 5387 2633 5440; x_wconf 75' lang='grc' dir='ltr'>καὶ</span> <span class='ocrx_word' id='word_1_845' title='bbox 2668 5387 2961 5441; x_wconf 81' lang='grc' dir='ltr'>κινδυνεύει</span> <span class='ocrx_word' id='word_1_846' title='bbox 2983 5385 3130 5458; x_wconf 86' lang='grc' dir='ltr'>Ἶρος</span> <span class='ocrx_word' id='word_1_847' title='bbox 3168 5387 3242 5441; x_wconf 85' lang='grc' dir='ltr'>ὢν</span> <span class='ocrx_word' id='word_1_848' title='bbox 3272 5391 3363 5443; x_wconf 81' lang='grc' dir='ltr'>καὶ</span> <span class='ocrx_word' id='word_1_849' title='bbox 3395 5390 3673 5455; x_wconf 81' lang='grc' dir='ltr'>ἕκπτωτος</span> <span class='ocrx_word' id='word_1_850' title='bbox 3707 5391 3736 5443; x_wconf 83' lang='grc' dir='ltr'><strong>ό</strong></span> 
     </span>
    </p>
   </div>
   <div class='ocr_carea' id='block_1_111' title="bbox 523 5476 2086 5552">
    <p class='ocr_par' dir='ltr' id='par_1_111' title="bbox 523 5479 2084 5551">
     <span class='ocr_line' id='line_1_111' title="bbox 523 5479 2084 5551; baseline 0.002 -19"><span class='ocrx_word' id='word_1_851' title='bbox 523 5489 747 5551; x_wconf 82' lang='lat' dir='ltr'><strong>vagatur</strong></span> <span class='ocrx_word' id='word_1_852' title='bbox 771 5479 1075 5547; x_wconf 88' lang='lat' dir='ltr'><strong>mendicus,</strong></span> <span class='ocrx_word' id='word_1_853' title='bbox 1105 5487 1159 5534; x_wconf 90' lang='lat' dir='ltr'><strong>et</strong></span> <span class='ocrx_word' id='word_1_854' title='bbox 1190 5488 1275 5535; x_wconf 88' lang='lat' dir='ltr'><strong>est</strong></span> <span class='ocrx_word' id='word_1_855' title='bbox 1307 5495 1444 5550; x_wconf 88' lang='lat' dir='ltr'><strong>pene</strong></span> <span class='ocrx_word' id='word_1_856' title='bbox 1471 5480 1611 5551; x_wconf 88' lang='lat' dir='ltr'><strong>Irus,</strong></span> <span class='ocrx_word' id='word_1_857' title='bbox 1639 5492 1691 5536; x_wconf 89' lang='lat' dir='ltr'><strong>et</strong></span> <span class='ocrx_word' id='word_1_858' title='bbox 1723 5480 1780 5536; x_wconf 89' lang='lat' dir='ltr'><strong>in</strong></span> <span class='ocrx_word' id='word_1_859' title='bbox 1809 5495 1995 5537; x_wconf 88' lang='lat' dir='ltr'><strong>casum</strong></span> <span class='ocrx_word' id='word_1_860' title='bbox 2020 5494 2084 5535; x_wconf 90' lang='lat' dir='ltr'><strong>ac</strong></span> 
     </span>
    </p>
   </div>
   <div class='ocr_carea' id='block_1_112' title="bbox 2186 5476 3734 5552">
    <p class='ocr_par' dir='ltr' id='par_1_112' title="bbox 2186 5476 3734 5552">
     <span class='ocr_line' id='line_1_112' title="bbox 2186 5476 3734 5552; baseline 0.005 -23"><span class='ocrx_word' id='word_1_861' title='bbox 2186 5476 2346 5532; x_wconf 82' lang='grc' dir='ltr'>πάλαι</span> <span class='ocrx_word' id='word_1_862' title='bbox 2374 5476 2570 5550; x_wconf 81' lang='grc' dir='ltr'>πολλὴν</span> <span class='ocrx_word' id='word_1_863' title='bbox 2601 5479 2909 5550; x_wconf 85' lang='grc' dir='ltr'>περιουσίαν</span> <span class='ocrx_word' id='word_1_864' title='bbox 2933 5479 3089 5551; x_wconf 81' lang='grc' dir='ltr'>ἔχων·</span> <span class='ocrx_word' id='word_1_865' title='bbox 3132 5482 3181 5535; x_wconf 80' lang='grc' dir='ltr'><strong>εί</strong></span> <span class='ocrx_word' id='word_1_866' title='bbox 3217 5481 3273 5535; x_wconf 84' lang='grc' dir='ltr'>δὲ</span> <span class='ocrx_word' id='word_1_867' title='bbox 3304 5482 3446 5551; x_wconf 64' lang='grc' dir='ltr'>κατὰ</span> <span class='ocrx_word' id='word_1_868' title='bbox 3475 5483 3541 5536; x_wconf 80' lang='grc' dir='ltr'>τὸ</span> <span class='ocrx_word' id='word_1_869' title='bbox 3568 5484 3734 5552; x_wconf 55' lang='lat' dir='ltr'><strong>ane;-</strong></span> 
     </span>
    </p>
   </div>
   <div class='ocr_carea' id='block_1_113' title="bbox 497 5637 1485 5745">
    <p class='ocr_par' dir='ltr' id='par_1_113' title="bbox 497 5637 1485 5745">
     <span class='ocr_line' id='line_1_113' title="bbox 497 5637 1485 5745; baseline 0.01 -44"><span class='ocrx_word' id='word_1_870' title='bbox 497 5737 505 5745; x_wconf 34' lang='lat'><em>.</em></span> <span class='ocrx_word' id='word_1_871' title='bbox 594 5637 739 5707; x_wconf 68' lang='lat' dir='ltr'><strong>’lsa.</strong></span> <span class='ocrx_word' id='word_1_872' title='bbox 768 5668 878 5718; x_wconf 77' lang='lat' dir='ltr'><strong>xvi,</strong></span> <span class='ocrx_word' id='word_1_873' title='bbox 912 5652 1001 5708; x_wconf 74' lang='lat' dir='ltr'><strong>l2.</strong></span> <span class='ocrx_word' id='word_1_874' title='bbox 1060 5656 1113 5706; x_wconf 73' lang='grc' dir='ltr'>,ιο</span> <span class='ocrx_word' id='word_1_875' title='bbox 1144 5654 1275 5712; x_wconf 91' lang='lat' dir='ltr'><strong>Luc.</strong></span> <span class='ocrx_word' id='word_1_876' title='bbox 1312 5672 1366 5725; x_wconf 69' lang='grc' dir='ltr'><strong>κ,</strong></span> <span class='ocrx_word' id='word_1_877' title='bbox 1404 5658 1485 5713; x_wconf 87' lang='lat' dir='ltr'><strong>l8.</strong></span> 
     </span>
    </p>
   </div>
  </div>
