4008 6208
310 290 450 348 “29

1376 293 1744 350 ADVERSUS
1781 294 2206 352 MANICILEOS
2245 292 2372 350 LIB.
2412 295 2455 349 Ι.

3421 300 3555 356 Ηῦθ

308 411 489 484 γέλιον
510 410 620 465 τῶν
641 411 947 472 πιπτόντων
965 414 1081 469 ἐστὶ
1106 416 1199 472 καὶ
1224 417 1400 488 χαμαὶ
1416 418 1681 489 κειμένων
1706 417 1883 472 κυλιν-

1986 417 2198 471 ruinam
2229 415 2411 478 datus,
2447 414 2542 484 qui
2576 415 2705 469 olim
2736 416 2890 471 valde
2914 416 3172 487 copiosus
3200 428 3334 474 erat.
3372 418 3431 476 Si
3456 437 3556 478 au-

304 504 603 577 δουμένων,
620 503 806 560 λοιπὸν
825 507 882 560 ἐν
904 506 980 578 τῷ
999 508 1184 579 ἐδάφει
1206 512 1447 582 εἱστήκει
1461 512 1610 575 ποτὲ,
1635 512 1729 565 καὶ
1754 510 1881 580 ἠδύ-

306 614 435 653 νατο
451 595 650 665 λέγειν·
668 596 949 664 Ἑστῶτες
982 594 1144 669 ἦσαν
1177 604 1230 655 οι
1260 600 1441 667 πόδες
1468 599 1636 671 ἡμῶν
1657 600 1728 655 ἐν
1753 600 1882 666 ταῖς

242 716 247 727 ι
304 689 521 757 αὐλαῖς
553 704 692 755 σου,
735 691 1153 762 Ἰερουσαλήμ·
1184 693 1414 764 ἠδύνατο
1442 692 1881 762 ἀκούειν·Στῆτε

302 783 767 854 περιζωσάμενοι
796 787 903 851 τὰς
936 785 1169 855 ὀσφύας
1202 785 1369 856 ὑμῶν
1391 788 1460 840 ὲν
1486 787 1754 855 ἀληθείᾳ·
1787 788 1880 840 καὶ

303 875 603 947 δυνάμενος
624 876 716 930 τοῦ
745 877 981 942 ἀκούειν,
1012 879 1112 931 ούκ
1144 880 1476 948 ἠσφαλίσατο
1502 880 1562 932 τὸ
1593 879 1879 950 εἰρημένον

305 965 504 1034 λόγιον·
561 965 625 1019 '0
655 963 852 1037 δοκῶν
897 966 1143 1021 ἑστάναι
1164 967 1439 1032 ,βλεπέτω
1454 968 1541 1038 μὴ
1571 968 1749 1038 πέσῃ·
1785 969 1880 1022 καὶ

309 1057 575 1130 μηδεμίαν
620 1058 757 1129 πρὸς
788 1058 850 1113 τὸ
880 1060 1115 1114 τοιοῦτον
1156 1062 1519 1132 πεποιημένος
1556 1061 1876 1130 ἀσφάλειαν,

303 1151 367 1204 ἐν
396 1152 509 1213 τοῖς
530 1149 790 1215 τοιούτοις
815 1151 1049 1223 σήμερον
1069 1151 1425 1209 κυλινδεῖται·
1455 1152 1515 1206 τὸ
1545 1152 1655 1226 γὰρ
1682 1153 1769 1207 ἀεὶ
1790 1171 1881 1224 χα-

309 1240 408 1311 μαὶ
440 1240 708 1311 κείμενον,
738 1243 838 1296 οὐκ
872 1242 938 1296 ἂν
963 1243 1135 1317 πέσῃ·
1168 1246 1340 1298 κεῖται
1367 1243 1474 1317 γὰρ
1511 1246 1705 1316 χαμαί·
1737 1244 1797 1298 τὸ
1822 1244 1880 1298 δὲ

302 1331 590 1395 πεπτωκὸς
613 1332 705 1387 καὶ
718 1335 890 1404 χαμαὶ
904 1334 1143 1403 γεγονὸς,
1167 1334 1275 1389 ἀπὸ
1297 1336 1597 1407 ἑστηκότων
1621 1336 1712 1391 καὶ
1731 1338 1881 1407 ἡρεις

305 1417 520 1488 σμένων
536 1419 831 1490 παρέλκον,
854 1421 944 1474 ἐπὶ
960 1421 1022 1474 τὸ
1039 1427 1227 1477 πεσεῖν
1253 1424 1560 1479 ἐλεύσεται·
1589 1428 1684 1480 xui.
1703 1425 1764 1480 τὸ
1791 1426 1880 1479 ἀεὶ

306 1510 603 1579 πενητεῦον
631 1513 727 1564 καὶ
746 1512 1000 1567 οὐδέποτε
1022 1516 1241 1587 εἰληφὸς
1269 1517 1521 1589 οὐδεμίαν
1540 1519 1874 1591 περιουσίαν,

299 1596 557 1652 οὐδέποτε
581 1602 914 1657 ἐκπεσεῖται·
939 1606 1026 1659 ἀεὶ
1053 1606 1161 1679 γὰρ
1181 1609 1331 1662 οὐδὲν
1357 1609 1487 1679 ἔχει,
1515 1611 1609 1663 καὶ
1633 1611 1695 1663 ού
1717 1610 1876 1665 δύνα-

301 1705 391 1742 ται
418 1690 691 1755 ἐκπεσεῖν,
713 1694 863 1748 οὐδὲν
884 1695 1139 1752 οὐδέποτε
1162 1702 1412 1771 ἐσχηκός·
1442 1701 1501 1754 τὸ
1526 1702 1582 1757 δὲ
1606 1701 1877 1756 ἔκπτωσιν

1986 515 2092 562 tem
2129 508 2430 563 secundum
2474 504 2827 576 Evangelium
2872 523 2939 563 ex
2966 523 3155 564 eorum
3188 526 3417 567 numero
3450 522 3555 581 est,

1982 599 2076 669 qui
2106 598 2327 663 cadunt,
2346 607 2400 653 et
2427 596 2576 651 humi
2602 597 2808 666 jacent,
2828 606 2881 653 et
2910 607 3127 670 poterat
3155 600 3370 658 dicere:
3397 602 3557 661 Stan-

1985 696 2058 740 tes
2090 696 2242 741 erant
2269 686 2422 757 pedes
2456 687 2630 739 nostri
2667 688 2721 740 in
2766 690 2920 753 atriis
2960 692 3086 753 tuis,
3128 688 3427 749 Jerusalem
3470 697 3553 752 ηε

1982 787 2195 849 poterat
2225 779 2414 834 audire
2451 779 2583 835 illud
2619 780 2805 834 :State
2836 783 3088 836 succincti
3121 784 3324 841 lumbos
3360 796 3555 844 vestros

1981 873 2037 924 in
2077 872 2295 925 veritate
2326 873 2368 903 ¹¹
2397 890 2411 926 :
2443 881 2498 928 et
2539 886 2665 927 cum
2700 883 2885 943 posset
2930 875 3033 929 hoc
3067 876 3277 946 audire,
3311 879 3557 936 adhibuit

1982 961 2050 1016 ad
2102 962 2412 1018 cautionem
2460 971 2513 1018 et
2557 965 2865 1018 ﬁrmitatem
2918 965 3062 1036 quod
3104 967 3179 1021 ait
3240 958 3552 1041 Scriptura,

1983 1053 2089 1121 Qui
2120 1063 2246 1119 stat,
2277 1048 2449 1110 videat
2479 1071 2542 1110 ne
2581 1056 2740 1109 cadat
2768 1055 2812 1087 “
2838 1076 2851 1111 :
2876 1065 2930 1113 et
2959 1072 3082 1113 cum
3114 1060 3250 1114 nihil
3292 1064 3555 1119 munierit

1982 1155 2174 1202 contra
2202 1149 2327 1215 hoc,
2357 1149 2413 1204 in
2458 1149 2661 1204 talibus
2706 1149 2866 1206 hodie
2898 1152 3126 1208 vertitur
3174 1169 3239 1209 ac
3276 1156 3550 1225 volvitur;

1982 1240 2127 1310 quod
2178 1240 2324 1295 enim
2364 1254 2582 1312 semper
2623 1239 2778 1294 humi
2809 1240 2976 1310 jacet,
3028 1259 3308 1315 nunquam
3356 1248 3551 1316 cadet;

1975 1332 2122 1403 jacet
2142 1332 2287 1387 enim
2314 1333 2465 1387 humi
2495 1353 2508 1388 :
2533 1333 2679 1404 quod
2708 1343 2886 1389 autem
2920 1336 3139 1400 cecidit,
3170 1347 3226 1393 et
3258 1346 3343 1393 est
3372 1339 3548 1404 humi,

1980 1440 2089 1479 non
2119 1424 2367 1479 deveniet
2396 1425 2464 1480 ab
2496 1426 2773 1481 stantibus
2800 1436 2852 1480 et
2883 1427 3082 1482 erectis
3108 1428 3174 1481 ad
3204 1429 3546 1498 cadendum;

1978 1526 2033 1573 et
2061 1519 2204 1588 quod
2251 1532 2466 1589 semper
2492 1527 2577 1575 est
2612 1520 2670 1574 in
2698 1519 2904 1590 inopia,
2939 1527 2995 1574 et
3041 1536 3319 1592 nunquam
3352 1524 3549 1580 accidit

1979 1619 2038 1666 ut
2067 1612 2271 1676 adluat,
2303 1628 2581 1682 nunquam
2615 1613 2806 1679 cadet;
2851 1627 3066 1684 semper
3111 1617 3255 1670 enim
3293 1617 3428 1671 nihil
3461 1617 3551 1673 ba-

1977 1704 2088 1768 het,
2118 1714 2170 1758 et
2196 1703 2392 1759 cadere
2439 1719 2548 1758 non
2586 1712 2786 1775 potest,
2840 1705 2984 1776 quod
3018 1706 3152 1760 nihil
3183 1723 3420 1779 unquam
3451 1708 3548 1763 ha-

302 1784 626 1855 ύπομεῖναν,
657 1786 751 1840 καὶ
783 1787 1047 1853 πεπονθὸς
1077 1790 1185 1845 ἀπὸ
1214 1791 1415 1862 πολλῆς
1442 1794 1755 1863 περιουσίας
1784 1796 1878 1848 καὶ

1979 1791 2116 1846 buit.
2149 1791 2305 1858 Quod
2327 1808 2516 1849 casum
2558 1800 2613 1849 et
2646 1795 2860 1848 ruinam
2904 1796 3088 1861 sentit,
3123 1805 3345 1883 propter
3371 1799 3546 1854 abun-

301 1872 587 1947 ὑπάρξεως
610 1876 887 1948 τυγχάνει.
915 1878 1024 1932 Καὶ
1052 1880 1291 1945 τοιοῦτος
1322 1882 1422 1954 μὲν
1441 1885 1469 1936 6
1496 1882 1708 1953 πρῶτος
1723 1883 1872 1953 ἐλεγ-

294 1980 415 2034 χος.

1977 1884 2219 1939 dantiam
2265 1892 2321 1940 et
2368 1901 2484 1941 rem
2516 1886 2774 1941 amissam
2816 1888 3002 1942 sentit.
3032 1890 3110 1944 Ac
3140 1890 3281 1945 ratio
3326 1892 3545 1963 quidem

1976 1977 2152 2048 prima
2178 1977 2491 2048 opinionem
2522 1979 2687 2035 istam
2721 1979 3081 2036 convincendi
3116 1982 3242 2038 talis
3269 1993 3375 2040 est.

1195 2150 1326 2206 CAP.
1358 2147 1597 2205 XXXVI.
1634 2148 1882 2206 Patibilis
1911 2150 2055 2209 Deus
2079 2155 2366 2211 secundum
2394 2154 2741 2216 Manichacus.

392 2308 519 2364 Δλλ*
563 2311 751 2385 ἐπειδή
801 2331 962 2384 φασιν
987 2330 1000 2346 ·
1024 2316 1145 2372 Ἔτι
1194 2319 1460 2390 προϊοῦσα
1489 2321 1523 2392 ἡ
1556 2324 1743 2386 κακία,
1776 2340 1870 2377 και

294 2403 493 2472 ἐαυτὴν
526 2404 938 2472 κατατείνουσα,
967 2409 1061 2461 καὶ
1098 2411 1364 2483 γενομένη
1409 2414 1545 2485 πρὸς
1586 2414 1663 2486 τῷ
1707 2417 1866 2486 φωτὶ,

292 2496 545 2566 ἥρπασεν
576 2497 685 2551 ἀπὸ
725 2496 818 2552 τοῦ
854 2500 1050 2568 φωτὸς,
1078 2501 1173 2555 καὶ
1206 2504 1460 2558 κατέπιεν
1484 2506 1591 2559 ἀπὸ
1628 2507 1721 2561 τοῦ
1757 2526 1870 2577 φω-

293 2589 415 2653 τός·
452 2590 584 2661 φέρε
620 2589 717 2661 τὴν
757 2592 1071 2663 πρεσϐείαν,
1106 2595 1171 2666 ἥν
1201 2595 1341 2669 ὑπὲρ
1373 2597 1467 2651 τοῦ
1503 2600 1739 2673 πονηροῦ
1767 2620 1866 2655 πε-

293 2681 546 2753 ποίηνται
587 2682 725 2736 κατά
744 2684 841 2754 τῆς
876 2684 1151 2756 ἀληθείας,
1182 2687 1479 2765 καταλῦσαι
1507 2690 1581 2763 μὴ
1603 2708 1868 2765 παραιτη-

296 2770 553 2843 σώμεθα·
598 2773 883 2844 ἐπαίρουσι
933 2775 1041 2847 γὰρ
1078 2776 1157 2848 τῷ
1197 2777 1339 2849 λόγῳ
1380 2763 1552 2850 τούτῳ
1578 2763 1868 2852 τὴνπονη-

294 2865 441 2936 ρίαν,
488 2865 819 2929 εὐτελίζουσι
849 2867 905 2921 δέ
935 2868 1033 2940 τὴν
1067 2868 1354 2940 ἀλήθειαν·
1402 2871 1496 2925 καὶ
1543 2870 1709 2943 νεῦρα
1767 2871 1865 2942 μὲν

290 2954 497 3009 διδόασι
534 2958 597 3027 τῇ
644 2944 1154 3032 πονηρίᾳ,’ἄνευρον
1178 2961 1235 3015 δὲ
1261 2960 1359 3032 τὴν
1396 2961 1651 3034 ἀλήθειαν
1679 2962 1865 3016 ὑποτί-

293 3046 502 3102 θενται.
537 3048 598 3102 Εἰ
646 3050 756 3121 γὰρ
798 3052 830 3122 ἡ
878 3050 974 3122 μὲν
1007 3052 1239 3124 πονηρία
1294 3055 1532 3125 ἥρπασε,
1567 3053 1625 3107 τὸ
1655 3053 1712 3107 δέ
1751 3051 1865 3124 φῶς

289 3134 592 3212 ἥρπασται,
622 3143 715 3196 καὶ¹
744 3143 1121 3216 ἁρπαζόμενον
1149 3144 1373 3216 ἔπασχε,
1402 3147 1495 3201 καὶ
1517 3147 1722 3217 πάσχον
1765 3163 1863 3201 πα·

2040 2320 2147 2379 Sed
2187 2322 2316 2394 quia
2365 2323 2557 2379 dicunt
2598 2322 2747 2394 quod
2798 2323 3042 2395 nequitia
3085 2322 3264 2381 adhuc
3316 2341 3540 2399 progre-

1968 2413 2147 2479 diens,
2180 2429 2244 2469 ac
2274 2430 2333 2471 se
2362 2414 2537 2485 ipsam
2562 2415 2849 2471 intendens
2881 2432 2944 2472 ac
2974 2418 3237 2473 roborans
3265 2429 3319 2474 et
3347 2420 3540 2475 lumini

1968 2506 2434 2576 appropinquans,
2468 2506 2650 2578 rapuit
2681 2522 2748 2563 ex
2772 2523 2839 2563 eo
2885 2515 2939 2563 et
2971 2510 3291 2579 absorbuit;
3325 2525 3424 2582 age
3464 2512 3540 2569 le-

1968 2598 2237 2666 gationem
2272 2612 2434 2669 quam
2485 2614 2584 2670 pro
2614 2599 2833 2655 diabolo
2861 2609 3054 2656 contra
3089 2604 3367 2660 veritatem
3416 2620 3540 2662 sus-

1967 2694 2263 2756 ceperunt,
2324 2687 2626 2743 dissolvere
2701 2705 2770 2744 ne
2819 2687 3164 2761 defugiamus
3209 2709 3222 2745 :
3271 2693 3539 2746 extollunt

1967 2782 2112 2837 enim
2153 2782 2241 2838 bis
2283 2784 2466 2840 verbis
2506 2785 2744 2851 malum,
2778 2792 3076 2840 extenuant
3118 2796 3299 2842 autem
3341 2789 3540 2844 verita-

1966 2873 2100 2932 tem,
2143 2874 2197 2924 et
2230 2884 2427 2925 nervos
2472 2871 2724 2926 tribuunt
2757 2874 3049 2943 nequitiae;
3078 2876 3363 2932 veritatem
3410 2892 3539 2933 vero

1966 2959 2085 3017 sine
2119 2962 2304 3019 nervis
2335 2972 2566 3037 ponunt.
2603 2963 2813 3021 Etenim
2861 2967 2907 3022 si
2937 2967 3179 3037 nequitia
3222 2969 3425 3040 rapuit,
3456 2970 3539 3024 lu-

1966 3069 2090 3110 men
2117 3070 2247 3111 vero
2285 3066 2500 3127 raptum
2538 3065 2648 3125 est,
2695 3059 2915 3131 etquod
2944 3060 3351 3117 dominaturum
3397 3070 3535 3126 erat.

1968 3143 2207 3213 patitur;
2240 3153 2295 3200 et
2324 3148 2467 3217 quod
2494 3149 2720 3218 patitur,
2759 3150 2979 3219 patibile
3015 3160 3130 3218 est;
3163 3138 3405 3224 patibilis
3435 3155 3529 3226 igi-

291 3234 455 3305 θητδν
497 3231 593 3306 ἦν·
652 3234 889 3307 παθητὸς
942 3237 1039 3308 μὲν
1072 3238 1191 3291 κατ’
1219 3238 1415 3302 αὐτοὺς
1471 3240 1500 3291 6
1536 3237 1685 3302 Θεὸς,
1724 3238 1866 3291 ἀπα-

1969 3244 2056 3290 ιιιι·
2084 3237 2326 3307 ipsorum
2352 3238 2606 3309 opinione
2639 3240 2782 3295 Deus
2798 3250 2915 3299 est:
2940 3243 3172 3299 Satanas
3195 3261 3325 3302 vero
3343 3263 3536 3318 expers

292 3325 394 3397 θὴς
423 3326 482 3381 δέ
517 3329 546 3380 6
578 3327 856 3392 Σατανᾶς·
897 3330 926 3381 6
975 3329 1072 3399 μὲν
1114 3329 1408 3400 δυνάμενος
1470 3329 1686 3395 παθεῖν,
1729 3331 1758 3384 6
1805 3328 1863 3382 δὲ

290 3417 587 3490 δυνάμενος
606 3420 823 3491 δρᾶσαι.
840 3418 947 3474 Τοῦ
970 3420 1077 3493 γὰρ
1108 3421 1283 3491 φωτὸς
1305 3421 1457 3485 ὄντος
1483 3420 1748 3493 παθητοῦ,
1773 3420 1864 3475 καὶ

290 3511 451 3575 αὐτὸς
482 3511 547 3565 ἂν
576 3513 660 3583 εἴη
694 3512 951 3582 παθητὸς,
986 3514 1083 3583 οὐχ
1116 3513 1307 3586 ἔτερος
1332 3511 1408 3568 ὣν
1444 3513 1594 3585 παρὰ
1624 3513 1685 3566 τὸ
1715 3513 1858 3582 φῶς·

290 3604 405 3671 εῖγε
427 3602 662 3675 ἠδυνήθη
690 3604 899 3667 παθεῖν,
929 3604 1021 3658 καὶ
1061 3604 1254 3658 παθεῖν
1286 3603 1362 3676 μὴ
1385 3605 1477 3674 ἀφ’
1501 3602 1715 3668 ἑαυτοῦ,
1746 3602 1860 3656 ἀλλ’

290 3697 397 3751 ὑπὸ
425 3697 517 3750 τοῦ
540 3696 798 3769 πολεμίου
830 3700 922 3753 καὶ
951 3698 1254 3769 μαχομένου
1271 3714 1286 3729 ·
1319 3698 1413 3751 καὶ
1440 3696 1738 3767 ἀποστῆναι
1763 3696 1860 3767 μὲν

289 3786 506 3855 ἑαυτοῦ,
536 3790 785 3859 γενέσθαι
816 3789 871 3843 δέ
904 3790 1037 3862 πρὸς
1063 3789 1141 3860 τῷ
1161 3789 1386 3862 χείρονι·
1412 3788 1529 3853 πῶς
1557 3788 1613 3842 δὲ
1640 3790 1731 3842 καὶ
1753 3787 1859 3841 τῶν

291 3882 438 3937 ἰδίων
466 3880 814 3953 κεχώρισται,
836 3884 864 3935 6
890 3882 986 3953 τὴν
1002 3881 1262 3953 ἑνωτικὴν
1290 3882 1447 3952 φύσιν
1471 3881 1639 3952 ἐχων;
1664 3879 1731 3935 τὰ
1751 3880 1859 3954 γὰρ

287 3975 431 4029 κατά
458 3975 617 4045 φύσιν
640 3974 921 4044 πεφυκότα
942 3974 1265 4046 χωρίζεσθαι
1287 3974 1491 4029 ἑαυτῶν
1518 3975 1578 4028 ού
1597 3974 1853 4043 πέφυκεν.

285 4066 349 4118 Εἰ
382 4064 439 4118 δὲ
461 4065 753 4135 ἀγέννητον
780 4060 847 4137 ἦν
886 4064 948 4118 τὸ
985 4065 1100 4134 φῶς
1128 4064 1221 4118 κει)⁵
1256 4066 1430 4137 ἦνωτο
1454 4064 1531 4135 τῷ
1559 4065 1854 4137 ἀγεννήτῳ,

284 4157 404 4222 πῶς
431 4175 561 4211 ποτε
602 4156 931 4228 χωρισθῆναι
963 4157 1275 4228 δεδύνηται·
1313 4157 1428 4223 πῶς
1452 4158 1509 4213 δὲ
1542 4157 1858 4229 ἀπαλλαγῆ-

280 4268 372 4305 ναι
404 4249 621 4315 ἑαυτοῦ,
650 4251 745 4304 καὶ
779 4250 1033 4319 γενέσθαι
1065 4250 1250 4323 ἕτερον
1279 4253 1407 4323 παρ’
1438 4251 1629 4316 ἐαυτό;
1664 4253 1712 4304 εί
1748 4250 1857 4321 γάρ

280 4344 596 4415 ὑπηρέτησε
629 4341 869 4414 πονηρῷ,
910 4341 1005 4396 καὶ¹
1040 4342 1393 4414 βεϐιασμένον
1420 4344 1527 4397 ὑπὸ
1561 4344 1662 4413 τῆς
1689 4359 1854 4412 πονη-

281 4436 426 4508 ρίας,
459 4436 642 4489 λοιπὸν
686 4434 756 4487 τὰ
812 4435 1073 4506 πονηρίας
1122 4436 1324 4505 ᾑρεῖτο,
1359 4434 1453 4487 καὶ
1508 4434 1743 4502 ἔπραττε
1788 4431 1855 4484 τά

278 4528 577 4600 πονηρίας·
623 4527 719 4580 καὶ
762 4526 947 4597 ἠγνόει
987 4527 1086 4598 μὲν
1136 4526 1316 4588 ἑαυτὸ,
1348 4527 1441 4579 καὶ
1474 4524 1658 4578 οὐκέτι
1693 4521 1854 4574 ἐαυτδ

277 4618 599 4690 ἐγνώριζεν,
644 4617 758 4671 ἀλλ’
790 4618 1086 4689 ἐπιλῆσμον
1113 4616 1306 4672 ἐαυτοῦ
1337 4616 1604 4686 ἐγεγόνει·
1630 4611 1767 4683 ᾤετο
1791 4611 1848 4664 δὲ

276 4711 439 4765 ἑαυτὸ
460 4708 697 4765 τοιοῦτον
727 4706 866 4765 εἶναι
888 4706 997 4763 οἷόν
1020 4711 1135 4764 ἐστι
1169 4710 1262 4764 καὶ
1294 4710 1354 4763 τὸ
1380 4706 1611 4780 πονηρόν
1630 4724 1643 4739 ·
1683 4705 1849 4777 μαχό-

277 4819 438 4875 μενος
494 4805 790 4875 φανήσεται
834 4805 863 4856 6
903 4802 1087 4871 λόγος·
1139 4802 1200 4856 τὸ
1244 4803 1351 4874 γὰρ
1388 4800 1678 4871 ἀγέννητον
1724 4797 1846 4851 οὔτε

273 4897 437 4953 ἑαυτὸ
485 4897 687 4967 ἀγνοεῖ,
735 4895 857 4950 οὕτε
901 4895 1053 4949 ἔσται
1084 4896 1268 4968 ἕτερον
1313 4896 1441 4967 παρ’
1473 4893 1669 4947 ἑαυτό·
1712 4890 1847 4945 ἀλλά

268 4989 512 5043 τοιοῦτον
562 4990 827 5060 διαμένει,
874 4984 985 5044 οἷον
1029 4985 1128 5061 ἦν·
1192 4990 1282 5043 καὶ
1343 4987 1597 5042 οὐδέποτε
1652 4983 1842 5038 ἐαυτοῦ

269 5081 734 5153 ἀπαλλαγήσεται,
764 5081 1018 5135 οὐδέποτε
1046 5081 1138 5134 τοῦ
1168 5077 1306 5135 εἶναι
1340 5081 1664 5155 ἀρξάμενον.

1968 3336 2175 3382 natura:
2208 3329 2483 3397 patibilis;
2521 3330 2611 3386 ille
2636 3330 2855 3401 quidem
2884 3335 3026 3390 male
3048 3335 3185 3390 amei
3219 3346 3420 3407 potest,
3447 3338 3535 3394 hic

1965 3434 2096 3475 vero
2134 3422 2275 3477 male
2307 3421 2540 3478 allicere.
2578 3421 2637 3477 Si
2676 3425 2820 3479 enim
2861 3425 3043 3481 lumen
3086 3429 3311 3497 patibile
3338 3438 3444 3496 est,
3481 3440 3534 3486 et

1964 3512 2082 3584 ipse
2128 3511 2272 3570 Deus
2314 3522 2400 3570 est
2430 3515 2695 3585 patibilis,
2725 3532 2849 3572 cum
2896 3534 3004 3573 non
3055 3521 3127 3574 sit
3160 3520 3307 3575 aliud
3341 3532 3536 3593 prmter

1961 3603 2165 3659 lumen.
2196 3602 2353 3670 Quod
2384 3605 2431 3659 si
2465 3608 2642 3674 potuit
2667 3605 2809 3661 male
2838 3604 2999 3676 allici,
3024 3614 3079 3661 et
3109 3622 3216 3662 non
3249 3624 3279 3663 a
3312 3625 3372 3665 se
3394 3610 3534 3664 male

1953 3694 2120 3758 allici.
2153 3697 2245 3751 sed
2270 3697 2338 3752 ab
2371 3696 2527 3752 hoste
2558 3704 2611 3751 ct
2642 3709 2941 3768 pugnante,
2974 3706 3028 3755 et
3048 3698 3282 3755 deﬁcere
3312 3715 3341 3754 a
3364 3715 3444 3767 se,
3466 3709 3522 3757 et

1960 3802 2083 3843 esse
2134 3786 2278 3858 apud
2311 3787 2595 3845 deterius:
2625 3789 2900 3859 quomodo
2942 3805 2973 3844 a
3015 3791 3250 3861 propriis
3297 3808 3520 3863 separa-

1960 3886 2074 3933 tum
2117 3888 2221 3941 est,
2259 3879 2406 3950 quod
2451 3887 2701 3935 naturam
2745 3881 2905 3936 habet
2949 3884 3375 3953 copulatricem?
3402 3902 3522 3956 qua:

1959 3972 2104 4027 enim
2135 3971 2436 4027 secundum
2488 3979 2740 4027 naturam
2778 3979 2904 4045 ap‘ta
2949 3983 3077 4029 nata
3120 3983 3267 4041 sunt,
3301 3985 3359 4032 ut
3402 3994 3433 4033 a
3469 3995 3528 4036 se

1959 4064 2095 4135 ipsis
2124 4071 2467 4133 separentur,
2504 4080 2611 4119 non
2648 4064 2838 4121 insunt
2872 4073 3086 4121 natura.
3137 4068 3192 4122 Si
3238 4077 3415 4124 autem
3447 4072 3532 4124 in-

1956 4156 2197 4228 genitum
2225 4164 2343 4211 erat
2370 4158 2575 4220 lumen,
2624 4165 2679 4212 et
2718 4167 2837 4212 erat
2866 4175 2990 4215 eum
3024 4160 3269 4231 ingenito
3305 4165 3531 4233 copula-

1955 4256 2093 4314 tum,
2129 4249 2404 4319 quomodo
2443 4262 2686 4319 unquam
2722 4253 2969 4321 separari
3011 4254 3226 4323 potuit?
3252 4256 3527 4326 quomodo

1956 4353 1987 4393 a
2011 4354 2070 4395 se
2092 4339 2300 4406 divelli,
2335 4348 2389 4395 et
2422 4338 2539 4395 ﬁeri
2570 4338 2718 4394 aliud
2744 4355 2907 4411 quam
2945 4344 3095 4397 erat?
3130 4342 3188 4399 Si
3227 4347 3374 4401 enim
3424 4346 3527 4402 mi-

1928 4433 2210 4503 'nistravit
2253 4434 2414 4494 malo,
2461 4433 2627 4505 idque
2674 4449 2772 4504 per
2800 4435 2909 4489 vim
2958 4450 2988 4489 a
3019 4438 3262 4507 nequitia
3295 4439 3525 4504 illatam,

1955 4520 2215 4593 deinceps
2249 4523 2551 4593 nequitiam
2582 4523 2836 4595 eligebat,
2872 4533 2926 4581 et
2955 4541 3074 4596 quae
3106 4536 3234 4583 sunt
3264 4544 3521 4599 nequam,

1883 4595 1925 4648 ι)
1953 4612 2335 4683 perpetrabat;
2372 4620 2428 4669 et
2457 4614 2743 4685 ignorabat
2785 4630 2865 4680 se,
2908 4595 3009 4671 nec
3053 4632 3113 4672 se
3138 4617 3251 4687 jam
3291 4595 3524 4690 amplius

1955 4705 2307 4775 agnoscebat,
2343 4705 2438 4761 sed
2486 4707 2574 4762 sui
2610 4706 2794 4777 potius
2839 4706 3069 4762 oblitum
3110 4715 3263 4776 erat;
3302 4709 3524 4780 putabat

1953 4795 2099 4850 enim
2131 4810 2190 4851 se
2219 4798 2327 4851 tale
2357 4811 2504 4863 esse,
2537 4798 2697 4867 quale
2719 4804 2804 4851 est
2833 4798 3056 4856 malum.
3085 4797 3145 4853 Si
3169 4800 3241 4852 ita
3265 4808 3404 4866 erat,
3424 4816 3523 4873 ap-

1954 4889 2222 4959 parebunt
2267 4888 2383 4944 haec
2416 4890 2797 4961 repugnantia.
2843 4888 2996 4959 Quod
3031 4892 3176 4945 enim
3222 4890 3518 4962 ingenitum

1952 4989 2058 5044 est,
2092 4996 2268 5050 neque
2310 4996 2370 5036 se
2407 4981 2640 5051 ignorat,
2676 4996 2775 5037 nec
2815 4982 2960 5037 aliud
2995 4983 3120 5047 erit,
3155 4990 3516 5055 praeterquam

1951 5080 2057 5137 est,
2106 5073 2200 5129 sed
2244 5073 2426 5142 potius
2476 5074 2584 5129 tale
2625 5081 2954 5144 perseverat,
3007 5075 3167 5146 quale
3211 5084 3361 5144 erat;
3414 5092 3516 5134 nec

269 5171 510 5244 unquam
543 5190 571 5227 a
601 5189 661 5230 se
687 5174 924 5245 disjungi
960 5175 1158 5246 potuit,
1185 5175 1332 5244 quod
1361 5188 1640 5245 nunquam
1669 5169 1837 5239 cmpit
1864 5180 2007 5223 esse.

352 5270 491 5323 Ἀλλ’
525 5269 712 5341 ἐπειδὴ
746 5270 965 5342 γραώδη
998 5271 1092 5325 καὶ
1117 5270 1333 5342 μυθώδη
1349 5270 1843 5341 φθέγγονται,οῦτε

264 5360 295 5415 δ
325 5361 573 5431 λέγουσιν
618 5362 842 5426 ειδότες,
876 5361 990 5416 ἀλλ’
1028 5363 1122 5433 ἀφ’
1166 5357 1242 5416 ὦν
1274 5361 1523 5432 λέγοντες
1563 5362 1844 5417 δυσωπούο

267 5470 444 5524 μενοι,
480 5456 573 5509 καὶ
604 5452 764 5509 τοῦτο
798 5453 1209 5526 προγράφωμεν
1233 5451 1311 5525 τῷ
1340 5455 1503 5525 λόγῳ·
1527 5455 1591 5508 Ei
1611 5454 1842 5525 ἠδύνατο

264 5547 325 5601 τὸ
363 5546 481 5615 φῶς
508 5546 862 5618 ἀμειφθῆναι,
903 5548 997 5601 καὶ
1027 5547 1214 5619 ἕτερον
1243 5547 1549 5619 παρ’ἐαυτὸ
1569 5547 1839 5617 γενέσθαι,

336 5701 374 5733 “
405 5699 550 5756 Psal.
591 5716 739 5764 εχει,
770 5699 825 5754 2.
905 5702 947 5732 ¹¹
974 5698 1171 5770 Ephcs.
1205 5716 1280 5763 γι,
1315 5701 1400 5761 M.
1481 5703 1523 5735 ”
1556 5701 1725 5760 Hior.
1761 5722 1813 5768 ι,
1847 5706 1937 5762 1'2.

585 5798 858 5855 Ρηιιοι..
902 5796 1018 5857 Gn.
1068 5790 1299 5856 XVIII.

2025 5279 2247 5347 Verum,
2275 5283 2401 5354 quia
2442 5286 2606 5341 anilia
2656 5295 2711 5343 et
2761 5290 3134 5345 commentitia
3181 5291 3516 5363 loquuntur,

1950 5387 2061 5427 non
2096 5372 2458 5445 intelligentes
2497 5394 2617 5448 qua:
2646 5380 2856 5447 dicunt,
2885 5381 2979 5435 sed
3020 5397 3088 5438 ex
3132 5383 3200 5439 iis
3231 5384 3366 5454 ipsis
3395 5401 3517 5457 quae

1948 5462 2159 5526 dicunt,
2184 5466 2374 5519 revicti
2410 5474 2463 5520 et
2496 5483 2555 5523 se
2597 5471 3005 5538 erubescentes,
3035 5473 3139 5529 hoc
3167 5475 3332 5531 etiam
3363 5478 3429 5532 ad
3452 5494 3515 5534 ea

1946 5569 2067 5611 aute
2109 5553 2254 5610 dicta
2293 5563 2442 5624 sunt,
2474 5556 2737 5616 addamus
2769 5577 2781 5613 :
2810 5561 2865 5617 Si
2892 5571 3104 5635 poterat
3143 5566 3324 5626 lumen
3363 5581 3519 5625 com-

3122 5818 3200 5879 36
