3968 6914
484 303 614 360 1131

1602 290 1768 346 ’ΤΙΤΙ
1805 288 2225 346 BOSTRENSIS
2264 286 2565 343 EPISCOPI

3570 284 3704 338 IIS!

480 426 702 491 mutari,
749 433 800 479 et
846 424 992 479 aliud
1026 418 1384 495 malequam
1432 425 1548 475 erat
1592 418 1771 488 ipsum
1806 415 1944 480 ﬁeri,
1988 423 2040 470 et

2145 412 2237 463 ml
2268 411 2520 479 γενέσθαι
2568 410 2702 482 πρὸς
2733 413 2799 482 τῇ
2825 424 3077 480 πονηρια,
3104 420 3200 461 και
3232 404 3423 461 εαυτοῦ
3587 405 3709 457 ἑπι-

483 533 606 572 esse
653 515 793 586 apud
844 517 1139 586 nequitiam
1189 530 1253 570 ac
1304 513 1390 570 sui
1434 510 1832 576 oblivisci,'et
1865 508 2041 564 facere

483 622 817 679 quacunque
838 608 1086 677 nequitia
1113 606 1276 673 facit;
1307 604 1484 675 potuit
1514 603 1619 657 hoc
1648 601 1865 657 evenire
1892 600 2041 671 prin.

484 701 696 772 cipibus
737 700 1008 772 nequitiae,
1038 708 1097 756 ut
1121 701 1293 771 magis
1322 698 1596 769 potuerint
1628 694 1825 749 mutari
1854 697 1909 747 in
1941 693 2037 748 bo-

485 809 632 849 num.
679 793 735 847 Si
785 802 963 848 autem
1019 793 1244 847 mutatio
1284 791 1400 846 ﬁeri
1448 789 1626 860 potuit
1681 798 1736 842 et
1786 786 2037 849 variatio,

482 879 758 947 quomodo
785 895 896 934 non
926 879 1118 935 melius
1150 887 1267 934 erat
1300 894 1366 933 ex
1396 878 1528 932 vitio
1557 877 1612 931 in
1637 876 1891 930 virtutem
1921 890 2039 928 mu-

483 971 608 1033 tari,
634 986 797 1039 quam
840 987 906 1027 ex
940 972 1141 1027 virtute
1172 973 1230 1026 in
1261 970 1491 1025 vitium?
1526 968 1808 1035 Quomodo
1848 983 2038 1038 passus

482 1067 564 1115 est
607 1058 773 1123 Deus,
826 1068 879 1115 et
909 1061 1157 1130 permisit
1189 1061 1304 1130 rapi
1343 1059 1561 1114 lumen?
1602 1057 1882 1126 Quomodo
1928 1073 2037 1112 non

483 1147 760 1216 prohibuit
806 1149 1259 1220 aggressionem?
1302 1147 1585 1215 Quomodo
1644 1163 1753 1202 non
1803 1148 2038 1203 servavit

483 1240 619 1293 sua?
645 1239 929 1305 Quomodo
947 1246 1234 1310 postquam
1262 1240 1440 1293 ablata
1471 1247 1619 1303 sunt,
1646 1239 1821 1293 noluit
1848 1254 2036 1294 eorum

483 1330 874 1399 providentiam
916 1336 970 1385 et
1003 1330 1438 1398 procurationem
1485 1329 1723 1385 habere?
1759 1328 2039 1396 Quomodo

480 1440 588 1478 non
619 1422 771 1493 prius
802 1423 1062 1492 impetum
1092 1431 1145 1477 et
1172 1433 1427 1476 conatum
1458 1421 1736 1476 coercuit?
1757 1421 2037 1488 Quomodo

482 1528 588 1566 non
622 1512 792 1582 magis
824 1512 1059 1567 servavit
1089 1527 1156 1567 ne
1182 1518 1529 1583 caperentur,
1556 1512 1649 1567 sed
1680 1512 1861 1581 potius
1881 1519 2035 1581 capta

480 1610 534 1656 et
555 1602 765 1672 direpta
796 1602 1001 1657 auxilio
1037 1618 1151 1657 non
1190 1602 1512 1657 honoravit?
1555 1601 1612 1656 Si
1647 1602 1770 1657 ideo
1801 1601 1947 1666 fecit,
1978 1608 2037 1655 ut

482 1694 663 1745 lumen
713 1706 838 1746 cum
887 1691 942 1747 in
992 1692 1151 1749 malis
1189 1698 1355 1757 esset,
1396 1692 1539 1747 mala
1586 1698 1838 1759 mutaret,
1878 1690 2035 1762 quasi

2142 500 2418 565 λαθέσθαι,
2446 501 2667 571 ποιῆσαι
2700 500 2757 554 δὲ
2791 502 2891 553 ὅσα
2918 501 2952 570 ἠ
2974 498 3208 570 πονηρία
3249 499 3423 550 ποιεῖ·
3447 494 3715 565 ἠδύναντο

2141 596 2236 650 καὶ
2254 596 2300 647 οί
2315 594 2413 665 τῆς
2428 592 2689 665 πονηρίας
2710 594 2966 665 ἄρχοντες
2981 589 3138 643 τοῦτο
3154 588 3367 653 παθεῖν,
3384 587 3483 641 καὶ
3508 586 3712 658 μᾶλλον

2143 683 2566 757 μεταϐάλλεσθαι
2576 684 2668 737 ent
2678 685 2738 737 τὸ
2750 684 2910 736 καλόν
2928 722 2941 736 .
2958 681 3266 753 Ἰσχυούσης
3279 679 3335 733 δὲ
3354 680 3456 749 τῆς
3474 676 3714 750 μεταϐο-

2139 776 2237 847 λῆς
2254 777 2345 829 καὶ
2355 776 2658 847 δυναμένης
2668 777 2765 845 τῆς
2780 775 3132 838 ἀλλοιώσεως,
3153 773 3266 835 πῶς
3280 773 3382 825 οὐκ
3401 771 3630 841 ἄμεινον
3645 764 3713 840 ἦν

2138 872 2251 933 τοῖς
2288 872 2474 934 κακοῖς
2521 870 2722 941 μᾶλλον
2750 870 2841 921 ἐπὶ
2866 868 2963 939 τὴν
2989 866 3191 938 ἀρετὴν
3229 862 3640 937 μεταϐληθῆναι
3673 861 3711 930 ἦ

2137 963 2250 1023 τοῖς
2282 960 2462 1022 καλοῖς
2507 960 2599 1011 ἐπὶ
2631 958 2730 1030 τὴν
2755 958 2952 1011 κακίαν
2979 973 2993 1022 ;
3023 955 3147 1019 Πῶς
3173 956 3230 1009 δὲ
3262 955 3357 1008 καὶ
3375 952 3649 1023 ’ἠνέσχετο
3681 952 3713 1001 ὁ

2138 1052 2289 1117 Θεὸς,
2322 1052 2413 1104 καὶ
2439 1049 2708 1121 ληφθῆναι
2733 1049 2795 1102 τὸ
2827 1048 2940 1118 φῶς
2972 1044 3233 1117 ἐπέτρεψε
3254 1044 3417 1111 ςΠῶς
3442 1044 3505 1097 οὐ
3528 1041 3711 1100 κεκὼ-

2139 1144 2267 1198 λυκε
2314 1143 2412 1216 τὴν
2456 1143 2667 1214 ὁρμήν;
2716 1141 2841 1205 Πῶς
2881 1140 2948 1193 τὰ
2995 1138 3104 1191 ἴδια
3138 1139 3239 1191 οὐκ
3278 1137 3550 1208 ἐτήρησε;
3586 1132 3713 1197 Πῶς

2137 1234 2216 1298 δὲ,
2250 1234 2385 1305 μετά
2424 1234 2487 1286 τὸ
2517 1232 2905 1304 ἀφαιρεθῆναι,
2949 1231 3204 1303 πρόνοιαν
3233 1230 3340 1283 τῶν
3369 1225 3714 1299 ἀφαιρεθένο

2138 1342 2247 1379 των
2289 1324 2615 1397 ποιήσασθαι
2641 1324 2703 1377 οὐ
2739 1322 3090 1394 βεϐούληται;
3121 1322 3246 1386 Πῶς
3297 1321 3358 1374 οὐ
3419 1316 3716 1391 προλαϐὼν

2139 1415 2336 1486 ἐπέσχε
2387 1414 2482 1486 τὴν
2526 1415 2898 1486 ἐπιχείρησινς
2939 1412 3062 1477 Πῶς
3111 1410 3309 1483 μᾶλλον
3346 1409 3603 1464 ἀνάλωτα
3644 1408 3712 1462 οὐ

2138 1509 2460 1579 τετήρηκεν,
2510 1506 2645 1561 ἀλλά
2689 1506 2884 1559 ἁλόντα
2932 1506 3024 1558 καὶ
3070 1503 3343 1576 ληφθέντα
3394 1500 3619 1572 βοηθείᾳ
3644 1502 3711 1554 οὐ

2135 1598 2459 1670 τετίμηκεν;
2510 1597 2573 1650 Εἰ
2621 1597 2719 1667 μὲν
2757 1597 2936 1649 εἴασεν
2972 1594 3060 1647 ἵνα
3090 1592 3151 1647 τὸ
3188 1594 3305 1662 φῶς
3336 1592 3626 1662 γενόμενον
3652 1593 3715 1642 έν

2136 1693 2249 1754 τοῖς
2290 1691 2480 1753 κακοῖς
2508 1687 2786 1760 μεταϐάλῃ
2807 1689 2875 1743 τά
2908 1687 3072 1752 κακὰ,
3100 1687 3175 1751 ὡς
3194 1685 3513 1766 ,δυναμένων
3545 1700 3717 1754 μετα-

482 1782 676 1835 mutari
736 1789 963 1852 possent
1007 1781 1205 1836 mala:
1250 1795 1361 1835 non
1422 1780 1588 1852 igitur
1642 1781 1785 1835 mala
1840 1789 2038 1834 natura

2145 1780 2426 1836 ϐάλλεσθαι
2462 1780 2568 1834 τῶν
2613 1780 2818 1847 κακῶν,
2847 1780 3030 1834 οὐκέτι
3056 1779 3123 1832 τὰ
3146 1778 3292 1832 κακά
3324 1776 3530 1847 φυσικά
3552 1776 3718 1829 δυνά-

480 1873 623 1926 mala
657 1883 816 1942 sunt;
848 1888 969 1944 qua:
1007 1889 1131 1929 cum
1161 1874 1361 1927 mutari
1389 1879 1640 1943 possunt,
1686 1871 2036 1942 sponsionem

481 1958 538 2013 in
566 1962 865 2017 mutatione
895 1963 1011 2033 ipsa
1038 1962 1335 2031 accipiunt,
1369 1977 1481 2016 non
1504 1976 1626 2017 esse
1648 1970 1842 2016 natura
1872 1962 2034 2015 mala.

553 2049 609 2105 Si
631 2059 810 2106 autem
842 2052 1044 2108 sciebat
1077 2067 1187 2105 non
1215 2052 1436 2117 mutari,
1466 2067 1643 2122 neque
1683 2059 1877 2106 natura
1912 2061 2038 2121 apta

480 2158 604 2199 esse
667 2152 725 2199 ut
775 2146 1127 2201 mutationem
1183 2155 1439 2217 caperent
1512 2144 1787 2217 quomodo
1834 2145 2039 2199 frustra

481 2235 626 2303 sivit,
671 2245 732 2290 ut
763 2235 966 2292 bonum
995 2238 1269 2307 iacturam
1311 2237 1537 2303 faceret,
1583 2245 1636 2292 et
1673 2238 1881 2292 lucrum
1928 2251 2039 2292 non

480 2327 745 2383 tribueret
778 2328 960 2383 malo?
991 2328 1272 2396 Quomodo
1306 2329 1434 2385 sivit
1462 2331 1581 2400 ipsa
1613 2328 1756 2384 mala
1784 2344 1893 2384 non
1919 2344 2042 2384 mu-

479 2419 607 2484 tari,
640 2434 699 2476 se
726 2435 856 2475 vero
884 2428 938 2475 et
969 2436 1068 2477 sua
1089 2420 1231 2485 bona
1257 2428 1465 2476 mutata
1496 2421 1770 2493 neglexit?
1789 2419 2039 2475 Absurda

478 2520 563 2567 est
593 2512 738 2566 enim
774 2513 887 2567 haec
923 2512 1280 2584 praascriptio,
1326 2514 1506 2585 ipsum
1535 2530 1657 2570 esse
1702 2515 2036 2581 mutabilem,

480 2603 605 2674 quia
649 2619 746 2660 sua
795 2612 1106 2673 mutantur;
1160 2620 1270 2660 non
1325 2622 1447 2662 esse
1496 2610 1673 2661 autem
1724 2608 2039 2662 mutabilem

478 2694 783 2748 materiam.
810 2696 987 2765 Atque
1026 2696 1127 2750 hoc
1161 2695 1380 2764 quidem
1426 2696 1508 2751 sic
1537 2697 1939 2766 redarguimus,
1981 2705 2040 2751 ut

479 2785 749 2853 prolixum
778 2800 1083 2840 sermonem
1112 2786 1520 2848 contrahamus,
1556 2787 1774 2841 silentio
1808 2797 2032 2857 praeter-

482 2881 675 2929 euntes
713 2874 805 2929 illa
846 2876 1213 2945 integumenta
1260 2892 1382 2946 qua:
1417 2876 1740 2943 obtendunt,
1792 2878 1915 2934 illas
1954 2894 2039 2935 re-

478 2963 809 3033 pdgnantias
840 2972 894 3018 et
923 2962 1133 3020 fabulas
1164 2976 1219 3019 et
1243 2980 1453 3037 pugnas
1492 2967 1802 3037 gigantum;
1828 2976 1888 3021 ut
1918 2984 2038 3038 quae

478 3053 546 3107 de
588 3053 855 3124 principio
903 3070 1087 3110 rerum
1140 3056 1285 3111 dicta
1336 3066 1496 3122 sunt,
1545 3059 1719 3113 instar
1749 3059 2034 3129 cujusdam

479 3144 708 3199 subsidii
738 3145 883 3200 dicta
928 3147 1058 3216 sint,
1100 3147 1508 3221 habeanturque
1549 3158 1806 3221 tanquam
1845 3166 2032 3209 semen

478 3238 860 3306 quaestionum.

2141 1893 2277 1949 μενα
2325 1876 2776 1948 μεταϐάλλεσθαι,
2802 1876 2912 1930 ἀπὸ
2942 1876 3050 1929 τῶν
3078 1875 3263 1928 κακῶν
3311 1874 3570 1944 ἐνέχυρον
3611 1871 3717 1942 τὴν

2142 1969 2440 2043 μεταϐολὴν
2469 1969 2612 2024 κατά
2638 1972 2736 2041 τῆς
2764 1970 2978 2040 φύσεως
3000 1967 3280 2039 λαμϐάνει.

2207 2062 2271 2115 Εἰ
2300 2061 2357 2114 δὲ
2384 2061 2669 2131 ⁴ἠπίστατο,
2699 2061 2780 2114 ὅτι
2817 2060 2893 2114 οὗ
2930 2058 3306 2131 μετεϐάλλετο,
3353 2058 3460 2111 καί
3496 2057 3587 2110 δτι
3650 2056 3718 2108 οὔ

2139 2152 2380 2221 πέφυκεν
2418 2147 2791 2205 ἀλλοιοῦσθαι·
2835 2150 2951 2215 πῶς
2983 2152 3157 2222 μάτην
3193 2151 3340 2203 εἴασε
3376 2147 3585 2218 ζημίαν
3612 2144 3717 2217 μὲν

2137 2242 2423 2313 ὑπομεῖναι
2475 2243 2537 2296 τὸ
2584 2242 2766 2308 καλὸν,
2817 2242 3009 2314 κέρδος
3063 2242 3120 2296 δὲ
3177 2241 3251 2313 μὴ
3295 2242 3592 2310 ἀπονεῖμαι
3635 2237 3718 2310 τῷ

2138 2335 2325 2405 κακῷ;
2357 2335 2482 2400 Πῶς
2511 2336 2569 2390 δὲ
2596 2336 2734 2390 αὑτά
2768 2338 2865 2408 μὲν
2903 2337 2972 2391 τά
3007 2336 3149 2390 κακά
3177 2333 3520 2391 ἀλλοιοῦσθαι
3543 2329 3717 2397 οἶδεν,

2138 2427 2329 2481 ἑαυτὸν
2374 2428 2430 2482 δὲ
2460 2429 2551 2482 καὶ
2586 2429 2654 2483 τὰ
2683 2428 2873 2483 ἑαυτοῦ
2914 2428 3056 2484 καλά
3100 2428 3452 2499 ἀλλοιούμενα
3513 2426 3718 2497 παρεῖ-

2137 2516 2260 2584 δεν;
2288 2519 2523 2592 ’ἶΑτοπος
2542 2520 2649 2591 γὰρ
2674 2521 2797 2591 ὅρος
2821 2513 2995 2585 οὗτος,
3017 2520 3176 2574 αὑτὸν
3199 2521 3297 2592 μὲν
3321 2514 3461 2573 εἶναι
3491 2517 3720 2571 ἀλλοιω-

2137 2609 2248 2677 τὸν,
2295 2591 2384 2664 διὰ
2429 2611 2490 2664 τὸ
2540 2612 2878 2668 ἀλλοιοῦσθαι
2907 2614 2977 2667 τά
3013 2591 3225 2677 ἑαυτοῦ,
3251 2611 3325 2683 μὴ
3362 2607 3503 2665 εἶναι
3532 2610 3591 2664 δὲ
3620 2611 3720 2665 ἀλ-

2137 2700 2455 2773 λοιουμένην
2485 2703 2582 2774 τὴν
2608 2702 2761 2775 ὓλην.
2794 2705 2902 2758 Καὶ
2919 2706 3109 2758 τούτου
3134 2704 3232 2774 μὲν
3253 2702 3493 2766 τοιοῦτος
3516 2703 3547 2754 ὁ
3565 2702 3720 2770 ἕλετο

2138 2808 2249 2862 χος,
2279 2793 2365 2846 ἴνα
2394 2793 2592 2867 πολλὴν
2626 2796 2989 2867 συστείλωμεν
3020 2795 3250 2867 ὁμιλίαν,
3290 2794 3388 2859 τὰς
3435 2794 3716 2865 προϐολὰς

2134 2884 2334 2949 αὐτῶν,
2359 2884 2458 2948 τάς
2487 2885 2684 2956 μάχας,
2700 2886 2797 2950 τὰς
2823 2886 3140 2957 μυθοποιίας
3165 2885 3379 2948 ὲκείνας
3408 2885 3506 2938 καὶ
3520 2901 3722 2952 γιγανο

2136 2976 2401 3047 τομαχίας
2431 2976 2768 3042 σιωπῶντες·
2804 2979 2890 3031 ἵνα
2932 2978 3026 3032 καὶ
3057 2978 3124 3031 τά
3153 2977 3416 3048 εἰρημένα
3446 2977 3581 3046 περὶ
3613 2975 3716 3045 τῆς

2136 3065 2309 3136 ἀρχῆς
2340 3066 2447 3119 τῶν
2478 3069 2841 3139 πραγμάτων,
2894 3068 3048 3141 δίκην
3074 3071 3326 3141 ἀφορμῆς
3362 3085 3513 3131 τινος
3559 3069 3712 3139 alm-

2142 3155 2276 3225 μένα
2320 3144 2582 3233 τυγχάνῃ,
2619 3161 2713 3213 καὶ
2741 3160 2960 3233 σπέρμα
3006 3159 3113 3213 τῶν
3143 3159 3422 3232 ζητήσεων
3459 3160 3707 3234 ὑπάρχῃ.

478 3392 3674 3427 .__________________________________________

1571 3577 1925 3665 LIBER
1997 3577 2645 3699 SECUNDUS.

1313 3881 1442 3939 Car.
1485 3881 1523 3936 1.
1557 3881 1754 3952 Scopas
1787 3886 2109 3941 auctoribus.
2152 3882 2306 3939 Nihil
2340 3886 2469 3939 mali
2510 3894 2743 3938 creatum
2773 3894 2869 3941 est.

551 4010 707 4077 Ducit
750 4023 861 4092 jam
904 4037 1004 4078 nos
1045 4021 1302 4093 deinceps
1350 4024 1487 4079 ratio
1530 4024 1921 4095 disputationis
1970 4027 2036 4080 ad

477 4113 856 4171 disserendum
897 4114 1043 4169 serio
1075 4112 1143 4168 de
1174 4112 1304 4170 Deo.
1344 4111 1622 4171 Fortassis
1654 4119 1799 4171 enim
1839 4117 1971 4171 nihil
2007 4133 2037 4172 a

479 4207 609 4260 ludo
657 4204 949 4269 differunt,
1001 4218 1122 4274 qua:
1164 4203 1436 4260 hactenus
1486 4204 1554 4259 ad
1606 4207 2038 4262 confutationem

478 4302 674 4357 fabulae
704 4301 849 4355 illius
882 4300 1025 4354 dicta
1059 4307 1207 4355 sunt.
1232 4297 1311 4355 Ne
1333 4300 1498 4369 igitur
1520 4301 1693 4355 risum
1721 4315 2036 4357 moveamus

477 4397 836 4469 prudentibus
855 4436 871 4460 ,
900 4402 1264 4451 commentum
1291 4396 1446 4450 valde
1470 4396 1573 4452 sibi
1608 4411 1917 4467 repugnans
1946 4412 2039 4452 ac-

477 4489 726 4546 curatius
754 4488 1136 4553 excutientes;
1168 4501 1287 4557 qua:
1316 4494 1496 4541 autem
1534 4502 1565 4540 a
1597 4486 1893 4543 Manicbaao
1924 4503 2038 4541 ma-

478 4580 559 4650 gis
593 4578 824 4650 mystica
855 4579 1073 4632 inventa
1102 4586 1263 4642 sunt,
1294 4593 1415 4646 quae
1442 4586 1574 4634 sunt
1602 4579 1887 4649 complura
1911 4620 1925 4644 ,
1963 4580 2039 4634 si-

479 4671 646 4726 lentio
680 4677 1068 4740 praetereuntes
1095 4688 1108 4723 :
1143 4670 1521 4740 aggrediemur
1549 4671 1664 4739 jam
1681 4669 1882 4726 docere
1902 4713 1917 4737 ,
1938 4686 2038 4727 ne-

477 4760 707 4830 quitiam
736 4761 953 4831 quidem
977 4775 1318 4831 nequaquam
1349 4762 1647 4816 secundum
1675 4762 2036 4817 substantiam

477 4853 743 4908 exsistere
763 4893 778 4916 ,
812 4867 989 4922 neque
1016 4852 1256 4907 materia:
1288 4852 1614 4924 principium
1641 4852 1811 4906 ullum
1838 4854 2041 4922 princi-

479 4947 569 5014 pio
600 4957 793 4999 carens
820 4941 930 4998 Deo
958 4942 1294 4997 contrarium
1337 4956 1482 4997 esse.
1530 4940 1707 4996 Unum
1748 4958 1877 4997 vero
1918 4958 2039 4999 esse

2215 4032 2371 4097 Ἀγει
2401 4027 2464 4099 δὴ
2493 4027 2677 4081 λοιπὸν
2720 4028 2866 4098 ἡμᾶς
2902 4028 2931 4080 ὁ
2982 4026 3138 4095 λόγος
3176 4026 3267 4079 ἐπὶ
3292 4026 3390 4097 τὴν
3414 4027 3544 4097 περὶ
3567 4022 3715 4083 Θεοῦ

2142 4117 2605 4185 σπουδαιολογίαν·
2640 4117 2856 4180 παιδιᾶς
2878 4116 2985 4191 γὰρ
3018 4117 3148 4180 ι’σως
3180 4116 3413 4188 διέφερεν
3449 4117 3604 4169 οὐδὲν
3629 4118 3706 4170 τά

2143 4208 2278 4279 πρὸς
2305 4208 2608 4276 ἀνασκευὴν
2655 4206 2756 4277 τῆς
2798 4207 3003 4260 ἐκείνου
3053 4205 3368 4277 μυθολογίας
3407 4206 3699 4277 εἰρημένα.

2144 4300 2259 4353 Ἵνα
2284 4295 2375 4352 οὖν
2411 4300 2484 4370 μὴ
2507 4300 2598 4352 καὶ
2626 4298 2834 4367 γέλωτα
2854 4299 3175 4371 ὀφλήσωμεν
3200 4298 3347 4370 παρά
3364 4302 3471 4363 τοϊς
3491 4298 3700 4369 ἑμφροτ

2145 4409 2218 4457 σι,
2251 4391 2470 4461 πλάσμα
2510 4390 2628 4444 λίαν
2660 4390 2959 4444 ἀσύστατον
2984 4390 3396 4465 περιεργότερον
3427 4388 3713 4455 ἐξετάζον-

2140 4501 2251 4547 τες,
2280 4486 2379 4538 ὃσα
2419 4483 2482 4555 δὴ
2522 4484 2747 4555 εὓρηται
2779 4482 3153 4555 μυστικώτερα
3182 4482 3263 4553 τῷ
3291 4483 3529 4536 Μάνεντι
3574 4482 3718 4552 (ἐστι

2142 4576 2198 4629 δὲ
2230 4575 2563 4646 πάμπολλα),
2595 4575 2752 4644 λόγου
2784 4574 3046 4647 μηδαμῶς
3062 4574 3423 4642 ἀξιώσαντες·
3456 4574 3561 4646 ήδη
3595 4591 3717 4627 πει-

2147 4667 2423 4739 ρασόμεθα
2457 4668 2645 4733 δεῖξαι,
2675 4668 2749 4732 ὼς
2790 4669 2955 4722 κακία
2987 4668 3083 4737 μὲν
3122 4666 3358 4738 οὐδαμοῦ
3385 4665 3504 4720 κατ’
3524 4667 3718 4719 οὐσίαν

2145 4762 2399 4832 ὑπάρχει,
2442 4759 2553 4813 οὗθ’
2602 4760 2732 4832 ὕλης
2767 4761 2907 4831 ἀρχή
2949 4777 3032 4824 τις
3075 4760 3308 4829 ἄναρχος
3334 4758 3714 4814 ἀντιτέτακται

2145 4852 2264 4923 Θεῷ
2281 4869 2294 4882 ·
2327 4854 2422 4924 μία
2449 4853 2506 4906 δὲ
2526 4853 2668 4926 ἀρχὴ
2690 4852 2795 4906 τῶν
2827 4853 2985 4916 ὅλων,
3020 4853 3114 4907 καὶ
3137 4848 3217 4915 εἷς
3238 4851 3370 4916 Θεὸς
3388 4853 3420 4904 ὁ
3444 4851 3518 4903 τά
3539 4851 3715 4903 πάντα

2143 4943 2570 5016 δημιουργήσας.
2592 4944 2731 4998 καλά
2758 4961 2815 4997 τε
2851 4945 2943 4997 καὶ
2971 4945 3069 5015 τῆς
3095 4942 3259 4997 αὑτοῦ
3319 4942 3513 5012 σοφίας
3564 4941 3712 5008 ἀξια.

482 5036 806 5107 principium
846 5037 1089 5090 omnium
1111 5074 1126 5100 ,
1164 5041 1219 5090 et
1260 5049 1429 5088 unum
1473 5032 1642 5090 Deum
1663 5074 1679 5100 ,
1718 5035 1811 5104 qui
1851 5036 2035 5090 omnia
2060 5036 2267 5090 creavit
2299 5036 2438 5090 bona
2468 5043 2522 5091 et
2553 5035 2740 5106 gipsius
2769 5035 3035 5104 sapientia
3063 5032 3248 5105 digna.

549 5151 832 5207 Manichaei
875 5152 1019 5207 enim
1047 5191 1063 5216 ,
1114 5157 1401 5220 postquam
1450 5151 1506 5203 in
1552 5148 1924 5219 disputatione
1967 5149 2034 5204 de

480 5245 766 5316 principiis
816 5244 1050 5298 convicti
1109 5250 1273 5305 sunt,
1325 5242 1394 5296 ad
1456 5242 1596 5295 hanc
1639 5242 2037 5296 dubitationem

485 5345 741 5404 tanquam
793 5331 1063 5388 dillicilem
1091 5331 1160 5386 ad
1187 5331 1534 5388 enodandum
1583 5340 1639 5386 et
1683 5333 1880 5387 multas
1923 5341 2043 5387 ten-

2214 5152 2324 5205 Καὶ
2360 5151 2468 5222 γὰρ
2513 5151 2576 5222 δὴ
2616 5152 2665 5203 οἱ
2695 5150 2754 5215 ἐξ
2792 5150 3023 5213 ἐκείνου,
3046 5148 3265 5203 ἐπειδὰν
3285 5151 3416 5222 περὶ
3444 5148 3558 5203 τῶν
3588 5151 3717 5205 ἀσυ-

2146 5245 2352 5299 στάτων
2381 5242 2563 5314 ἀρχῶν
2591 5244 2650 5295 ὲν
2665 5242 2806 5313 λόγῳ
2820 5241 3220 5313 διελεγχθῶσιν,
3249 5242 3341 5296 ἐπὶ
3362 5242 3573 5312 ταύτην
3595 5259 3719 5297 κατ-

2144 5336 2363 5404 άγονται
2406 5334 2504 5407 τὴν
2533 5334 2892 5404 ὲπαπόρησιν,
2921 5333 2997 5398 ὡς
3018 5333 3456 5396 δυσαπόδεικτον,
3478 5335 3576 5386 καὶ
3598 5333 3716 5386 πολ·

484 5424 694 5480 diculas
717 5435 771 5480 et
808 5424 1091 5493 captiones
1130 5433 1322 5478 contra
1360 5422 1655 5479 disserenti
1704 5424 2036 5493 praebentem

2145 5426 2241 5489 λάς
2297 5426 2637 5498 παρέχουσαν
2684 5426 2853 5488 λαϐὰς
2893 5426 3034 5480 κατά
3065 5425 3159 5479 τοῦ
3188 5425 3711 5497 προδιαλεγομένου,

485 5517 848 5573 deducuntur.
882 5516 1142 5583 Quaerunt
1166 5518 1310 5571 enim
1331 5556 1345 5581 ,
1378 5515 1521 5570 unde
1558 5516 1700 5569 mala
1739 5516 2045 5571 exsistant?

2149 5519 2465 5587 φάσκοντες·
2495 5516 2665 5571 Πόθεν
2690 5514 2783 5571 οῦν
2813 5517 2881 5570 τὰ
2909 5517 3056 5571 κακά
3072 5533 3087 5583 ;
3103 5516 3288 5587 Φαμὲν
3312 5516 3377 5588 δη
3402 5514 3717 5588 θαρσαλέαις

486 5607 596 5663 Nos
638 5618 815 5663 autem
865 5607 1094 5663 ﬁdenter
1142 5607 1568 5678 respondemus,
1622 5622 1745 5661 cum
1786 5622 1930 5663 unus
1973 5608 2044 5661 sit

2146 5611 2326 5680 ἡμεῖς,
2354 5609 2427 5673 ὡς
2481 5609 2600 5672 ἑνὸς
2655 5608 2808 5672 ὄντος
2839 5607 2975 5660 Θεοῦ
3012 5608 3108 5661 τοῦ
3158 5608 3334 5662 πάντα
3379 5608 3723 5678 δημιουργῇ»

487 5702 630 5758 Deus
658 5700 752 5772 qui
778 5707 976 5756 cuncta
1005 5699 1129 5756 fecit
1148 5740 1163 5765 ,
1184 5700 1318 5754 nihil
1344 5700 1561 5770 quidem
1593 5697 1891 5755 secundum
1918 5698 2043 5754 sub-

2149 5715 2359 5765 σαντος,
2386 5699 2534 5753 οὐδὲν
2577 5699 2674 5771 μὲν
2715 5700 2832 5752 κατ’
2866 5699 3052 5752 οὐσίαν
3085 5699 3150 5753 ἐν
3188 5702 3301 5762 τοῖς
3353 5693 3475 5754 οὖσι
3524 5699 3722 5768 κακθν,
