4008 6208
295 298 433 354 1155

1382 296 1750 353 ΑυνΕιιευε
1788 294 2210 352 ΜΑΝΙΟῙΙᾹΞΟΞ
2249 295 2372 353 LIB.
2416 295 2476 350 ll.

3411 301 3546 359 H36

293 417 477 472 πάντα
521 416 579 470 δὲ
622 414 764 469 καλὰ
802 415 943 480 λίαν,
981 417 1076 471 καὶ
1111 417 1380 489 διαφόρως
1421 383 1581 481 καλὰ,
1612 420 1865 492 καὶπρὸς

1972 419 2228 473 stantiam
2273 420 2476 493 malum
2515 404 2678 483 esse;
2712 429 2911 473 cuncta
2956 426 3140 474 autem
3164 421 3326 479 .valde
3367 422 3544 488 bona,

294 506 546 569 ποικίλας
581 505 805 578 χρήσεις
850 508 1357 579 κατεσκευασμένα,
1395 508 1620 563 καὶτῶν
1644 509 1871 580 γενομέ-

292 616 400 656 νων
446 598 600 653 οὐδὲν
640 599 769 654 ἄνευ
815 599 974 670 λόγου
1019 603 1338 675 γεγένηταιι
1371 603 1484 657 ἀλλ’
1505 604 1731 658 ἕκαστον
1763 605 1872 660 τῶν

290 690 461 746 ὄντων
492 689 702 762 μικρῶν
728 707 788 743 τε
816 691 908 745 καὶ
933 691 1183 762 μεγάλων
1212 696 1269 746 ὲν
1289 692 1465 764 ἑαυτῷ
1484 693 1596 764 ἔχει
1618 692 1709 746 τοῦ
1733 690 1871 747 εἶναι

290 780 383 835 τὸν
412 779 591 849 λόγον.
612 778 718 834 τῶν
751 797 809 833 τε
836 783 893 834 ὲν
925 780 1137 853 οὐρανῷ
1156 783 1251 835 καὶ⁸
1281 782 1339 835 ἐν
1360 784 1426 853 τῇ
1454 785 1524 853 γῇ
1564 784 1654 836 καί
1681 785 1738 836 ὲν
1777 781 1866 836 θαι

292 869 487 943 λάττῐΓ
542 870 636 923 καὶ
676 868 864 943 ὥσπερ
911 869 1095 942 ἄρτιον
1145 872 1238 924 καὶ
1282 871 1571 942 ὁλόκληρον
1615 871 1774 943 σῶμα
1802 876 1868 943 τῇ

294 962 551 1016 συστάσει
579 961 688 1015 τῶν
730 962 913 1034 μερῶν
937 964 1032 1016 καὶ
1074 962 1254 1033 μελῶν
1279 963 1677 1018 κατεσκεύασεν
1712 966 1745 1036 ἠ
1770 964 1871 1037 ἄῤ-

294 1056 460 1127 ρητος
502 1053 597 1107 τοῦ
639 1054 774 1107 Θεοῦ
820 1055 981 1124 σοφία
1023 1054 1141 1108 τόδε
1188 1054 1251 1107 τὸ
1296 1057 1435 1109 πᾶν
1466 1054 1605 1109 ὥστε
1634 1056 1769 1128 ὅπερ
1804 1056 1871 1111 ἂν

293 1148 516 1218 ἁφέλοις
537 1145 614 1218 τῷ
632 1146 776 1218 λόγῳ
800 1146 907 1201 τῶν
932 1146 1237 1219 γενομένων
1264 1146 1340 1210 ὡς
1369 1148 1644 1219 περιττὸν,
1663 1149 1871 1220 καὶτῆς

291 1240 482 1316 χρείας
506 1240 806 1313 ἀλλότριον,
834 1239 1343 1312 άκρωτηριάξεσθαι
1371 1240 1490 1294 ὅλον
1514 1240 1575 1294 τὸ
1600 1240 1759 1312 σῶμα
1787 1241 1870 1295 δο-

292 1332 406 1384 κεῖ·
440 1330 627 1401 ἔπειδή
657 1346 722 1399 γε
746 1328 807 1382 τὸ
833 1326 1022 1382 δοκοῦν
1060 1329 1118 1381 ὲν
1161 1331 1276 1393 τοῖς
1320 1323 1438 1383 οὖσι
1471 1327 1590 1382 λίαν
1635 1330 1868 1385 εὐκατα-

294 1420 583 1495 φρόνητον,
613 1419 1068 1491 συμπληρωτικὸν
1107 1419 1208 1491 τῆς
1247 1419 1343 1473 τοῦ
1373 1418 1626 1491 σώματος
1667 1420 1869 1501 τελειό-

292 1518 455 1590 τητός
495 1519 612 1571 ἐστι
631 1533 645 1547 °
690 1517 785 1571 καὶ
815 1515 966 1570 οὐδὲν
997 1516 1166 1589 ἀργὸν
1193 1518 1250 1570 ὲν
1277 1518 1393 1580 τοῖς
1425 1512 1596 1583 οὖσιν,
1620 1518 1741 1571 οὐδὲ
1772 1516 1871 1588 μά-

291 1628 394 1683 την
420 1611 662 1681 γεγονὸς,
684 1608 790 1665 οὐδ’
825 1612 905 1677 εις
933 1609 1244 1681 φιλοτιμίαν
1275 1609 1533 1682 περιττὴν
1569 1609 1879 1683 παρεγκεί-ι

297 1721 477 1776 μενον.

362 1900 513 1971 Μόνη
540 1900 597 1955 δὲ
623 1899 858 1970 εὐλόγως
883 1900 978 1955 καὶ
1008 1899 1232 1964 δικαίως
1256 1901 1481 1973 περιττὴ
1504 1903 1537 1973 ή
1566 1901 1674 1955 τῶν
1697 1902 1871 1974 ἁμαρ-

291 1995 557 2049 τανόντων
604 1992 906 2065 ἀνθρώπων
947 1993 1162 2061 ἀδικία,
1192 1994 1288 2047 καὶ
1333 1993 1550 2065 ἀληθῶς
1583 2011 1648 2064 γε
1699 1995 1868 2048 κακία

289 2087 568 2157 τυγχάνει,
596 2086 659 2140 οὐ
700 2085 804 2158 μὴν
830 2085 890 2153 ἐξ
913 2085 1149 2159 ἀνάρχου
1193 2085 1409 2152 κακίας,
1443 2086 1633 2157 ἥντινα
1667 2086 1742 2157 μὴ
1775 2081 1867 2139 οῦ-

290 2196 391 2233 σαν
413 2178 489 2243 ὡς
514 2179 620 2233 ἀπὸ
641 2178 845 2251 ταύτης
874 2196 938 2249 γε
969 2178 1136 2252 οΰσης
1161 2179 1454 2251 ἐπενόησεν
1484 2182 1513 2234 6
1542 2180 1760 2251 Μάνης’
1790 2180 1867 2243 ὡς

286 2274 318 2325 6
341 2271 498 2343 λόγος
545 2271 645 2346 ἤδη
697 2273 794 2344 μὲν
844 2272 1041 2337 ἱκανῶς
1081 2272 1332 2343 ἠνοίξατο
1382 2274 1494 2335 τοῖς
1536 2271 1862 2343 ἔμπροσθεν,

286 2365 451 2432 δείξει
475 2367 535 2421 δὲ
568 2365 898 2439 σαφέστερον
930 2368 1159 2430 καὶτοῖς
1190 2365 1335 2437 ἑξῆς.

1973 517 2027 563 ct
2055 509 2371 566 diﬂ‘erenter
2402 511 2542 566 bona
2562 551 2577 574 ,
2609 518 2665 565 et
2695 510 2763 565 ad
2794 513 2975 566 varios
3005 527 3140 567 usus
3171 511 3312 567 facta
3340 531 3353 579 ;
3379 516 3545 568 nihil-

1973 617 2079 671 que
2116 617 2311 656 earum
2358 617 2482 672 qua:
2535 601 2675 655 facta
2723 610 2882 666 sunt,
2927 601 3045 658 sine
3085 605 3300 659 ratione
3345 605 3546 661 factum

1971 707 2126 757 esse,
2173 693 2266 748 sed
2314 696 2745 764 unumquodque
2784 709 2975 750 eorum
3015 710 3137 766 qua:
3162 695 3353 752 effecta
3384 708 3547 760 sunt.

1974 799 2197 853 parvum
2227 792 2282 839 et
2316 799 2603 851 magnum,
2634 787 2689 840 in
2721 786 2864 841 cmlo
2891 794 2947 842 et
2977 788 3034 841 in
3067 796 3212 844 terra
3241 796 3297 843 et
3326 789 3381 845 in
3413 794 3546 844 mari

1973 875 2177 930 habere
2201 877 2256 930 in
2280 892 2340 932 se
2370 878 2635 933 rationem
2665 894 2780 934 sua:
2804 880 3090 943 essentia,
3117 881 3548 953 fabricatamque

1968 982 2096 1023 esse
2125 968 2449 1038 sapientiam
2476 969 2570 1025 Dci
2604 971 2933 1028 incllabilem
2961 974 3410 1032 universunrhoc
3433 987 3549 1033 tan-

1971 1076 2135 1132 quam
2166 1063 2437 1131 integrum
2465 1073 2519 1117 et
2551 1071 2723 1118 totum
2757 1080 2960 1136 corpus
2989 1070 3385 1126 constitutione
3418 1088 3547 1143 par-

1971 1153 2104 1207 tium
2133 1160 2190 1209 et
2223 1155 2626 1211 membrorum:
2650 1164 2728 1220 ut,
2760 1159 3025 1230 quidquid
3050 1161 3322 1219 ademeris
3344 1165 3543 1220 rationi

1970 1260 2162 1301 eorum
2192 1262 2315 1317 quae
2343 1246 2484 1302 facta
2511 1256 2674 1311 sunt,
2708 1260 2967 1321 tanquam
3000 1269 3465 1325 supervacaneum
3491 1267 3546 1312 ει

1971 1335 2162 1393 inutile
2192 1378 2207 1401 ,
2249 1346 2425 1394 totum
2483 1355 2685 1412 corpus
2736 1344 3045 1399 mutilatum
3090 1362 3213 1403 esse
3273 1348 3541 1405 videatur.

1973 1427 2252 1500 Siquidem
2284 1432 2428 1503 quod
2461 1433 2517 1488 in
2546 1434 2713 1489 rebus
2742 1436 2960 1493 videtur
2988 1438 3317 1495 vilissimum
3358 1452 3411 1498 et
3450 1441 3545 1499 de~

1970 1522 2396 1592 spicatissimum
2425 1566 2441 1591 ,
2499 1526 2901 1585 absolutionem
2958 1532 3207 1602 corporis
3261 1535 3541 1604 complet;

1969 1615 2217 1686 nihilque.
2246 1615 2300 1669 in
2332 1618 2497 1673 rebus
2523 1618 2765 1674 otiosum
2795 1629 2912 1685 est,
2946 1638 3124 1693 neque
3152 1636 3356 1684 temere
3383 1635 3545 1697 atque

1970 1707 2206 1762 inaniter
2237 1708 2472 1778 factum,
2517 1727 2618 1768 nec
2651 1713 2718 1767 ad
2753 1730 3145 1784 supervacuam
3194 1719 3544 1776 ambitionem

1903 1801 1944 1855 Β
1976 1801 2377 1872 interpositum.

2047 1912 2173 1968 Sola
2221 1929 2353 1969 vero
2401 1916 2681 1973 hominum
2729 1922 2796 1976 ad
2852 1923 3145 1994 nequitiam
3200 1927 3541 1996 peccantium

1976 2002 2245 2074 iniustitia
2284 2017 2433 2062 recte
2464 2012 2517 2062 et
2543 2009 2693 2078 juste
2722 2025 2787 2065 ac
2814 2028 2943 2069 vere
2982 2016 3226 2086 nequitia
3265 2023 3387 2083 est,
3434 2032 3541 2073 non

1975 2102 2155 2151 tamen
2182 2112 2245 2152 ex
2275 2100 2513 2169 nequitia
2537 2102 2807 2174 principio
2830 2114 3052 2161 carente
3077 2106 3319 2178 pro-lecta
3339 2148 3354 2173 ,
3378 2123 3543 2180 quam

1972 2187 2338 2253 Manichaeus,
2364 2206 2488 2245 cum
2513 2208 2620 2247 non
2648 2194 2753 2261 sit,
2781 2209 2902 2252 esse
2929 2199 3253 2269 excovgitavit
3283 2207 3542 2271 tanquam

1971 2275 2042 2330 ab
2071 2277 2174 2332 hac
2197 2280 2471 2352 principio
2496 2294 2716 2339 carente
2737 2325 2751 2350 ,
2778 2302 2941 2356 quam
2977 2289 3131 2345 tinxit
3151 2330 3165 2352 ,
3194 2292 3544 2361 proﬁciscen-

1970 2374 2117 2435 tem;
2147 2377 2208 2424 ut
2234 2371 2371 2427 satis
2397 2371 2452 2427 in
2482 2375 2861 2445 superioribus
2886 2377 3184 2448 disputatio
3211 2383 3458 2451 aperuit,
3487 2389 3545 2438 et

1971 2460 2188 2516 docebit
2217 2463 2424 2520 clarius
2452 2466 2508 2521 in
2541 2467 2607 2523 iis
2636 2483 2756 2539 quae
2782 2481 3106 2541 sequuntur.

529 2629 660 2687 Car.
698 2627 761 2683 ll.
808 2626 980 2683 Homo
1006 2626 1326 2682 liberrimas.
1371 2624 1586 2681 Peccati
1613 2641 1752 2690 reus,
1792 2640 1910 2678 cum
1933 2625 2003 2679 sit
2035 2623 2185 2681 liber.
2227 2625 2481 2684 Homines
2511 2641 2730 2699 possunt
2765 2648 2877 2687 esse
2911 2634 3031 2687 boni
3057 2643 3108 2688 et
3142 2635 3292 2690 mali.

356 2769 448 2824 Διό
467 2770 532 2841 δὴ
563 2767 780 2841 πρῶτον
809 2769 936 2840 περὶ
963 2769 1154 2823 τούτου
1181 2767 1545 2831 διαλαὸόντες,
1569 2764 1739 2828 οὕτως
1761 2763 1865 2836 ὀδῷ

288 2861 733 2935 προελευσόμεθα
761 2860 1085 2926 δεικνύντες,
1108 2859 1185 2924 ὼς
1216 2862 1338 2914 κατ’
1366 2858 1552 2912 οὐσίαν
1575 2848 1730 2912 οὐδὲν
1755 2854 1864 2909 τῶν

284 2957 459 3010 ὄντων
485 2955 648 3009 κακόν
667 2972 682 2986 ο
711 2954 846 3008 ἀλλὰ
887 2955 993 3027 μὴν
1024 2955 1123 3009 ὃσα
1144 2953 1285 3008 κατὰ
1304 2952 1497 3022 γενεάν
1523 2952 1799 3021 οἰκονομεῖ
1835 2948 1865 3000 6

287 3049 442 3114 Θεὸς,
473 3048 789 3121 πρεπόντως
819 3064 883 3116 γε
921 3049 986 3119 τῇ
1017 3044 1212 3100 ἑαυτοῦ
1245 3045 1405 3118 σοφίᾳ
1441 3043 1536 3099 καὶ
1564 3043 1865 3115 συμφερόν-

286 3159 396 3207 τως
419 3143 690 3212 οίκονομεῖ
717 3143 830 3204 τοῖς
852 3140 992 3213 ὑπὲρ
1015 3134 1091 3193 ὧν
1117 3136 1292 3193 ταῦτα
1311 3139 1472 3190 ποιεῖ.
1499 3136 1717 3207 Κόσμον
1754 3134 1865 3189 τοί-

287 3251 384 3287 νυν
407 3233 518 3305 (25)
552 3232 951 3287 κατεσκεύασεν
975 3234 1004 3286 6
1034 3231 1185 3295 Θεός·
1213 3229 1308 3284 καὶ
1336 3231 1463 3301 περὶ
1498 3227 1711 3295 τούτου,
1730 3227 1867 3300 πρὸς

284 3328 383 3394 οὓς
404 3331 434 3382 6
456 3327 631 3397 λόγος,
648 3328 708 3381 οὐ
732 3324 1173 3397 διαχειμάζονται
1192 3340 1207 3355 ’
1237 3326 1285 3377 εἰ
1304 3322 1413 3394 γὰρ
1435 3321 1498 3394 δὴ
1521 3323 1615 3375 καὶ
1635 3322 1714 3386 είς
1737 3322 1867 3375 ἀκο-

290 3419 455 3492 σμίαν
488 3419 711 3490 κόσμιον
737 3419 866 3472 ὄντα
902 3417 994 3472 τὸν
1024 3417 1226 3488 κόσμον
1257 3413 1703 3486 μεταϐάλλουσιν,
1731 3411 1867 3465 ἀλλά

288 3531 353 3583 γε
384 3513 510 3586 περί
542 3530 601 3566 τε
632 3512 836 3584 τρόπου
871 3511 964 3564 καὶ
991 3511 1089 3582 τῆς
1113 3509 1291 3572 αίτίας
1323 3506 1420 3560 τοῦ
1451 3503 1701 3575 γενέσθαι
1730 3504 1864 3574 όμο-

286 3604 525 3676 λογοῦσι.
552 3603 739 3676 Τούτῳ
757 3602 840 3676 δὴ,
869 3603 1030 3674 μέρος
1059 3600 1158 3674 μὲν
1186 3599 1312 3652 ὄντα
1345 3596 1439 3651 τοῦ
1473 3596 1692 3660 παντὸς,
1716 3596 1866 3666 ὅμως

284 3698 346 3751 δὲ
386 3695 611 3766 πολίτην
647 3696 946 3766 ἐπιστήσας
983 3692 1197 3761 λογικὸν
1223 3689 1316 3744 τὸν
1341 3686 1624 3759 ἄνθρωπον
1653 3688 1681 3739 6
1709 3683 1861 3748 Θεὸς,

284 3789 357 3845 τὰ
381 3791 479 3862 μὲν
503 3789 638 3845 ἄλλα
664 3789 764 3843 ὅσα
792 3789 929 3860 μήτε
950 3787 1086 3860 πρὸς
1111 3783 1311 3857 ἀρετὴν
1333 3782 1470 3854 μήτε
1505 3780 1641 3853 πρὸς
1666 3778 1865 3832 κακίαν

284 3884 409 3955 ὁρᾷ,
444 3881 619 3954 ἑαυτῷ
647 3882 951 3955 τετήρηκεν
976 3879 1303 3948 οίκονομεῖν’
1333 3874 1531 3948 ἀρετὴν
1563 3872 1620 3927 δὲ
1649 3869 1862 3943 μόνονῆ

286 3975 487 4029 κακίαν
521 3974 607 4028 ἐπ’
636 3972 784 4045 αὐτῷ
809 3969 947 4027 εἶναι
976 3970 1264 4039 πεποίηκε,
1298 3969 1364 4039 τῇ
1396 3964 1556 4036 φύσει
1584 3961 1865 4035 προενθεὶς

286 4067 549 4140 ἑκατέρου
592 4065 690 4139 τὴν
737 4064 965 4137 γνῶσινο
1002 4063 1110 4128 ἵνα,
1153 4058 1434 4133 ὀφθαλμοῦ
1473 4056 1628 4128 δίκην
1662 4053 1865 4125 ταύτην

286 4160 648 4231 ἑπαγόμενος,
694 4159 754 4212 οὐ
804 4156 961 4230 μόνον
1019 4153 1157 4226 μετὰ
1185 4151 1397 4215 τελείας
1435 4148 1745 4218 ἐπιστήμης
1772 4144 1864 4197 τὸν

288 4247 403 4319 βίον
438 4247 617 4323 όδεύῃ,
651 4245 787 4301 ἀλλὰ
815 4246 909 4301 καὶ
935 4243 1234 4315 αὐτουργὸς
1257 4242 1366 4295 τῶν
1387 4239 1488 4311 τῆς
1508 4238 1705 4311 ἀρετῆς
1730 4250 1865 4288 κατ-

284 4340 623 4413 ορθωμάτων
658 4340 899 4413 ὑπάρχῃ.

2041 2764 2403 2833 Quamobrem
2437 2785 2563 2824 cum
2608 2770 2677 2824 de
2724 2770 2829 2827 hoc
2873 2773 3048 2843 primo
3090 2781 3272 2827 actum
3316 2772 3422 2838 sit,
3466 2773 3546 2829 sic

1972 2857 2056 2911 via
2080 2868 2136 2913 et
2162 2859 2374 2915 ratione
2400 2861 2815 2932 progrediemur
2839 2882 2854 2931 ;
2879 2864 3140 2920 docentes
3170 2864 3306 2920 nihil
3338 2880 3461 2921 esse
3489 2866 3545 2920 in

1970 2949 2136 3005 rebus
2181 2950 2384 3004 malum
2429 2952 2732 3007 secundum
2762 2954 3124 3010 substantiam
3153 2974 3166 3010 :
3200 2955 3332 3026 quin
3363 2956 3547 3026 potius

1970 3055 2314 3111 quaecunque
2342 3043 2396 3096 in
2428 3045 2633 3098 saeculo
2660 3046 2930 3115 gubernat
2959 3061 3024 3101 ac
3051 3047 3340 3117 dispensat
3366 3047 3509 3102 Deus
3528 3089 3543 3112 ,

1972 3132 2170 3187 decore
2194 3172 2207 3197 ,
2240 3140 2302 3187 ut
2333 3134 2658 3203 sapientiam
2687 3136 2811 3206 ejus
2837 3138 3024 3207 decet,
3058 3147 3112 3195 et
3143 3141 3210 3195 ad
3245 3142 3545 3198 utilitatem

1972 3240 2197 3291 eorum,
2232 3237 2454 3296 propter
2482 3244 2621 3297 quos
2655 3228 2773 3284 bmc
2820 3230 2985 3298 facit,
3008 3232 3280 3303 gubernat
3322 3250 3387 3289 ac
3429 3235 3549 3291 dis-

1972 3326 2184 3390 pensat.
2223 3318 2487 3374 Ornatum
2523 3322 2689 3392 igitur
2744 3326 3018 3380 exstruxit
3047 3324 3224 3382 Deus:
3257 3337 3312 3383 et
3342 3329 3409 3385 de
3443 3330 3549 3386 hoc

1971 3410 2008 3464 ii
2055 3418 2249 3465 contra
2292 3427 2432 3482 quos
2472 3411 2855 3483 disputamus,
2899 3432 3010 3471 non
3055 3416 3324 3475 ﬂuctuant
3369 3437 3549 3495 neque

1969 3512 2289 3578 tempestate
2313 3503 2594 3573 jactantur
2621 3524 2633 3560 :
2668 3505 2716 3562 si
2740 3506 2885 3562 enim
2914 3507 3177 3563 mundum
3206 3520 3461 3566 ornatum
3492 3521 3548 3568 et

1968 3591 2227 3649 decorum
2260 3593 2317 3649 in
2347 3595 2659 3651 inornatum
2692 3606 2941 3665 mutant,
2972 3600 3040 3656 de
3080 3602 3242 3657 modo
3281 3612 3337 3658 et
3377 3619 3544 3660 causa

1968 3684 2095 3741 facti
2117 3685 2302 3741 mundi
2325 3689 2675 3747 conﬁtentur.
2699 3689 2983 3747 Hominem
3005 3709 3163 3761 vero,
3186 3695 3293 3751 etsi
3314 3704 3398 3752 est
3420 3712 3548 3767 pars

1972 3774 2200 3842 mundi,
2232 3784 2412 3832 tamen
2445 3780 2573 3849 quia
2601 3796 2726 3836 eum
2762 3781 2937 3837 civem
2966 3786 3197 3841 rationis
3227 3788 3545 3859 participem

1971 3870 2269 3936 praeposuit
2306 3884 2371 3923 ac
2418 3870 2660 3941 praefecit
2703 3870 2881 3939 Deus,
2914 3875 2969 3929 in
3011 3878 3225 3934 cateris
3270 3879 3398 3934 aliis
3425 3895 3548 3950 quas

1970 3977 2147 4032 neque
2190 3962 2259 4018 ad
2291 3967 2591 4037 nequitiam
2620 3983 2723 4023 nec
2751 3970 2819 4027 ad
2861 3972 3117 4027 virtutem
3160 3981 3443 4045 spectant,
3487 3985 3549 4032 ut

1968 4055 2328 4125 gubernaret,
2354 4059 2459 4114 sibi
2485 4059 2587 4131 ipsi
2616 4063 2917 4118 reservavit
2942 4081 2956 4132 ;
2986 4064 3160 4121 virtus
3189 4075 3243 4120 et
3268 4066 3459 4121 vitium
3486 4076 3548 4122 ut

1970 4143 2027 4199 in
2073 4155 2339 4217 potestate
2382 4149 2501 4220 ejus
2540 4163 2716 4217 esset,
2763 4153 2922 4220 fecit,
2967 4155 3295 4228 ingenerans
3339 4166 3551 4217 natura‘

1973 4237 2262 4310 utriusque
2291 4243 2657 4312 cognitionem
2685 4263 2699 4300 :
2731 4253 2790 4299 ut
2818 4246 2994 4303 instar
3021 4247 3167 4302 oculi
3197 4247 3341 4302 hanc
3371 4247 3547 4303 addu-

1972 4343 2104 4385 cens
2133 4338 2187 4385 et
2218 4332 2483 4391 adhibens
2502 4377 2517 4401 ,
2550 4352 2660 4393 non
2691 4340 2868 4394 solum
2899 4356 3023 4395 cum
3050 4340 3290 4411 perfecta
3319 4343 3545 4397 scientia

286 4437 342 4491 in
387 4437 496 4491 vita
539 4435 875 4499 ambularet,
928 4432 1023 4490 sed
1061 4433 1224 4488 etiam
1250 4440 1397 4487 esset
1424 4434 1615 4484 auctor
1642 4423 1942 4481 ciliciorum
1975 4424 2213 4483 virtutis.

362 4551 678 4623 Ἀνθρωπος
713 4548 1151 4616 τοίνυνιόιδικῶν,
1186 4546 1521 4619 ἁμαρτάνειν
1551 4543 1862 4613 ἐγκαλεῖται

2041 4542 2217 4600 Homo
2244 4546 2409 4616 igitur
2434 4548 2637 4619 injuste
2658 4565 2894 4621 operans
2912 4591 2928 4616 ,
2953 4550 3101 4619 juste
3119 4552 3187 4607 de
3209 4560 3433 4622 peccato
3455 4567 3548 4606 ac-

280 4645 530 4710 δικαίως.
558 4644 620 4697 Εί
648 4642 747 4714 μὲν
774 4641 884 4714 γὰρ
922 4641 1150 4713 πράττει
1170 4640 1270 4712 τὴν
1307 4632 1583 4711 ἁμαρτίαν
1614 4638 1674 4691 οὐ
1705 4636 1862 4690 δυνά-

285 4754 447 4810 μενος
474 4735 809 4808 ἀποσχέσθαι
833 4733 1057 4803 ταύτης,
1084 4732 1270 4788 ἄδικον
1298 4733 1558 4804 ὑπομένει
1585 4732 1683 4804 τὴν
1723 4732 1863 4804 μέμ-

279 4832 375 4902 ψιν
394 4847 409 4861 ·
438 4833 485 4885 εί
512 4830 591 4896 δὲ,
621 4829 741 4895 ἐξὸν
784 4829 858 4901 μὴ
888 4832 1083 4895 ποιεῖν,
1107 4828 1420 4882 τούναντίον
1446 4829 1609 4891 ποιεῖ,
1633 4826 1709 4890 ὡς
1742 4826 1859 4879 ἁδι-

281 4922 397 4979 κῶν
433 4922 668 4992 εὐλόγως
696 4906 1003 4991 ἐγκαλεῖται
1021 4938 1036 4952 ·
1064 4922 1159 4975 καὶ
1196 4919 1379 4985 καλῶς
1403 4937 1468 4989 γε
1495 4918 1640 4991 λόγῳ
1664 4918 1861 4991 ἐγκλή-

285 5032 455 5087 ματος
486 5017 521 5087 ἡ
552 5016 796 5087 ἁμαρτία
819 5014 1064 5068 καλεῖται
1098 5013 1248 5086 παρὰ
1279 5005 1520 5081 λόγον,ᾧ
1538 5029 1602 5081 γε
1638 5012 1862 5066 δυνατόν

282 5108 399 5162 ἑστι
453 5107 778 5181 χρήσασθαι,
810 5104 1082 5178 πανταχοῦ
1155 5107 1504 5179 πραττομένη
1523 5123 1535 5135 ·
1591 5106 1666 5169 ὼς
1721 5100 1860 5159 εἶναι

282 5201 559 5273 ἁμαρτίαν
615 5201 724 5253 πᾶν
778 5199 840 5253 τὸ
891 5200 1046 5272 παρὰ
1082 5199 1239 5268 λόγον
1268 5200 1660 5271 πραττόμενον,
1690 5201 1739 5253 εί
1767 5200 1862 5253 καὶ

281 5299 347 5350 ὲκ
370 5295 478 5350 τῶν
510 5295 654 5349 κατὰ
689 5294 847 5364 φύσιν
873 5293 1137 5366 λαμϐάνει
1158 5295 1260 5365 τὴν
1288 5294 1571 5366 ἁφορμήψ
1613 5293 1719 5347 τῶν
1752 5292 1860 5365 γάρ

280 5387 424 5441 κατὰ
455 5387 614 5458 φύσιν
640 5389 672 5459 ὴ
703 5387 985 5456 ἀλόγιστος
1024 5386 1221 5458 χρῆσις
1253 5387 1398 5438 ποιεῖ
1428 5387 1527 5456 τὴν
1556 5384 1854 5457 ἁμαρτίαν·

279 5480 436 5552 λόγος
457 5481 515 5535 δὲ
538 5484 595 5536 ὲν
626 5483 760 5554 ἡμῖν
798 5479 1184 5551 δοκιμαστικδ;
1204 5476 1311 5533 τῶν
1342 5477 1485 5533 κατὰ
1518 5477 1677 5547 φύσιν
1699 5495 1711 5507 ’
1740 5475 1859 5530 ὅθεν

279 5577 341 5633 οὐ
368 5576 620 5631 λανθάνει
648 5575 1021 5647 πραττομένη.

1971 4647 2219 4692 cusatur.
2248 4639 2306 4693 Si
2337 4639 2484 4695 enim
2514 4652 2797 4712 peccatum
2825 4643 3116 4698 committit
3144 4652 3403 4713 tanquam
3435 4643 3544 4699 no’u

1972 4729 2145 4798 possit
2173 4729 2242 4784 ab
2269 4745 2335 4785 eo
2364 4747 2424 4787 se
2461 4732 2772 4799 abstinere,
2805 4734 3062 4804 injustam
3082 4735 3375 4805 quaerelam
3417 4736 3548 4789 sub—

1970 4823 2011 4876 it
2040 4837 2056 4889 ;
2100 4823 2184 4878 sin
2231 4831 2446 4890 autem,
2480 4840 2605 4880 cum
2638 4835 2824 4897 posset
2856 4842 2967 4881 non
3009 4826 3224 4890 facere,
3254 4825 3384 4880 facit
3415 4840 3549 4879 con-

1970 4916 2223 4984 trarium,
2247 4918 2444 4973 merito
2472 4927 2766 4975 accusatur
2789 4929 3045 4991 tanquam
3073 4919 3399 4989 injustitiam
3424 4934 3549 4974 sus-

1971 5010 2219 5083 cipiens:
2250 5019 2305 5067 et
2360 5020 2645 5082 peccatum
2673 5019 2823 5067 recte
2844 5013 3056 5066 ratione
3082 5011 3336 5066 criminis
3360 5012 3551 5082 appel-

1972 5104 2117 5160 latur
2147 5113 2464 5175 peccatum,
2494 5104 2642 5176 quod
2684 5120 2901 5177 semper
2944 5105 3310 5181 committitur
3352 5113 3550 5176 praster

1969 5198 2239 5253 rationem
2271 5214 2377 5268 qua
2410 5197 2486 5250 uti
2519 5197 2729 5267 potuit:
2757 5205 2816 5251 ut
2838 5198 2907 5251 sit
2930 5197 3045 5267 jam
3076 5187 3359 5268 peccatuni
3386 5210 3550 5250 omne

1970 5290 2022 5345 id
2043 5330 2059 5354 ,
2091 5291 2237 5361 quod
2271 5301 2467 5360 prteter
2498 5291 2764 5346 rationem
2813 5289 2894 5356 iit,
2948 5290 3199 5360 quamvis
3234 5305 3301 5343 ex
3332 5288 3400 5343 iis
3427 5304 3548 5358 quae

1970 5370 2100 5440 sunt
2127 5364 2428 5439 secundum
2460 5392 2711 5437 naturam
2731 5423 2746 5447 ,
2778 5383 3126 5437 occasionem
3156 5389 3210 5436 et
3240 5378 3545 5436 subsidium

1970 5477 2239 5548 accipiat:
2288 5493 2421 5533 usus
2469 5476 2612 5530 enim
2664 5489 2857 5529 eorum
2903 5490 3024 5545 quze
3072 5481 3202 5529 sunt
3246 5472 3547 5529 secundum

1968 5579 2258 5635 naturam,
2308 5587 2337 5625 a
2380 5570 2594 5625 ratione
2633 5583 2893 5634 aversus,
2940 5567 3103 5624 eiﬁcit
3157 5575 3217 5623 ut
3259 5574 3551 5639 peccatum

338 5753 465 5828 {(23)
494 5755 733 5824 Κόσμον
759 5755 909 5812 τοῖν.
941 5753 1177 5824 Clarius,
1214 5750 1462 5807 mundum
1497 5753 1659 5824 igitur
1692 5753 1963 5808 exornavit
2000 5750 2159 5806 Deus.
2194 5749 2360 5805 Bassi.
