3968 6914
452 344 590 403 υδῦ

1619 332 1757 387 ΤιἸδί
1798 331 2229 389 BOSTRENSIS
2265 326 2571 387 EI’lSCOPI

3568 323 3720 381 1156

450 463 720 528 exsistat;
751 458 893 514 ratio
919 455 1122 513 autem‘
1144 456 1199 510 in
1241 454 1402 509 nobis
1431 452 1765 523 exploratrix
1807 461 1893 508 est
1935 466 2126 509 eorum
2152 496 2167 521 ,
2200 466 2321 525 quae
2351 450 2657 509 secundum
2712 460 2964 507 naturam
3024 460 3193 505 sunt:
3258 462 3324 502 ex
3368 459 3481 517 quo
3526 444 3585 498 iit
3650 452 3725 497 ut

449 571 563 613 non
590 555 791 616 lateat,
823 564 948 629 cum
984 546 1369 604 committitur.

526 649 582 704 Si
605 663 734 719 ergo
761 643 829 699 ad
855 628 1304 701 exercitationem
1325 639 1546 695 virtutis
1568 637 1837 693 rationem
1863 636 2025 693 nobis

2195 635 2257 689 Et
2288 650 2386 706 μεν
2407 651 2586 688 τοινυν
2620 647 2758 704 προς
2780 633 3011 703 ἄσκησιν
3042 628 3247 703 ἀρετῆς
3276 629 3369 684 τὸν
3399 629 3562 699 λόγον
3593 629 3724 683 δια-

454 743 674 799 insitam
722 751 1116 804 exerceamus,
1172 745 1431 803 tanquam
1480 746 1683 803 corpus
1730 736 2032 801 temperato

453 842 603 889 motu
622 874 636 897 ,
673 846 861 887 sanam
890 830 1034 884 hanc
1062 836 1118 884 et
1145 825 1554 882 benevolentem
1581 823 1872 877 reddemus
1896 840 1908 876 :
1946 821 2029 876 sin

455 940 585 980 vero
615 922 1009 979 exercitatione
1038 926 1093 974 et
1142 915 1494 993 accuratione
1535 914 1679 968 hanc
1715 930 1827 968 non
1872 927 2033 968 exco-

457 1018 746 1079 luerimus,
775 1015 1136 1085 languescens
1152 1006 1707 1071 obscurioreliicitur,
1729 1022 1793 1060 ac
1814 1005 2031 1060 demum

457 1109 701 1180 neglecta
728 1115 983 1160 caecatur.
1011 1102 1185 1158 Penes
1216 1114 1317 1155 nos
1357 1113 1489 1153 vero
1533 1107 1651 1162 est,
1694 1096 1899 1166 ubique
1939 1110 2032 1149 ra-

459 1203 608 1258 tione
636 1215 757 1272 qua:
782 1199 838 1253 in
871 1198 1030 1252 nobis
1060 1205 1181 1261 est,
1215 1193 1292 1247 uti
1323 1211 1337 1256 ;
1370 1198 1424 1244 et
1467 1192 1611 1245 sicut
1639 1188 1733 1260 qui
1760 1196 1930 1243 artem
1961 1202 2034 1241 tc-

458 1294 713 1351 dificaudi
743 1297 1034 1353 exercent,
1066 1288 1148 1343 sic
1176 1299 1371 1341 norma
1398 1298 1465 1337 ac
1493 1282 1681 1353 regula
1712 1280 1781 1335 ad
1807 1294 2031 1335 accurac

461 1389 665 1443 tionem
705 1384 925 1440 virtutis
965 1377 1242 1440 adhibita,
1285 1376 1428 1430 hanc
1456 1374 1724 1428 rationem
1750 1370 2032 1433 excolere,

459 1488 721 1550 tanquam
748 1475 958 1532 semina
984 1473 1039 1527 in
1067 1479 1211 1526 terra
1239 1482 1431 1539 sparsa
1450 1506 1465 1533 ,
1491 1479 1613 1538 qua:
1640 1479 1765 1520 cum
1791 1462 2036 1535 neglecta

461 1580 591 1628 sunt
610 1610 626 1635 ,
659 1574 892 1640 pereunt

533 1664 646 1718 lloc
675 1661 796 1716 loco
823 1657 1153 1727 ambiguitas
1179 1652 1501 1727 quzestionis
1541 1648 1810 1706 exoritur.
1849 1646 2037 1714 Quare

462 1764 614 1811 tanto
644 1751 890 1825 periculo
918 1750 1119 1820 objecti
1151 1763 1345 1805 sumus
1364 1788 1378 1813 ,
1411 1754 1471 1800 ut
1500 1758 1666 1815 penes
1690 1757 1791 1795 nos
1818 1741 1889 1794 sit
1915 1753 2038 1794 esse

462 1850 636 1904 bonos
659 1886 672 1908 .
706 1853 760 1900 et
792 1858 901 1899 non
928 1842 1094 1898 esse?
1135 1850 1194 1895 ut
1237 1855 1348 1894 non
1390 1836 1616 1891 omnino
1661 1831 1790 1888 boui
1835 1829 2037 1887 cilicia-

462 1955 607 2004 mur,
636 1937 729 1994 sed
753 1937 1070 2007 plerumque
1088 1974 1103 1997 ,
1130 1948 1235 1987 non
1268 1937 1479 1985 tantum
1508 1927 1838 1998 quandoque
1867 1921 1995 1977 mali
2019 1961 2033 1985 ,

2132 724 2504 796 γυμνάζοιμεν
2533 724 2626 777 τὸν
2662 724 2720 776 ἐν
2751 724 2902 795 ἡμῖν,
2930 720 3120 792 ὥσπερ
3153 721 3310 791 σῶμα
3343 723 3413 792 τῇ
3456 721 3729 791 εὑμέτρῳ

2133 820 2367 890 κινήσει,
2385 819 2511 888 ὑγιῆ
2538 818 2633 871 καὶ
2650 815 2924 888 εὑρωστον
2946 815 3134 869 τοῦτον
3154 814 3518 887 [παρέξομεν.
3542 814 3612 886 ῆν
3636 813 3724 885 δέ]

2136 913 2211 984 μὴ
2227 911 2466 981 ἀξιῶμεν
2484 909 2593 981 (24)
2610 926 2625 940 ⁶
2656 910 2843 963 τοῦτον
2864 906 3146 980 ἀσκήσεώς
3160 924 3217 959 τε
3238 907 3330 961 καί
3343 903 3723 976 smus-1561;.)

2132 1002 2374 1058 ἀσθενῶν
2408 1001 2783 1075 ἀμαυρότερος
2821 1001 3050 1070 γίνεται,
3092 999 3190 1053 καὶ
3219 998 3372 1062 τέλος
3401 998 3728 1069 ἀμελούμεο

2133 1115 2224 1162 νος
2260 1096 2558 1170 ττηροῦτιιι⁹
2600 1095 2687 1165 ἐφ’
2726 1097 2858 1166 ἡμῖν
2882 1094 2938 1148 δὲ
2969 1094 3225 1164 τυγχάνει
3250 1091 3531 1162 πανταχοῦ
3572 1091 3728 1162 λόγῳ

2133 1188 2212 1261 τῷ
2246 1190 2304 1241 ἐν
2338 1190 2469 1259 ἡμῖν
2519 1186 2843 1258 κεχρῆσθαι,
2885 1185 3075 1257 ὥσπερ
3114 1186 3164 1238 οί
3209 1184 3307 1255 τὴν
3363 1182 3728 1254 οἰκοδομικὴν

2139 1280 2413 1353 μετιόντες
2443 1278 2522 1351 τῷ
2551 1277 2814 1350 γνώμονι,
2868 1279 3004 1350 πρὸς
3046 1276 3145 1349 τὴν
3172 1277 3372 1349 ἀρετῆς
3402 1277 3729 1349 ἀκρίϐειαν,

2137 1375 2230 1427 καὶ
2255 1372 2442 1427 τοῦτον
2465 1375 2753 1443 γεωργεῖν,
2769 1369 2958 1443 ὥσπερ
2981 1373 3047 1442 τῇ
3078 1373 3147 1441 γῇ
3171 1369 3239 1424 τά
3270 1369 3731 1441 καταϐαλλ6μενα

2138 1467 2455 1539 σπέρματα·
2493 1466 2657 1538 ἅπερ,
2684 1464 2903 1519 ἐπειδὰν
2933 1462 3205 1535 ἀμεληθῇ,
3232 1461 3633 1534 διαφθείρεται.

2221 1637 2486 1694 Ἐνταῦθα
2498 1637 2561 1709 δὴ
2578 1638 2637 1690 τὸ
2659 1638 2777 1707 ἀμφ
2785 1635 2957 1689 ίδολον
2975 1634 3279 1689 ἀνακύπτει
3296 1634 3399 1706 τῆς
3411 1633 3731 1706 ζητήσεως.

2138 1730 2294 1795 Τίνος
2326 1730 2488 1800 χάριν
2517 1728 2595 1798 τῷ
2624 1744 2688 1793 γε
2711 1726 2948 1798 τοσούτῳ
2969 1724 3198 1797 κινδύνῳ
3228 1725 3732 1797 παραόεὸλήμεθα,

2138 1819 2222 1889 ἐφ’
2256 1820 2468 1881 ἑαυτοῖς
2519 1816 2733 1887 ἔχοντες
2780 1816 2842 1868 τὸ
2893 1813 3233 1881 σπουδάζειν,
3262 1817 3357 1868 καὶ
3390 1816 3504 1887 μή;
3530 1816 3609 1879 ὡς
3651 1817 3733 1887 μὴ

2142 1912 2357 1974 πάντως
2390 1907 2627 1977 ἀγαθοὺς
2668 1906 3071 1970 ἀποτελεῖσθαι,
3105 1905 3218 1959 ἀλλ’
3243 1906 3277 1976 ἢ
3304 1905 3382 1970 ὡς
3407 1906 3508 1959 ἐπὶ
3537 1907 3605 1959 τὸ
3627 1924 3735 1960 πο-

463 2033 857 2097 uecessarium,
888 2045 997 2083 non
1027 2026 1348 2097 simpliciter
1378 2023 1507 2089 utile
1535 2019 1861 2092 periculum.
1889 2015 2039 2069 Alio-

2149 2006 2224 2067 λὺ,
2250 2003 2311 2057 οὑ
2343 2003 2499 2074 μόνον
2516 2000 2661 2054 ἔστιν
2684 2002 2794 2064 ὅτε,
2823 2000 3048 2066 κακοὺς,
3072 2001 3384 2070 ἀναγκαῖος,
3408 2000 3514 2071 οὑχ
3538 1998 3736 2063 ἁπλῶς

463 2127 558 2198 qui
604 2143 633 2178 a
686 2131 803 2178 toto
831 2122 1183 2183 aberramus,
1214 2125 1442 2186 totoque
1477 2113 1908 2168 frustrarentur:
1955 2115 2038 2162 ct-

463 2220 606 2275 enim
636 2218 681 2273 si
710 2216 930 2271 fecisset
950 2229 1053 2269 nos
1078 2210 1243 2276 Deus,
1266 2216 1327 2262 ut
1346 2222 1453 2263 non
1472 2218 1761 2278 possemus
1788 2213 2035 2272 peccare,

463 2326 743 2382 nunquam
771 2308 899 2363 facti
922 2320 1170 2363 essemus
1199 2303 1326 2358 boni
1351 2320 1364 2369 ;
1398 2301 1574 2356 bonus
1597 2297 1743 2353 enim
1773 2292 1915 2365 apud
1941 2293 2039 2346 ho-

463 2398 640 2461 mines
663 2412 781 2468 est,
812 2401 906 2472 qui
932 2401 1121 2470 justus
1147 2404 1199 2452 et
1231 2400 1566 2465 temperatus
1595 2397 1680 2446 est
1706 2407 1721 2445 :
1755 2386 2040 2442 abstinens

465 2507 648 2554 autem
700 2496 769 2551 ab
819 2492 1091 2565 iniustitia
1137 2489 1196 2544 fit
1234 2488 1463 2559 justus;
1508 2492 1563 2540 et
1603 2481 1817 2553 fugiens
1844 2479 2040 2532 intem-

464 2591 768 2663 perautiam
811 2592 1167 2657 temperatus.
1211 2579 1485 2636 Potestate
1534 2577 1703 2647 igitur
1731 2568 2039 2627 contrario.

466 2700 587 2740 rum
618 2691 970 2751 comparatur
999 2686 1054 2733 et
1083 2674 1388 2747 acquiritur
1419 2669 1699 2742 possessio
1727 2663 2038 2720 contrario-

464 2791 609 2832 rum.
646 2772 715 2829 Ut
743 2774 791 2829 si
821 2772 946 2841 quis
973 2784 1085 2824 non
1133 2766 1337 2820 habeat
1392 2768 1717 2841 potestatem
1769 2756 2039 2823 intempe-

465 2867 691 2932 rantiae,
726 2879 836 2919 non
866 2862 1046 2934 possit
1079 2858 1195 2914 ﬁeri
1226 2866 1539 2925 temperans
1567 2837 1583 2906 ἶ
1614 2866 1725 2905 ιιοιι
1751 2847 1899 2904 enim
1930 2860 2039 2899 non

466 2973 627 3032 posse
648 2955 932 3026 suscipere
950 2947 1405 3006 incontinentiam
1426 2986 1440 3008 ,
1466 2944 1596 2998 facit
1618 2934 2039 3001 continentiam;

465 3068 568 3110 nec
606 3048 883 3106 infirmqu
923 3060 1045 3101 esse
1079 3042 1148 3098 ad
1191 3039 1519 3112 iniustitiam
1562 3036 1692 3091 facit
1723 3032 1994 3105 justitiam
2025 3048 2039 3084 :

468 3142 566 3198 sed
595 3153 759 3212 posse
785 3137 967 3192 facere
988 3174 1003 3199 ,
1034 3134 1249 3188 ratione
1277 3145 1407 3187 vero
1437 3128 1715 3183 abstinere
1744 3140 1813 3181 ne
1841 3123 2042 3186 faciat,

468 3238 583 3291 inec
609 3240 693 3289 est
715 3231 895 3285 virtus
921 3224 1297 3298 temperantiae
1317 3232 1372 3279 et
1389 3221 1648 3293 justitiaa;
1672 3229 1725 3273 et
1749 3232 1859 3273 non
1882 3230 2045 3286 posse

469 3327 647 3383 solum
670 3365 686 3389 ,
718 3322 816 3379 sed
855 3336 886 3375 a
917 3326 1116 3376 natura
1155 3316 1376 3372 invitari
1403 3323 1458 3369 et
1493 3310 1738 3376 titillari,
1772 3317 1832 3365 ut
1862 3308 2044 3378 aliqua

2139 2096 2432 2168 ὠφέλιμος,
2461 2099 2489 2150 ὁ
2516 2095 2773 2159 κίνδυνος·
2802 2094 3007 2147 ἐπείτοι
3031 2092 3124 2147 τοῦ
3159 2094 3377 2164 παντὸς,
3398 2092 3736 2164 διαμάρτοι-

2143 2205 2242 2259 μεν
2284 2189 2370 2243 ἄν.
2419 2188 2483 2240 Εἰ
2528 2185 2636 2258 γὰρ
2680 2185 2979 2256 πεποίηκεν
3022 2185 3219 2255 ἡμᾶςὸ
3252 2184 3383 2249 Θεὸς
3422 2184 3736 2247 ἀδυνάτους

2140 2282 2315 2352 πάντη
2374 2280 2510 2352 πρὸς
2549 2279 2844 2351 ἁμαρτίαν,
2887 2278 2989 2332 οὐκ
3028 2276 3093 2331 ἂν
3131 2278 3435 2347 γεγόναμεν
3489 2277 3730 2346 ἀγαθοί·

2139 2373 2342 2442 ἀγαθὸς
2392 2373 2488 2444 μὲν
2535 2372 2645 2444 γὰρ
2682 2374 2740 2424 ἐν
2765 2369 3070 2442 ἀνθρώποις
3098 2370 3129 2422 ὁ
3153 2369 3362 2433 δίκαιός
3390 2387 3452 2422 τε
3487 2370 3589 2423 καὶ
3624 2372 3736 2422 σώ-

2140 2482 2311 2537 φρων·
2330 2465 2669 2535 ἀπεχόμενος
2693 2463 2749 2517 δέ
2773 2464 2872 2534 τῆς
2898 2462 3130 2526 ἀδικίας,
3149 2462 3354 2531 γίνεται
3377 2462 3619 2526 δίκαιος·
3640 2464 3737 2516 καὶ

2141 2561 2357 2630 φεύγων
2404 2559 2697 2615 ἀκολασίαν
2742 2558 2973 2630 σώφρων
3019 2558 3383 2612 ἀποτελεῖται.
3432 2559 3501 2612 Ἠ
3545 2561 3738 2613 τοίνυν

2140 2651 2357 2717 ἐξουσία
2387 2651 2497 2705 τῶν
2526 2650 2778 2705 ἐναντίων
2818 2648 2917 2721 τὴν
2964 2649 3247 2719 κτῆσιν....
3280 2648 3390 2712 Ὦς,
3426 2647 3485 2701 εί
3512 2665 3606 2712 τις
3659 2652 3739 2720 μὴ

2143 2748 2200 2799 ἐν
2237 2744 2455 2817 ἐξουσίᾳ
2496 2742 2793 2807 ἀκολασίας
2829 2741 3106 2812 τυγςίάνοι,
3145 2742 3376 2813 σώφρων
3399 2742 3504 2794 οὑκ
3538 2743 3614 2796 ἂν
3645 2745 3739 2811 γὲ-

2141 2857 2304 2895 νοιτο.
2323 2839 2459 2910 Φαίη
2481 2837 2589 2910 γὰρ
2610 2836 2675 2891 ἀν
2714 2853 2799 2899 τις
2821 2835 2952 2907 (εὸγ
2971 2834 3066 2899 Τίς
3093 2835 3221 2907 γὰρ,
3244 2830 3354 2899 οἷός
3369 2852 3429 2888 τε
3449 2834 3524 2888 ὢν
3554 2838 3744 2890 ποιεῖν

2143 2932 2462 2995 ἀκόλαστον,
2490 2930 2551 2983 οὑ
2604 2927 2935 3001 πεποίηκεν;
2964 2928 3024 2981 οὑ
3066 2926 3175 2999 γὰρ
3208 2926 3484 2998 ἀδυναμία
3526 2928 3744 2980 dmin-

2147 3026 2267 3091 σίας
2296 3028 2439 3079 ποιεῖ
2483 3021 2857 3095 σωφροσύνην,
2887 3018 3008 3074 ούδέ
3052 3021 3301 3075 ἀσθένεια
3333 3021 3470 3093 πρὸς
3512 3021 3746 3074 ἀδικίαν

2146 3120 2290 3173 ποιεῖ
2317 3115 2693 3187 δικαιοσύνην’
2724 3115 2859 3169 ἀλλά
2899 3114 2960 3168 τὸ
3009 3112 3270 3167 δύνασθαι
3301 3114 3398 3184 μὲν
3437 3114 3742 3184 πράττειν,

2145 3212 2289 3285 λόγῳ
2334 3210 2391 3265 δὲ
2441 3208 2772 3280 ἀπέχεσθαι,
2800 3207 2960 3261 τοῦτο
2991 3209 3026 3279 ἡ
3074 3206 3244 3278 ἀρετὴ
3284 3205 3645 3276 σωφροσύνης
3670 3221 3748 3257 τε

2148 3307 2242 3359 κα)⁵
2272 3303 2634 3373 δικαιοσύνηςο
2670 3302 2766 3356 καὶ
2799 3301 2919 3373 οὐχὶ
2946 3298 3204 3355 δύνασθαι
3242 3298 3572 3371 μόνον,ἀλλά
3592 3302 3748 3371 πρὸς

471 3435 598 3475 vera
628 3424 748 3473 laus
777 3416 848 3470 sit
869 3413 1110 3469 voluisse
1130 3424 1242 3465 non
1266 3407 1447 3463 facere
1471 3424 1486 3462 :
1513 3411 1626 3459 haec
1646 3403 1792 3459 enim
1814 3443 1829 3469 ,
1852 3410 1906 3456 et
1927 3414 2043 3454 ‘non

2149 3398 2246 3470 τῆς
2268 3398 2482 3467 φύσεως
2525 3394 2887 3469 ἐρεθίζεσθαι,
2919 3394 3006 3448 ἵνα
3037 3410 3121 3457 τις
3147 3392 3243 3445 καὶ
3272 3391 3743 3463 ἀληθὴςειέπαινος

471 3511 578 3564 alia
627 3505 859 3563 inveniri
915 3508 1095 3576 potest
1141 3497 1285 3569 apud
1331 3496 1582 3551 homines
1632 3493 1853 3555 virtus,
1901 3488 2045 3543 Deus

470 3605 617 3657 enim
651 3615 760 3655 non
807 3604 893 3653 est
933 3592 1218 3649 vocandus
1262 3599 1611 3659 temperans,
1661 3591 1757 3639 aut
1796 3581 1959 3637 fortis
1993 3589 2046 3636 et

471 3694 579 3749 alia
608 3688 924 3763 huiusmodi
953 3728 969 3751 ,
997 3683 1270 3756 siquidem
1315 3695 1483 3751 supra
1528 3679 1829 3733 humanam
1870 3673 2044 3729 virtu—

472 3798 582 3844 tem
612 3792 697 3842 est
732 3803 745 3839 :
777 3782 883 3838 etsi
913 3780 1058 3835 enim
1090 3777 1294 3832 dicitur
1316 3775 1533 3844 justus,
1566 3771 1725 3824 aliter
1752 3782 1916 3840 quam
1947 3780 2047 3820 nos

472 3877 694 3933 dicitur.
744 3872 918 3928 Homo
952 3878 1134 3925 autem
1160 3909 1176 3935 ,
1209 3874 1485 3939 quatenus
1528 3864 1724 3927 homo,
1773 3857 2047 3931 quomodo

474 3970 566 4022 fiat
595 3967 774 4022 bonus
796 4006 811 4032 ,
839 3962 1137 4034 quaerimus
1165 3979 1177 4014 :
1214 3956 1509 4022 unicuique
1533 3956 1680 4010 enim
1707 3967 1896 4009 eorum
1927 3965 2049 4021 qua:

476 4062 617 4116 facta
649 4066 814 4123 sunt,
847 4068 1102 4111 mensura
1139 4059 1348 4106 natura:
1382 4048 1602 4103 decreta
1645 4053 1698 4101 et
1746 4042 2048 4099 constituta

474 4161 559 4208 est
578 4192 594 4216 ,
615 4165 780 4222 quam
802 4147 1022 4219 quidem
1053 4142 1291 4198 transire
1315 4147 1367 4196 et
1397 4151 1658 4209 superare
1690 4150 1801 4190 non
1830 4141 2056 4205 potest;

477 4249 570 4304 sed
601 4246 835 4302 deiicere
863 4250 1041 4314 potest
1064 4239 1309 4311 perfecta
1334 4246 1388 4292 et
1412 4236 1666 4292 absoluta
1690 4235 1885 4289 virtus.
1917 4228 2051 4299 Qum

478 4343 644 4412 igitur
671 4350 930 4393 mensura
961 4333 1173 4389 homini
1204 4331 1272 4386 ad
1300 4331 1558 4385 virtutem
1588 4327 1809 4382 definita
1839 4333 1924 4380 cst
1943 4367 1958 4390 ,
1996 4332 2051 4379 et

477 4442 537 4488 ut
564 4433 636 4488 sit
674 4431 877 4486 bonum
914 4424 1289 4497 temperantia:
1333 4431 1386 4477 et
1419 4420 1684 4491 justitize,
1722 4424 1776 4473 et
1817 4416 2048 4470 aliarum

477 4523 780 4582 virtutum?
835 4536 1000 4591 supra
1055 4518 1169 4573 haec
1214 4516 1360 4572 enim
1403 4522 1464 4568 ut
1502 4514 1665 4568 homo
1714 4511 1787 4567 sit
1835 4509 2047 4571 bonus,

481 4623 599 4679 fieri
631 4635 741 4676 non
774 4624 974 4693 potest.
1007 4614 1065 4669 Si
1094 4614 1239 4670 enim
1264 4607 1625 4680 temperantia
1650 4613 1732 4661 est
1768 4604 2052 4659 continere

480 4714 808 4786 cupiditates
829 4710 1169 4779 voluptatum
1193 4745 1208 4769 ,
1232 4710 1449 4773 oportet
1472 4714 1596 4755 esse
1623 4698 1678 4753 in
1697 4702 1965 4767 potestate
1986 4710 2050 4748 ea

479 4785 602 4880 quin
634 4803 1009 4876 temperantia:
1050 4806 1182 4854 sunt
1220 4794 1531 4860 contraria,
1568 4804 1802 4861 quorum
1847 4785 2053 4841 dicitur

480 4899 846 4962 continentia,
880 4910 1000 4967 qua:
1027 4901 1112 4949 est
1143 4887 1522 4960 temperantiae
1565 4897 1764 4939 nomen
1788 4922 1803 4945 ,
1852 4889 1903 4936 et
1939 4879 2057 4934 otii-

482 4994 627 5049 cium
654 4998 818 5062 atque
849 5001 1009 5058 opus.
1046 4982 1167 5038 Non
1198 4997 1322 5038 esse
1351 4986 1533 5033 autem
1570 4976 1626 5030 in
1655 4979 1928 5046 potestate
1964 4988 2059 5026 vo.

484 5086 753 5154 luptates,
803 5078 1165 5152 privationem
1216 5066 1597 5143 temperantis
1650 5067 1814 5137 plane
1874 5062 2055 5120 eﬂicit.

485 5175 693 5231 Similis
724 5173 864 5229 ratio
891 5181 976 5229 est
997 5168 1225 5240 justitire
1247 5173 1299 5220 et
1333 5163 1566 5216 aliarum
1602 5159 1889 5215 virtutum.

2145 3486 2179 3565 ᾗ
2218 3489 2312 3543 τοῦ
2366 3489 2441 3561 μὴ
2487 3487 2748 3559 πράττειν
2794 3485 3100 3559 αἱρεῖσθαι·
3127 3484 3268 3555 αῦτη
3300 3483 3410 3555 γὰρ
3438 3484 3601 3555 μόνη,
3638 3485 3744 3537 καὶ

2146 3584 2246 3637 οὑκ
2288 3580 2423 3650 ἄλλη
2457 3596 2540 3643 τις
2566 3577 2816 3651 εὑρεθείη
2851 3576 3002 3651 παρά
3043 3575 3351 3649 ἀνθρώποις
3375 3578 3570 3650 ἀρετή.
3600 3577 3744 3631 Θεὸν

2151 3674 2249 3746 μὲν
2271 3672 2379 3745 γὰρ
2405 3672 2527 3726 οὑτε
2560 3671 2810 3744 σώφρονα
2834 3670 3081 3740 κλητέον,
3105 3669 3227 3723 οὔτε
3254 3668 3525 3743 ἀνδρεῖον,
3541 3671 3638 3723 καὶ
3666 3672 3744 3724 τὰ

2147 3765 2401 3820 τοιαῦταο
2448 3764 2637 3819 ἐπάνω
2682 3765 2792 3838 γάρ
2827 3765 2924 3837 τῆς
2958 3763 3301 3837 ἀνθρωπίνης
3331 3764 3538 3836 ἀρετῆς
3560 3766 3745 3837 ὺπάρ-

2149 3876 2265 3932 χει·
2296 3858 2397 3914 κᾶν
2420 3859 2625 3920 δίκαιος
2646 3858 2701 3912 δὲ
2722 3858 2975 3929 καλῆται,
2995 3858 3212 3929 ἑτέρως’
3227 3858 3287 3910 οὐ
3309 3857 3420 3929 γὰρ
3448 3858 3526 3921 ώς
3547 3860 3739 3928 ἡμεῖς’

2149 3952 2431 4025 ἄνθρωπος
2461 3952 2537 4016 δὲ,
2560 3952 2684 4006 ὅσον
2711 3951 3014 4024 ἄνθρωπος,
3041 3951 3158 4016 πῶς
3180 3951 3248 4004 ἂν
3271 3950 3479 4020 γένοιτο
3500 3950 3736 4018 ἀγαθὸς,

2150 4044 2420 4116 ζητοῦμεν
2439 4063 2453 4078 ο
2496 4046 2714 4116 ἑκάστῳ
2757 4045 2866 4117 γὰρ
2898 4045 3007 4098 τῶν
3037 4044 3336 4116 γινομένων
3367 4042 3558 4113 μέτρον
3590 4042 3738 4114 ὦριο

2154 4153 2276 4190 σται
2307 4136 2702 4217 φύσεως,.ὄπερ
2736 4138 3038 4209 ὑπερϐῆναι
3063 4137 3163 4209 μὲν
3182 4137 3451 4199 ἀδύνατον,
3478 4136 3538 4187 τὸ
3566 4135 3626 4188 δὲ
3646 4136 3733 4208 μὴ

2154 4231 2539 4302 ὑπολειφθῆναι
2573 4232 2792 4305 ἐντελὴς
2818 4233 3005 4305 ἀρετή.
3035 4233 3099 4284 Τί
3129 4232 3307 4287 τοίνυν
3329 4228 3591 4301 ἀνθρώπῳ
3624 4230 3731 4301 μὲ-

2152 4342 2278 4396 τρον
2298 4324 2530 4396 ὥρισται
2550 4325 2687 4398 πρὸς
2719 4326 2920 4398 ἀρετὴν
2949 4327 3045 4380 καὶ
3072 4327 3210 4399 πρὸς
3234 4327 3295 4380 τὸ
3318 4324 3566 4396 γενέσθαι
3592 4326 3739 4395 ἀγα-

2154 4417 2277 4481 θόν;
2314 4418 2633 4489 σωφροσύνη
2682 4435 2741 4471 τε
2786 4419 2883 4472 καὶ
2918 4418 3255 4489 δικαιοσύνη,
3281 4420 3375 4473 καὶ
3404 4419 3608 4473 τᾶλλα·
3643 4421 3744 4473 ἀν-

2155 4508 2368 4581 θρωπον
2399 4508 2506 4580 γὰρ
2540 4510 2679 4581 ὑπὲρ
2705 4510 2878 4565 ταῦτα
2907 4509 3161 4580 γενέσθαι
3187 4510 3412 4580 ἀγαθὸν,
3450 4510 3740 4564 ἀδύνατον.

2156 4602 2216 4655 Εἰ
2254 4600 2312 4655 δὲ
2349 4604 2382 4672 ὴ
2428 4603 2749 4675 σωφροσύνη
2772 4604 3071 4675 ἐγκράτειά
3104 4606 3250 4658 ἐστιν
3270 4603 3495 4675 ἡδονῶν,
3523 4604 3608 4656 δεῖ
3634 4603 3743 4656 τῶν

2155 4695 2254 4765 τῆς
2286 4693 2639 4767 σωφροσύνης
2665 4696 2925 4751 ἐναντίων
2956 4699 3013 4751 ἐν
3039 4697 3257 4769 ἐξουσίᾳ
3280 4697 3596 4769 τυγχάνειν,
3621 4698 3745 4751 καθ’

2158 4780 2232 4841 ὧν
2255 4789 2288 4859 ἡ
2313 4789 2629 4860 ἐγκράτεια.
2670 4789 3024 4861 σωφροσύνης
3060 4790 3237 4861 δνομά
3261 4808 3320 4844 τε
3350 4791 3447 4845 καὶ
3469 4789 3744 4863 ἔργον.Τδ

2156 4881 2213 4934 δὲ
2242 4881 2317 4953 μὴ
2341 4877 2478 4934 εἶναι
2502 4883 2561 4935 ὲν
2582 4879 2803 4952 ἐξουσίᾳ
2825 4881 2934 4935 τῶν
2956 4882 3182 4955 ἡδονῶν,
3200 4883 3464 4953 ἄντικρυς
3482 4884 3741 4956 στέρησιν

2162 4973 2513 5045 σωφροσύνης
2556 4977 2720 5030 ποιεῖ.
2764 4976 3167 5048 Παραπλησίως
3193 4976 3249 5029 δέ
3273 4976 3387 5047 ἔχει
3422 4975 3742 5044 δικαιοσύνη

2161 5068 2256 5120 καὶ
2278 5065 2464 5122 τᾶλλα.

684 5295 813 5351 Cn.
855 5293 945 5348 lll.
986 5294 1067 5347 An
1104 5290 1272 5361 potuit
1305 5289 1454 5341 homo
1478 5302 1590 5340 esse
1614 5282 1988 5353 impeccabilis.
2027 5280 2204 5335 Virtus
2239 5282 2389 5335 nulla
2423 5284 2534 5339 sine
2560 5301 2755 5359 pugna.
2798 5286 2941 5342 Puer
2970 5305 3075 5344 non
3112 5286 3266 5342 habet
3293 5288 3532 5342 pinum,

559 5390 615 5444 Si
645 5391 769 5463 quis
818 5402 951 5443 vero
986 5394 1178 5441 contra
1211 5383 1391 5445 dicat,
1441 5378 1755 5451 Oportuisse
1803 5390 1905 5430 nos
1947 5390 2057 5428 non

487 5499 610 5539 esse
643 5493 800 5555 aptos
831 5481 900 5537 ad
920 5477 1266 5550 suscipienda
1304 5471 1580 5529 contraria
1604 5468 1904 5526 virtutibus
1930 5506 1945 5533 ,
1999 5474 2059 5519 ut

562 5624 672 5695 (24)
701 5622 797 5695 Μὴ
830 5621 930 5695 ἀξ.
965 5619 1065 5674 Hic
1087 5617 1364 5695 nonnulla
1391 5616 1584 5695 deesse
1609 5610 1882 5695 videntur.
1919 5608 2070 5681 (Quae

493 5683 595 5752 nos
624 5683 947 5762 supplbndo,
975 5690 1134 5762 nucis
1164 5687 1502 5762 inclusimus.
1532 5683 1710 5762 Eutr.)

566 5751 860 5841 (Em-«13am
891 5751 997 5830 γὰρ
1027 5758 1104 5812 ἄν
1125 5776 1231 5823 τις.
1267 5756 1388 5811 ιΙςυο
1416 5756 1611 5810 desunt
1639 5754 1691 5808 in
1722 5751 1913 5807 Latina
1936 5767 2059 5806 ver-

2237 5375 2298 5430 Ei
2349 5376 2405 5431 δέ
2449 5395 2531 5442 τις
2572 5380 2877 5449 ἀντιλέγοι,
2905 5380 2981 5445 ὡς
3018 5381 3135 5435 δέον
3165 5383 3311 5453 ἡμᾶς
3359 5380 3745 5442 ἀνεπιδέκτους

2166 5463 2304 5521 εἶναι
2330 5468 2438 5523 τῶν
2465 5471 2721 5525 ἐναντίων
2744 5473 3037 5538 ἀκολασίας
3065 5491 3124 5527 τε
3158 5473 3255 5527 καὶ
3294 5473 3535 5539 ἀδικίας,
3557 5472 3745 5544 ὥσπερ

2178 5610 2331 5694 sione
2365 5608 2616 5694 Turriaui
2653 5610 2866 5694 :.Dical
2913 5613 3048 5666 enim
3103 5611 3321 5682 aliqua,
3355 5627 3426 5694 an
3470 5613 3542 5665 sit
3594 5614 3753 5664 homo

2171 5684 2260 5755 qui
2291 5684 2455 5739 possit
2483 5683 2657 5751 facere
2679 5683 3131 5752 intemperantem,
3164 5692 3215 5737 et
3251 5699 3356 5738 non
3394 5682 3543 5752 fecit.
3585 5684 3750 5738 Bssrt.
