4008 6208
332 210 469 267 “57

1420 228 1791 293 ADVERSUS
1829 232 2256 295 MANICHEOS
2294 234 2422 292 LIB.
2466 235 2530 292 ll.

3447 246 3581 302 “58

322 328 352 379 6
380 326 527 392 θεὸς,
551 328 707 386 οὐδὲν
728 331 915 406 ἕτερον
939 335 966 389 6
992 335 1228 403 τοιοῦτος
1259 339 1424 412 λέγει,
1448 346 1481 416 ἢ
1513 350 1588 414 ὡς
1620 351 1739 405 δέον
1766 347 1872 404 εἷνα

1977 350 2489 422 ,ἰηιεηιρθιῇηιὶοῐη
2540 361 2595 409 et
2629 356 2989 426 iniustitiam,
3039 358 3185 414 sicut
3218 359 3392 428 Deus;
3445 363 3577 417 nihil

324 419 472 490 ἡμᾶς
497 419 600 475 οὐκ
627 422 948 497 ἀνθρώπους
967 442 981 457 ο
1013 425 1200 500 ὥσπερ
1233 430 1300 487 ἄν
1332 451 1438 500 τις,
1465 438 1623 494 ἀετὸν
1654 441 1765 495 ἄνω
1800 458 1901 494 που

323 510 545 582 θεωρῶν
596 513 800 586 ὑψηλὸν
852 519 1184 593 ἱπτάμενον,
1241 524 1573 603 ἀγανακτοίη
1628 534 1771 588 κατὰ
1805 536 1903 607 τῆς

322 601 491 657 ἵππου
529 605 765 675 φύσεως,
804 611 898 665 καὶ
946 614 1159 685 πικρῶς
1204 621 1418 697 κακίζοι
1449 601 1674 696 ταύτην,
1721 627 1797 691 ὡς

324 697 714 794 παραπλησίαν
770 705 836 773 τῇ
880 704 973 759 τοῦ
1010 708 1205 776 ἀετοῦ,
1265 712 1383 767 δέον
1424 716 1588 773 ἵππον
1639 719 1715 784 ὡς
1764 697 1901 794 πρὸς

321 782 492 882 immo
526 786 687 856 φύσιν
732 789 1028 858 ἐξετάζειν.
1077 799 1397 873 ⁸Ἄνθρωπον
1436 806 1498 879 δὴ
1540 782 1836 882 πεποίηκεν

319 873 453 941 Θεὸς
479 876 572 972 τὸν
606 879 913 952 ἄνθρωπον,
939 885 1117 961 ψυχὴν
1136 890 1199 961 δὴ
1228 895 1363 963 μετὰ
1392 873 1639 968 σώματος
1658 917 1672 932 ’
1706 873 1889 972 σωμα-

316 969 483 1034 τικὸς,
502 970 610 1043 γάρ
658 974 805 1029 ἐστιν
854 978 1093 1053 οἰκήτωρ
1124 983 1353 1056 κόσμου.
1381 983 1548 1054 Οὗτος
1584 991 1760 1046 τοίνυν
1789 969 1895 1049 -ὲὰν

317 1063 544 1134 γένηται
588 1066 812 1136 ἀγαθὸς,
842 1071 966 1125 ὅσον
996 1078 1164 1146 χωρεῖ
1193 1077 1481 1151 ἀνθρώπου
1526 1083 1706 1153 φύσις,
1743 1088 1893 1142 εὐδό-

317 1176 480 1230 κιμος
509 1158 891 1254 τὶν-εὑρεθείη.
940 1168 1068 1233 Πῶς
1111 1170 1178 1225 ἂν
1216 1168 1307 1229 οὗν
1352 1176 1564 1244 γένοιτο
1609 1180 1893 1254 ἄνθρωπος

314 1248 538 1318 ἀγαθὸς,
580 1250 863 1326 ζητητέον,
895 1260 945 1312 εἰ
995 1262 1291 1333 πεποίηκεν
1328 1267 1508 1324 αὐτόν.
1542 1248 1751 1327 Οὐκοῦν
1795 1276 1889 1329 ἄν-

314 1339 539 1431 θρωςποςΔ
563 1343 770 1412 γένοιτο
811 1348 1036 1429 ἀγαθος,
1064 1353 1113 1406 εί
1143 1353 1377 1428 σώφρων
1405 1358 1490 1431 εἴη
1525 1362 1619 1415 καὶ
1649 1362 1852 1431 δίκαιος
1873 1384 1884 1397 ’

313 1430 361 1479 εὶ
384 1427 494 1500 γὰρ
514 1428 691 1485 ἔνεστι
721 1433 917 1504 βελτίω
944 1427 1142 1511 τρόπον
1162 1427 1447 1516 ἄνθρωπον
1469 1427 1719 1519 γενέσθαι
1747 1427 1886 1525 ἀγα-

311 1518 421 1587 θὸν,
444 1523 726 1617 ξαίτιατὲον
744 1527 837 1582 τὸν
868 1529 931 1602 δη
940 1536 1372 1608 μιουργήσαντα,
1390 1544 1578 1617 ὅτιμὴ
1604 1548 1723 1602 κατ’
1745 1518 1887 1604 ἐκεῖ-

310 1629 399 1667 νον
429 1614 667 1685 ἀνέδειξε
722 1620 815 1674 τὸν
862 1622 1149 1696 ἄνθρωπον
1204 1631 1425 1700 ἀγαθόν.
1458 1614 1521 1689 Εί
1567 1614 1624 1691 δὲ
1670 1640 1794 1694 ὅσον
1826 1645 1885 1695 ὲν

2008 444 2155 501 aliud
2188 446 2277 501 hic
2299 447 2455 511 dicit,
2488 463 2651 518 quam
2685 460 2938 520 oportere
2965 467 3067 507 nos
3099 468 3206 507 non
3233 468 3357 509 esse
3397 452 3576 509 homi-

2005 552 2104 594 nes
2133 557 2145 591 :
2180 546 2239 592 ut
2293 539 2340 592 si
2396 540 2520 609 quis
2551 548 2823 610 spectaret
2870 544 3109 613 aquilam
3140 544 3193 600 in
3223 545 3456 603 sublime
3484 563 3579 601 vo-

2002 628 2228 696 lantem,
2251 636 2304 684 et
2333 639 2683 687 succenseret
2717 642 2924 690 naturae
2945 637 3093 707 equi,
3121 652 3353 709 eamque
3382 639 3579 695 acerbe

2000 721 2332 793 vituperaret
2393 731 2654 795 tanquam
2711 726 3032 785 dissimilem
3086 737 3298 786 natura:
3337 730 3573 802 aquilae,

1998 828 2122 867 cum
2153 822 2428 885 oporteret
2460 833 2662 890 equum
2709 836 2775 875 ex
2814 828 3010 875 natura
3042 822 3170 892 equi
3199 822 3571 879 considerare.

1999 902 2147 959 Sane
2179 905 2398 975 quidem
2421 906 2698 965 hominem
2732 910 2861 965 fecit
2887 909 3051 978 Deus,
3077 913 3171 983 qui
3203 920 3350 970 esset
3377 914 3570 980 homo;

1995 997 2233 1052 animam
2298 998 2429 1055 item
2478 1015 2603 1055 cum
2654 1017 2922 1073 corpore,
2978 1006 3105 1075 quia
3157 1013 3243 1061 est
3295 1005 3573 1063 habitator

1994 1087 2180 1142 mundi
2212 1105 2533 1160 corporeus.
2570 1090 2671 1148 Hic
2700 1092 2868 1165 igitur
2907 1095 2953 1152 si
3005 1094 3097 1152 hat
3127 1096 3303 1153 bonus
3325 1138 3341 1164 ,
3388 1099 3571 1170 quoad

1992 1187 2187 1235 natura
2217 1180 2458 1238 hominis
2493 1184 2701 1254 patitur
2726 1225 2740 1248 ,
2770 1196 3047 1257 spectatus
3080 1198 3134 1245 et
3164 1190 3431 1261 probatus
3478 1206 3567 1250 rc-

1992 1271 2253 1341 periatur.
2290 1274 2575 1341 Quomodo
2608 1285 2789 1332 autem
2841 1280 2935 1335 ﬁat
2990 1281 3154 1337 homo
3186 1283 3425 1355 probus,
3480 1284 3566 1339 in-

1989 1364 2316 1432 quirendum
2364 1375 2448 1421 est
2501 1378 2666 1440 atque
2716 1372 3102 1441 requirendum
3134 1389 3165 1430 a
3216 1374 3347 1441 Deo,
3380 1384 3563 1431 utrum

1990 1453 2179 1511 fecerit
2213 1473 2358 1514 eum.
2412 1459 2584 1515 Homo
2618 1463 2785 1533 igitur
2830 1464 2920 1519 lict
2949 1466 3151 1531 bonus,
3188 1469 3234 1524 si
3260 1468 3331 1524 sit
3361 1478 3567 1540 tempe.

1987 1563 2119 1603 rans
2146 1550 2449 1619 etjustus:
2487 1555 2531 1617 si
2569 1555 2713 1610 enim
2774 1557 2934 1612 liceat
2982 1559 3207 1614 meliore
3244 1560 3406 1615 modo
3447 1562 3563 1616 ﬁeri

1989 1641 2265 1697 hominem
2301 1644 2505 1700 bonum
2528 1688 2543 1711 ,
2581 1651 2926 1707 accusandus
2976 1652 3050 1707 sit
3087 1651 3227 1709 Deus
3252 1693 3266 1717 ,
3319 1656 3413 1725 qui
3471 1655 3564 1710 illo

309 1704 596 1777 ἀνθρώπου
631 1710 790 1779 φύσει
818 1714 971 1770 οὐδὲν
1006 1717 1232 1789 βέλτιον,
1263 1724 1528 1780 ἐπιδέοιτο
1559 1728 1626 1783 ἂν
1676 1731 1872 1804 ἄνθρω·

2531 1704 2541 1711 .
2734 1704 2737 1705 ν
2978 1704 3046 1707 ---
3090 1704 3266 1717 κη-.
3324 1704 3413 1725 γ--
3471 1704 3560 1710 ---ν

1988 1733 2148 1789 modo
2176 1738 2558 1806 praestantiore
2587 1756 2697 1796 non
2733 1741 2858 1798 iecit
2890 1744 3165 1802 hominem
3202 1746 3426 1803 bonum.
3465 1745 3562 1802 Sin

307 1814 405 1861 πος
428 1801 783 1876 σωφροσύνης
798 1806 901 1861 ,καὶ
925 1807 1034 1863 τῶν
1052 1809 1227 1866 ἄλλων
1245 1830 1258 1843 °
1286 1813 1568 1889 ζητητέον,
1593 1821 1708 1886 πῶς
1732 1801 1888 1890 αὖθις

303 1890 526 1948 δυνατόν
551 1912 615 1964 γε
645 1895 929 1971 ἄνθρωπον
963 1901 1219 1978 σώφρονά
1255 1925 1314 1962 τε
1346 1911 1444 1965 καὶ
1483 1912 1688 1970 δίκαιον
1712 1914 1881 1972 εἶναι·

305 1983 554 2054 βούλεται
595 1987 702 2061 γὰρ
757 1992 928 2047 ταῦτα
970 1990 1108 2050 εἶναι
1165 2000 1328 2055 αὐτὸν
1370 2005 1400 2056 6
1452 1990 1879 2083 δημιουργήσας.

303 2076 513 2133 Οὐκοῦν
543 2083 864 2176 σωφροσύνη
906 2086 1029 2161 δίχα
1072 2091 1175 2162 τῆς
1218 2094 1313 2147 τοῦ
1353 2076 1599 2154 ἐναντίου
1642 2076 1876 2176 παραθέ-

303 2185 443 2235 σεως
475 2173 575 2227 ούκ
608 2173 674 2228 ἂν
718 2175 956 2244 γένοιτο·
989 2181 1190 2253 ὁμοίως
1216 2185 1273 2238 δὲ
1317 2189 1411 2242 καὶ
1454 2173 1799 2269 δικαιοσύνη*
1827 2199 1877 2252 εί

298 2262 357 2317 δὲ
513 2266 615 2322 οὐκ
641 2267 709 2324 ἂν
739 2270 825 2343 εἴη
860 2276 1180 2349 σωφροσύνη
1209 2278 1331 2334 οὔτε
1365 2282 1697 2358 δικαιοσύνη.

1990 1834 2170 1883 autem
2198 1838 2462 1900 quantum
2494 1833 2547 1887 in
2580 1841 2777 1891 natura
2810 1835 3047 1893 hominis
3080 1838 3244 1894 situm
3285 1847 3393 1905 est,
3427 1840 3561 1896 nihil

1989 1920 2217 1988 melius;
2246 1937 2385 1993 opus
2418 1934 2501 1980 est
2532 1925 2739 1981 homini
2771 1930 3164 1999 temperantia,
3194 1939 3277 1995 _et
3310 1932 3560 2002 justitia,

1987 2013 2216 2084 aliisque
2262 2015 2579 2072 virtutibus.
2635 2016 2734 2074 llic
2780 2035 2976 2078 rursus
3027 2023 3380 2094 quaerendum
3431 2036 3556 2089 est,

1986 2107 2261 2177 quomodo
2300 2108 2464 2166 homo
2497 2118 2834 2183 temperatus
2866 2122 2922 2170 et
2951 2115 3139 2185 justus
3173 2132 3294 2174 esse
3334 2127 3512 2189 potest
3540 2138 3553 2174 :

1986 2200 2101 2253 vult
2129 2202 2274 2256 enim
2303 2204 2397 2273 qui
2427 2219 2551 2259 eum
2587 2204 2734 2275 fecit,
2765 2214 2825 2261 ut
2864 2207 2988 2264 talis
3021 2209 3112 2266 sit.
3147 2210 3321 2283 Igitur
3350 2220 3559 2284 tempe-
3586 2250 3597 2256 α

1985 2293 2162 2347 rantia
2191 2294 2309 2351 sine
2341 2298 2751 2366 comparatione
2806 2308 2860 2355 et
2914 2303 3265 2360 contentione
3293 2306 3553 2360 contrarii

298 2356 416 2411 lieri
468 2373 579 2414 non
624 2370 834 2434 potest;
891 2367 1145 2427 similiter
1186 2372 1441 2443 justitia:
1476 2356 1681 2448 alioqui
1731 2398 2011 2453 nunquam
2049 2386 2153 2441 erit
2187 2389 2565 2459 temperantia,
2595 2405 2774 2460 neque
2802 2391 3035 2459 justitia.

368 2493 431 2547 Εί
468 2494 524 2548 δὲ
558 2498 632 2569 μή
682 2501 766 2570 εἰη
796 2499 984 2554 τοῦτον
1017 2503 1108 2557 τὸν
1133 2497 1333 2578 τρόπον
1365 2509 1590 2566 δυνατὸν
1619 2516 1871 2584 γενέσθαι

295 2583 500 2675 δίκαιόν
531 2605 590 2641 τε
635 2590 728 2643 καὶ
773 2591 1055 2667 σώφρονα,
1090 2598 1191 2651 οὐκ
1231 2599 1296 2653 ἂν
1329 2601 1503 2668 ἄλλως
1539 2583 1747 2675 γένοιτο
1775 2612 1870 2667 ἄν·

294 2674 514 2749 θρωπος
541 2679 746 2746 δίκαιός
772 2700 831 2736 τε
856 2687 948 2738 καὶ
982 2685 1214 2761 σώφρων
1232 2707 1246 2721 ο
1282 2692 1376 2746 καὶ
1396 2694 1514 2748 τότε
1537 2674 1773 2769 εὐλόγως
1804 2702 1870 2756 ἂν

292 2770 334 2858 67
348 2769 677 2845 δημιουργὸς
718 2775 1031 2851 διαϐληθείη
1057 2796 1071 2810 ⁸
1097 2781 1178 2835 ὅτι
1220 2785 1488 2858 πεποίηκε
1519 2788 1742 2846 δυνατὸν
1769 2795 1868 2848 οὐκ

292 2857 434 2916 εἶναι
467 2865 557 2918 τὸν
604 2866 891 2939 ἄνθρωπον
927 2872 1181 2940 γενέσθαι
1215 2857 1439 2945 ἀγαθὸν,
1481 2879 1627 2950 λέγω
1669 2883 1732 2956 δὴ
1765 2885 1868 2939 σώ-

2050 2523 2206 2591 Quod
2230 2526 2277 2581 si
2306 2526 2410 2583 hoc
2443 2528 2604 2584 modo
2628 2544 2736 2585 non
2767 2530 2942 2601 possit
2968 2531 3081 2587 ﬁeri
3111 2531 3296 2602 justus
3324 2540 3379 2589 et
3407 2540 3551 2589 tem-

1978 2628 2236 2689 peratus,
2283 2637 2392 2676 non
2437 2623 2596 2676 aliter
2629 2622 2720 2677 (iet
2764 2622 2929 2678 homo
2973 2622 3161 2693 justus
3190 2630 3246 2680 et
3279 2631 3551 2696 tempera-

1977 2719 2103 2766 tus:
2137 2720 2191 2768 et
2221 2720 2352 2769 tunc
2385 2715 2581 2770 merito
2614 2715 3046 2785 reprehendatur
3096 2715 3261 2784 Deus,
3291 2718 3418 2789 quia
3469 2717 3549 2775 le-

1975 2804 2051 2859 cit
2091 2813 2151 2860 ut
2179 2806 2522 2877 impossibile
2543 2816 2687 2865 esset
2710 2808 2826 2865 lieri
2852 2808 3129 2865 hominem
3159 2809 3388 2877 bonum,
3411 2818 3547 2867 tem-

1974 2906 2222 2965 peratum
2262 2899 2407 2964 dico,
2439 2908 2492 2956 et
2533 2901 2785 2972 justum;
2830 2916 2940 2971 quo
2966 2900 3185 2971 quidem
3237 2902 3397 2959 modo
3426 2914 3548 2959 tan-

292 2955 470 3026 φρονά
514 2975 578 3011 τε
628 2961 722 3013 καὶ
756 2960 982 3026 δίκαιον,
1020 2964 1141 3019 καθ’
1173 2966 1232 3021 ὃν
1292 2971 1451 3041 μόνον
1491 2974 1586 3027 καὶ
1617 2955 1868 3050 οὐδαμῶς

1977 2955 2108 3054 iuni,
2143 2998 2196 3044 et
2219 2992 2372 3047 nullo
2411 2955 2665 3064 quopiam
2699 2994 2808 3047 alio
2846 2955 3064 3049 iuturus
3100 3004 3219 3049 erat
3248 2995 3540 3065 gloriosus,

288 3046 478 3119 ἕτερόν
513 3066 635 3103 τινα
666 3053 868 3123 τρόπον
912 3056 1220 3130 εύδοξήσειν
1253 3060 1464 3132 ἔμελλε,
1495 3068 1590 3123 καὶ
1619 3046 1768 3137 ἄξιός
1800 3091 1863 3143 γε

288 3139 391 3209 τῆς
417 3138 510 3194 τοῦ
548 3145 910 3215 πεποιηκότος
946 3149 1136 3218 σοφίας
1175 3152 1683 3229 ἀποδειχθήσεσθαι.
1712 3163 1773 3215 El
1807 3138 1863 3217 δὲ

288 3231 535 3303 ἐπιμένοι
571 3235 599 3288 ὀ
633 3236 949 3306 ἀντιλέγων,
977 3240 1053 3305 ὡς
1084 3243 1252 3314 ἐχρῆν
1285 3246 1464 3316 φύσει,
1492 3241 1594 3306 ’καὶ
1625 3254 1684 3306 ού
1718 3256 1863 3328 πόνῳ

287 3322 539 3396 σώφρονα
570 3327 824 3396 γενέσθαι
869 3330 959 3384 τὸν
993 3332 1279 3405 ἄνθρωπον
1301 3378 1314 3402 ,
1364 3340 1543 3407 πάλιν,
1577 3344 1636 3397 τὺ
1666 3346 1718 3398 τί
1747 3322 1862 3401 ἐστι

287 3419 608 3490 σωφροσύνη
644 3421 1071 3495 καταλιμπάνων
1091 3469 1105 3491 ,
1147 3429 1248 3483 ἐπὶ·
1270 3431 1552 3501 ἀλόγιστον
1595 3438 1803 3508 αἵρεσιν
1833 3443 1862 3495 6

281 3506 522 3573 τοιοῦτος
565 3511 836 3566 ὲκκλίνει’
885 3514 947 3567 τὸ
998 3516 1096 3587 μὲν
1127 3518 1210 3571 ὅτι
1255 3519 1515 3577 ἀδύνατόν
1556 3526 1703 3579 ἐστιν
1733 3526 1857 3582 ἄνευ

285 3601 638 3676 σωφροσύνης
669 3606 760 3659 καὶ
785 3606 1134 3681 δικαιοσύνης
1160 3611 1309 3678 ἄξιον
1338 3610 1477 3669 εῖναι
1495 3617 1588 3671 τοῦ
1629 3635 1858 3690 πεποιη-

280 3691 438 3757 κότος
469 3693 768 3767 τιθέμενος,
801 3698 893 3752 τδν
931 3699 988 3752 δὲ
1014 3702 1214 3773 τρόπον
1245 3707 1345 3777 τῆς
1382 3708 1625 3780 κτήσεως
1652 3710 1856 3766 τούτων

172 3823 183 3833 .
276 3784 555 3850 ἐξετάζειν
587 3789 649 3842 ού
704 3789 1055 3862 βουλόμενος’
1095 3796 1177 3849 ὅτι
1222 3790 1286 3868 δὴ
1314 3800 1376 3853 τὸ
1419 3800 1600 3874 δεσμῷ
1644 3803 1856 3874 φύσεως

277 3878 602 3949 γιγνόμενον
634 3881 735 3937 ούκ
769 3884 836 3939 ἂν
863 3886 945 3957 είη
992 3890 1336 3962 σωφροσύνη,
1387 3894 1509 3966 ἥτις
1552 3896 1751 3967 ἥκιστά
1790 3916 1853 3968 γε

276 3969 480 4041 ἑτέρως
504 3971 536 4043 ἦ
573 3976 639 4046 τῇ
673 3974 783 4028 τῶν
809 3976 1010 4046 ἡδονῶν
1036 3980 1349 4036 ἀντιστάσει
1382 3986 1725 4055 γνωρίζεται.
1754 4032 1767 4045 .
1795 4032 1806 4045 .
1835 4032 1849 4045 .

274 4062 446 4117 δεῖται
489 4064 596 4137 ἄρα
645 4066 754 4121 τῶν
806 4068 1238 4144 ἀνθισταμένων,
1287 4075 1374 4130 ἴνα
1424 4074 1708 4154 μαχομέύη
1760 4085 1852 4137 καὶ

273 4157 555 4227 κρατοῦσα
606 4160 792 4215 τοῦτον
837 4162 1009 4236 κληθῇ
1068 4166 1163 4219 καὶ
1210 4167 1435 4241 γένηται
1488 4174 1845 4246 σωφροσύνηο

272 4252 673 4325 παραπλησίως
700 4255 757 4308 δὲ
785 4257 879 4310 καὶ
909 4257 977 4312 τὰ
1006 4258 1158 4314 ἄλλα.
1192 4261 1347 4316 Οὖτω
1373 4264 1437 4337 δὴ
1472 4268 1845 4324 κατεσκεύακε

1966 3089 2020 3136 et
2049 3083 2315 3154 sapientia
2345 3086 2588 3141 auctoris
2623 3086 2708 3140 sui
2764 3086 2963 3156 dignus
3015 3086 3319 3143 habendus.
3355 3086 3412 3142 Si
3445 3102 3544 3142 au-

1966 3181 2071 3229 tem
2104 3176 2196 3246 qui
2230 3177 2592 3242 contradicit,
2636 3186 2950 3248 perseveret
3001 3181 3336 3238 contendens
3380 3197 3542 3253 opor-

1962 3268 2135 3323 tuisse
2169 3276 2388 3333 natura,
2416 3277 2471 3324 ct
2508 3286 2617 3325 non
2648 3270 2833 3327 labore
2880 3270 2994 3327 ﬁeri
3024 3273 3299 3330 hominem
3330 3281 3539 3346 tempe-

1962 3365 2209 3426 rantem;
2242 3375 2438 3417 rursus
2471 3360 2558 3416 hic
2597 3364 2856 3418 omittens
2877 3362 3008 3433 quid
3032 3364 3103 3419 sit
3134 3366 3490 3435 temperantia
3519 3406 3535 3429 ,

1961 3449 2028 3504 ad
2062 3451 2367 3521 eligendum
2402 3467 2467 3507 ac
2504 3453 2832 3509 sumendum
2881 3455 3027 3525 quod
3070 3470 3100 3510 a
3138 3456 3348 3512 ratione
3377 3473 3535 3516 aver-

1961 3557 2080 3595 sum
2110 3550 2194 3598 est
2222 3541 2494 3613 declinat;
2529 3552 2642 3598 tum
2677 3546 2805 3617 quia
2846 3546 2997 3616 ponit
3025 3556 3080 3601 et
3104 3548 3326 3614 statuit,
3375 3566 3538 3620 posse

1959 3634 2233 3690 hominem
2266 3637 2384 3693 sine
2416 3639 2784 3708 temperantia
2807 3647 2861 3694 et
2895 3638 3112 3709 justitia
3158 3656 3281 3697 esse
3308 3640 3532 3713 dignum

1957 3712 2181 3782 auctore
2209 3742 2310 3782 suo
2344 3729 2433 3798 qui
2466 3744 2588 3783 eum
2628 3728 2788 3795 fecit;
2819 3737 2931 3783 tum
2960 3730 3085 3800 quia
3120 3746 3225 3785 non
3262 3732 3376 3786 vult
3409 3748 3536 3787 con-

1955 3819 2221 3887 siderare,
2245 3821 2520 3891 quomodo
2545 3822 2824 3893 possessio
2851 3824 3044 3878 harum
3079 3823 3341 3878 virtutum
3379 3840 3529 3880 com-

1954 3920 2212 3982 paretur,
2257 3915 2386 3984 quia
2416 3913 2561 3985 quod
2602 3915 2823 3971 vinculo
2851 3924 3061 3972 naturae
3095 3917 3296 3971 factum
3350 3924 3529 3984 esset,

1954 4019 2232 4074 nunquam
2278 4014 2427 4060 esset
2487 4006 2885 4076 temperantia,
2943 4022 3066 4078 qum
3110 4007 3335 4061 minime
3374 4009 3530 4062 aliter

1951 4111 2113 4166 quam
2170 4099 2555 4155 resistentibus
2608 4099 2977 4167 voluptatibus
3029 4102 3412 4172 cognoscitur;
3470 4110 3530 4157 ut

1952 4205 2202 4261 pugnans
2229 4198 2282 4245 et
2310 4191 2537 4246 vincens
2578 4206 2693 4257 eas,
2727 4200 2953 4246 vocetur
3001 4201 3054 4247 et
3107 4192 3179 4247 sit
3220 4200 3528 4262 temperan-

1952 4283 2064 4338 tia:
2104 4284 2357 4338 similiter
2390 4283 2445 4348 in
2480 4283 2626 4339 aliis.
2662 4282 2753 4339 Sic
2798 4298 2931 4338 sane
2975 4283 3249 4339 hominem
3273 4293 3527 4342 constru-

270 4344 361 4399 τὸν
389 4345 707 4419 ἅνθρωπονο
746 4349 905 4418 φύσει
945 4352 1044 4423 μὲν
1090 4352 1201 4407 οὔτ’
1233 4356 1438 4447 ἀγαθδν
1482 4359 1605 4414 οὗτε
1637 4362 1803 4416 κακόν
1825 4380 1839 4394 ο

1977 4378 2049 4443 tit,
2075 4385 2269 4430 natura
2300 4376 2520 4446 quidem
2552 4391 2729 4447 neque
2786 4376 2989 4431 bonum
3049 4392 3223 4446 neque
3279 4378 3479 4433 malum
3504 4418 3520 4442 ,

269 4435 568 4507 ἐπιτρέψας
599 4438 656 4492 δὲ
688 4438 767 4511 τῷ
798 4440 1046 4513 λογισμῷ
1082 4444 1174 4497 τοῦ
1217 4438 1524 4519 κρείττονος
1555 4450 1653 4524 τὴν
1695 4454 1845 4525 αἴρε-

268 4542 372 4581 σιν.
410 4527 472 4580 Εἰ
512 4528 567 4582 δέ
612 4547 692 4584 τοι
754 4533 882 4605 μήτ’
924 4534 1128 4604 ἀγαθὸν
1160 4540 1298 4611 μητὲ
1331 4543 1525 4610 κακὸν,
1555 4545 1607 4598 τί
1628 4544 1693 4600 ἂν
1732 4548 1839 4619 εἴη,

265 4617 450 4674 λοιπὸν
481 4619 745 4694 ζητεῖται.

316 4751 640 4829 ἵΣκοπητεον
672 4772 733 4816 το
772 4763 943 4832 ρραχυ
988 4767 1201 4818 παιδιον
1229 4768 1293 4837 τῇ
1328 4784 1437 4819 των
1465 4760 1652 4840 ἄκρων
1686 4785 1840 4827 αναι-

263 4847 411 4920 ρέσει
432 4850 850 4922 γνωριζόμενον,
872 4854 1013 4924 λέγω
1037 4855 1101 4928 δὴ
1128 4856 1239 4911 οὔτ’
1262 4858 1464 4927 ἀγαθὸν
1486 4859 1610 4915 οὔτε
1635 4865 1802 4918 κακόν
1821 4881 1834 4895 ⁸

1948 4469 2297 4523 committens
2348 4467 2548 4524 rationi
2602 4467 2925 4524 electionem
2986 4469 3247 4525 melioris.
3302 4468 3356 4524 Si
3391 4484 3520 4526 vero

1947 4575 2128 4632 neque
2158 4559 2361 4615 bonum
2410 4577 2587 4632 neque
2618 4562 2843 4623 malum,
2875 4564 3141 4633 quaeritur
3166 4562 3298 4634 quid
3327 4570 3515 4619 restet.
3578 4572 3583 4575 ’

2015 4779 2464 4835 Consideraudus
2490 4791 2574 4837 est
2601 4798 2734 4852 puer
2761 4797 2961 4854 parvus
2985 4825 3000 4849 ,
3050 4785 3102 4838 in
3139 4800 3249 4855 quo
3275 4788 3519 4843 cernitur

1951 4874 2243 4944 utriusque
2271 4875 2502 4929 extremi
2542 4876 2834 4947 ademptio,
2863 4877 2916 4931 id
2945 4886 3050 4943 est,
3076 4894 3254 4949 neque
3286 4880 3512 4940 bonum.

180 4930 186 4934 ἡ
258 4941 292 5010 ἠ
326 4940 425 5010 μὲν
464 4941 578 5015 γὰρ
621 4943 778 4998 οὐσία
822 4946 1012 5000 τούτου
1060 4949 1233 5022 καλή·
1278 4951 1340 5005 τὸ
1382 4953 1439 5007 δὲ
1476 4956 1596 5008 κατ’
1635 4956 1836 5027 ἀρετὴν

1979 4981 2118 5035 eque
2146 4965 2349 5020 malum
2378 4980 2501 5020 esse
2541 4967 2849 5023 substantia
2871 4969 3018 5022 enim
3043 4968 3207 5036 hujus
3238 4968 3381 5024 bona
3405 4977 3513 5033 est,

254 5039 462 5108 ἀγαθὸν
509 5042 663 5098 οὔπω
716 5047 1100 5119 προσείληφεν.
1161 5048 1318 5104 Οὕτω
1375 5052 1439 5125 δὴ
1488 5055 1582 5108 καὶ
1635 5054 1836 5125 χρυσὸς

1977 5059 2236 5114 onitatem
2281 5075 2412 5115 vero
2461 5058 2761 5115 secundum
2793 5060 3047 5116 virtutem
3092 5061 3335 5117 nondum
3371 5064 3515 5117 asci-

253 5134 416 5204 φύσει
450 5136 641 5201 καλός*
684 5137 828 5211 λόγῳ
870 5140 929 5194 δὲ
972 5143 1171 5215 ἀρετῆς
1218 5146 1318 5199 ούκ
1360 5148 1583 5217 ἀγαθὸς.
1629 5149 1834 5220 ἄψυχος

1977 5153 2034 5207 it.
2065 5151 2157 5207 Sic
2187 5153 2315 5208 item
2349 5162 2402 5208 et
2454 5167 2647 5206 aurum
2680 5152 2881 5208 bonum
2914 5159 2999 5209 est
3035 5161 3261 5221 natut;a;
3300 5155 3513 5211 ratione

252 5228 358 5281 ὧν·
394 5230 489 5283 καὶ
541 5229 677 5286 λίθοι
722 5233 895 5305 τίμιοι
939 5237 1362 5309 παραπλησίως,
1409 5241 1503 5293 καὶ
1541 5240 1718 5296 πάντα
1762 5243 1829 5296 τὰ

1977 5260 2063 5299 ero
2096 5244 2317 5299 virtutis
2344 5260 2453 5299 non
2482 5253 2567 5300 est
2594 5246 2817 5310 bonum,
2847 5261 2972 5301 cum
3011 5247 3084 5301 sit
3119 5246 3508 5313 inanimatum:

247 5319 400 5385 ὄντα,
434 5321 666 5378 ἕκαστον
707 5325 849 5380 κατὰ
888 5327 951 5379 τὺ
993 5327 1123 5382 ἴδιον
1157 5331 1215 5384 ἐν
1256 5330 1375 5401 ὄψει
1422 5333 1634 5397 κάλλος.
1671 5335 1828 5388 Κατὰ

1977 5337 2189 5392 ιηιίιίιειι·
2244 5337 2467 5408 pretiosi
2531 5337 2757 5409 lapides,
2813 5348 2867 5393 et
2936 5341 3119 5395 omnia
3175 5357 3297 5412 quae
3356 5350 3505 5408 sunt,

245 5412 312 5484 δὴ
343 5414 532 5471 τοῦτον
568 5417 658 5472 τὸν
698 5417 856 5489 λόγον
908 5421 1005 5474 καὶ
1052 5421 1337 5494 ἄνθρωπος
1360 5441 1373 5455 ·
1407 5425 1567 5490 καλὸς
1598 5428 1696 5497 μὲν
1737 5429 1831 5483 καὶ

1977 5428 2356 5500 numquodque
2400 5428 2700 5484 secundum
2728 5430 3004 5500 propriam
3032 5432 3086 5486 in
3127 5439 3351 5502 aspectu
3383 5434 3507 5503 pul-

245 5505 367 5562 λίαν
400 5508 564 5573 καλὸς
594 5512 750 5584 οὐσίᾳ
778 5530 835 5566 τε
860 5515 955 5568 καὶ
986 5514 1135 5585 αὐτῷ
1157 5514 1233 5586 τῷ
1258 5512 1393 5572 εἶναι
1416 5535 1429 5549 ο
1456 5520 1516 5573 τὸ
1546 5520 1601 5575 δὲ
1624 5521 1827 5590 ἀγαθὸν

1981 5521 2315 5577 iritudinem.
2347 5521 2461 5576 liae
2492 5523 2703 5575 ratione
2733 5520 2895 5575 homo
2938 5523 3101 5578 etiam
3138 5523 3366 5593 pulcher
3395 5530 3504 5591 est,

244 5600 309 5654 τὸ
334 5600 430 5656 ’διὰ
479 5602 650 5673 μόνης
693 5606 896 5678 ἀρετῆς
942 5608 1371 5681 προσγινόμενον
1425 5612 1572 5683 πόνῳ
1607 5614 1821 5669 κτᾶται.

1977 5612 2085 5668 ιιίίθ
2134 5612 2360 5681 pulcher
2418 5613 2726 5668 substantia
2782 5622 2835 5669 et
2880 5614 3120 5670 essentia
3154 5616 3272 5685 ipsa
3352 5615 3511 5696 honi-

246 5693 340 5748 Διὸ
366 5694 499 5760 θεὸς
539 5697 627 5750 ἐπ’
680 5698 829 5770 αύτῴ
872 5695 1009 5756 εἶναι
1060 5700 1214 5756 τοῦτο
1262 5702 1596 5775 πεποίηκενο
1638 5707 1686 5759 εί
1731 5703 1823 5761 οὖν

1985 5722 2009 5762 s
2066 5721 2196 5762 vero
2239 5722 2335 5778 per
2378 5707 2549 5766 solam
2606 5706 2859 5764 virtutem
2931 5709 3219 5766 aseisritm-
3251 5747 3266 5773 ,
3317 5693 3513 5766 labem
