3968 6914
406 237 541 293 “39
1564 237 1701 292 TITI
1742 238 1994 297 1305'le

2109 240 2171 296 lS
2212 239 2514 298 EPISCOPI
3511 241 3639 296 1140

402 364 778 426 comparatur.
807 354 1015 410 Idcirco
1057 354 1183 412 fet-it
1212 357 1376 425 Deus,
1409 370 1468 415 ut
1491 361 1592 417 hoc
1622 363 1675 417 in
1708 372 1975 436 potestate

2105 368 2243 421 δωκε
2277 369 2374 438 μὲν
2402 365 2500 437 τὴν
2527 364 2794 430 ἐξουσίαν,
2822 365 2884 419 οὐ
2918 362 3291 437 προς-’τέθεικε
3313 362 3368 417 δὲ
3396 361 3461 435 τῇ
3490 361 3651 432 φύσει

402 445 526 516 ejus
553 448 718 502 situm
756 456 941 502 esset:
983 447 1029 502 si
1078 447 1248 519 igitur
1279 462 1601 522 potestatem
1633 457 1850 525 quidem
1880 458 1969 513 de-

402 537 577 594 diss'et
608 538 771 605 Deus,
797 554 909 593 non
955 547 1135 594 autem
1170 551 1381 601 natura:
1414 547 1743 615 praefecisset
1788 550 1974 620 cogni-

2104 554 2290 623 ;νίοχον
2333 553 2559 624 ὲφιστᾷν
2604 552 2808 624 ἅρματι
2856 550 3130 621 ὁξυτάτῳ·
3171 550 3219 602 εί
3260 550 3317 602 δὲ
3360 549 3479 619 ἅμα
3529 565 3655 600 συν-

404 632 606 685 tionem
634 631 856 690 virtutis
884 641 937 690 et
967 634 1105 700 vitii,
1138 636 1286 693 visus
1317 646 1462 692 esset
1493 655 1697 694 caecum
1732 642 1974 712 aurigam

2104 643 2340 714 κέρασεν
2366 644 2552 714 ἄμφω,
2602 642 2850 707 ἐξουσίαν
2893 658 2951 694 τε
2986 641 3120 713 πρὸς
3165 641 3356 711 κτῆσιν
3393 639 3487 693 τοῦ
3522 638 3655 691 καλ-

403 723 589 777 currui
615 724 968 782 velocissimo
999 730 1299 800 praeﬁcere.
1339 729 1435 785 Sin
1466 747 1597 787 vero
1628 732 1789 787 ambo
1812 733 1975 790 simul

2104 734 2272 797 .ίονος,
2312 736 2404 787 καὶ
2434 733 2632 803 γνῶσιν
2672 733 2807 805 πρὸς
2847 731 3113 803 διάκρισιν
3158 731 3253 784 καὶ
3299 730 3435 802 πρὸς
3480 730 3660 797 ἀσφά-

404 815 772 882 commiscuit,
802 826 1124 887 potestatem
1172 822 1240 876 ad
1289 823 1670 878 asciscendum
1696 824 1843 895 quod
1870 840 1979 881 me-

2104 844 2230 880 ιειαν
2261 826 2360 898 τῆς
2408 828 2671 899 αἱρέσεως
2693 842 2705 855 ·
2731 826 2981 896 τεχνίτην
3011 825 3109 896 μὲν
3140 822 3526 896 προσανέδειξε
3564 822 3659 874 τὸν

405 905 512 961 lius
554 914 660 972 est,
703 916 756 963 et
785 912 1169 980 cogitationem
1203 914 1271 968 ad
1305 914 1720 970 discernendam
1750 923 1804 972 et
1855 931 1978 971 mu-

2104 919 2299 989 ιγνίοχον
2328 917 2454 972 νοῦν
2477 935 2489 947 ·
2543 918 2727 972 ἐλάσει
2770 919 2826 971 δὲ
2871 917 3007 970 σῶον
3049 909 3202 980 οὗτος
3239 916 3302 969 τὸ
3353 914 3510 988 ἅρμα
3556 914 3659 983 τῆς

404 997 663 1053 niendam
720 1000 1076 1071 electionem;
1134 1004 1397 1060 artiﬁcem
1454 1007 1672 1077 quidem
1737 1009 1981 1080 aurigam

2104 1007 2337 1077 ρύσεως’
2379 1007 2493 1078 εἴγε
2525 1009 2634 1081 μὴ,
2668 1007 2921 1072 ὑπνώσας
2985 1006 3129 1061 κατὰ
3167 1007 3229 1059 τὸ
3258 1004 3472 1059 στάδιον
3492 1043 3508 1069 ,
3550 1001 3661 1057 ὐπὸ

2077 461 2176 532 τὴν
2206 461 2404 529 γνῶσιν
2438 460 2640 532 ἀρετῆς
2682 477 2740 514 τε
2771 459 2866 512 καὶ
2903 459 3120 524 κακίας,
3155 457 3350 529 τυφλὸν
3378 457 3445 511 ἂν
3473 456 3652 521 ἔδοξεν

407 1103 643 1150 mentem
669 1094 957 1152 adhibuit:
989 1096 1104 1152 bzec
1143 1105 1326 1154 autem
1361 1113 1584 1153 currum
1621 1110 1829 1156 naturae
1876 1101 1986 1156 sal-

2092 1098 2201 1151 τῶν
2223 1097 2423 1170 ἡδονῶν
2450 1098 2795 1170 ἀναδληθείη.

407 1203 533 1243 vum
567 1196 623 1244 et
655 1190 982 1246 incolumem
1023 1191 1284 1263 agitabit;
1329 1192 1436 1247 nisi
1484 1208 1736 1248 somnum
1784 1194 1840 1248 in
1868 1193 2042 1250 stadio
2064 1194 2306 1264 capiens,
2338 1207 2367 1247 a
2393 1193 2759 1263 voluptatibus
2784 1182 3123 1249 deturbetur.

631 1349 761 1405 Car.
797 1349 887 1406 ιν.
933 1350 1106 1406 Homo
1131 1351 1294 1406 bonus
1319 1361 1369 1406 et
1397 1352 1572 1407 malus
1592 1367 1656 1405 επ
1676 1354 1965 1423 proposito.
1996 1353 2315 1424 Beneﬁcium
2344 1363 2419 1409 est
2447 1354 2667 1418 homini,
2698 1367 2848 1421 posse
2875 1351 3153 1406 admittere
3172 1360 3458 1421 peccatum.

484 1507 798 1563 Substantia
829 1507 1047 1578 quidem
1085 1516 1139 1564 et
1173 1517 1367 1564 natura
1399 1510 1625 1580 pulcher
1664 1520 1749 1567 est
1781 1511 1978 1576 homo,

412 1609 472 1654 ut
492 1616 708 1665 aurum,
737 1608 797 1655 ut
827 1601 965 1672 lapis
1012 1601 1286 1672 pretiosus
1315 1642 1331 1668 ,
1380 1610 1439 1657 ut
1470 1617 1609 1673 opus
1642 1603 1768 1670 Dei;
1806 1604 1982 1661 bonus

413 1707 562 1758 vero,
589 1702 682 1747 aut
713 1701 902 1748 contra
954 1693 1149 1759 malus,
1194 1696 1508 1765 proposito:
1545 1695 1660 1752 hrec
1707 1695 1853 1751 enim
1882 1696 1981 1751 ad-

2159 1514 2333 1585 Οὐσίᾳ
2349 1514 2447 1584 μὲν
2462 1515 2556 1568 καὶ
2574 1514 2732 1583 φύσει
2749 1511 2846 1568 avo
2854 1529 3034 1584 ρωπος
3046 1510 3229 1576 καλὸς,
3251 1510 3561 1581 ὡςχρυσὸς,
3576 1507 3661 1569 ὡς

2086 1603 2233 1669 λίθος
2261 1605 2457 1674 τίμιος,
2479 1606 2555 1669 ὡς
2578 1605 2737 1676 ἔργον
2765 1604 2900 1658 Θεοῦ
2919 1621 2932 1634 ·
2970 1603 3171 1672 ἀγαθὸς
3207 1602 3265 1656 δὲ
3290 1602 3323 1674 ἦ
3351 1601 3668 1655 τούναντίον

2090 1698 2254 1762 κακὸς
2275 1697 2528 1769 προθέσει
2546 1714 2559 1726 ·
2576 1695 2749 1751 ταῦτα
2774 1696 2884 1767 γὰρ
2907 1693 3056 1766 αὐτῴ
3085 1695 3415 1766 παράκειται
3434 1694 3559 1765 μὲν,
3587 1692 3672 1755 ὡς

408 1786 597 1854 jacent
629 1786 680 1842 ei
722 1794 981 1857 tanquam
1034 1802 1158 1857 quae
1212 1788 1327 1842 ﬁeri
1373 1796 1627 1859 possunt.
1684 1788 1987 1856 Qualitates

2104 1786 2397 1859 πραχθῆναι
2413 1785 2704 1856 δυνάμεναι
2732 1784 2843 1858 (26)
2868 1783 3152 1856 ποιότητές
3179 1785 3314 1837 εἰσιν
3328 1783 3671 1853 ἐπισυμβαί-

413 1893 543 1933 vero
571 1877 868 1934 adveniunt
901 1885 955 1934 et
987 1877 1394 1949 adjunguntur,
1429 1878 1732 1935 secundum
1768 1880 1991 1935 institu-

415 1975 532 2027 tum
577 1984 688 2040 quo
719 1969 938 2023 ducitur
960 2010 974 2036 ,
1008 1976 1062 2023 et
1093 1969 1395 2025 secundum
1440 1970 1760 2025 electionem
1792 1984 1989 2040 propo-

416 2060 541 2128 siti;
576 2066 635 2114 ut
673 2059 916 2131 nequitia
946 2074 1067 2130 quae
1122 2059 1178 2114 in
1212 2060 1428 2116 actione
1466 2060 1721 2117 consistit
1771 2060 1948 2115 solum
1971 2101 1986 2125 ,

416 2160 545 2207 ante
576 2151 843 2207 actionem
878 2166 988 2207 non
1026 2150 1246 2207 exsistit
1300 2167 1398 2222 per
1450 2168 1529 2208 se.
1581 2151 1754 2208 Habet
1807 2161 1990 2206 tamen

416 2246 583 2301 homo
617 2251 941 2316 potestatem
976 2241 1234 2315 nequitiae
1257 2284 1272 2310 ,
1328 2259 1493 2315 quam
1528 2250 1707 2316 potest
1737 2245 1990 2314 operari:

417 2338 603 2401 habet,
641 2336 886 2407 inquam,
921 2343 1245 2407 potestatem
1290 2335 1434 2406 ejus,
1460 2350 1570 2391 non
1601 2345 1659 2390 ut
1690 2350 1809 2391 eam
1860 2349 1991 2405 ope-

417 2438 588 2493 retur,
623 2430 718 2487 sed
751 2437 811 2484 ut
840 2444 947 2485 nou
990 2444 1223 2501 operans
1248 2445 1366 2486 eam
1388 2470 1403 2495 ,
1441 2430 1681 2501 optimus
1709 2437 1988 2500 appareat.

420 2520 480 2576 Si
511 2522 655 2577 enim
688 2538 796 2579 non
832 2533 977 2579 esset
1003 2538 1170 2594 penes
1199 2538 1324 2578 eum
1360 2523 1522 2586 actio,
1549 2520 1827 2577 videretur
1858 2521 1991 2576 sub-

421 2616 500 2670 ire
522 2615 875 2670 invidentiam
904 2614 1185 2671 Creatoris
1206 2654 1220 2680 ,
1262 2621 1323 2669 ut
1376 2614 1600 2669 haberet
1632 2612 1990 2683 impedimen-

420 2715 534 2760 tum
572 2706 1016 2777 approbationis,
1067 2714 1121 2760 et
1164 2706 1525 2776 privationem
1575 2705 1875 2771 libertatis;
1932 2712 1992 2757 ut

420 2799 514 2868 qui
544 2813 652 2852 non
681 2797 906 2852 haberet
947 2796 1007 2850 in
1062 2804 1330 2867 potestate
1359 2812 1459 2853 sua
1492 2797 1666 2852 situm
1690 2836 1704 2859 ,
1742 2804 1801 2850 ut
1844 2781 1992 2852 esset

421 2890 632 2956 bonus;
663 2901 723 2944 ut
765 2889 877 2960 jam
910 2889 1153 2944 conditio
1184 2896 1475 2960 partesque
1506 2896 1736 2953 naturae,
1769 2904 1889 2959 qtue
1934 2889 1989 2944 in

422 2981 644 3036 homine
690 2980 978 3052 inferiores
1009 2981 1295 3049 videntur,
1354 2982 1636 3039 verissime
1681 2981 1991 3052 superiores

2089 1892 2298 1937 νουσαι,
2334 1875 2475 1929 κατά
2505 1877 2605 1946 τὴν
2637 1874 2996 1945 ἐγγινομένην
3030 1873 3251 1944 ἀγωγὴν
3284 1872 3381 1927 καὶ
3403 1875 3509 1944 τῆς
3537 1891 3674 1946 προ-

2091 1968 2291 2032 θέσεως
2320 1968 2533 2038 αἵρεσιν
2555 1984 2567 1999 ·
2595 1966 2670 2031 ὡς
2701 1969 2805 2040 τὴν
2823 1967 3024 2021 κακίαν
3044 1968 3100 2021 ἐν
3129 1966 3323 2038 πράξει
3348 1967 3515 2037 μόνον
3545 1984 3681 2020 συν-ο

2092 2060 2406 2130 ισταμένην,
2432 2060 2559 2129 πρὶν
2584 2060 2915 2132 πραχθῆναι,
2945 2059 3021 2130 μὴ
3049 2059 3344 2127 ὑφεστάναι
3363 2074 3376 2088 ·
3407 2056 3676 2122 ἐξουσίαν

2094 2152 2273 2224 μέντοι
2303 2152 2416 2224 ἔχει
2449 2152 2644 2215 κακίας
2671 2154 2699 2206 ὁ
2725 2152 3010 2224 ἄνθρωπος
3043 2150 3141 2221 τῆς
3168 2150 3480 2221 πραχθῆναι
3504 2150 3678 2204 δυνα-

2094 2245 2294 2316 μένης,
2333 2245 2429 2315 οὐχ
2464 2244 2548 2299 ἵνα
2587 2242 2768 2316 πράξῃ
2801 2243 3042 2315 ταύτην,
3071 2242 3185 2297 ἀλλ’
3217 2244 3304 2296 ἵνα
3341 2243 3415 2315 μὴ
3450 2243 3678 2314 πράξας

2090 2337 2310 2410 ἀριστος
2332 2338 2643 2410 ἁναδειχθῇ.
2670 2339 2734 2392 El
2761 2339 2871 2410 γὰρ
2907 2336 3067 2391 τοῦτο
3099 2337 3356 2409 πράττειν
3387 2337 3493 2407 τὴν
3516 2336 3681 2402 ἐξου-

2093 2432 2213 2484 σίαν
2245 2431 2345 2484 οὐκ
2369 2426 2503 2501 εἶχε,
2530 2430 2722 2499 φθόνον
2746 2430 2811 2484 ἂν
2838 2428 3013 2495 ἔδοξεν
3043 2429 3264 2499 ὑπέχειν
3286 2427 3379 2482 τοῦ
3399 2428 3675 2499 δημιουρ-

2091 2522 2187 2592 γοῦ
2214 2523 2349 2593 πρὸς
2389 2522 2641 2594 ἐμπόδιον
2674 2522 3095 2594 εὐδοκιμήσεως,
3125 2521 3381 2593 καὶπρὸς
3410 2520 3679 2593 στέρησιν

2092 2613 2550 2687 ἐλευθεριότητος,
2583 2614 2658 2677 ὼς
2692 2614 2793 2667 οὐκ
2819 2614 2957 2684 ἔχων
2992 2614 3075 2683 ἐφ’
3104 2611 3283 2682 ἐαυτῷ
3320 2611 3384 2665 τὸ
3410 2610 3678 2680 γενέσθαι

2091 2706 2323 2776 ἀγαθός·
2379 2706 2454 2769 ὠς
2502 2705 2565 2758 τὸ
2617 2704 2807 2759 δοκοῦν
2865 2707 3013 2777 μεῖον
3065 2703 3253 2775 κτῆμα
3299 2701 3677 2773 ἀληθέστατον

2089 2802 2374 2873 τυγχάνειν
2423 2801 2523 2872 τῆς
2559 2800 2773 2870 φύσεως
2817 2799 3214 2869 πλεονέκτημα.
3261 2797 3375 2851 Νῦν
3414 2798 3515 2869 μὲν
3554 2796 3679 2867 γὰρ

2089 2895 2288 2966 ἣκιστα
2301 2892 2438 2965 πρὸς
2456 2893 2575 2963 βίαν
2591 2895 2624 2965 ἡ
2640 2891 2806 2947 κακία
2821 2892 3031 2946 ἔπεισιν
3058 2890 3227 2961 αὐτῷ,
3251 2891 3325 2963 μὴ
3343 2892 3463 2944 κατ’
3478 2890 3680 2943 οὐσίαν

2091 2986 2431 3058 ὑπάρχουσα·
2455 2988 2501 3039 εί
2520 2985 2576 3039 δὲ
2595 2985 2669 3056 μὴ
2692 2980 2834 3056 εἶχεν
2851 2983 3096 3050 ἐξουσίαν
3113 2984 3302 3054 αὐτῆς,
3320 2984 3420 3037 οὐκ
3440 2982 3507 3036 ἂν
3522 2977 3687 3053 εἶχεν

422 3086 488 3126 ac
522 3071 852 3126 valentiores
875 3078 1081 3127 essent.
1107 3069 1264 3126 Nunc
1292 3078 1473 3127 autem
1501 3072 1743 3143 nequitia
1768 3073 1991 3129 minime

2104 3080 2176 3146 ἐφ’
2206 3077 2382 3148 ἐαυτῷ
2416 3078 2477 3131 τὸ
2508 3075 2729 3147 φεύγειν
2754 3077 2942 3148 αὐτήν·
2974 3074 3162 3146 φεύγει
3194 3074 3302 3146 γὰρ
3347 3074 3446 3144 οὐχ
3488 3073 3566 3135 ὡς
3615 3072 3683 3125 ὃν

424 3181 521 3236 per
540 3165 651 3221 vim
677 3163 844 3228 subit,
870 3178 995 3218 cum
1024 3178 1134 3218 non
1159 3162 1231 3220 sit
1262 3164 1561 3218 secundum
1591 3162 1988 3219 substantiam:

2096 3169 2158 3221 τὸ
2176 3168 2248 3240 μὴ
2264 3167 2342 3234 ὃν,
2361 3168 2474 3222 ἀλλ’
2490 3169 2567 3232 ὡς
2586 3169 2676 3221 ὑπ’
2688 3166 2853 3222 αὐτοῦ
2873 3166 3125 3236 γενέσθαι
3148 3166 3465 3236 δυνάμενον.

423 3267 479 3315 et
505 3257 551 3313 si
591 3257 754 3313 homo
781 3271 892 3312 non
921 3256 1144 3312 haberet
1171 3254 1291 3326 ejus
1330 3262 1678 3326 potestatem,
1704 3270 1814 3311 non
1843 3263 1990 3313 esset
2027 3273 2193 3328 penes
2231 3276 2354 3316 eum
2387 3260 2573 3332 fugere
2634 3275 2753 3316 eam
2817 3279 2831 3315 :
2886 3258 3023 3331 fugit
3073 3258 3215 3315 enim
3260 3272 3371 3312 non
3409 3264 3680 3328 tanquam

423 3345 655 3403 exsistat
698 3346 847 3418 quod
904 3361 1015 3401 non
1046 3346 1276 3412 exstitit,
1312 3346 1408 3404 sed
1445 3353 1705 3418 tanquam
1742 3347 1796 3402 id
1843 3348 1987 3415 quod
2027 3350 2095 3405 ab
2129 3351 2247 3423 ipso
2278 3351 2394 3408 ﬁeri
2419 3359 2617 3423 potest.

496 3464 781 3532 Quomodo
811 3473 993 3520 autem
1022 3464 1117 3534 qui
1147 3462 1261 3519 odit
1288 3464 1491 3520 malum
1512 3505 1528 3530 ,
1558 3465 1704 3536 quod
1735 3467 2001 3537 Optimum

425 3568 510 3617 est
529 3568 809 3630 comparet
850 3557 959 3613 nisi
986 3557 1119 3612 illud
1166 3557 1312 3628 quod
1344 3557 1523 3613 facere
1554 3567 1784 3628 poterat,
1812 3558 2001 3615 volens

408 3650 746 3721 recusaret?
799 3649 972 3706 virtus
1021 3650 1167 3706 enim
1222 3648 1279 3703 in
1328 3647 1642 3704 hominibus
1675 3664 1811 3719 pene
1866 3650 2002 3705 nihil

428 3744 575 3800 aliud
606 3752 691 3801 est
724 3759 887 3815 quam
927 3743 1201 3799 recusatio
1234 3757 1297 3797 ac
1347 3742 1640 3798 declinatio
1672 3742 1791 3797 vitii
1818 3760 1832 3797 :
1866 3752 1997 3798 temo

428 3845 650 3907 peratus
678 3836 825 3891 enim
854 3841 969 3899 est,
1012 3834 1105 3905 qui
1136 3849 1244 3889 nou
1272 3843 1356 3889 est
1384 3832 1790 3905 intemperans;
1817 3842 1873 3890 et
1909 3834 2000 3905 ju-

430 3933 571 3988 stus.
601 3926 695 3996 qui
745 3940 852 3980 non
892 3931 979 3981 est
1023 3924 1297 3994 injustus;
1347 3931 1401 3979 et
1458 3924 1709 3980 similiter
1751 3925 1811 3979 in
1853 3925 1996 3983 aliis.

433 4016 575 4074 Deus
606 4017 750 4073 enim
786 4017 963 4073 bonus
995 4025 1233 4079 est,non
1269 4016 1397 4087 quia
1420 4030 1527 4071 non
1557 4014 1687 4071 facit
1718 4016 1999 4086 injuriam,

430 4107 649 4164 tametsi
678 4108 888 4180 possit;
930 4106 1024 4163 sed
1058 4106 1185 4176 quia
1219 4106 1560 4162 solummodo
1585 4108 1858 4163 beneﬁcus
1880 4116 1996 4163 est:

430 4199 780 4266 quamobrem
830 4199 981 4254 solus
1029 4206 1113 4254 est
1148 4198 1344 4254 bonus.
1397 4197 1455 4254 In
1513 4199 1824 4256 hominibus
1871 4214 2001 4256 vero

430 4292 632 4347 bonum
682 4307 749 4348 ex
782 4289 909 4362 fuga
958 4292 1085 4345 mali
1121 4290 1357 4361 primum
1412 4290 1667 4358 exsistit;
1716 4292 1875 4361 cujus
1905 4306 2003 4362 po-

2176 3468 2301 3534 Πῶς
2334 3469 2379 3522 δ’
2405 3468 2470 3524 ἂν
2489 3469 2552 3523 τὸ
2576 3468 2871 3540 μισόκακον
2898 3468 3167 3538 ἐκτήσατο
3190 3458 3597 3524 κάλλιστονἝν,
3632 3465 3682 3515 εἰ

2109 3561 2205 3631 μὴ,
2228 3554 2339 3624 οἷός
2367 3577 2426 3613 τε
2463 3559 2539 3614 ὢν
2567 3558 2790 3614 τοιαῦτα
2832 3558 3111 3629 πράττειν,
3159 3556 3298 3611 ἑκὼν
3338 3558 3685 3629 amputato;

2103 3653 2271 3723 ἀρετὴ
2314 3651 2423 3725 γάρ
2465 3654 2522 3705 ἐν
2550 3651 2855 3723 ἀνθρώποις
2887 3649 3070 3720 σχεδὸν
3111 3649 3260 3703 οὐδὲν
3298 3649 3489 3721 ἕτερον
3514 3647 3549 3719 ἧ
3580 3664 3687 3700 κα·-

2105 3743 2228 3807 κίας
2258 3744 2588 3816 παραίτησις
2606 3760 2620 3774 ο
2657 3742 2888 3814 σώφρων
2914 3742 3023 3814 γὰρ
3050 3743 3079 3795 ὁ
3113 3742 3187 3813 μὴ
3216 3740 3549 3803 ἀκόλαστος·
3586 3740 3688 3793 καὶ

2102 3835 2309 3899 δίκαιος
2331 3838 2360 3890 ὁ
2390 3834 2466 3908 μὴ
2496 3836 2699 3901 ἄδικος,
2736 3836 2829 3890 καὶ
2872 3835 3041 3889 τᾶλλα
3085 3832 3501 3905 παραπλησίως.
3545 3832 3685 3894 Θεὸς

2108 3929 2206 3998 μὲν
2237 3927 2345 3999 γὰρ
2383 3926 2588 3996 ἀγαθὸς
2629 3927 2689 3981 οὐ
2730 3926 2809 3998 τῷ
2848 3926 2923 3999 μὴ
2961 3926 3188 3989 ἀδικεῖν,
3210 3926 3260 3977 εί
3306 3923 3398 3977 καὶ
3426 3922 3675 3983 δύναται,

2107 4019 2240 4073 ἀλλά
2263 4019 2342 4090 τῷ
2371 4020 2530 4090 μόνον
2556 4020 2863 4092 εὐεργετεῖν
2883 4035 2898 4049 ο
2937 4018 3017 4073 διὸ
3049 4018 3142 4071 καλ⁸
3173 4016 3329 4087 μόνος
3352 4014 3545 4083 ἀγαθός
3567 4030 3581 4044 °
3609 4014 3673 4065 ἐν

2106 4111 2413 4181 ἀνθρώποις
2434 4112 2491 4166 δὲ
2508 4112 2570 4165 τὸ
2594 4111 2796 4181 ἀγαθὸν
2822 4110 3040 4182 πρῶτον
3064 4112 3128 4181 τῇ
3152 4111 3296 4180 φυγῇ
3312 4105 3401 4161 τοῦ
3424 4105 3668 4176 χείρονος

2109 4205 2458 4259 συνίσταται·
2515 4198 2575 4259 οὐ
2623 4203 2720 4275 τὴν
2771 4201 3017 4267 ἐξουσίαν
3065 4203 3359 4269 ἀναγκαῖον
3404 4198 3671 4267 παρακεῖο

2110 4297 2256 4361 σθαι,
2288 4297 2353 4350 ἶν’
2382 4298 2477 4351 ἐπὶ
2498 4296 2575 4368 τῷ
2605 4296 2910 4368 βουλομένῳ
2938 4292 3189 4364 γενέσθαι
3217 4289 3405 4361 ἀγαθῷ
3427 4286 3679 4359 τυγχάνῃ

432 4390 682 4452 testatem
712 4397 936 4440 necesse
960 4390 1045 4439 est
1074 4398 1198 4439 esse
1217 4382 1267 4437 ei
1296 4382 1391 4453 qui
1420 4383 1535 4436 vult
1562 4397 1685 4438 esse
1712 4382 1914 4447 bonus,
1946 4391 1994 4437 ul

2111 4392 2172 4445 τὸ
2204 4390 2281 4463 μὴ
2312 4393 2483 4444 ποιεῖν
2510 4389 2666 4445 αὐτό·
2698 4388 2802 4442 κᾶν
2827 4386 3196 4460 γὰρὸτέλειος
3225 4380 3682 4455 προσαπαιτεῖται

432 4477 504 4533 sit
531 4490 696 4546 penes
727 4475 903 4545 ipsum
964 4490 1071 4530 non
1121 4475 1298 4531 facere
1327 4477 1552 4530 malum.
1608 4472 1723 4529 Etsi
1779 4474 1924 4530 enim
1973 4490 2003 4529 a

432 4567 673 4637 perfecto
705 4576 899 4639 praeter
950 4567 1133 4637 fugam
1195 4568 1601 4623 contrariorum
1649 4567 2007 4636 requiruntur

430 4662 594 4718 etiam
622 4663 899 4726 actiones,
947 4660 1071 4731 fuga
1105 4668 1287 4717 tamen
1316 4669 1370 4717 et
1399 4659 1693 4716 declinatio
1716 4658 2006 4714 deterioris

431 4755 611 4825 majus
631 4756 763 4826 quid
796 4763 881 4811 est
915 4754 981 4810 ad
1009 4754 1405 4826 probationem.
1455 4752 1594 4811 Hinc
1626 4752 1716 4817 ﬁt,
1761 4760 1821 4805 ut
1859 4750 2003 4821 apud

433 4849 682 4905 homines
710 4863 871 4904 nemo
891 4862 1096 4903 vacuus
1124 4862 1154 4901 a
1181 4854 1407 4917 peccato
1430 4843 1768 4915 reperiatur;
1801 4842 2004 4913 quippe

431 4959 558 4999 cum
591 4941 871 5014 probatior
897 4942 970 4997 sit
989 4941 1152 4995 homo
1181 4947 1405 5010 propter
1432 4936 1800 4993 diﬁicultatem
1832 4935 2004 4991 absti-

430 5036 598 5093 nendi
641 5051 670 5090 a
700 5043 928 5107 peccato
958 5055 973 5089 :
1005 5030 1447 5105 quandoquidem
1505 5030 1611 5085 hoc
1651 5028 2006 5100 potissimum

434 5131 596 5186 modo
624 5131 870 5201 signatur
888 5130 1095 5196 virtus;
1123 5127 1392 5183 actionem
1411 5132 1591 5181 autem
1618 5124 1818 5181 bonam
1841 5124 2007 5179 etiam

435 5221 576 5290 apud
605 5220 762 5277 valde
788 5222 963 5277 malos
986 5219 1313 5291 reperimus.

503 5313 696 5386 Liquet
724 5315 891 5387 igitur
919 5314 1244 5371 beneﬁcium
1286 5327 1410 5368 esse
1438 5310 1646 5367 homini
1681 5317 2004 5382 potestatem

439 5406 763 5476 suscipiendi
817 5415 1133 5478 peccatum;
1177 5421 1207 5460 a
1238 5421 1348 5477 quo
1387 5404 1606 5478 quidem
1636 5419 1697 5459 se
1728 5402 2010 5459 abstinens

2107 4483 2200 4536 ml
2227 4481 2456 4555 πράξεις
2499 4480 2718 4551 ἀγαθῶν
2758 4479 2894 4552 πρὸς
2927 4480 2995 4550 τῇ
3049 4478 3194 4547 φυγῇ
3243 4473 3352 4527 τῶν
3395 4471 3683 4532 ἐναντίων,

2106 4576 2241 4631 ἀλλά
2280 4574 2464 4646 μεῖζον
2506 4575 2585 4637 εἰς
2617 4572 2962 4643 εὐδοκίμησιν
3004 4571 3037 4639 ἡ
3080 4568 3226 4638 φυγὴ
3266 4564 3362 4618 τοῦ
3413 4563 3678 4635 χείρονος.

2107 4669 2263 4725 υῦτω
2290 4670 2388 4741 μὲν
2429 4667 2537 4741 γὰρ
2573 4667 2634 4721 τὸ
2690 4665 2788 4738 μὲν
2827 4665 3120 4719 ἄπταιστον
3174 4659 3327 4732 παρά
3368 4655 3681 4728 ἀνθρώποις

2106 4764 2357 4835 οὐδαμῶς
2411 4762 2562 4835 εὕροι
2610 4778 2693 4823 τις
2734 4757 2833 4823 ἂν,
2882 4758 2958 4821 ὡς
3003 4752 3432 4825 εὐδοκιμωτέρου
3475 4749 3681 4820 τυγχάο

2107 4873 2285 4919 νοντος
2306 4855 2394 4908 διὰ
2434 4854 2532 4926 τὴν
2561 4852 2876 4923 δυσχέρειαν
2902 4848 2996 4901 τοῦ
3028 4844 3320 4917 ἀπέχεσθαι
3346 4846 3448 4912 τῆς
3494 4843 3677 4910 ἀμαρ-

2107 4949 2262 5011 τίας’
2306 4947 2493 5019 ἐπειδὴ
2531 4945 2719 4999 τοῦτον
2754 4944 2983 5015 μάλιστα
3013 4939 3104 4994 τὸν
3153 4937 3350 5009 τρόπον
3400 4949 3680 5005 χαρακτη-

2113 5039 2319 5110 ρίζεται
2346 5042 2379 5111 ἡ
2403 5040 2600 5110 ἀρετή·
2633 5036 2832 5110 πρᾶξιν
2863 5035 2919 5089 δὲ
2961 5031 3204 5106 χρηστὴν
3235 5029 3331 5083 καὶ
3370 5024 3526 5097 παρὰ
3567 5025 3683 5083 τοῖς

2108 5131 2228 5185 λίαν
2263 5133 2517 5202 πονηροῖς
2542 5129 2888 5200 εὑρίσκομεν.

2178 5309 2347 5380 Δῆλον
2379 5309 2574 5373 τοίνυν,
2602 5309 2678 5372 ὼς
2721 5307 3004 5379 ἄνθρωπος
3042 5299 3407 5375 εὐεργετεῖται
3431 5299 3501 5367 τῇ
3532 5293 3682 5361 ἐξου-

2113 5401 2202 5471 σία
2246 5398 2340 5452 τοῦ
2396 5397 2768 5468 πλημμελεῖν
2817 5391 2878 5451 οὗ
2910 5413 2972 5464 γε
3027 5393 3403 5465 ἀπεχόμενος»
3444 5386 3540 5440 καὶ
3590 5383 3681 5451 οὐκ

505 5561 615 5633 (26)
655 5565 993 5633 ιζοιότητες.
1041 5562 1340 5627 Qualitates
1386 5559 1647 5617 bonitatis
1690 5557 1901 5616 scilicet
1962 5563 2007 5614 et
2044 5557 2321 5629 nequitiae,
2359 5556 2471 5613 sive
2503 5553 2721 5611 virtutis
2763 5562 2815 5610 et
2847 5552 2983 5618 vitii,
3018 5561 3077 5608 ut
3106 5552 3319 5609 dicatur
3356 5550 3539 5605 bonus
3599 5546 3684 5602 vel

435 5631 630 5689 malus.
675 5631 847 5686 Tun.
