4008 6208
335 274 465 328 “ﬂ

1415 276 1782 333 ADVERSL'S
1825 274 2245 332 MANICHEOS
2284 274 2412 330 LIB.
2450 273 2514 332 ll.

3432 270 3562 324 illi

332 391 558 465 ἑτέρως,
592 392 883 464 εὐδοκιμεῖ.
913 391 1339 467 Ἐλευθεριότητι
1365 396 1651 467 τοιγαροῦν
1684 395 1898 466 τετίμη-

2008 402 2276 465 spectatur
2299 402 2353 449 et
2384 391 2663 463 probatur,
2694 396 2747 443 et
2785 404 2889 443 non
2935 389 3109 442 aiiter.
3163 386 3353 440 Libera
3401 386 3565 456 igitur

332 502 424 540 ται
451 483 766 556 ἅνθρωπος,
798 484 998 555 ἀρετῆς
1040 503 1101 538 τε
1145 485 1239 539 καὶ
1267 485 1463 550 κακίας
1496 486 1696 539 τούτων
1740 484 1899 553 φύσει

330 576 431 647 τὴν
466 574 667 645 γνῶσιν
714 575 873 647 ἔχων,
926 577 1237 648 δυναμένων
1290 576 1616 649 πραχθῆναι,
1666 577 1794 648 πρὶν
1844 573 1900 628 δὲ

336 664 644 738 πραχθῆναι
678 668 753 738 μὴ
798 667 995 720 ὄντων’
1043 668 1145 722 ποῦ
1179 668 1286 740 γάρ
1330 668 1394 723 ἂν
1425 668 1509 739 εἴη
1546 668 1607 720 τὸ
1660 664 1900 738 πραττό-

340 772 518 826 μενον,
540 755 633 809 τοῦ
664 757 991 826 πράττοντος
1014 760 1086 829 μὴ
1110 759 1440 832 ὑπάρχοντος
1463 774 1477 823 ;
1501 757 1659 810 Ὥστε
1693 755 1902 825 γίνεται
1931 761 1943 779 ¹

335 846 430 900 καὶ
459 845 772 915 ἀπογίνεται
804 850 972 903 κακία
1006 850 1387 921 πραττομένη,
1436 850 1530 904 καὶ
1566 850 1660 921 μή.
1693 849 1898 902 Αὐτίκα

334 938 429 993 καὶ
461 938 620 1003 Θεὸς,
653 939 856 1009 ἀγαθὸς
888 938 962 993 ὣν
981 983 995 1006 ,
1038 942 1132 994 καὶ
1175 941 1331 1011 μόνον
1373 941 1677 1013 εὐεργετεῖν
1709 938 1899 1003 εἰδὼς,

334 1029 504 1084 κακὸν
567 1030 663 1100 μὲν
708 1031 859 1083 οὐδὲν
912 1031 1043 1103 69$-
1097 1031 1219 1085 οὔτε
1268 1032 1324 1085 δὲ
1393 1032 1584 1101 ἀγνοίᾳ
1638 1031 1901 1101 ἀπέχεται

335 1118 550 1182 κακίας,
581 1117 703 1172 οὔτε
748 1118 1016 1191 ἀδυναμία
1043 1122 1272 1192 πάμπαν
1306 1122 1634 1193 κεχώρισται
1676 1121 1899 1192 ταύτης.

336 1208 463 1272 Πῶς
512 1208 620 1280 γάρ
664 1210 846 1279 ἀγνοεῖ
888 1213 917 1265 ό
959 1211 1222 1268 διδάσκων
1273 1212 1345 1285 μὴ
1390 1214 1650 1285 πράττειν
1697 1213 1901 1284 αύτὴν;

334 1297 460 1362 Πῶς
485 1297 542 1352 δὲ
571 1297 788 1368 εὔλογον
819 1300 886 1353 δι’
944 1301 1243 1373 ἀδυναμίαν
1295 1301 1426 1356 Θεὸν
1459 1301 1759 1373 ἀπέχεσθαι
1803 1318 1900 1353 κα-

332 1389 459 1453 κίας
493 1390 773 1461 ἡγεῖσθαι,
806 1393 868 1445 ού
904 1392 1010 1465 γὰρ
1043 1393 1312 1466 ἀδυναμίᾳ
1350 1393 1443 1448 τοῦ
1482 1394 1735 1465 ἀδικῆσαι
1769 1392 1903 1461 ἀγα-

332 1476 492 1544 θὸς-ό
542 1482 777 1550 ἀγαθὸς,
822 1483 957 1539 ἀλλά
989 1484 1170 1557 τελεία
1217 1484 1311 1539 τοῦ
1364 1485 1439 1558 μὴ
1494 1485 1776 1557 βούλεσθαι
1806 1484 1900 1538 δυο

333 1570 516 1643 νάμει.

2000 493 2268 557 potestate
2305 482 2521 538 virtutis
2558 489 2613 537 et
2643 480 2760 534 vitii
2784 480 3085 535 honoratus
3113 484 3196 532 est
3220 477 3382 531 homo
3408 514 3424 538 ,
3468 476 3565 530 ha-

1998 579 2133 633 bens
2168 584 2361 632 natura
2396 574 2591 629 borum
2621 570 3009 642 cognitionem,
3044 583 3165 639 qua:
3206 567 3260 622 in
3294 567 3566 622 actionem

2001 670 2187 724 venire
2213 671 2461 738 possunt,
2493 670 2547 717 et
2596 663 2747 732 prius
2790 675 2951 732 quam
2985 658 3224 721 veniant,
3252 672 3359 711 non
3400 661 3563 737 sunt:

2004 756 2094 811 ubi
2115 756 2259 810 enim
2294 753 2398 807 erit
2426 750 2569 821 quod
2605 750 2823 820 agitur,
2872 749 2917 803 si
2966 762 3074 801 non
3123 752 3206 802 est
3261 745 3352 814 qui
3407 743 3571 815 agat?

2007 848 2187 915 Quare
2215 845 2368 901 adest
2398 843 2659 913 nequitia,
2693 857 2814 896 cum
2870 847 2953 895 est
2990 839 3131 893 actio
3178 837 3329 906 ejus;
3370 835 3524 889 abest
3552 874 3567 895 .

2006 955 2129 994 cum
2157 953 2267 992 non
2292 943 2393 992 est.
2423 935 2696 990 Continuo
2742 932 2905 988 etiam
2940 930 3082 984 Deus
3108 929 3284 983 bonus
3310 942 3433 981 cum
3462 926 3568 990 sit,

2007 1037 2061 1085 et
2091 1027 2433 1085 solummodo
2462 1026 2759 1089 beneficus,
2782 1022 2915 1077 nihil
2947 1021 3071 1075 mali
3103 1019 3251 1081 facit,
3281 1032 3457 1088 neque
3474 1030 3570 1086 per

2010 1118 2371 1189 ignorantiam
2401 1115 2633 1171 abstinet
2659 1129 2687 1166 a
2722 1112 2998 1183 nequitia,
3035 1124 3208 1180 neque
3253 1107 3380 1177 quia
3420 1106 3571 1161 deest

2008 1216 2271 1279 potestas,
2305 1207 2527 1261 omnino
2543 1206 2610 1260 ab
2625 1220 2687 1259 ea
2706 1204 2781 1273 sej
2791 1210 2985 1258 unctus
3002 1208 3103 1256 est.
3120 1198 3399 1267 Quomodo
3426 1197 3568 1252 enim

2006 1301 2217 1371 ignoret
2245 1298 2562 1369 nequitiam,
2599 1311 2759 1366 quam
2796 1294 2981 1355 docet,
3036 1307 3143 1346 non
3172 1289 3427 1344 adhibere
3451 1302 3569 1342 eam

2008 1391 2074 1445 ad
2129 1389 2444 1445 actionem?
2499 1386 2783 1453 Quomodo
2846 1399 3038 1439 rursus
3090 1380 3287 1437 rationi
3338 1395 3572 1435 consen-

2006 1487 2230 1535 taneum
2258 1485 2342 1535 est
2375 1477 2710 1537 existimare,
2740 1475 2867 1545 quia
2894 1473 3036 1527 desit
3070 1470 3327 1543 potentia,
3369 1469 3510 1524 Deus
3542 1484 3569 1520 a

2006 1571 2247 1642 nequitia
2279 1568 2587 1625 abstineat?
2621 1582 2729 1622 non
2757 1565 2900 1621 enim
2928 1564 3017 1619 ille
3047 1563 3138 1634 qui
3173 1570 3255 1617 est
3292 1562 3441 1617 solus
3475 1559 3572 1613 ho-

335 1677 461 1726 nus,
485 1663 615 1734 quia
641 1679 749 1720 non
776 1673 957 1737 potest
991 1666 1230 1739 injustus
1257 1683 1400 1734 esse,
1435 1670 1613 1724 bonus
1647 1674 1770 1734 est;
1811 1664 1905 1722 sed
1944 1663 2071 1735 quia
2127 1661 2422 1735 perfectam
2453 1666 2776 1731 potestatem
2815 1657 2976 1712 habet
3008 1670 3115 1711 non
3168 1652 3381 1709 volendi
3431 1650 3569 1719 inju-

333 1756 561 1812 stitiam.

473 1864 603 1921 CAP;
642 1865 710 1925 γ.
751 1867 890 1924 Deus
912 1887 1012 1925 non
1036 1882 1202 1941 potest
1234 1874 1406 1943 facere
1432 1876 1706 1945 injustam.
1742 1871 1970 1927 Mutatio
1993 1863 2220 1920 hominis
2247 1859 2314 1915 ad
2346 1859 2550 1915 vitiant.
2587 1857 2938 1927 Impossibilis
2966 1856 3230 1910 conversio
3262 1854 3417 1909 unde.

404 1984 470 2038 Εί
513 1984 570 2039 δὲ
610 1986 896 2059 λέγοιμεν,
935 1988 1009 2056 ὼς
1066 1991 1126 2044 ού
1174 1992 1394 2047 δύναται
1448 1995 1578 2058 Θεὸς
1622 1994 1804 2049 ἄδικόν
1853 2009 1905 2045 τι

2078 1981 2134 2037 Si
2170 1989 2348 2035 autem
2379 1977 2648 2042 dicamus,
2674 1992 2782 2032 non
2822 1989 2984 2046 posse
3013 1971 3182 2027 Deum
3233 1970 3436 2052 aliquid
3490 1971 3575 2026 in-

337 2079 594 2149 ποιῆσαι,
632 2079 811 2144 καλῶς
836 2082 899 2154 δή
948 2099 1156 2155 φαμεν·
1202 2086 1263 2139 τὸ
1305 2086 1485 2157 μέντοι
1531 2087 1606 2159 μὴ
1649 2086 1904 2140 δύνασθαι

335 2169 399 2222 ού
448 2168 583 2240 πρὸς
625 2170 905 2227 ἀσθένειαν
950 2174 1218 2248 ἕλκομεν,
1272 2178 1406 2233 ἀλλά
1453 2180 1588 2251 πρὸς
1630 2179 1906 2251 ἀκρότητα

334 2258 430 2314 τοῦ
468 2260 543 2334 μὴ
571 2260 872 2331 βούλεσθαι,
914 2266 1008 2327 καὶ.
1037 2268 1173 2338 πρὸς
1202 2269 1262 2323 τὸ
1284 2271 1655 2341 ἀμετάστατον
1681 2270 1781 2341 τῆς
1808 2269 1903 2323 τοῦ

338 2349 579 2421 χείρονος
613 2354 1022 2425 παραιτήσεως·
1054 2357 1319 2428 ἄτρεπτος
1353 2358 1460 2431 γὰρ
1489 2358 1564 2413 ὢν
1596 2358 1691 2430 τὴν
1722 2357 1903 2428 φύσιν,

336 2444 605 2515 ἄτρεπτον
653 2443 764 2515 ἔχει
808 2445 868 2499 τὸ
916 2446 990 2518 μὴ
1033 2447 1315 2518 βούλεσθαί
1357 2467 1410 2503 τι
1467 2450 1633 2504 κακὸν
1674 2450 1899 2521 δράσειν

337 2534 478 2589 ὥστε
510 2536 731 2590 δύναται
776 2538 907 2608 μὲν,
940 2540 1001 2592 οὐ
1036 2540 1139 2612 δρᾷ
1189 2540 1246 2594 δὲ
1290 2540 1545 2613 ἀτρέπτῳ
1569 2545 1633 2612 τῇ
1683 2540 1774 2595 τοῦ
1829 2541 1903 2614 μὴ

341 2624 622 2696 βούλεσθαι
652 2627 828 2699 φύσει.
861 2631 971 2683 Καὶ
1000 2629 1170 2695 οὕτως
1186 2630 1593 2687 ούκέστικακία
1609 2633 1758 2704 παρὰ
1786 2633 1905 2705 Θεῷ

336 2714 400 2769 οὗ
433 2715 592 2785 μόνον
619 2716 695 2787 τῷ
736 2717 810 2789 μὴ
856 2719 1171 2787 ὑφεστάναι,
1213 2719 1348 2774 ἀλλά
1379 2722 1511 2794 μηδὲ
1548 2722 1625 2793 τῷ
1670 2725 1903 2794 πράττε-

340 2806 483 2861 σθαι.
529 2808 745 2881 Ἐπειδὴ
774 2809 832 2863 δέ
866 2828 980 2874 πως
1002 2799 1306 2884 ἀνθρώπόις
1335 2813 1434 2867 οὐκ
1470 2813 1615 2869 ἐστιν
1642 2815 1904 2887 ἄτρεπτος

346 2898 375 2969 θ
402 2900 734 2972 παραίτησις
769 2902 960 2972 αὐτῆς,
993 2902 1094 2958 κᾶν
1124 2921 1210 2968 τις
1250 2904 1574 2977 ἀναϐεϐήκει
1603 2907 1750 2978 ⁵πρὸς
1780 2908 1906 2978 ἀρε-

337 2990 464 3061 τὴν,
493 2992 836 3064 πραττομένη
882 2993 1040 3065 μόνον
1070 2991 1210 3049 εἶναι
1262 2995 1425 3060 δοκεῖ,
1460 2992 1580 3068 οὐχὶ
1620 2997 1677 3050 δέ
1705 2998 1799 3051 καὶ
1830 2998 1904 3069 μὴ

341 3081 687 3154 πραττομένη
711 3086 1071 3158 προῦπάρχει.
1099 3086 1253 3141 Οὕτω
1280 3088 1378 3159 μὲν
1403 3088 1467 3159 δὴ
1497 3089 1589 3142 τὸν
1620 3088 1904 3161 ἄνθρωπον

339 3172 634 3244 τετίμηκεν
684 3175 715 3227 ὁ
759 3174 917 3239 Θεὸς,
953 3178 1073 3230 κατ’
1110 3176 1293 3231 εἰκόνα
1337 3176 1530 3231 ἑαυτοῦ
1571 3177 1904 3251 δημιουργή-

341 3279 535 3325 σαντος
547 3264 708 3318 αὐτόν
727 3282 740 3296 ·
769 3266 834 3319 ἵν’
866 3266 1054 3340 ὥσπερ
1087 3269 1247 3331 αὐτὸς
1267 3267 1664 3340 ἐλευθεριότητι
1694 3272 1906 3340 φύσεως

340 3350 564 3419 ἀγαθὸς,
597 3350 738 3407 οὕτω
768 3354 831 3424 δὴ
872 3357 964 3409 καὶ
985 3327 1324 3429 όιᾶνθρωπος
1352 3327 1743 3430 ἐλευθεριότητι
1777 3327 1910 3431 “apo-
1934 3327 1977 3384 ε

342 3439 546 3507 θέσεως
570 3442 815 3519 ζηλωτὴς
846 3446 1062 3519 ὑπάρχῃ
1087 3447 1242 3517 Θεοῦ,
1268 3450 1369 3503 ούκ
1400 3449 1668 3524 ἀδυναμίᾳ
1696 3452 1908 3522 φύσεως

342 3531 437 3586 τοῦ
485 3534 817 3607 ἁμαρτάνειν
864 3538 1228 3611 ἀπεχόμενος,
1276 3540 1666 3616 ἐλευθεριότητι
1708 3544 1763 3599 δὲ
1811 3543 1911 3617 τὴν

344 3627 547 3701 ἀρετὴν
576 3628 773 3701 τιμῶν.

417 3804 602 3861 Ταῦτα
642 3808 697 3862 δέ
745 3809 995 3881 σημαίνει
1029 3811 1128 3882 μὲν
1158 3812 1462 3884 αὐτάρκως,
1497 3814 1591 3869 καὶ
1620 3813 1681 3867 τὸ
1712 3815 1912 3880 πολλὰς

351 3894 610 3960 πολλάκις
648 3898 706 3950 ἐν
752 3898 1059 3972 ἀνθρώποις
1107 3902 1458 3974 εὑρίσκεσθαι
1519 3906 1655 3978 πρὸς
1711 3908 1912 3980 ἀρετὴν

348 3986 446 4041 καὶ
500 3987 697 4044 κακίαν
750 3991 1080 4059 μεταϐολὰς,
1131 3988 1212 4060 οἷς
1263 3995 1330 4049 ἂν
1379 3997 1669 4070 μηδέτερον
1709 3998 1914 4067 τούτων

346 4076 561 4145 παγίως
613 4080 890 4154 ἐνυπάρχῃ
939 4084 1134 4155 χρονίῳ
1184 4084 1472 4158 συνηθείᾳο
1524 4087 1624 4140 ὅσα
1665 4089 1762 4159 μὲν
1806 4089 1914 4160 γὰρ

340 4165 560 4235 φύσεως
588 4167 799 4243 ἀνάγκῃ
832 4171 1067 4243 δρῶμεν,
1101 4175 1302 4229 τούτων
1336 4176 1635 4249 μεταϐολὴν
1666 4180 1766 4233 ούκ
1796 4182 1916 4233 ἐπι·

346 4256 634 4327 δεχόμεθαο
670 4260 768 4313 ὅσα
813 4261 870 4315 δὲ
911 4262 1053 4335 λόγῳ
1082 4266 1385 4336 προθέσεως
1432 4268 1715 4340 ποιοῦμεν,
1743 4271 1914 4327 ταῦτα

345 4342 535 4400 ἄλλοτε
577 4347 749 4414 ἄλλως
784 4353 841 4404 ἐν
884 4354 1016 4424 ἡμῖν
1065 4353 1176 4425 ἔχει
1231 4356 1366 4429 πρὸς
1415 4358 1514 4424 τάς
1561 4361 1915 4433 ἐγγινομένας

347 4441 414 4509 τῇ
440 4439 691 4511 προθέσει
724 4443 912 4512 ῥοπάς.
941 4445 1013 4499 Ού
1037 4447 1216 4500 τοίνυν
1250 4450 1476 4517 φυσικὸν
1499 4453 1593 4505 καὶ
1619 4453 1914 4522 ἀναγκαῖον

342 4528 650 4595 ἀνθρώποις
690 4532 752 4585 τὸ
796 4534 1085 4604 ἁμαρτεῖν,
1119 4536 1254 4591 ἀλλά
1295 4542 1674 4611 προαιρετικὸν
1724 4543 1784 4596 τὸ
1816 4560 1915 4597 κα-

344 4624 660 4695 κοπραγεῖν.
692 4624 951 4696 Σημαίνει
988 4627 1044 4681 δὲ
1094 4630 1189 4684 καὶ
1227 4633 1256 4685 ό
1287 4631 1444 4696 πόνος
1483 4635 1580 4704 τῆς
1617 4637 1818 4706 ἀρετῆς
1848 4637 1911 4689 τὸ

344 4716 725 4787 προαιρετικὸν
779 4718 886 4771 τῶν
942 4723 1293 4793 κεκτημένων
1347 4725 1517 4796 αὐτήν
1543 4742 1556 4756 ·
1610 4721 1691 4790 οἷς
1747 4728 1800 4781 εἴ
1858 4745 1912 4781 τι

343 4807 441 4860 καὶ
521 4808 717 4880 μικρὸν
784 4810 1042 4881 ἀμελείας
1103 4814 1402 4883 ἐγγίνοιτο,
1486 4817 1778 4873 κινδυνεύει
1852 4821 1911 4873 τὸ

345 4913 446 4968 κτη
454 4913 549 4967 μα.

414 5076 477 5129 Et
511 5076 567 5130 δέ
600 5095 684 5142 τις
714 5079 855 5134 κατά
875 5080 970 5133 τοῦ
1002 5080 1161 5150 λόγου
1193 5082 1431 5155 παράγοι
1462 5083 1553 5136 τὸν
1586 5083 1907 5156 βουλόμενον

349 5163 448 5233 μὲν
477 5163 621 5219 ἔστιν
659 5167 746 5220 ὅτε
794 5167 1012 5236 φαύλων
1050 5170 1370 5242 ἀπέχεσθαι,
1408 5171 1683 5241 φάσκοντά
1708 5189 1771 5240 γε
1805 5173 1912 5243 μὴν

345 5255 618 5322 ἀδυνάτως
639 5259 784 5331 ἔχειν
802 5279 814 5291 ·
850 5260 1183 5332 μανθανέτω,
1213 5264 1287 5327 ὡς
1311 5265 1521 5336 χρόνιον
1552 5266 1649 5334 μὲν
1681 5267 1774 5318 καὶ
1800 5265 1912 5335 (27)

346 5348 490 5403 κατὰ
518 5351 675 5423 σῶμα
696 5352 866 5419 πάθος
886 5355 946 5408 ού
980 5356 1175 5427 ῥαδίως
1201 5357 1604 5428 μετακινεῖσθαι
1636 5358 1873 5426 πέφυκεν
1894 5375 1907 5388 °

346 5439 492 5496 οὕτω
519 5442 582 5515 δὴ
616 5444 708 5498 καὶ
751 5448 850 5518 τῆς
879 5447 1057 5519 ψυχῆς
1090 5446 1200 5514 ἕξις
1230 5450 1330 5503 ούκ
1358 5449 1558 5521 ἀγαθὴ,
1588 5451 1761 5522 χρόνῳ
1804 5469 1910 5504 1:1-

348 5538 528 5604 γεῖσα,
566 5539 666 5591 οὐκ
706 5539 924 5594 εὔκολον
962 5542 1073 5612 ἔχει
1115 5543 1223 5596 τῶν
1268 5546 1324 5597 ἐν
1358 5543 1524 5614 πολλῇ
1554 5561 1616 5613 γε
1658 5544 1912 5615 συνηθείᾳ

2004 2072 2211 2143 justum
2260 2065 2439 2123 facere
2465 2108 2480 2132 ,
2524 2076 2670 2123 recte
2723 2064 2941 2137 quidem
2972 2062 3238 2128 dicimus;
3288 2068 3529 2117 attamen
3556 2102 3570 2123 .

2006 2178 2115 2218 non
2143 2177 2323 2232 posse,
2359 2175 2468 2215 non
2498 2158 2563 2212 ad
2614 2155 2984 2212 infirmitatem
3040 2153 3351 2216 referimus,
3382 2151 3475 2208 sed
3506 2152 3571 2207 ad

2008 2266 2273 2307 summam
2310 2248 2695 2321 perfectionem
2740 2262 2849 2301 non
2878 2244 3091 2301 volendi
3123 2243 3266 2315 quod
3304 2243 3569 2313 injustutu

2005 2351 2110 2405 est,
2133 2349 2188 2396 et
2241 2340 2310 2395 ad
2358 2338 2751 2394 immutabilem
2786 2335 3204 2391 declinationem
3236 2334 3526 2390 deterioris
3558 2353 3573 2388 :

2004 2447 2128 2487 cum
2156 2431 2301 2485 enim
2336 2430 2408 2485 sit
2434 2427 2733 2485 secundum
2767 2436 3017 2482 naturam
3060 2425 3439 2494 immutabilis,
3468 2425 3571 2479 im-

2005 2522 2265 2577 mutabile
2297 2528 2381 2577 est
2408 2521 2458 2576 ei
2483 2519 2625 2575 nolle
2654 2517 2950 2589 quidquam
2987 2516 3113 2570 mali
3139 2515 3333 2571 facere.
3370 2515 3573 2582 Quam—

2005 2614 2194 2670 obrem
2229 2619 2407 2683 potest
2439 2611 2681 2681 quidem,
2712 2610 2805 2664 sed
2842 2624 2951 2662 non
2989 2606 3117 2662 facit
3140 2614 3334 2662 natura
3372 2608 3571 2662 immu-

2007 2704 2158 2758 tabili
2189 2720 2299 2759 non
2321 2701 2539 2757 volendi
2573 2700 2775 2753 malum
2801 2718 2813 2753 :
2840 2705 3002 2768 atque
3036 2697 3107 2751 ita
3140 2713 3249 2752 non
3276 2706 3361 2752 est
3390 2700 3577 2767 nequi-

2008 2794 2081 2848 tia
2109 2792 2250 2863 apud
2276 2791 2466 2856 Deum,
2491 2806 2600 2845 non
2631 2789 2805 2845 solum
2841 2789 2966 2858 quia
3002 2802 3110 2842 non
3133 2789 3346 2844 exsistit
3369 2804 3463 2858 per
3491 2803 3571 2851 se,

2007 2884 2099 2939 sed
2130 2883 2254 2954 quia
2287 2896 2387 2938 nec
2412 2888 2495 2937 est
2538 2880 2596 2935 in
2645 2878 2876 2933 actione.
2912 2875 3052 2943 Quia
3099 2891 3226 2932 vero
3264 2874 3575 2933 hominibus

2007 2974 2408 3047 quodammodo
2437 2988 2543 3027 non
2568 2978 2652 3027 est
2690 2966 3046 3024 immutabilis
3078 2967 3352 3022 recusatio
3382 2967 3576 3037 nequi-

2006 3070 2135 3133 tize,‘
2161 3068 2265 3123 etsi
2297 3065 2422 3136 quis
2453 3063 2520 3119 ad
2548 3063 2800 3119 virtutem
2836 3059 3110 3127 ascendit;
3144 3060 3319 3116 solum
3361 3057 3572 3113 videtur

2006 3174 2128 3216 esse
2164 3156 2427 3228 nequitia,
2464 3155 2591 3209 dum
2624 3162 2708 3210 est
2747 3154 2802 3207 in
2831 3152 3086 3218 actione;
3127 3168 3236 3207 non
3275 3158 3455 3207 autem
3488 3159 3570 3205 est

2007 3258 2133 3305 ante
2150 3245 2537 3304 actionem.Sic
2555 3247 2824 3301 hominem
2847 3244 2987 3301 Deus
3005 3244 3289 3299 honoravit
3305 3242 3577 3298 fabricatis

2009 3357 2133 3397 eum
2159 3340 2226 3397 ad
2250 3338 2538 3409 imaginem
2570 3352 2723 3393 suam
2753 3355 2765 3391 :
2799 3343 2858 3390 ut
2887 3335 3028 3390 sicut
3061 3334 3177 3405 ipse
3203 3334 3453 3390 libertate
3478 3349 3585 3388 naut

2011 3442 2147 3491 turre
2183 3433 2359 3491 bonus
2389 3438 2494 3494 est,
2524 3429 2603 3485 sic
2625 3431 2785 3482 homo
2818 3426 3064 3481 libertate
3093 3425 3357 3496 propositi
3392 3424 3583 3479 imita-

2011 3536 2099 3584 tor
2128 3525 2223 3581 Dei
2251 3531 2430 3588 esset;
2465 3538 2573 3578 non
2604 3522 2886 3578 abstinens
2932 3533 2960 3572 a
3002 3525 3245 3589 peccato,
3283 3516 3410 3587 quia
3438 3515 3579 3572 desit

2015 3626 2221 3674 natura
2250 3616 2353 3687 ipsi
2386 3620 2648 3687 potestas,
2674 3612 2767 3669 sed
2820 3611 3072 3668 libertate
3103 3609 3368 3682 propositi
3400 3608 3575 3669 virtu-

2013 3722 2118 3770 tem
2160 3711 2459 3766 honorans.

2082 3802 2207 3858 llaec
2238 3811 2415 3856 autem
2451 3798 2585 3855 satis
2619 3795 2940 3867 abundeque
2972 3793 3253 3850 declarant
3282 3797 3363 3847 tot
3396 3799 3575 3845 muta-

2013 3893 2190 3948 tiones
2223 3891 2293 3948 ad
2323 3891 2578 3945 virtutem
2616 3895 2673 3944 et
2720 3887 2945 3950 Vitium,
2991 3900 3113 3956 quae
3158 3886 3211 3938 in
3262 3880 3574 3937 hominibus

2015 3997 2385 4055 saepenumero
2419 3982 2789 4052 reperiuntur,
2835 3979 2891 4033 in
2936 3977 3138 4048 quibus
3181 3982 3432 4030 neutrum
3478 3974 3575 4027 ho—

2013 4091 2135 4131 rum
2170 4075 2426 4130 diuturna
2458 4071 2854 4127 consuetudine
2892 4070 2995 4124 fixe
3030 4067 3191 4123 inest.
3227 4064 3576 4135 Quaecunque

2014 4168 2161 4223 enim
2236 4167 2561 4221 necessitate
2602 4171 2810 4218 naturze
2850 4159 3116 4224 facimus,
3162 4159 3353 4213 horum
3401 4170 3577 4212 muta-

2016 4262 2218 4317 tionem
2254 4276 2362 4315 non
2397 4258 2745 4329 recipimus,
2798 4266 3138 4325 quaecunque
3189 4267 3319 4307 vero
3369 4252 3578 4306 ratione

2017 4352 2283 4425 propositi
2311 4361 2364 4407 et
2390 4349 2802 4406 deliberationis
2839 4347 3105 4409 facimus,
3144 4343 3258 4399 haec
3321 4342 3376 4397 in
3419 4342 3580 4399 nobis

2017 4444 2321 4509 variantur,
2352 4450 2407 4498 et
2434 4442 2571 4496 alias
2618 4441 2774 4495 aliter
2820 4439 3020 4493 habent
3070 4434 3138 4489 ad
3186 4434 3576 4507 propensiones

2016 4551 2138 4607 qua:
2165 4537 2226 4590 in
2264 4533 2543 4606 proposito
2574 4532 2728 4587 fiunt.
2766 4529 2884 4585 Non
2919 4529 3086 4599 igitur
3123 4543 3384 4596 peccare,
3422 4533 3580 4581 natu-

2019 4628 2131 4683 rale
2158 4633 2242 4682 est
2273 4634 2328 4682 et
2388 4623 2759 4681 necessarium
2805 4620 3153 4684 hominibus,
3199 4618 3293 4673 sed
3334 4618 3582 4673 volunta—

2016 4719 2157 4774 rium
2190 4727 2275 4775 est
2308 4718 2655 4774 maleficium.
2692 4714 2939 4770 Declarat
2968 4720 3146 4769 autem
3180 4711 3333 4765 labor
3362 4711 3582 4765 virtutis

2016 4811 2380 4866 voluntarium
2409 4825 2596 4865 eorum
2626 4809 2717 4879 qui
2743 4822 2862 4863 eam
2897 4803 3304 4875 arquisiveruut
3330 4820 3346 4870 ;
3382 4802 3435 4857 in
3460 4802 3581 4873 qui.

2016 4904 2121 4960 bus
2154 4904 2201 4960 si
2237 4904 2456 4975 paulum
2498 4902 2839 4973 negligentiae
2890 4899 3056 4965 insit,
3085 4896 3424 4968 periclitatur
3457 4913 3581 4968 pos-

2018 4996 2195 5053 sessio
2224 4994 2443 5051 virtutis
2472 5003 2651 5066 parta.

2089 5085 2146 5141 Si
2175 5088 2300 5158 quis
2334 5101 2463 5141 vero
2512 5085 2774 5141 adversus
2819 5083 2922 5137 hoc
2969 5081 3237 5152 producat
3272 5094 3431 5145 eum,
3486 5083 3579 5151 qui

2014 5179 2130 5233 vult
2162 5177 2382 5247 quidem
2423 5176 2750 5247 quandoque
2789 5174 3064 5230 abstinere
3110 5188 3141 5228 a
3186 5174 3401 5245 pravis,
3448 5174 3583 5229 dicit

2017 5277 2198 5323 tamen
2252 5285 2310 5324 se
2351 5284 2458 5322 non
2504 5283 2708 5338 posse;
2765 5264 3010 5323 advertat
3053 5265 3205 5337 ipse,
3248 5264 3395 5336 quod
3436 5247 3580 5322 sicut

2015 5361 2242 5417 morbus
2272 5362 2522 5430 corporis
2552 5361 2843 5416 diuturnus
2874 5376 2984 5414 non
3015 5358 3175 5414 facile
3205 5366 3465 5425 mutatur,
3498 5359 3578 5412 sic

1962 5480 1971 5491 ι
2014 5453 2209 5508 animae
2237 5453 2482 5508 habitum
2514 5469 2624 5507 non
2655 5454 2854 5508 bonum
2885 5459 3125 5521 tempore
3158 5447 3321 5504 ﬁxum
3358 5467 3463 5505 non
3494 5457 3575 5506 est

2014 5545 2191 5601 facilis
2220 5544 2361 5599 ratio
2395 5544 2700 5613 depellendi
2735 5545 2787 5598 in
2815 5542 3110 5614 longinqua
3140 5543 3532 5598 consuetudine
3559 5560 3576 5610 ;

424 5692 536 5765 (27)
571 5697 729 5752 Κατὰ
760 5697 929 5768 σῶμα
959 5698 1146 5765 πάθος
1276 5716 1485 5769 [tatam
1522 5697 1763 5755 Mutatur
1790 5716 1904 5755 mor

2008 5716 2033 5768 ι,
2062 5698 2152 5755 cui
2183 5698 2409 5771 depulso
2443 5699 2631 5755 morbo
2665 5698 2909 5754 suetedit
2931 5697 3155 5754 sanitas.
3190 5695 3342 5754 Tuan
