3968 6914
449 275 584 331 1M3

1574 276 1710 331 TITI
1749 268 2187 334 BOSTllENSlS'
2207 274 2517 333 EPISCOPI

3521 274 3651 330 HM

446 390 549 449 nisi
579 389 757 460 majus
786 390 1018 459 aliquem
1061 389 1261 444 bonum
1298 391 1524 455 subeat,
1568 407 1677 461 quo
1720 402 1984 462 antegres-

2099 391 2196 464 τὴν
2224 392 2508 461 ἀποφυγήν
2528 408 2541 423 ·
2588 389 2727 462 πλὴν
2754 389 2804 444 εί
2842 390 2915 462 μή
2940 406 2991 443 τι
3037 387 3222 461 μεῖζον
3250 387 3455 458 extet»;
3485 391 3659 455 πάθος

444 497 564 539 sum
597 483 799 536 malum
830 481 1151 551 expellatur.
1199 482 1334 538 llinc
1377 484 1471 549 ﬁt,
1515 492 1575 537 ut
1616 500 1757 555 satpe
1798 485 1994 554 aliquis

444 590 567 628 cum
599 571 855 629 effrenate
884 573 938 627 in
970 583 1127 645 turpe
1163 574 1431 645 quoddam
1464 591 1601 646 opus
1632 577 1887 648 impetum
1920 576 1997 632 fe-

442 666 637 729 cisset,
669 666 753 720 vel
787 667 1125 737 prapositum
1157 683 1278 723 esse
1316 668 1612 724 adulterari
1633 709 1648 733 ,
1685 670 1802 725 solo
1836 684 1994 739 aspe-

441 763 531 810 ctu
574 756 793 822 mariti,
825 765 972 813 metu
1018 759 1367 829 cupiditatem
1413 762 1705 831 repressit,
1749 772 1843 817 aut
1882 778 1993 817 me-

440 845 612 898 moria
643 846 819 916 legum
851 847 905 900 in
941 856 1117 903 mente
1144 858 1418 904 revocata.
1452 852 1608 907 Alius
1636 868 1757 906 cum
1790 852 1993 908 delibe-

439 944 615 992 rasset
645 938 956 994 latrocinari
977 981 992 1004 ,
1023 949 1167 994 metu
1200 943 1448 1011 supplicii
1473 944 1820 1013 cupiditatem
1843 958 1997 999 coer-

436 1028 566 1081 cuit.
621 1026 713 1083 Sic
775 1038 996 1098 peccata
1046 1044 1208 1100 opera
1260 1038 1389 1087 sunt
1440 1032 1826 1100 aii‘ectionum,
1884 1049 1992 1089 non

437 1132 614 1174 autem
662 1136 728 1175 ex
776 1128 969 1176 natura
1014 1123 1378 1180 eﬁlorescunt.
1427 1124 1766 1182 Honoramus
1813 1136 1990 1183 autem

436 1228 623 1267 omnes
648 1222 699 1267 et
725 1228 971 1269 amamus
990 1256 1003 1279 ,
1033 1216 1122 1285 qui
1149 1216 1421 1286 aequitatis
1451 1218 1741 1288 participes
1770 1234 1989 1283 sumus,

435 1301 578 1371 leges
609 1318 729 1372 quae
758 1304 1032 1361 maleﬁcos
1064 1305 1182 1361 sine
1204 1306 1313 1361 ulla
1338 1309 1689 1364 excusatione
1717 1311 1951 1381 puniunt
1976 1328 1989 1364 :

436 1394 513 1447 sic
528 1395 799 1449 communi
814 1397 1067 1466 opinione
1082 1413 1177 1466 per
1189 1413 1352 1468 opera
1365 1400 1748 1469 conﬁrmamus
1762 1417 1865 1456 non
1878 1400 1997 1473 cogi

434 1485 677 1540 homines
700 1496 889 1540 natura
919 1488 986 1542 ad
1020 1489 1304 1553 maleﬁcia,
1344 1489 1438 1545 sed
1474 1491 1599 1561 quia
1632 1492 1910 1563 pmpnsito
1936 1501 1990 1548 et

433 1576 821 1633 deliberatione
838 1591 910 1634 'ea
941 1580 1167 1651 eligunt,
1193 1582 1465 1653 supplicio
1491 1583 1684 1654 dignos
1700 1584 1985 1640 declarari.

2097 484 2405 539 ἐπεισελθδν
2454 484 2514 537 τὸ
2569 481 2836 554 προλαϐδν
2872 482 3109 536 ἐκϐάλοι.
3156 469 3363 536 Αὐτίκα
3406 484 3660 553 ὁρμήσας

2094 595 2177 641 τις
2231 576 2489 639 πολλάκις
2523 573 2768 644 ἀσχέτως
2809 574 2901 627 ἐπὶ
2953 572 3165 645 φαύλην
3196 573 3321 627 τινὰ
3369 572 3656 646 πρᾶξιν,ἧ

2093 670 2184 723 τὸν
2226 668 2392 738 ἄνδρα
2438 667 2768 736 θεασάμενος
2795 666 2893 736 τῆς
2920 664 3175 735 γυναικὸς
3210 665 3492 737 μοιχεῦσαι
3525 682 3662 735 προ-

2096 762 2337 832 θέμενος,
2369 758 2634 830 ἀνεστάλη
2667 757 2815 828 φόϐῳ
2841 756 2945 811 τῶν
2973 757 3207 827 ἐλέγχων
3237 757 3334 827 τῆς
3360 756 3661 826 ἐπιθυμίας

2093 853 2126 924 ἢ
2152 852 2260 905 τῶν
2290 850 2467 921 νόμων
2489 848 2883 921 ἀναμνησθείς·
2925 847 3100 912 ἄλλος,
3132 848 3422 919 λῃστεῦσαι
3455 847 3659 918 προθέ-

2098 959 2274 1012 μενος,
2305 941 2410 994 δέει
2458 941 2556 1012 τῆς
2603 939 2870 1010 τιμωρίας
2901 939 3000 1011 τὴν
3039 938 3330 1010 ἐπιθυμίαν
3371 939 3654 993 ἐκόλασεν.

2094 1035 2249 1087 Οὕτω
2302 1032 2487 1086 παθῶν
2540 1032 2676 1104 ἔργα
2731 1031 2801 1085 τὰ
2860 1033 3260 1103 ἁμαρτήματα,
3309 1032 3373 1085 ού
3436 1031 3658 1099 φύσεως

2092 1125 2460 1196 ἐξανθήματα.
2512 1125 2767 1195 Τιμῶμεν
2822 1124 2878 1177 δέ
2930 1124 3127 1187 πάντες
3174 1125 3265 1177 καὶ
3320 1123 3654 1193 ἀγαπῶμεν,

2095 1211 2177 1281 οἷς
2232 1216 2530 1279 ἐπιεικείας
2581 1216 2830 1286 μέτεστι,
2884 1216 3011 1280 τοὺς
3072 1215 3267 1286 νόμους
3324 1214 3657 1278 κολάζοντας

2097 1307 2479 1378 ἀπαραιτήτως
2504 1306 2628 1369 τοὺς
2649 1304 3125 1377 κακοπραγοῦντας
3143 1322 3157 1335 ·
3178 1304 3319 1358 οὕτω
3342 1307 3495 1375 κοινῇ
3520 1303 3654 1374 δόξῃ

2097 1402 2183 1456 διὰ
2210 1403 2315 1455 τῶν
2351 1402 2525 1475 ἔργων
2550 1402 2832 1475 τιθέμεθα,
2869 1402 2941 1472 μὴ
2974 1401 3321 1473 βιαζομένους
3357 1402 3516 1470 φύσει
3541 1419 3652 1454 κα-

2093 1496 2410 1566 κοπραγείν,
2444 1494 2795 1565 αἱρουμένους
2838 1494 2896 1547 δέ
2940 1493 3190 1566 προθέσει
3230 1493 3330 1563 τῆς
3374 1492 3654 1556 κολάσεως

2092 1585 2275 1649 ἀξίους
2303 1585 2717 1655 ἀποφαίνεσθαι.

812 1693 941 1750 Car.
981 1695 1067 1749 Vl.
1109 1696 1464 1769 Cogitationes
1486 1700 1768 1771 aliquando
1802 1702 2279 1779 ὺοηω,ρ1ἱᾳιιαηάο
2310 1702 2483 1756 malw.
2516 1702 2667 1755 Actia
2694 1707 2758 1755 ab
2789 1702 3036 1756 electione
3062 1701 3262 1770 pendet.

503 1787 607 1844 Sed
656 1792 783 1861 quia
831 1791 1110 1849 Manicluei
1152 1795 1311 1850 aliter
1350 1796 1512 1850 etiam
1558 1798 1809 1851 nituntur
1852 1813 1985 1853 con-
2019 1800 2064 1859 Β

432 1880 645 1936 vincere
674 1883 811 1939 duas
839 1893 1062 1941 naturas
1089 1887 1391 1943 contrarias
1417 1888 1472 1942 in
1503 1890 1661 1944 nobis
1684 1905 1838 1954 esse,
1864 1890 1988 1959 quia

430 1971 720 2040 aliquando
760 1973 975 2044 quidem
1018 1992 1119 2032 nos
1147 1977 1450 2047 cogitamus
1484 1980 1660 2043 mala,
1697 1979 1988 2048 aliquando

430 2076 558 2115 vero
596 2061 777 2129 bona;
823 2064 1212 2124 advertendum
1258 2076 1368 2133 est,
1415 2070 1539 2140 quia
1586 2070 1851 2126 naturalis
1892 2085 1986 2124 co-

430 2154 599 2221 gnitio
630 2164 984 2229 utrorumque
1022 2159 1076 2213 in
1123 2160 1280 2215 nobis
1318 2163 1493 2227 inest,
1533 2164 1842 2219 necessario
1882 2179 1983 2219 nos

431 2243 495 2295 ad
525 2244 907 2314 cogitationem
937 2263 1122 2302 eorum
1149 2264 1269 2319 qua:
1290 2253 1691 2321 cognoscimus,
1716 2253 1943 2308 excitari
1966 2296 1980 2321 ,

430 2332 632 2386 nullam
654 2336 882 2404 quidem
930 2336 1200 2407 jacturam
1253 2349 1347 2394 aut
1388 2339 1643 2395 damnum
1693 2342 1983 2408 facientes,

430 2425 520 2478 sed
555 2428 733 2494 potius
765 2436 935 2482 totum
970 2430 1278 2497 lucrantes,
1320 2433 1611 2503 praeposito
1658 2444 1709 2490 et
1748 2435 1986 2491 antelato

429 2518 568 2587 quod
604 2521 798 2576 melius
823 2528 925 2576 est.
963 2521 1247 2589 Quomodo
1275 2526 1420 2580 enim
1453 2526 1507 2580 in
1535 2527 1845 2584 hominibus
1879 2544 1987 2583 mo-

429 2620 515 2664 tus
542 2620 596 2666 et
621 2613 876 2668 excitatio
903 2615 972 2669 ad
1002 2617 1194 2672 melius
1222 2626 1416 2673 testata
1440 2628 1615 2685 esset,
1645 2621 1748 2675 nisi
1778 2630 1986 2676 utrum-

429 2720 532 2771 que
558 2707 878 2760 naturaliter
911 2708 1136 2776 cogitari
1168 2718 1387 2778 posset,
1421 2710 1637 2781 justitia
1682 2713 1889 2768 scilicet
1930 2721 1984 2767 et

428 2794 692 2861 injustitia
708 2794 734 2847 ?
756 2795 1007 2864 Cognitio
1034 2812 1269 2867 namque
1291 2800 1601 2855 necessaria
1629 2809 1711 2856 est
1739 2801 1805 2854 ad
1835 2801 1982 2872 diju.

426 2886 717 2939 dicandum
746 2903 762 2950 ;
788 2887 1046 2957 cogitatio
1081 2904 1209 2943 vero
1242 2890 1471 2943 rimatur
1490 2892 1704 2960 cognita
1734 2909 1748 2959 ;
1782 2908 1980 2963 propo-

426 2978 587 3030 situm
610 2985 791 3033 autem
811 3018 826 3043 ,
852 2980 905 3033 in
929 2995 1091 3049 quam
1114 2988 1319 3051 partem
1344 2981 1492 3045 vult,
1520 2984 1842 3053 propendet:
1869 2983 1984 3040 haec

423 3084 553 3123 vero
582 3084 690 3124 non
726 3077 853 3124 sunt
885 3079 1069 3140 partes
1109 3072 1304 3127 anima:
1342 3071 1688 3137 diﬂ‘erentes,
1733 3075 1826 3130 sed
1863 3083 1984 3130 tau-

2176 1797 2327 1851 Ἐπεὶ
2357 1798 2412 1851 δὲ
2442 1796 2534 1852 καὶ
2563 1796 2735 1859 ἄλλως
2760 1797 2808 1850 οἱ
2836 1798 2899 1850 ἐκ
2924 1796 3018 1849 τοῦ
3050 1796 3320 1860 Μάνεντος
3349 1795 3653 1867 πειρῶνται

2091 1888 2182 1946 δύο
2210 1888 2398 1958 φύσεις
2425 1888 2671 1951 ἐναντίας
2700 1889 2829 1959 ἡμῖν
2859 1886 3025 1950 οὔσας
3049 1886 3386 1957 ἀπελέγχειν,
3411 1887 3495 1957 τῷ
3520 1890 3655 1951 πατέ

2093 1981 2190 2051 μὲν
2244 1981 2393 2052 ἡμᾶς
2442 1978 2789 2051 ἐνθυμεῖσθαι
2837 1978 3044 2048 φαῦλα,
3092 1978 3276 2032 ἄλλοτε
3321 1977 3379 2031 δὲ
3419 1979 3650 2047 ἀγαθά·

2091 2071 2503 2142 ἐπισημαντέον,
2546 2069 2640 2134 ὡς,
2684 2069 2915 2139 φυσικῆς
2941 2069 2999 2122 ὲν
3026 2071 3156 2139 ἡμῖν
3187 2066 3351 2139 ούσης
3375 2070 3480 2140 τῆς
3506 2070 3659 2138 γνὼ-

2091 2179 2227 2226 σεως
2264 2162 2555 2232 ἑκατέρων,
2602 2160 2910 2229 ἀναγκαίως
2952 2160 3044 2213 ἐπὶ
3070 2159 3166 2231 τὴν
3205 2159 3522 2231 ἐνθύμησιν,
3570 2154 3659 2213 ὧν

2088 2248 2442 2320 γινώσκομεν,
2478 2249 2791 2320 κινούμεθα,
2814 2248 3164 2320 ζημιούμενοι
3195 2250 3290 2320 μέν
3313 2251 3417 2304 οὐδ’
3441 2248 3657 2313 ὁτιοῦν,

2087 2342 2454 2415 κερδαίνοντες
2484 2341 2540 2395 δὲ
2582 2341 2641 2395 τὸ
2686 2343 2794 2396 πᾶν
2824 2344 2890 2413 τῇ
2932 2341 3025 2395 τοῦ
3061 2342 3334 2406 καλλίονος
3375 2344 3657 2413 προτιμή-

2088 2451 2189 2488 σει.
2229 2433 2352 2498 Πῶς
2390 2424 2497 2506 γάρ
2527 2432 2593 2487 ἂν
2619 2434 2653 2504 ἡ
2679 2434 2772 2487 ἐπὶ
2802 2433 2863 2486 τὸ
2892 2436 3136 2505 κρεῖττον
3161 2433 3463 2505 ἀνθρώποις
3489 2435 3657 2488 ἐκού-

2087 2543 2197 2589 σιος
2229 2526 2579 2598 ἐμαρτυρήθη
2614 2526 2845 2595 κίνησις,
2880 2525 2954 2598 μὴ
2991 2526 3091 2594 τῆς
3133 2526 3477 2597 ἐνθυμήσεως
3514 2527 3653 2578 ἐκα-

2083 2618 2260 2689 τέροις
2287 2617 2529 2686 φυσικῶς
2558 2616 2971 2689 ἐπιϐαλλούσης,
3005 2617 3187 2689 ἀδικίᾳ
3227 2634 3286 2669 τε
3320 2617 3411 2669 καὶ
3438 2617 3657 2669 δικαιο-

2085 2709 2250 2782 σύνῃς
2294 2711 2358 2762 Ἦ
2389 2710 2487 2780 μὲν
2516 2709 2626 2781 γὰρ
2649 2707 2848 2779 γνῶσις
2885 2707 3152 2777 ἀναγκαία
3179 2708 3313 2780 πρὸς
3336 2706 3614 2777 διάκρισιν
3633 2724 3650 2736 ·

2080 2803 2114 2873 ἡ
2146 2802 2201 2855 δὲ
2237 2801 2532 2873 ἐνθύμησις
2561 2801 2783 2872 ψηλαφᾷ
2809 2800 2877 2854 τὰ
2902 2801 3213 2870 ἐγνωσμένα
3233 2818 3247 2830 ·
3278 2801 3310 2871 ἡ
3347 2800 3403 2853 δὲ
3444 2800 3655 2871 πρόθε-

2085 2911 2168 2958 σις
2195 2894 2280 2963 ἐφ’
2313 2894 2342 2947 ὃ
2367 2894 2611 2964 βούλεται
2644 2894 2798 2965 ῥέπει
2821 2911 2835 2924 ·
2861 2893 3032 2947 ταῦτα
3061 2892 3117 2945 δέ
3141 2893 3263 2963 οὐχὶ
3293 2891 3431 2964 μέρη
3462 2891 3653 2961 dtur-1;

2081 2986 2330 3058 διάφορα,
2359 2987 2470 3040 ἀλλ’
2498 2987 2573 3051 ὡς
2594 2987 2861 3058 ἐνέργειαι
2896 2986 3126 3058 ταύτης·
3175 2985 3313 3040 οὕτω
3356 2986 3538 3056 μέντοι
3565 2984 3653 3054 τῷ

2085 3075 2333 3146 ἡμετέρῳ
2383 3074 2644 3146 ὀφθαλμῷ
2672 3075 2927 3147 πρόσεστι
2982 3073 3225 3144 φυσικῶς
3249 3074 3310 3127 τὸ
3335 3075 3467 3146 ὁρᾷν
3512 3073 3657 3126 ἄλλο

426 3172 586 3224 quam
614 3160 959 3228 operationes
987 3160 1105 3230 ejus
1132 3180 1145 3215 :
1183 3178 1292 3216 non
1325 3172 1506 3218 tamen
1534 3164 1675 3219 inest
1702 3166 1860 3221 oculo
1884 3181 1984 3220 no-

2084 3167 2131 3218 εί
2167 3165 2338 3237 τύχοι,
2369 3168 2402 3237 ἣ
2443 3167 2667 3238 πράξεις
2694 3168 2867 3231 κακάς
2902 3183 2962 3219 τε
3016 3167 3107 3220 καὶ
3140 3164 3367 3234 ἀγαθὰς,
3396 3165 3489 3218 καὶ
3514 3165 3647 3217 οὔδ-

426 3259 540 3303 stro
587 3251 928 3314 naturaliter,
987 3260 1045 3306 ut
1097 3253 1279 3308 videat
1331 3255 1476 3309 aliud
1524 3255 1572 3311 si
1622 3257 1865 3325 accidat,
1896 3258 1982 3314 vel

427 3340 669 3395 actiones
700 3340 874 3395 malas
909 3348 962 3395 et
992 3341 1165 3396 bonas
1185 3382 1198 3403 ,
1224 3357 1285 3396 ac
1309 3343 1556 3399 neutrius
1583 3359 1748 3398 causa
1775 3345 1935 3399 fuerit
1964 3363 1982 3411 ;

428 3444 577 3484 mens
602 3431 748 3485 enim
777 3440 1058 3501 aspectum
1093 3434 1322 3503 recipit,
1368 3434 1485 3489 visa
1524 3435 1785 3505 dijudicat
1819 3443 1980 3506 atque

424 3521 738 3577 discernit:
791 3523 872 3578 sic
924 3524 1182 3595 cogitatio
1238 3526 1550 3581 necessario
1606 3526 1779 3581 instar
1834 3528 1979 3582 oculi

422 3619 667 3669 movetur
693 3613 760 3667 ad
793 3629 855 3668 ea
885 3630 1005 3684 quae
1031 3616 1143 3671 ﬁeri
1179 3626 1444 3685 possunt,
1473 3634 1581 3672 non
1612 3634 1833 3674 movens
1863 3618 1981 3672 ani-

421 3720 563 3758 mam
599 3704 666 3759 ad
696 3720 757 3761 ea
788 3722 886 3777 per
912 3708 1021 3761 vim
1044 3748 1057 3772 ,
1098 3708 1193 3764 sed
1236 3709 1545 3780 c0gnitione
1584 3708 1818 3767 naturali
1865 3712 1980 3766 haec

424 3797 723 3853 attendens.
777 3797 1049 3853 Continuo
1105 3800 1322 3869 quidem
1377 3801 1423 3856 si
1473 3803 1758 3868 volumus,
1819 3803 1980 3858 simul

421 3888 692 3942 contraria
725 3881 1068 3959 cogitamus;
1100 3892 1260 3946 simul
1292 3899 1466 3948 tamen
1499 3895 1772 3949 contraria
1803 3894 1981 3950 facere

422 3989 525 4031 non
556 3994 861 4048 possumus.

498 4071 552 4124 in
585 4072 729 4127 hunc
762 4071 982 4127 modum
1014 4073 1157 4128 actio
1185 4074 1402 4144 quidem
1429 4075 1695 4133 electione
1718 4077 1979 4149 propositi

398 4146 635 4217 'decreta
669 4171 751 4218 est
779 4181 793 4231 ;
839 4164 1095 4235 cogitatio
1122 4181 1250 4220 vero
1279 4168 1585 4255 naturalem
1614 4146 1977 4238 cognitionem

420 4256 637 4311 virtutis
668 4264 723 4310 et
756 4257 873 4310 vitii
906 4264 1174 4311 testatur:
1211 4257 1316 4311 nisi
1345 4257 1490 4312 enim
1522 4259 1637 4315 haec
1669 4274 1980 4330 prazcogno—

421 4363 698 4402 sceremus
717 4388 731 4410 ,
757 4363 856 4402 nec
885 4362 945 4401 ea
976 4348 1338 4418 cogitaremus
1359 4389 1374 4412 ,
1408 4365 1581 4419 neque
1610 4351 1754 4420 quod
1786 4352 1979 4408 melius

419 4446 501 4493 cst
520 4478 533 4500 ,
566 4438 887 4509 eligeremus
909 4478 923 4502 ,
958 4455 1256 4510 praegressa
1286 4443 1507 4495 omnino
1534 4442 1798 4496 electione
1829 4443 1978 4498 dete-

2084 3254 2282 3327 ετέρων
2329 3256 2496 3320 αἴτιος
2542 3256 2608 3310 ἂν
2653 3256 2768 3329 εἴη·
2817 3255 3115 3326 διαδέχεται
3144 3256 3250 3327 γὰρ
3290 3258 3318 3309 ὁ
3373 3255 3495 3318 νοῦς
3536 3255 3649 3327 τὴν

2080 3346 2220 3415 ὄψιν,
2273 3347 2368 3401 καὶ
2414 3347 2675 3418 διακρίνει
2719 3348 2788 3402 τὰ
2831 3346 3114 3419 ὁρώμενα·
3182 3346 3324 3400 οὕτω
3357 3347 3419 3418 δὴ
3460 3345 3551 3400 καὶ
3610 3348 3647 3417 ἡ

2080 3438 2376 3510 ἐνθύμησις
2445 3438 2720 3509 ὀφθαλμοῦ
2796 3438 2951 3510 δίκην
3026 3439 3335 3507 ἀναγκαίως
3410 3441 3648 3491 κινεῖται

2079 3533 2215 3605 πρὸς
2261 3532 2321 3585 τὸ
2363 3531 2609 3601 γενέσθαι
2662 3531 3003 3602 ἐνδεχόμενα,
3054 3531 3115 3584 ού
3170 3528 3465 3601 βιαζομένη
3507 3531 3652 3602 πρὸς

2079 3623 2217 3678 αύτά
2254 3624 2353 3695 τὴν
2396 3623 2590 3693 ψυχὴν,
2623 3621 2756 3676 ἀλλά
2801 3619 2998 3689 γνώσει
3032 3622 3227 3690 φυσικῇ
3280 3620 3651 3674 ἐπιϐάλλουσα

2078 3714 2304 3779 τούτοις.
2353 3714 2559 3767 Αὐτίκα
2608 3711 2880 3783 ἆμαμὲν,
2928 3712 3022 3763 ὲάν
3078 3711 3339 3780 θέλωμεν,
3384 3712 3650 3765 τάναντία

2079 3804 2471 3877 ἐνθυμούμεθα,
2520 3804 2636 3876 ἅμα
2683 3803 2739 3856 δέ
2782 3803 3039 3858 τάναντία
3083 3803 3341 3873 πράττειν
3383 3804 3443 3856 οὔ
3479 3803 3644 3858 δυνά-

2081 3896 2241 3968 μεθα.

2150 4075 2332 4140 Οὕτως
2372 4076 2405 4145 ἡ
2459 4074 2555 4144 μὲν
2584 4071 2783 4145 πρᾶξις
2821 4071 3126 4144 ἀφώρισται
3176 4073 3244 4142 τῇ
3287 4070 3487 4141 αἱρέσει
3530 4071 3632 4139 τῆς

2080 4168 2421 4240 προθέσεως·
2471 4168 2504 4237 ἡ
2555 4166 2611 4218 δέ
2669 4164 2964 4239 ἐνθύμησις
3006 4162 3105 4234 τὴν
3154 4160 3376 4233 φυσικὴν
3423 4160 3628 4228 γνῶσιν

2078 4260 2278 4333 ἀρετῆς
2323 4276 2381 4313 τε
2439 4258 2533 4312 καὶ
2589 4258 2783 4320 κακίας
2839 4257 3225 4341 μαρτυρεῖται·
3284 4255 3330 4307 εί
3384 4252 3489 4325 γὰρ
3553 4251 3631 4322 μὴ

2077 4352 2248 4406 ταῦτα
2281 4347 2789 4422 προεγινώσκομεν,
2819 4346 2927 4400 οὔτ’
2961 4344 3027 4399 ἂν
3052 4343 3477 4416 ἐνεθυμήθημεν,
3521 4342 3634 4398 οὔτ’

2082 4442 2147 4496 ἂν
2190 4442 2252 4495 τὸ
2303 4444 2545 4512 κρεῖττον
2600 4436 2883 4509 εἱλόμεθα·
2925 4436 3237 4508 στερόμενοι
3290 4435 3370 4504 τῷ
3422 4434 3642 4498 πάντως

421 4531 608 4597 rioris,
641 4530 824 4600 pravis
852 4530 1118 4586 institutis
1144 4531 1442 4602 anticipati.
1471 4531 1833 4598 Quamobrem
1863 4549 1975 4586 ma-

2084 4531 2452 4607 προαιρεῖσθαι
2489 4532 2549 4584 τὸ
2581 4532 2780 4602 χεῖρον,
2805 4528 3063 4597 ἀγωνίαις
3090 4527 3312 4598 φαύλοις
3341 4527 3644 4597 προειλημ-

419 4623 498 4699 gis
545 4629 628 4676 est
674 4622 996 4681 studendum
1052 4630 1105 4678 et
1153 4624 1504 4679 laborandum
1554 4624 1864 4680 hominibus
1920 4625 1973 4679 in

418 4714 736 4769 educatione
772 4714 1003 4769 ﬁliorum
1027 4756 1042 4779 ,
1079 4731 1238 4786 quam
1270 4716 1526 4786 agricolis
1555 4716 1608 4770 in
1640 4716 1975 4771 incremento

421 4806 696 4862 arborum.
735 4805 1082 4878 Interpretari
1121 4809 1284 4879 igitur
1315 4810 1698 4878 cogitationem
1731 4819 1972 4864 nostram

422 4898 677 4955 indicium
726 4914 848 4954 esse
898 4899 1128 4953 duarum
1180 4908 1496 4954 naturarum
1542 4902 1972 4963 contrariarum,

421 4988 642 5056 perinde
671 4997 755 5044 est
789 5004 851 5043 ac
889 4989 935 5044 si
969 4990 1092 5060 quis
1124 4989 1362 5051 diceret,
1400 5006 1523 5046 esse
1556 4999 1837 5061 aspectum
1871 4992 1973 5044 mi-

418 5079 645 5133 stionem
698 5079 939 5133 omnium
1001 5078 1278 5146 colorum,
1334 5079 1460 5148 quia
1515 5077 1570 5132 in
1628 5077 1740 5132 haec
1792 5077 1974 5131 omnia

416 5172 583 5224 aciem
617 5170 865 5225 intendit.
901 5170 1056 5237 Quod
1094 5171 1260 5242 igitur
1291 5172 1604 5228 necessario
1639 5171 1846 5241 accepit
1875 5171 1974 5225 ho-

417 5276 504 5315 mo
549 5269 608 5316 ut
655 5270 838 5331 posset
888 5278 1148 5332 peccare,
1197 5265 1277 5319 sic
1311 5278 1341 5317 a
1373 5263 1482 5318 Deo
1516 5263 1726 5325 factus,
1760 5271 1820 5315 ut
1861 5278 1967 5316 non

415 5351 571 5403 aliter
605 5359 786 5420 posset
819 5367 884 5407 ex
920 5352 1122 5407 virtute
1153 5353 1334 5407 vivere
1362 5370 1376 5413 ;
1414 5352 1467 5407 id
1498 5352 1644 5422 quod
1681 5352 1822 5408 Deus
1847 5366 1969 5407 eum

412 5447 555 5492 esset
592 5442 768 5496 bonus
800 5449 854 5497 et
885 5458 991 5496 non
1038 5441 1285 5507 invidus,
1330 5451 1539 5497 natura:
1582 5443 1805 5498 insitum
1850 5457 1972 5499 esse

412 5533 617 5587 voluit-
650 5543 704 5590 et
736 5536 878 5611 quod
915 5543 1133 5606 propter
1170 5550 1244 5608 ea.
1278 5551 1398 5606 qua:
1439 5534 1641 5608 injuste
1685 5534 1829 5607 apud
1874 5534 1972 5592 ho-

481 5644 615 5727 (i‘Z‘)
651 5652 993 5712 Desideratur
1019 5657 1136 5725 τήν.
1174 5656 1331 5714 Enn.

2077 4624 2248 4695 μένοι.
2288 4625 2376 4677 Διὸ
2403 4624 2465 4695 δὴ
2514 4621 2711 4695 μᾶλλον
2756 4620 3059 4692 ἀνθρώποις
3108 4619 3466 4672 σπουδαστέον
3514 4619 3644 4689 περὶ

2071 4716 2288 4788 τὴντῶν
2310 4716 2513 4770 παίδων
2545 4712 2850 4785 ἀνατροφὴν
2870 4712 2902 4783 ἢ
2930 4712 3194 4783 γεωργοῖς
3217 4712 3345 4782 περὶ
3369 4709 3505 4782 (27‘)
3531 4708 3643 4762 τῶν

2073 4808 2253 4876 φυτῶν
2285 4806 2531 4878 αὔξησιν.
2569 4805 2642 4859 Τὸ
2672 4805 2849 4859 τοίνυν
2893 4803 2991 4874 τὴν
3030 4802 3323 4873 ἐνθύμησιν
3365 4803 3521 4874 ἡμῶν
3560 4803 3643 4866 είς

2072 4900 2365 4969 τεκμήριον
2412 4896 2705 4968 λαμϐάνειν
2755 4895 2847 4949 δύο
2888 4895 3099 4965 φύσεων
3134 4894 3411 4955 ἐναντίων,
3462 4911 3643 4964 παρα-

2078 4989 2299 5060 πλήσιον
2345 4989 2408 5043 ἂν
2461 4989 2545 5056 εἴη
2577 4986 2764 5058 ὥσπερ
2798 4986 2851 5039 εί
2883 5003 2968 5049 τις
3003 4985 3131 5055 φαίη
3180 4984 3286 5039 τῶν
3330 4984 3642 5054 χρωμάτων

2077 5079 2329 5133 ἁπάντων
2355 5080 2548 5149 κρᾶσιν
2578 5075 2713 5133 εἶναι
2739 5078 2838 5148 τὴν
2869 5076 3010 5146 ὄψιν,
3038 5076 3221 5147 ἐπειδὴ
3257 5075 3464 5138 τούτοις
3496 5074 3640 5128 ἀπα·

2076 5186 2158 5222 σιν
2187 5170 2482 5224 ἐπιϐάλλει.
2533 5169 2655 5224 Ὀτι
2700 5170 2796 5240 μέν
2847 5164 2941 5221 οὖν
2988 5167 3297 5236 ἀναγκαίως
3334 5168 3395 5219 τὸ
3438 5166 3638 5229 ἐξεῖναι

2074 5263 2406 5333 ἁμαρτάνειν
2445 5262 2665 5333 εἴληφεν
2702 5263 3003 5336 ἄνθρωπος,
3044 5262 3186 5316 οὕτω
3222 5259 3532 5329 γενόμενος,
3562 5257 3640 5317 ὡς

2071 5356 2171 5408 οὐκ
2197 5352 2263 5406 ἂν
2289 5353 2489 5425 ἐτέρως
2520 5354 2580 5406 τὺ
2627 5353 2922 5425 κατορθοῦν
2968 5352 3224 5407 δύνασθαι
3252 5348 3596 5421 κτησάμενος
3619 5363 3635 5376 ·

2072 5446 2206 5517 ὅπερ
2253 5445 2384 5508 Θεὸς
2429 5444 2631 5512 ἀγαθός
2661 5462 2720 5498 τε
2772 5446 2866 5499 καὶ
2912 5443 3139 5515 ἄφθονος
3187 5440 3450 5513 ὑπάρχων
3489 5436 3638 5491 ἐντέ-

2074 5537 2317 5615 θεικεδτῇ
2368 5536 2561 5605 φύσει·
2595 5537 2687 5591 καὶ
2727 5538 2807 5591 ὅτι
2852 5536 2989 5605 τέως
3023 5536 3111 5592 διά
3140 5551 3205 5604 γε
3242 5533 3310 5587 τὰ
3340 5532 3491 5605 παρά
3538 5530 3637 5584 ἀν-
