4008 6208
314 252 452 312 1145
506 275 513 284 ‘

1394 265 1761 325 ADVERSUS
1801 267 2239 328 MANICHAEOS‘
2256 270 2382 331 LIB.
2421 274 2485 330 Ιί.

3390 289 3529 345 Ηίθ

307 364 885 471 θριίητοιςιάδικήματα
930 374 1155 448 οὐδεμία
1197 378 1408 453 ἀνάγκη
1458 381 1591 454 ὓλην
1637 385 1837 458 ἄναρχο

1970 385 2141 443 mines
2171 389 2308 444 fiunt
2335 409 2349 445 :
2380 392 2531 445 nullo
2580 402 2741 465 pacto
2772 410 2997 453 necesse
3042 407 3128 455 est
3170 409 3359 471 putare
3412 419 3529 458 ma-

304 456 400 559 κμὶ
444 455 640 510 κακίαν
682 458 856 515 δοκεῖν
901 464 1387 538 ἀντιπαρατάττειν
1418 471 1535 543 Θεῷ
1555 489 1568 503 ⁸
1599 455 1838 557 οὕτε-μη

1969 477 2159 533 teriam
2207 481 2474 552 principio
2520 494 2794 541 carentem
2845 495 2900 542 et
2940 455 3237 559 nequitiam
3271 492 3525 549 resistere

302 544 438 610 δλως
464 547 584 600 κατ’
621 548 806 604 οὐσίαν
834 552 1194 627 ὑφεστηκέναι
1223 557 1463 629 νομίζειν
1494 563 1713 630 κακίαν,
1745 544 1860 620 ἀλλ’

301 637 361 689 ὲν
389 638 582 709 πράξει
608 639 707 712 τὴν
731 640 1025 701 ὑπόστασιν
1055 646 1215 718 ἔχειν,
1242 648 1328 704 διὰ
1371 650 1479 706 τῶν
1525 656 1857 727 προειρημέ-

301 740 407 780 νων
442 727 831 787 ἀποδέδεικται.

1965 567 2105 637 Deo;
2131 572 2232 626 nec
2260 566 2576 631 existimare
2600 577 2819 646 penitus
2839 580 3138 636 secundum
3165 583 3519 641 substantiam

1964 673 2063 729 per
2105 674 2165 715 se
2204 662 2484 717 exstitisse
2517 665 2851 734 nequitiam,
2882 669 2977 724 sed
3011 670 3065 724 in
3105 672 3319 737 actione,
3346 675 3518 730 consi-

1964 758 2108 808 stere
2128 794 2143 817 ,
2174 755 2425 823 superius
2456 754 2885 813 demonstratum
2916 768 2971 815 et
2997 762 3316 818 conclusum
3346 770 3449 818 est.

1273 828 1401 885 Cap.
1439 830 1554 887 γυ.
1595 832 1922 903 Objectiones
1952 844 2094 895 circa
2130 824 2548 902 Providentiam.

368 906 564 963 Λοιπὸν
590 908 668 982 ζδὴ
716 929 840 984 περι
880 930 939 967 τε
975 917 1071 988 τῆς
1099 920 1372 990 πανσόφου
1411 923 1723 996 διοικήσεως
1763 929 1855 981 τοῦ

297 995 455 1063 Θεοῦ,
487 1000 580 1053 καὶ
620 1002 879 1073 περὶτῶν
905 1005 1080 1078 μάτην
1114 1012 1194 1073 είς
1225 1012 1420 1066 κακίαν
1455 995 1589 1086 πρὸς
1614 1016 1707 1069 τοῦ
1739 1019 1859 1072 Μά-

297 1104 480 1153 νεντος
507 1090 898 1163 διαϐληθέντων
921 1096 982 1168 δη
991 1115 1221 1171 μιουργη
1231 1103 1435 1171 μάτων,
1456 1106 1645 1177 ῥητέον
1664 1108 1739 1172 ὡς
1768 1109 1856 1162 δύο

2034 933 2298 1005 Deinceps
2331 937 2398 992 de
2436 939 2835 1007 sapientissima
2872 938 2964 996 Dei
3011 942 3436 1013 gubernatione,
3469 955 3518 1001 et

1961 1027 2029 1081 de
2076 1029 2143 1083 iis
2189 1046 2309 1100 qua:
2355 1033 2593 1089 inaniter
2624 1042 2679 1088 et
2713 1036 3000 1091 temerarie
3045 1052 3074 1090 a
3130 1037 3422 1095 Manichaao
3465 1039 3519 1092 in

1959 1121 2281 1177 criminibus
2312 1124 2378 1178 ad
2408 1125 2754 1179 asserendam
2789 1127 3086 1195 nequitiam
3118 1127 3331 1197 objecta
3358 1136 3517 1187 sunt.

220 1221 229 1230 .
298 1195 478 1249 ναμις.
526 1182 773 1249 Ἀταξίαν
791 1184 855 1257 δὴ
887 1187 1082 1258 πολλὴν
1111 1188 1402 1261 ψηφίζεται
1426 1194 1532 1249 τῶν
1563 1196 1682 1251 καθ’
1710 1201 1838 1269 ἡμᾶς

1958 1227 2056 1283 pro
2087 1214 2293 1271 viribus
2326 1215 2612 1270 dicendum
2644 1224 2749 1273 est.
2787 1182 3007 1272 Multam
3050 1182 3514 1288 perturbationem

297 1272 654 1341 πραγμάτων,
686 1273 910 1330 πλοῦτόν
947 1295 1006 1331 τε
1040 1282 1132 1335 καὶ
1170 1283 1377 1347 πενίαν,
1412 1285 1598 1355 ὑγείαν

294 1363 467 1425 νόσον,
498 1362 573 1427 ὡς
605 1364 764 1419 ἄνισα
810 1367 1104 1425 διαϐάλλων
1124 1390 1137 1403 ·
1174 1373 1255 1427 ἔτι
1306 1375 1412 1447 μὴν
1440 1379 1531 1432 καὶ
1561 1379 1621 1433 τὸ
1652 1381 1847 1437 πολλάς

294 1470 382 1517 κις
421 1454 512 1508 τὸν
557 1455 655 1526 μὲν
684 1458 986 1530 κακοῦργον
1018 1462 1331 1533 διαφεύγειν
1374 1466 1471 1538 τὴν
1517 1469 1624 1524 τῶν
1672 1474 1849 1544 νόμων

290 1546 580 1618 τιμωρίαν,
632 1548 721 1601 τὸν
774 1549 819 1602 δ’
870 1552 1109 1607 ἀναίτιον
1160 1559 1530 1629 τιμωρεῖσθαι,
1582 1561 1671 1614 καὶ
1723 1565 1849 1627 τοὺς

1649 1306 1730 1382 τεγ
1757 1292 1853 1382 καὶ
1956 1307 2161 1361 ordinis
2195 1307 2249 1361 in
2281 1309 2483 1362 nostris
2522 1309 2687 1364 rebus
2726 1317 2969 1364 accusat.
3019 1310 3241 1367 Divitias
3286 1320 3340 1366 et
3380 1329 3513 1382 pau-

1954 1405 2217 1465 pertatem
2240 1437 2255 1460 ,
2283 1399 2566 1475 sanitatem
2594 1409 2647 1454 et
2673 1399 3121 1463 invaletudiuem,
3153 1409 3407 1471 tanquam
3443 1404 3516 1457 sit

1954 1483 2008 1537 in
2051 1485 2130 1539 eis
2167 1485 2540 1555 inaequalitas,
2586 1488 2929 1543 criminatur.
2979 1488 3110 1543 Item
3158 1489 3513 1559 illud,'szepe

1953 1575 2253 1630 maleﬁcum
2286 1578 2611 1647 supplicium
2645 1579 2824 1650 legum
2870 1579 3134 1649 effugere,
3166 1580 3512 1637 innocentem

291 1636 525 1705 φαύλους
557 1638 701 1692 ἐστιν
744 1640 831 1694 ὅτε
866 1643 966 1712 τῆς
1008 1646 1147 1699 κατὰ
1181 1648 1289 1701 τῶν
1322 1650 1494 1704 ἄλλων
1535 1652 1708 1722 ἀρχῆς
1733 1654 1838 1706 ἐπι·

1949 1682 2078 1721 vero
2106 1668 2284 1737 puniri
2309 1708 2325 1733 ,
2354 1669 2680 1740 quandoque
2709 1671 2873 1726 etiam
2908 1671 3186 1741 improbos
3225 1672 3512 1742 imperium

288 1727 507 1781 ϐαίνειν.
557 1728 774 1800 Ῥητέον
807 1732 918 1802 (28)
951 1735 1150 1800 τοίνυν,
1178 1738 1257 1792 ὄτι
1287 1741 1558 1811 παρῆκται
1577 1742 1684 1814 (29)
1714 1746 1849 1816 πρὸς

285 1818 378 1871 τοῦ
410 1819 905 1893 δημιουργήσαντος
945 1824 1229 1897 ἄνθρωπος
1273 1833 1352 1894 είς
1382 1831 1473 1885 τὸν
1508 1833 1643 1903 βίον,
1677 1837 1847 1906 ἐμπο-

289 1909 571 1980 ρευόμενος
618 1911 803 1983 ἕτερον
845 1915 997 1969 οὐδὲν
1042 1918 1074 1990 ἢ
1126 1920 1292 1991 μόνην
1343 1922 1620 1977 εὐσέϐειάν
1666 1943 1724 1979 τε
1753 1928 1847 1980 καὶ

282 2001 499 2072 ἀρετήν.
527 2002 708 2057 Ταῦτα
756 2005 864 2076 γάρ
914 2008 1252 2080 κτησάμενος
1295 2013 1414 2082 μὲν,
1461 2002 1638 2080 καλῶς
1676 2017 1741 2071 ἂν
1769 2017 1846 2070 δι-

284 2092 548 2164 ανήξηται
575 2096 722 2150 τόνδε
751 2097 841 2151 τὸν
874 2098 985 2168 βίον
1005 2116 1018 2130 ·
1053 2102 1330 2173 ἀμελήσας
1357 2104 1413 2158 δὲ
1435 2106 1657 2173 τούτων,
1684 2109 1845 2179 χαλε-

280 2181 399 2245 πῶς
428 2182 494 2237 ἂν
527 2183 935 2260 διαϐαπτισθείη
987 2188 1353 2261 πλανώμενος.
1397 2195 1613 2268 Τροφὴν
1643 2197 1700 2250 δὲ
1742 2197 1845 2252 σώ-

282 2290 450 2343 ματος
466 2275 556 2329 καὶ
574 2276 883 2348 ἐνδυμάτων
902 2280 1212 2353 περιϐολὴν,
1232 2284 1325 2337 καὶ⁹
1338 2286 1438 2355 τὴν
1451 2286 1616 2359 άλλην
1634 2289 1840 2361 σκέπην

277 2362 509 2455 δέδωκεν
537 2367 566 2419 ό
594 2366 725 2429 Θεὸς
742 2368 888 2439 αύτῷ
918 2372 1015 2441 οὐχ
1037 2371 1111 2437 ὡς
1130 2373 1264 2445 (29')
1284 2378 1662 2450 προηγούμενα
1676 2380 1838 2455 δῶρα,

414 2455 490 2519 ὡς
512 2457 780 2526 ἀναγκαῖα
812 2461 948 2532 πρὸς
966 2462 1062 2535 τὴν
1092 2465 1323 2520 ἐνταῦθα
1355 2468 1448 2522 τοῦ
1478 2467 1616 2526 εἶναι
1645 2454 1841 2528 σύστα-

280 2562 398 2599 σινο
421 2547 505 2600 ἵνα
540 2549 675 2619 μετὰ
703 2550 951 2621 σώματος
983 2554 1240 2627 ὑπάρχων
1262 2557 1323 2611 τὸ
1357 2560 1454 2629 μὲν
1480 2561 1577 2633 ζῇν
1607 2562 1693 2617 διὰ
1719 2564 1840 2619 τού-

277 2651 385 2686 των
433 2635 550 2707 ἐχη,
598 2637 659 2690 τὸ
707 2638 762 2692 δὲ
817 2644 995 2695 πονεῖν
1056 2643 1150 2696 καὶ
1217 2646 1444 2702 κτᾶσθαι
1483 2650 1554 2704 τά
1609 2652 1839 2724 ρηθέντα

278 2727 488 2792 ἀόκνως
514 2730 694 2802 μετίῃ.

345 2819 464 2882 Φῶς
500 2819 557 2872 δὲ
600 2822 949 2894 περιεποίησε
997 2829 1337 2897 σωματικὸν,
1385 2831 1838 2907 καὶ“κατάλληλον

276 2908 440 2964 αὑτοῦ
469 2914 534 2983 τῇ
566 2912 741 2983 φύσει,
778 2917 871 2970 καὶ
896 2916 1033 2991 ἀέρα
1056 2919 1192 2992 πρὸς
1230 2921 1520 2995 ἀναπνοὴν,
1552 2926 1644 2979 καὶ
1672 2925 1834 2999 ὕδωρ,

1947 1757 2001 1812 in
2030 1758 2167 1814 alios
2202 1758 2474 1814 invadere.
2506 1758 2805 1816 Dicendum
2840 1762 3008 1833 igitur
3035 1773 3120 1818 est
3140 1805 3153 1828 ,
3184 1763 3510 1834 productum

1945 1862 2065 1902 esse
2094 1846 2382 1903 hominem
2423 1849 2491 1903 ab
2535 1856 2757 1905 auctore
2800 1865 2900 1905 suo
2940 1852 2995 1905 in
3037 1852 3178 1906 hanc
3220 1852 3419 1915 vitam,
3455 1863 3515 1906 ut

1944 1937 2152 1992 nullum
2200 1938 2345 1993 aliud
2394 1941 2672 2009 negotium
2731 1953 2946 2011 ageret,
3005 1958 3167 2012 quam
3224 1950 3281 1996 ut
3337 1943 3509 1999 solam

1942 2028 2191 2098 pietatem
2236 2039 2289 2084 et
2333 2030 2624 2095 virtutem,
2673 2040 3037 2102 compararet.
3094 2033 3219 2088 Haec
3271 2035 3416 2088 enim
3464 2036 3510 2090 si

1942 2118 2359 2187 acquisivisset,
2393 2129 2538 2175 recte
2573 2122 2716 2177 hanc
2757 2123 2922 2177 vitam
2955 2130 3216 2179 tranaret.
3257 2123 3355 2179 His
3385 2141 3511 2180 vero

1941 2209 2232 2280 neglectis,
2280 2211 2587 2281 periculose
2627 2212 3032 2285 demergeretur
3074 2215 3353 2286 deceptus.
3397 2216 3511 2270 Ali-

1940 2306 2183 2355 mentum
2214 2310 2396 2357 autem
2431 2303 2712 2374 corporis,
2743 2314 2796 2359 et
2822 2304 3106 2371 vestitum,
3138 2313 3193 2360 et
3238 2306 3504 2376 reliquum

1938 2400 2304 2464 tegumentum
2361 2394 2510 2450 dedit
2551 2394 2697 2451 Deus
2744 2396 2847 2466 ipsi
2898 2411 3007 2451 non
3052 2405 3308 2468 tanquam
3356 2398 3498 2452 dona

1938 2486 2240 2554 praecipua,
2284 2485 2376 2540 sed
2430 2494 2684 2557 tanquam
2735 2490 3045 2543 necessaria
3091 2490 3155 2544 ad
3202 2490 3366 2543 vitam
3414 2488 3504 2543 hic

1938 2575 2192 2629 tuendam
2223 2593 2237 2642 ;
2274 2584 2332 2629 ut
2360 2576 2485 2631 dum
2517 2593 2716 2648 corpus
2745 2566 2943 2643 habet,
2975 2589 3085 2634 tum
3128 2580 3323 2635 horum
3369 2595 3505 2651 pra:-

1937 2664 2079 2721 sidio
2129 2665 2313 2729 vivat,
2367 2674 2480 2721 tum
2530 2668 2757 2739 impigre
2810 2668 3052 2725 laborem
3103 2670 3402 2740 suscipiat,
3448 2679 3503 2724 et

1935 2771 2056 2827 quae
2082 2755 2225 2810 dicta
2261 2766 2420 2824 sunt,
2452 2769 2604 2828 paret
2956 2775 2965 2779 ·

2008 2843 2215 2901 Lumen
2255 2854 2435 2901 autem
2475 2847 2751 2920 a'scivitgei
2789 2863 3113 2919 corporeum
3146 2857 3354 2904 naturae
3385 2849 3505 2920 ejus

1937 2938 2267 2992 conveniens
2292 2977 2306 3001 ,
2343 2945 2455 2990 tum
2489 2952 2666 2991 aerem
2683 2916 2764 2991 .ad
2796 2937 3099 2992 ducendum
3128 2940 3379 3010 spiritum
3403 2980 3417 3002 ,
3451 2952 3506 2995 et

277 3004 370 3057 καὶ
396 3004 464 3056 τὰ
495 3004 624 3058 ἄλλα
665 3006 728 3078 δὴ
762 3008 861 3061 ὅσα
890 3009 1193 3080 ἀναγκαῖα·
1221 3013 1393 3069 ταῦτα
1423 3013 1531 3089 γὰρ
1560 3017 1713 3072 κοινὰ
1746 3021 1838 3090 μὲν

1943 3042 2138 3097 aquam
2187 3037 2240 3082 et
2290 3043 2626 3097 quaecunque
2671 3028 2775 3081 alia
2810 3031 3157 3085 necessaria:
3204 3030 3318 3086 haec
3358 3031 3502 3087 enim

275 3093 520 3162 φυσικῶς
564 3095 761 3151 ἅπασιν
810 3098 1114 3171 ἀνθρώποις
1172 3103 1403 3176 ὑπάρχει
1462 3108 1612 3178 παρά
1667 3110 1837 3164 Θεοῦ·

276 3186 371 3237 καὶ
392 3187 490 3239 οὐκ
522 3187 585 3240 ἄν
612 3204 697 3252 τις
726 3188 881 3261 φαίη,
918 3191 994 3257 ὼς
1019 3193 1097 3263 τῷ
1122 3193 1312 3266 πένητι
1356 3197 1574 3252 ἔλαττον
1600 3200 1691 3254 τοῦ
1728 3220 1841 3271 φω-

273 3275 366 3338 τὸς
411 3276 628 3347 μέτεστι
662 3278 693 3350 ἢ
734 3279 832 3349 τῆς
872 3282 978 3334 τῶν
1011 3283 1217 3339 ὑδάτων
1248 3288 1530 3358 χορηγίας,
1562 3288 1683 3344 οὔτε
1735 3293 1839 3362 μὴν

272 3366 374 3436 τῆς
398 3368 533 3439 πρὸς
569 3369 628 3422 τὸ
657 3369 755 3441 ζῇν
785 3375 1166 3447 φυσικωτάτης
1210 3377 1508 3451 άναπνοῆςσ
1553 3382 1647 3434 καὶ
1676 3384 1842 3452 άναγ-

273 3456 434 3511 καίαν
466 3459 522 3512 δὲ
555 3461 653 3531 τὴν
680 3463 903 3535 τροφὴν,
949 3467 998 3518 εί
1033 3468 1124 3520 καὶ
1170 3469 1245 3539 μὴ
1275 3469 1400 3523 ἄνευ
1440 3471 1659 3542 ἱδρῶτος
1687 3462 1840 3546 πορί-

274 3552 445 3617 ζεται,
503 3552 615 3607 ἀλλ’
671 3555 819 3626 ὅμως
870 3558 1044 3622 κοινὸς
1101 3562 1215 3624 τοῖς
1267 3564 1399 3615 πᾶσι
1457 3564 1557 3633 τῆς
1605 3565 1740 3635 πρὸς
1778 3566 1840 3620 τὸ

272 3644 586 3713 ἀναγκαίως
630 3645 728 3717 ζῇν
770 3649 1031 3719 χορηγίας
1057 3653 1085 3705 ὁ
1118 3650 1333 3723 τρόπος.
1376 3656 1586 3724 Χρυσός
1635 3673 1694 3709 τε
1742 3657 1837 3710 καὶ

273 3732 528 3806 ἄργυρος,
561 3736 654 3789 καὶ
684 3735 819 3789 λίθοι
847 3738 1037 3809 τίμιοι,
1066 3742 1195 3812 παρ’
1225 3744 1390 3797 αὑτοῦ
1419 3745 1703 3799 καὶταῦτα
1729 3749 1839 3811 τοῖς

274 3823 627 3894 κεκτημένοις
671 3825 938 3897 ὑπάρχει·
974 3828 1035 3881 οὐ
1079 3826 1183 3899 μὴν
1216 3829 1375 3883 πλέον
1406 3849 1459 3884 τι
1491 3831 1834 3903 συμϐάλλοιτ’

274 3913 343 3966 ἂν
401 3913 536 3983 πρὸς
581 3915 680 3985 τὴν
729 3918 1132 3988 προειρημένην
1180 3920 1469 3990 ἐμπορίαν,
1518 3923 1567 3974 εί
1619 3922 1693 3993 μὴ
1743 3925 1835 3977 καὶ

276 4002 477 4073 μᾶλλον
532 4005 871 4077 ὲμποδίσειεν
913 4008 997 4062 ἂν.
1044 4009 1233 4081 ’Ὀμως
1273 4009 1330 4063 δὲ
1381 4009 1503 4063 οὔτε
1547 4013 1704 4085 πενίᾳ
1745 4014 1834 4068 άν-

272 4095 493 4164 έερικτος
547 4099 579 4168 ἡ
638 4098 957 4170 προτεθεῖσα
1008 4099 1158 4171 παρὰ
1214 4100 1347 4154 Θεοῦ
1380 4105 1492 4166 τοῖς
1523 4103 1828 4174 ἀνθρώποις

274 4187 490 4257 πορεία,
519 4186 640 4241 οὗτε
674 4188 888 4260 πλούτῳ
928 4189 1126 4260 μᾶλλον
1152 4191 1337 4264 ῥᾳδίου
1371 4191 1484 4246 ἀλλ’
1513 4192 1835 4265 ἀμφοτέρως

272 4281 448 4334 ἔνεστι
475 4284 587 4345 τοῖς
637 4298 700 4351 γε
732 4284 1166 4349 σπουδαιοτάτοις
1209 4286 1309 4357 τὴν
1351 4289 1713 4360 προκειμένην
1752 4306 1835 4343 τε-

1944 3126 2165 3174 auctore
2196 3118 2303 3175 Deo
2330 3120 2640 3175 communia
2682 3128 2811 3176 sunt
2853 3124 3176 3179 naturaliter
3220 3139 3344 3178 cum
3390 3139 3505 3177 om-

1941 3212 2103 3267 nibus
2150 3210 2503 3278 hominibus;
2548 3226 2647 3266 nec
2693 3212 2840 3267 ullus
2880 3213 3063 3270 dicere
3105 3216 3280 3284 possit
3325 3216 3506 3269 minus

1939 3302 2162 3357 .uminis
2192 3302 2456 3371 impartiri
2492 3302 2749 3371 pauperi,
2783 3320 2959 3372 neque
2990 3306 3171 3360 minus
3205 3321 3356 3373 aqua:
3384 3320 3508 3376 ευριπ

1938 3392 2201 3463 peditari,
2237 3408 2413 3461 neque
2446 3392 2626 3447 minus
2660 3392 2802 3447 aeris
2834 3392 2901 3447 ad
2932 3394 3344 3462 respirationem
3378 3411 3503 3463 qua:

1937 3491 2022 3539 est
2051 3483 2118 3538 ad
2150 3483 2438 3538 vivendum
2470 3484 2707 3539 maxime
2750 3484 3048 3546 naturalis,
3089 3492 3144 3538 et
3187 3486 3501 3538 alimentum

1937 3575 2310 3631 necessarium
2331 3616 2345 3641 ,
2384 3574 2598 3629 tametsi
2638 3589 2746 3629 non
2786 3575 2906 3630 sine
2935 3573 3134 3628 sudore
3166 3575 3500 3644 suppeditat.

1936 3667 2141 3723 Aurum
2179 3675 2359 3723 autem
2391 3673 2444 3723 et
2469 3673 2754 3736 argentum
2786 3674 2840 3720 et
2870 3664 3080 3735 lapides
3112 3666 3380 3735 pretiosos
3407 3666 3498 3734 qui

1937 3759 2174 3823 habent,
2201 3760 2270 3814 ab
2299 3760 2418 3830 ipso
2441 3759 2732 3831 accipiunt.
2757 3756 2876 3813 Non
2905 3766 3085 3813 tamen
3107 3758 3228 3827 plus
3253 3755 3501 3811 conferre

1937 3852 2147 3923 possint
2170 3850 2236 3905 ad
2268 3851 2577 3906 facultatem
2595 3892 2611 3917 ,
2639 3864 2802 3918 quam
2830 3848 3082 3919 superius
3108 3848 3366 3912 diximus,
3393 3848 3500 3904 nisi

1936 3941 2111 4010 magis
2138 3941 2299 3995 etiam
2333 3941 2616 4012 impedire.
2649 3940 2856 3996 Tamen
2885 3955 3062 4011 neque
3098 3938 3362 4011 profectio
3402 3939 3502 3995 ho-

1937 4032 2176 4087 minibus
2228 4046 2258 4084 a
2312 4031 2419 4087 Deo
2467 4034 2778 4102 proposita,
2824 4039 3141 4103 paupertate
3184 4031 3497 4102 impeditur,

1935 4138 2110 4191 neque
2138 4120 2343 4177 divitiis
2378 4121 2592 4176 facilior
2620 4121 2870 4177 edicitur.
2909 4120 3014 4175 Sed
3046 4128 3277 4191 utraque
3306 4121 3500 4176 condi-
3594 4168 3613 4187 ,

1934 4215 2078 4268 tione
2109 4211 2367 4269 studiosis
2396 4219 2451 4267 et
2480 4212 2713 4267 maxime
2742 4211 3028 4268 industriis
3058 4227 3123 4265 ac
3150 4213 3339 4281 gnavis
3370 4214 3499 4269 licet

1936 4305 2284 4361 constitutam
2312 4304 2457 4358 viam
2487 4312 2542 4359 et
2575 4304 2900 4359 destinatam
2929 4303 3198 4358 coniicere
3223 4323 3235 4358 :
3269 4320 3499 4374 pauper-

273 4374 397 4442 μεῖν
420 4371 568 4426 ὁδόνο
600 4373 758 4427 πενία
788 4376 883 4444 μὲν
916 4376 1022 4448 γάρ
1047 4375 1133 4431 διὰ
1171 4380 1462 4451 καρτερίας
1489 4380 1582 4433 καὶ
1620 4379 1832 4433 ἐλευθε-

1939 4402 2020 4449 tas
2048 4393 2192 4448 enim
2224 4408 2319 4464 per
2360 4394 2703 4449 tolerantiam
2748 4400 2802 4447 ct
2842 4392 3182 4456 libertatem,
3220 4371 3491 4464 opulentia

273 4462 540 4534 ριότητος,
585 4462 812 4530 πλοῦτος
858 4465 915 4519 δὲ
963 4467 1052 4520 διὰ
1102 4470 1561 4542 μετριοφροσύνης
1605 4472 1697 4525 καὶ
1735 4471 1829 4525 τοῦ

268 4555 542 4624 προτιμᾷν
582 4554 689 4608 τῶν
724 4555 982 4610 δοθέντων
1006 4557 1097 4611 τὸν
1124 4557 1409 4625 δεδωκότα,
1440 4561 1831 4634 κατορθώσειεν

269 4644 338 4698 ἂν
364 4643 424 4697 τὸ
449 4646 898 4717 σπουδαζόμενον,
930 4647 1005 4712 ὡς
1040 4650 1175 4720 μήτε
1213 4652 1302 4704 τὸν
1334 4649 1673 4721 πτωχεύοντα
1703 4653 1829 4706 δυσ-

266 4735 489 4806 χερείας
537 4737 665 4790 ἄνευ
714 4738 808 4792 καὶ
867 4738 1041 4792 πόνων
1084 4740 1392 4794 ἐπιϐάλλειν
1438 4742 1516 4813 τῷ
1561 4744 1831 4815 κατορθώ-

270 4844 403 4898 ματι
423 4843 437 4858 ’
476 4827 679 4895 δεῖσθαι
709 4830 764 4883 δὲ
795 4832 1136 4903 προσεχείας,
1171 4835 1220 4886 εί
1260 4832 1352 4886 καί
1376 4850 1459 4897 τις
1487 4833 1636 4905 αὑτῷ
1668 4836 1832 4907 πρόσ-

265 4936 416 4972 εστιν
450 4920 819 4991 ἁφροντιστία,
849 4921 984 4993 πρὸς
1014 4921 1074 4975 τὸ
1108 4922 1182 4993 μὴ
1221 4923 1321 4995 τῆς
1377 4924 1648 4995 πτωχείας
1674 4925 1831 4998 χάριν

266 5010 616 5084 ἀνελεύθερόν
647 5030 699 5067 τι
730 5014 828 5084 μὲν
857 5014 1072 5086 δρᾶσαι,
1106 5017 1553 5087 ἀγανακτήσαντα
1591 5018 1648 5071 δὲ
1694 5019 1831 5090 πρὸς

266 5101 472 5174 ταύτην
503 5104 769 5174 διελέγξαι
802 5105 901 5177 τὴν
943 5107 1146 5161 οἰκείαν
1190 5108 1465 5180 πρόθεσιν,
1510 5109 1585 5173 ὡς
1632 5111 1830 5181 μᾶλλον

269 5194 340 5248 ἂν
368 5193 499 5249 Θεοῦ
532 5197 710 5268 τιμῴη
754 5198 823 5251 τὰ
871 5197 1006 5270 πρὸς
1040 5197 1203 5251 αὑτοῦ
1241 5199 1519 5270 διδόμεναο
1566 5203 1701 5272 μήτε
1735 5203 1826 5256 τὸν

268 5287 583 5358 περιουσίαν
610 5289 866 5360 πλείστην
897 5290 1229 5361 κεκτημένον
1254 5291 1412 5344 ὠνίου
1434 5293 1629 5363 τρόπον
1656 5294 1830 5366 ἐαυτῷ

264 5377 526 5433 δύνασθαι
557 5381 836 5436 εὐσέϐειάν
871 5400 931 5436 τε
964 5382 1057 5437 καὶ
1081 5382 1279 5454 ἀρετὴν
1319 5384 1663 5455 πορίσασθαι,
1696 5386 1828 5441 ἀλλὰ

308 5491 453 5571 ..(ῼ8)
488 5494 747 5571 ’ρης-ξαρ.
780 5514 832 5550 κ.
858 5515 909 5571 τ.
940 5499 989 5571 λ.
1013 5499 1147 5554 Vide
1186 5499 1403 5571 infrain
1452 5501 1828 5571 Supplementix

267 5560 467 5641 adhes
499 5560 603 5617 Titi
629 5567 1156 5641 Bostrensisilibros,
1188 5570 1276 5624 ttbi
1312 5569 1339 5641 ᾗ
1385 5569 1426 5625 ll
1466 5560 1829 5627 eanaralle-

267 5632 334 5685 tis
358 5631 750 5707 Pamiascenicis
778 5636 1087 5707 descriptus
1119 5631 1410 5696 exhibetur
1438 5642 1525 5694 hic
1555 5642 1728 5695 locus.

341 5701 453 5775 (‘29)
476 5705 791 5775 Παρῆκται.
818 5701 1025 5765 Parati.
1065 5711 1101 5766 l.
1121 5727 1195 5776 c.,
1218 5710 1489 5782 παρήχθη.
1531 5708 1653 5767 Mox
1686 5711 1815 5767 ibid.

1930 4500 2060 4539 vero
2085 4499 2181 4554 per
2207 4484 2523 4540 modestiam
2550 4492 2604 4539 et
2629 4484 2833 4538 cultum
2861 4483 3229 4554 honoremque
3256 4485 3493 4540 auctoris

1929 4576 2196 4631 bonorum
2228 4591 2388 4647 quem
2418 4576 2701 4646 anteponit
2728 4575 2887 4630 bonis
2915 4575 3077 4646 ipsis,
3114 4576 3370 4647 perlicere
3397 4592 3494 4646 po-

1929 4673 2037 4721 test
2078 4666 2223 4735 quod
2256 4666 2437 4720 studet
2467 4672 2521 4720 et
2559 4667 2811 4732 laborat;
2844 4672 2900 4720 ut
2929 4680 3104 4736 neque
3136 4681 3339 4735 pauper
3375 4666 3495 4719 sine

1929 4753 2244 4808 dilIicultate
2283 4765 2338 4810 et
2372 4755 2651 4812 laboribus
2692 4763 3019 4826 assequatur
3063 4755 3359 4822 virtutem;
3399 4756 3494 4811 sed

1928 4855 2081 4919 egeat
2113 4847 2294 4903 studio
2330 4855 2386 4903 et
2427 4849 2806 4912 accuratione,
2849 4849 2895 4904 si
2937 4863 3043 4919 qua
3090 4847 3143 4901 in
3191 4847 3309 4917 ipso
3354 4846 3494 4901 inest

1930 4940 2176 5006 incuria,
2206 4956 2275 4996 ne
2306 4949 2525 5010 propter
2566 4947 2936 5012 paupertatem
2988 4938 3189 5008 aliquid
3230 4936 3493 4993 illiberale

1930 5030 2126 5097 faciat,
2151 5039 2207 5087 et
2234 5032 2364 5086 dum
2392 5034 2578 5100 iniquo
2604 5033 2788 5087 animo
2818 5032 2918 5087 fert
2944 5039 3313 5102 paupertatem
3336 5069 3349 5091 ,
3376 5029 3494 5082 aui—

1928 5138 2076 5177 mum
2106 5139 2264 5178 suum
2295 5138 2359 5177 ac
2388 5124 2722 5197 voluntatem
2756 5123 3081 5195 patefaciat;
3113 5131 3171 5176 ut
3199 5122 3292 5192 qui
3319 5119 3492 5189 magis

1929 5228 2089 5284 quam
2118 5213 2285 5268 Deum
2310 5254 2324 5278 ,
2354 5215 2584 5270 honoret
2614 5230 2678 5270 ea
2703 5232 2822 5286 qua:
2848 5232 2878 5269 a
2911 5215 3018 5270 Deo
3047 5214 3244 5268 dantur
3270 5230 3285 5267 :
3315 5224 3492 5279 neque

1927 5306 2021 5375 qui
2052 5304 2256 5365 divitiis
2304 5306 2503 5365 aﬂluit.
2547 5308 2718 5377 possit
2767 5307 2872 5361 sibi
2916 5306 3088 5360 instar
3125 5304 3201 5359 rei
3246 5300 3487 5364 venalis,

1929 5398 2181 5469 pietatem
2217 5405 2272 5453 et
2301 5399 2554 5454 virtutem
2588 5413 2942 5468 comparare;
2985 5397 3115 5469 quin
3149 5396 3330 5467 potius
3361 5392 3488 5465 plus

1926 5512 2254 5576 διανήξαιτο.

1999 5582 2129 5647 (⁸29⁸)
2166 5582 2289 5648 Οὐχ
2320 5580 2418 5644 ὡς.
2460 5578 2583 5634 Haec
2614 5580 2916 5634 addidimus
2940 5618 2955 5642 ,
2991 5587 3045 5649 et
3089 5577 3353 5635 sententia
3386 5590 3490 5649 po:

1930 5652 2186 5715 stulante,
2218 5647 2271 5704 ct
2301 5651 2543 5707 versione
2565 5652 2635 5705 ita
2662 5651 2965 5705 cxbibcnte.
2997 5647 3148 5705 Emr.

3478 5809 3516 5821 ,Α
