3968 6914
487 286 623 343 ΗΠ
1673 284 1815 341 TITI
1852 282 2106 341 BOSTRI

2212 282 2282 338 .iS
2320 280 2625 337 EPISCOPI
3594 280 3660 331 ιι
3677 276 3759 330 58

485 406 544 460 in
572 404 676 460 hac
702 419 760 459 re
789 405 1095 460 sudandum
1119 406 1169 462 ei
1196 406 1268 461 sit
1292 425 1307 461 :
1345 406 1519 478 magis
1548 408 1691 461 enim
1723 407 1844 472 hic,
1871 415 1929 460 ut
1963 421 2061 477 par
2089 416 2106 467 Α

2212 403 2414 466 λείονος
2446 402 2668 475 ἱδρῶτος
2706 400 2840 472 πρὸς
2885 400 3044 453 τοῦτο
3099 398 3331 453 δεῖσθαι’
3389 395 3762 469 χειμάζεσθαι

487 504 615 561 est,
691 495 957 556 ﬂuctuat.
1022 505 1071 551 et
1137 504 1393 566 tanquam
1453 504 1783 571 tempestate.
1824 496 2060 566 jactatur

2212 497 2268 569 ὶρ
2301 495 2501 567 μᾶλλον
2532 494 2623 547 τὸν
2645 492 2888 547 τοιοῦτον
2915 492 3060 557 είκὺς
3079 492 3177 563 τὴν
3199 492 3459 555 διάνοιαν,
3496 493 3561 560 τῇ
3584 507 3762 561 φρον-

490 593 681 650 ιιωηε,
707 599 839 639 cura
871 593 928 640 et
963 587 1339 642 sollicitudine
1372 587 1428 642 in
1461 589 1601 643 bona
1623 596 1847 644 externa
1871 628 1887 653 ,
1917 596 1970 643 et
2007 588 2059 642 in

2212 590 2269 644 ἷδι
2301 589 2654 663 μεριζόμενον
2684 588 2821 656 πρός
2851 604 2911 640 τε
2945 585 3013 639 τὰ
3042 585 3200 648 ὲκτὸς
3245 583 3381 656 πρός
3421 600 3483 636 τε
3512 582 3582 635 τὰ
3622 583 3761 652 περὶ

494 677 735 731 animam
763 678 966 748 partita
992 699 1005 734 :
1033 688 1088 734 et
1113 679 1216 735 nisi
1244 679 1518 735 existimet
1542 689 1666 735 esse
1691 695 1822 750 opes
1843 680 2065 735 omnino

2212 683 2268 752 ἣν
2321 681 2535 752 ψυχήν
2588 679 2685 744 ὡς,
2726 680 2777 732 εἰ
2832 676 2908 749 μὴ
2960 675 3235 747 πάρεργον
3291 670 3433 728 εἶναι
3469 672 3764 736 παντελῶς

493 769 792 841 πάρεργον,
839 769 996 842 ἔργον
1036 785 1163 827 vero
1207 772 1383 827 solum
1429 773 1723 827 amicitiam
1770 789 1892 827 cum
1934 772 2062 838 Deo,

2212 772 2275 823 δνι
2313 770 2539 824 πλοῦτον
2608 768 2853 840 οἰηθείη,
2908 768 3067 839 ἔργον
3118 767 3176 820 δὲ
3232 767 3393 837 μόνον
3459 764 3562 835 τὴν
3618 765 3762 835 πρὸς

493 860 841 931 demergetur
867 862 921 917 in
947 864 1240 918 amentiam
1266 865 1576 934 integram;
1612 878 1721 918 non
1756 864 2064 935 intelligens

2212 859 2301 913 εὸν
2337 858 2536 929 φιλίαν,
2594 857 3019 931 βαπτισθήσεται
3065 858 3201 930 πρὸς
3247 859 3431 913 ἄνοιαν
3487 855 3760 925 παντελῆ,

493 968 578 1018 se,
603 956 783 1025 primo
809 964 863 1011 et
891 956 1009 1011 solo
1039 955 1183 1011 bono
1215 957 1438 1021 relicto,
1472 956 1678 1011 servire
1723 957 1954 1012 mortuis
1981 955 2068 1010 di-

2212 952 2251 1024 ,ἢ
2319 953 2553 1015 συνιεὶς.
2612 952 2710 1017 ὡς,
2765 953 2828 1005 τὸ
2884 952 3096 1024 πρῶτον
3158 952 3251 1005 καὶ
3313 951 3473 1022 μόνον
3548 948 3764 1018 ἀγαθὸν

495 1046 665 1113 vitiis,
695 1061 831 1117 quas
857 1064 979 1102 cum
1014 1049 1296 1119 reliquerit
1316 1048 1475 1113 aliis,
1505 1050 1622 1118 ipse
1650 1049 1840 1103 abibit.

2212 1044 2361 1110 ἀσας,
2391 1045 2630 1099 δουλεύει
2659 1043 2837 1117 νεκρῷ
2882 1045 3114 1116 πλούτῳ,
3151 1044 3208 1098 δν
3248 1040 3537 1099 ἀπολιπὼν
3574 1043 3762 1105 illa;

2176 1137 2475 1208 οἰχήσεται.

1167 1241 1298 1296 CAP.
1338 1238 1474 1296 Vlll.
1518 1240 1776 1311 Pauperis
1807 1251 1856 1295 et
1878 1241 2057 1298 divitis
2090 1244 2393 1303 discrimen.
2426 1247 2705 1319 Improbus
2731 1265 2891 1321 quare
2918 1249 3080 1306 dives.
3112 1273 3119 1287 ν

573 1361 652 1416 Ex
681 1375 837 1432 sequo
874 1357 1038 1431 igitur
1067 1369 1225 1414 vacat
1271 1360 1517 1431 periculo
1550 1361 1638 1416 via
1676 1361 1938 1429 virtutis;
1984 1377 2082 1417 ne-

2268 1366 2570 1431 Ἀκίνδυνος
2602 1367 2701 1438 μὲν
2730 1365 2823 1422 οὖν
2854 1368 3049 1439 ἐπίσης
3074 1366 3197 1420 οὔτε
3229 1367 3469 1438 πλουσίῳ
3494 1367 3623 1421 οὔτε
3669 1369 3770 1422 ’ά-

504 1471 610 1528 que
635 1455 810 1520 diviti,
839 1468 1015 1524 neque
1042 1455 1265 1523 pauperi
1309 1452 1590 1523 impedita.
1621 1452 1771 1508 Inter
1799 1469 1858 1509 se
1901 1463 2082 1508 autem

2216 1477 2305 1532 ητι
2356 1460 2455 1533 τὴς
2486 1461 2683 1532 ἀρετῆς
2738 1462 2770 1532 ἡ
2826 1461 3042 1534 πορεία,
3076 1461 3137 1515 οὐ
3171 1461 3277 1533 μὴν
3301 1461 3410 1514 οὐδ’
3466 1462 3774 1530 ἀνέφικτος

506 1550 661 1603 dives
693 1554 748 1602 et
785 1561 988 1619 pauper
1013 1546 1188 1602 solum
1222 1544 1478 1600 diderunt
1516 1552 1868 1600 externarum
1900 1561 2085 1601 rerum

2212 1550 2360 1605 ιὺδενὶ
2398 1550 2606 1607 τούτοιν
2624 1569 2637 1583 ·
2664 1551 2906 1624 ἀλλήλων
2949 1551 3006 1606 δὲ
3027 1551 3342 1623 διαφέρουσι
3380 1551 3546 1622 μόνον
3570 1554 3639 1625 τῇ
3660 1552 3777 1605 τῶν

505 1639 841 1704 accessione,
865 1654 986 1710 quae
1019 1639 1192 1693 nihilo
1224 1639 1347 1709 plus
1379 1639 1523 1693 valet
1572 1638 1638 1693 ad
1676 1639 1729 1694 id
1770 1638 1915 1709 quod
1965 1655 2090 1710 pro-

2212 1640 2387 1707 χξωθεν
2418 1641 2698 1714 περιϐολῇ,
2734 1642 2901 1713 μηδὲν
2937 1643 3135 1715 ἐχούσῃ
3170 1642 3330 1695 πλέον
3362 1643 3506 1713 πρὸς
3534 1643 3601 1696 τὸ
3638 1662 3779 1717 προσ

508 1733 747 1803 positum
777 1740 883 1796 est,
912 1730 1324 1802 adipiscendum
1360 1750 1373 1786 :
1407 1740 1571 1803 atque
1594 1731 1698 1787 hoc
1732 1731 1955 1803 quidem
1993 1749 2089 1788 ne-

2212 1732 2439 1805 ιείμενον
2456 1747 2473 1764 ⁸
2508 1733 2819 1802 ἀναγκαίως
2850 1734 2944 1787 καὶ
2974 1732 3135 1787 τοῦτο
3153 1734 3253 1804 τῆς
3282 1733 3378 1787 τοῦ
3406 1735 3551 1788 Θεοῦ
3577 1737 3779 1804 σοφίας

509 1825 755 1881 cessario
790 1824 976 1879 divina
1023 1825 1293 1895 sapientia
1337 1825 1632 1896 disposuit.
1669 1824 1900 1892 Quando
1942 1825 2089 1881 enim

2212 1824 2480 1895 ἱιαθείσης.
2517 1826 2585 1878 ’Ὀ
2610 1841 2670 1877 τε
2700 1824 2809 1896 γὰρ
2828 1825 2995 1896 πένης
3015 1824 3438 1896 διαγυμνάζεται
3470 1827 3615 1899 πρὸς
3638 1844 3780 1899 καρ-

512 1934 719 1991 pauper
749 1925 1038 1974 exercetur
1066 1918 1134 1973 ad
1166 1918 1511 1974 tolerantiam
1535 1918 1879 1990 capiendam.
1901 1919 2091 1975 videns

2212 1917 2398 1989 τερίαν,
2433 1915 2660 1970 πλοῦτον
2697 1918 2827 1988 παρ’
2861 1916 3005 1988 ἄλλῳ
3034 1916 3244 1987 βλέπων
3263 1957 3279 1980 ,
3309 1917 3404 1970 καὶ
3435 1920 3469 1972 ὁ
3520 1918 3778 1982 πλούσιος

512 2009 659 2079 apud
689 2009 858 2063 alium
902 2008 1273 2081 0pulentiam;
1315 2010 1532 2065 animus
1569 2011 1733 2065 etiam
1775 2009 1960 2067 divitis
1997 2026 2093 2066 ex-

515 2101 767 2169 ploratur
816 2100 1082 2155 tenuitate
1142 2099 1430 2170 pauperis;
1481 2099 1712 2157 inutiles
1764 2101 1910 2156 enim
1967 2109 2095 2157 sunt

516 2207 672 2262 opes,
706 2191 753 2247 si
782 2200 895 2247 non'
918 2192 1062 2247 adsit
1084 2200 1376 2262 paupertas
1410 2210 1424 2247 :
1461 2192 1552 2248 cui
1582 2192 1728 2249 enim
1760 2191 1994 2264 benigne
2016 2192 2097 2247 fa-

516 2284 628 2341 ciet
656 2283 989 2355 opulentus?
1012 2292 1066 2339 et
1090 2291 1380 2355 paupertas
1397 2300 1508 2340 non
1530 2292 1615 2341 est
1631 2292 1874 2356 spectata
1892 2292 1946 2340 et
1968 2299 2097 2356 pro-

517 2376 668 2442 bata,
694 2376 802 2433 nisi
827 2375 1153 2432 adversante
1191 2377 1489 2448 opulentia.
1529 2375 1775 2449 Denique
1814 2393 1993 2448 neque
2022 2377 2101 2433 di-

520 2468 687 2524 vitem
723 2483 849 2525 esse
878 2467 1099 2524 beatum
1138 2477 1242 2535 est,
1279 2484 1458 2541 neque
1500 2486 1797 2541 pauperem
1842 2486 1965 2526 esse
1996 2472 2100 2526 mi-

2192 2008 2544 2079 δοκιμάζεται
2582 2008 2683 2078 τὴν
2719 2007 2943 2079 γνώμην
2975 2010 3042 2078 τῇ
3074 2007 3168 2061 τοῦ
3205 2009 3589 2080 πτωχεύοντος
3628 2013 3777 2064 ἔντεα

2194 2099 2340 2171 λείᾳ·
2374 2098 2602 2163 πλοῦτος
2637 2100 2736 2170 μὲν
2767 2099 2875 2171 γὰρ
2921 2100 2995 2172 μὴ
3036 2104 3449 2174 παρακειμένης
3500 2103 3779 2174 πτωχείας

2197 2191 2498 2265 ἀχρηστοςο
2532 2191 2653 2247 τίνα
2698 2191 2807 2265 γὰρ
2838 2193 3154 2264 εὐποιήσει;
3182 2194 3276 2247 καὶ
3316 2195 3483 2250 πενία
3517 2197 3779 2267 ἀδόκιμος

2202 2283 2276 2356 μὴ
2302 2283 2672 2354 ἀντικειμένου
2709 2284 2957 2339 πλούτου.
2984 2285 3161 2351 Ὂλως
3193 2286 3250 2340 δὲ
3280 2286 3403 2341 οὔτε
3437 2288 3505 2342 τὸ
3530 2288 3779 2343 πλουτεῖν

2203 2376 2490 2448 μακάριον,
2514 2374 2636 2429 οὔτε
2659 2375 2720 2429 τὸ
2740 2374 2992 2430 πένεσθαι
3019 2378 3246 2433 ἐλεεινόν
3267 2393 3280 2406 ·
3306 2378 3500 2451 ἐπειδή
3527 2397 3597 2449 γε
3627 2382 3781 2447 μόνος

2200 2472 2408 2534 ἐκεῖνος
2439 2469 2728 2542 μακάριος,
2754 2463 2798 2539 ᾧ
2828 2470 3115 2542 πρόσεστιν
3148 2473 3181 2542 ἡ
3226 2470 3443 2543 βέϐαιος
3468 2476 3574 2544 τῆς
3606 2474 3783 2546 ψυχῆς

519 2574 706 2615 serum
734 2578 750 2617 :
782 2560 1224 2632 quandoquidem
1247 2562 1398 2618 solus
1431 2562 1522 2618 ille
1556 2562 1649 2617 cui
1689 2560 1902 2617 accedit
1946 2562 2101 2616 ﬁrma

2212 2563 2320 2618 κατ’
2355 2563 2553 2635 ἀρετὴν
2595 2562 2890 2635 εὐπραγία,
2924 2563 3087 2618 κάντε
3114 2563 3383 2629 πλούσιος,
3417 2565 3591 2619 κάντε
3622 2567 3784 2637 πένης

523 2650 723 2706 anima:
753 2651 1057 2707 secundum
1082 2652 1347 2708 virtutem
1378 2651 1635 2718 felicitas,
1666 2653 1781 2709 sive
1811 2652 1965 2708 dives
1988 2653 2104 2708 sive

2212 2658 2423 2729 ὑπάρχῃ
2452 2658 2481 2710 ὁ
2519 2654 2789 2722 τοιοῦτος,
2819 2649 2886 2726 ἧς
2927 2654 3112 2710 ἕνεκεν
3156 2656 3291 2728 πρὸς
3326 2656 3464 2710 Θεοῦ
3497 2656 3788 2726 ἄνθρωπος

523 2757 733 2813 pauper
763 2743 855 2807 sit,
890 2757 1115 2814 compos
1134 2744 1256 2813 ejus
1286 2753 1371 2799 est
1394 2744 1555 2814 cujus
1579 2760 1745 2801 causa
1794 2759 1837 2798 a-
1874 2744 1983 2799 Deo
2025 2743 2105 2797 fa-

2212 2746 2494 2816 γεγένηται
2514 2761 2527 2774 ⁸
2556 2744 2633 2809 ὡς
2661 2744 2779 2798 δέον
2820 2744 2971 2818 παρά
3004 2746 3102 2818 μὲν
3136 2746 3269 2800 Θεοῦ
3301 2747 3361 2800 τὸ
3385 2744 3532 2800 εἶναι
3580 2747 3788 2808 λαὸεῖν,

523 2840 649 2888 ctus
681 2839 767 2888 est
787 2832 949 2888 homo
983 2849 998 2887 :
1032 2842 1090 2886 ut
1121 2832 1234 2902 jam
1260 2849 1398 2924 opus
1436 2835 1507 2889 sit
1536 2848 1567 2887 a
1600 2833 1709 2890 Deo
1752 2834 2021 2904 accipere,
2044 2841 2106 2888 ut

2212 2839 2337 2910 mp‘
2365 2836 2557 2892 ἑαυτοῦ
2590 2836 2648 2889 δὲ
2680 2837 2741 2890 τὸ
2773 2838 2974 2907 ἀγαθὸν
3007 2836 3394 2910 προσγενέσθαι
3416 2839 3637 2904 λαὸεἷν,
3673 2857 3792 2892 συν-

526 2925 638 2993 sit;
684 2940 717 2980 a
747 2940 807 2981 se
859 2940 990 2981 vero
1047 2926 1318 2996 accipere,
1359 2935 1418 2982 ut
1450 2926 1630 2982 bonus
1676 2927 1772 2992 sit,
1816 2926 2106 2997 adjuvante

2212 2929 2502 3001 εργοῦντος
2552 2928 2688 2983 Θεοῦ
2708 2947 2723 2961 ο
2759 2928 3002 3000 βούλεται
3026 2930 3135 3003 γὰρ
3166 2930 3300 2995 Θεὸς
3326 2933 3420 2985 καὶ
3454 2933 3592 3004 παρ’
3628 2930 3793 2986 αὑτεῦ

528 3017 835 3074 Deozvult
873 3019 1019 3075 enim
1064 3018 1230 3086 Deus,
1292 3029 1353 3091 ut
1407 3021 1571 3077 homo
1632 3035 1756 3076 cum
1817 3022 1889 3076 sit
1940 3021 2108 3076 ratio-

527 3109 618 3170 nis
662 3111 960 3182 particeps,
1013 3111 1213 3168 habeat
1266 3113 1473 3185 aliquid
1528 3127 1560 3166 a
1613 3128 1675 3169 se
1718 3111 1784 3167 ad
1812 3113 2106 3184 gloriosam

529 3202 810 3261 ﬁduciam.

600 3292 872 3363 Quocirca
899 3309 1012 3351 non
1048 3294 1461 3362 atlmirabimur,
1506 3313 1685 3368 neque
1728 3297 1946 3355 beatum
1980 3314 2113 3371 pra:-

530 3386 838 3443 dicabimus
871 3388 1051 3443 virum
1088 3388 1310 3444 divitem
1345 3389 1609 3446 maleﬁcia
1652 3393 2109 3447 committentem:

532 3495 711 3551 neque
741 3479 1084 3551 stupebimus
1136 3489 1327 3536 contra
1362 3480 1455 3537 Dei
1492 3483 1910 3553 providentiam,
1946 3484 2111 3554 quod,

533 3573 631 3645 qui
662 3574 790 3631 talis
827 3583 937 3642 est,
962 3575 1171 3632 divitiis
1199 3576 1403 3631 allluat.
1436 3574 1575 3643 Quid
1597 3577 1741 3632 enim
1765 3578 1998 3648 amplius
2018 3578 2116 3633 ha-

536 3668 629 3725 bet
650 3670 733 3724 vir
758 3669 1043 3741 improbus
1090 3670 1282 3727 dives?
1309 3668 1452 3737 Quid
1488 3685 1618 3726 vero
1658 3685 1769 3725 non
1805 3671 1990 3727 minus
2021 3672 2115 3725 lia-

537 3758 673 3815 δειῖ
698 3759 899 3830 vigiliae
926 3761 1073 3817 enim
1100 3771 1153 3816 et
1176 3761 1417 3832 pericula
1443 3769 1666 3832 propter
1691 3762 1987 3832 pecunias;
2018 3762 2118 3818 do-

539 3852 686 3909 lores
717 3867 849 3908 vero
878 3852 946 3909 de
966 3856 1308 3923 consumptis
1342 3853 1600 3924 majores,
1618 3868 1782 3925 quam
1814 3854 2120 3925 voluptates

2206 3021 2297 3074 τὸν
2323 3019 2606 3092 ἄνθρωπον
2646 3018 2789 3092 ἔχειν
2820 3020 2884 3076 ἄν
2906 3037 2978 3086 τι,
3007 3019 3222 3089 λογικὸν
3252 3020 3379 3075 ὄντα
3407 3022 3549 3092 πρὸς
3584 3021 3797 3087 ἔνδοξον

2211 3116 2542 3191 παρρησίαν.

2284 3299 2444 3353 Ὥστε
2499 3299 2561 3353 οὗ
2608 3298 2963 3371 θαυμάσομεν
3015 3298 3136 3353 οὐδὲ
3186 3298 3562 3371 μακαριοῦμεν
3626 3299 3800 3373 ἄνδρα

2222 3393 2473 3448 πλούσιον
2520 3392 3008 3466 κακοπραγοῦντα·
3055 3392 3178 3446 οὐδὲ
3225 3392 3674 3464 διαπορήσομεν,
3716 3395 3799 3446 ὅτι

2216 3487 2432 3541 πλουτεῖ
2457 3487 2696 3552 τοιοῦτος
2728 3486 2800 3540 ὢν
2839 3489 2974 3557 πρὸς
2998 3486 3098 3558 τὴν
3119 3484 3212 3539 τοῦ
3251 3485 3386 3539 Θεοῦ
3418 3487 3695 3557 πρόνοιαν.
3737 3483 3801 3538 Τί

2214 3580 2323 3653 γὰρ
2350 3580 2586 3651 ὑπάρχει
2628 3578 2787 3634 πλέον
2816 3579 2969 3652 ἀνδρὶ
2999 3576 3218 3652 πονηρῷ
3252 3575 3571 3631 πλουτοῦντι
3597 3594 3613 3642 ;
3643 3576 3713 3629 Τί
3745 3575 3800 3631 δὲ

2214 3671 2314 3725 οὐκ
2346 3670 2563 3731 ἔλαττον
2584 3669 2732 3741 αὐτῷ
2758 3669 3079 3741 πρόσεστιν;
3113 3668 3412 3742 ἀγρυπνίαι
3436 3668 3538 3739 μὲν
3572 3669 3666 3721 καὶ
3684 3668 3799 3722 κίν-

2216 3762 2359 3816 δυνοι
2385 3762 2472 3816 διὰ
2506 3762 2575 3817 τὰ
2609 3763 2865 3834 χρήματα
2884 3802 2899 3827 ,
2931 3761 3097 3816 λύπαι
3127 3761 3183 3815 δὲ
3217 3760 3330 3815 τῶν
3353 3761 3801 3832 ἀναλισκομένων

2221 3856 2438 3927 μείζους
2466 3857 2610 3928 ἢπερ
2643 3855 2825 3927 ἡδοναὶ
2849 3854 2957 3908 τῶν
2993 3854 3396 3927 ποριζομένωνο
3428 3855 3490 3907 οὐ
3522 3855 3633 3926 γὰρ
3657 3851 3804 3905 οὕτω

538 3946 608 4003 dc
632 3946 957 4019 acquisitis:
990 3963 1095 4004 non
1139 3950 1283 4004 enim
1319 3957 1430 4005 tam
1472 3948 1707 4006 delectat
1743 3950 1888 4020 quod
1941 3949 2106 4014 adest,

2216 3948 2278 4003 τὸ
2331 3948 2504 4020 παρὸν
2545 3946 2847 4020 εὐφραίνει,
2877 3946 2954 4011 ὡς
2982 3946 3041 4000 τὸ
3065 3948 3203 4001 ἀπὸν
3244 3945 3429 4000 λυπεῖ·
3463 3945 3554 3999 καὶ
3596 3946 3685 3998 ἀεὶ
3732 3945 3806 3998 τά

539 4053 706 4109 quam
739 4040 955 4094 cruciat
993 4040 1139 4111 quod
1171 4041 1345 4109 abest,
1390 4049 1445 4097 et
1485 4056 1702 4113 semper
1744 4041 2012 4112 cupiditas
2042 4041 2106 4096 di«

2218 4037 2317 4107 τῆς
2345 4034 2641 4107 ἐπιθυμίας
2690 4035 3010 4101 συναύξεται
3042 4035 3119 4107 τῷ
3152 4034 3388 4105 πλούτῳ,
3424 4035 3500 4098 ὡς
3528 4035 3621 4087 τὸν
3644 4034 3805 4105 λογι-

543 4128 716 4197 νὶιίἰεζ
734 4138 1005 4199 augetur:
1037 4132 1111 4186 ita
1146 4140 1205 4186 ut
1254 4133 1373 4188 sine
1425 4133 1829 4189 intermissione
1864 4132 2106 4205 cogitatit

2223 4126 2358 4198 σμδν
2410 4126 2767 4191 ἀδιαλείπτως
2823 4130 3088 4181 συνοικεῖν
3138 4127 3349 4198 ἀσχέτῳ
3392 4125 3580 4193 πάθει,
3626 4126 3693 4179 τδ
3737 4127 3802 4179 δὲ

545 4221 750 4278 habitet
778 4238 904 4278 cum
926 4223 1211 4280 affectione
1235 4224 1518 4288 effrenata,
1566 4218 1770 4295 ‘corpus
1794 4240 1923 4279 vero
1953 4240 2106 4295 saepe-

2225 4218 2384 4291 σῶμα
2415 4219 2673 4284 πολλάκις
2697 4219 3206 4291 συγκατατίμεσθαι
3234 4219 3307 4291 τῷ
3336 4219 3574 4291 λογισμῷ
3592 4237 3606 4249 ·
3643 4219 3709 4272 τδ
3737 4219 3803 4272 δὲ

544 4329 778 4370 numero
810 4316 1144 4386 cogitatione
1168 4317 1542 4372 contabescat.
1576 4316 1800 4372 Demum
1824 4333 1944 4387 qua:
1975 4318 2106 4373 vide

2223 4311 2412 4367 δοκοῦν
2433 4312 2727 4386 πλεονεκτη
2735 4332 2809 4385 μα
2833 4313 2926 4367 τοῦ
2952 4312 3267 4386 περιουσίαν
3289 4313 3617 4383 κεκτημένου
3639 4311 3804 4382 χαλε-

546 4413 640 4457 ιυι·
686 4405 1035 4474 ριάιδιιιιιιὶοτ
1076 4406 1320 4460 conditio
1367 4406 1697 4462 aﬂluentiam
1739 4422 1901 4478 cpum
1943 4409 2106 4480 possi-

2226 4403 2468 4478 πὼτερον
2501 4405 2812 4477 τυγχάνειῆ
2851 4405 3221 4477 μειονέκτημα
3245 4421 3259 4434 ·
3299 4402 3520 4474 τρυφῶν
3550 4402 3668 4473 ('50)
3694 4399 3804 4473 γὰρ

545 4493 748 4560 dentis,
797 4495 1071 4559 dimcilior
1111 4504 1165 4555 et
1207 4501 1489 4556 molestior
1538 4508 1623 4557 est
1661 4516 1822 4572 quam
1882 4502 2106 4558 conditit

2228 4496 2321 4551 καὶ
2349 4496 2507 4568 εὐνῆς
2534 4495 2833 4569 ἀπαλότητι
2865 4495 3165 4568 χρώμενος,
3203 4496 3284 4559 είς
3321 4494 3634 4567 ἀρρωστίας
3659 4491 3802 4545 ἐστιν

546 4588 756 4658 egentis
792 4608 805 4644 :
837 4589 928 4645 ille
950 4591 1100 4661 enim
1124 4591 1335 4648 deliciis
1360 4600 1415 4647 et
1440 4594 1670 4649 mollitia
1709 4593 1907 4650 cubilis
1939 4603 2097 4650 utens

2227 4590 2315 4644 ὅτε
2338 4590 2583 4653 ποικίλας
2605 4589 2888 4661 ἐμπίπτει·
2904 4589 2997 4642 τοῦ
3022 4589 3079 4643 δὲ
3099 4589 3333 4659 πένητος
3347 4589 3413 4658 τῇ
3433 4585 3692 4658 ξηρότητι
3710 4585 3802 4654 τῆς

548 4681 877 4754 quandoque
908 4682 962 4738 in
994 4684 1175 4739 varios
1223 4686 1445 4741 morbos
1494 4685 1705 4753 incidit,
1758 4702 1881 4741 cum
1919 4703 2106 4758 paupei

2228 4682 2532 4752 ἀναγκαίας
2575 4682 2784 4753 διαίτης
2827 4682 2888 4735 τὸ
2933 4682 3172 4751 ὑγιαῖνον
3206 4679 3282 4752 τῷ
3328 4677 3545 4750 σώματι
3589 4674 3798 4748 ποριζό-

551 4777 802 4834 siccitate
860 4778 1038 4834 victus
1110 4780 1408 4835 necessarii
1476 4781 1841 4836 valetudinem
1908 4797 2101 4852 corpor

2233 4792 2415 4846 μενον.
2471 4774 2664 4829 Καίτοι
2704 4775 2789 4840 τίς
2823 4775 2889 4829 ἂν
2940 4775 3097 4846 φαίη,
3132 4774 3207 4840 ὼς
3235 4772 3357 4845 οὐχὶ
3401 4773 3466 4825 τὺ
3497 4771 3661 4841 σῶμα
3701 4770 3801 4822 τῶν

551 4871 767 4928 ascivit.
795 4870 865 4925 At
896 4873 1021 4942 quis
1049 4870 1195 4926 dicat
1232 4886 1338 4925 non
1376 4886 1496 4927 esse
1525 4887 1724 4942 corpus
1756 4873 2106 4928 excellentius

2230 4867 2385 4932 ἐκτὸς
2414 4868 2839 4940 προτιμότερονς
2866 4868 2929 4920 Εἰ
2951 4868 3008 4921 δὲ
3030 4868 3139 4930 τοῖς
3173 4865 3243 4920 τά
3267 4865 3540 4933 ἀναγκαῖα
3570 4862 3802 4933 μετρίοις

550 4972 606 5017 et
634 4962 808 5032 magis
836 4961 1159 5017 honoratum
1193 4978 1356 5033 quam
1387 4962 1528 5017 bona
1575 4963 1836 5018 externa?
1868 4960 2025 5028 Quod
2076 4978 2102 5018 s

2231 4959 2681 5032 ἐρρωμενεστέρα
2724 4959 2816 5012 τοῦ
2859 4958 3109 5029 σώματος
3146 4952 3262 5021 ἕξις
3303 4954 3576 5025 διαμένει,
3614 4955 3724 5014 τοῖς
3754 4950 3803 5001 δὲ

556 5053 816 5109 habitudo
854 5055 1101 5124 corporis
1155 5055 1421 5109 valentior
1458 5054 1513 5108 in
1559 5054 1626 5109 iis
1678 5061 1990 5124 perseverat
2035 5069 2106 5125 qu

2234 5049 2368 5121 πρὸς
2419 5050 2656 5122 ἄμετρον
2699 5049 2908 5121 τρυφὴν
2960 5046 3420 5119 κεχαλασμένοις,
3474 5042 3806 5113 συγκατάγε·

555 5147 885 5204 necessariis
915 5147 1189 5202 moderate
1231 5155 1488 5212 utuntur;
1525 5146 1593 5202 iis
1639 5162 1769 5202 vero
1814 5147 1907 5218 qui
1960 5162 2019 5202 se
2063 5162 2106 5201 at

2233 5159 2320 5195 ται
2350 5143 2445 5196 καὶ
2483 5141 2579 5196 τοῦ
2614 5142 2862 5214 σώματος
2901 5142 2930 5194 ὁ
2966 5142 3117 5205 τόνος
3137 5159 3150 5172 ο
3187 5140 3303 5203 πῶς
3334 5138 3436 5192 οὐκ
3466 5136 3707 5207 ἔνδηλον,
3737 5131 3806 5193 ὥς

556 5237 950 5294 immoderatas
993 5238 1222 5294 delicias
1276 5239 1583 5303 dimittunt,
1648 5239 1811 5294 simul
1862 5240 2029 5294 robur
2077 5256 2106 5293 (τ

2237 5235 2383 5291 κατά
2404 5235 2562 5289 τοῦτο
2594 5236 2687 5290 καὶ
2717 5236 2937 5291 ἔλαττον
2972 5237 3071 5306 τῆς
3109 5233 3299 5297 πενίας
3323 5234 3353 5285 ὁ
3378 5229 3649 5291 πλοῦτοςς
3678 5222 3806 5294 πλὴν

559 5328 789 5386 ﬁrmitas
811 5330 1060 5400 corporis
1091 5330 1401 5396 relaxatur;
1445 5345 1626 5386 annon
1668 5332 1836 5402 liquet
1858 5331 1959 5385 hac
1980 5340 2106 5401 part:

2237 5332 2286 5384 εί
2331 5330 2404 5401 μή
2460 5347 2542 5393 τις
2570 5330 2818 5402 εὑρεθείη
2875 5328 2969 5383 καὶ
3010 5327 3118 5382 τῶν
3161 5325 3475 5395 ἀναγκαίων
3527 5317 3801 5392 προσδεὴςι

560 5429 613 5475 et
647 5422 748 5478 hac
772 5423 1297 5480 ratione-inferiores
1342 5438 1466 5479 esse
1509 5422 1732 5478 divitias
1781 5429 2097 5493 paupertate

2238 5425 2375 5495 ὅπερ
2405 5423 2659 5478 οὐδέποτε
2694 5421 2772 5494 τῷ
2804 5423 2924 5476 κατ’
2956 5420 3157 5493 ἀρετὴν
3201 5416 3475 5488 σπουδαίῳ
3509 5412 3806 5485 συμϐαίνει.

562 5526 922 5591 praeterquam
948 5518 995 5575 si
1022 5518 1145 5590 quis
1178 5518 1483 5589 reperiatur
1531 5517 1623 5588 qui
1669 5523 1825 5587 egeat
1847 5516 2211 5585 necessariis;
2250 5517 2395 5589 quod
2419 5517 2639 5588 quidem
2662 5531 2942 5587 nunquam
2978 5514 3227 5571 studioso
3248 5511 3470 5567 virtutis
3494 5506 3716 5564 accidit!

635 5612 889 5686 Nunquid
937 5615 1187 5686 voluptas
1234 5614 1482 5669 ciborum
1520 5622 1967 5697 sumptuosorum
2014 5629 2106 5685 per

2318 5611 2464 5685 Ἄρα
2501 5614 2565 5685 δὴ
2605 5614 2711 5668 τῶν
2748 5611 3052 5667 πολυτελῶν
3082 5609 3391 5681 ἐδεσμάτων
3419 5608 3453 5677 ἡ
3487 5603 3655 5677 ἡδονὴ
3697 5612 3818 5655 συν-

640 5736 752 5813 (30)
779 5739 943 5796 Forte
964 5742 1214 5808 τρυφαῖς.
1243 5739 1395 5793 Εοιτ.
