4008 6208
323 249 459 307 μιν

1414 249 1790 308 ADVERSUS
1831 247 2254 307 ΜΑΝιουίεοε
2291 250 2418 306 LIB.
2461 251 2524 308 ll.

3432 252 3570 308 H50

317 365 561 438 διαμένει
593 370 660 438 τῇ
691 365 937 438 αίσθὴσει
958 363 1066 420 τῶν
1104 367 1190 420 ἀεὶ
1215 369 1594 440 κεχρημένων,
1626 365 1659 438 ἥ
1686 367 1749 437 δὴ
1775 365 1877 418 λίαι

1998 373 2176 420 manet
2206 381 2328 420 cum
2360 381 2524 421 sensu
2560 380 2746 420 eorum
2793 367 2884 435 qui
2918 380 3131 435 semper
3172 367 3254 422 usi
3297 375 3427 422 sunt
3462 369 3566 436 eis,

318 453 650 525 είύτελίζεται
678 461 744 531 τῇ
777 459 965 530 χρονίᾳ.
995 459 1284 532 συνηθείας
1313 462 1388 524 ὼς
1415 461 1576 532 μηδὲν
1599 460 1741 530 ἔχειν
1767 459 1892 523 τοὺς

317 553 588 618 τοιούτους
612 554 790 618 πλέον,
815 556 950 626 ὅπερ
974 556 1052 617 είς
1071 555 1278 626 τρυφὴν
1295 555 1746 627 προσαγάγωνται
1763 569 1776 583 ·
1805 550 1892 608 ἀεὶ

316 646 428 717 γὰρ
460 646 520 699 τὸ
565 645 793 716 σύνηθες
838 648 1326 718 εὐκαταφρόνητον.
1369 647 1458 718 Τῷ
1484 649 1540 702 δὲ
1587 649 1778 719 πένητι
1831 647 1893 701 τὸ

320 736 418 806 μὲν
451 734 665 798 εὐτελὲς
697 735 786 788 διά
813 734 909 806 τὴν
941 736 1125 803 ὑγείαν
1144 735 1380 805 ἥδιστον,
1408 735 1471 789 τὸ
1504 736 1558 788 δὲ
1581 734 1887 798 πολυτελὲς,

318 825 373 879 cf
400 841 532 879 ποτε
567 826 801 893 γένοιτο,
835 823 982 889 ξένον
1018 826 1112 878 καὶ
1149 827 1460 880 καινότατον
1487 828 1564 890 είς
1598 827 1889 896 ἀνειμένην

317 915 618 969 ἀπόλαυσιν
639 933 653 948 ·
696 916 835 969 ὥστε
867 917 1008 969 κατὰ
1032 918 1188 971 τοῦτο
1216 923 1327 983 τοῖς
1356 921 1533 992 ὀρθοῖς
1555 920 1833 988 λογισμοῖς
1861 920 1888 970 6

317 1003 599 1076 χρώμενος
638 1004 786 1076 εῦροι
826 1006 892 1058 ἂν
920 1007 1080 1060 πλέον
1123 1007 1311 1078 ἔχοντα
1355 1011 1449 1064 τοῦ
1500 1009 1750 1063 πλουσίου
1798 1007 1887 1060 τὸν

316 1097 547 1168 πένητα.
577 1098 748 1160 Νόσος
774 1098 832 1152 δὲ
862 1101 956 1152 καὶ
987 1101 1143 1169 ὑγεία
1163 1103 1555 1174 παραπλησίως
1580 1103 1848 1169 ἀναγκαῖα
1869 1117 1884 1133 ο

311 1188 346 1258 ὴ
379 1206 438 1242 τε
465 1190 570 1260 γὰρ
604 1188 760 1257 ὑγεία
804 1190 939 1261 πρὸς
968 1191 1179 1244 ἀδικίαν
1205 1193 1300 1246 τοῦ
1338 1193 1497 1265 ἔργου
1526 1195 1623 1264 τῆς
1663 1193 1882 1264 ἀρετῆς,

310 1281 344 1351 ἡ
379 1298 440 1334 τε
473 1281 623 1345 νόσος
655 1281 799 1335 ἐστιν
819 1283 907 1336 ὅτε
935 1283 1070 1357 πρὸς
1099 1284 1406 1356 ἀνατροπὴν
1431 1285 1728 1356 ἁμαρτίας·
1763 1284 1887 1357 βοη-

311 1374 483 1427 θεῖται
504 1374 614 1446 γὰρ
637 1373 894 1438 πολλάκις
923 1377 950 1428 6
982 1375 1237 1446 λογισμὸς
1261 1381 1373 1440 τοῖς
1397 1377 1591 1442 ἔξωθεν
1621 1379 1881 1448 κύμασιν.

313 1465 523 1530 Ἀλλως
544 1483 602 1518 τε
625 1466 733 1519 τῶν
756 1469 1201 1540 ἀρρωστημάτων
1228 1472 1261 1541 ἡ
1290 1473 1450 1542 πεῖρα
1475 1472 1573 1541 τῆς
1594 1472 1686 1524 τοῦ
1711 1472 1886 1539 ὑγιαί-

307 1575 421 1612 νειν
455 1557 772 1628 εὐεργεσίας
807 1561 1208 1632 ἀναμιμνήσκει
1260 1561 1396 1633 πρὸς
1437 1561 1738 1616 εὐλάϐειαν.
1776 1558 1882 1615 ’Ἦν

305 1652 350 1704 6‘
383 1651 448 1704 ἂν
487 1653 579 1704 καὶ
619 1651 736 1705 λίαν
767 1653 1258 1725 εὐκαταφρόνητος,
1288 1656 1337 1707 εί
1359 1655 1480 1708 καθ’
1517 1657 1714 1727 ἑαυτὴν
1749 1655 1880 1708 καθ-

304 1742 425 1794 όλου
478 1741 714 1813 διέμενε,
763 1743 840 1814 τῷ
890 1746 1057 1816 μηδὲν
1093 1746 1402 1818 ἐνδέχεσθαι
1451 1748 1876 1818 παρεμποδίζειν

305 1832 494 1901 αὐτήν.

1996 471 2064 510 an
2093 458 2246 512 valde
2277 459 2400 512 vilis
2427 457 2658 512 eﬂicitur
2680 457 2939 513 diuturno
2973 458 3110 513 usu?
3142 467 3198 512 ut
3234 459 3346 527 jam
3395 461 3568 516 nihilo

1994 547 2118 615 plus
2147 548 2380 602 habeant
2414 548 2504 602 isti
2533 549 2585 600 in
2615 562 2701 608 eo,
2734 549 2877 617 quod
2903 549 2968 603 ad
2989 548 3214 604 delicias
3239 560 3292 604 et
3317 553 3549 620 volupta-

1993 647 2100 693 tem
2146 640 2404 693 adhibent
2438 658 2450 691 :
2485 655 2697 708 semper
2723 640 2866 694 enim
2890 639 3035 709 quod
3089 648 3412 696 consuetum
3457 652 3564 708 cst,

1993 732 2150 787 facile
2191 732 2580 788 contemnitur.
2616 731 2848 802 Pauperi
2891 741 3070 788 autem
3112 734 3254 803 quod
3304 741 3466 790 tenue
3512 743 3568 790 et

1991 827 2097 880 vile
2156 835 2260 889 est,
2317 833 2538 894 propter
2579 826 2868 881 sanitatem
2921 828 3304 883 suavissimum
3359 829 3566 884 estzsi

1991 917 2211 987 quando
2241 932 2370 970 vero
2403 917 2474 970 sit
2502 917 2573 979 ei,
2601 917 2743 986 quod
2775 926 3156 986 sumptuosum
3181 928 3286 982 est,
3327 919 3564 988 peregri-

1988 1025 2118 1064 num
2155 1019 2208 1063 et
2242 1023 2440 1063 novum
2473 1008 2624 1063 ducit
2672 1009 2738 1063 ad
2785 1010 3068 1064 fruendam
3121 1011 3512 1065 relaxationem
3548 1031 3561 1065 :

1987 1109 2048 1154 ut
2077 1101 2176 1154 hac
2205 1100 2435 1163 ratione,
2479 1102 2570 1168 qui
2616 1109 2762 1154 recte
2811 1101 3032 1170 cogitet,
3088 1117 3380 1171 pauperem
3419 1116 3567 1172 repe-

1988 1190 2094 1244 riat
2146 1198 2406 1260 praestare
2455 1189 2629 1242 diviti.
2673 1188 2893 1265 Morbus
2928 1201 3107 1244 autem
3162 1198 3216 1245 et
3285 1191 3425 1243 bona
3469 1204 3566 1244 va-

1986 1283 2169 1339 letudo
2218 1298 2372 1352 atque
2419 1283 2729 1336 necessaria
2766 1291 2914 1336 sunt.
2967 1281 3185 1336 Sanitas
3239 1281 3384 1337 enim
3420 1281 3564 1335 valet

1986 1375 2257 1429 interdum
2287 1372 2354 1428 ad
2416 1373 2736 1443 injustitiam
2787 1384 2842 1427 et
2892 1371 3248 1426 offensionem
3320 1371 3560 1435 virtutis,

1987 1467 2210 1521 morbus
2239 1466 2365 1520 item
2394 1464 2688 1535 aliquando
2716 1463 2783 1517 ad
2819 1463 3172 1519 evertendum
3207 1472 3262 1518 et
3307 1463 3558 1518 refutan-

1985 1559 2112 1614 dum
2173 1569 2452 1628 peccatum
2508 1557 2650 1610 valet
2685 1554 2953 1623 :juvatur
2996 1555 3142 1609 enim
3187 1570 3562 1624 smpenumero

1988 1652 2125 1705 ratio
2151 1651 2392 1706 externis
2422 1648 2698 1702 fluetibus.
2724 1647 3003 1701 Interdum
3039 1647 3375 1716 experientia
3411 1650 3566 1700 inva-

1987 1743 2246 1798 lctudinis
2276 1740 2343 1794 de
2374 1739 2642 1794 beneficio
2667 1739 2822 1792 bona:
2862 1736 3189 1792 valetudinis
3212 1738 3467 1792 admonet
3495 1737 3562 1792 ad

1982 1829 2366 1886 declinandum
2397 1827 2742 1881 maleficium.
2776 1825 2935 1880 Esset
2978 1835 3156 1880 autem
3197 1825 3452 1896 despecta
3483 1842 3565 1882 sa-

1989 1923 2154 1984 nitas,
2183 1921 2227 1974 si
2255 1919 2506 1972 universe
2534 1933 2628 1987 per
2661 1932 2720 1972 se
2753 1923 3115 1987 permaneret,
3142 1917 3385 1988 nihilque
3417 1918 3562 1988 quod

1977 2031 2096 2071 eam
2130 2011 2436 2082 impediret,
2460 2017 2644 2081 posset
2686 2010 3030 2080 contingere.

1081 2160 1206 2217 ΕΑΡ.
1251 2160 1342 2218 IX.
1378 2160 1568 2220 Justus
1602 2178 1888 2237 wgrotans.
1933 2168 2168 2238 Hale/ici
2209 2185 2304 2222 cur
2336 2183 2439 2221 non
2469 2167 2783 2237 puniantur.

375 2299 498 2355 εις
534 2300 563 2352 6
594 2299 690 2370 μὲν
715 2299 964 2370 ἐπιεικὴς
994 2299 1197 2371 νοσοίη,
1238 2301 1470 2369 ὑγιαίνοι
1495 2301 1551 2353 δὲ
1577 2304 1605 2354 6
1639 2303 1843 2372 θρασύς
1865 2323 1876 2334 ·

299 2393 329 2443 ό
361 2391 460 2462 μὲν
507 2389 818 2461 κατέχεται,
864 2388 944 2460 τῷ
989 2388 1194 2460 κύματι
1245 2390 1636 2462 βοηθούμενος,
1668 2394 1802 2464 πρὸς
1820 2396 1882 2448 τὸ

301 2484 588 2552 ἄμεμπτον
634 2483 733 2553 τῆς
767 2480 960 2536 ἑαυτοῦ
1014 2482 1194 2553 ζωῆς·
1222 2485 1251 2537 6
1291 2484 1351 2536 δὲ
1399 2486 1754 2556 παραδέδοται
1803 2487 1880 2558 τῷ

302 2573 642 2644 πλημμελεῖν
677 2574 753 2636 ὡς
798 2575 1238 2645 ἀπεγνωσμένος.
1268 2576 1330 2628 Et
1366 2575 1409 2629 δ’
1446 2573 1599 2641 αὖθις
1621 2579 1650 2630 6
1677 2578 1881 2649 θρασὺς

302 2665 395 2718 καὶ
425 2663 546 2718 λίαν
568 2665 770 2737 ἀσεϐὴς
808 2666 1146 2738 περιπίπτοι,
1186 2667 1214 2719 6
1249 2667 1304 2720 δὲ
1333 2669 1581 2741 ἐπιεικὴς
1610 2669 1841 2738 ὑγιαίνοι
1863 2683 1878 2699 ⁶

298 2762 326 2811 6
355 2759 452 2830 μὲν
474 2759 572 2829 ούχ
605 2758 691 2811 ῖνα
722 2757 960 2829 βοηθηθῇ
997 2758 1132 2833 πρὸς
1159 2759 1411 2830 αἴσθησιν
1431 2762 1737 2828 κολάζεται,
1765 2763 1878 2817 ἀλλ’

301 2852 388 2903 ἶνα
435 2849 778 2924 χρησιμεύσῃ
819 2853 932 2914 τοῖς
985 2851 1151 2922 ὁρῶσι
1195 2852 1330 2922 πρὸς
1369 2854 1700 2926 ὑπόδειγμα⁹
1726 2858 1754 2909 6
1798 2856 1878 2919 δὲ,

297 2944 375 3007 ὡς
399 2943 523 3014 δίχα
550 2943 763 3013 δεσμῶν
788 2942 1008 3014 ἡμέρως
1030 2944 1387 3013 ἀναστρέφειν
1411 2944 1727 3016 δυνάμενος,
1756 2947 1882 3000 ἄνο-

301 3052 393 3099 σος
417 3033 692 3104 διαμένειο
735 3036 783 3088 εί
831 3035 924 3087 καὶ
960 3034 1094 3097 ὅλως
1141 3035 1378 3108 ἑκάτερα
1429 3037 1706 3107 πανταχοῦ
1745 3039 1880 3109 χρὴ·

2058 2303 2114 2358 Si
2152 2310 2332 2357 autem
2367 2302 2458 2356 ille
2503 2300 2724 2370 quidem
2769 2300 2957 2372 justus
3010 2309 3257 2372 aegrotet,
3301 2301 3390 2357 hic
3432 2317 3566 2358 vero

1981 2397 2159 2450 audax
2191 2397 2328 2450 bene
2379 2394 2589 2460 valeat;
2651 2393 2743 2449 ille
2798 2395 3023 2464 quidem
3078 2393 3366 2449 cohibetur
3417 2396 3563 2451 unda

1982 2488 2224 2558 adjutus,
2251 2486 2438 2540 utvita
2461 2487 2581 2555 ejus
2627 2487 2852 2556 querela
2901 2497 2956 2542 et
2994 2486 3422 2556 reprehensione
3466 2501 3563 2541 ca-

1982 2587 2139 2645 reat;
2193 2579 2281 2632 hic
2328 2592 2460 2632 vero
2503 2587 2764 2648 tanquam
2828 2577 3151 2647 desperatus
3201 2578 3438 2634 traditus
3478 2587 3565 2635 est

1981 2671 2238 2741 peccatis.
2273 2667 2332 2723 Si
2375 2685 2570 2726 rursus
2601 2669 2781 2723 audax
2827 2678 2881 2724 et
2929 2669 3087 2724 valde
3133 2669 3334 2740 impius
3372 2669 3564 2726 morbo

1982 2762 2352 2827 conﬂictetur,
2379 2761 2568 2830 justus
2615 2777 2742 2816 vero
2771 2761 2928 2816 firma
2979 2762 3291 2818 valetudine
3320 2765 3426 2829 sit;
3463 2779 3564 2833 pu-

1983 2854 2134 2908 nitur
2159 2853 2250 2908 ille
2279 2852 2498 2924 quidem
2546 2869 2710 2909 sensu
2765 2852 3040 2922 supplicii,
3097 2869 3205 2908 non
3239 2852 3561 2922 utjuvetur.

1978 2946 2072 3001 sed
2110 2954 2167 2999 ut
2197 2945 2335 3000 alios
2365 2946 2614 3015 exemplo
2639 2946 2828 3014 juvet;
2855 2947 2943 2999 hic
2977 2960 3129 3012 vero,
3176 2956 3436 3016 tanquam
3469 2947 3561 3016 qui

1976 3037 2171 3092 solutis
2203 3037 2436 3092 vinculis
2470 3045 2752 3092 mansuete
2788 3037 2993 3091 versari
3021 3039 3356 3107 potest,sine
3380 3053 3562 3108 aegro-

298 3145 454 3200 σιμα,
483 3128 578 3181 καὶ
603 3125 783 3191 ἄθλιος
804 3127 833 3179 6
862 3127 961 3198 τὴν
987 3128 1251 3198 Πρόνοιαν
1276 3129 1524 3182 ἐντεῦθεν
1548 3129 1877 3201 ἀρνούμενος

1985 3129 2196 3182 tatione
2227 3139 2559 3196 perseverat.
2594 3128 2856 3193 Quamvis
2890 3137 3121 3198 utraque
3135 3146 3391 3200 \prorsus
3441 3131 3563 3186 ubi-

295 3217 329 3288 ἢ
361 3216 686 3271 διαϐάλλωνο
724 3217 859 3288 μόνη
897 3215 1006 3290 γὰρ
1030 3217 1272 3291 ὀλέθριος
1303 3221 1482 3289 εκείνη
1513 3219 1687 3284 νόσος,
1713 3223 1746 3291 ἠ
1774 3221 1872 3292 τὴν

293 3309 531 3364 ῑιάθεσιν
551 3309 652 3379 τῆς
671 3308 846 3380 ψυχῆς
875 3310 1011 3380 πρὸς
1037 3309 1358 3382 ἀποτροπὴν
1379 3311 1577 3383 ἀρετῆς
1605 3311 1868 3367 κακοῦσα.

295 3395 392 3467 Οἷς
421 3398 516 3456 οὖν
537 3405 566 3457 6
596 3401 851 3473 λογισμὸς
869 3400 1044 3466 ἀθῶος
1064 3401 1326 3473 διαμένοι,
1353 3403 1450 3456 εἴτ’
1471 3400 1564 3457 οὖν
1587 3406 1677 3457 καὶ
1699 3404 1876 3473 ύγιαί-

295 3513 377 3547 νοι
414 3494 474 3547 τὸ
519 3493 696 3566 σῶμα,
725 3493 1076 3565 αἰσθήσονται
1110 3493 1370 3566 ἑκατέρου
1400 3494 1461 3546 τὸ
1490 3497 1757 3566 χρήσιμον
1776 3513 1789 3526 ο
1825 3495 1874 3547 εἰ

293 3589 404 3658 γὰρ
448 3585 522 3657 μὴ
577 3586 792 3648 πάντως
824 3584 1041 3649 κολάζοι
1067 3585 1157 3638 τὸν
1204 3585 1653 3656 κακοπραγοῦντα
1698 3587 1872 3653 νόσος,

293 3677 479 3749 ἐπειδὴ
521 3677 771 3740 καὶτοὺς
801 3677 1000 3748 νόμους
1046 3677 1192 3731 ἔστιν
1236 3679 1324 3731 ὅτε
1369 3677 1718 3746 διαφεύγουσι
1769 3695 1872 3732 κα-

292 3770 548 3841 κοῦργοιο
598 3765 686 3842 ἄρ’
717 3765 808 3823 οῦν
837 3770 936 3823 ούκ
970 3769 1044 3822 ἂν
1066 3770 1150 3842 εἴη
1179 3770 1266 3824 διὰ
1297 3769 1455 3823 τοῦτο
1502 3769 1731 3841 κώλυμα
1777 3770 1875 3841 τῆς

291 3863 625 3934 κακουργίας
655 3864 684 3916 6
725 3864 908 3935 νόμος,
946 3861 1132 3933 ἐπειδὴ
1176 3863 1249 3935 μὴ
1285 3862 1374 3916 διά
1420 3864 1633 3917 πάντων
1662 3863 1877 3933 πρόεισι

288 3957 399 4011 τῶν
429 3958 839 4029 ύποκειμένων;
885 3959 916 4029 ἢ
945 3958 1004 4011 τὸ
1053 3955 1237 4028 θαῦμα
1264 3957 1360 4027 τῆς
1392 3955 1485 4009 τοῦ
1524 3955 1659 4008 Θεοῦ
1689 3956 1878 4026 σοφίας

290 4047 542 4102 ἐντεῦθεν
575 4048 650 4112 ὡς
693 4048 1029 4118 πανταχόθεν
1070 4047 1481 4112 ἀναδείκνυται;
1525 4048 1587 4100 Εἰ
1634 4048 1729 4118 μὲν
1771 4047 1880 4118 γὰρ

290 4141 512 4205 πάντως
548 4141 707 4212 δῆλον
748 4137 836 4213 ἦν,
861 4141 936 4204 ὡς
974 4141 1224 4212 οὐδαμῶς
1254 4140 1522 4211 ἐνδέχεται
1567 4139 1880 4208 διαφεύγειν

286 4230 397 4285 ἰὦν
441 4232 620 4303 νόμων
664 4233 764 4305 τὴν
814 4233 1033 4286 κόλασιν
1060 4231 1149 4285 τὸν
1197 4233 1225 4286 ὂ
1279 4250 1331 4284 τι
1383 4233 1578 4302 δήποτε
1621 4231 1728 4284 τῶν
1773 4231 1879 4284 ἁπ-

288 4324 675 4395 ηγορευμένων
715 4325 1175 4396 διαπραττόμενον
1197 4365 1211 4384 ,
1249 4323 1499 4393 κίϐδηλον
1534 4322 1598 4376 ἂν
1643 4322 1738 4374 καὶ
1761 4321 1880 4374 λίαν

285 4414 546 4484 ἀδόκιμον
574 4410 642 4486 ἦν
669 4416 729 4469 τὸ
763 4417 1040 4488 ἄπρακτον
1079 4417 1178 4486 τῆς
1212 4418 1516 4490 ἁμαρτίας·
1547 4415 1748 4478 πάντες
1773 4409 1881 4485 γὰρ

1975 3236 2079 3292 que
2128 3220 2279 3274 utilia
2323 3219 2466 3286 sint;
2502 3225 2556 3274 et
2605 3221 2792 3283 miser.
2845 3221 2939 3291 qui
2991 3220 3395 3278 Providentiam
3436 3223 3565 3279 hinc

1975 3320 2131 3381 negat
2162 3320 2250 3364 aut
2294 3317 2517 3366 accusat
2549 3328 2564 3364 :
2596 3311 2685 3365 ille
2727 3310 2872 3364 enim
2911 3311 3137 3366 morbus
3184 3313 3337 3368 solus
3370 3312 3566 3369 morti-

1975 3401 2055 3457 fer
2085 3411 2188 3466 est,
2218 3401 2311 3472 qui
2345 3401 2581 3454 animam
2617 3404 2684 3454 ad
2713 3401 3064 3456 evertendam
3109 3402 3372 3457 virtutem
3421 3405 3564 3460 male

1975 3493 2158 3548 allicit.
2192 3491 2247 3547 ln
2285 3492 2486 3564 quibus
2513 3491 2681 3563 igitur
2697 3491 2838 3545 ratio
2874 3492 3021 3546 salva
3038 3499 3091 3546 et
3122 3492 3418 3547 incolumis
3441 3509 3565 3563 pcr-

1977 3594 2212 3649 severat,
2247 3585 2363 3639 sive
2400 3598 2545 3654 aegro
2577 3597 2808 3652 corpore
2841 3581 2957 3636 sive
3000 3596 3135 3636 sano
3170 3582 3300 3647 sint,
3349 3582 3559 3636 utrius-

1977 3689 2083 3743 que
2114 3673 2405 3727 utilitatem
2431 3672 2668 3727 sentient
2695 3671 2828 3725 :etsi
2857 3671 3000 3724 enim
3042 3685 3150 3724 non
3179 3671 3401 3724 omnino
3424 3687 3562 3726 mor-

1978 3764 2081 3819 bus
2113 3765 2418 3818 maleticum
2457 3764 2667 3833 puniat,
2702 3761 2970 3832 siquidem
3006 3763 3150 3832 leges
3191 3763 3354 3817 etiam
3391 3763 3560 3819 inter-

1977 3854 2107 3910 dum
2161 3852 2738 3924 maleﬁciemigiunt;
2775 3869 2845 3906 an
2895 3862 3182 3923 propterea
3221 3853 3434 3909 desinet
3480 3855 3558 3910 lex

1977 3960 2100 4001 esse
2130 3944 2575 4016 impedimentum
2613 3944 2894 4009 inaleﬂcis,
2939 3946 3066 4014 quia
3103 3960 3212 4000 non
3249 3961 3344 4015 per
3371 3960 3562 4002 omnes

1979 4039 2079 4109 legi
2108 4038 2390 4107 subjectos
2426 4037 2704 4107 procedit?
2733 4037 2814 4089 An
2841 4037 3134 4092 admiratio
3160 4038 3444 4108 sapientiae
3466 4036 3558 4093 Dei

1981 4132 2109 4186 hinc
2142 4131 2307 4186 etiam
2341 4130 2482 4184 sicut
2533 4128 2776 4198 undique
2810 4128 3159 4184 declaratur?
3193 4128 3250 4184 Si
3290 4131 3434 4185 enim
3476 4147 3562 4201 pe-
3616 4133 3624 4142 '

1981 4225 2128 4278 nitus
2168 4229 2468 4285 constaret,
2507 4221 2658 4274 nullo
2694 4229 2855 4291 pacto
2891 4237 3052 4292 posse
3096 4221 3376 4278 hominem
3421 4223 3557 4277 etfu-

1981 4332 2104 4386 gere
2133 4315 2461 4385 supplicium
2484 4314 2683 4384 legum,
2735 4315 2827 4384 qui
2858 4314 3223 4385 quodcunque
3259 4314 3374 4384 lege
3424 4314 3560 4369 veti-

1983 4417 2099 4461 tum
2145 4415 2230 4462 est
2260 4407 2606 4470 admitteret;
2645 4405 2924 4461 abstinere
2967 4417 3214 4478 peccato,
3261 4422 3369 4460 non
3413 4413 3560 4461 esset

285 4507 354 4560 ἂν
400 4505 510 4559 δέει
559 4507 660 4577 τῆς
706 4509 994 4580 τιμωρίας,
1035 4510 1154 4578 οὐχὶ
1202 4511 1348 4579 μίσει
1389 4511 1488 4579 τῆς
1515 4508 1870 4578 κακουργίας,

1987 4505 2290 4568 Spectatum
2323 4513 2386 4551 ac
2424 4497 2736 4568 probatum,
2771 4498 2865 4552 sed
2898 4498 3264 4553 adulterinum
3299 4505 3353 4553 et
3377 4498 3557 4553 incer-

282 4599 594 4668 ἀπείχοντο.
637 4599 757 4672 Χρὴ
795 4599 850 4652 δὲ
897 4600 988 4652 τὸν
1033 4601 1314 4654 σπουδαῖον
1362 4604 1537 4672 μισεῖν
1568 4603 1627 4654 τὸ
1649 4598 1871 4668 ποιῆσαι

286 4690 489 4760 μᾶλλον
520 4690 552 4760 ἢ
591 4691 804 4754 παθεῖν,
842 4692 943 4745 κᾶν
979 4693 1051 4762 μὴ
1080 4693 1304 4757 δικαίως
1334 4693 1644 4760 συμϐαίνοι.

1981 4597 2096 4642 tum
2133 4608 2145 4643 :
2177 4604 2368 4644 omnes
2387 4591 2530 4644 enim
2564 4597 2710 4643 metu
2750 4591 3027 4659 supplicii,
3071 4604 3178 4642 non
3217 4589 3346 4644 odio
3389 4589 3558 4643 male-

1979 4682 2084 4736 ﬁcii
2126 4682 2482 4736 abstinerent.
2525 4680 2753 4750 Oportet
2789 4693 2968 4734 autem
3007 4681 3295 4735 honestum
3346 4687 3401 4736 et
3434 4697 3558 4750 pro-

284 4784 416 4836 bum
447 4779 620 4851 magis
650 4783 833 4838 odisse
867 4784 1190 4838 maleﬁcium
1233 4783 1431 4844 facere.
1476 4799 1639 4854 quam
1692 4775 1942 4835 maleficii
1985 4789 2175 4845 poenas
2220 4772 2373 4838 dare,
2405 4773 2660 4842 quamvis
2689 4771 2916 4840 injuste.

371 4894 650 4949 Ἐντεῦθεν
674 4894 1023 4964 διαφεύγουσι
1052 4898 1176 4960 τοὺς
1206 4897 1402 4967 νόμους
1422 4896 1528 4948 τῶν
1549 4894 1870 4966 κακούργων

285 4986 338 5037 οἰ
364 4984 604 5050 πλείους,
638 4985 822 5056 ἐπειδή
855 5003 917 5054 γε
941 4986 1160 5050 κόλασις
1193 4988 1290 5057 οὐχ
1312 4985 1452 5055 αῦτη
1476 4985 1584 5037 τῶν
1624 4987 1870 5054 ἁμαρτα-

288 5078 486 5130 νόντων
506 5077 675 5142 ἐστὶν,
707 5079 882 5149 οἴησις
915 5079 969 5131 δὲ
999 5079 1154 5148 μόνον
1181 5081 1467 5150 τιμωρίαςο
1505 5078 1732 5140 θάνατος
1763 5076 1871 5148 γὰρ

282 5173 314 5221 6
349 5166 490 5221 κατά
531 5169 692 5237 φύσιν
724 5169 816 5221 καὶ
849 5168 970 5238 δίχα
1015 5168 1285 5232 κολάσεως
1323 5168 1390 5222 ἂν
1436 5169 1672 5222 ἐπέλθοι.
1709 5169 1867 5220 ’Ὥστε

282 5257 418 5329 ἄλλη
444 5258 543 5328 μὲν
560 5259 675 5311 ἔστι
698 5261 810 5323 τοῖς
835 5258 1239 5332 παρανομοῦσιν
1270 5260 1301 5330 ὴ
1331 5261 1570 5328 ἄφυκτος
1591 5258 1831 5329 τιμωρία
1850 5275 1862 5288 °

280 5347 634 5418 διαφεύγουσι
662 5351 718 5403 δὲ
751 5350 847 5422 τὴν
882 5353 965 5420 ἐφ’
990 5350 1148 5421 ἡμῶν
1175 5353 1223 5404 οῖ
1250 5351 1486 5415 πλείους,
1521 5352 1606 5404 ἵνα
1638 5349 1696 5403 τὸ
1723 5350 1863 5403 ἑνδε-

281 5440 514 5512 χόμενον
539 5443 631 5496 τοῦ
673 5441 852 5497 λαθεῖν
877 5443 1106 5514 βάσανος
1136 5444 1359 5514 γένηται
1383 5443 1478 5496 τοῦ
1521 5443 1860 5514 ἀνθρωπίνου

281 5534 546 5604 λογισμοῦ
568 5551 581 5565 ·
619 5535 711 5588 καὶ
741 5535 966 5589 καθόλου
999 5535 1088 5590 έπί
1119 5553 1178 5589 τε
1211 5535 1530 5600 κλέπτοντος
1560 5537 1654 5588 καὶ
1683 5534 1863 5605 ψευδο-

286 5625 474 5696 μένου,
499 5628 594 5680 καὶ
623 5627 690 5680 τά
718 5627 889 5698 μείζω
922 5627 1029 5681 τῶν
1063 5628 1245 5684 κακῶν
1274 5628 1402 5698 δρᾷν
1447 5628 1860 5698 ἐπιχειρούντων

281 5711 345 5763 τὸ
371 5712 534 5783 ῥηθὲν
568 5715 1002 5786 παρεκτείνεται.

2047 4887 2186 4943 Hinc
2226 4886 2283 4940 fit
2331 4894 2389 4941 ut
2429 4886 2606 4956 major
2651 4901 2780 4956 pars
2833 4884 3206 4940 maleficorum
3249 4885 3394 4956 leges
3425 4887 3561 4942 etfu-

1975 4980 2108 5050 giat,
2141 4979 2400 5048 quoniam
2452 4985 2670 5032 nonest
2702 4977 2803 5031 hoc
2857 4977 3192 5047 supplicium
3234 4978 3556 5049 delinquen-

1978 5071 2134 5132 tium,
2168 5070 2263 5124 sed
2291 5070 2476 5140 opinio
2511 5077 2724 5122 tantum
2775 5067 3165 5123 vindicationis
3196 5087 3208 5122 :
3242 5085 3391 5124 mors
3413 5070 3556 5124 enim

1977 5162 2243 5215 naturalis
2277 5161 2395 5216 sine
2428 5161 2696 5231 supplicio
2725 5161 2888 5216 etiam
2924 5159 3195 5214 adveniet.
3230 5159 3409 5226 Quare
3440 5160 3543 5214 alia

1979 5261 2062 5303 est
2098 5251 2228 5303 ultio
2257 5259 2312 5304 et
2361 5252 2690 5320 supplicium
2736 5251 3194 5321 delinquentium,
3227 5252 3387 5321 cujus
3431 5253 3558 5308 ellu-

1976 5344 2123 5414 gium
2153 5346 2390 5412 reperire
2415 5360 2522 5397 non
2571 5352 2802 5414 possunt
2834 5361 2846 5396 :
2881 5343 3120 5397 evadunt
3151 5353 3330 5399 autem
3371 5345 3554 5415 plures

1975 5453 2039 5492 ex
2083 5445 2270 5490 nostra
2321 5437 2580 5504 vindicta,
2619 5445 2677 5491 ut
2726 5453 2885 5507 posse
2921 5438 3090 5492 latere
3132 5447 3460 5494 tormentum
3499 5449 3552 5494 ct

1975 5532 2254 5587 cruciatus
2305 5531 2553 5586 humana!
2576 5530 2926 5602 cogitationis
2975 5530 3258 5586 elliciatur.
3307 5531 3372 5584 Et
3428 5535 3548 5586 uni.

1972 5639 2127 5678 verse
2159 5626 2302 5693 quod
2333 5624 2535 5678 dictum
2568 5634 2670 5687 est,
2703 5621 2768 5674 ad
2803 5622 3071 5677 furantem
3105 5635 3156 5678 et
3197 5625 3544 5681 mentientem

1974 5724 2025 5773 et
2053 5715 2302 5788 graviora
2330 5716 2593 5772 maltllcia
2631 5716 3035 5772 committentes
3068 5718 3383 5786 porrigitur.
