3968 6914
480 268 616 325 H51

1670 267 1806 323 TITI
1848 268 2279 335 BOSTRENSIS
2318 270 2633 327 EPISCOPI

3606 273 3746 329 “52

550 381 659 440 Sed
682 384 827 439 dicet
857 384 1080 453 aliquis,
1113 384 1290 454 magis
1330 393 1681 455 torqueretur
1724 387 2054 441 conscientia

2232 385 2372 458 Φαίη
2398 386 2443 440 δ’
2489 386 2557 441 ἄν
2588 403 2692 450 τις,
2731 385 2806 450 ὡς
2841 384 3001 439 πλέον
3025 382 3092 438 ἂν
3135 383 3462 455 ἐϐασανίοθη
3507 381 3618 436 τῶν
3653 385 3743 437 ἁν-

481 476 782 540 hominum,
801 474 851 531 si
865 474 1050 531 nullus
1067 475 1346 532 maleﬁcus
1363 475 1741 547 deprehensus
1757 478 2060 548 puniretur:

479 575 671 623 contra
699 581 826 621 vero
849 567 1031 621 evenit
1057 574 1118 620 ut
1156 567 1317 637 plane
1347 568 1419 624 sit
1449 567 1690 623 hortatio
1726 569 1974 639 quaedam
1995 568 2061 622 ad

478 657 806 713 maleﬁcium
827 656 1161 720 faciendum,
1181 658 1448 729 quosdam
1471 658 1748 713 maleﬁcos
1771 658 2065 729 aliquando

479 764 591 807 non
619 748 1011 820 comprehendi
1039 766 1070 803 a
1104 750 1318 821 legibus
1344 766 1359 804 :
1392 748 1536 805 unde
1566 756 1858 820 utrumque
1880 765 2067 807 neces-

481 840 688 897 sarium
727 847 834 903 est,
895 851 951 897 et
1006 840 1250 919 incidere
1296 839 1603 895 maleﬁcum
1670 840 1725 895 in
1779 841 1946 911 leges.
1998 856 2066 895 ac

479 920 866 1001 comprehendi
898 932 964 986 ad
986 933 1291 1003 exemplum
1317 932 1527 986 vitandi
1560 931 1811 987 maleﬁcii
1840 950 1855 999 ;
1885 940 1942 988 et
1970 931 2067 987 ef-

481 1023 669 1095 fugere
712 1032 1051 1079 tormentum
1087 1031 1143 1079 et
1171 1024 1480 1079 cruciatum
1529 1024 1897 1095 cogitationis.
1955 1025 2067 1079 llo-

476 1118 615 1173 mini
650 1119 793 1173 enim
820 1118 886 1173 ad
918 1117 1227 1190 eligendum
1247 1120 1504 1175 virtutem
1535 1129 1590 1175 et
1625 1119 1817 1174 vitium
1866 1119 2060 1178 libero.

479 1211 563 1268 sic
597 1212 740 1267 facto
779 1228 809 1266 a
863 1211 996 1273 Deo.
1046 1211 1181 1267 foris
1219 1212 1472 1277 accedit,
1526 1223 1588 1268 ut
1630 1214 1869 1284 quodam
1902 1213 2063 1280 modo

480 1323 637 1364 mens
665 1309 787 1378 ejus
811 1307 1119 1377 adjuvetur,
1172 1288 1226 1362 et
1259 1308 1418 1378 quasi
1467 1306 1725 1362 fulciatur
1768 1308 1963 1362 timore
2008 1314 2063 1361 et

479 1401 766 1457 vacatione
804 1399 1042 1463 timoris,
1091 1399 1496 1455 bortatiouibus
1568 1407 1623 1454 et
1665 1396 2064 1452 dehortationi-

479 1493 606 1559 bus,
640 1491 832 1546 morbo
861 1499 918 1546 et
949 1490 1202 1557 sanitate,
1232 1498 1556 1561 paupertate
1601 1497 1656 1544 et
1688 1489 1885 1559 Opibus
1914 1506 1928 1555 ;
1965 1489 2062 1544 de-

479 1585 646 1654 nique
683 1583 867 1638 omnia
895 1598 1017 1653 quae
1037 1583 1314 1637 contraria
1359 1584 1500 1636 inter
1523 1596 1583 1636 se
1614 1580 1889 1645 videntur,
1932 1595 2063 1635 con-

480 1691 615 1731 sone
636 1690 699 1731 ac
732 1675 1127 1731 convenienter
1161 1674 1216 1728 in
1252 1689 1423 1728 unum
1449 1675 1681 1728 tendunt
1708 1678 2060 1743 etspectant,

2166 478 2401 553 θρώπων
2423 480 2456 550 ἡ
2479 478 2756 551 πρόθεσις,
2778 478 2828 530 εί
2855 476 3043 549 μηδεὶς
3067 474 3370 546 κακοῦργος
3396 474 3750 545 ἐλεγχόμενος

2165 576 2486 645 ἐτιμωρεῖτο
2503 590 2516 602 ·
2551 572 2740 640 γέγονε
2777 570 2833 624 δὲ
2859 568 3165 625 τούναντίον
3187 569 3446 638 ἄντικρυς
3468 565 3749 641 προτροπή

2165 662 2260 717 τοῦ
2293 667 2663 735 κακοπραγεῖν
2694 663 2757 717 τὸ
2789 662 2865 735 μὴ
2908 660 3421 732 καταλαμϐάνεσθαί
3452 678 3590 714 ποτε
3618 661 3748 731 πρὸς

2167 755 2274 810 τῶν
2300 755 2481 827 νόμων
2514 756 2676 819 ἐνίοις
2707 755 2816 808 τῶν
2846 754 3137 825 μετιόντων
3170 753 3239 807 τά
3269 753 3446 808 κακά’
3475 752 3603 805 ὅθεν
3628 752 3745 806 ἐκά-

2165 865 2323 920 τερον
2352 850 2665 919 ἀναγκαῖον,
2691 848 2786 903 καὶ
2809 848 2870 901 τὸ
2894 848 3300 918 παρεμπίπτειν
3322 846 3415 899 τὸν
3439 845 3747 916 κακοῦργον

2167 943 2248 1006 είς
2278 942 2591 1014 ἀνατροπῆς
2634 941 2961 1013 ὑπόδειγμα,
3001 941 3099 994 καὶ
3152 941 3469 1009 διαφεύγειν
3519 939 3747 1009 βάσανον

2167 1034 2452 1106 λογισμοῦ.
2492 1034 2791 1107 Ἐλευθέρῳ
2822 1035 2931 1105 γὰρ
2958 1032 3037 1105 τῷ
3073 1034 3344 1105 ἀνθρώπῳ
3374 1033 3518 1105 πρὸς
3543 1035 3746 1105 αἵρεσιν

2167 1128 2368 1200 ἀρετῆς
2395 1129 2489 1184 καὶ
2527 1128 2744 1191 κακίας,
2784 1125 2928 1180 οὕτω
2956 1127 3095 1198 πρὸς
3127 1126 3263 1179 Θεοῦ
3287 1127 3595 1197 γενομένῳ,
3620 1125 3747 1191 ἕξων

2167 1222 2259 1273 θεν
2313 1219 2656 1292 προῦπάρχει
2680 1236 2694 1249 σ
2726 1220 2821 1272 καὶ
2863 1219 2924 1272 τὸ
2974 1218 3282 1289 βοηθεῖσθαι
3322 1218 3417 1272 καὶ
3446 1217 3747 1288 ἐρείδεσθαι

2165 1314 2367 1387 τρόπον
2391 1313 2511 1367 τινὰ
2536 1314 2634 1384 τὴν
2658 1312 2913 1374 διάνοιαν,
2941 1307 3051 1365 οἷον
3076 1311 3165 1365 διά
3187 1312 3354 1385 φόϐομ
3374 1314 3468 1366 καὶ
3492 1311 3748 1381 ἀτοϐἔας.

2167 1404 2489 1477 προτροπῶν
2517 1416 2580 1457 τε·
2607 1403 2702 1457 καὶ
2734 1404 3081 1478 ἀποτροπῶν,
3122 1403 3279 1458 νόσου
3305 1423 3368 1459 τε
3402 1407 3499 1459 καὶ
3534 1406 3750 1473 ὑγείας.

2167 1498 2358 1562 πενίας
2405 1514 2463 1550 τε
2497 1497 2592 1550 καὶ
2641 1495 2892 1557 πλούτου.
2924 1498 3018 1551 καὶ
3063 1497 3242 1552 πάντα
3284 1497 3356 1552 τά
3407 1499 3751 1553 ἀντικεῖσθαι

2166 1590 2415 1661 ἀλλήλοις
2436 1588 2718 1653 δοκοῦντα,
2750 1588 3054 1659 συμφώνως
3088 1589 3224 1660 πρὸς
3262 1590 3323 1643 ἓν
3356 1591 3547 1653 τείνει,
3576 1591 3657 1655 ὡς
3685 1592 3751 1644 ἂν

2166 1681 2257 1734 τὸν
2298 1679 2635 1753 ἀνθρώπινον
2679 1681 2803 1735 νοῦν
2834 1682 3187 1753 διαγυμνάζοι
3225 1683 3392 1754 μηδὲν
3435 1684 3751 1738 ἀποκαθεύ-

479 1775 540 1822 ιιι
571 1767 866 1822 humanam
893 1774 1130 1822 mentem
1160 1772 1479 1828 exerceant.
1512 1771 1567 1820 et
1607 1780 1767 1818 nemo
1801 1778 1860 1819 se
1900 1763 2054 1818 dedat

2163 1772 2293 1838 δειν,
2325 1773 2573 1828 ἐντεῦθεν
2608 1773 2664 1827 δὲ
2700 1773 2950 1828 κάκεῖθεν
2990 1776 3488 1847 κατακρουόμενον,
3525 1776 3750 1848 διεγρη-

479 1858 874 1929 somno;quin
911 1859 1095 1929 potius
1128 1858 1257 1912 hinc
1286 1864 1340 1912 et
1386 1858 1538 1912 illinc
1578 1857 1770 1928 pulsus
1814 1863 1868 1911 et
1908 1856 2061 1910 exci-

479 1959 651 2018 tatus,
679 1950 866 2021 vigilet
892 1950 960 2005 ad
984 1950 1218 2005 ofﬁcium
1252 1949 1471 2019 pictatis
1500 1957 1555 2004 et
1583 1949 1803 2003 virtutis
1852 1949 2061 2003 obeun-

477 2045 628 2099 dum.
656 2043 712 2097 Si
743 2058 871 2098 vero
900 2042 1136 2103 accidat,
1172 2049 1229 2095 ut
1257 2041 1455 2111 aliquis
1486 2042 1745 2112 puniatur
1796 2056 1906 2095 non
1952 2055 2045 2096 so-

478 2136 592 2191 lum
620 2137 907 2200 innocens,
939 2134 1035 2191 sed
1065 2135 1149 2190 vir
1177 2133 1539 2198 admirabilis,
1573 2142 1628 2190 et
1675 2133 1743 2188 ab
1772 2149 1838 2188 eo
1884 2148 2061 2204 pinnae

478 2232 702 2287 virtutis
755 2238 1092 2301 repetantur,
1134 2228 1266 2300 quid
1306 2229 1560 2284 nocuerit
1591 2228 1926 2284 sustinenti?
1953 2225 2058 2281 Ar-

476 2326 595 2395 guit
621 2325 839 2395 quidem
870 2325 975 2379 hoo
1001 2340 1097 2380 eos
1128 2324 1220 2395 qui
1258 2324 1484 2389 faciunt,
1514 2339 1626 2378 non
1657 2337 1783 2379 eum
1810 2321 1903 2393 qui
1935 2338 2060 2378 sus-

484 2420 642 2483 tinet,
675 2420 801 2475 licet
832 2434 1006 2489 usque
1028 2418 1097 2474 ad
1161 2425 1392 2473 mortem
1427 2418 1673 2486 iniquum
1726 2415 2058 2487 supplicium

480 2512 880 2583 progrediatur.
935 2510 1040 2578 Qui
1072 2510 1199 2565 talis
1243 2518 1348 2574 est,
1389 2510 1785 2582 anticipatione
1839 2508 2055 2571 mortis,

476 2619 600 2675 quae
638 2604 919 2669 pertinent
976 2602 1045 2657 ad
1084 2604 1247 2659 vitam
1283 2603 1547 2664 futuram,
1589 2600 1883 2657 meditatus
1926 2607 2054 2655 est:

477 2698 566 2753 cui
592 2696 738 2753 enim
763 2697 896 2752 nihil
927 2713 1095 2753 suave
1117 2704 1201 2752 est
1217 2711 1427 2759 eorum,
1452 2709 1574 2765 quae
1595 2694 1783 2748 multis
1800 2692 2056 2762 jucunda

479 2795 629 2851 sunt,
657 2805 759 2845 nec
799 2790 1092 2852 acerbum,
1126 2802 1309 2842 annon
1367 2794 1451 2843 est
1502 2785 1593 2840 hic
1643 2792 1770 2839 ante
1821 2792 2055 2839 mortem

481 2880 605 2934 huic
632 2880 757 2934 vitae
786 2880 1077 2935 mortuus?
1104 2879 1207 2945 Qui
1264 2879 1353 2933 hic
1388 2893 1452 2934 ea
1496 2893 1619 2948 quia
1669 2877 2057 2931 existimantur

477 2968 690 3025 insidiae
730 2969 900 3033 factae,
954 2970 1075 3024 loco
1104 2968 1356 3025 beneﬁcii
1401 2976 1455 3023 et
1502 2968 1689 3039 gratia:
1714 2967 1889 3033 ducit,
1949 2982 2055 3038 qua

477 3070 765 3134 exspectat
794 3069 914 3133 post
943 3062 1088 3117 hanc
1117 3062 1283 3117 vitam
1318 3061 1530 3131 majora
1576 3062 1719 3117 bona
1767 3062 2052 3134 consequi,

476 3171 639 3226 quam
670 3171 735 3211 ea
765 3170 884 3231 qua:
918 3155 1227 3225 relinquere
1260 3153 1495 3217 videtur,
1527 3153 1594 3208 ad
1633 3169 1755 3225 quae
1794 3154 1863 3209 ab
1883 3155 2059 3210 inimi-

2161 1865 2381 1938 γορέναι
2406 1864 2542 1937 πρὸς
2564 1865 2625 1919 τδ
2654 1865 2812 1939 ἔργον
2839 1866 2940 1937 τῆς
2960 1866 3239 1932 εὐσεϐείας
3262 1868 3358 1923 καὶ
3387 1870 3490 1940 τῆς
3518 1870 3747 1942 ἀρετῆς.

2161 1959 2225 2011 Et
2255 1958 2312 2011 δὲ
2350 1958 2442 2012 καὶ
2495 1957 2819 2024 κολάζεσθαί
2863 1975 2982 2012 τινα
3009 1960 3315 2029 συμϐαίνοι,
3355 1962 3460 2014 οὐκ
3503 1962 3749 2015 ἀναίτιον

2165 2050 2344 2122 μόνον,
2376 2048 2510 2105 ἀλλά
2543 2050 2639 2105 καὶ
2673 2049 2972 2122 θαυμάσιον
2999 2051 3186 2122 ἄνδρα,
3220 2053 3313 2106 καὶ
3348 2053 3510 2123 δίκην
3539 2054 3749 2125 ἀρετῆς

2160 2141 2507 2196 ἀπαιτεῖσθαι
2536 2140 2757 2205 τοῦτον,
2789 2141 2842 2194 τί
2867 2140 2932 2194 ἂν
2963 2141 3160 2213 βλάϐος
3179 2143 3519 2215 προσαγάγοι
3544 2144 3631 2215 τῷ
3654 2147 3749 2199 πά·

2164 2252 2343 2307 σχοντι
2365 2251 2379 2299 ;
2406 2233 2669 2305 διελέγχει
2703 2235 2800 2306 μὲν
2823 2234 2929 2307 γὰρ
2950 2235 3077 2301 τοὺς
3098 2235 3401 2299 ποιοῦντας.
3416 2237 3483 2289 ού
3506 2237 3744 2308 βλάπτει

2160 2327 2216 2380 δὲ
2248 2326 2340 2379 τὸν
2368 2325 2725 2396 ὑπομένοντα,
2770 2324 2871 2379 κᾶν
2901 2324 3005 2389 ἓως
3033 2325 3261 2380 θανάτου
3290 2325 3527 2399 φέρηται
3552 2326 3633 2381 τὰ
3652 2327 3744 2398 τῆς

2161 2417 2356 2486 ἀλόγου
2390 2417 2680 2489 τιμωρίας.
2707 2416 2922 2480 Φθάσας
2960 2416 3068 2490 γὰρ
3104 2418 3198 2486 ὅγε
3248 2417 3512 2481 “ratem,
3558 2418 3746 2488 νεκμόο

2158 2526 2281 2581 τητι
2319 2506 2389 2561 τὰ
2439 2507 2575 2576 πρὸς
2625 2506 2717 2560 τὸν
2746 2506 2857 2577 βίον
2912 2508 3314 2579 μεμελέτηκεν
3350 2502 3395 2577 ᾧ
3426 2509 3538 2580 γάρ
3580 2510 3744 2580 μηδὲν

2163 2600 2261 2671 μὲν
2300 2599 2398 2671 ἡδὺ
2428 2597 2534 2651 τῶν
2567 2600 2680 2662 τοῖς
2708 2597 2943 2663 πολλοῖς,
2978 2599 3012 2672 ἢ
3043 2600 3225 2671 ἀηδὲς,
3263 2599 3380 2663 πῶς
3399 2601 3526 2670 οὐχὶ
3550 2600 3745 2671 νεκρὸς

2158 2691 2252 2746 τοῦ
2287 2690 2404 2761 βίου
2437 2690 2533 2744 καὶ
2570 2690 2677 2763 πρὸ
2709 2690 2940 2745 θανάτου
2969 2692 3063 2761 ὅγε
3095 2692 3334 2756 τοιοῦτος
3363 2691 3741 2763 καθέστηκεν;

2159 2786 2239 2848 εἰς
2271 2785 2430 2858 χάριν
2467 2786 2564 2857 τήν
2590 2801 2655 2853 γε
2698 2783 3057 2856 νομιζομένην
3098 2785 3385 2858 ἐπιϐουλὴν
3426 2787 3741 2859 δεχόμενος,
3830 2790 3835 2795 ’

2158 2871 2192 2950 ᾖ
2227 2877 2367 2949 μετά
2396 2877 2487 2935 τὸν
2521 2877 2768 2949 παρόντα
2797 2876 2908 2948 βίον
2947 2878 3219 2952 προσδοκᾷ
3244 2879 3488 2951 μείζοσιν
3512 2882 3745 2950 ἀγαθοῖς

2158 2970 2525 3037 ἐντεύξεσθαι,
2567 2964 2643 3026 ὧν
2688 2970 2975 3028 ἀπολιπεῖν
3017 2971 3183 3035 δοκεῖ,
3245 2974 3329 3042 ἐφ’
3358 2972 3394 3027 ἀ
3446 2974 3589 3048 πρὸς
3632 2975 3746 3029 τῶν

2159 3063 2368 3135 ἐχθρῶν
2394 3063 2604 3135 ταχέως
2637 3064 3165 3136 παραπεμπόμενος,
3193 3066 3270 3127 ὡς
3295 3067 3598 3137 εὐεργέτας
3614 3069 3749 3132 τοὺς

2159 3155 2607 3220 ἐπιϐουλεύοντας
2633 3156 2766 3228 ἔχει.

476 3250 556 3308 cis
587 3249 704 3305 suis
732 3249 843 3305 cito
872 3247 1156 3312 dimissus,
1187 3256 1445 3317 tanquam
1476 3246 1750 3304 beneﬁcos
1779 3247 1929 3304 ducit
1952 3264 2052 3306 eos
2074 3250 2167 3322 qui
2195 3251 2246 3307 ei
2278 3249 2523 3307 insidiati
2558 3259 2708 3307 sunt.

856 3406 987 3466 CAP.
1021 3407 1091 3463 Χ.
1126 3407 1304 3465 Poma:
1329 3419 1450 3464 sunt
1479 3419 1790 3481 argumenta
1819 3413 2047 3472 virtutis.
2080 3412 2310 3469 Manetis
2346 3414 2683 3486 blasphemia:
2714 3414 2772 3469 in
2797 3413 2897 3470 Dei
2932 3415 3335 3487 providentiam.

547 3567 667 3625 Alia
692 3569 855 3624 etiam
879 3567 1087 3625 ratione
1110 3568 1253 3639 apud
1282 3568 1530 3625 homines
1560 3572 1932 3627 necessarium
1959 3582 2049 3629 est

478 3663 719 3733 permitti
762 3677 793 3716 a
828 3661 938 3718 Deo
992 3670 1265 3718 tormenta
1313 3669 1368 3717 et
1412 3662 1732 3727 cruciatus.
1762 3672 1823 3720 ut
1875 3666 2049 3738 magis

479 3761 725 3824 spectata
751 3767 816 3810 ac
843 3755 1070 3824 probata
1112 3754 1184 3809 sit
1215 3754 1386 3809 libera
1412 3756 1631 3813 virtutis
1673 3758 1968 3829 susceptio,
2001 3758 2049 3814 si

477 3860 656 3915 neque
683 3852 914 3900 mortem
944 3857 1201 3916 oppetere
1247 3845 1585 3905 reformidet.
1630 3847 1749 3903 Jam
1773 3865 1896 3905 cum
1948 3851 2045 3905 im-

478 3937 678 4007 probos
698 3943 752 3992 et
774 3937 1014 3993 avaritiae
1046 3936 1259 3993 deditos
1285 3938 1585 3997 viderimus
1625 3942 1922 4013 aliquando
1948 3944 2048 3998 im-

476 4030 684 4099 perium
709 4038 911 4097 tenere,
946 4039 1001 4086 et
1027 4031 1091 4086 ad
1119 4033 1475 4104 magistratus
1505 4034 1669 4106 eligi;
1702 4036 1846 4092 scire
1882 4051 2049 4105 opor-

477 4130 553 4178 tet
584 4124 819 4195 permitti
865 4124 968 4180 hoc
1001 4127 1341 4196 providentia
1379 4143 1444 4183 ac
1491 4129 1884 4198 gubernatione
1912 4129 2003 4186 Dei
2033 4149 2046 4185 :

476 4231 600 4271 cum
624 4215 768 4271 enim
796 4218 885 4287 qui
912 4225 1039 4272 sunt
1076 4219 1181 4274 sub
1219 4220 1448 4290 imperio
1481 4223 1721 4293 peccatis
1745 4222 2046 4288 abundant,

470 4305 680 4376 justum
706 4307 1029 4377 supplicium
1064 4317 1147 4364 est
1181 4308 1441 4380 iniquitas
1464 4327 1655 4366 eorum
1689 4313 1783 4383 qui
1817 4314 2049 4385 imperio

2226 3570 2336 3624 Καὶ
2364 3570 2537 3634 ἄλλως
2588 3572 2647 3626 ὲν
2684 3570 2992 3643 ἀνθρώποις
3047 3573 3320 3643 ἀναγκαία
3361 3574 3463 3647 τῆς
3500 3574 3740 3645 βασάνου

2154 3664 2187 3734 ἡ
2242 3662 2392 3735 παρά
2447 3663 2540 3717 τοῦ
2594 3664 2729 3718 Θεοῦ
2775 3664 3139 3739 συγχώρησις,
3173 3666 3250 3731 ὡς
3293 3666 3360 3720 ἀν
3392 3668 3743 3742 δοκιμωτῄῖμα

2157 3755 2413 3826 τυγχάνοι
2450 3758 2483 3827 ἡ
2513 3756 2721 3830 αἵρεσις
2753 3757 2850 3828 τῆς
2876 3758 3094 3829 ἀρετῆς,
3130 3760 3176 3811 εί
3210 3758 3343 3830 μηδὲ
3372 3759 3607 3814 θάνατον
3649 3763 3743 3815 εύ-

2154 3846 2389 3902 λαϐοῖτο.
2432 3848 2709 3921 Πονηροὺς
2729 3850 2785 3903 δὲ
2824 3851 2916 3904 καὶ
2942 3850 3354 3917 πλεονεκτικοὺς
3372 3853 3500 3908 δταν
3538 3855 3744 3928 τδωμεν

2155 3939 2300 3993 ἔστιν
2331 3940 2421 3994 ὅτε
2460 3941 2815 4013 κρατοῦντας,
2842 3944 2934 3996 καὶ
2967 3942 3066 4007 τὰς
3097 3944 3273 4016 ἀρχὰς
3292 3947 3738 4017 πιστευομένους·

2158 4032 2353 4095 ἰστέον,
2382 4032 2462 4086 ὅτι
2501 4034 2843 4106 συγχώρησίς
2871 4036 3099 4089 ἐστικαὶ
3119 4035 3276 4089 τοῦτο
3299 4037 3396 4107 τῆς
3418 4038 3737 4109 οίκονομξας

2156 4121 2250 4176 τοῦ
2284 4122 2418 4177 Θεοῦ
2446 4140 2461 4156 ·
2522 4125 2740 4179 ἐπειδάν
2787 4125 2895 4198 γὰρ
2924 4126 2992 4182 τὰ
3025 4127 3125 4197 τῆς
3158 4128 3422 4199 ἁμαρτίας
3454 4128 3730 4201 πλεονάζει

2156 4217 2265 4271 τῶν
2307 4218 2645 4289 ἀρχομένων,
2676 4218 2897 4284 κόλασις
2936 4219 3001 4274 ἂν
3038 4221 3253 4289 γένοιτο
3282 4220 3451 4275 δικαία
3486 4219 3598 4274 τῶν
3631 4223 3732 4291 ἀρ.

2155 4310 2358 4381 χόντων
2396 4313 2429 4381 ἡ
2463 4311 2671 4375 ἀδικία,
2726 4313 3149 4385 τιμωρουμένων
3180 4312 3218 4368 ἃ
3270 4314 3577 4386 πράττουσι,
3630 4318 3736 4369 καὶ

474 4406 741 4471 praesunt,
773 4400 864 4470 qui
898 4402 1238 4457 ulciscuntur
1273 4420 1395 4474 qua:
1428 4404 1666 4470 faciunt,
1713 4413 1767 4461 et
1814 4407 2049 4477 puniunt

2161 4402 2486 4469 κολαζόντων
2534 4402 2572 4458 ἂ
2625 4404 2904 4459 ποιοῦσιν*
2970 4405 3047 4469 ὡς
3108 4405 3175 4460 ἂν
3234 4407 3442 4475 γένοιτο
3494 4407 3737 4479 μάλιστα

474 4507 595 4564 qua:
622 4494 1011 4549 committunt:
1041 4501 1102 4549 ut
1146 4497 1382 4552 maxime
1446 4504 1628 4569 pateat
1692 4515 1801 4555 non
1833 4502 2045 4557 contin-

472 4600 600 4656 gere
639 4596 696 4641 ut
745 4595 1028 4656 peccatum
1091 4587 1422 4657 impunitum
1469 4592 1561 4647 sit.
1593 4590 1797 4648 Rectus
1829 4593 2050 4664 quidem

473 4674 645 4731 videri
682 4685 856 4746 potest
883 4675 1075 4746 judex,
1106 4679 1234 4749 quia
1281 4695 1348 4733 ne
1382 4680 1512 4750 quid
1544 4683 1669 4738 mali
1703 4685 2048 4749 committat,

471 4784 567 4824 eos
589 4769 681 4839 qui
716 4770 1066 4826 committunt
1120 4775 1299 4842 punit.
1335 4773 1432 4829 Sin
1465 4784 1646 4831 autem
1689 4777 1736 4832 is
1759 4777 1851 4848 qui
1896 4778 2048 4846 judi-

471 4865 561 4912 cat
611 4858 801 4930 incipit
829 4875 893 4914 ea
941 4861 1231 4917 admittere
1277 4878 1398 4933 qua:
1450 4864 1505 4918 in
1555 4865 1677 4920 aliis
1707 4867 1963 4933 vindicat,
1996 4877 2052 4922 ct

471 4948 646 5021 punit,
682 4958 737 5007 et
763 4952 982 5022 quidem
1020 4953 1354 5025 impensius,
1391 4961 1450 5009 ut
1509 4957 1769 5024 suadeat,
1807 4974 1867 5014 se
1914 4960 2052 5015 nihil

472 5042 598 5104 mali
629 5058 816 5114 agere;
844 5046 1005 5116 plane
1030 5054 1258 5118 apparet
1279 5047 1371 5115 jus
1402 5046 1618 5103 firmum
1649 5058 1702 5105 et
1736 5050 1893 5106 valde
1921 5051 2050 5107 bor-

472 5133 630 5207 ripile
666 5149 789 5191 esse
818 5136 1058 5193 incidere
1101 5140 1157 5193 in
1208 5138 1524 5208 hujusmodi
1575 5141 1932 5212 magistratus
1980 5143 2049 5198 ad

474 5226 1062 5301 sustinendas'pmnas
1106 5241 1328 5304 propter
1366 5234 1769 5303 improbitatem
1805 5252 2047 5291 morum.

480 5314 752 5374 Feruntur
780 5330 961 5377 autem
995 5324 1048 5377 iu
1091 5324 1391 5395 Scripturis
1416 5326 1732 5394 hujusmodi
1768 5329 2051 5384 sententia:

481 5408 679 5467 divinae
713 5413 1014 5471 manifestae
1042 5425 1233 5473 contra
1261 5433 1356 5473 eos
1384 5419 1478 5489 qui
1519 5418 1864 5491 delinquunt.

546 5500 876 5583 Manichacus
909 5517 1088 5563 tamen
1138 5510 1585 5573 amentissimus,
1621 5519 1683 5564 ut
1707 5512 1902 5583 dogma
1951 5528 2049 5569 nc-

473 5592 660 5663 quitiae
688 5580 941 5668 ingenita
971 5607 1025 5655 et
1049 5598 1402 5672 blasphemia;
1441 5600 1497 5655 in
1542 5599 1713 5655 Deum
1749 5580 1893 5670 apud
1919 5617 2042 5656 eum

478 5688 696 5743 ﬁrmum
746 5699 929 5757 esset,
991 5690 1196 5748 nullam
1245 5700 1454 5762 partem
1503 5692 1913 5765 gubernationis
1948 5693 2045 5777 Dei

2151 4493 2327 4564 δῆλον,
2354 4495 2436 4548 ὅτι
2463 4495 2777 4568 παρανομία
2819 4497 3163 4569 ἀτιμώρητος
3190 4500 3291 4553 οὐκ
3316 4500 3422 4570 εἴη.
3474 4500 3738 4572 ὐρθὸτης

2154 4586 2253 4656 μὲν
2291 4586 2547 4641 δικαστοῦ
2583 4587 2782 4653 δόξειεν
2815 4587 2903 4647 ἂν.
2944 4591 3128 4662 ἐπειδή
3171 4608 3225 4644 τι
3264 4592 3338 4661 μὴ
3370 4594 3602 4664 πράττει
3636 4612 3737 4647 κα-

2151 4681 2266 4747 κδν,
2285 4683 2411 4746 τοὺς
2438 4682 2725 4747 ποιοῦντας
2750 4684 3019 4744 κολάζειν.
3041 4687 3105 4739 Et
3133 4686 3176 4739 δ’
3205 4688 3447 4751 αὐτοὺςὸ
3472 4688 3733 4754 δικάζων,

2150 4774 2257 4827 τῶν
2278 4792 2339 4841 γε
2355 4776 2612 4829 τοιούτων
2628 4777 2741 4829 ἀπα
2750 4776 3030 4848 ρχόμενος,
3049 4779 3174 4841 τοὺς
3198 4776 3265 4830 τά
3281 4778 3421 4831 αὐτὰ
3449 4781 3734 4849 μετιόντας

2150 4867 2389 4932 κολάζει,
2431 4868 2525 4921 καὶ
2581 4867 2818 4940 μάλιστα
2863 4868 3265 4941 δαψιλέστερον,
3321 4870 3396 4934 ὡς
3454 4871 3524 4925 ἂν
3559 4873 3733 4928 πείθοι

2154 4959 2321 5029 μηδὲν
2358 4960 2521 5024 αὐτὸς
2563 4960 2766 5031 φαῦλον
2804 4961 3263 5034 διαπράττεσθαι·
3302 4962 3567 5035 ἄντικρκ
3599 4983 3731 5037 κρα-

2148 5051 2278 5104 τοῦν
2308 5053 2402 5105 καὶ
2450 5052 2569 5106 λίαν
2613 5053 2842 5124 φοϐερὸν
2869 5054 3222 5123 ἀναφαίνεται
3250 5052 3311 5107 τδ
3341 5054 3554 5108 δίκαιον
3598 5059 3734 5126 πρὸς

2148 5143 2210 5197 τὸ
2230 5144 2386 5216 δίκην
2403 5146 2695 5218 ὑπομένειν
2714 5148 2839 5211 τοὺς
2873 5146 2963 5200 διὰ
2993 5147 3290 5220 σκαιότητα
3316 5148 3538 5218 τρόπων
3559 5150 3730 5203 τοιούο

2149 5253 2261 5301 τοις
2287 5237 2510 5309 ἄρχουσι
2548 5238 2771 5303 δικαίως
2800 5238 3255 5310 περιπίπτοντας·
3288 5240 3600 5309 ἀποφάσεις
3621 5240 3729 5313 γάρ

2148 5330 2243 5383 καὶ
2273 5329 2515 5384 τοιαῦται
2560 5335 2749 5400 σαφεῖς
2793 5331 2944 5402 παρά
2981 5330 3117 5384 Θεοῦ
3166 5330 3311 5385 κατὰ
3338 5331 3446 5385 τῶν
3477 5333 3723 5404 ἁμαρτα-

2149 5420 2346 5474 νόντων
2379 5422 2437 5473 ὲν
2464 5420 2707 5494 Γραφαῖς
2734 5426 2854 5486 ταῖς
2882 5423 3064 5493 άγίαις
3096 5423 3442 5495 γεγένηνται.

2232 5514 2289 5565 '0
2357 5512 2538 5584 μέντοι
2592 5515 2951 5585 χαλεπώτατα
3007 5518 3232 5582 Μανεὶς,
3272 5517 3359 5570 ἵνα
3402 5517 3537 5588 παρ’
3582 5515 3727 5589 αὐτῷ

2149 5606 2400 5678 κρατήσῃ
2443 5606 2504 5660 τὸ
2547 5607 2725 5678 δόγμα
2766 5607 2865 5678 τῆς
2903 5609 3200 5679 ἀγεννήτου
3258 5606 3456 5686 κακίας
3497 5609 3599 5662 καὶ

2149 5696 2288 5752 κατὰ
2317 5697 2451 5753 Θεοῦ
2488 5698 2852 5771 βλασφημίας,
2880 5700 3032 5755 οὐδὲν
3079 5701 3524 5772 ἀσυκοφάντητον
3555 5681 3731 5755 κατα-
