3968 6914
228 332 375 387 ’4153

1286 312 1657 374 ADVERSUS
1693 308 2119 367 MANICIMSOS
2157 306 2286 363 LIB.
2321 305 2382 360 ll.

3341 296 3481 351 H58

232 450 445 505 λέλοιπε
478 445 576 517 τῆς
602 444 693 498 τοῦ
727 442 862 498 Θεοῦ
894 442 1229 514 διοικήσεως.
1264 436 1532 498 Πολλάκις
1560 434 1623 500 ,δὲ
1655 432 1803 485 ἔστιν

1915 429 2290 502 praetermisit,
2330 424 2464 496 quin
2520 436 2642 478 eam
2704 418 3161 475 eulumniaretur.
3217 414 3483 489 Videmus

238 543 368 596 ἰδεῖν
395 539 487 592 καὶ
518 536 758 601 δικαίους
776 536 1166 609 ἡμαρτηκότας
1198 533 1303 586 ὑπὸ
1329 530 1547 593 ἀσεϐεῖς
1579 526 1802 597 γενομέ-

234 645 386 691 νους·
418 627 606 701 ὥσπερ
631 628 825 699 εὐγενῆ
856 627 1020 681 παῖδα
1048 625 1215 697 πατρὶ
1248 622 1321 696 μὴ
1346 621 1681 693 πειθόμενον,
1713 619 1803 673 διά

236 721 388 786 ξένου
419 720 769 791 τυπτόμενον,
803 720 889 773 ἵνα
916 718 1051 789 μετά
1088 718 1185 787 τῆς
1226 716 1515 788 ἀλγηδόνος
1542 713 1651 767 τῶν
1674 711 1807 782 πλη-

233 814 365 881 γῶν,
405 813 500 866 καὶ
531 813 565 882 ἡ
595 811 784 881 ἀτιμία
824 809 916 863 τοῦ
950 808 1362 880 διακονουμένου
1403 806 1681 879 μεταϐάλῃ
1711 806 1803 859 τὸν

235 902 675 973 πλημμελοῦντα·
695 902 752 954 ἓν
762 901 868 973 γάρ
882 919 933 956 τι
949 901 1044 954 καὶ
1062 900 1239 971 μόνον,
1257 898 1486 968 ἔφαμεν,
1499 898 1591 951 κα)⁸
1608 896 1804 967 ἀληθές

233 998 402 1058 ἐστιν,
426 995 501 1059 ὼς
531 997 560 1048 ὁ
581 994 713 1066 πρὸς
737 994 872 1047 Θεοῦ
890 994 1176 1065 γενόμενος
1192 992 1476 1063 ἄνθρωπος
1494 992 1804 1044 ἀπαιτεῖτε-ιι

230 1086 375 1142 κατά
393 1086 485 1140 τὸν
507 1086 620 1157 βίον
639 1086 701 1138 τὸ
716 1086 927 1139 συνέσει
946 1083 1204 1155 λογισμοῦ
1231 1080 1571 1154 κατορθῶσαι
1585 1082 1647 1134 τὸ
1662 1080 1802 1135 κατά

234 1176 403 1249 μηδὲν
431 1177 743 1249 ἀδικεῖντήν
760 1178 978 1249 ἀρετήν·
994 1168 1038 1243 ᾧ
1052 1175 1114 1247 δή
1134 1192 1218 1239 τις
1240 1174 1523 1247 προσέχων
1544 1174 1635 1227 καὶ
1659 1173 1803 1244 μόνῳ

232 1268 389 1339 (30'),
414 1268 851 1341 [μακαριώτατος
874 1268 939 1323 ἂν
958 1269 1186 1338 γένοιτο,
1217 1266 1343 1339 κᾶν]
1367 1267 1530 1339 μηδὲν
1552 1266 1736 1337 ἔτερόν
1749 1282 1803 1318 τι

231 1362 374 1416 κατά
388 1362 478 1415 τὸν
494 1362 605 1432 βίον
624 1362 742 1435 εχῃ.
760 1359 929 1415 Τοῦτο
941 1361 1120 1414 τοίνυν
1135 1377 1157 1412 ε
1168 1359 1256 1413 ίδι⁹
1271 1359 1392 1412 ὅλου
1407 1358 1500 1412 τοῦ
1518 1350 1645 1430 περὶ
1668 1359 1805 1429 Προ-

231 1454 382 1517 νοίας
438 1453 596 1522 λόγου
652 1451 1037 1525 μνημονεύοιτο
1059 1493 1074 1517 ,
1137 1451 1289 1504 οὐδὲν
1340 1450 1406 1505 ἂν
1452 1449 1805 1503 ὑποπτεύοιτο

231 1545 369 1617 πρὸς
425 1546 718 1617 ἀνισότητα
777 1546 871 1599 καὶ
930 1542 1154 1608 ἀταξίαν
1207 1542 1315 1595 τῶν
1362 1542 1499 1614 πρὸς
1542 1540 1676 1595 Θεοῦ
1723 1541 1803 1595 δι-

229 1632 596 1703 οικουμένων
627 1635 674 1686 εί
722 1635 819 1705 μὲν
859 1633 967 1706 γάρ
1015 1632 1165 1705 εὖροι
1209 1649 1293 1697 τις
1317 1632 1404 1696 ἂν,
1433 1631 1508 1695 ὠς
1533 1631 1677 1703 ἄλλῳ
1707 1632 1805 1703 μὲν

229 1727 439 1779 ἀνεῖται
500 1726 598 1797 τῆς
647 1724 902 1789 εὐσεϐοῦς
961 1726 1161 1799 ἀρετῆς
1215 1727 1249 1797 ή
1305 1725 1525 1797 πορεία,
1585 1725 1728 1796 ἄλλῳ
1749 1726 1806 1780 δὲ

1909 537 2051 591 saepe
2106 520 2288 591 justos
2333 518 2426 589 qui
2471 515 2820 585 deliquerunt
2890 511 2993 568 sub
3051 509 3257 565 ditione
3293 515 3349 563 et
3377 522 3479 577 po-

1907 622 2102 669 testate
2131 612 2422 681 impiorum
2465 622 2617 671 esse,
2661 613 2720 659 ut
2770 603 2851 659 sic
2900 601 3272 671 castigentur,
3335 599 3482 654 sicut

1907 721 2031 762 cum
2067 717 2367 775 generosus
2393 700 2557 761 (ilius,
2588 697 2681 767 qui
2717 697 2867 776 patri
2895 709 3002 748 non
3036 699 3208 763 paret,
3240 705 3272 744 a
3321 703 3482 760 pere-

1908 799 2066 869 grino
2097 807 2145 852 et
2182 796 2395 865 hospite
2424 794 2777 854 verberatur,
2834 796 2893 841 ut
2922 787 3082 842 dolor
3113 786 3403 863 plagarum.
3426 792 3481 838 et

1908 890 2204 960 ignominia
2254 888 2481 943 verbera
2536 882 2847 940 adhibentis
2894 880 3302 949 delinquentem
3359 892 3482 930 tnu-

1908 992 2063 1036 tent:
2100 995 2266 1034 unum
2291 981 2437 1034 enim
2460 991 2543 1033 est
2575 991 2640 1031 ac
2681 977 2857 1031 solum
2891 982 2945 1028 et
2977 986 3188 1033 verum,
3224 976 3284 1025 ut
3332 965 3481 1022 dixi~

1909 1090 2052 1139 mus,
2078 1070 2223 1143 quod
2258 1070 2400 1125 Deus
2441 1070 2510 1123 ab
2538 1069 2759 1123 homine
2791 1068 2846 1120 in
2873 1066 2985 1119 vita
3017 1060 3268 1133 requirit,
3301 1067 3361 1114 ut
3395 1058 3480 1115 ef-

1909 1168 2052 1223 ﬁciat
2086 1165 2317 1237 sapienti
2370 1162 2738 1232 cogitatione,
2798 1176 2867 1214 ne
2933 1160 3191 1215 virtutem
3250 1157 3357 1211 ulla
3412 1172 3482 1212 ex

1908 1272 2063 1331 parte
2095 1256 2337 1313 olfendat
2367 1274 2382 1311 :
2412 1254 2560 1327 quod
2588 1255 2807 1324 quidem
2832 1254 2878 1308 si
2903 1252 3148 1307 attendat
3177 1251 3260 1305 vel
3292 1250 3477 1305 solum

1908 1352 2046 1414 hoc.
2105 1350 2456 1406 beatissimus
2510 1347 2616 1411 sit,
2655 1346 2905 1417 quamvis
2939 1343 3074 1398 nihil
3106 1342 3251 1397 aliud
3287 1342 3344 1396 in
3374 1341 3482 1395 vita

1909 1445 2123 1499 habeat.
2158 1442 2272 1497 lloe
2296 1442 2463 1512 igitur
2502 1440 2548 1495 si
2588 1440 2644 1494 in
2687 1438 2942 1493 universo
2972 1450 3222 1491 sermone
3251 1434 3319 1489 de
3345 1432 3483 1488 Pro-

1908 1537 2149 1591 videntia
2177 1538 2659 1593 commemoretur,
2683 1530 2834 1585 nulla
2872 1526 3114 1598 suSpicio
3144 1526 3483 1595 relinquetur

1908 1630 1976 1685 de
2008 1627 2376 1698 inaequalitate
2404 1631 2459 1679 et
2492 1620 2901 1694 perturbatione
2925 1617 3139 1673 ordinis
3169 1618 3225 1670 in
3260 1617 3328 1673 iis
3363 1630 3485 1684 quae

1910 1737 1939 1776 a
1970 1720 2080 1776 Deo
2121 1720 2518 1791 gubernantur.
2554 1714 2609 1769 Si
2641 1712 2764 1783 quis
2818 1712 2963 1766 enim
3012 1708 3275 1779 reperire;
3298 1717 3486 1778 posset

228 1817 671 1883 ἀποκέκλεισται,
708 1818 941 1873 ἐνταῦθα
991 1819 1128 1891 πρὸς
1161 1819 1222 1872 τὸ
1251 1819 1347 1873 νῦν
1388 1819 1678 1888 κεφάλαιον
1703 1819 1807 1872 τῶν

1915 1814 2053 1884 quod
2087 1812 2211 1867 aliis
2244 1812 2426 1864 laxata
2456 1816 2604 1864 esset
2644 1808 2756 1860 vita
2786 1802 3007 1861 virtutis
3037 1802 3140 1871 pia:
3171 1808 3227 1855 et
3255 1808 3482 1866 sancta,

226 1909 450 1979 ἀγαθῶν
478 1910 573 1964 καὶ
622 1912 655 1982 ή
696 1913 949 1982 ἀνισότης
984 1910 1234 1983 διαϐολὴν
1275 1910 1344 1964 ἂν
1367 1908 1512 1980 ἔχειν
1542 1909 1686 1975 ἔδοξε
1712 1911 1810 1980 τῆς

222 2001 578 2073 διοικήσεως·
606 2004 656 2055 εί
692 2002 748 2057 δὲ
776 2004 843 2057 δι’
869 1998 929 2057 οὗ
978 2004 1071 2057 καὶ
1101 2004 1262 2075 μόνου
1300 2003 1494 2073 γένοιτ’
1517 2004 1582 2058 ἂν
1613 2020 1695 2067 τις
1733 2003 1809 2066 ὡς

222 2093 447 2166 ἀληθῶς
474 2093 759 2166 μακάριος,
785 2095 942 2149 τοῦτο
974 2094 1150 2149 κοινὸν
1175 2095 1369 2167 ἐπίσης
1401 2095 1538 2167 πρὸς
1563 2094 1808 2162 ἐξουσίαν

226 2190 335 2251 τοῖς
377 2188 552 2242 ἅπασι
568 2188 873 2260 πρόκειται·
907 2188 1067 2242 ποίαν
1097 2188 1356 2261 διαφορὰν
1375 2188 1518 2242 εῖποι
1539 2189 1807 2259 γε(51)ἄν

227 2295 329 2342 τις,
349 2277 459 2332 κᾶν
537 2279 819 2347 φιλαίτιος,
856 2281 888 2351 ἢ
930 2280 1236 2351 ἀνισότητα,
1262 2279 1534 2335 ὁπότετῶν
1566 2280 1721 2345 ἐκτὸς
1750 2281 1809 2335 αἱ

230 2368 535 2436 πλεονεξίαι
582 2366 737 2434 αὖθις
780 2370 918 2442 πρὸς
947 2370 1171 2442 ἰσότητα
1210 2370 1322 2432 τοῖς
1361 2368 1639 2440 λογισμοῖς
1680 2368 1811 2422 ἀνα-

229 2458 503 2526 κλῶνται;
557 2461 632 2525 ὡς
682 2462 802 2539 οὑκ(
822 2461 1040 2515 ἔλαττον
1112 2461 1209 2531 μὲν
1259 2460 1292 2531 ἢ
1339 2462 1435 2515 καὶ
1476 2460 1676 2531 μᾶλλον
1697 2459 1815 2529 ήδο-

235 2552 396 2620 μένου
452 2550 549 2606 τοῦ
597 2552 831 2623 πένητος
880 2548 962 2616 οἷς
1018 2552 1385 2624 προσφέρεται
1421 2553 1663 2622 τροφίοις
1715 2550 1809 2604 τοῦ

229 2644 487 2715 πλησίου.

1915 1906 2039 1961 aliis
2066 1919 2197 1959 vero
2245 1904 2469 1968 clausa;
2508 1899 2784 1955 videretur
2813 1904 3006 1952 contra
3039 1895 3143 1948 hoc
3181 1900 3348 1962 caput
3376 1892 3480 1946 bo-

1915 2010 2107 2053 norum
2133 2008 2255 2049 esse
2293 1992 2348 2046 in
2381 1989 2749 2060 inaaqualitate
2804 1983 3082 2041 accusatio
3135 1979 3486 2053 gubernatio-

1914 2086 2019 2141 nis.
2052 2084 2147 2137 Sin
2174 2097 2301 2137 vero
2343 2080 2398 2135 id
2444 2095 2554 2151 quo
2593 2078 2712 2134 solo
2764 2082 2943 2147 potest
2974 2074 3100 2145 quis
3127 2087 3252 2126 vere
3290 2070 3490 2127 beatus

1913 2194 2035 2241 esse
2082 2164 2337 2232 omnibus
2388 2190 2541 2246 atque
2593 2170 2958 2229 communiter
3008 2167 3348 2239 propositum
3378 2176 3487 2232 est,

1914 2280 1972 2325 ut
2006 2271 2182 2342 possit
2214 2283 2337 2324 esse
2392 2282 2618 2338 compos
2677 2264 2834 2333 ejus;
2870 2275 3034 2333 quam
3072 2259 3484 2330 oppressionem

1912 2370 2007 2417 aut
2040 2363 2461 2432 inaequalitatem
2506 2358 2702 2430 poterit
2749 2356 2872 2427 quis
2910 2354 3151 2424 obiicere
3186 2351 3486 2423 quamlibet

1912 2455 2206 2510 accusandi
2251 2451 2527 2524 cupidus?
2594 2447 3047 2519 Quandoquidem
3104 2446 3305 2500 habere
3359 2445 3495 2513 plus.

1911 2550 2181 2605 honorum
2211 2557 2559 2602 externorum
2608 2559 2803 2599 rursus
2823 2540 3133 2598 rationibus
3161 2537 3228 2593 ad
3261 2538 3497 2609 aequalia

1911 2647 2077 2695 tatem
2122 2647 2447 2710 revocatur,
2493 2644 2554 2693 ut
2581 2652 2692 2692 non
2755 2635 2937 2691 minus
2984 2635 3070 2690 vel
3114 2633 3281 2689 etiam
3312 2632 3497 2702 magis

229 2738 530 2793 delectetur
558 2753 761 2808 pauper
792 2738 860 2795 iis
887 2738 1026 2795 cibis
1052 2739 1146 2811 qui
1175 2739 1225 2794 ei
1254 2739 1583 2796 adhibentur
1628 2751 1793 2809 quam
1826 2738 1996 2792 dives.

296 2853 412 2908 Καὶ
458 2851 525 2907 τὰ
574 2853 700 2925 περὶ
755 2853 964 2924 σκέπην
1011 2853 1068 2907 δὲ
1109 2856 1308 2925 ὁμοίως
1340 2854 1472 2925 ἔχει,
1516 2854 1620 2908 κᾶν
1643 2848 1808 2926 ἦττον

229 2944 466 3016 ὑπάρχει
482 2944 659 3013 τίμια,
673 2946 765 2998 καὶ
783 2945 950 3009 τύπος
967 2944 1268 3017 αἰσθήσεως
1285 2945 1352 2999 τὰ
1370 2946 1613 3012 συνήθως
1633 2962 1802 3017 παραυ

230 3037 480 3107 κείμενα,
534 3037 611 3099 ὼς
665 3038 867 3109 μηδένα
911 3037 1005 3092 τοῦ
1068 3038 1311 3103 πλείονος
1353 3039 1800 3100 ὲπαισθάνεσθαι,

1991 2848 2251 2905 Similiter
2272 2848 2453 2905 evenit
2488 2848 2542 2903 in
2580 2847 2648 2903 iis
2681 2861 2802 2918 quae
2834 2845 2901 2900 ad
2949 2851 3322 2917 tegumentum
3364 2855 3488 2896 coro

1914 2941 2064 3012 poris
2087 2942 2355 3011 pertinent
2385 2959 2398 2994 :
2430 2940 2682 3011 quamvis
2712 2938 2902 2993 viliora
2935 2937 3048 2992 sint
3073 2976 3088 3001 ,
3137 2947 3358 2990 sensum
3403 2933 3490 2987 in-

1912 3035 2147 3089 formant
2189 3050 2309 3105 quae
2365 3034 2414 3089 ei
2462 3041 2867 3089 consueverunt
2921 3029 3150 3101 apponi,
3210 3036 3271 3083 ut
3325 3039 3495 3084 nemo

230 3101 440 3201 mea;
460 3101 741 3201 συνηθείας
754 3131 854 3202 τῆς
874 3101 1615 3205 αίσθήσεωςάμαυρουμένης
1632 3149 1646 3164 ο
1672 3132 1806 3204 μηδὲ

1915 3126 2057 3197 quod
2090 3101 2221 3197 plus
2266 3134 2350 3181 est
2401 3126 2632 3193 sentiat,
2668 3140 2831 3181 sensu
2877 3122 3276 3179 consuetudine
3321 3119 3487 3173 hebe-

233 3219 390 3274 ἄλλον
422 3221 517 3275 τοῦ
570 3222 870 3287 ἐλάττονος,
900 3226 993 3278 καὶ
1046 3225 1233 3278 τοῦτον
1275 3223 1363 3277 διὰ
1414 3222 1696 3294 συνηθείας
1747 3223 1809 3276 τὸ

234 3313 410 3369 ἐνδέον
441 3316 577 3386 πρὸς
625 3316 723 3387 τὴν
763 3315 1013 3386 αἴσθησιν
1051 3316 1126 3387 μὴ
1160 3317 1382 3384 ἄγοντα.
1426 3315 1634 3368 Αὐτίκα
1672 3314 1807 3385 βάρ-

238 3403 393 3478 ϐαροι
428 3408 626 3476 γυμνοὶ
670 3408 731 3459 τό
762 3424 825 3475 γε
876 3407 1037 3461 πλέον
1075 3406 1169 3460 τοῦ
1220 3405 1468 3477 σώματος
1512 3406 1808 3474 διάγοντες,

236 3497 330 3549 καὶ
385 3497 652 3569 ἀστρωτοι
694 3495 1079 3564 καθεύδοντες,
1123 3498 1216 3551 καὶ
1262 3497 1484 3568 λυπροῖς
1522 3497 1809 3567 αίδὲσμασι

233 3587 599 3658 διαιτώμενοι,
653 3590 753 3642 οὑκ
784 3589 1074 3661 ἠνέσχοντο
1106 3588 1325 3643 πώποτε
1358 3590 1675 3643 καταλιπεῖν
1709 3589 1808 3661 τὴν

235 3677 400 3748 φίλην
422 3678 648 3743 δίαιταν,
674 3678 749 3742 ὡς
773 3679 861 3733 διὰ
889 3679 989 3751 τῆς
1014 3678 1299 3751 συνηθείας
1327 3680 1388 3735 τὺ
1416 3681 1592 3734 ἐνδέον
1628 3680 1807 3736 αὑτῶν

238 3769 407 3840 μηδὲν
440 3770 796 3842 καθορῶντες,
838 3771 1033 3843 μᾶλλον
1061 3773 1116 3827 δὲ
1141 3773 1345 3845 ταύτην
1380 3773 1502 3845 μηδ’
1523 3774 1807 3829 ἀπολιπεῖν

232 3856 416 3915 οἷοίτε
442 3861 621 3926 ὄντες·
669 3862 702 3932 ἢ
743 3861 934 3917 θᾶττον
969 3866 1065 3935 μὲν
1093 3865 1161 3919 ἂν
1188 3866 1281 3920 καὶ
1301 3866 1363 3919 τὸ
1398 3866 1662 3936 ὑγιαίνειν
1698 3884 1802 3920 κα-

233 3953 531 4019 ταλίποιεν,
590 3954 781 4008 θᾶττον
834 3954 880 4008 δ’
934 3956 1000 4010 ἀν
1027 3958 1119 4011 καὶ
1160 3957 1222 4011 τὸ
1263 3957 1400 4030 πρὸς
1442 3959 1687 4031 κρυμοὺς
1713 3959 1807 4013 καὶ

235 4045 467 4117 ήλιακὴν
496 4045 667 4117 φλόγα
695 4048 983 4119 καρτερεῖν
1008 4048 1424 4120 ἀποκτήσαιντο.

1910 3230 2056 3285 talo;
2097 3235 2197 3275 nec
2232 3220 2372 3274 alius
2400 3218 2543 3289 quod
2591 3219 2772 3274 minus
2804 3225 2889 3273 est
2926 3218 3052 3287 quia
3092 3227 3313 3289 propter
3339 3233 3483 3274 con-

1910 3311 2255 3366 suetudinem
2312 3326 2418 3364 non
2475 3311 2706 3380 percipit
2738 3325 2902 3365 sensu
2957 3309 3103 3379 quod
3137 3311 3309 3365 deest.
3347 3307 3491 3364 Hinc

1910 3402 2171 3455 continuo
2196 3400 2254 3454 lit
2310 3407 2368 3453 ut
2397 3399 2645 3466 Barbari,
2680 3399 2823 3469 quod
2849 3398 3026 3469 majus
3057 3406 3162 3463 est,
3195 3402 3342 3453 nudo
3362 3413 3497 3454 cor-

1910 3509 2041 3566 pore
2071 3496 2239 3549 vitam
2267 3494 2545 3564 degentes,
2576 3502 2628 3548 et
2666 3493 2786 3547 sine
2820 3490 3065 3561 stragula
3093 3499 3244 3546 veste
3275 3492 3491 3547 cubant—

1914 3595 2017 3653 tes,
2048 3597 2101 3642 et
2141 3587 2351 3659 asperis
2386 3584 2720 3641 indumentis
2764 3592 3018 3648 utentes,
3068 3599 3349 3654 nunquam
3391 3601 3497 3656 pa-

1914 3687 2155 3734 terentur
2182 3685 2243 3733 ut
2298 3678 2668 3748 relinquerent
2699 3675 2969 3760 rationem
3001 3674 3219 3729 vivendi
3248 3683 3483 3745 gratam,

1913 3773 2086 3843 utqui
2114 3779 2339 3843 propter
2389 3770 2844 3827 consuetudinem
2878 3768 3009 3839 quid
3061 3768 3142 3825 eis
3180 3768 3323 3823 desit
3373 3782 3485 3821 non

1911 3865 2257 3936 intelligunt,
2294 3865 2404 3919 imo
2441 3864 2533 3935 qui
2569 3878 2677 3917 non
2715 3871 2944 3933 possunt
2974 3861 3116 3916 hanc
3155 3861 3493 3931 relinquere,

1912 3966 1966 4012 et
1998 3959 2178 4028 potius
2210 3972 2273 4012 ac
2302 3956 2564 4011 libentius
2602 3954 2915 4009 desinerent
2974 3962 3119 4008 recte
3165 3954 3347 4009 valere
3370 3992 3386 4020 ,
3431 3960 3487 4009 et

1913 4050 2136 4121 mallent
2166 4048 2370 4120 frigora
2396 4055 2451 4103 et
2476 4046 2727 4102 ardorem
2771 4046 2905 4099 solis
2944 4045 3201 4100 tolerare.

780 4180 934 4262 ⁸(ΞΜ).
973 4205 1065 4262 XI.
1099 4207 1411 4262 Communia
1442 4206 1695 4262 bonorum
1728 4214 1777 4260 et
1816 4207 2100 4261 malorum.
2138 4206 2290 4261 Bella
2326 4223 2420 4261 cur
2450 4205 2593 4260 Deus
2628 4204 2884 4276 permittit

307 4350 417 4404 Καὶ
442 4349 578 4421 πρός
610 4365 674 4418 γε
698 4347 758 4401 τὸ
795 4347 893 4419 ζῇν
926 4346 1100 4410 οὐδεὶς
1118 4345 1330 4408 οὐδενὸς
1349 4344 1509 4398 πλέον
1527 4344 1640 4415 ἔχει
1670 4343 1812 4397 κατά

1987 4343 2166 4412 Atque
2209 4342 2276 4398 ad
2321 4342 2489 4397 vitam
2534 4340 2854 4413 degendam,
2887 4354 2950 4395 ac
2982 4337 3224 4411 jucunde
3262 4336 3484 4409 quidem

237 4439 328 4493 τὸν
388 4415 500 4512 βίον
524 4459 536 4472 -
586 4415 761 4494 κοιναὶ
931 4437 1040 4509 γὰρ
1073 4439 1237 4491 πᾶσιν
1274 4438 1331 4490 al
1371 4436 1595 4505 φυσικαὶ
1622 4435 1807 4489 διανα-

1915 4433 2232 4506 degendam,
2266 4449 2426 4490 nemo
2474 4433 2599 4505 plus
2644 4448 2808 4504 quam
2852 4433 2995 4489 alius
3033 4431 3205 4505 ,habet
3252 4432 3310 4486 in
3351 4430 3484 4485 vita.

238 4532 467 4596 παύσεις
488 4531 819 4586 ἀνακλίσεών
846 4547 907 4583 τε
940 4531 1033 4584 καὶ
1064 4528 1265 4592 ὕπνων,
1313 4529 1488 4582 κοιναὶ
1514 4528 1571 4581 δὲ
1612 4527 1809 4598 τροφαὶ

238 4627 333 4678 καὶ
354 4622 701 4688 ἀπολαύσεις,
742 4623 886 4685 εἴτις
912 4622 974 4674 τὸ
1004 4621 1103 4692 μὲν
1137 4620 1390 4690 διάφορον
1419 4617 1653 4681 συνετῶς
1673 4634 1814 4687 παρ-

239 4717 402 4782 έλθοι,
433 4717 535 4790 τὴν
584 4716 639 4769 δὲ
671 4718 862 4787 χρῆσιν
889 4717 954 4784 τῇ
995 4712 1239 4783 αἰσθήσει
1288 4708 1602 4779 δοκιμάζοι·
1638 4709 1813 4762 κοιναὶ

239 4807 295 4861 δὲ
333 4810 435 4863 οὑκ
489 4808 705 4863 ἔλαττον
732 4806 973 4878 ἀκριϐῶς
1011 4803 1104 4858 καὶ
1125 4803 1181 4856 αί
1209 4801 1377 4855 λύπαι
1404 4800 1593 4870 ψυχῶν
1624 4817 1686 4853 τε
1717 4801 1812 4854 καὶ

243 4902 511 4972 σωμάτων
533 4916 547 4929 ’
581 4898 900 4971 καὶμᾶλλον
929 4894 1175 4968 εὑρεθείη
1216 4912 1297 4958 τις
1328 4892 1395 4947 ἂν
1418 4891 1624 4946 τούτων
1648 4893 1814 4962 ὑπερ-

252 4989 370 5065 ὂολὴ
395 4992 548 5065 παρά
573 4994 685 5056 τοῖς
719 4991 879 5045 πλέον
917 4988 1056 5042 κατά
1090 4987 1182 5041 τὸν
1211 4985 1323 5056 βίον
1366 4984 1513 5055 ἔχειν
1539 4983 1807 5037 δοκοῦσιν.

253 5081 406 5136 Ὥστε
455 5083 549 5136 καὶ
590 5081 793 5135 τούτων
843 5077 983 5132 καιά
1021 5077 1083 5130 τὸ
1117 5074 1314 5146 ἀληθὲς
1341 5074 1513 5138 οὑτως
1558 5074 1810 5143 ἑχόντων,

252 5173 349 5226 ποῦ
372 5175 438 5228 ἀν
460 5173 547 5243 εἴη
583 5172 645 5226 τδ
666 5173 847 5227 ἄνισον
891 5170 991 5241 τῆς
1026 5168 1119 5223 τοῦ
1161 5166 1296 5220 Θεοῦ
1321 5166 1660 5237 διοικήσεως,
1690 5182 1813 5219 ποι-

252 5264 453 5332 κιλίαν,
506 5268 606 5320 οὐκ
645 5265 933 5335 ἀνισότητα
981 5265 1093 5326 τοῖς
1130 5259 1251 5314 καθ’
1281 5260 1430 5330 ἡμᾶς
1468 5257 1813 5324 ἀντιθέντος;

252 5353 430 5427 ἕτερον
466 5357 576 5428 γάρ
602 5353 855 5425 τυγχάνει
899 5352 1139 5405 ποικιλία
1175 5350 1363 5418 σοφίας
1396 5350 1455 5402 ὲν
1478 5349 1667 5420 κόσμῳ
1704 5348 1818 5401 διαα

252 5448 552 5518 πρέπουσα,
615 5448 708 5501 καί
742 5447 924 5518 ἕτερον
961 5443 1154 5508 ἀταξία
1183 5442 1518 5513 διοικήσεως.
1556 5443 1619 5496 El
1648 5442 1704 5495 δέ
1734 5459 1816 5506 τις

253 5537 401 5611 εὖροι
442 5540 506 5596 ἂν
551 5542 676 5603 τοὺς
724 5539 820 5610 μὲν
850 5535 1078 5601 ἀπαθεῖς
1121 5535 1283 5606 φύσει
1335 5534 1444 5588 τῶν
1487 5534 1815 5607 ἀνθρώπων,

324 5678 460 5751 (50')
498 5680 689 5747 Μόνφ.
719 5678 848 5733 Post
892 5677 1037 5751 hanc
1077 5687 1260 5751 vorem
1308 5672 1567 5751 nonnulla
1611 5671 1801 5751 deesse

260 5743 525 5808 videntur.
556 5743 707 5822 (Quae
739 5764 839 5804 nos
884 5748 1204 5817 supplendo,
1239 5745 1394 5798 uncis
1434 5743 1800 5808 inclusimus.)

1916 4526 2241 4582 Communia
2288 4533 2418 4583 sunt
2468 4527 2746 4591 omnibus,
2779 4526 2978 4597 quibus
3024 4531 3220 4580 natura
3267 4536 3483 4578 recrea~

1922 4631 2064 4679 mur,
2103 4615 2489 4671 accubationes
2537 4626 2594 4671 et
2638 4616 2889 4686 epulares
2921 4614 3128 4681 somni;
3173 4611 3486 4669 communia

1919 4706 2281 4770 alimenta,~et
2304 4721 2495 4763 eorum
2527 4706 2739 4763 fruetus
2767 4722 2830 4761 ac
2855 4705 3253 4776 jucunditales,
3283 4705 3331 4761 si
3356 4705 3485 4775 quis

1920 4796 2215 4867 prudenter
2252 4798 2622 4868 praestantiam
2653 4797 2871 4869 quidem
2919 4812 3109 4853 eorum
3162 4805 3481 4868 praetereat.

1921 4906 2079 4945 usum
2113 4906 2238 4945 vero
2272 4906 2438 4947 sensu
2468 4891 2780 4962 experiatur
2802 4897 2856 4946 et
2899 4889 3113 4961 probet.
3155 4888 3485 4945 Communes

1920 4985 2047 5038 item
2077 4990 2205 5039 sunt
2232 4999 2341 5038 non
2372 4985 2554 5039 minus
2581 4996 2768 5040 exacte
2790 4984 3091 5038 animarum
3111 4990 3167 5036 et
3190 4995 3485 5052 corporum

1918 5074 2170 5141 dolores;
2218 5083 2382 5145 atque
2402 5076 2457 5129 in
2483 5074 2569 5130 bis
2600 5074 2818 5145 quidem
2851 5073 3024 5143 magis
3058 5072 3362 5143 reperietur
3389 5086 3487 5131 cx-

1917 5168 2227 5236 superantia
2283 5168 2424 5237 apud
2462 5181 2557 5222 eos
2614 5167 2708 5235 qui
2752 5166 2808 5219 in
2857 5166 2966 5220 vita
2996 5164 3116 5234 plus
3150 5164 3351 5219 habere
3405 5162 3485 5216 vi-

1915 5256 2134 5311 dentur.
2171 5256 2352 5323 Quare
2380 5270 2505 5311 cum
2541 5255 2653 5309 haec
2676 5256 2749 5309 ita
2775 5256 2908 5317 sint,
2936 5255 3026 5308 ubi
3060 5257 3167 5310 erit
3203 5253 3483 5324 inaequali-

1916 5359 1997 5405 tas
2032 5350 2087 5404 in
2114 5350 2511 5420 gubernatione
2538 5347 2666 5411 Dei,
2718 5351 2812 5417 qui
2842 5347 3156 5402 varietatem
3181 5386 3198 5411 ,
3236 5360 3347 5400 non
3395 5345 3482 5399 in-

1917 5441 2282 5511 aequalitatem
2305 5441 2359 5495 in
2391 5440 2555 5496 rebus
2577 5440 2781 5495 nostris
2807 5439 3024 5510 posuit?
3047 5438 3194 5492 aliud
3226 5437 3369 5492 enim
3394 5443 3483 5491 est

1921 5533 2155 5587 varietas
2185 5532 2463 5603 sapientia:
2495 5546 2616 5602 qua:
2649 5531 2703 5586 itt
2745 5531 2945 5586 mundo
2979 5531 3229 5605 decorem
3271 5528 3487 5586 habet;

1977 5669 2093 5740 (3i)
2119 5669 2291 5723 Εῐποι
2325 5685 2408 5739 γε.
2445 5666 2596 5740 Vulg.
2626 5668 2828 5721 ἕποιεν.
2862 5665 3019 5721 Enn.
