4008 6208
419 264 422 268 ’
493 309 630 364 usa

1630 303 1756 358 I‘ITI
1797 299 2224 357 BOSTBENSIS
2262 298 2568 356 EPISCOPI

3607 304 3737 358 U56

491 429 636 482 aliud
663 427 996 499 perturbatio
1024 425 1232 481 ordinis
1257 425 1331 480 'in
1382 425 1796 498 gubernatione.
1823 425 1880 480 Si
1935 425 2055 496 quis

2163 425 2284 487 τοὺς
2346 422 2402 476 δὲ
2458 420 2726 492 ἐμπαθεῖς
2788 421 2908 475 καθ’
2970 421 3229 492 ἐκάτερον
3299 421 3477 494 ψυχήν
3530 438 3591 474 τε
3650 425 3742 476 καὶ

491 520 728 590 reperire.
749 525 933 589 posset
962 517 1098 572 alios
1131 517 1349 587 quidem
1379 518 1628 572 homines
1662 527 1859 572 natura
1884 517 1951 570 ab
1982 516 2064 570 al-

493 611 821 666 fectionibus
852 611 1047 662 animae
1097 617 1150 663 et
1205 610 1450 678 corporis
1501 609 1722 674 liberos,
1752 609 1888 664 alios
1936 623 2063 663 vero

492 719 598 758 non
641 703 872 769 liberos;
909 718 1103 757 rursus
1134 702 1271 757 alios
1311 703 1428 756 sine
1459 702 1584 756 cibo
1614 701 1856 756 viventes
1879 742 1893 765 ,
1929 703 2063 757 alios

489 793 615 847 cibo
648 793 854 847 alentes
886 793 1086 858 vitam;
1133 800 1226 845 aut
1270 791 1406 846 alios
1433 792 1529 861 qui
1560 792 1854 860 nequitiam
1894 793 2064 846 susci-

488 899 618 953 pere
671 899 780 938 non
837 891 1082 952 possent,
1115 885 1252 938 alios
1299 883 1389 953 qui
1448 893 1706 953 possent;
1766 883 1890 936 item
1927 885 2062 939 alios

489 974 784 1039 mortales,
831 976 970 1028 alios
1005 975 1378 1030 immortales:
1408 981 1556 1030 recte
1596 977 1695 1030 iste
1729 975 2064 1044 inaequalita-

487 1076 593 1120 tem
643 1066 1056 1136 gubernationis
1092 1067 1550 1136 reprehenderet,
1585 1074 1639 1121 et
1696 1066 2061 1122 turbationem

486 1155 731 1221 ordinis,
777 1156 933 1226 quasi
969 1157 1143 1226 magis
1175 1157 1459 1212 sortitione
1510 1172 1674 1227 quam
1719 1156 1930 1211 ratione
1973 1173 2061 1212 res

487 1260 705 1304 nostras
749 1248 890 1303 Deus
941 1257 1278 1320 procuraret.
1331 1248 1459 1314 Sed,
1487 1251 1536 1304 si
1588 1249 1728 1304 idem
1763 1250 1957 1304 modus
2004 1251 2059 1304 in

486 1347 610 1392 ortu
639 1339 921 1400 omnium,
969 1352 1075 1390 una
1105 1345 1158 1390 et
1208 1335 1396 1392 eadem
1454 1347 1661 1391 natura:
1689 1337 1973 1400 educatio;
2006 1329 2060 1391 et

485 1445 675 1486 eorum
695 1444 821 1500 qua
852 1431 1161 1484 necessaria
1191 1436 1356 1494 sunt,
1401 1429 1518 1485 sine
1545 1429 1749 1500 quibus
1782 1430 1889 1484 vita
1937 1428 2058 1500 degi

486 1537 596 1576 non
627 1530 839 1591 potest,
883 1521 1192 1576 communis
1229 1530 1316 1576 est
1362 1520 1619 1576 omnibus
1649 1536 1712 1576 ex
1749 1536 1905 1591 aequo
1934 1537 2060 1591 sup-

2167 515 2356 585 σῶμα’
2431 515 2525 567 καὶ
2582 515 2706 576 τοὺς
2761 514 2858 584 μὲν
2890 514 3013 568 ἄνευ
3055 514 3263 586 τροφῆς
3301 515 3436 585 (51⁸)
3467 534 3483 547 ·
3530 514 3566 586 ἦ
3620 517 3742 578 τοὺς

2167 606 2266 676 μὲν
2291 604 2674 667 ἀνεπιδέκτους
2703 605 2919 667 κακίας,
2943 605 3070 667 τοῦς
3092 605 3150 658 δὲ
3186 604 3468 669 δεκτικούς
3489 623 3503 635 ·
3527 605 3610 658 ἔτι
3641 605 3743 677 μὴν

2161 698 2287 760 τοὺς
2341 697 2438 768 μὲν
2477 695 2724 766 θνητοὺς,
2765 696 2892 759 τοὺς
2937 696 2994 750 δὲ
3035 695 3367 761 ἀθανάτουςο
3411 695 3596 760 καλῶς
3635 697 3744 750 avo

2161 787 2402 850 τοιοῦτος
2436 787 2661 851 ἀταξίαν
2686 804 2745 839 τε
2767 789 2861 840 καὶ
2885 787 3178 857 ἀνισότητα
3204 788 3451 842 κατείποι
3488 788 3590 856 τῆς
3615 786 3743 840 διοι-

2162 882 2392 951 κήσεως,
2444 880 2519 944 ὼς
2575 878 2958 949 ἀποκληρώσει
3001 881 3106 933 τινὶ
3169 879 3428 952 μᾶλλονῆ
3480 881 3627 951 λόγῳ
3653 881 3742 933 τοῦ

2160 973 2294 1026 Θεοῦ
2342 973 2411 1026 τά
2475 972 2596 1026 καθ’
2624 974 2768 1043 ἡμᾶς
2795 972 3141 1035 διοικοῦντος.
3174 974 3235 1025 Εἰ
3259 972 3315 1024 δὲ
3353 973 3558 1043 τρόπος
3593 974 3690 1042 μὲν
3717 975 3743 1024 ό

2160 1065 2324 1128 αὐτὸς
2369 1067 2483 1126 τοῖς
2543 1066 2676 1117 πᾶσι
2729 1065 3017 1132 γενέσεως,
3073 1065 3168 1134 μία
3210 1064 3266 1116 δὲ
3295 1064 3388 1117 καὶ
3413 1067 3447 1134 ἡ
3478 1065 3621 1135 αὑτὴ
3649 1066 3744 1133 τῆς

2161 1155 2373 1224 φύσεως
2429 1157 2462 1226 ή
2510 1156 2787 1227 ἀνατροφή
2815 1195 2828 1218 ,
2889 1155 2999 1208 τῶν
3037 1156 3092 1208 δὲ
3122 1157 3467 1225 ἀναγκαίων,
3507 1151 3587 1210 ὧν
3621 1157 3742 1210 ἄνευ

2163 1251 2417 1320 συστῆναι
2438 1249 2714 1312 ἀδύνατον,
2740 1249 2894 1318 κοινὴ
2929 1253 3041 1312 τοῖς
3066 1249 3268 1302 ἅπασιν
3294 1250 3492 1321 ἐπίσης
3520 1252 3554 1321 ἡ
3591 1268 3747 1322 χορη-

2158 1343 2272 1412 γία,
2304 1343 2456 1405 τέλος
2506 1342 2562 1395 δὲ
2607 1341 2715 1394 τῶν
2765 1343 3022 1395 ἁπάντων
3056 1340 3112 1393 ἓν
3153 1341 3245 1394 καὶ
3282 1343 3477 1411 μόνον’
3503 1341 3607 1412 τῆς
3635 1342 3743 1394 ίσό-

2157 1451 2316 1505 τητος
2345 1434 2480 1504 πρὸς
2541 1433 2717 1504 ἄκραν
2754 1432 3041 1504 ἀκρίϐειαν
3078 1433 3135 1486 ἐν
3182 1432 3352 1486 ἅπασι
3383 1433 3740 1501 φαινομένης,

2156 1526 2189 1598 ἦ
2217 1525 2414 1594 τυφλὸς
2433 1525 2709 1588 παντελῶς
2739 1527 2766 1578 ό
2790 1524 3090 1578 διαϐάλλων
3120 1526 3199 1587 είς
3227 1524 3453 1590 ἀταξίαν
3479 1522 3573 1576 τοῦ
3606 1522 3741 1576 Θεοῦ

487 1615 782 1685 peditatio;
817 1613 938 1668 ﬁnis
969 1619 1150 1667 autem
1183 1613 1425 1667 omnium
1451 1629 1594 1668 unus
1625 1621 1679 1668 et
1709 1615 1858 1668 solus
1885 1632 1898 1668 :
1931 1629 2055 1668 cum

2163 1617 2253 1688 τὴν
2314 1618 2590 1688 πρόνοιαν,
2623 1617 2656 1687 ἢ
2694 1616 2907 1687 ἐχθροῖς
2951 1616 3161 1686 ὄμμασι
3201 1614 3452 1687 καθορῶν
3495 1615 3567 1668 τὰ
3601 1616 3742 1686 πρά-

486 1714 745 1777 appareat
773 1719 986 1762 summa
1016 1705 1300 1776 aequalitas
1338 1705 1390 1759 in
1429 1708 1683 1763 omnibus
1707 1748 1723 1772 .
1762 1709 1846 1762 vel
1877 1723 2052 1764 cacus

2163 1727 2188 1778 γ
2196 1727 2358 1781 ματα,
2373 1712 2571 1781 ἥκιστα
2587 1707 2898 1762 πιστεύεται
2912 1707 3135 1770 δίκαιος.
3157 1709 3216 1760 Εἰ
3230 1707 3338 1778 γὰρ
3351 1708 3384 1778 ὴ
3398 1707 3744 1778 διαφοράτὴν

485 1814 712 1870 prorsus
735 1809 838 1862 est,
871 1798 962 1868 qui
987 1796 1078 1852 Dei
1115 1795 1505 1866 providentiam
1539 1807 1799 1871 tanquam
1829 1816 1936 1854 non
1963 1816 2053 1854 or-

2163 1802 2378 1868 ἀταξίαν
2401 1802 2532 1872 ἕχει,
2554 1801 2616 1854 τὸ
2634 1801 2855 1871 κόσμιον
2867 1801 2966 1870 τῆς
2982 1800 3269 1862 ποικιλίας,
3287 1801 3508 1873 τεχνίτῃ
3525 1817 3592 1868 γε
3615 1817 3746 1852 παν·

484 1889 726 1943 dinatam
760 1895 1012 1952 accusat,
1060 1888 1141 1942 vel
1179 1889 1352 1943 oculis
1399 1891 1677 1947 malevolis
1729 1900 1781 1946 et
1820 1891 2056 1948 inimicis

485 1995 574 2035 res
603 1981 818 2051 aspicit,
843 1990 898 2036 et
923 1980 992 2034 ob
1019 1995 1143 2034 eam
1173 1996 1395 2034 causam
1433 1998 1541 2038 non
1579 1993 1663 2039 est
1709 1983 1904 2055 dignus
1932 1985 2054 2040 ﬁde.

486 2070 722 2139 Etenim,
757 2073 803 2128 si
846 2073 1180 2143 perturbatio
1215 2075 1426 2131 ordinis
1476 2077 1532 2130 in
1565 2077 1825 2132 varietate
1881 2079 2055 2143 inest,

485 2162 749 2220 decorum
784 2165 1089 2230 varietatis,
1130 2165 1277 2235 quod
1309 2167 1608 2237 sapientem
1638 2169 1900 2225 artificem
1939 2185 2058 2225 ma-

2157 1893 2303 1963 σόςρῳ
2322 1893 2443 1945 λίαν
2460 1893 2746 1964 ἁρμόττον,
2766 1894 2793 1944 ὁ
2816 1889 3053 1955 τοιοῦτος
3075 1890 3373 1944 διαϐάλλει.
3391 1891 3506 1944 Καὶ
3539 1889 3744 1962 προῖὼν

2157 1984 2429 2050 κακιζέτω
2455 1986 2549 2038 καὶ
2580 1984 2638 2036 τὸ
2657 1983 2892 2036 ποικίλον
2909 1983 3016 2036 τῶν
3041 1984 3364 2054 χρωμάτων,
3387 1982 3619 2036 καὶτῶν
3645 1983 3746 2034 ἐδε-

2160 2077 2382 2148 σμάτων
2402 2076 2495 2130 καὶ
2519 2075 2778 2147 πομάτων
2796 2075 2856 2128 τὸ
2885 2075 3143 2145 διάφορον
3160 2091 3174 2106 ’
3204 2076 3344 2146 ειπερ
3369 2073 3742 2145 ἀναλαμϐάνει

2158 2188 2222 2241 γε
2275 2172 2593 2243 θαυμασίως
2631 2169 2730 2234 τὰς
2777 2169 3054 2240 αἰσθήσεις
3082 2167 3197 2238 ,τῶν
3255 2165 3739 2238 προσφερομένων.

483 2273 722 2329 gnopere
773 2257 948 2323 decet,
1007 2261 1356 2330 reprehendit
1400 2263 1524 2320 iste.
1579 2262 1774 2335 Pergat
1831 2267 1991 2320 etiam
2047 2268 2358 2338 improbare
2420 2267 2740 2322 varietatem
2801 2265 3047 2320 colorum
3078 2304 3094 2329 ,
3149 2271 3203 2318 et
3255 2263 3637 2317 diversitatem
3682 2276 3742 2315 ac

484 2351 846 2406 dill'erentiam
895 2351 1146 2408 ciborum
1187 2369 1251 2409 ac
1283 2356 1603 2426 potionum,
1633 2374 1754 2429 qua:
1789 2358 2111 2416 mirabiliter
2143 2378 2340 2418 sensus
2370 2369 2620 2416 recreant
2653 2374 2844 2414 eorum
2882 2357 3084 2428 qui-bus
3115 2353 3468 2408 adhibentur.

557 2447 694 2503 Hinc
736 2448 966 2519 profecti
996 2459 1127 2505 sunt
1163 2453 1456 2508 miserrimi
1501 2454 1788 2523 homines,
1841 2457 1933 2526 qui
1989 2456 2054 2511 ad

483 2537 886 2596 defendendum
925 2543 1096 2597 fatum
1129 2543 1385 2598 videntur
1421 2545 1525 2601 sibi
1576 2548 1900 2602 conﬁrmare
1949 2563 2061 2602 ma-

486 2639 599 2694 lum
639 2640 1024 2711 inaqualitatis
1047 2681 1062 2706 ,
1109 2641 1325 2695 duobus
1359 2640 1644 2710 principiis
1679 2640 2005 2696 introductis
2040 2659 2052 2695 :

484 2741 768 2790 ostensum
800 2742 984 2787 tamen
1012 2742 1096 2788 est
1135 2733 1497 2804 prudentibus
1528 2733 1734 2786 nullam
1783 2733 1838 2787 in
1889 2732 2054 2788 rebus

485 2826 688 2881 nostris
717 2826 1140 2895 inaequalitatem
1173 2839 1314 2880 esse.

555 2913 695 2980 Quia
732 2930 864 2970 vero
893 2915 1034 2969 bella
1061 2915 1225 2970 etiam
1272 2913 1593 2983 assignant,
1648 2921 1702 2968 et
1749 2914 2055 2969 attribuunt

484 3005 741 3076 nequitiae
765 3042 783 3072 ,
816 3004 1090 3075 quomodo
1126 3004 1275 3057 varia
1323 3003 1452 3067 fata,
1482 3003 1725 3074 ipsorum
1758 3005 2014 3074 opinione
2039 3045 2054 3072 ,

2241 2456 2518 2511 Ἐντεῦθεν
2546 2453 2766 2526 ἐξῆλθον
2783 2454 2830 2507 oi
2849 2453 2969 2506 λίαν
2998 2450 3342 2516 ἀθλιώτατοι,
3367 2447 3509 2519 πρὸς
3533 2448 3735 2520 εἱμαρ-

2161 2549 2328 2619 μένην
2355 2547 2416 2600 τὺ
2444 2545 2642 2600 ἄτοπον
2689 2545 2789 2616 τῆς
2845 2545 3162 2615 ἀνισότητος
3189 2541 3277 2594 διὰ
3317 2542 3439 2592 ταῖν
3472 2539 3623 2592 δυοῖν
3649 2541 3745 2610 ἀρ-

2157 2643 2278 2711 χαῖν
2340 2638 2588 2709 βεϐαιοῦν
2641 2637 2961 2701 δοκοῦντες·
2991 2634 3126 2690 ἀλλά
3176 2633 3444 2687 δέδεικται
3485 2633 3589 2703 μὲν
3631 2636 3743 2696 τοῖς

2157 2733 2443 2804 ἔμφροσιν,
2474 2732 2549 2795 ὡς
2591 2729 2817 2801 οὐδεμία
2843 2746 2926 2792 τις
2969 2727 3220 2797 ἀνισότης
3251 2724 3459 2777 ἔνεστιν
3514 2726 3578 2778 ἐν
3628 2729 3740 2788 τοῖς

2156 2821 2278 2876 καθ’
2301 2823 2466 2892 ἡμᾶς.

2233 2913 2450 2984 Ἐπειδὴ
2491 2913 2548 2966 δὲ
2581 2913 2700 2972 ,καὶ
2741 2912 2868 2975 τοὺς
2911 2909 3178 2981 πολέμους
3210 2911 3276 2981 τῇ
3304 2909 3478 2980 κακίᾳ
3507 2907 3742 2979 προσνέ-

2165 3023 2342 3076 μουσι,
2373 3005 2492 3059 τίνα
2521 3005 2717 3077 τρόπον
2735 3003 3068 3074 είμαρμέναι
3091 3002 3336 3072 διάφοροι
3362 3003 3485 3054 κατ’
3515 3000 3739 3062 αὐτοὺς,

484 3097 786 3151 multorum
817 3095 1112 3167 aliquando
1136 3095 1364 3150 millium
1397 3095 1451 3149 in
1482 3110 1650 3149 unum
1677 3101 1912 3165 tempus,
1945 3095 2054 3149 imo

2163 3097 2366 3150 πολλῶν
2392 3097 2538 3150 ἐστιν
2563 3097 2650 3150 ὅτε
2675 3096 2928 3168 χιλιάδων
2965 3095 3056 3163 ὑφ’
3089 3094 3184 3146 ἐνα
3215 3093 3430 3164 καιρὸν,
3461 3091 3742 3162 μᾶλλονδὲ

484 3187 542 3242 in
571 3203 735 3242 unam
770 3187 961 3243 horam
1006 3187 1292 3242 incidunt?
1329 3201 1399 3240 an
1450 3201 1621 3240 unum
1661 3184 1831 3240 fatum
1865 3186 2056 3240 conci-

482 3280 582 3334 liat
612 3280 713 3336 hos
750 3288 804 3334 et
849 3279 1068 3349 copulat
1097 3279 1238 3334 inter
1268 3278 1367 3333 se?
1424 3292 1607 3332 annon
1652 3285 1738 3332 est
1765 3278 2055 3332 ridiculum

2157 3188 2261 3242 ὑπὸ
2290 3189 2419 3261 μίαν
2460 3188 2607 3260 ῶραν
2642 3187 2995 3252 πιπτουσῶνς
3035 3181 3142 3257 ἆρα
3173 3185 3270 3256 μία
3309 3202 3393 3249 τις
3427 3183 3742 3256 εἱμαρμένη

2160 3282 2418 3336 συνάπτει
2479 3280 2702 3344 τούτους
2731 3281 2819 3348 ὑφ’
2878 3281 3085 3351 tauri};
3143 3279 3236 3332 καὶ
3292 3278 3407 3341 πῶς
3447 3279 3511 3331 οὺ
3557 3278 3738 3349 πάντη

480 3371 798 3426 existimare
829 3371 964 3426 hoc?
999 3369 1074 3424 Ex
1100 3384 1209 3440 quo
1241 3371 1298 3422 ﬁt
1323 3377 1382 3423 ut
1427 3369 1764 3441 inaequalitas
1799 3369 1916 3437 fati,
1939 3385 2055 3441 qua:

2163 3373 2312 3426 τοῦτό
2349 3390 2413 3442 γε
2459 3373 2862 3444 ὑπολαμϐάνειν
2931 3372 3299 3442 γελοιότατον;
3334 3369 3499 3424 Ὅθεν
3531 3369 3594 3422 τὸ
3640 3368 3741 3439 μὲν

481 3470 568 3518 est
603 3463 785 3533 gravis
825 3463 1050 3518 morbus
1082 3463 1417 3527 errantium,
1457 3464 1637 3518 locum
1678 3465 1734 3518 in
1764 3463 1926 3519 rebus
1951 3473 2060 3520 non

486 3553 704 3608 habeat.
749 3552 895 3608 Bella
931 3562 1110 3608 autem
1143 3553 1472 3624 principium
1525 3562 1750 3610 sumunt
1775 3570 1841 3609 ex
1875 3555 2065 3610 ενοι-ἰὰ.

485 3643 598 3711 tia;
651 3654 917 3714 geruntur
959 3653 1140 3699 autem
1189 3648 1457 3714 permissu
1493 3644 1627 3701 Dei:
1675 3647 1876 3701 malum
1909 3646 2048 3720 enin,

483 3732 678 3788 horum
713 3743 797 3788 est
843 3735 959 3804 ipsa
992 3748 1179 3796 causa,
1219 3733 1272 3787 id
1321 3742 1407 3789 est
1449 3735 1739 3805 cupiditas,
1773 3749 1894 3806 quae
1924 3749 2045 3797 ava;

2148 3457 2339 3519 ἄνισον
2369 3466 2467 3535 τῆς
2497 3465 2856 3536 είμαρμέης,
2896 3463 2956 3516 τὸ
2979 3461 3210 3534 χαλεπὸν
3236 3461 3345 3514 τῶν
3379 3458 3739 3529 πεπλανημέ-

2147 3555 2267 3612 ’νων
2327 3559 2562 3629 νόσημα,
2616 3561 2795 3629 χώραν
2851 3557 2907 3609 ἐν
2949 3558 3059 3618 τοῖς
3115 3554 3432 3626 πράγμασιν
3459 3554 3559 3607 οῦκ
3587 3553 3737 3623 ἔχει’

2146 3650 2384 3721 ,πόλεμοι
2433 3650 2490 3704 δὲ
2525 3650 2620 3721 τὴν
2693 3648 2790 3720 μὲν
2836 3648 3006 3720 ἀρχὴν
3049 3648 3114 3700 ἐκ
3162 3645 3479 3710 πλεονεξίας
3522 3643 3743 3714 λαμϐά-

2155 3741 2448 3812 νουσι,τὴν
2490 3741 2546 3793 δὲ
2589 3739 2868 3811 ἐνέργειαν
2921 3739 3058 3810 πρὸς
3099 3737 3233 3791 Θεοῦ
3277 3739 3741 3808 συγχωρουμένην

482 3822 664 3876 ritiam
697 3825 876 3894 parit:
913 3823 1058 3894 quod
1099 3824 1320 3894 quidem
1349 3825 1551 3879 malum
1597 3826 1666 3879 ab
1715 3825 2055 3882 hominibus:

2163 3835 2368 3905 ἔχουσι’
2405 3833 2572 3886 κακὸν
2615 3833 2711 3903 μὲν
2738 3831 2847 3901 γὰρ
2889 3831 3092 3883 τούτων
3133 3832 3168 3901 ἡ
3201 3831 3444 3902 ἀφορμὴ,
3493 3829 3635 3896 λέγω
3674 3828 3742 3899 δὴ

485 3930 594 3969 non
628 3930 658 3967 a
688 3913 796 3970 Deo
831 3915 1195 3985 proﬁciscitur
1215 3957 1230 3983 ,
1283 3923 1342 3969 ut
1373 3917 1430 3970 in
1463 3915 1533 3973 iis
1561 3932 1682 3988 quae
1708 3917 1861 3988 prius
1907 3916 2055 3972 dicta

2163 3922 2253 3992 τῆς
2303 3921 2615 3987 πλεονεξίας
2671 3924 2704 3992 ὴ
2747 3921 3043 3992 ἐπιθυμία·
3081 3923 3218 3992 ὅπερ
3269 3921 3588 3993 ἀνθρώπων,

484 4014 613 4061 sunt
642 4007 974 4076 patefactum
1006 4014 1112 4063 est.

2153 4012 2274 4083 ουχὶ
2319 4012 2456 4066 Θεοῦ
2508 4012 2908 4084 πλημμέλημα,
2934 4017 3044 4078 τοῖς
3095 4013 3402 4085 ἔμπροσθεν
3439 4004 3737 4066 δέδεικταιζ

761 4124 890 4180 Cn.
929 4123 1043 4180 Xll.
1078 4124 1225 4181 Mors
1256 4143 1359 4181 non
1392 4127 1555 4183 mala.
1580 4127 1690 4184 Cur
1717 4144 1834 4183 vero
1865 4129 2096 4183 timetur.
2128 4127 2408 4185 Justorum
2440 4139 2490 4186 et
2531 4133 2813 4201 impiorum
2851 4131 3037 4185 mortis
3069 4131 3218 4200 ﬁnis,
3255 4129 3436 4202 qualis.

556 4235 702 4292 Mors
730 4248 939 4292 naturae
964 4246 1048 4293 est.
1079 4254 1188 4294 non
1213 4239 1374 4292 mala.
1401 4240 1568 4295 Ortus
1590 4248 1644 4296 et
1671 4255 1822 4296 mors
1845 4249 2045 4295 natura

483 4337 615 4386 sunt
643 4344 674 4382 a
711 4328 818 4385 Deo
865 4331 1118 4396 sancita;
1163 4346 1273 4385 non
1329 4331 1546 4401 quidem
1595 4339 1654 4384 ut
1695 4339 1925 4401 pereant
1957 4334 2050 4401 qui

485 4420 828 4487 moriuntur,
876 4421 971 4475 sed
1017 4429 1076 4473 ut
1135 4429 1478 4492 apponantur
1523 4421 1590 4478 iis
1621 4422 1714 4493 qui
1748 4431 1896 4478 sunt.
1932 4422 2050 4478 Non

482 4511 628 4567 enim
665 4519 814 4566 esset
843 4510 974 4565 Boni
1019 4511 1153 4568 solis
1180 4511 1490 4567 hominibus
1517 4511 1611 4581 qui
1669 4520 1796 4566 sunt
1864 4513 2048 4582 largiri

485 4613 545 4658 ut
574 4604 684 4659 sint
709 4611 762 4658 et
799 4603 913 4658 nati
947 4604 1090 4667 sint,
1141 4604 1237 4660 sed
1269 4605 1437 4659 etiam
1481 4619 1578 4660 eos
1631 4606 1725 4676 qui
1772 4621 1880 4660 non
1921 4612 2052 4660 sunt

483 4695 722 4751 creando
750 4696 1047 4767 adjungere
1085 4696 1151 4750 ad
1187 4711 1282 4752 eos
1312 4696 1404 4766 qui
1461 4705 1628 4752 sunt:
1678 4706 1739 4751 ut
1784 4701 1877 4768 qui
1923 4708 2053 4752 sunt

485 4787 622 4850 nati,
646 4802 814 4842 cursu
851 4788 978 4855 vine
1005 4787 1140 4842 satis
1178 4802 1422 4851 emenso,
1451 4795 1509 4840 ut
1560 4803 1590 4840 a
1621 4803 1788 4842 cursu
1839 4789 2056 4857 requie-

485 4887 662 4944 scant,
709 4888 937 4936 mortem
969 4881 1239 4950 accipiant
1292 4896 1401 4935 non
1434 4897 1556 4952 quae
1588 4896 1684 4936 eos
1717 4881 1784 4936 ad
1813 4896 2052 4950 pereun-

484 4972 615 5026 dum
655 4972 861 5038 ducat,
912 4974 1007 5028 sed
1056 4989 1176 5044 qua:
1207 4973 1318 5028 alio
1349 4974 1596 5045 singulos
1641 4989 1740 5044 pro
1789 4973 2054 5043 dignitate

485 5062 820 5129 transferat,
856 5072 910 5118 et
947 5065 1040 5134 qui
1088 5080 1198 5118 non
1247 5074 1406 5127 sunt,
1459 5065 1664 5119 aditum
1711 5065 1948 5119 habeant
1985 5065 2052 5119 ad

484 5152 809 5220 capiendum
857 5165 1060 5207 ortum.
1114 5153 1256 5208 Mors
1316 5155 1482 5224 igitur
1523 5154 1638 5224 lege
1677 5162 1887 5207 natura:
1921 5169 2053 5207 san-

486 5242 592 5294 cita
622 5257 730 5296 non
759 5251 844 5297 est
898 5245 1060 5307 mala,
1094 5260 1424 5315 quocunque
1463 5245 1625 5298 modo
1651 5245 1864 5298 accidat
1897 5262 1910 5297 :
1952 5259 2053 5298 nec

486 5334 631 5388 enim
682 5336 1064 5405 inquirendum
1117 5344 1199 5391 est
1248 5336 1315 5391 de
1365 5338 1531 5392 variis
1562 5338 1781 5391 casibus
1830 5345 2050 5407 propter

487 5440 624 5494 quos
651 5429 868 5482 accidit.
903 5427 1055 5484 Unus
1098 5430 1292 5485 modus
1326 5432 1633 5486 communis
1664 5431 1921 5484 omnibus
1957 5446 2056 5484 co-

525 5564 694 5645 ἴβις)
737 5567 906 5645 Ἀιςευ
943 5566 1292 5645 τροφζῡερει
1321 5567 1407 5622 hic
1432 5567 1647 5645 aliquid
1688 5578 1744 5622 ut
1769 5570 2049 5645 ﬁat_oppo-

490 5639 617 5708 sitio
650 5639 787 5708 inter
823 5640 1020 5690 bonum
1059 5647 1110 5691 et
1147 5639 1365 5708 malum,
1397 5640 1641 5692 ciborum
1677 5640 1961 5708 penuriam
1994 5647 2048 5693 et

491 5703 874 5761 abundantiam
896 5725 909 5773 ;
928 5708 1048 5762 ideo
1081 5707 1446 5776 reponendum
1465 5710 1648 5776 credo,
1675 5703 1799 5772 τοὺς
1829 5708 1884 5762 δὲ
1913 5709 2048 5778 μετά

2225 4243 2463 4309 Θάνατος
2504 4245 2561 4298 δὲ
2617 4245 2715 4316 τῆς
2766 4245 2978 4314 φύσεως
3017 4245 3076 4298 οὐ
3126 4244 3328 4308 κακός·
3372 4242 3580 4312 γένεσις
3614 4246 3731 4319 γὰρ

2156 4336 2252 4390 καὶ
2284 4335 2509 4400 θάνατος
2539 4336 2674 4408 πρὸς
2698 4335 2832 4389 Θεοῦ
2865 4336 3023 4406 φύσει
3046 4335 3459 4407 νενομοθέτηται
3479 4351 3494 4366 ·
3533 4338 3594 4389 οὐ
3623 4338 3737 4391 τῶν

2154 4446 2218 4498 γε
2239 4428 2608 4483 τελευτώντων
2659 4429 3044 4500 ἀπολλυμένων
3066 4468 3080 4492 ,
3126 4429 3265 4482 ἀλλά
3301 4429 3411 4482 τῶν
3437 4429 3742 4500 γινομένου

2157 4522 2267 4584 τοῖς
2313 4516 2430 4574 οῦσι
2465 4519 2930 4594 προστιθεμένων.
2980 4519 3211 4587 Ἀγαθοῦ
3238 4519 3351 4589 (52)
3388 4520 3498 4590 γὰρ
3535 4522 3639 4575 οὐκ
3677 4522 3742 4575 ἂν

2158 4611 2242 4682 εἴη
2270 4612 2331 4664 τὸ
2363 4612 2542 4682 μόνοις
2597 4615 2710 4676 τοῖς
2757 4608 2906 4666 οὖσιν
2939 4609 3256 4683 ἀνθρώποις,
3291 4612 3354 4665 τὸ
3391 4607 3532 4666 εἶναί
3556 4630 3618 4666 τε
3651 4615 3744 4666 καὶ

2157 4704 2434 4772 γεγονέναι
2474 4703 2783 4773 δωρεῖσθαι,
2827 4702 2962 4757 ἀλλά
3008 4703 3104 4756 καὶ
3133 4705 3257 4768 τοὺς
3295 4703 3372 4775 μὴ
3398 4703 3560 4768 ὄντας
3607 4721 3740 4775 προ-

2159 4797 2581 4862 κατασκευάζειν
2599 4800 2708 4861 τοῖς
2723 4793 2894 4851 οὖσιν·
2908 4797 2981 4860 ὡς
2998 4795 3062 4850 ἂν
3081 4797 3202 4850 οἵτε
3214 4797 3519 4868 γενόμενοι,
3530 4797 3742 4868 διαδρα-

2162 4888 2350 4958 μόντες
2378 4888 2663 4960 αὐτάρκως
2693 4883 2786 4940 τοῦ
2813 4887 2928 4957 βίου
2976 4889 3036 4940 τὸ
3073 4887 3308 4952 στάδιον,
3344 4888 3471 4940 ἀντὶ
3495 4888 3740 4941 ἀναπαύσ-

2162 4995 2298 5042 σεως
2349 4978 2445 5032 τοῦ
2493 4979 2692 5051 δρόμου
2750 4978 2843 5032 τὸν
2889 4978 3119 5033 θάνατον
3169 4978 3444 5044 λάὸωσιν,
3501 4979 3606 5032 οὐκ
3667 4981 3743 5041 είς

2159 5066 2432 5121 ἀπώλειαν
2483 5069 2681 5131 αὐτοὺς
2736 5069 2956 5136 ἄγοντα,
3013 5067 3125 5121 ἀλλ’
3195 5068 3432 5139 ἑτέρωσε
3459 5067 3607 5120 κατά
3648 5067 3740 5136 τὴν

2159 5159 2312 5226 ἀξίαν
2358 5160 2588 5213 ἑκάστου
2646 5162 2946 5231 μετάγοντα
2973 5176 2988 5188 °
3020 5161 3072 5213 οῖ
3095 5177 3155 5212 τε
3189 5160 3262 5230 μὴ
3303 5159 3456 5222 ὄντες
3511 5160 3739 5230 πάροδον

2160 5251 2237 5313 είς
2259 5250 2319 5302 τὸ
2349 5250 2602 5319 γενέσθαι
2649 5251 2906 5306 λάϐωσιν.
2935 5252 3146 5305 Οὐκοῦν
3177 5250 3409 5314 θάνατος
3432 5253 3462 5304 ὁ
3489 5255 3557 5322 τῇ
3587 5252 3740 5319 φύσει

2160 5341 2646 5414 νενομοθετημένος
2684 5344 2744 5395 οὐ
2806 5345 3060 5416 πονηρὸς,
3101 5342 3203 5396 κᾶν
3252 5342 3507 5395 ὁπωσοῦν
3562 5343 3734 5395 ἐπίοι·

2160 5431 2278 5484 οὐδὲ
2306 5431 2414 5504 γάρ
2435 5433 2496 5486 τὸ
2525 5433 2777 5506 διάφορον
2809 5433 2917 5487 τῶν
2962 5434 3355 5507 περιστάσεων,
3386 5432 3451 5486 δι’
3475 5425 3570 5502 ,ὧν
3599 5432 3737 5486 East--

2160 5567 2386 5640 τροφῆς,
2423 5567 2547 5622 illos
2582 5586 2697 5624 vero
2725 5571 2813 5640 qui
2843 5571 2975 5626 cibis
3007 5569 3467 5639 {ruuntunBsstL

2232 5639 2342 5710 (52)
2368 5640 2659 5710 ηἈταθοῦ.
2705 5639 2862 5708 Boni,
2908 5640 3010 5698 ho'c
3038 5652 3142 5710 est,
3175 5643 3288 5697 Dei.
3327 5640 3509 5699 Tuan.
3542 5672 3619 5685 —
3644 5639 3738 5699 Sic

2164 5725 2304 5779 saepe
2327 5709 2506 5783 alibi.‘
