4008 6208
267 267 407 324 H57

1327 273 1695 332 ADVERSUS
1736 271 2162 329 MANICHEOS
2199 274 2330 332 LIB.
2374 275 2436 329 ll.

3455 283 3470 296 δ

3384 281 3517 338 1L8

266 406 369 454 σιν,
403 387 735 454 ἐξεταστέον.
773 389 910 444 Ἕνα
957 391 1012 446 δὲ
1063 393 1261 464 τρόπον
1309 395 1487 448 κοινὸν
1519 398 1631 457 τοῖς
1669 397 1826 448 πᾶσιν

1937 393 2288 464 gnoscendus
2331 401 2446 458 est,
2488 393 2578 462 qui
2637 400 2720 448 est
2758 391 3039 448 discessus
3080 393 3276 450 anima
3321 409 3351 448 a
3391 410 3517 451 cor-

260 483 392 534 δντα
439 481 727 549 γνωστέον,
792 483 932 551 λέγω
976 485 1042 557 δὴ
1089 487 1149 538 τὸ
1197 486 1270 558 μὴ
1304 486 1422 559 δίχα
1466 487 1836 558 περιστάσεως

258 589 403 636 τινος
453 575 546 637 καὶ
602 574 846 646 ἀνάγκης
895 576 1195 648 ἀναχωρεῖν
1231 577 1405 649 ψυχὴν
1428 580 1536 633 ἀπὸ
1562 578 1833 651 σώματος,

259 667 395 722 ἀλλά
419 666 754 738 παραμένειν
781 668 886 731 ἓως
935 669 1000 722 ἂν
1028 671 1087 723 τὸ
1134 672 1359 740 φυσικὸν
1387 673 1556 742 αὐτῆς
1588 672 1837 742 καταγώ-

258 777 380 832 γιον
403 761 762 832 ἀκαθαίρετον
800 762 1070 833 διαμένοι·
1110 763 1282 834 τούτῳ
1313 765 1492 835 μέντοι
1521 765 1597 838 τῷ
1623 766 1836 836 φυσικῷ

261 855 356 908 κα)⁸
411 853 574 924 κοινῷ
628 857 958 927 συνυπάρχει
1004 874 1058 909 τι
1111 857 1248 921 δέος,
1279 859 1414 930 ὅπερ
1455 860 1534 922 είς
1566 859 1836 931 τιμωρίας

263 947 498 1018 ὑποψίαν
544 947 858 1015 ἀναγκαίως
902 947 1301 1019 παρείληπται,
1330 949 1390 1000 ού
1427 950 1608 1019 μέντοι
1645 952 1701 1002 ἐν
1725 953 1836 1013 τοῖς

260 1042 449 1105 πᾶσιν,
482 1040 594 1093 ἀλλ’
623 1036 702 1104 οἷς
725 1057 788 1108 γε
823 1040 1074 1110 ήδιάνοια
1115 1042 1400 1112 πρόχειρος
1429 1044 1508 1104 είς
1542 1041 1833 1113 ἁμαρτίαν,

209 1118 397 1201 ίπρὸς
448 1132 754 1203 ἀνατροπὴν
785 1130 1007 1202 ταύτης.
1053 1131 1110 1185 '0
1141 1132 1239 1202 μὲν
1281 1132 1389 1202 γὰρ
1437 1132 1660 1202 ἔμφρων
1715 1135 1834 1186 κατ.

255 1221 483 1292 ἀρετὴν,
520 1221 689 1294 ἄραγε
747 1221 840 1275 τοῦ
907 1223 1266 1294 πλημμελεῖν,
1333 1224 1426 1276 καὶ
1472 1223 1567 1277 τοῦ
1631 1224 1836 1278 οἴεσθαι

262 1316 536 1388 μοχθηρὸν
587 1312 725 1370 εἶναι
757 1317 848 1370 τὸν
885 1316 1112 1372 θάνατον
1159 1319 1531 1390 ἀπήλλακται·
1563 1323 1592 1375 ὁ
1623 1321 1679 1375 δὲ
1715 1321 1835 1392 φιλ-

259 1408 628 1478 αμαρτήμων,
647 1406 752 1460 ἀπὸ
771 1407 869 1477 μὲν
898 1408 995 1478 τῆς
1027 1408 1197 1480 αὐτῆς
1228 1411 1410 1474 ἀνοίας
1431 1407 1716 1483 ἀφ’ἦσπερ
1743 1411 1836 1465 καὶ

261 1496 594 1568 πλημμελεῖ,
616 1497 706 1550 τὸν
731 1497 957 1552 θάνατον
983 1499 1308 1554 εὐλαϐεῖται.
1365 1503 1684 1572 Ἀναγκαῖον
1716 1505 1837 1575 μέν·

261 1607 343 1644 τοι
367 1591 466 1662 τῆς
498 1590 683 1654 ἀνοίας
725 1590 835 1662 ἔχει
867 1591 928 1644 τὸ
960 1592 1198 1646 τοιοῦτον
1223 1595 1713 1667 παρακολούθημα,
1748 1598 1836 1652 ῖνα

258 1681 320 1734 τὸ
342 1680 493 1744 ἀδεὲς
537 1679 742 1745 δεδιὼς,
791 1682 819 1734 ὃ
865 1683 1139 1754 προσῆκεν
1169 1684 1384 1755 ἀληθῶς
1415 1686 1662 1752 δεδιέναι,
1692 1688 1834 1756 λέγω

256 1774 321 1845 δὴ
345 1775 442 1846 τῆς
471 1775 743 1845 ἁμαρτίας
787 1774 1024 1846 διαφύγῃ
1057 1775 1155 1844 τὴν
1203 1775 1426 1848 βλάόην.
1465 1778 1712 1832 Ἐπειδὰν
1739 1777 1832 1833 οὖν

257 1865 528 1937 πλεονάσῃ
551 1867 679 1936 παρ’
713 1865 888 1918 ἔθνεσι
930 1865 997 1919 τὰ
1047 1867 1147 1936 τῆς
1184 1869 1476 1940 ἁμαρτίας,
1511 1867 1579 1942 ἦς
1607 1889 1669 1940 γε
1698 1889 1831 1942 τυγ-

257 1958 410 2027 χάνει
459 1957 514 2010 ἓν
574 1952 711 2020 εἶδος
753 1956 813 2009 τὸ
844 1957 939 2026 τῆς
973 1957 1296 2028 ἀπληστίας,
1335 1961 1544 2023 ἑαυτοῖς
1569 1964 1832 2034 παραίτια

257 2046 614 2116 γίγνεταιτῆς
632 2046 772 2099 κατά
799 2047 860 2099 τὸ
885 2048 1208 2118 φαινόμενον
1234 2053 1522 2122 τιμωρίας,
1547 2053 1666 2124 ἥτις
1687 2055 1832 2109 κατά

259 2139 360 2210 μὲν
388 2138 447 2190 τὸ
471 2137 664 2210 ἀληθὲς
691 2139 767 2202 ὡς
796 2139 894 2192 οὐκ
923 2139 989 2193 ἂν
1006 2140 1089 2210 εἴη
1124 2143 1362 2214 τιμωρία
1378 2142 1644 2210 λέλεκται,
1672 2147 1830 2216 φύσει

254 2234 409 2303 κοινῇ
447 2231 587 2284 κατά
623 2232 840 2284 πάντων
889 2231 1168 2305 ὡρισμένη
1191 2251 1204 2265 ·
1241 2235 1520 2306 εὐεργετεῖ
1539 2237 1593 2290 δὲ
1619 2238 1744 2302 τούς
1769 2257 1828 2292 τε

251 2326 550 2389 πίπτοντας
603 2328 659 2378 ἐν
690 2324 908 2397 πολέμῳ
953 2327 1196 2392 καὶτοὺς
1240 2327 1687 2400 διασωζομένους,
1719 2336 1830 2396 τοῖς

255 2417 352 2489 μὲν
372 2416 658 2488 -ἁμαρτίας
699 2418 850 2480 τέλος
872 2419 1206 2489 παρέχουσα,
1268 2422 1379 2483 τοῖς
1417 2420 1472 2472 δέ
1529 2421 1829 2492 ὑπόδειγμα

250 2509 403 2572 δέους
433 2509 735 2579 ἐμποιοῦσα
759 2526 772 2540 ·
815 2510 1090 2580 εὐεργετεῖ
1125 2509 1202 2573 δὲ,
1232 2509 1332 2563 κᾶν
1362 2510 1557 2564 δίκαιοι
1586 2510 1664 2583 τῷ
1693 2512 1830 2585 πλή-

251 2601 334 2656 θει
375 2600 812 2654 συναπέλθωσιν·
873 2603 947 2665 ὡς
973 2602 1080 2674 γάρ
1119 2605 1229 2666 τοῖς
1285 2603 1492 2667 ἀδίκοις
1534 2603 1686 2668 τέλος
1730 2611 1828 2676 τῆς

249 2693 465 2756 ἀδικίας
501 2695 530 2745 ό
559 2693 804 2757 θάνατος,
839 2694 979 2747 οὕτω
1005 2694 1060 2746 δὲ
1093 2695 1187 2748 καὶ
1214 2695 1442 2759 δικαίοις
1473 2696 1547 2760 ὡς
1579 2700 1826 2768 νικηταῖς

249 2786 447 2856 τρόπον
479 2785 600 2838 τινὰ
625 2788 901 2856 στεφάνων
924 2787 1081 2858 ἀρχή,

324 2964 484 3016 Ὥστε
513 2963 811 3034 Θαυμάσιον
852 2962 942 3016 διὰ
979 2964 1077 3034 τῆς
1118 2964 1394 3033 πανσόφου
1436 2964 1690 3036 προνοίας
1733 2964 1824 3018 τοῦ

245 3056 382 3110 Θεοῦ
421 3054 732 3126 συμϐαίνει·
769 3057 830 3108 τὸ
866 3055 976 3128 γάρ
1001 3055 1190 3110 δοκοῦν
1225 3056 1490 3120 κολάζειν,
1525 3058 1820 3129 εὐεργετεῖ·
1851 3090 1894 3147 C

248 3152 341 3203 καὶ
369 3149 490 3202 οὐδὲ
517 3149 581 3202 δι’
608 3143 682 3202 ὧν
702 3149 768 3202 αὐ
781 3149 862 3211 τὸς
884 3147 1141 3221 ἄντικρυς
1166 3147 1559 3213 κατασκευάζει
1585 3147 1824 3218 ἀνιαρῶν

245 3240 386 3296 εἶναι
415 3240 734 3305 δοκούντων,
773 3240 907 3293 ἀλλά
936 3241 1000 3294 δι’
1027 3235 1100 3294 ὧν
1129 3239 1436 3311 ἀνθρώποις
1470 3240 1824 3310 αὐτομολοῦσι

248 3334 539 3404 συγχωρεῖ·
571 3331 710 3383 ὥστε
751 3330 984 3398 πόλεμος
1013 3333 1112 3384 οῦκ
1151 3331 1310 3403 ἔργον
1334 3330 1490 3395 Θεοῦ,
1531 3331 1668 3384 ἀλλά
1693 3349 1824 3400 συγ-

244 3425 486 3495 χώρησις
522 3422 791 3492 ἀναγκαία
826 3423 905 3484 είς
942 3422 1041 3491 μὲν
1085 3421 1318 3490 ὑποψίαν
1363 3422 1632 3493 τιμωρίας
1682 3422 1822 3475 κατά

242 3518 344 3588 τῆς
375 3516 668 3588 ἁμαρτίας,
713 3515 850 3568 κατά
882 3515 937 3567 δὲ
975 3515 1036 3566 τὸ
1074 3513 1291 3585 ἀληθὲς,
1336 3517 1415 3577 εἰς
1449 3514 1600 3578 τέλος
1630 3516 1818 3586 αὐτῆς·

245 3610 375 3664 ἔνθα
404 3609 505 3662 κᾶν
531 3608 736 3672 δίκαιος
762 3609 924 3680 πέσῃ,
963 3607 1167 3660 δίκαιον
1196 3606 1252 3659 δὲ
1282 3605 1538 3676 πολεμεῖν
1571 3606 1820 3671 ἀπεικὸς,

245 3701 507 3774 μειζόνως
533 3702 917 3772 εύεργετεῖται·
955 3699 1136 3769 μεῖζον
1161 3699 1269 3769 γὰρ
1300 3697 1394 3751 τοῦ
1425 3698 1698 3767 παυθῆναι
1727 3715 1824 3750 κα-

243 3797 368 3859 κίας
400 3794 460 3848 τὸ
497 3794 720 3864 καρπῶν
760 3792 1064 3846 ἀπολαῦσαι
1091 3791 1199 3844 τῶν
1231 3791 1332 3862 τῆς
1374 3792 1577 3863 ἀρετῆς
1621 3793 1818 3858 πόνων,

242 3889 381 3957 ὅπερ
423 3885 667 3938 εὐσεϐέσι
725 3884 862 3956 μετά
907 3883 1132 3937 θάνατον
1183 3885 1436 3954 ὑπάρχεα
1485 3886 1546 3936 Οί
1587 3883 1643 3936 δὲ
1687 3885 1823 3956 πρὸς

242 3978 416 4031 ταῦτα
447 3979 855 4048 διαμαχόμενοι,
899 3977 1028 4048 πρὶν
1064 3977 1136 4028 τὸ·
1157 3975 1384 4029 καθόλου
1417 3975 1685 4044 διελέγξαι
1720 3994 1820 4030 κα-

242 4070 364 4135 κὸν,
397 4071 459 4123 τὸ
501 4071 664 4142 μέρος
705 4069 1102 4123 διαϐάλλουσιν·
1149 4071 1196 4122 εί
1239 4069 1346 4141 γὰρ
1373 4068 1448 4132 ὡς
1488 4070 1596 4122 ἀπὸ
1627 4071 1824 4135 κακίας

242 4164 632 4236 ὑφεστηκυίας,
661 4166 754 4217 καὶ
781 4163 951 4234 ἀρχῆς
978 4163 1235 4234 ἀνάρχου,
1253 4163 1378 4226 τοὺς
1404 4163 1671 4234 πολέμους
1693 4166 1824 4235 ἡμῖν

241 4254 721 4326 κατακομίζουσιν,
751 4256 910 4309 αὐτόν
937 4272 998 4324 γε
1038 4255 1128 4308 τὸν
1154 4254 1382 4308 θάνατον
1409 4257 1503 4309 καὶ
1534 4255 1692 4326 μόνον
1723 4274 1822 4309 κα-

240 4349 392 4401 κίσαι
426 4349 699 4419 προσῆκον
729 4344 796 4419 ἦν
827 4349 1029 4412 αὐτοῖς·
1065 4349 1314 4420 περιττὸν
1347 4349 1456 4418 γὰρ
1487 4348 1586 4412 τάς
1614 4349 1823 4421 προφά-

1939 503 2088 557 pare,
2124 502 2230 540 uon
2265 487 2385 541 sine
2425 501 2560 540 casu
2605 485 2840 556 quodam
2897 493 2952 540 et
3003 485 3353 552 necessitate,
3418 488 3515 544 sed

1936 577 2365 646 exspectandum
2415 587 2533 640 est,
2570 577 2813 646 quandiu
2873 575 3212 631 domicilium
3268 578 3518 632 naturale

1935 667 2096 722 durat
2123 677 2172 724 et
2197 685 2304 723 non
2338 669 2693 723 dissolvitur:
2730 684 2856 724 cum
2907 670 3009 723 hoc
3054 677 3238 722 tamen
3270 670 3514 724 naturali

1937 759 2213 814 domicilio
2243 769 2298 816 et
2321 761 2598 815 communi
2641 761 2803 815 simul
2846 760 2989 815 inest
3021 760 3244 831 quidam
3285 769 3465 816 metus
3501 802 3516 825 .

1937 852 2027 922 qui
2053 852 2268 922 quidem
2305 853 2620 908 necessario
2645 853 2712 907 de
2751 859 3007 922 suspecto
3030 853 3301 922 supplicio
3335 854 3516 909 susci-

1937 944 2118 1013 pitur;
2158 959 2265 998 non
2309 953 2489 999 tamen
2520 945 2590 1000 ab
2619 945 2912 1011 omnibus,
2947 947 3040 1001 sed
3090 949 3158 1000 ab
3199 947 3266 1002 iis
3315 949 3516 1018 quibus

1937 1053 2091 1093 mens
2123 1045 2208 1092 est
2236 1047 2485 1109 prompta
2523 1047 2578 1093 et
2626 1037 2803 1094 lacilis
2839 1039 2903 1092 ad
2950 1049 3230 1109 peccatum
3261 1041 3376 1105 ;'ad
3411 1041 3518 1096 hu-

1931 1128 2023 1197 jus
2073 1126 2218 1181 enim
2263 1128 2603 1182 aversionem
2650 1138 2830 1182 metus
2890 1128 2982 1182 ille
3029 1128 3348 1198 suscipitur.
3412 1129 3515 1196 Qui

1935 1219 2079 1275 enim
2115 1219 2260 1288 degit
2292 1235 2359 1274 ex
2405 1220 2625 1282 virtute,
2662 1219 2709 1275 is
2745 1219 2966 1290 quidem
3026 1235 3254 1291 peccare
3296 1220 3514 1282 desivit,

1934 1321 1989 1368 et
2018 1329 2125 1368 non
2141 1314 2397 1384 opinatur
2426 1313 2618 1368 duram
2652 1328 2774 1368 esse
2806 1321 3056 1367 mortem.
3083 1312 3186 1378 Qui
3203 1327 3333 1368 vero
3365 1312 3517 1368 dedi.

1935 1416 2024 1463 tus
2057 1416 2138 1463 est
2168 1408 2410 1478 peccatis
2440 1447 2455 1470 ,
2512 1406 2703 1462 eadem
2741 1404 3110 1476 imprudentia
3149 1421 3256 1476 qua
3290 1414 3512 1475 peccat.

1936 1505 2163 1552 mortem
2190 1499 2363 1552 timet.
2398 1497 2784 1555 Necessarium
2819 1507 2998 1551 tamen
3050 1505 3135 1552 est
3166 1506 3225 1551 ut
3250 1498 3389 1553 hanc
3415 1498 3516 1554 im-

1935 1591 2278 1661 prudentiam
2318 1591 2405 1644 ltic
2435 1599 2616 1644 metus
2655 1597 3059 1659 consequatur,
3115 1597 3174 1642 ut
3223 1590 3316 1660 qui
3358 1590 3519 1645 time-

1934 1684 2026 1738 bat
2051 1685 2103 1739 id
2130 1685 2185 1739 in
2220 1698 2329 1754 quo
2359 1699 2469 1738 non
2496 1691 2616 1738 erat
2646 1682 2832 1746 timor,
2859 1697 2986 1738 vere
3020 1681 3211 1736 timeat
3257 1681 3402 1753 quod
3441 1683 3517 1736 ti—

1867 1756 1906 1810 Β
1937 1791 2082 1831 mere
2112 1785 2345 1847 oportet,
2376 1777 2658 1841 damnum,
2695 1775 2940 1847 inquam,
2977 1790 3042 1830 ex
3083 1781 3329 1844 peccato.
3375 1773 3514 1841 Quia

1932 1869 2100 1940 igitur
2136 1877 2324 1940 gentes
2363 1855 2607 1940 peccatis
2641 1869 2971 1931 redundant,
3007 1884 3239 1938 quorum
3300 1869 3514 1940 species

1935 1975 2040 2014 una
2078 1969 2162 2015 est
2191 1961 2557 2016 insatiabilem
2602 1976 2766 2024 esse,
2825 1961 2958 2030 ipsa:
3007 1967 3136 2013 sunt
3189 1958 3295 2013 sibi
3345 1973 3513 2013 causa

1933 2052 2224 2122 supplicii,
2261 2052 2314 2106 id
2351 2059 2435 2107 est
2473 2053 2695 2120 mortis;
2735 2052 2879 2124 quod
2938 2051 3157 2122 quidem
3188 2051 3396 2106 dictant
3429 2059 3516 2105 est

1933 2157 2040 2196 non
2076 2157 2198 2197 csse
2228 2157 2354 2196 vere
2392 2141 2744 2211 supplicium,
2777 2141 2923 2212 quod
2965 2148 3161 2196 natura
3207 2148 3294 2196 est
3329 2141 3512 2195 omni-

1932 2233 2032 2288 bus
2065 2232 2368 2299 deﬁnitum,
2418 2233 2686 2289 benelicio
2746 2242 2928 2288 autem
2972 2232 3136 2288 allicit
3171 2248 3267 2289 eos
3320 2231 3414 2304 qui
3457 2233 3510 2287 in

1932 2325 2073 2379 bello
2095 2323 2326 2389 cadunt,
2371 2332 2426 2380 et
2460 2341 2555 2381 eos
2586 2325 2678 2395 qui
2723 2326 2961 2379 evadunt
2993 2325 3302 2380 incolumes
3335 2343 3349 2380 :
3398 2323 3511 2380 illis

1931 2417 2148 2487 quidem
2190 2418 2349 2472 tinem
2380 2415 2640 2487 peccandi
2685 2417 2862 2480 all'ert,
2897 2417 2980 2473 his
3007 2432 3138 2472 vero
3189 2415 3506 2486 exemplum

1931 2507 2144 2562 timoris
2182 2508 2456 2577 proponit.
2487 2507 2662 2562 AlIicit
2703 2514 2885 2562 autem
2917 2507 3206 2573 beneﬁcio,
3253 2507 3382 2562 licet
3427 2505 3515 2574 ju-

1931 2601 2002 2656 sti
2031 2617 2152 2656 cum
2185 2603 2536 2657 multitudine
2583 2601 2730 2672 vulgi
2763 2616 2793 2654 a
2826 2601 2936 2658 vita
2991 2601 3251 2656 recedant
3285 2618 3299 2667 ;
3364 2600 3512 2656 sicut

1929 2693 2074 2748 enim
2127 2693 2344 2763 injustis
2379 2709 2528 2749 mors
2579 2703 2664 2748 est
2704 2693 2828 2747 nnis
2870 2693 3176 2762 injustitiae,
3213 2692 3296 2746 sic
3337 2691 3510 2760 justis

1929 2795 2188 2855 tanquam
2218 2787 2522 2842 victoribus
2569 2786 2976 2857 quodammodo
3019 2794 3103 2840 est
3147 2785 3366 2838 initium
3415 2799 3512 2837 co-

1931 2894 2213 2934 ronarum.

2006 2968 2157 3024 Unde
2192 2969 2294 3023 hoc
2337 2984 2434 3038 per
2471 2968 2866 3038 providentiam
2900 2966 2992 3022 Dei
3043 2965 3511 3037 sapientissimam

1931 3059 2249 3115 admirabile
2293 3061 2492 3123 evenit,
2544 3058 2773 3128 utquod
2803 3057 3017 3112 videtur
3058 3056 3274 3126 punire,
3305 3053 3514 3111 beneﬂ-
3599 3073 3616 3090 ο

1927 3153 2069 3206 cium
2104 3151 2214 3206 ﬁat.
2248 3150 2366 3206 Non
2395 3152 2517 3206 dico
2550 3151 2720 3206 videri
2751 3151 2947 3218 punire
2990 3165 3086 3218 per
3124 3164 3186 3204 ea
3219 3165 3341 3218 quae
3366 3148 3514 3203 Deus

1924 3243 2070 3298 haud
2104 3244 2267 3298 dubie
2302 3243 2452 3306 facit,
2502 3259 2623 3312 qua:
2664 3243 2862 3295 acerba
2896 3250 2950 3295 et
2986 3255 3182 3311 aspera
3227 3241 3507 3304 videntur,

1925 3335 2020 3391 sed
2067 3349 2164 3404 per
2210 3349 2273 3389 ea
2323 3331 2444 3404 qua:
2488 3332 2807 3387 hominibus
2851 3330 3157 3401 transfugis
3205 3332 3508 3400 permittit;

1923 3425 2275 3496 quamobrem
2310 3425 2511 3479 bellum
2541 3425 2772 3480 istorum
2802 3437 2912 3476 non
2951 3428 3034 3476 est
3061 3436 3201 3492 opus
3233 3421 3352 3484 Dei,
3393 3422 3493 3477 sed

1924 3515 2215 3586 permissio
2266 3515 2598 3570 necessaria.
2649 3513 2708 3568 In
2751 3514 2989 3584 speciem
3025 3513 3244 3583 quidem
3294 3513 3363 3568 ad
3399 3528 3507 3583 pu-

1924 3608 2184 3662 niendum
2217 3614 2522 3677 peccatum,
2558 3622 2685 3662 vere
2717 3615 2896 3661 autem
2927 3605 2993 3659 ad
3022 3604 3408 3674 imponendum
3444 3605 3508 3658 Γι-

1923 3715 2046 3755 nem
2093 3699 2352 3770 pe'ccato;
2401 3699 2493 3753 ubi
2543 3687 2788 3768 quamvis
2811 3698 2996 3767 justus
3060 3697 3220 3751 cadat
3276 3696 3505 3767 (justum

1923 3802 2103 3848 autem
2141 3793 2342 3848 bellare
2375 3809 2484 3847 non
2517 3794 2732 3865 decet),
2773 3795 2950 3863 majus
2985 3793 3307 3847 beneﬁcium
3360 3794 3504 3846 acci-

1921 3887 2033 3955 pit;
2088 3885 2265 3954 majus
2313 3885 2459 3940 enim
2499 3894 2584 3940 est
2631 3886 2914 3954 percipere
2962 3883 3203 3938 fructum
3251 3883 3501 3938 laborum

1923 3961 2159 4041 virtutis,
2195 3975 2343 4047 quod
2379 3977 2482 4046 piis
2529 3985 2650 4047 post
2700 3985 2928 4032 mortem
2976 3975 3272 4045 contingit,
3328 3989 3499 4045 quam

1921 4068 2171 4124 desinere
2221 4084 2468 4139 peccare.
2520 4068 2623 4132 Qui
2675 4075 2857 4122 autem
2916 4075 3106 4121 contra
3155 4066 3271 4121 hanc
3323 4064 3503 4120 disce.-

1925 4168 2096 4230 ptant,
2151 4161 2468 4232 priusquam
2519 4159 2752 4229 probent
2808 4158 3009 4213 bellum
3059 4173 3183 4213 esse
3233 4172 3297 4212 ex
3350 4154 3504 4211 omni

1923 4264 2076 4325 parte
2120 4255 2343 4321 malum,
2381 4263 2590 4324 partem
2625 4251 2747 4322 ejus
2788 4262 3070 4306 accusant.
3108 4250 3166 4305 Si
3209 4249 3354 4305 enim
3383 4247 3500 4303 bel-

1924 4347 2100 4401 lorum
2135 4347 2400 4417 “originem
2440 4361 2507 4401 ex
2565 4345 2807 4415 nequitia
2877 4360 2971 4414 per
3011 4359 3070 4401 se
3119 4343 3414 4399 exsistente
3447 4347 3502 4393 et

240 4457 357 4505 σεις
392 4440 686 4507 ἐξετάζειν,
713 4441 806 4494 τοῦ
831 4442 1144 4510 ἀναγκαίως
1181 4443 1569 4513 συμϐαίνοντος
1597 4442 1822 4513 ἀκρίτου

1929 4454 1996 4492 ex
2029 4437 2299 4508 principio
2345 4437 2588 4507 ingenito
2646 4435 2774 4491 duci
2821 4435 3035 4500 dicunt,
3077 4434 3363 4506 Oportebat
3403 4447 3502 4487 eos

241 4529 518 4602 μένοντος.

1927 4522 2099 4598 ipsam
2149 4536 2401 4592 mortem,
2447 4535 2500 4582 et
2544 4526 2762 4597 quidem
2811 4527 2982 4582 solam
3031 4528 3503 4596 vituperat-enu-

239 4639 639 4694 pervacaneum
663 4626 806 4678 enim
833 4634 914 4680 est
944 4640 1142 4680 causas
1173 4625 1438 4679 bellorum
1469 4632 1727 4678 excutere
1762 4631 1814 4679 et
1851 4625 2147 4696 inquirere,
2181 4640 2305 4679 cum
2335 4623 2478 4693 quod
2509 4624 2825 4679 necessario
2853 4622 3072 4688 accidit,
3124 4623 3181 4676 in
3249 4621 3304 4676 id
3351 4617 3500 4690 judi-

237 4717 387 4771 cium
418 4731 526 4770 non
559 4717 736 4773 cadat.

1003 4853 1134 4909 Car.
1173 4851 1305 4911 XIII,
1349 4851 1574 4907 Mortem
1610 4852 1810 4904 malam
1839 4867 1941 4905 non
1976 4865 2108 4912 esse,
2144 4850 2336 4904 iterum
2375 4849 2745 4918 conﬁrmatur.

286 4991 435 5054 Ἦῶς
467 4993 510 5046 δ’
541 4993 606 5064 ἂν
652 4992 742 5046 τόν
793 4993 1020 5047 θάνατον
1066 4991 1290 5044 κακίσαι
1335 4991 1634 5062 δυνηθεῖεν,
1682 4993 1816 5044 ἀπυ-

233 5085 432 5138 λύοντά
467 5101 528 5154 γε
563 5087 660 5156 τῆς
694 5084 844 5156 ὖλης,
883 5084 1023 5137 κατά
1052 5084 1143 5138 τὸν
1168 5083 1322 5152 λόγον
1353 5083 1448 5137 τοῦ
1477 5082 1811 5148 ἀπατεῶνος,

231 5175 334 5246 τὴν
361 5173 569 5245 ψυχήν;
597 5177 756 5229 Ὥστε
784 5176 923 5229 κατά
951 5176 1046 5245 μὲν
1074 5175 1174 5246 τὴν
1211 5174 1392 5247 κοινὴν
1426 5174 1581 5239 δόξαν
1615 5175 1813 5245 ἥκιστά

231 5285 299 5337 γε
336 5266 562 5330 θάνατος
587 5268 773 5322 κακόν·
813 5268 874 5320 τὸ
901 5267 1010 5338 γὰρ
1042 5267 1351 5335 ἀναγκαίως
1374 5269 1487 5329 τοῖς
1512 5265 1645 5318 πᾶσι
1677 5281 1814 5335 συμ-

229 5364 416 5416 ϐαῖνον
441 5363 500 5414 ού
531 5362 716 5415 κακόν·
757 5363 930 5434 μάτην
961 5360 1121 5414 αὑτὸν
1149 5360 1234 5413 διὰ
1263 5361 1387 5422 τοὺς
1417 5359 1682 5429 πολέμους
1704 5359 1814 5411 δια-

229 5455 536 5519 ϐάλλουσιν,
575 5456 726 5509 οὐδὲν
774 5455 934 5507 πλέον
980 5454 1253 5521 ἐπάγοντα
1299 5452 1406 5504 τῶν
1451 5451 1593 5504 κατά
1645 5451 1805 5520 φύσιν

228 5549 628 5619 ἀποκειμένων.
666 5550 727 5602 Εἰ
752 5549 807 5601 δέ
834 5565 916 5611 τις
947 5547 1044 5618 τὴν
1069 5546 1336 5617 πρόφασιν
1372 5545 1540 5616 αὐτὴν
1569 5545 1674 5597 τῶν
1705 5562 1803 5597 πο-

228 5640 411 5710 λέμων
439 5642 672 5706 κακίζοι,
715 5640 811 5692 εἴτ’
841 5635 934 5692 οὖν
975 5639 1163 5710 ὀργὴν,
1198 5638 1294 5690 εἴτ’
1325 5637 1545 5708 ἔχθραν,
1571 5638 1678 5690 εἴτε
1712 5637 1804 5689 καὶ

230 5733 562 5800 πλεονεξίαν,
599 5735 694 5786 οὐκ
732 5733 794 5787 ἂν
837 5732 1185 5803 διαμαρτάνοι
1223 5729 1314 5784 τοῦ
1356 5730 1683 5800 πρέποντος·
1715 5731 1805 5782 ἀν-

1988 4990 2276 5058 Quomodo
2319 5000 2499 5046 autem
2535 4999 2764 5060 possunt
2796 4998 3026 5044 mortem
3061 4991 3258 5045 malam
3289 4992 3492 5057 dicere,

1919 5097 2064 5152 qum,
2093 5089 2151 5133 ut
2183 5079 2796 5134 Manicha'usl'ailaciter
2817 5080 3003 5146 tradit,
3036 5081 3274 5136 animam
3315 5098 3343 5136 a
3375 5100 3494 5138 ma-

1917 5174 2054 5227 teria
2098 5171 2334 5226 liberat?
2379 5171 2558 5237 Quare
2611 5173 2887 5225 communi
2934 5175 3180 5226 omnium
3223 5177 3496 5230 sententia

1917 5276 2260 5331 nequaquam
2300 5263 2502 5315 malum
2535 5271 2619 5315 est
2656 5277 2842 5315 mors:
2873 5261 3017 5330 quod
3049 5263 3191 5317 enim
3235 5280 3494 5321 necessau

1916 5358 2000 5412 rio
2031 5355 2284 5410 omnibus
2318 5357 2538 5420 accidit,
2585 5373 2692 5410 non
2735 5362 2818 5410 est
2864 5358 3087 5411 malum.
3123 5358 3362 5414 lnanitcr
3395 5375 3494 5414 ana

1915 5459 2020 5504 tem
2058 5461 2455 5519 mortem,qu:e
2487 5459 2708 5519 propter
2759 5450 2899 5504 bella
2936 5449 3155 5515 accidit,
3191 5464 3490 5524 accusant;

1914 5557 2033 5612 quae
2057 5541 2190 5594 nihil
2217 5542 2454 5611 amplius
2479 5541 2634 5594 all‘ert
2673 5558 2835 5610 quam
2874 5541 3019 5612 quod
3053 5544 3352 5598 secundum
3390 5561 3492 5598 na-

1915 5645 2091 5688 turam
2123 5636 2480 5687 constitutum
2523 5642 2624 5687 est.
2657 5633 2713 5686 Si
2742 5635 2865 5703 quis
2898 5650 3028 5688 vero
3058 5636 3230 5704 ipsam
3263 5651 3492 5693 causam

1914 5728 2178 5782 bellorum
2213 5728 2410 5782 malam
2438 5741 2561 5782 esse
2584 5726 2753 5794 dicat,
2785 5728 2899 5784 sive
2927 5727 3007 5782 ira
3038 5731 3131 5794 sit,
3159 5731 3274 5786 sive
3303 5727 3500 5788 inimi-
