4008 6208
520 309 659 366 “59

1678 306 1819 363 TITI
1857 302 2283 362 BOSTBENSIS
2318 301 2628 360 EPlSCOPl

3626 302 3760 362 “60

519 433 669 495 citia,
714 430 828 486 sive
871 427 1123 490 avaritia,
1175 444 1285 484 non
1325 427 1599 484 aberravit
1640 443 1672 482 a
1719 434 1872 483 recto
1910 432 1965 480 et
2002 426 2088 481 de-

2194 424 2426 496 θρώποις
2456 424 2637 495 μέντοι
2661 422 2935 490 λογιστέον
2965 420 3125 478 τοῦτό
3155 440 3241 495 γε,
3278 423 3552 497 μοχθηρίᾳ
3578 428 3763 501 προθέ-

519 526 685 581 centi.
717 521 1090 578 Tribuendum
1123 529 1306 579 tamen
1335 532 1421 579 est
1450 524 1554 578 hoc
1582 522 1896 577 hominibus
1920 534 2089 591 pravo

520 619 703 675 animo
732 615 960 672 allectis.

591 729 744 797 Quod
786 738 964 784 autem
1011 744 1161 784 mors
1203 727 1345 782 mala
1388 726 1611 783 minime
1644 727 1754 794 sit,
1787 725 1880 780 illa
1924 726 2089 780 etiam

522 826 731 878 ratione
759 829 814 877 et
854 822 940 876 via
979 821 1196 891 probari
1234 831 1435 892 potest.
1484 819 1540 874 Si
1587 819 1733 874 enim
1779 833 1929 873 mors
1977 833 2088 872 non

520 916 778 971 omnibus
802 915 1021 971 definita
1057 922 1111 969 et
1146 914 1365 969 decreta
1395 919 1564 976 esset,
1588 909 1859 966 accideret
1907 920 1968 963 ut
1998 909 2080 979 ju-

522 1022 640 1067 stus
698 1025 912 1081 semper
958 1009 1234 1063 laboraret
1285 1008 1341 1062 in
1382 1006 1561 1063 stadio
1607 1004 1824 1059 virtutis
1877 1004 2087 1058 nullum

521 1104 755 1158 fructum
788 1101 1093 1171 percipiens
1139 1107 1333 1167 praeter
1364 1098 1616 1161 sudores,
1653 1105 1708 1152 et
1748 1096 1988 1164 injustus
2031 1095 2088 1148 in

518 1193 886 1265 voluptatibus
938 1200 1285 1264 peccatorum
1327 1190 1651 1245 immortalis
1700 1188 1955 1259 degeret;
1999 1201 2089 1242 es-

518 1297 709 1359 setque
751 1294 1044 1355 utrumque
1080 1284 1237 1341 valde
1280 1283 1600 1340 absurdum.
1638 1281 1705 1335 At
1758 1296 1905 1336 mors
1952 1280 2089 1348 inju-

517 1389 655 1433 stam
691 1377 1021 1446 voluptatem
1070 1374 1407 1445 delinquenti
1446 1371 1697 1444 reprimit
1744 1379 1799 1426 et
1828 1371 2085 1434 cohibet;

517 1478 570 1524 et
599 1469 751 1539 justo
778 1468 952 1522 labori
983 1466 1219 1536 quietem
1256 1465 1433 1521 allert.
1467 1466 1680 1520 Etenim
1723 1465 1853 1534 quia
1900 1478 2089 1518 neces-

518 1562 723 1616 sarium
776 1571 860 1614 est
902 1559 1151 1614 homines
1192 1574 1353 1630 posse
1411 1572 1660 1627 peccare.
1704 1556 1756 1611 id
1813 1555 1959 1626 quod
2003 1562 2089 1610 est

516 1668 683 1708 causa
738 1658 797 1705 ut
823 1651 1035 1722 possint
1066 1667 1132 1707 ex
1156 1652 1359 1706 virtute
1390 1651 1603 1718 vivere;
1635 1657 1876 1720 potestas
1907 1659 2087 1705 autem

518 1760 550 1798 a
580 1744 689 1799 Deo
727 1743 853 1799 data
896 1743 965 1799 ad
1012 1742 1438 1814 comparandam
1502 1742 1760 1797 virtutem
1800 1741 1942 1812 apud
1974 1755 2074 1795 ma-

2191 533 2327 581 σεως
2353 516 2496 570 οὕτω
2518 514 2956 586 διατεθειμένοις.

2259 718 2380 771 Ὀτι
2404 717 2460 771 δὲ
2496 719 2526 773 6
2561 716 2790 781 θάνατος
2811 718 3010 790 ἥκιστα
3037 717 3227 782 κακὸς,
3259 717 3494 792 δειχθείη
3530 720 3760 791 μάλιστα

2190 811 2254 865 ἂν
2287 811 2527 872 ἐκείνωςο
2563 812 2612 862 εἰ
2638 810 2745 881 γὰρ
2775 809 2848 881 μὴ
2873 808 3013 862 κατὰ
3036 808 3251 863 πάντων
3280 808 3501 881 ὥριστο,
3539 813 3570 864 ὃ
3597 831 3657 865 τε
3687 814 3762 868 δί-

2189 918 2341 963 καιος
2361 901 2449 954 διὰ
2477 900 2677 964 παντὸς
2702 898 2767 953 ἂν
2797 899 2978 953 ἐπόνει
3004 899 3141 969 πρὸς
3170 900 3389 973 ἀρετὴν,
3417 902 3577 955 οὐδὲν
3604 903 3759 957 πλέον

2187 994 2295 1046 τῶν
2329 991 2565 1064 ἱδρώτων
2586 991 2983 1064 καρπούμενος,
3011 993 3039 1045 ὃ
3065 1009 3124 1045 τε
3153 992 3334 1055 ἄδικος
3360 994 3419 1047 ἐν
3450 994 3669 1066 ἡδοναῖς
3698 995 3760 1049 ἂν

2187 1083 2293 1137 τῶν
2324 1069 2554 1154 ἀμαρτῆ
2551 1084 2736 1154 μάτων
2768 1083 3033 1147 ἀθάνατος
3056 1082 3231 1154 διῆγε·
3262 1085 3355 1137 καὶ
3379 1081 3446 1156 ἦν
3476 1085 3545 1139 ἂν
3580 1088 3764 1141 ἑκάτευ

2191 1193 2283 1248 ρον
2312 1176 2432 1229 λίαν
2458 1177 2681 1231 ἄτοπον.
2717 1176 2773 1229 '0
2791 1174 2847 1229 δὲ
2881 1175 3109 1239 θάνατος
3132 1177 3227 1230 καὶ
3245 1177 3343 1248 τὴν
3366 1178 3556 1232 ἄδικον
3574 1180 3762 1251 ἡδονὴν

2187 1266 2263 1338 τῷ
2280 1264 2682 1339 πλημμελοῦντι
2699 1266 3170 1331 καταστέλλει,καὶ
3185 1267 3275 1321 τὸν
3288 1268 3497 1322 δίκαιον
3511 1271 3678 1325 πόνον
3693 1272 3763 1341 τῷ

2187 1356 2659 1429 δικαιοπραγοῦντι
2675 1358 3031 1411 καταπαύσει·
3049 1360 3231 1431 ἐπειδὴ
3248 1359 3357 1432 γὰρ
3370 1362 3673 1430 ἀναγκαῖον
3685 1364 3770 1417 ἀν·

2190 1447 2427 1520 θρώποις
2444 1447 2506 1500 τὸ
2521 1446 3149 1521 δύναώαιὰμαρτάνειν.
3174 1450 3347 1504 αἴτιον
3384 1452 3444 1505 ὂν
3479 1452 3580 1505 τοῦ
3614 1454 3769 1508 δύνασ

2191 1539 2314 1593 σθαι
2341 1538 2636 1614 κατορθοῦν
2654 1557 2668 1573 ·
2691 1541 2725 1611 ἡ
2751 1538 2809 1593 δὲ
2834 1538 3047 1604 ἐξουσία
3064 1541 3213 1614 παρὰ
3237 1542 3372 1596 Θεοῦ
3396 1543 3619 1599 δοθεῖσα
3634 1547 3769 1618 πρὸς

2316 1628 2480 1684 καλοῦ
2498 1628 2738 1699 κάγαθοῦ
2770 1631 2962 1701 κτῆσιν
2994 1631 3143 1705 παρὰ
3169 1636 3282 1698 τοῖς
3306 1635 3519 1689 πλείοσι
3543 1637 3681 1709 πρὸς
3706 1638 3767 1690 τὸ

2190 1718 2408 1773 εὔκολον
2437 1719 2538 1790 τῆς
2566 1720 2841 1791 ἁμαρτίας
2878 1721 3175 1777 ἀποκλίνει·
3209 1724 3285 1788 ὠς
3309 1724 3768 1799 θαυμασιωτέραν

513 1835 688 1905 jorem
718 1844 926 1908 partem
960 1808 1242 1891 homin-um
1289 1835 1355 1890 ad
1392 1833 1706 1889 facilitatem
1740 1808 1948 1905 peccati
1985 1830 2083 1887 de-

2194 1808 2322 1867 εῐναι
2359 1811 2458 1884 τὴν
2499 1813 2701 1885 ἀρετὴν
2731 1813 3021 1887 δυσχερείᾳ
3054 1818 3531 1891 συγκεκραμένην,
3570 1822 3767 1891 ὠφέλι-

517 1929 686 1983 clinat
710 1969 725 1992 ,
764 1936 822 1983 ut
851 1929 1227 1991 admirabilior
1259 1930 1330 1982 sit
1356 1928 1531 1982 virtus
1564 1926 1871 1982 dimcultati
1911 1925 2087 1979 admi-

523 2028 628 2084 sta,
661 2019 810 2075 utilis
841 2029 925 2074 est
970 2020 1216 2089 utrisque
1263 2033 1432 2082 mors,
1458 2017 1608 2087 justo
1640 2026 1694 2071 et
1736 2015 1973 2085 injusto;
2007 2012 2086 2068 illi

518 2109 735 2181 quidem
764 2110 1000 2179 quietem
1041 2123 1072 2162 a
1102 2107 1383 2164 laboribus
1411 2106 1587 2171 all‘ert,
1643 2104 1772 2159 huic
1804 2120 1932 2159 vero
1960 2119 2088 2175 pec-

518 2213 764 2258 catorum
797 2201 980 2257 ﬁtiem.

590 2313 647 2370 Si
681 2314 846 2385 igitur
867 2328 1018 2369 mors
1050 2311 1190 2368 bona
1217 2318 1322 2377 est,
1354 2317 1409 2366 et
1436 2324 1546 2366 non
1577 2309 1755 2366 solum
1785 2323 1896 2364 non
1924 2308 2089 2367 mala.

519 2412 580 2463 ut
608 2416 891 2459 ostensum
934 2410 1040 2468 est,
1085 2410 1140 2458 et
1174 2417 1284 2456 non
1329 2401 1492 2457 solvit
1521 2399 1779 2463 animam,
1816 2406 1876 2453 ut
1919 2398 2093 2453 Mani-

519 2496 703 2551 chacus
752 2495 1030 2563 opinatur,
1065 2508 1096 2547 a
1145 2492 1373 2548 materia
1421 2507 1543 2563 quae
1593 2506 1704 2546 non
1737 2496 1843 2555 est,
1893 2488 1989 2546 sed
2025 2503 2091 2544 eo

520 2586 685 2643 modo
719 2601 879 2657 quem
922 2584 1197 2647 diximus:
1245 2600 1416 2655 quare
1451 2583 1781 2654 principium
1833 2583 2091 2652 nequitia:

520 2682 578 2737 in
605 2680 762 2736 bellis
789 2679 1243 2749 excogitabimus,
1278 2687 1333 2734 et
1367 2692 1476 2733 non
1507 2678 1693 2747 potius
1736 2676 1914 2731 solum
1948 2676 2092 2744 inju-

519 2778 664 2824 stum
702 2769 944 2822 animum
985 2781 1050 2820 ac
1100 2767 1436 2821 voluntatem
1470 2764 1896 2820 accusabimus?
1935 2763 2091 2830 Quod

517 2861 664 2914 enim
714 2859 840 2913 inde
884 2857 1085 2920 evenit,
1134 2856 1280 2926 quod
1332 2857 1552 2926 quidem
1593 2854 1947 2925 providentia:
1996 2852 2090 2911 Dei

518 2950 908 3020 assignabitur,
927 2950 1174 3018 justum;
1215 2962 1325 3002 non
1346 2962 1412 3001 ex
1434 2946 1576 3001 bello
1601 2946 1808 3012 solum,
1838 2946 1930 3002 sed
1954 2961 2091 3017 quo~

518 3056 734 3112 cunque
778 3040 938 3097 modo
968 3054 1117 3094 mors
1152 3037 1388 3101 accidat,
1428 3036 1683 3092 universe
1720 3036 1925 3092 bonum
1968 3052 2090 3093 esse

519 3140 735 3196 natura,
781 3131 837 3186 in
886 3131 1263 3201 superioribus
1307 3129 1627 3184 conclusum
1680 3136 1734 3184 et
1775 3128 2087 3184 confectum

2197 1905 2297 1976 μός
2318 1921 2381 1973 γε
2411 1904 2440 1957 6
2462 1902 2689 1969 θάνατος
2716 1906 3015 1977 ἑκατέροις,
3047 1907 3238 1981 δικαίῳ
3261 1927 3320 1963 τε
3355 1913 3451 1964 καὶ
3479 1913 3675 1985 ἀδίκῳ·
3694 1914 3767 1985 τῷ

2197 1996 2295 2067 μὲν
2319 1995 2636 2051 ἀνάπαυλαν
2659 1996 2768 2050 τῶν
2794 1997 2993 2063 πόνων,
3021 1998 3099 2069 τῷ
3124 1998 3179 2053 δὲ
3209 1999 3363 2065 τέλος
3386 2002 3498 2057 τῶν
3519 2004 3770 2076 ἁμαρτη-

2196 2087 2382 2160 μάτων
2414 2087 2689 2160 παρέχων.

2276 2297 2504 2367 ⁹Δγαθού
2532 2298 2710 2353 τοίνυν
2736 2300 3144 2374 εὑρισκομένου,
3166 2303 3287 2374 οὐχὶ
3313 2304 3475 2375 μόνον
3499 2306 3581 2379 μὴ
3604 2309 3769 2363 κακοῦ

2194 2391 2286 2446 τοῦ
2319 2392 2568 2458 θανάτου,
2611 2394 2671 2446 οὐ
2708 2394 2849 2449 κατὰ
2885 2396 2976 2449 τὸν
3014 2396 3287 2461 Μάνεντος
3314 2397 3496 2467 λόγον,
3527 2399 3610 2462 ὡς
3636 2402 3769 2456 ἁπο-

2194 2486 2409 2551 λύοντος
2436 2485 2536 2557 τῆς
2563 2487 2637 2559 μὴ
2657 2486 2829 2560 οὐσης
2851 2488 2984 2562 ὕλης
3004 2489 3101 2561 τὴν
3120 2490 3315 2563 ψυχὴν,
3345 2491 3485 2548 ἀλλὰ
3506 2495 3607 2547 τὸν
3633 2498 3774 2568 sipri-

2198 2578 2357 2650 μένον
2377 2578 2595 2650 τρόπον,
2636 2578 2731 2632 τοῦ
2768 2580 2913 2645 τίνος
2940 2581 3097 2653 χάριν
3125 2584 3298 2655 ἀρχὴν
3323 2585 3521 2649 κακίας
3556 2589 3769 2659 ἐπινοή-

2194 2684 2386 2739 σαιμεν
2427 2668 2491 2722 ἂν
2521 2670 2634 2732 τοῖς
2676 2668 2957 2739 ποὶέμοις,
3005 2670 3125 2742 οὐχὶ
3165 2672 3221 2725 δὲ
3257 2673 3416 2744 μόνον
3456 2676 3560 2746 τὴν
3590 2676 3773 2730 ἄδικον

2195 2758 2448 2830 πρόθεσιν
2475 2758 2583 2812 τῶν
2612 2758 2907 2831 χρωμένων
2937 2759 3335 2833 διαϐαλούμεν;
3371 2762 3448 2815 Τδ
3489 2764 3601 2836 γὰρ
3647 2767 3777 2820 ἀπο-

2195 2852 2398 2917 ϐαῖνον,
2434 2851 2571 2923 ὅπερ
2608 2853 2673 2907 ἄν
2715 2869 2799 2916 τις
2832 2852 3102 2921 λογίσαιτο
3129 2857 3195 2926 τῇ
3234 2856 3462 2927 προνοίᾳ⁵
3486 2856 3585 2909 τοῦ
3614 2856 3773 2922 Θεοῦ,

2193 2943 2421 3008 δίκαιον,
2463 2942 2561 2996 οὐκ
2602 2944 2667 2998 ὲκ
2706 2944 2940 3017 πολέμου
2989 2947 3180 3017 μόνον,
3221 2947 3357 3002 ἀλλὰ
3401 2948 3547 3001 κατὰ
3598 2950 3775 3003 πάντα

2192 3037 2390 3108 τρόπον
2422 3036 2649 3090 καθόλου
2684 3040 2749 3109 τῇ
2784 3038 2944 3107 φύσει
2975 3039 3196 3107 ἀγαθὸν,
3228 3040 3288 3094 οὐ
3320 3042 3481 3111 μόνον
3508 3042 3572 3095 οὐ
3608 3044 3780 3097 κανὼν

2193 3131 2306 3192 τοῖς
2329 3128 2633 3199 ἔμπροσθεν
2657 3130 2973 3202 ἀπεδείχθη.
3002 3132 3165 3189 ’Ὥστε
3184 3132 3275 3185 τὸν
3296 3133 3534 3205 πόλεμον
3556 3134 3778 3205 διαϐλη-

517 3233 619 3282 οει.
654 3224 833 3290 Quare
857 3223 1059 3278 bellum
1087 3230 1173 3277 est
1206 3222 1599 3284 accusandum,
1637 3236 1749 3276 non
1794 3237 1942 3276 mors
1969 3235 2088 3292 qua:

2194 3220 2333 3284 τέον,
2368 3222 2429 3275 οὐ
2464 3223 2553 3276 τὸν
2585 3191 2951 3277 ἀποϐαίνοντα
2978 3224 3205 3279 θάνατον
3238 3243 3416 3297 συμφε
3428 3191 3629 3298 ρόντως
3660 3191 3780 3281 κεί-

519 3315 648 3372 inde
677 3315 897 3378 accidit,
930 3329 1052 3384 quae
1100 3314 1303 3368 utiliter
1350 3314 1645 3368 constituta
1680 3321 1787 3377 est,
1836 3313 1932 3368 sed
1971 3314 2090 3367 ani-

518 3423 643 3463 mus
668 3423 732 3462 ac
761 3408 1104 3478 propositum
1135 3421 1244 3461 non
1271 3403 1420 3475 juste
1445 3405 1589 3459 bello
1611 3405 1902 3471 utentium,
1932 3405 2091 3476 cujus

520 3515 631 3556 non
653 3507 739 3558 est
763 3510 954 3554 auctor
976 3498 1070 3569 qui
1102 3512 1191 3554 res
1219 3505 1439 3553 nostras
1468 3505 1745 3568 procurat.

2198 3331 2377 3384 μενον,
2401 3315 2535 3369 ἀλλὰ
2562 3314 2670 3369 τῶν
2693 3315 3011 3388 χρωμένων,
3042 3318 3135 3371 καὶ
3171 3318 3406 3388 μάλιστα
3440 3320 3518 3390 μὴ
3547 3318 3777 3384 δικαίως

2194 3404 2291 3476 τὴν
2320 3405 2595 3477 πρόθεσιν,
2622 3401 2690 3479 ἦς
2727 3407 2820 3476 ὅγε
2860 3406 3101 3480 προνοῶν
3131 3408 3240 3462 τῶν
3273 3408 3396 3465 καθ’
3430 3412 3582 3482 ἡμεῖς
3624 3412 3778 3466 ἀναί-

2197 3513 2332 3560 τιος.

976 3634 1102 3690 CAP.
1142 3631 1279 3688 XIV.
1319 3630 1614 3704 Sterjlitas,
1647 3631 1836 3701 fames,
1866 3638 2022 3719 terra:
2055 3640 2250 3698 motus,
2285 3650 2353 3687 an
2380 3651 2413 3688 ο
2446 3634 2574 3691 Deo.
2602 3634 2754 3690 Mala
2795 3635 3091 3691 hominibus
3128 3636 3308 3694 utilia.

591 3776 805 3830 Rursus
853 3777 937 3827 est
979 3767 1127 3824 aliud
1162 3782 1333 3839 genus
1365 3781 1554 3822 eorum
1589 3780 1709 3835 qua}
1757 3763 2088 3820 Manichacus

520 3863 968 3924 dementissimus
991 3869 1233 3922 accusat,
1257 3865 1417 3912 terra:
1443 3865 1647 3911 motum
1680 3856 1826 3919 dico,
1858 3862 2088 3927 pestem,

523 3959 718 4014 famem
746 3971 810 4010 ex
837 3954 1139 4013 sterilitate,
1165 3966 1229 4004 ex
1265 3949 1492 4005 locustis
1522 3958 1577 4003 et
1600 3949 1723 4004 aliis
1750 3944 2087 4018 hujusmodi,

521 4059 782 4119 tanquam
812 4062 843 4101 a
874 4045 1141 4117 principio
1173 4042 1452 4097 contrario
1487 4042 1598 4095 lucc
1623 4041 2043 4111 proﬁciscantur
2071 4060 2084 4096 :

521 4143 702 4199 sciunt
725 4154 854 4194 vero
880 4154 1092 4201 omnes,
1128 4138 1303 4192 solere
1328 4137 1647 4207 plerumque
1688 4150 1879 4190 omnes
1914 4135 2089 4189 horni-

521 4247 642 4297 nes,
691 4231 880 4301 paucis
923 4230 1191 4299 exceptis,
1241 4228 1295 4281 in
1337 4229 1501 4284 rebus
1534 4228 1674 4283 laetis
1725 4234 1779 4282 et
1811 4225 2088 4297 prosperis

520 4323 704 4379 laxare
725 4330 955 4384 mentes,
974 4330 1028 4374 et
1045 4319 1423 4375 atlectionibus
1448 4319 1825 4383 succumbere,
1849 4319 2088 4371 nullam—

519 4431 626 4487 que
656 4413 874 4470 virtutis
902 4421 955 4469 et
983 4412 1230 4465 laborum
1256 4410 1474 4481 pietatis
1503 4411 1826 4466 memoriam
1853 4409 2085 4463 habere:

519 4516 684 4579 atque
716 4507 819 4560 hoc
851 4504 1068 4576 quidem
1100 4502 1498 4575 quodammodo
1528 4509 1893 4558 consentanee
1943 4501 2089 4555 acci-

2266 3764 2430 3833 Ᾱῦθις
2454 3768 2641 3840 ἕτερον
2664 3763 2822 3834 εἶδος,
2849 3763 2922 3823 ὧν
2949 3771 2978 3823 ό
3003 3769 3365 3840 χαλεπώτατα
3381 3772 3591 3837 Μανεὶς
3609 3773 3777 3827 αἰτιᾶ-

2194 3878 2305 3928 ται,
2337 3861 2697 3936 σεισμὸνηκαὶ¹
2728 3861 2932 3932 λοιμὸν,
2974 3863 3068 3915 καὶ
3104 3862 3282 3933 λιμὸν,
3316 3864 3558 3936 ἀφοριῶν
3591 3882 3653 3917 τε
3682 3866 3777 3918 καὶ

2195 3951 2449 4024 ἀκρίδων,
2463 3931 2567 4005 καὶ
2588 3931 2699 4006 ξτῶν
2724 3931 3002 4017 τοιούτων,
3023 3954 3097 4018 ὡς
3118 3931 3184 4022 ἐξ
3206 3931 3453 4019 ἐναντίας
3475 3956 3653 4027 ἀρχῆς
3676 3960 3775 4010 καὶ

2193 4044 2352 4098 τοῦτο
2369 4045 2667 4115 γινόμενον·
2697 4045 2853 4115 δῆλον
2874 4046 2932 4099 δὲ
2952 4049 3064 4109 τοῖς
3088 4046 3311 4108 ἅπασιν,
3341 4048 3414 4110 ὡς
3435 4050 3491 4099 ἐν
3512 4048 3617 4117 μὲν
3640 4052 3769 4112 ταῖς

2195 4136 2311 4190 λίαν
2337 4136 2621 4208 εὐθυμίαις
2649 4154 2706 4190 τε
2740 4139 2833 4191 καὶ
2859 4139 3188 4211 εὐπραγίαις
3220 4139 3460 4192 εἰώθασιν
3484 4140 3561 4203 ὠς
3578 4141 3678 4193 ἐπὶ
3698 4141 3773 4195 τὸ

2196 4226 2351 4291 πολὺ,
2381 4226 2519 4299 πλὴν
2545 4226 2762 4296 ὀλίγων,
2796 4227 2993 4291 πάντες
3029 4228 3306 4300 ἄνθρωποι
3345 4229 3766 4299 διαχαυνούσθαι

2193 4318 2289 4391 τὴν
2318 4318 2575 4394 διάνοιαν,
2597 4319 2690 4371 καὶ
2718 4321 2829 4382 τοῖς
2852 4318 3075 4372 πάθεσιν
3099 4319 3642 4385 ὑποκατακλίνεσθαι,
3668 4323 3773 4376 ml.

2200 4414 2415 4482 μνήμην
2466 4409 2668 4482 ἀρετῆς
2716 4428 2775 4465 τε
2829 4410 2922 4463 καὶ
2971 4409 3148 4464 πόνων
3197 4411 3474 4475 εὐσεϐείας
3507 4411 3776 4484 οὐδεμίαν

2198 4503 2367 4574 ἔχειν·
2400 4503 2493 4555 καὶ
2520 4500 2683 4555 τοῦτό
2713 4519 2775 4571 γε
2807 4502 3031 4566 εἰκότως
3060 4503 3258 4574 τρόπον
3293 4503 3418 4557 τινὰ
3457 4507 3769 4577 συμβαίνει.

520 4571 620 4657 dit:
663 4571 958 4669 Postquam
997 4571 1144 4652 enim
1187 4596 1410 4652 satietas
1438 4594 1688 4649 ciborum
1728 4603 1781 4649 et
1806 4594 2088 4664 potionum

2207 4571 2450 4648 ’ἐπειδὰν
2483 4595 2591 4665 γὰρ
2614 4592 2896 4665 πλησμονὴ
2918 4571 3108 4648 σιτίων.
3126 4612 3185 4648 τε
3210 4597 3304 4649 καὶ
3324 4597 3508 4650 ποτῶν
3533 4571 3772 4671 άμετρος

524 4690 881 4746 immoderata
910 4696 1131 4760 propter
1156 4702 1407 4757 magnam
1440 4687 1740 4740 ubertatem
1777 4685 2092 4739 hominibus

521 4783 738 4845 incidit,
782 4791 970 4837 ventre
1002 4767 1286 4851 pinguiore
1332 4778 1497 4846 facto,
1549 4776 1860 4831 crassitudo
1896 4776 2094 4831 mentis

519 4881 575 4927 et
601 4873 855 4928 remissio
885 4869 1229 4942 cogitationis
1258 4868 1472 4923 accedit
1502 4886 1517 4922 :
1542 4867 1721 4921 anima
1754 4876 1935 4919 autem
1968 4881 2094 4935 gra-

520 4973 649 5020 vata
686 4964 977 5036 subjicitur
1007 4960 1294 5017 allectibus
1325 4976 1357 5015 a
1401 4960 1614 5013 ratione
1656 4957 1869 5012 alienis.
1899 4956 1956 5010 Si
1987 4971 2094 5027 qua

521 5070 652 5112 vero
679 5056 961 5111 calamitas
1010 5054 1174 5110 exiis
1203 5068 1341 5123 quas
1395 5050 1804 5106 numerat-imus
1851 5049 2082 5112 accidat,

522 5152 708 5206 minus
731 5159 927 5206 curant
947 5159 1188 5203 ventrem
1225 5145 1494 5207 homines,
1529 5144 1819 5212 minusque
1850 5142 2092 5211 volupta—

521 5246 672 5299 tibus
713 5243 1045 5299 inserviunt:
1084 5238 1499 5311 temperantiam
1530 5245 1712 5290 autem
1749 5242 1803 5289 et
1836 5233 2089 5336 pietatem

523 5353 623 5407 pro
649 5337 791 5392 virili
836 5342 1243 5397 consectantur,
1282 5342 1355 5394 ct.
1397 5330 1577 5403 quoad
1598 5329 1713 5383 ﬁeri
1749 5335 1948 5397 potest,
1971 5329 2093 5380 'me-

524 5430 687 5484 liores
712 5443 891 5483 mores
918 5427 1172 5490 induunt,
1212 5426 1386 5496 pressi
1431 5424 1606 5493 magis
1632 5437 1794 5493 quam
1831 5419 2087 5476 secundis

523 5519 687 5577 rebus
731 5520 1006 5576 laetiﬁcati.
1041 5516 1173 5586 Quae
1210 5519 1375 5589 igitur
1416 5517 1675 5587 nequitiae
1721 5516 2088 5569 attribuemus

523 5613 778 5684 opinione
817 5612 1131 5667 Manichaei?
1195 5611 1356 5665 illane
1416 5625 1538 5680 quae
1599 5608 1787 5664 sensui
1864 5606 2084 5677 quidem

522 5706 717 5764 acerba
745 5713 892 5772 sunt,
924 5705 1118 5761 ell'ectu
1150 5719 1277 5761 vero
1310 5703 1464 5758 valde
1491 5702 1683 5758 utilia?
1717 5699 1850 5767 Quae
1891 5714 2085 5754 rursus

2188 4686 2275 4739 διὰ
2316 4685 2517 4756 πολλὴν
2554 4686 2810 4757 εὐπορίαν
2844 4686 3148 4760 ἀνθρώποις
3185 4689 3502 4759 ἐγγένηται,
3538 4692 3772 4763 γαστρὸς

2190 4778 2447 4833 ὲπιπλέον
2476 4778 2855 4849 πιαινομένης,
2880 4778 3180 4848 παχύνεται
3206 4780 3305 4849 μὲν
3333 4782 3363 4833 6
3383 4780 3532 4845 νοῦς,
3558 4781 3770 4835 ὐπτιοῦο

2190 4888 2281 4925 ται
2304 4870 2362 4924 δὲ
2386 4872 2413 4924 6
2441 4869 2716 4941 λογισμός·
2752 4869 3093 4942 βαρυνομένη
3113 4872 3171 4925 δὲ
3196 4874 3229 4943 ἡ
3254 4870 3425 4944 ψυχὴ,
3455 4876 3576 4937 τοῖς
3592 4874 3769 4942 ἀλογίο

2195 4982 2340 5029 στοις
2368 4964 2596 5018 πάθεσιν
2624 4962 3005 5017 ὐποόάλλεται.
3042 4964 3103 5016 Ei
3145 4964 3203 5017 δέ
3237 4982 3325 5029 τις
3375 4966 3625 5039 συμϐαίη
3665 4966 3767 5020 τῶν

2190 5057 2634 5129 καταλεγομένων
2665 5057 2981 5130 συμφορῶν,
3010 5053 3171 5129 ἦττον
3206 5058 3307 5127 μὲν
3333 5060 3581 5130 γαστρὸς
3614 5077 3769 5132 φρον·

2189 5148 2427 5214 τίξουσιν
2456 5148 2748 5220 ἄνθρωποι,
2779 5143 2941 5218 ἦττον
2964 5147 3021 5205 δὲ
3050 5151 3169 5211 ταῖς
3197 5148 3413 5218 ἡδοναῖς
3431 5149 3763 5209 δουλεύουσι,

2193 5241 2544 5313 σωφροσύνην
2571 5257 2629 5293 τε
2656 5239 2751 5292 καὶ
2781 5238 3086 5304 εὐσέϐειαν,
3118 5241 3216 5312 ὅση
3231 5240 3486 5312 δύναμις,
3509 5239 3769 5313 μεταδιώ-

2193 5350 2365 5387 κουσι·
2399 5334 2492 5386 καὶ
2537 5331 2870 5403 βελτιούνται
2911 5332 3001 5384 τὸν
3028 5333 3249 5404 τρόπον,
3279 5332 3355 5395 ὡς
3383 5328 3499 5386 οἷόν
3532 5352 3617 5397 τε,
3652 5350 3764 5387 πιε-

2195 5426 2408 5497 ζόμενοι
2439 5424 2637 5495 μᾶλλον
2677 5423 2711 5495 ἢ
2744 5423 3146 5495 εὐθηνούμενοι.
3192 5425 3330 5478 Ποῖα
3364 5425 3549 5481 τοίνυν
3608 5441 3764 5498 προσ-

2194 5518 2439 5587 οίσαιμεν
2465 5519 2530 5588 τῇ
2554 5517 2720 5589 κακέᾳ
2745 5518 2884 5570 κατὰ
2906 5518 2995 5571 τὸν
3029 5517 3238 5570 ἐκείνου
3263 5516 3460 5585 λόγονς
3492 5524 3563 5574 τὰ
3583 5523 3650 5591 τῇ
3675 5517 3766 5590 μὲν

2193 5605 2437 5676 αἰσθήσει
2459 5603 2697 5676 λυπηρὰ,
2720 5608 2784 5676 τῇ
2806 5606 2861 5659 δὲ
2892 5607 3138 5679 ἐνεργείᾳ
3164 5607 3283 5660 λίαν
3311 5607 3609 5679 ὠφέλιμας
3640 5610 3772 5663 Ποῖα

2191 5698 2247 5751 δὲ
2274 5696 2349 5768 τῷ
2374 5696 2597 5767 ἁγαθῷ;
2632 5697 2702 5750 τὰ
2719 5697 2847 5768 ἡδέα
2876 5701 2996 5771 μὲν,
3023 5701 3137 5754 ἔστι
3161 5700 3203 5754 δ’
3230 5702 3317 5755 ὅτε
3347 5701 3765 5773 βλαϐερώτατας
