3968 6914
263 274 392 333 ἱέύί

1326 283 1691 342 ΑΙΝΕΒΒΙΣΒ
1728 285 2151 343 ΜΑΝΙΕΗᾸΞΟΞ
2184 285 2309 343 LIB.
2353 288 2414 342 ll.

3335 292 3470 350 H62

264 397 376 469 (33)
398 401 492 454 καὶ
526 398 639 465 πῶς
671 401 732 455 ού
762 401 900 470 δόξει
925 403 1266 473 παιδαγωγὸς
1288 400 1427 461 εἶναι
1458 407 1655 478 μᾶλλον
1685 408 1804 481 πρὸς

1918 409 2096 464 bono?
2123 406 2364 477 jucunda
2404 422 2491 470 ne,
2545 422 2664 476 quae
2711 407 3038 478 quandoque
3080 411 3469 466 nocentissima
3506 458 3509 461 ,

263 490 460 562 ἀρετὴν
493 492 525 563 ἡ
564 493 729 547 κακία
764 494 855 548 τοῦ
893 495 1130 564 ἀγαθοῦ;
1163 497 1418 562 πολλάκις
1455 500 1582 572 γάρ,
1616 500 1708 564 οὓς
1742 500 1815 572 μὴ

265 582 554 651 μετέϐαλεν
587 585 676 637 ἐπὶ
707 585 767 639 τὸ
806 590 1048 659 κρεῖττον
1078 587 1327 659 εύθηνία,
1374 591 1693 660 μετεποίησέ
1735 609 1817 656 τις

262 672 647 744 προσπεσοῦσα
675 674 817 747 λύπη
842 679 935 729 καὶ
960 680 1230 750 συμφορά·
1258 679 1463 733 δέονται
1485 680 1593 753 γὰρ
1613 680 1817 754 ἀνθρω-

262 777 351 813 ποι
392 762 484 814 καὶ
524 764 774 820 τοιούτων
820 768 978 820 τινῶν
1013 770 1363 839 ἀναμνήσεων
1400 770 1539 823 κατά
1572 773 1814 844 καιροὺς,

261 852 395 925 πρὸς
418 853 478 907 τὸ
502 854 858 928 διεγείρεσθαι
894 859 983 912 τὸν
1013 859 1156 923 νοῦν,
1188 860 1282 914 καὶ
1313 861 1411 931 τῆς
1442 860 1680 926 πλείονος
1718 865 1819 935 ρᾳ-

263 942 471 1016 στώνης
498 946 943 1005 ἀπαλλάττεσθαι.

330 1028 393 1089 ΕΞ
417 1038 514 1107 μὲν
529 1039 635 1112 γὰρ
654 1041 1072 1114 εύθηνουμὲνους
1090 1040 1156 1117 ῆν
1181 1045 1305 1099 ἰδεῖν
1318 1045 1531 1109 αὐτοὺς,
1557 1048 1663 1100 τῶν
1685 1047 1815 1117 γοῦν

261 1129 511 1199 μεγάλων
530 1131 684 1205 ἀδικη
694 1135 873 1204 μάτων
887 1137 1271 1208 ἀπεχομένους,
1293 1142 1486 1214 μέτρια
1500 1143 1557 1196 δὲ
1571 1140 1677 1213 πλη
1685 1158 1816 1213 μμε-

257 1219 502 1286 λοῦντας,
516 1219 582 1295 ἦν
596 1225 661 1279 ἄν
672 1243 754 1290 τις
769 1225 983 1297 εὔλογος
998 1231 1328 1304 καταδρομὴ,
1345 1233 1420 1298 ὡς
1433 1234 1494 1287 οὐ
1506 1234 1644 1288 κατά
1658 1233 1813 1302 λόγον

259 1312 354 1366 καὶ
375 1313 480 1366 τῶν
493 1315 745 1372 τοιούτων
766 1319 1179 1390 συμϐαινόντων·
1196 1326 1244 1376 εί
1259 1324 1315 1377 δὲ
1342 1324 1478 1396 πρὸς
1490 1326 1698 1380 τελείαν
1718 1325 1812 1381 τοῦ

259 1405 615 1476 χορηγοῦντος
635 1407 799 1480 λήθην
820 1412 917 1483 τὴν
944 1411 1164 1485 διηνεκῆ
1185 1412 1294 1468 τῶν
1317 1416 1625 1485 ἀναγκαίων
1649 1416 1815 1486 ἀφθο-

260 1495 378 1549 νίαν
397 1496 778 1568 λαμϐάνουσιν
796 1503 1089 1572 ἀναγκαῖόν
1116 1522 1245 1559 ποτε
1273 1508 1442 1563 καὶτὸ
1457 1508 1812 1577 διεγείρεσθαι

260 1596 377 1657 ταῖς
404 1598 705 1665 συμφοραῖς
725 1598 803 1659 είς
828 1597 1043 1667 μνήμην
1061 1594 1217 1664 Θεοῦ,
1233 1589 1339 1666 ᾧγε
1365 1598 1637 1669 προσῆκεν
1662 1598 1813 1653 ἀδιά-

258 1683 473 1738 λειπτον
515 1685 611 1755 τῆς
655 1685 794 1758 ὑπὲρ
834 1687 989 1758 ήμῶν
1036 1688 1355 1759 κηδεμονίας
1394 1688 1670 1759 ὁμολογεῖν
1714 1688 1812 1760 τὴν

1917 502 2080 556 sunt?
2112 517 2253 570 saepe
2295 500 2463 564 enim,
2512 513 2653 570 quos
2701 500 3033 569 prosperitas
3082 500 3149 553 ad
3192 503 3467 557 meliorem

1916 592 2122 663 frugem
2154 607 2260 645 non
2292 591 2541 653 mutavit,
2577 590 2758 645 luctus
2786 599 2839 644 et
2872 590 3157 645 calamitas
3185 602 3469 647 converte-

1917 693 2084 737 runt:
2126 681 2369 752 indigent
2411 681 2555 734 enim
2609 681 2855 736 homines
2908 682 3233 752 quandoque
3279 682 3471 752 hujus-

1914 770 2061 824 modi
2105 771 2566 826 admonitionibus
2605 770 2673 825 ad
2721 772 3060 827 excitandam
3123 781 3380 839 mentem,
3414 787 3469 830 et

1916 870 1975 917 ut
2006 878 2037 917 a
2066 864 2232 918 multa
2263 864 2603 919 mollitudine
2623 863 2940 919 liberentur.

1981 1035 2037 1091 Si
2077 1037 2220 1092 enim
2250 1037 2559 1093 videremus
2604 1039 2861 1096 secundis
2902 1042 3066 1097 rebus
3108 1041 3385 1111 ﬂorentes,
3433 1062 3464 1102 λ

1913 1128 2125 1198 magnis
2147 1129 2335 1184 saltem
2366 1129 2581 1199 injuriis
2605 1130 2898 1197 abstinere,
2933 1141 2986 1188 et
3009 1148 3172 1202 parva
3201 1136 3464 1192 maleﬁcia

1916 1218 2286 1281 committere,
2346 1227 2533 1290 posset
2585 1219 2782 1289 aliquis
2827 1235 2951 1275 cum
2986 1224 3201 1289 ratione
3251 1225 3309 1279 iu
3349 1227 3465 1283 hac

1914 1309 2115 1376 invehi,
2150 1318 2408 1379 tanquam
2451 1318 2640 1366 contra
2673 1312 2938 1367 rationem
2985 1312 3338 1371 acciderent:
3376 1321 3461 1374 sin

1912 1415 2041 1456 vero
2069 1400 2345 1457 abundare
2365 1418 2578 1472 semper
2596 1404 2941 1469 necessariis,
2967 1404 3293 1464 oblivionem
3321 1426 3466 1465 sum-

1913 1508 2055 1547 mam
2103 1494 2376 1565 largitoris
2415 1496 2570 1551 aﬂ'ert
2614 1497 2768 1562 istis,
2818 1513 3041 1555 necesse
3088 1507 3207 1567 est,
3258 1512 3320 1558 ut
3366 1506 3464 1559 ali-

1912 1583 2129 1654 quando
2176 1586 2577 1643 calamitatibus
2612 1590 2868 1645 memoria
2902 1590 2998 1646 Dei
3028 1593 3326 1663 excitetur;
3372 1599 3461 1651 cui

1912 1678 2196 1747 oportebat
2226 1679 2344 1735 sine
2376 1680 2779 1737 intermissione
2804 1683 3011 1751 gratias
3039 1700 3201 1756 agere
3229 1702 3331 1757 pro
3360 1705 3458 1743 no-

258 1774 440 1847 χάριν.
467 1776 629 1830 ’Ὥστε
660 1777 923 1832 νουθετῶν
950 1778 1081 1843 Θεὸς
1104 1777 1419 1851 ἀνθρώπως
1451 1783 1722 1851 οἰκονομεῖ
1745 1781 1804 1834 τὰ

1913 1777 2147 1824 strarum
2188 1786 2370 1825 rerum
2401 1771 2738 1841 providentia
2787 1782 2841 1828 et
2866 1779 3272 1844 procuratione.
3308 1778 3463 1835 Unde

260 1865 500 1929 τοιαῦτα,
548 1867 648 1920 ούκ
685 1867 853 1939 ὀργῆς
900 1885 1043 1931 τινος
1074 1868 1236 1922 πάθει
1266 1869 1644 1940 κατεχόμενος,
1678 1867 1813 1922 ἀλλά

260 1956 583 2027 κηδεμονίας
616 1957 709 2011 καὶ
740 1958 841 2029 τῆς
866 1958 973 2011 τῶν
1001 1958 1266 2029 δεομένων
1290 1960 1621 2031 ἐπιστροφῆς
1651 1976 1812 2031 μετα-

261 2045 410 2101 ποιού
420 2064 593 2118 μενος.
618 2049 750 2101 Οὐδὲ
775 2048 881 2121 γὰρ
902 2050 1090 2118 φιλανθ
1100 2048 1305 2121 ρωπίας
1324 2051 1423 2121 τῆς
1448 2051 1704 2104 ἀνωτάτω
1719 2050 1812 2105 καὶ

257 2139 515 2211 ἀκριϐοῦς
547 2138 612 2193 ἂν
652 2140 735 2212 εἴη
765 2140 828 2193 τὸ
857 2140 1270 2212 ὑποκορίζεσθαι
1295 2158 1355 2210 γε
1389 2142 1712 2214 χρηστότητι
1742 2141 1813 2196 τά

257 2229 574 2301 ἀνθρώπινα
610 2230 777 2302 πάθη,
820 2231 912 2284 καὶ
944 2231 1021 2302 τῷ
1053 2232 1434 2303 ἀνεπιπλήκτῳ
1459 2228 1556 2304 τὴν
1585 2231 1812 2304 αὔξησιν

255 2322 438 2385 αὐτοῖς
470 2321 801 2392 ἐπιτρέπεινο
831 2321 1136 2374 τούναντίον
1164 2320 1272 2393 γὰρ
1299 2320 1457 2374 τοῦτο
1482 2321 1617 2392 πρὸς
1648 2322 1814 2374 ἀπαν-

258 2412 501 2485 θρωπίαν
525 2414 647 2485 ὁρᾷ,
682 2413 814 2482 εἴγε,
849 2412 1165 2483 βουλόμενος
1188 2414 1289 2482 τῆς
1309 2413 1449 2466 κατὰ
1474 2412 1534 2465 τὸ
1563 2412 1813 2483 φαινόμε·

254 2522 344 2558 νον
372 2504 444 2576 μὴ
471 2503 773 2570 ἐξίστασθαι
795 2504 1174 2577 χρηστότητος,
1192 2504 1487 2569 ἐπιϐούλως
1506 2503 1809 2575 συγχωροίη

254 2597 390 2665 πρὸς
419 2595 634 2648 ἔκλυσιν
662 2594 862 2659 κακίας
888 2595 1060 2665 πάντη
1087 2595 1444 2649 καταπίπτειν
1467 2596 1592 2658 τοὺς
1610 2593 1813 2667 ἀνθρὼ-

252 2703 408 2750 mu;-
443 2685 585 2754 λέγω
619 2684 695 2750 δὲ,
732 2685 801 2739 τὰ
835 2686 1045 2757 χρηστά
1080 2684 1361 2756 παρέχων,
1388 2684 1483 2739 καὶ
1514 2684 1579 2738 τὰ
1606 2683 1812 2756 νομιζό-

256 2797 393 2851 μενα
441 2778 660 2851 λυπηρά
706 2762 1016 2848 ἀναγκαίως
1074 2779 1285 2847 ἐπάγευ
1325 2777 1445 2831 οὐδὲ
1483 2778 1590 2849 γὰρ
1628 2778 1810 2850 πατὴρ

251 2869 674 2942 πλημμελοῦντα
692 2870 852 2923 παῖδα
872 2869 1084 2923 τύπτων
1106 2867 1484 2941 ἀπάνθρωπος·
1506 2868 1809 2922 τούναντίον

257 2960 355 3028 μὲν
376 2955 488 3025 οὖν,
515 2962 561 3013 εί
591 2961 663 3031 μὴ
698 2960 831 3032 πρὸς
862 2960 1244 3032 ἐπιστρέφειαν
1270 2959 1392 3029 ἀγοι
1416 2957 1618 3023 τοῦτον,
1643 2959 1705 3012 ού
1726 2958 1811 3012 δό-

1913 1862 2210 1918 admonens
2240 1862 2380 1918 Deus
2406 1863 2672 1927 homines,
2702 1865 2832 1919 talia
2857 1866 3138 1937 dispensat
3167 1884 3232 1924 ac
3266 1872 3463 1942 guber-

1913 1958 2028 2015 nat,
2062 1968 2169 2006 non
2202 1953 2591 2023 perturbationi
2639 1954 2734 2010 ira:
2773 1957 3095 2025 inserviens,
3149 1960 3242 2015 sed
3273 1975 3460 2016 curam

1912 2044 2243 2114 amplectens
2271 2060 2366 2101 eos
2394 2047 2766 2110 convertendi,
2795 2062 2934 2117 quos
2963 2064 3101 2119 opus
3125 2059 3209 2106 est
3236 2067 3462 2111 conver-

1912 2142 2042 2188 tere.
2086 2132 2195 2189 Nec
2240 2135 2384 2190 enim
2429 2136 2897 2193 excellentissima;
2952 2147 3007 2194 et
3038 2140 3289 2209 perfecta
3333 2160 3461 2216 erga

1913 2222 2158 2280 homines
2188 2223 2470 2280 charitatis
2490 2233 2654 2290 esset,
2685 2225 2950 2283 humanas
2982 2229 3331 2299 aegritudines
3350 2240 3471 2303 praz'

1913 2312 2133 2368 lenitate
2160 2320 2476 2379 extenuare,
2503 2323 2557 2369 et
2595 2315 2987 2371 incrementum
3037 2318 3122 2374 eis
3145 2322 3461 2388 permittere

1912 2419 2023 2459 non
2051 2405 2379 2475 increpando
2405 2425 2420 2461 :
2445 2406 2575 2477 quin
2602 2407 2786 2478 potius
2811 2415 3023 2487 contra,
3057 2411 3123 2465 ad
3149 2412 3461 2469 inhumani-

1911 2505 2074 2553 tatem
2099 2497 2200 2553 hoc
2235 2506 2521 2568 spectaret,
2553 2500 2599 2555 si
2627 2514 2750 2554 cum
2786 2502 2945 2559 vellet
2972 2518 3081 2558 non
3110 2507 3360 2564 recedere
3392 2513 3461 2563 alo

1909 2601 1972 2642 ea
2023 2588 2241 2645 lenitate
2268 2603 2389 2659 qua:
2433 2590 2666 2660 speciem
2712 2599 2922 2647 tantum
2971 2593 3153 2660 habet,
3198 2598 3462 2656 insidiose

1909 2677 2243 2745 permitteret
2273 2677 2328 2732 in
2370 2676 2781 2734 dissolutionem
2813 2683 3067 2753 nequitia
3093 2688 3317 2743 omnino
3360 2690 3459 2745 bo~

1909 2766 2083 2823 mines
2113 2767 2380 2824 decidere.
2410 2767 2541 2825 Dico
2564 2778 2744 2825 autem
2776 2771 2917 2828 lenia
2959 2776 3195 2844 praebere
3224 2779 3456 2842 ratione.

1914 2868 1968 2913 et
2014 2874 2077 2915 ea
2122 2874 2243 2930 qua:
2284 2860 2478 2916 acerba
2510 2871 2788 2932 putantur,
2830 2869 3142 2933 necessario
3191 2869 3454 2942 inﬂigere.

1907 2945 2019 3002 Nec
2043 2948 2187 3003 enim
2217 2955 2370 3020 pater
2396 2965 2520 3005 cum
2550 2950 2719 3006 ﬁlium
2756 2954 3155 3025 delinquentem
3192 2961 3455 3023 verberat.

252 3053 335 3120 ξει
385 3051 546 3121 φειδὼ
585 3053 851 3123 πατρικὴν
872 3052 1235 3106 ἐνδείκνυσθαι
1256 3067 1270 3083 ο
1319 3050 1438 3104 ούδέ
1474 3050 1684 3120 τέμνων
1711 3050 1804 3104 καὶ

1910 3036 2240 3093 inhumanus
2273 3049 2358 3094 est
2387 3058 2401 3094 :
2428 3049 2617 3095 contra
2644 3044 2845 3113 potius,
2874 3046 2921 3100 si
2952 3047 3095 3102 hunc
3131 3049 3199 3103 ad
3230 3067 3456 3107 conver-

253 3120 422 3197 γαίων
455 3143 631 3213 ίατρδς
664 3120 836 3197 ἑλκῶν
874 3144 1059 3213 νομάς·
1092 3142 1204 3196 ἀλλ’
1242 3144 1350 3213 ὅσῳ
1387 3140 1479 3195 τοῦ
1516 3140 1674 3209 λόγου
1704 3141 1804 3212 τῆς

1906 3127 2113 3183 sionem
2143 3144 2255 3184 non
2286 3130 2609 3196 traduceret,
2645 3143 2925 3204 paternam
2967 3141 3359 3208 providentiam
3394 3160 3460 3198 ac

250 3235 444 3307 τέχνης
466 3238 852 3307 μεταποιεῖται,
881 3235 1116 3304 τοσούτῳ
1137 3234 1446 3304 φειδόμενος
1466 3231 1557 3285 τοῦ
1580 3232 1806 3302 κάμνον-

249 3341 341 3388 τος
374 3328 635 3399 προσάγει
674 3324 769 3395 τὴν
802 3322 1066 3392 ἀλγηδόνα
1108 3320 1216 3374 τῶν
1247 3318 1655 3391 αύστηρστέρων
1681 3316 1805 3388 βοη-

250 3418 316 3490 θη
325 3419 528 3487 μάτων,
562 3418 637 3480 ὼς
666 3415 1034 3482 ἀπολουμένου
1060 3414 1156 3482 μέν
1182 3412 1315 3483 πρὸς
1355 3410 1461 3462 τῶν
1499 3407 1668 3461 ἐλκῶν
1708 3408 1802 3463 τοῦ

248 3511 568 3580 κάμνοντος,
607 3510 656 3561 εί
693 3508 765 3581 μὴ
799 3506 982 3560 τοῦτον
1010 3504 1295 3577 βοηθηθείη
1328 3501 1417 3554 τὸν
1448 3500 1665 3572 τρόπον’
1693 3515 1797 3552 σω·

244 3599 546 3671 θησομένου
576 3600 654 3664 δέ,
685 3598 853 3670 τομῆς
878 3613 937 3650 τε
966 3596 1060 3650 καὶ
1082 3595 1370 3666 καυτῆρος,
1404 3594 1453 3645 εί
1486 3590 1615 3653 δέοι,
1645 3605 1803 3662 προσ-

245 3689 547 3760 αγομὲνων.

1906 3219 2333 3274 misericordiam
2368 3221 2567 3278 habere
2590 3238 2701 3279 non
2732 3227 3023 3282 videretur.
3055 3228 3164 3286 Nec
3184 3235 3328 3287 enim
3354 3251 3460 3289 mc—

1903 3308 2059 3363 dicus
2088 3322 2210 3362 cum
2239 3322 2388 3364 secat
2413 3318 2469 3366 et
2514 3313 2623 3369 urit
2665 3314 2822 3370 ulcus
2853 3332 3097 3387 serpens,
3130 3321 3459 3381 inhumanus

1904 3406 2022 3466 est;
2074 3399 2183 3454 imo
2224 3412 2429 3470 quanto
2481 3404 2654 3474 magis
2707 3408 2975 3462 rationem
3031 3412 3162 3468 artis
3215 3414 3455 3482 adhibet,

1905 3500 2054 3545 tanto
2099 3493 2272 3564 magis
2298 3502 2358 3549 ut
2399 3506 2659 3566 aegrotum
2708 3508 2882 3566 sanet,
2916 3501 3158 3559 dolorem
3199 3521 3266 3562 ex
3298 3524 3453 3565 seve-

1907 3584 2145 3640 rioribus
2190 3586 2445 3642 remediis
2474 3587 2718 3657 inducit;
2746 3598 3006 3661 tanquam
3039 3596 3356 3656 interiturus
3387 3604 3459 3655 sit

1903 3689 2044 3745 aeger
2092 3676 2162 3730 ab
2206 3675 2499 3741 ulceribus,
2543 3679 2648 3732 nisi
2683 3680 2786 3734 hoc
2826 3682 2985 3737 modo
3031 3686 3322 3743 auxilietur
3367 3692 3456 3757 ei;

1904 3770 2181 3826 sanandus
2214 3784 2360 3835 vero,
2396 3770 2634 3827 sectione
2663 3780 2718 3827 et
2746 3775 2960 3831 ustione
2991 3778 3271 3835 adhibitis.

416 3897 545 3953 Car.
576 3895 692 3951 XV.
731 3894 998 3950 Malorum
1034 3894 1291 3963 asperitas
1330 3890 1624 3947 hominibus
1656 3886 1951 3952 tribuenda,
1981 3887 2071 3958 qui
2100 3886 2255 3941 malis
2284 3886 2593 3942 abutuntur.
2626 3888 2811 3944 Manes
2856 3908 3029 3946 secum
3059 3907 3279 3964 pugnat.

316 4016 499 4080 Ὥστε,
528 4015 668 4069 κατά
705 4014 766 4068 τὸ
805 4013 1124 4083 ὑπόδειγμα,
1157 4010 1427 4084 ἄνθρωποί
1467 4012 1601 4063 είσιν
1640 4009 1689 4062 οἱ
1726 4008 1796 4061 τά

241 4127 309 4180 γε
349 4109 544 4182 ἀνιαρά
588 4107 863 4170 ποιοῦντες
886 4105 1008 4160 καθ’
1042 4104 1246 4158 ἑαυτῶν
1286 4104 1482 4174 μᾶλλον
1512 4103 1545 4174 ἢ
1585 4103 1615 4154 ὸ
1644 4100 1795 4164 Θεὸς,

239 4201 292 4254 οἱ
332 4198 432 4271 si):
474 4200 661 4270 χρείαν
698 4198 792 4252 καὶ
822 4197 947 4260 τοὺς
981 4196 1202 4269 καιροὺς
1231 4195 1485 4266 προθέσει
1517 4210 1581 4262 γε
1622 4193 1797 4263 οίκείᾳ

1965 4006 2344 4072 Quamobrem,
2377 4014 2435 4060 ut
2476 4009 2576 4062 hoc
2603 4010 2905 4080 exemplum
2960 4012 3156 4077 docet,
3210 4014 3460 4071 homines

1896 4099 2078 4170 potius
2106 4113 2268 4168 quam
2297 4097 2439 4154 Deus
2489 4109 2635 4167 sunt,
2668 4103 2759 4172 qui
2788 4118 2978 4172 aspera
3010 4113 3063 4159 et
3112 4108 3305 4160 acerba
3353 4108 3456 4162 silui

1899 4192 2157 4257 inferunt,
2192 4193 2284 4262 qui
2313 4208 2468 4247 usum
2497 4203 2552 4247 et
2571 4199 3001 4264 opportunitates
3035 4201 3292 4269 temporis
3324 4217 3453 4272 pru-

242 4289 841 4361 προκατασκευάζοντες
863 4287 951 4341 διά
974 4287 1081 4340 τῶν
1109 4286 1322 4339 οἰκείων
1348 4282 1534 4338 παθῶν
1553 4299 1566 4313 ·
1593 4282 1667 4347 ὡς
1689 4283 1797 4355 γὰρ

1905 4284 2077 4354 posito
2105 4283 2322 4353 proprio
2357 4300 2453 4354 per
2498 4285 2723 4342 allectus
2765 4302 2894 4344 suos
2927 4299 3267 4360 praeparant:
3313 4294 3455 4347 sicut

241 4383 333 4437 τοῦ
366 4384 634 4454 καυτῆρος
666 4383 763 4451 οὐχ
794 4381 823 4432 ὁ
864 4379 1043 4450 ἰατρὸς
1084 4375 1338 4431 ποιεῖτον
1376 4375 1562 4448 καιρόν
1608 4392 1665 4430 τε
1705 4375 1797 4428 καὶ

236 4475 337 4547 τὴν
362 4475 571 4547 χρείαν,
598 4473 732 4528 ἀλλά
752 4473 813 4525 τὸ
840 4472 1192 4542 ὑποκείμενον
1215 4468 1367 4534 ἕλκος
1388 4470 1482 4524 καὶ
1502 4468 1589 4522 τὸν
1617 4467 1795 4538 ἰατρὸν

237 4568 538 4637 ἐπείγεται,
571 4567 663 4621 καὶ
707 4565 798 4618 τὸν
833 4567 1079 4635 καυτῆρα
1118 4561 1290 4626 καλεῖ,
1324 4561 1462 4615 οὕτω
1498 4560 1561 4631 δὴ
1603 4560 1696 4613 καὶ
1726 4558 1796 4612 τά

234 4657 554 4731 ἀνθρώπινα
613 4656 758 4728 πάθη
810 4653 1159 4726 προκαλεῖται
1207 4651 1315 4705 τῶν
1368 4652 1455 4714 είς,
1502 4649 1794 4722 θεραπείαν

234 4751 616 4805 συντεινόντων
643 4748 794 4819 παρὶι
825 4745 960 4800 Θεοῦ
992 4744 1090 4819 τὴν
1126 4742 1459 4815 ἐπιμέλειαν,
1491 4743 1691 4814 ἥκιστά
1729 4759 1793 4812 γε

231 4844 562 4915 ἀνεχομένου
586 4842 691 4896 τῶν
719 4837 1038 4910 ἀνθρώπων,
1070 4836 1146 4900 ὡς
1178 4836 1377 4891 οἰκείου
1412 4835 1573 4907 ἔργου
1599 4837 1673 4906 μὴ
1705 4835 1791 4891 διὰ

230 4938 435 5000 παντὸς
475 4936 716 5007 προνοεῖν
737 4950 751 4963 ·
795 4928 1055 5003 ἐπέτρεψε
1088 4930 1184 5000 μὲν
1224 4929 1329 5003 γάρ
1355 4927 1658 5001 ἀνθρώποις
1693 4930 1792 5000 τῆς

229 5030 433 5101 ἀρετῆς
482 5030 574 5083 καὶ
604 5028 704 5097 τῆς
746 5024 1145 5094 καλοκαγαθίας
1176 5022 1478 5095 ἐλευθέριον
1508 5022 1652 5093 ἔχειν
1690 5024 1791 5094 τὴν

225 5123 459 5193 αἰρεσιν.
501 5118 800 5191 ’Υπερείδει
835 5116 1015 5188 μέντοι
1053 5116 1115 5170 τὸ
1151 5116 1286 5186 πρὸς
1322 5115 1390 5169 τὰ
1420 5114 1565 5187 πάθη
1594 5114 1789 5187 σαθρὸν

225 5218 261 5287 ἡ
272 5216 385 5286 μῶν
417 5215 480 5268 δι’
509 5210 582 5270 ὧν
606 5211 846 5283 ἐναργῶς
869 5212 1011 5265 ἔστιν
1038 5212 1123 5265 ὅτε
1143 5210 1380 5264 νουθετεῖ
1406 5212 1499 5263 καὶ
1526 5209 1788 5280 ἐπιπλήτ-

223 5325 309 5362 τει
328 5324 342 5339 ·
377 5308 499 5361 οὔτε
530 5305 789 5379 διηνεκῶς
820 5306 1038 5373 ἐπάγων
1063 5302 1133 5356 τά
1160 5300 1552 5373 αύστηρότερα,
1587 5298 1674 5352 ἵνα
1710 5298 1785 5371 μὴ

224 5404 292 5473 τῇ
336 5401 548 5473 ἀνάγκη
592 5400 690 5470 τῆς
741 5395 1040 5467 κατηφείας
1084 5393 1145 5447 τὸ
1191 5391 1488 5463 ἐλευθέριον
1537 5388 1741 5461 ἐκϐάλῃ
1767 5405 1780 5419 ο

223 5490 346 5546 οὔτε
388 5490 580 5559 ἀςρετον
624 5489 799 5558 πάντη
840 5488 938 5559 τὴν
985 5483 1159 5557 ὁρμὴν
1189 5484 1286 5556 τῆς
1335 5481 1612 5556 ῥᾳστώνης
1651 5484 1781 5552 ἡμῖν

293 5608 403 5677 (55)
437 5606 545 5663 Καὶ
591 5605 734 5670 πῶς.
745 5647 757 5659 .
768 5644 804 5658 ..

224 5674 392 5749 mm'
409 5678 596 5731 bonum
613 5679 639 5733 ?
661 5677 780 5730 Haec
805 5674 1060 5745 fugerunt
1094 5676 1465 5744 interpretem.

504 5772 768 5831 ΡΑτιιοι..
803 5771 920 5831 Gn.
965 5770 1191 5832 XVIII.

1897 4376 2039 4430 enim
2064 4376 2302 4432 medicus
2329 4391 2437 4431 non
2484 4376 2633 4441 facit,
2683 4387 2739 4432 ut
2770 4395 2906 4451 Opus
2950 4382 3022 4438 sit
3053 4398 3208 4438 urere
3237 4396 3288 4437 et
3316 4392 3454 4440 tem-

1896 4482 1997 4539 pus
2029 4468 2240 4531 urendi,
2266 4469 2358 4524 sed
2395 4469 2549 4525 ulcus
2580 4481 2633 4525 et
2666 4473 2933 4527 medicum
2958 4476 3176 4530 adducit
3204 4484 3256 4531 et
3283 4478 3453 4532 ustio-

1895 4577 2016 4616 nem
2046 4571 2231 4627 vocat;
2287 4561 2368 4616 sic
2422 4562 2671 4618 humanae
2714 4563 3024 4620 aﬂ'ectiones
3056 4564 3221 4621 Deum
3266 4582 3453 4623 accer-

1894 4660 2022 4708 sunt
2046 4652 2114 4707 ad
2134 4668 2196 4708 ea
2220 4654 2544 4719 adhibenda,
2564 4671 2683 4725 qua:
2704 4655 2771 4710 ad
2792 4658 3123 4712 curationem
3148 4661 3413 4729 pertinent
3436 4679 3452 4723 ;

1894 4746 1986 4816 qui
2016 4746 2236 4801 minime
2282 4747 2502 4818 patitur,
2531 4747 2663 4817 quin
2712 4748 3023 4805 hominibus
3080 4766 3291 4822 semper
3329 4761 3449 4807 lan-

1891 4852 2052 4909 quam
2087 4839 2235 4910 operi
2274 4854 2373 4895 suo
2400 4840 2621 4909 provida
2652 4856 2780 4895 cura
2815 4843 3130 4913 prospiciat.
3163 4842 3449 4899 Commisit

1891 4931 2034 4985 enim
2070 4932 2396 4997 hominibus,
2434 4944 2493 4990 ut
2551 4933 2812 4989 haberent
2858 4935 3083 4990 liberam
3129 4935 3447 4991 electionem

1888 5021 2111 5078 virtutis
2140 5038 2202 5077 ac
2238 5024 2542 5094 probitatis.
2579 5025 2732 5089 Quod
2764 5034 2945 5081 tamen
2974 5028 3030 5081 in
3069 5029 3227 5084 nobis
3253 5039 3337 5095 est
3365 5028 3448 5083 in~

1890 5112 2101 5168 ﬁrmum
2130 5115 2195 5168 ad
2223 5116 2553 5180 allectiones,
2586 5116 2742 5172 fulcit
2784 5131 2849 5173 ac
2885 5118 3062 5173 ﬁrmat
3101 5135 3197 5189 per
3239 5135 3301 5174 ea
3330 5135 3450 5187 qua:

1888 5206 2158 5261 interdum
2190 5207 2255 5261 ad
2291 5206 2686 5263 admonendum
2715 5215 2768 5262 et
2807 5209 3191 5279 increpantium
3224 5210 3447 5264 manil'r-

1888 5307 1973 5355 sto
2032 5299 2282 5368 adhibet;
2335 5317 2509 5371 neque
2557 5311 2815 5372 perpetuo
2867 5318 2987 5374 qua
3040 5303 3341 5359 austeriora
3395 5311 3447 5355 et

1886 5394 2166 5448 acerbiora
2194 5401 2343 5459 sunt,
2368 5395 2652 5458 inducens,
2688 5403 2746 5450 ut
2785 5398 3108 5453 necessitate
3132 5404 3185 5450 et
3224 5396 3277 5450 vi
3312 5411 3441 5448 mm-

1885 5488 2027 5542 roris
2056 5487 2356 5542 libertatem
2392 5502 2499 5541 non
2524 5486 2808 5555 excludat;
2852 5504 3027 5559 neque
3055 5503 3248 5543 rursus
3279 5487 3441 5542 relin-

867 5602 1110 5673 ἀγαθοῦ.
1172 5602 1241 5657 Et
1293 5601 1548 5669 quomodo
1605 5601 1802 5655 malum
1852 5619 1953 5658 non
2006 5598 2264 5658 uidebitur
2310 5620 2420 5658 esse
2458 5603 2769 5674 paedagogus
2818 5603 2887 5659 ad
2935 5605 3215 5669 virtutem,
3259 5601 3436 5672 potius

3036 5764 3110 5823 37
