3968 6914
379 259 470 408 βξ
487 295 506 346 -l
524 287 624 344 ιω

385 435 404 478 ξ

386 481 412 534 i'

380 546 416 746 ε

378 754 394 780 ι

371 869 404 927 1

463 419 655 477 -quens

485 514 551 554 ne
598 491 1012 562 anticipationes
1049 487 1392 542 aﬂ‘ectionum
1453 484 1571 540 sine
1623 479 1909 535 curatione
1961 476 2043 530 di-

486 591 701 652 mittat;
745 591 1036 652 utrumque
1065 578 1329 649 sapientia
1361 574 1623 631 incﬂ‘abili
1653 572 1724 627 ad
1756 571 2043 624 utilitatem

489 681 762 737 hominum
782 675 1060 745 dispensat
1078 679 1130 727 et
1149 671 1479 732 moderatur,
1507 666 1600 737 qui
1619 663 2046 732 uniuscujusque

487 784 698 844 tempus
731 777 1093 841 opportunum
1126 767 1296 821 novit.

558 864 750 918 Statim
783 870 842 916 ut
872 860 1072 915 videris
1127 866 1283 913 terrm
1338 861 1545 910 motum
1597 859 1691 905 aut
1742 847 2044 904 siccitatem

489 964 582 1010 aut
620 955 982 1009 incursionem
1038 952 1371 1005 locustarum
1399 986 1414 1010 ,
1473 944 1634 1000 simul
1685 956 1816 997 sane
1859 953 2046 993 omnes

489 1048 602 1103 fere
623 1049 868 1102 homines
903 1045 1084 1099 videas
1105 1043 1170 1096 ad
1205 1047 1407 1096 metum
1433 1039 1620 1100 ﬂexos,
1655 1042 1709 1090 et
1737 1033 1804 1087 ad
1839 1031 2046 1102 suppli-

489 1140 720 1194 candum
753 1141 802 1193 ei
843 1139 934 1208 qui
969 1143 1144 1208 potest
1182 1135 1296 1188 haec
1339 1131 1625 1202 depellere.
1680 1127 1738 1180 Si
1775 1134 1952 1180 autem
1985 1138 2047 1178 ea

475 1249 610 1304 quae
642 1232 809 1286 videri
841 1231 1015 1286 solent
1038 1226 1276 1298 jucunda
1299 1232 1352 1280 et
1381 1222 1611 1294 placida,
1639 1219 1929 1273 humanam
1957 1230 2050 1268 ra-

493 1323 690 1377 tionem
717 1322 892 1374 laxam
934 1334 997 1372 ac
1027 1317 1311 1372 remissam
1342 1313 1612 1378 reddunt;
1663 1309 1891 1362 molesta
1923 1319 2052 1358 vero

479 1423 545 1468 et
570 1413 763 1469 acerba
810 1411 1070 1474 excitant,
1105 1415 1159 1462 et
1200 1406 1266 1461 ad
1310 1413 1508 1461 statum
1539 1401 1711 1472 magis
1743 1400 1888 1469 pium
1921 1411 2052 1451 con-

495 1512 756 1559 vertunt:
797 1518 863 1556 an
922 1517 1032 1555 non
1079 1499 1225 1554 dicat
1265 1495 1463 1565 aliquis
1489 1533 1505 1558 ,
1562 1493 1653 1547 illa
1686 1491 1903 1562 quidem
1955 1503 2052 1556 pro

495 1597 834 1667 corporibus,
872 1595 985 1648 haec
1016 1606 1145 1647 vero
1171 1605 1269 1661 pro
1297 1587 1495 1642 animis
1521 1601 1552 1640 a
1576 1583 1684 1640 Deo
1719 1579 2054 1653 gubernari?

494 1688 632 1742 Num
685 1689 844 1758 igitur
885 1701 1006 1756 qua:
1057 1685 1265 1737 animas
1299 1681 1365 1734 ad
1397 1681 1650 1750 pietatem
1701 1683 1754 1731 et
1796 1673 2049 1727 virtutem

488 1788 856 1840 commovent,
889 1775 1206 1847 appellanda
1238 1780 1366 1827 sunt
1400 1769 1579 1824 mala?
1606 1767 1706 1822 etsi
1735 1764 1879 1820 enim
1929 1777 2052 1818 sen—

488 1872 580 1924 sui
618 1869 989 1924 sulferentium
1021 1867 1245 1921 molesta
1269 1871 1397 1920 sunt
1414 1871 1468 1918 et
1489 1861 1688 1924 tristia,
1727 1857 1795 1912 ad
1822 1856 2052 1912 salutem

501 1974 679 2016 tamen
716 1963 990 2016 hominum
1025 1957 1335 2014 necessario
1363 1955 1702 2026 inﬂiguntur.

569 2051 896 2105 Manichaus
938 2063 1066 2103 vero
1112 2048 1334 2102 demens
1377 2059 1592 2113 semper
1633 2058 1691 2097 se
1739 2053 1922 2095 secum
1955 2053 2056 2108 pu-

493 2161 665 2216 gnare
699 2145 926 2214 ignorat.
962 2139 1172 2194 Etenim
1216 2139 1261 2194 si
1305 2136 1542 2192 accretio
1585 2133 1826 2188 materiae
1854 2139 2053 2197 nocet,

501 2239 625 2308 quis
656 2253 764 2292 non
785 2235 1003 2298 sentiat,
1027 2239 1216 2287 contra
1245 2243 1406 2300 quam
1433 2227 1585 2291 dicit,
1618 2224 1905 2279 accidere?
1939 2223 2055 2276 Au-

496 2331 714 2402 gebitur
741 2327 884 2382 enim
917 2326 1030 2380 haec
1057 2331 1247 2379 contra
1281 2322 1563 2382 homines,
1607 2317 1698 2388 qui
1742 2330 1953 2385 semper
2002 2317 2055 2370 in

502 2422 666 2477 rebus
695 2420 831 2474 latis
854 2427 908 2472 et
936 2414 1188 2482 secundis
1221 2421 1385 2478 sunt,
1435 2418 1488 2467 et
1516 2409 1727 2466 deliciis
1759 2409 2058 2479 indulgent,

501 2521 560 2568 et
593 2513 766 2568 ventri
790 2518 843 2566 et
869 2508 1240 2578 voluptatibus
1265 2505 1407 2559 infra
1431 2511 1673 2558 ventrem
1707 2501 2058 2556 deserviunt:

504 2603 780 2658 minuetur
809 2617 938 2656 vero
965 2601 1312 2655 vehementer
1333 2595 1494 2659 fame,
1523 2602 1694 2665 peste,
1727 2599 1920 2656 morte,
1943 2607 2063 2661 quae

504 2709 614 2749 non
638 2693 956 2763 permittunt
978 2691 1239 2760 prolicere
1258 2701 1378 2742 eam
1408 2687 1474 2741 ad
1515 2683 1842 2755 injustitiam
1872 2698 2062 2738 accre-

507 2788 692 2842 tionis.
722 2785 1082 2852 Quamobrem
1106 2789 1533 2836 consentaneum
1565 2785 1702 2844 erat,
1737 2783 1796 2829 ut
1826 2776 1940 2829 haec
1966 2791 2064 2845 po—

506 2879 617 2934 tius
649 2885 866 2932 vocaret
893 2875 1053 2938 bona,
1080 2873 1468 2928 convenienter
1504 2884 1606 2925 suo
1638 2867 1990 2922 fundamento
2011 2874 2066 2922 et

506 2971 796 3044 principio,
829 2982 992 3039 quam
1010 2967 1147 3019 mala
1173 2985 1186 3021 :
1219 2965 1298 3020 sic
1322 2963 1465 3018 enim
1492 2962 1768 3016 meliorem
1798 2962 2065 3015 rationem

1625 271 1758 326 τιτι
1803 261 2222 322 BOSTRENSlS
2260 257 2590 331 EPISCOPI.

689 401 846 457 nobis
896 395 1190 468 appetitum
1221 391 1448 464 segnitie
1493 389 1716 446 omnino
1758 389 2031 450 solutum,

2171 379 2578 450 αταλιμπάνων,
2629 374 2718 426 ἵνα
2771 372 2844 444 μὴ
2885 371 2983 432 τὰς
3026 364 3325 436 προλήψεις
3367 360 3478 413 τῶν
3521 358 3699 410 παθὼν

3567 244 3693 300 “Si

2144 449 2392 533 ἀνιάτους
2425 467 2561 542 ἀφίῃ
2580 485 2592 496 ·
2640 465 2873 534 ἑκάτερα
2897 462 2954 514 δὲ
2985 459 3206 530 ἀρρήτῳ
3243 453 3405 523 σοφία
3444 466 3583 518 προς
3610 449 3700 500 ἀν-

2144 561 2373 635 θρώπων
2423 540 2685 628 ὠφέλειαν
2733 554 3002 622 οἰκονομεῖ
3070 548 3296 601 ἑκάστου
3376 543 3468 595 τὸν
3518 540 3707 591 δέοντα

2143 652 2330 724 καιρὸν
2364 648 2745 718 ἐπιστάμενος.

2216 834 2418 888 Αὐτίκα
2471 832 2599 893 ἴδοις
2645 829 2711 882 ἂν
2771 824 3012 896 σεισμὸν,
3061 822 3094 892 ἢ
3146 819 3352 891 ὄμϐρου
3400 814 3631 874 ἔνδειαν,
3669 810 3704 880 ἢ

2147 927 2380 1000 ἀκρίδων
2422 921 2708 993 ἐπιφορὰν,
2831 918 2948 988 ἀμα
2997 914 3179 985 σχεδὸν
3223 914 3472 970 ἅπαντας
3502 903 3706 974 ἀνθρώ-

2148 996 2280 1082 πους
2312 1017 2447 1088 πρὸς
2469 1013 2764 1068 εὐλάϐειαν
2793 1006 3251 1076 ὲπικλινομένους,
3292 1001 3386 1054 καὶ
3418 996 3557 1068 πρὸς
3601 997 3713 1047 ἱκε-

2149 1111 2268 1165 σίαν
2308 1108 2402 1162 τοῦ
2449 1106 2775 1178 μεταγαγεῖν
2814 1101 2883 1154 τὰ
2916 1097 3140 1152 τοιαῦτα
3185 1093 3507 1162 δυναμένου.
3557 1088 3624 1140 Εἰ
3658 1086 3716 1138 δὲ

2148 1205 2215 1258 τὰ
2259 1201 2357 1274 μὲν
2385 1198 2640 1254 δοκοῦντα
2674 1194 2918 1265 συνήθως
2955 1191 3087 1261 ἡδέα
3135 1188 3226 1241 καί
3252 1181 3465 1256 χρηστά
3489 1181 3584 1232 τὸν
3626 1179 3717 1232 ἀν-

2151 1268 2414 1365 θρώπινον
2456 1287 2712 1358 λογισμὸν
2754 1286 2955 1346 ὑπτιοῖ,
2995 1281 3065 1333 τὰ
3101 1280 3157 1332 δὲ
3201 1274 3396 1344 ἀνιαρά
3433 1268 3720 1338 διεγείρει,

2150 1388 2244 1441 καὶ
2276 1383 2562 1455 συστρέφει
2594 1379 2728 1453 πρὸς
2766 1372 3149 1443 εὐσεϐεστέραν
3189 1367 3556 1422 κατάττασιν⁸
3599 1359 3720 1422 πῶς

2150 1481 2248 1533 οὐκ
2277 1479 2340 1534 ἄν
2368 1495 2450 1539 τις
2478 1476 2660 1528 ἐκεῖνα
2687 1472 2782 1543 μὲν
2806 1469 2944 1539 ὑπὲρ
2972 1465 3260 1537 σωμάτων,
3285 1459 3461 1513 ταῦτα
3491 1457 3546 1509 δὲ
3577 1453 3723 1524 ὑπὲρ

2149 1571 2331 1642 ψυχῶν
2367 1568 2498 1638 φαίη
2525 1565 2658 1638 πρὸς
2693 1563 2826 1617 Θεοῦ
2850 1557 3195 1620 διοικεῖσθαι;
3223 1550 3352 1624 Ἆρ’
3394 1546 3492 1602 οὖν
3545 1547 3615 1598 τὰ
3645 1544 3724 1596 δι-

2154 1638 2432 1734 εγείροντα
2461 1658 2637 1729 ψυχάς
2669 1657 2747 1718 είς
2770 1651 3044 1706 εὐσέϐειάν
3067 1665 3124 1701 τε
3153 1647 3246 1700 καὶ⁵
3266 1643 3468 1716 ἀρετὴν
3496 1638 3724 1707 κλητέον

2152 1755 2296 1811 κακά
2319 1772 2333 1819 ;
2361 1752 2462 1807 κᾶν
2490 1750 2598 1821 γὰρ
2623 1750 2688 1818 τῇ
2712 1744 2958 1815 αἰσθήσει
2985 1739 3093 1793 τῶν
3119 1733 3498 1804 ὑποκειμένων
3521 1727 3723 1797 ἀνιαρά

2150 1846 2412 1916 τυγχάνῃ,
2461 1841 2595 1912 πρὸς
2648 1837 2828 1909 μέντοι
2886 1831 3156 1902 σωτηρίαν
3208 1825 3514 1896 ἀνθρώπων
3560 1822 3726 1885 ἀναγ-

2153 1938 2319 2002 καίως
2342 1934 2626 2000 ἐπάγεται.

2234 2001 2309 2084 '07
2335 2029 2513 2100 μέντοι
2542 2024 2676 2096 πρὸς
2704 2020 2955 2094 ἀλήθειαν
2983 2017 3172 2087 Μάνης
3205 2011 3378 2081 πάντη
3409 2001 3596 2073 ἑαυτῷ
3631 2019 3726 2072 μαι

2154 2092 2379 2193 χύμενος
2403 2092 2620 2188 ἀγνοεῖ-⁸
2653 2119 2701 2169 εί
2748 2092 2856 2184 γάρ
2896 2107 3193 2177 ἐπιϐλαϐὴς
3231 2102 3330 2173 τῆς
3374 2100 3511 2168 ὕλης
3549 2097 3586 2166 ἡ
3635 2092 3728 2146 αὓ-

2159 2214 2328 2286 ξησις,
2370 2212 2455 2275 τίς
2502 2211 2601 2263 οὐκ
2637 2208 2700 2262 ἂν
2744 2205 3004 2267 αἴσθοιτο,
3039 2201 3114 2264 ώς
3152 2193 3458 2249 τούναντίον
3502 2189 3540 2260 ἢ
3582 2187 3729 2253 λέγει

2159 2277 2472 2378 συμϐαίνει;
2507 2299 2876 2371 Αὑξηθήσεται
2913 2297 3008 2366 μὲν
3039 2291 3149 2363 γὰρ
3177 2289 3313 2359 αὕτη
3345 2285 3488 2338 κατά
3511 2277 3724 2346 ἀνθρώ-

2159 2375 2274 2454 πων
2305 2397 2680 2458 ἀδιαλείπτως,
2720 2387 3146 2460 εὐθηνουμένων,
3175 2383 3266 2436 καὶ
3292 2378 3532 2450 τρυφαῖς
3574 2375 3729 2440 ἐσχο-

2159 2493 2416 2554 λακότων,
2450 2487 2646 2558 γαστρὶ
2671 2484 2779 2552 ⁷καὶ⁵
2824 2484 2934 2544 τοῖς
2971 2477 3107 2550 μετά
3159 2472 3400 2544 γαστέρα
3449 2463 3731 2519 δουλευόν-

2159 2603 2265 2640 των
2289 2601 2305 2617 ο
2342 2552 2701 2655 με-ιωθήσεται
2736 2575 2793 2628 δὲ
2833 2575 2911 2637 είς
2940 2572 3010 2624 τά
3046 2568 3277 2640 μάλιστα
3310 2561 3400 2615 διὰ
3433 2556 3613 2628 λιμῶν
3638 2552 3729 2606 καὶ

2160 2646 2360 2749 λοιμῶν
2397 2675 2490 2728 καὶ
2531 2646 2774 2726 θανάτων
2805 2664 3047 2737 πρόοδον,
3082 2659 3253 2727 ταύτῃ
3294 2655 3366 2725 μή

2161 2734 2269 2824 των
2304 2766 2438 2839 πρὸς
2462 2761 2674 2818 ἀδικίαν
2701 2734 3002 2826 αὐξήσεως.
3030 2751 3189 2803 Ὥστε
3228 2746 3323 2799 καὶ
3353 2741 3502 2802 είκδς
3533 2734 3602 2808 ἦν
3631 2736 3728 2787 αὑ-

2161 2859 2253 2913 τὸν
2279 2831 2459 2927 ἀγαθά
2488 2853 2656 2906 ταῦτα
2687 2849 2868 2903 καλεῖν
2892 2845 3030 2900 κατά
3061 2843 3158 2913 τὴν
3186 2837 3444 2893 ὑπόθεσιν
3472 2834 3572 2902 τὴν
3601 2831 3730 2882 tau-

2163 2951 2257 3004 τοῦ
2315 2923 2508 3020 μᾶλλον
2539 2945 2570 3016 ἢ
2602 2941 2778 2998 κακά’
2806 2938 2948 2993 οὕτω
2983 2936 3025 2989 δ’
3052 2935 3118 2988 ἂν
3158 2932 3302 2996 εδοξε
3331 2925 3596 2998 βελτίονος
3633 2923 3732 2987 ἐς·

509 3015 796 3044 ...υ--.νη
833 3015 1147 3039 ,ηε----η-
1173 3015 1186 3021 -
1219 3015 1295 3020 __-
1560 3015 1569 3016 ,
1695 3015 1702 3016 ,

509 3064 783 3120 videretur
813 3068 1113 3125 assecutus,
1153 3072 1312 3127 quam
1348 3056 1394 3111 si
1441 3069 1632 3109 rursus
1664 3055 1869 3107 ratione
1925 3051 2065 3107 refe-

2171 3015 2380 3097 txécﬂ'at
2412 3015 2591 3108 λόγου,
2615 3037 2662 3088 εἰ
2693 3034 2765 3106 μὴ
2793 3031 2953 3086 πάλιν
2978 3027 3046 3081 τά
3071 3025 3199 3097 ἡδέα
3223 3021 3356 3092 πρὸς
3385 3017 3552 3078 ἄλλας
3579 3015 3732 3065 ἐναν-

513 3175 636 3214 rens
659 3155 894 3228 jucunda
937 3153 1002 3208 ad
1043 3153 1148 3206 alia
1193 3149 1466 3204 contraria
1512 3144 1816 3217 principia,
1872 3159 2065 3198 rursus

513 3251 651 3306 mala
685 3254 967 3307 vocasset;
1001 3253 1229 3313 utraque
1270 3242 1415 3298 enim
1449 3246 1576 3295 sunt
1607 3239 1745 3293 bona
1776 3237 1986 3292 ratione
2034 3250 2066 3289 a

517 3344 622 3398 Deo
651 3341 796 3397 data.
830 3340 901 3392 At
931 3339 1020 3392 ille
1065 3334 1308 3407 gaudens
1357 3339 1580 3403 peccato
1610 3332 1676 3384 ad
1715 3330 2069 3385 constituen-

513 3435 634 3489 dam
663 3440 716 3488 et
753 3428 1093 3486 conﬂandam
1126 3424 1423 3496 nequitiam
1456 3437 1552 3492 per
1585 3436 1664 3485 se,
1702 3427 1762 3475 ut
1789 3420 2065 3490 Opinatur,

515 3525 921 3586 consistentem,
953 3520 1192 3576 dolorem
1243 3516 1385 3586 capit
1433 3530 1500 3570 ex
1554 3514 1942 3569 monitionibus
1975 3512 2070 3568 Dei

510 3615 845 3678 cmcacibus,
873 3613 1070 3683 quibus
1117 3608 1368 3664 meliores
1403 3605 1532 3661 facti
1575 3605 1844 3669 homines,
1880 3610 1932 3658 et
1963 3619 2068 3658 sae-

515 3722 808 3782 penumero
877 3705 1043 3775 aliqui
1090 3700 1326 3772 perfecte
1375 3697 1442 3752 ad
1501 3697 1753 3752 virtutem
1797 3695 2070 3763 traducti,

517 3804 711 3873 dogma
739 3799 856 3869 ejus
890 3797 1088 3850 falsum
1111 3808 1232 3848 esse
1264 3791 1561 3845 declarant.

585 3891 666 3946 Ad
696 3892 809 3945 haec
838 3889 1040 3950 omnia,
1074 3885 1120 3940 si
1155 3900 1264 3939 non
1313 3881 1583 3937 accideret
1627 3877 1918 3949 aliquando
1942 3918 1959 3943 ,
2013 3885 2074 3931 ut

519 4004 638 4060 qu.’e
682 3983 823 4040 Deus
856 3979 1217 4036 communiter
1254 3976 1509 4030 omnibus
1555 3970 1869 4026 hominibus
1907 3969 2075 4023 donat

519 4089 573 4136 ct
627 4079 878 4149 largitur,
935 4071 1368 4144 prohiberentur,
1398 4065 1735 4136 largitionem
1783 4076 1970 4116 eorum
2011 4073 2075 4114 ac

522 4167 1007 4242 suppeditationem
1050 4162 1117 4216 ad
1164 4160 1272 4214 vim
1303 4157 1533 4226 alicujus
1569 4163 1773 4209 natura:
1823 4154 2078 4206 immuta-

525 4264 647 4319 bilis
686 4260 929 4316 homines
980 4254 1325 4317 retulissent;
1361 4264 1536 4319 neque
1570 4261 1693 4302 cum
1725 4244 2036 4312 accipereut
2058 4280 2075 4306 ,

525 4354 728 4422 gratias
758 4347 1006 4420 largienti
1036 4345 1308 4417 egissent;
1331 4354 1505 4411 neque
1533 4339 1813 4398 habentes,
1837 4347 2075 4403 unquam

527 4447 826 4518 petiissent.

597 4535 887 4589 Privantur
919 4529 1086 4600 igitur
1115 4523 1386 4580 interdum
1433 4519 1501 4574 ad
1535 4519 1696 4574 breve
1726 4526 1938 4586 tempus
1963 4554 1978 4578 ,
2019 4523 2080 4568 ut

530 4639 744 4703 petant;
775 4635 829 4682 et
858 4638 1050 4679 rursus
1079 4618 1374 4689 accipiunt,
1406 4622 1464 4669 ut
1484 4612 1686 4684 gratias
1720 4617 1884 4680 agant
1911 4609 1961 4662 ei
1986 4607 2080 4676 qui

527 4725 652 4788 dat,
686 4723 1040 4792 agnoscentes
1086 4715 1264 4784 ipsum
1298 4724 1418 4765 esse
1464 4707 1555 4776 qui
1598 4703 1833 4773 praebet,
1887 4709 1940 4754 et
1971 4714 2081 4753 non

530 4817 635 4870 alia
666 4791 930 4883 quaepiam
959 4815 1153 4862 natura
1181 4799 1532 4872 suppeditans
1556 4804 1749 4866 prater
1775 4791 1961 4853 Deum,
1986 4805 2084 4844 cx-

534 4921 655 4979 pers
684 4881 961 4971 judiciiet
993 4893 1369 4952 immutabilis.
1411 4887 1539 4944 Vult
1594 4893 1772 4939 autem
1829 4881 1990 4943 Deus,
2025 4887 2083 4932 ut

531 4973 580 5056 ei
603 4997 805 5070 gratias
835 4993 1066 5047 habeant
1104 4987 1370 5046 homines,
1401 4995 1509 5051 quo
1551 4976 1825 5047 digniores
1865 4973 1995 5026 ﬁant
2026 4981 2085 5026 ut

535 5065 674 5148 dona
711 5089 830 5158 ejus
856 5082 1142 5152 accipiant,
1175 5093 1283 5133 non
1331 5084 1386 5128 ut
1419 5075 1535 5142 ipse
1575 5069 1809 5124 fructum
1851 5065 2084 5134 aliquem

537 5181 639 5238 sibi
686 5153 870 5232 metat.
910 5173 1036 5228 Vult
1084 5177 1262 5224 autem
1298 5181 1392 5221 eos
1431 5164 1572 5217 bona
1618 5167 1822 5228 petere,
1854 5164 1913 5208 ut
1943 5153 2088 5206 acci-

539 5275 746 5345 pientes
773 5283 869 5332 ca,
917 5280 1042 5321 eum
1095 5260 1331 5316 sentiant
1356 5255 1447 5326 qui
1481 5249 1828 5322 suppeditat:
1863 5245 1955 5316 qui
2000 5245 2090 5297 he-

759 5422 913 5492 Πρὸς
949 5419 1026 5492 δὲΔ
1048 5417 1217 5492 satis.
1253 5411 1376 5466 Haec
1407 5409 1674 5492 habentur
1707 5406 1765 5492 in
1802 5397 2092 5492 Pa‘rallefis

543 5467 1613 5562 dezscfpa‘g.v'l8_8v,vcttsta_ntquelinfra
1642 5479 1698 5530 in
1729 5474 1998 5542 Supplem.
2025 5467 2096 5524 ad

543 5548 842 5622 boslibros
872 5548 975 5616 Titi
1011 5548 1337 5617 Bo'strensis,
1359 5548 1392 5623 ’ᾗ
1426 5548 1513 5623 lll._

531 5613 1073 5706 ng.
1099 5641 1223 5706 cum
1244 5613 1444 5706 .Pna'ravll.
1473 5621 1521 5671 εἰ
1548 5616 1797 5706 μηδεμία.
1813 5613 1894 5706 τίς
1926 5614 2090 5693 ἔστιν.

1237 5692 1524 5762 ἠθέλησαν.
1548 5681 1697 5741 ’λίυέ
1733 5684 1809 5755 τῷ
1846 5681 1964 5754 Θεῷ
1997 5696 2094 5750 pro

609 5427 720 5499 (5")

2165 3135 2286 3198 τίας
2329 3106 2610 3204 ἀρχὰςτῷ
2653 3125 2793 3196 λόγῳ
2839 3123 3040 3192 φέρων,
3074 3114 3226 3178 αὖθις
3272 3112 3419 3167 κακὰ
3461 3106 3734 3180 προσηγὸ-

2172 3195 2621 3300 ρευσενίηάγαθά
2664 3195 2773 3290 γὰρ
2818 3214 3100 3286 ἀμφότερα
3147 3209 3288 3278 λόγῳ
3333 3205 3463 3276 πρὸς
3519 3195 3733 3267 ἀγαθοῦ

2168 3292 2301 3375 Θεοῦ
2346 3315 2676 3385 ὲπαγόμενα.
2730 3311 2786 3363 '0
2835 3308 2891 3362 δὲ
2938 3305 3142 3376 χαίρων
3191 3303 3257 3371 τῇ
3307 3295 3545 3367 ἁμαρτία
3591 3292 3738 3365 πρὸς

2171 3414 2425 3467 σύστασιν
2462 3409 2559 3480 τῆς
2592 3401 2927 3475 ὑφεστώσης,
2971 3399 3046 3460 ὠς
3081 3395 3272 3456 οἴεται,
3307 3389 3524 3450 κακίας,
3547 3385 3738 3437 λυπεῖ-

2168 3523 2259 3560 ται
2287 3503 2422 3572 πρὸς
2453 3469 2552 3563 τάξ
2581 3469 2820 3566 ἐνεργεῖς
2849 3469 2942 3544 τοῦ
2984 3488 3118 3543 Θεοῦ
3159 3485 3524 3553 νουθετήσεις.
3565 3477 3632 3530 δι’
3659 3469 3734 3529 ὧν

2172 3566 2442 3665 ἄνθρωποι
2495 3585 2882 3660 βελτιούμενοι,
2936 3579 3194 3640 πολλάκις
3235 3576 3293 3629 δὲ
3335 3574 3468 3625 ἔνιοι
3516 3566 3735 3627 τελείως

2172 3653 2307 3758 πρὸς
2343 3683 2404 3737 τὸ
2431 3653 2674 3752 κρεῖττον
2707 3653 3179 3745 μεταϐαλλόμενοι,
3213 3658 3520 3718 ἀσύστατόν
3549 3672 3614 3726 γε
3644 3653 3738 3705 αὖ·

2171 3779 2264 3833 τοῦ
2285 3777 2345 3830 τὸ
2374 3775 2549 3844 δόγμα
2579 3770 2677 3839 τῆς
2704 3765 2908 3835 πλάνης
2935 3759 3312 3828 ἀπορραίνουσι.

2242 3866 2385 3937 Πρὸς
2409 3837 2706 3921 δέ’τούτοις
2729 3855 2838 3925 (54)
2873 3853 3042 3906 ἅπασι
3075 3847 3181 3901 τῶν
3209 3842 3454 3914 συνήθως
3475 3840 3584 3892 ὑπὸ
3610 3837 3742 3891 Θεοῦ

2173 3930 2526 4028 δωρουμένων
2579 3950 2728 4016 κοινῇ
2773 3945 2936 3998 πᾶσιν
2984 3937 3291 4010 ἀνθρώποις
3340 3933 3578 4005 μηδεμία
3629 3930 3744 3998 (35)

2175 4021 2319 4102 ἐστιν
2355 4021 2444 4098 δτε
2480 4039 2757 4094 συνέϐαινε
2792 4033 3048 4096 κώλυσις,
3082 4031 3225 4101 φορᾷ
3261 4025 3467 4096 φύσεως
3493 4021 3560 4074 ἄν
3594 4037 3743 4082 τινος

2177 4136 2548 4210 ἀμεταϐλήτου
2584 4131 2682 4202 τὴν
2715 4126 2975 4198 χορηγίαν
3013 4122 3192 4176 αὐτῶν
3231 4117 3478 4172 ἀνέθεσαν
3508 4112 3619 4180 (36)
3651 4113 3746 4164 ἀψ-

2178 4203 2417 4302 Θρωποι·
2442 4203 2556 4279 *καὶ
2609 4223 2709 4274 οὐκ
2745 4218 2810 4272 ἂν
2866 4216 2985 4287 μὲν,
3027 4213 3302 4283 δεχόμενοι
3342 4204 3529 4266 ταῦτα,
3575 4203 3742 4281 χάριν

2177 4292 2527 4392 ὡμολόγησαν
2555 4313 2634 4385 τῷ
2665 4312 2876 4375 διδόντι,
2906 4309 3005 4361 οὐκ
3033 4307 3098 4360 ἂν
3135 4304 3190 4357 δὲ
3223 4303 3444 4373 ⁴ᾔτησαν,
3481 4293 3558 4365 μὴ
3584 4292 3744 4362 ἕχον-

2111 4408 2154 4463 ι)
2182 4431 2293 4477 τες.

2251 4502 2565 4575 Στεροῠνται
2590 4491 2875 4566 τοιγαροῦν
2903 4491 3070 4545 ὲνίοτε
3096 4487 3232 4558 πρὸς
3250 4485 3452 4553 ὀλίγον,
3482 4485 3573 4537 ἴνα
3600 4480 3753 4551 αἰτή-

2183 4566 2474 4650 σωσιίκαὶ
2521 4589 2761 4660 δέχονται
2807 4566 2981 4645 αὖθις,
3027 4581 3112 4632 ἵνα
3156 4577 3315 4648 χάριν
3360 4573 3755 4644 ώμολογήσωσι

2289 4681 2641 4757 χορηγοῦντν
2688 4675 3063 4745 γινώσκοντες,
3105 4670 3180 4731 ὡς
3222 4667 3386 4726 αὑτός
3435 4665 3501 4732 γέ
3551 4667 3698 4716 ἐστιν
3727 4663 3754 4711 ό

2183 4754 2452 4849 παρέχων,
2483 4774 2577 4827 καὶ
2599 4772 2660 4824 οὐ
2695 4769 2851 4839 φύσις
2879 4763 3010 4835 ἄλλη
3035 4779 3119 4824 τις
3143 4760 3293 4830 παρά
3318 4758 3412 4810 τὸν
3440 4754 3576 4808 Θεὸν
3602 4755 3754 4823 ἀκρι-

2183 4845 2278 4935 τόέ
2312 4845 2370 4924 ea
2397 4869 2491 4922 και
2518 4864 2888 4937 ἁμετάϐλητος
2915 4859 3025 4927 (57)
3067 4859 3099 4926 ή
3132 4850 3462 4925 χορηγοῦσα.
3498 4845 3756 4901 Βούλεται

2184 4965 2239 5018 δὲ
2274 4965 2302 5016 ὁ
2338 4962 2468 5024 Θεὸς
2494 4958 2686 5012 εἰδέναι
2717 4954 2874 5024 χάριν
2915 4947 3232 5017 ἀνθρώπους
3264 4942 3435 5013 αὐτῷ,
3467 4941 3561 4993 ἵνα
3592 4938 3756 5004 ἀξιώ-

2184 5074 2330 5128 τεροι
2361 5054 2452 5108 τοῦ
2496 5049 2786 5122 λαμϐάνειν
2831 5043 2897 5097 τὰ
2939 5043 3066 5113 παρ’
3107 5036 3269 5091 αὐτοῦ
3313 5037 3608 5104 γένωνται,
3659 5032 3756 5098 οὐχ

2189 5123 2276 5203 ἵνα
2314 5167 2365 5202 τι
2408 5143 2762 5216 καρπώσηται
2809 5139 2889 5200 είς
2934 5133 3140 5188 ἑαυτόν.
3180 5129 3437 5182 Βούλεται
3475 5126 3536 5178 δὲ
3577 5123 3755 5192 ἀγαθά

2188 5241 2405 5300 τούτους
2450 5215 2652 5296 αίτεῖν,
2708 5231 2794 5283 ἵνα
2840 5228 3115 5298 δεχόμενοι
3173 5220 3428 5290 αἴσθησιν
3474 5215 3572 5270 τοῦ
3629 5229 3754 5284 χορ·

2191 5393 2268 5447 τῶ
2289 5392 2502 5446 διδόντι.

2241 5437 2890 5535 Ἦλιετάὸλῃτος..
2909 5453 3138 5535 ξαιτέΗῶ
3169 5445 3604 5535 ἀμεταμέλητος,
3648 5437 3724 5494 L0

2195 5520 2318 5589 cuin
2358 5520 2640 5600 'inte'grum
2679 5520 2772 5600 sic
2799 5520 2975 5580 reddit
3020 5522 3212 5600 B_tllius
3241 5539 3254 5572 :
3285 5520 3753 5586 Agnoscunt"...

2198 5622 2299 5660 non
2323 5592 2543 5656 alterunt
2567 5599 2802 5666 quamvis
2823 5594 3198 5666 prwteriﬂeum
3223 5599 3469 5666 naturam
3487 5598 3621 5644 esse,
3644 5592 3760 5651 qui:

2200 5657 2661 5732 iitdiscriminatittt
2689 5678 2740 5723 et
2768 5657 2878 5722 sine
2898 5663 3200 5733 paenitentia
3232 5657 3613 5714 subministret.
