3968 6914
277 291 302 343 Ι
318 289 418 345 165

1313 289 1685 348 ADVERSUS
1734 287 2154 345 MANICHEOS
2195 289 2318 345 LIB.
2362 289 2422 348 ll.

3362 294 3498 348 H66

275 403 534 471 ηγοῦντος
556 403 725 475 ἔχωσι
747 422 761 437 ’
793 405 971 479 χαίρει
1011 407 1108 478 μὲν
1140 406 1247 478 γὰρ
1287 407 1355 460 τά
1380 409 1508 479 παρ’
1533 407 1724 461 ἑαυτοῦ
1761 407 1817 460 διε

1943 415 2088 461 tatur
2113 405 2308 462 dandis
2348 408 2498 474 suis;
2531 407 2625 463 sed
2659 410 2830 481 magis
2867 409 3098 472 lmtatur,
3126 424 3249 464 cum
3275 407 3368 464 dat
3413 409 3500 463 di-

272 492 394 557 δούς
416 512 430 526 ο
465 495 638 566 χαίρει
672 496 729 549 δὲ
776 497 974 568 μᾶλλον
1017 498 1188 562 ἀξίοις
1214 497 1386 562 διδούς
1411 513 1424 525 °
1464 499 1541 562 ὡς
1585 500 1684 570 τῆς
1716 497 1817 566 φιλ-

1933 499 2054 568 gnis
2086 518 2098 552 :
2142 506 2398 569 tanquam
2430 498 2736 567 benignitas
2768 516 2896 570 erga
2953 501 3199 555 homines
3229 499 3498 570 quodam-

274 585 587 658 ανθρωπίας
627 588 826 658 τρόπον
859 589 978 643 τινὰ
1023 590 1447 660 ἀτιμαζομένης,
1481 591 1528 642 εί
1575 590 1650 660 μὴ
1697 588 1834 659 πρὸς

273 674 620 749 εὐαισθήτους
657 681 925 749 γίγνοιτο·
962 682 1182 750 εὐλόγου
1209 682 1265 735 δὲ
1305 682 1424 735 λίαν
1466 681 1834 751 ἀποφαινομέ-

1934 589 2096 643 modo
2158 589 2478 645 inhonorata
2534 591 2640 655 sit,
2711 591 2816 645 nisi
2880 589 3049 662 gratis
3101 599 3157 647 et
3221 591 3498 647 benevolis

1935 678 2246 734 hominibus
2282 680 2640 742 exhibeatur;
2686 697 2806 751 quae
2834 683 2989 736 valde
3036 682 3232 737 rationi
3261 697 3496 736 consen«

272 781 389 835 νης,
422 768 470 819 εί
501 769 637 840 πρὸς
660 770 720 822 τὸ
743 770 986 841 δέχεσθαι
1009 771 1100 826 τὸν
1123 772 1456 843 χορηγοῦντα
1487 773 1627 842 ὑπὲρ
1656 771 1817 824 πάντα

1932 778 2090 824 tanea
2141 779 2273 825 tunc
2324 780 2566 841 apparet,
2593 787 2717 827 cum
2770 773 2807 828 ii
2856 774 2950 844 qui
2983 773 3126 829 bona
3178 773 3495 845 accipiunt,

271 855 444 928 ἔχοιεν
470 861 520 912 οἱ
546 861 843 931 δεχόμενοι.

1931 862 2186 918 omnibus
2216 862 2373 918 bonis
2420 864 2733 935 largientem
2770 877 3108 936 praeponunt.

684 975 810 1031 Car-
853 973 990 1032 XVI.
1031 975 1178 1032 Mors
1215 978 1533 1040 necessaria,
1562 986 1616 1030 ut
1646 976 1916 1030 nativitas.
1948 972 2097 1028 Mala
2122 975 2375 1042 proﬁcere
2416 991 2626 1030 rursum
2653 975 3073 1032 demonstratur.

338 1094 454 1150 Κᾶν
499 1093 678 1158 πόλεις
721 1094 780 1148 δὲ
825 1093 1232 1150 καταπίπτωσιν
1283 1095 1650 1165 ὲπιφυομένης
1703 1094 1827 1148 ἀσε-

268 1187 442 1250 ϐείας,
485 1181 572 1239 οία
610 1186 672 1256 δὴ
713 1186 806 1240 καὶ
851 1185 1040 1259 πρώην
1085 1187 1178 1240 ἐπὶ
1231 1185 1325 1239 τοῦ
1370 1186 1488 1240 λίαν
1531 1186 1828 1256 ἀσεϐήσαν-

266 1296 360 1342 τος
379 1279 488 1349 (38)
521 1277 614 1331 καὶ
644 1277 752 1330 τῶν
775 1277 1006 1332 εἰδώλων
1033 1277 1131 1349 τὴν
1165 1277 1368 1349 πλάνην
1395 1278 1823 1349 ἀναμνήσαντος,

267 1370 544 1442 φθείρεται
593 1371 627 1440 ἡ
675 1370 937 1441 ἁμαρτία,
982 1370 1076 1423 καὶ
1130 1370 1371 1440 μειοῦται
1421 1371 1452 1440 ἠ
1507 1369 1645 1422 κατά
1691 1367 1824 1422 Θεοῦ

266 1461 472 1531 πλάνηο
503 1461 731 1514 θανάτου
771 1461 829 1514 δὲ
871 1463 1010 1516 κατά
1053 1461 1210 1531 φύσιν
1244 1461 1403 1516 πλέον
1447 1461 1598 1515 οὐδὲν
1640 1461 1824 1529 γίγνε-

263 1570 351 1606 ται
372 1570 388 1584 ·
421 1554 514 1606 καὶ
547 1554 742 1624 ἥκιστα
780 1553 948 1606 κακὸν
977 1553 1039 1606 τὸ
1076 1553 1176 1624 τῆς
1216 1553 1364 1618 θείας
1405 1554 1782 1626 ἐπιστρεφείας
1808 1570 1822 1584 ·

263 1645 570 1699 τούναντίον
614 1645 713 1717 μὲν
741 1641 853 1710 οῦν,
884 1645 960 1708 ὡς
990 1647 1047 1698 ὲν
1094 1646 1378 1718 φαρμάκου
1416 1646 1565 1711 εἴδει,
1594 1646 1820 1715 ἀγαθόν·

1999 1090 2065 1146 Et
2089 1092 2134 1147 si
2168 1089 2414 1148 civitates
2442 1091 2732 1146 concidant
2768 1101 2956 1147 exorta
2987 1091 3267 1163 impietate
3287 1133 3302 1159 ,
3351 1096 3495 1152 sicut

1929 1198 2102 1254 nuper
2121 1183 2370 1254 contigit,
2404 1198 2522 1238 cum
2572 1183 2663 1238 ille
2700 1183 3052 1254 impiissimus
3083 1184 3452 1243 dominaretur
3480 1227 3495 1250 ,

1927 1281 1984 1326 et
2017 1287 2259 1328 errorem
2283 1272 2604 1328 idololatriae
2631 1274 2896 1330 recoleret
2932 1290 2995 1329 ac
3035 1286 3344 1340 renovaret,
3363 1292 3490 1348 pec-

1929 1372 2108 1417 catum
2141 1365 2512 1429 interimitur,
2566 1374 2620 1421 ct
2674 1381 2830 1421 error
2885 1366 2941 1420 in
2973 1365 3140 1421 Deum
3185 1368 3490 1425 minuitur:

1931 1456 2064 1510 nihil
2113 1472 2242 1512 vero
2274 1459 2508 1528 amplius
2541 1459 2737 1514 accidit
2770 1475 2934 1529 quam
2991 1475 3137 1516 mors
3190 1465 3490 1518 secundum

1930 1555 2302 1616 naturam;et
2351 1552 2497 1620 quod
2529 1550 2587 1605 fit
2633 1551 2701 1606 ad
2752 1551 2990 1605 divinam
3038 1555 3490 1617 conversionem,

1930 1651 2270 1707 nequaquam
2289 1640 2489 1694 malum
2513 1650 2615 1706 est,
2637 1642 2729 1696 sed
2746 1651 2936 1696 contra
2962 1643 3145 1710 potius
3167 1645 3367 1700 bonum
3389 1655 3492 1709 est,

263 1735 431 1788 κακὸν
462 1736 517 1790 δὲ
541 1737 700 1806 μόνον
741 1735 800 1789 τὸ
831 1736 930 1806 τὴν
977 1736 1354 1808 συμφέρουσαν
1380 1735 1684 1806 οἰκονομίαν
1723 1751 1817 1788 κα-

1926 1734 2180 1796 tanquam
2229 1727 2464 1798 speciem
2521 1728 2803 1784 medicina:
2857 1729 3084 1787 habens.
3129 1732 3325 1788 Malum
3363 1749 3491 1789 vero

261 1827 465 1890 κίζεινο
506 1829 534 1882 ὁ
579 1827 686 1899 γὰρ
714 1827 1052 1882 παιδοποιίαν
1082 1827 1377 1882 διαϐάλλων
1416 1828 1491 1891 ὼς
1533 1826 1827 1898 αὐξητικὴν

258 1919 363 1989 τῆς
421 1917 572 1990 ὕλης,
631 1912 805 1984 οὗτος,
866 1920 1092 1975 θάνατον
1149 1919 1341 1992 ἀθρόον
1393 1919 1503 1990 (39)
1565 1918 1824 1983 κακίζων,

257 2009 388 2063 νἰὖν
415 2028 476 2079 γε
521 2010 856 2083 ἀνθρώπινον
892 2008 980 2084 ἆρ’
1019 2012 1160 2082 ἔχειν
1202 2011 1266 2065 ἂν
1310 2010 1510 2080 δοκοίη,
1545 2008 1826 2080 μαχόμενα

254 2098 384 2152 λίαν
436 2101 610 2172 ἑαυτῷ
669 2101 1098 2172 φανταζόμενος;
1155 2099 1292 2154 Ἀλλ’
1342 2099 1464 2152 οὔτε
1516 2098 1826 2152 παιδοποιία

257 2192 429 2262 κακὴ,
459 2192 520 2246 τὸ
547 2192 769 2258 ἀείζωον
799 2193 876 2264 τῷ
898 2193 1073 2264 θνητῷ
1098 2194 1242 2262 γένει
1269 2193 1514 2257 ποιοῦσα,
1540 2192 1634 2246 καὶ
1661 2208 1826 2262 προσ-

259 2283 478 2337 τεθεῖσα
509 2287 575 2356 τῇ
608 2285 937 2360 δημιουργίᾳ
967 2285 1091 2349 τοῦς
1135 2285 1512 2356 γιγνομένουςο
1563 2282 1686 2338 οὔτε
1732 2284 1828 2338 θά-

259 2392 442 2441 νατος,
471 2377 575 2430 κᾶν
605 2378 770 2442 πολὺς
810 2377 1019 2450 ἀθρόως
1051 2377 1385 2448 ἐπενεχθείη,
1427 2377 1679 2448 πονηρὸς,
1724 2377 1826 2431 οὐκ

258 2467 350 2519 ἐπὶ
397 2466 570 2538 ζημίᾳ
603 2468 741 2522 κατά
765 2467 1062 2540 ἀνθρώπων
1091 2469 1196 2522 ὑπὸ
1223 2469 1356 2523 Θεοῦ
1396 2469 1665 2539 κείμενος,
1709 2469 1823 2522 ἀλλ’

259 2559 345 2612 ἐπ’
395 2559 633 2632 ὠφελείᾳ
676 2564 741 2632 τῇ
787 2562 1065 2631 ἀνωτάτω,
1111 2561 1338 2625 δικαίοις
1383 2577 1441 2614 τε
1482 2561 1575 2614 καὶ
1617 2561 1823 2625 ἀδίκοις

253 2650 586 2724 ὡρισμένος.

323 2823 406 2877 Τδ
445 2821 502 2876 δὲ
553 2823 694 2878 κατά
741 2825 903 2896 μέρος
952 2827 1165 2898 ἑκάστῳ
1219 2827 1510 2898 συμϐαῖνον
1557 2827 1819 2896 φυσικῶς,

253 2915 418 2969 τοῦτο
457 2914 667 2980 πολλοῖς
708 2917 917 2986 ἀθρόως
957 2920 1006 2971 εί
1046 2919 1294 2983 ἐπέλθοι,
1334 2919 1474 2974 κατά
1521 2919 1682 2988 φύσιν
1723 2920 1822 2991 μὲν

255 3005 463 3070 ἔπεισι,
505 3008 598 3061 καὶ
631 3007 791 3062 πλέον
824 3009 974 3064 οὐδέν
999 3026 1012 3039 ·
1047 3011 1282 3083 τοσούτῳ
1306 3012 1362 3065 δὲ
1387 3013 1448 3066 ού
1482 3012 1623 3066 κατὰ
1657 3012 1820 3084 μέρος

259 3097 484 3169 μείζονα
518 3099 610 3152 τοῦ
633 3101 1037 3172 οἰκονομοῦντες
1061 3102 1158 3174 τὴν
1190 3103 1511 3174 κηδεμονίαν
1544 3102 1819 3172 σημαίνει,

257 3191 369 3262 ὅσῳ
397 3193 458 3245 τὺ
493 3192 589 3262 μὲν
613 3192 764 3246 οὐδὲν
786 3196 1081 3266 τεκμήριον
1112 3195 1486 3267 κατακρίσεως
1508 3195 1614 3250 τῶν
1647 3195 1823 3264 ἀμαρ-

254 3282 524 3336 τανόντων
555 3283 694 3353 ἔχει·
735 3283 795 3338 τὸ
829 3285 885 3338 δὲ
924 3289 989 3356 τῇ
1032 3286 1170 3340 κατά
1212 3287 1272 3340 τὸ
1312 3287 1630 3357 φαινόμενον
1659 3285 1824 3354 ἀγαν-

253 3375 508 3444 ακτήσει,
566 3377 693 3438 τοὺς
729 3375 827 3445 μὲν
856 3375 1216 3440 τελευτῶντας
1252 3376 1346 3430 τὸν
1381 3377 1666 3448 είρημένον
1718 3377 1821 3430 πά-

253 3463 349 3517 λαι
372 3465 571 3535 τρόπον
600 3467 894 3536 εὐεργετεῖ,
918 3469 1044 3530 τοὺς
1079 3467 1137 3520 δὲ
1166 3467 1372 3532 ζῶντας
1409 3469 1746 3540 ἐπιστρέφει.

324 3721 392 3776 Ei
423 3722 481 3776 δέ
507 3740 610 3787 τις,
650 3723 858 3777 πολλῶν
896 3725 1152 3790 πολλάκις
1181 3727 1435 3781 τοιούτων
1463 3729 1816 3800 γιγνομένων,

247 3814 495 3870 δείκνυσι
537 3817 627 3870 τδν
655 3816 990 3888 ἀνθρώπινον
1031 3818 1142 3888 βίον
1185 3821 1297 3882 τοῖς
1328 3819 1510 3883 αὐτοῖς
1556 3821 1820 3891 ἐμπλεκό-

250 3924 420 3979 μενον
445 3908 760 3981 ἀδικήμασι,
789 3909 1166 3981 παραπλήσιον
1185 3909 1306 3980 ἐμοί
1326 3927 1389 3980 γε
1411 3911 1558 3966 δοκεῖ
1592 3912 1817 3983 πάσχειν

248 3997 565 4062 ὁτοιοῦτος,
627 3999 680 4052 εἴ
732 4016 837 4062 τις,
895 4001 955 4054 ὲν
1003 3997 1220 4070 λίμναις
1270 4002 1362 4054 καὶ
1410 4001 1646 4076 θαλάττῃ
1691 4005 1818 4066 τοὺς

249 4091 447 4161 ἰχθύας
494 4091 658 4164 ὁρῶν,
691 4091 854 4145 οῐοιτο
886 4092 984 4163 τὴν
1026 4092 1335 4164 ἁλιευτικὴν
1367 4094 1563 4168 τέχνην
1604 4096 1814 4167 ἀργεῖν,

245 4185 377 4247 τοὺς
405 4183 755 4256 θηρωμένους
798 4185 895 4256 ούχ
937 4184 1096 4255 δρῶν,
1129 4186 1255 4249 τοὺς
1303 4185 1360 4239 δὲ
1389 4187 1716 4258 νηχομένους
1757 4190 1815 4242 ἐν

247 4280 363 4341 τοῖς
392 4277 550 4332 ῦδασι
597 4277 838 4347 βλέπων·
882 4278 915 4349 ἦ
957 4277 1164 4350 (Lamp,
1210 4279 1263 4332 εί
1306 4296 1388 4342 τις
1433 4280 1660 4343 πολλοὺς
1711 4281 1813 4334 κά-

1928 1826 2137 1872 tantum
2166 1827 2268 1884 est,
2298 1819 2483 1875 utilem
2532 1819 2625 1884 Dei
2674 1822 3120 1892 gubernationem
3155 1825 3487 1894 improbare.

1925 1909 2030 1977 Qui
2082 1910 2228 1966 enim
2287 1914 2721 1982 procreationem
2782 1913 3075 1969 liberorum
3139 1915 3490 1986 reprehendit

1925 2011 2182 2074 tanquam
2231 2013 2515 2075 augentem
2569 2007 2872 2073 materiam,
2907 2023 3029 2062 cum
3087 2018 3318 2064 mortem
3365 2009 3490 2063 uni-

1926 2111 2136 2150 versam
2165 2095 2466 2165 improbet;
2503 2111 2571 2151 an
2595 2097 2888 2153 humanam
2919 2105 3154 2154 mentem
3178 2099 3378 2155 habere
3406 2100 3490 2154 vi-

1925 2186 2103 2249 detur,
2135 2186 2290 2242 valde
2341 2187 2446 2242 sibi
2474 2187 2575 2259 ipsi
2623 2189 2984 2261 repugnantia
3019 2190 3351 2262 cogitatione
3384 2192 3488 2246 fin—

1923 2277 2091 2347 gens?
2118 2277 2187 2330 At
2221 2292 2395 2347 neque
2441 2280 2746 2349 procreatio
2776 2281 2918 2335 mala
2947 2288 3053 2346 est,
3090 2297 3212 2352 quae
3255 2282 3387 2338 facit
3427 2301 3488 2342 tu.

1927 2381 2096 2434 genus
2125 2367 2352 2422 mortale
2380 2382 2593 2438 semper
2620 2369 2786 2436 vivat,
2816 2377 2872 2426 et
2906 2371 3156 2441 adiungit
3205 2372 3272 2430 ad
3319 2373 3488 2429 fabri-

1924 2470 2043 2510 cam
2071 2456 2258 2512 mundi
2279 2471 2373 2513 eos
2391 2457 2485 2528 qui
2513 2467 2904 2528 procreantur;
2932 2475 3106 2530 neque
3129 2477 3276 2518 mors
3294 2478 3489 2533 quam-

1923 2547 2007 2603 vis
2027 2547 2277 2604 universe
2306 2547 2594 2614 inferatur,
2626 2551 2767 2604 mala
2790 2560 2904 2619 est;
2935 2567 3036 2607 nec
3076 2567 3106 2607 a
3138 2552 3250 2610 Deo
3278 2556 3486 2610 consti-

1923 2647 2059 2701 tuta,
2091 2645 2150 2691 ut
2175 2638 2424 2694 homines
2455 2639 2724 2709 iacturam
2756 2649 2810 2696 et
2831 2641 3090 2698 damnum
3126 2644 3351 2708 faciant,
3388 2647 3482 2700 scd

1923 2728 1990 2782 ad
2018 2715 2301 2784 utiiitatem
2323 2746 2591 2786 summam
2617 2732 2782 2801 iustis
2812 2741 2866 2788 et
2895 2733 3117 2803 iniustis
3136 2735 3359 2791 decreta
3379 2748 3480 2792 est.

1990 2816 2145 2884 Quod
2183 2828 2362 2875 autem
2394 2822 2689 2892 unicuique
2726 2825 2976 2892 privatim
3017 2825 3216 2880 accidit
3245 2833 3485 2880 natura-

1923 2905 2066 2970 liter,
2093 2905 2198 2960 hoc
2225 2907 2272 2962 si
2306 2909 2491 2965 multis
2524 2909 2812 2966 confertim
2856 2911 3131 2979 adveniat,
3160 2917 3485 2971 naturaliter

1923 2995 2140 3065 quidem
2188 2999 2492 3069 contingit;
2544 3000 2788 3073 nihilque
2851 3003 3084 3072 amplius
3136 3014 3262 3070 est,
3319 3022 3482 3076 quam

1923 3086 2066 3156 quod
2093 3087 2324 3159 singulis
2361 3091 2628 3161 contingit
2657 3111 2669 3147 :
2700 3091 2794 3150 sed
2817 3101 2970 3148 tanto
3003 3095 3265 3164 majorem
3291 3111 3482 3153 curam

1923 3177 2298 3246 gubernantis,
2338 3195 2498 3249 quam
2529 3183 2661 3237 illud
2687 3183 2833 3252 quod
2864 3185 3118 3254 privatim
3156 3188 3378 3252 accidit,
3405 3190 3482 3244 si-

1923 3268 2162 3336 gtilicat,
2190 3281 2393 3339 quanto
2421 3271 2476 3326 in
2527 3273 2620 3327 illo
2673 3275 2887 3344 privato
2941 3276 3121 3332 minus
3178 3278 3364 3335 indicii
3399 3290 3485 3337 cst

1917 3359 2110 3428 iudicii
2138 3359 2304 3416 divini
2325 3361 2378 3417 in
2395 3362 2793 3433 delinquentes.
2827 3365 2938 3421 Hoc
2961 3377 3141 3423 autem
3176 3373 3482 3440 generalius

1921 3460 2141 3520 propter
2165 3453 2403 3522 speciem
2427 3456 2775 3530 quam‘hahet
2804 3457 3001 3514 divina:
3035 3461 3151 3526 iraa,
3183 3464 3480 3519 morientes

1920 3542 2137 3611 quidem
2165 3544 2424 3601 beneﬁcio
2455 3545 2636 3609 allicit,
2668 3547 2812 3604 sicut
2857 3557 2984 3606 ante
3014 3553 3343 3622 explicatum
3373 3565 3478 3620 est,

1920 3635 2162 3690 viventes
2197 3651 2324 3692 vero
2349 3639 2635 3693 convertit.

1991 3723 2051 3778 Si
2079 3726 2202 3796 quis
2233 3742 2360 3782 vero
2395 3726 2636 3797 obiiciat,
2663 3727 2915 3800 quamvis
2961 3731 3132 3786 multa
3164 3731 3478 3803 huiusmodi

1919 3832 2290 3886 saepenumero
2330 3817 2495 3885 ﬁant,
2545 3819 2900 3876 nihilominus
2950 3828 3133 3877 tamen
3188 3823 3479 3879 humanam

1919 3907 2088 3961 vitam
2120 3908 2324 3964 eisdem
2363 3910 2643 3966 maleficiis
2673 3912 3004 3982 implicatam
3039 3929 3161 3970 esse
3193 3916 3477 3983 similiter;

1921 3999 2007 4053 hic
2034 4000 2250 4069 quidem
2275 4000 2482 4070 judicio
2521 4017 2642 4057 meo
2674 4001 2823 4068 facit,
2872 4013 2933 4060 ut
2981 4005 3030 4065 si
3063 4007 3188 4076 quis
3219 4009 3396 4078 pisces
3423 4009 3478 4064 in

1918 4090 2039 4145 lacu
2084 4100 2177 4146 aut
2234 4093 2372 4147 mari
2422 4092 2652 4160 videns,
2683 4097 2960 4154 existimet
3011 4108 3183 4156 artem
3231 4101 3479 4171 piscandi

1916 4183 2148 4238 otiosam
2171 4191 2227 4239 et
2259 4184 2504 4241 inutilem
2555 4202 2711 4251 esse,
2734 4190 2884 4259 .quia
2932 4191 3112 4262 pisces
3148 4200 3339 4262 captos
3368 4209 3478 4249 non

1915 4275 2081 4339 videt,
2105 4283 2355 4332 natantes
2381 4277 2438 4332 in
2469 4279 2626 4348 aquis
2665 4279 2846 4340 videt:
2881 4289 2976 4337 aut
3011 4284 3235 4353 perinde
3285 4293 3392 4350 est,
3420 4295 3480 4340 ut

247 4386 484 4440 μνοντας
522 4370 682 4442 ὁρῶν,
737 4371 900 4443 μηδὲν
952 4371 1049 4443 τὴν
1084 4371 1328 4442 ίατρικὶην
1382 4372 1660 4443 ἐνέργειαν
1697 4374 1813 4444 οἰη-

1926 4368 1961 4419 si
1990 4366 2114 4435 quis
2142 4368 2344 4423 multos
2369 4379 2606 4440 aegrotos
2637 4385 2886 4436 cernens,
2911 4373 3250 4428 curationem
3282 4375 3475 4430 medici

242 4461 388 4533 εείη.

314 4554 538 4610 Πολλῶν
570 4555 679 4627 γὰρ
707 4554 1177 4628 εὐεργετουμένων
1209 4557 1288 4618 είς
1313 4555 1590 4611 εύσέσειάν
1632 4574 1690 4611 τε
1721 4558 1814 4611 καὶ

239 4646 468 4718 ἀρετὴν,
499 4647 567 4700 δι’
593 4641 667 4700 ὧν
698 4647 844 4701 ἐστιν
870 4648 960 4702 ὅτε
999 4646 1068 4700 τά
1098 4645 1303 4716 φοϐερά
1341 4646 1470 4711 Θεὸς
1520 4648 1811 4717 οίκονομεί,

238 4739 268 4791 6
317 4738 588 4807 φιλαίτιος
627 4739 687 4794 τὸ
734 4740 834 4810 μὲν
878 4737 1305 4811 κατορθούμενον
1344 4739 1608 4810 ἀρνεῖται,
1649 4738 1713 4792 τὸ
1754 4739 1812 4793 δὲ

238 4831 548 4900 φιλόνεικον
573 4831 682 4884 τῶν
719 4831 928 4886 πολλῶν
953 4833 1033 4896 είς
1062 4830 1332 4903 ἁμαρτίαν
1369 4829 1631 4894 ὀνειδίζει.

308 5010 507 5064 Καίτοι
533 5008 711 5078 φαμὲν
735 5008 840 5062 οὐδ’
866 5008 1028 5078 ἡμεῖς
1061 5005 1435 5076 ἀναγκαστικά
1463 5007 1573 5069 τοῖς
1601 5005 1811 5069 πολλοῖς

237 5098 378 5156 εἶναι
403 5102 476 5155 τὰ
511 5098 757 5161 τοιαῦτα,
795 5098 909 5153 ἀλλ’
941 5098 1316 5170 ἁποτρεπτικά
1347 5097 1441 5152 τοῦ
1475 5099 1807 5171 ἁμαρτάνειν

237 5195 350 5254 τοῖς
395 5188 826 5260 εὐγνωμονοῦσιν
847 5205 861 5219 ο
894 5187 1088 5242 αὐτίκα
1121 5187 1257 5256 πρὸς
1287 5187 1464 5256 ὀλίγον
1493 5191 1807 5260 ὲπαγόμενα

233 5282 449 5353 ταχέως
500 5280 861 5345 ἀποπαύεται,
913 5281 999 5336 ἵνα
1057 5281 1132 5352 μὴ
1184 5280 1438 5354 βιάσηται
1495 5282 1713 5353 μᾶλλον,
1769 5283 1802 5355 ἢ

308 5458 425 5527 (38)
491 5459 642 5512 Δίαν
693 5458 863 5513 ἀσεό.
927 5455 1206 5512 Iulianum
1269 5456 1587 5527 Apostatam
1648 5453 1801 5510 dicit.

233 5525 419 5667 1.06333
463 5597 730 5651 Θάνατον
747 5599 990 5667 ἀθρόον.
1018 5595 1078 5650 Si
1105 5596 1250 5652 enim
1276 5595 1416 5650 mala
1446 5602 1530 5651 est
1558 5611 1805 5667 procrea-

232 5668 333 5732 tio,
368 5667 574 5722 malum
596 5676 715 5724 erat
743 5666 1095 5724 Manichzeum
1131 5675 1316 5722 uatum
1351 5681 1494 5731 esse,
1525 5681 1632 5735 quo
1667 5666 1799 5720 nihil

1917 4458 2052 4513 nihil
2075 4474 2198 4515 esse
2225 4461 2539 4518 arbitretur.

1981 4547 2118 4601 Cum
2153 4550 2297 4604 enim
2327 4550 2480 4605 multi
2518 4552 2805 4622 proﬁciant
2832 4553 2899 4608 ad
2929 4555 3182 4626 pietatem
3212 4564 3269 4612 et
3297 4557 3474 4611 virtu-

1911 4648 2042 4702 tem,
2086 4640 2194 4696 illis
2242 4643 2690 4712 pertimescendis
2727 4659 2846 4714 quae
2874 4643 3017 4701 Deus
3052 4646 3346 4716 aliquando
3371 4663 3473 4704 sua

1910 4733 2303 4803 gubernatione
2324 4743 2610 4806 operatur;
2639 4737 2733 4807 qui
2761 4736 3086 4794 criminandi
3113 4739 3296 4795 studio
3318 4750 3470 4796 tene-

1907 4833 2020 4888 tur,
2050 4825 2194 4896 quod
2215 4825 2516 4897 perfectum
2539 4838 2622 4882 est
2651 4837 2830 4900 negat,
2853 4831 3062 4900 etquod
3088 4832 3243 4887 multi
3263 4833 3318 4888 in
3345 4849 3473 4905 pec-

1884 4911 2030 4974 'cato
2053 4930 2461 4988 perseverantes
2487 4923 2845 4986 contendunt,
2875 4924 3187 4993 exprobrat.

1979 5009 2140 5080 Atqui
2171 5025 2348 5082 neque
2364 5026 2466 5067 nos
2491 5011 2726 5068 dicimus
2758 5012 2954 5070 habere
2976 5016 3106 5070 talia
3136 5017 3242 5070 vim
3267 5031 3467 5088 cogen-

1908 5099 1961 5154 di
1988 5103 2212 5165 multos,
2243 5103 2338 5158 sed
2359 5103 2684 5161 dehortandi
2710 5120 2740 5160 a
2767 5115 2994 5176 peccato
3014 5116 3202 5179 gratos
3222 5117 3277 5164 et
3303 5109 3469 5164 bene-

1907 5191 2094 5256 volos;
2127 5207 2247 5262 quae
2269 5194 2334 5249 ad
2365 5195 2528 5250 breve
2556 5203 2768 5265 tempus
2796 5197 3030 5263 lnvecta,
3047 5199 3300 5256 celeriter
3316 5201 3468 5270 quie-

1906 5291 2090 5348 scunt,
2128 5299 2198 5339 ne
2246 5286 2420 5357 magis
2449 5287 2566 5342 vim
2589 5286 2837 5353 afferant,
2869 5304 3033 5360 quam
3064 5290 3319 5347 suasione
3349 5307 3474 5346 mu-.

1906 5459 2010 5515 sibi
2035 5464 2427 5541 repugnantius
2457 5462 2640 5541 dicere
2669 5474 2899 5541 poterat.
2932 5467 3050 5539 ipse
3072 5470 3216 5525 enim
3245 5471 3466 5541 putabat

1907 5546 1966 5585 sc
2005 5531 2191 5585 verum
2224 5531 2418 5598 dogma
2450 5531 2686 5590 tradere:
2719 5536 2920 5593 Docere
2957 5531 3138 5595 autem
3178 5531 3461 5598 veritatem

1906 5608 1965 5653 ut
1996 5602 2242 5672 putabat,
2269 5605 2395 5674 quis
2432 5604 2575 5661 dicat
2609 5608 2808 5662 malum
2837 5608 3093 5665 csse?ln.
