4008 6208
470 288 605 344 “67

1590 281 1728 337 TITI
1766 279 2195 337 BOSTRENSIS
2234 278 2539 335 EPISCOPI

3574 277 3711 335 1:68

466 409 584 459 teut
612 421 624 456 :
648 399 846 457 rursus
868 415 1016 464 vero,
1031 416 1153 471 qute
1174 411 1334 456 erant
1361 401 1417 457 in
1442 402 1858 467 consuetudine,
1882 418 2028 458 exer-

2138 400 2314 454 πειθοί
2345 398 2657 471 μεταϐάλῃ·
2713 393 2869 461 αὖθις
2911 398 2968 451 δὲ
3010 398 3079 452 τὰ
3120 398 3324 470 συνήθη
3372 398 3717 455 πολιτεύεται

467 502 683 553 centur.
718 495 771 545 in
822 492 1022 561 quibus
1062 492 1279 557 animus
1312 501 1369 550 et
1418 497 1671 550 voluntas
1704 510 1897 550 eorum
1939 494 2035 565 qui

469 586 659 639 mutati
689 593 836 648 sunt,
864 591 1142 653 spectatur
1195 597 1251 640 et
1308 586 1664 655 exploratur,
1722 594 1784 640 ut
1840 586 1874 639 ii
1921 587 2037 640 sola

468 675 728 729 memoria
786 674 1157 742 exemplorum
1206 674 1579 729 infirmitatem
1616 689 1770 728 suam
1809 674 2037 728 fulciant

467 777 519 821 et
550 766 851 831 stabiliant,
878 765 972 836 qui
1012 776 1140 821 sunt
1166 767 1304 837 grati
1350 774 1405 820 et
1438 767 1597 836 aequi.
1632 765 1743 820 lmo
1783 780 1912 820 vero
1936 781 2035 836 po-

405 921 417 933 .
469 860 573 913 tius
612 857 902 912 dicendum
932 866 1051 922 est,
1104 859 1151 912 si
1181 873 1306 913 cum
1340 858 1471 911 talia
1508 858 1845 928 contingant,
1877 857 2037 928 pauci

468 949 689 1019 quidam
720 956 773 1002 et
807 949 963 1005 valde
992 949 1103 1004 rari
1137 957 1266 1004 sunt
1308 951 1402 1021 qui
1456 951 1621 1005 vitam
1671 958 1917 1014 mutant;
1966 965 2036 1005 an

468 1056 575 1097 non
610 1042 779 1097 multo
813 1042 935 1113 plus
989 1041 1056 1096 ad
1100 1043 1399 1113 nequitiam
1442 1042 1701 1114 cogitatio
1757 1041 2035 1095 hominum

468 1132 817 1203 profecisset,
847 1134 891 1188 si
926 1149 1022 1204 per
1052 1134 1167 1190 haec
1192 1151 1313 1206 qua:
1345 1135 1631 1199 accidunt,
1672 1150 1779 1189 non
1809 1133 1960 1189 fieret
2005 1148 2035 1186 a

468 1228 706 1303 peccatis
736 1226 1025 1282 avocatio?

537 1316 691 1385 Quod
715 1318 759 1374 si
794 1318 973 1374 nullus
1002 1318 1131 1372 hinc
1156 1319 1444 1373 utilitatem
1473 1325 1710 1387 caperet,
1741 1317 1884 1387 quod
1926 1315 2038 1387 qui-

468 1409 589 1465 dem
642 1409 848 1463 fatuum
889 1416 971 1464 est
1022 1409 1238 1475 dicere;
1293 1416 1576 1480 praestaret
1636 1408 2035 1478 reprehendere

468 1501 738 1565 homines,
783 1501 873 1571 qui
904 1516 1005 1555 nec
1034 1501 1136 1555 hoc
1168 1501 1385 1571 quidem
1422 1499 1583 1554 modo
1617 1499 1796 1570 juvari
1826 1500 2033 1564 volunt,

2136 492 2198 545 τὸ
2220 491 2437 561 δόκιμον
2467 491 2565 561 τῆς
2604 490 2917 559 προθέσεως
2951 493 3061 553 τοῖς
3075 490 3589 561 ’μεταϐαλλομένοις
3613 494 3719 563 έμ-

2138 580 2411 643 ποιοῦντα,
2443 581 2531 634 ἵνα
2553 581 2646 634 καὶ
2683 581 2851 651 μόνην
2872 580 2977 633 τῶν
3010 581 3420 652 ὑποδειγμάτων
3444 583 3545 653 τὴν
3577 586 3717 656 μνήο

2140 690 2248 744 μην
2284 674 2399 726 ἀντ’
2450 673 2774 743 ἐρείσματος
2820 673 2994 742 ἔχοιεν
3034 673 3131 743 τῆς
3177 674 3385 726 ἑαυτῶν
3429 675 3719 739 ἀσθενείας

2135 766 2185 819 ot
2227 764 2583 837 εὐγνώμονες.
2622 767 2839 839 Ῥητέον
2868 767 2925 820 δὲ
2973 766 3193 837 μᾶλλον,
3234 768 3330 831 ὡς,
3361 771 3411 821 εί
3449 771 3563 830 καὶ,
3607 769 3717 823 τῶν

2135 857 2389 912 τοιούτων
2423 857 2847 929 συμϐαινόντων,
2878 858 3048 926 ὀλίγοι
3089 859 3231 924 τινὲς
3284 862 3379 914 καὶ
3411 860 3716 933 εὐαρίθμηο

2134 966 2217 1003 τοι
2257 947 2614 1018 τυγχάνουσιν
2642 948 2690 1000 οἱ
2728 946 3155 1017 διαμειϐόμενοι,
3191 947 3307 1011 πῶς
3351 948 3451 1000 ούκ
3493 949 3562 1002 ἂν
3613 951 3714 1001 ὲπο

2138 1040 2337 1094 έδωκεν
2367 1039 2461 1092 ἐπὶ
2515 1039 2764 1092 πλεῖστον
2804 1038 3070 1110 πονηρίας
3109 1038 3218 1091 τῶν
3247 1038 3553 1111 ἀνθρώπων
3579 1043 3608 1094 ό
3629 1040 3716 1094 λο-

2135 1131 2352 1203 γισμὸς,
2399 1133 2556 1202 εἴπερ
2605 1132 2637 1201 ἡ
2688 1129 2776 1184 διὰ
2826 1129 2933 1184 τῶν
2984 1130 3241 1185 τοιούτων
3287 1131 3578 1203 ἀποτροπὴ
3637 1131 3715 1204 μὴ

2136 1225 2282 1278 ἐπίοι
2305 1242 2320 1290 ;

2208 1315 2269 1368 El
2306 1313 2361 1367 δὲ
2393 1314 2485 1368 καὶ
2530 1314 2714 1387 μηδεὶς
2750 1313 2996 1369 ἐντεῦθεν
3029 1314 3308 1385 ὠφελεῖτο,
3340 1317 3475 1386 ὅπερ
3504 1316 3716 1384 ἠλίθιον

2136 1408 2327 1470 εἰπεῖν,
2363 1406 2568 1478 βέλτιον
2598 1407 2918 1478 ἀνθρώπους
2953 1409 3290 1479 ἐλέγχεσθαι,
3316 1409 3393 1472 ὡς
3421 1409 3559 1481 μηδὲ
3592 1407 3716 1463 τοῦ-

2134 1515 2226 1552 τον
2246 1499 2335 1551 τὸν
2359 1498 2555 1568 τρόπον
2577 1499 2897 1564 ἐνδιδόντας,
2927 1499 2961 1571 ἢ
2990 1500 3123 1553 Θεὸν
3146 1501 3408 1572 ἀμελείας
3435 1501 3502 1554 ἂν
3531 1500 3714 1554 αίτίαν

469 1607 629 1663 quam
657 1592 870 1663 culpam
891 1592 1229 1662 negligentiae
1254 1592 1309 1645 in
1334 1590 1500 1646 Deum
1530 1589 1849 1653 transferre,
1878 1589 2028 1659 quasi

2137 1589 2379 1660 ὑπέχειν,
2409 1589 2483 1654 ὡς
2523 1590 2718 1660 μηκέτι
2766 1591 3119 1662 ὲπιστρεφείᾳ
3153 1589 3451 1662 χρώμενον’
3492 1584 3538 1659 ᾧ
3574 1608 3712 1662 χρηο

470 1698 579 1738 non
609 1683 842 1754 amplius
893 1684 1077 1738 studio
1112 1682 1463 1739 convertendi
1496 1690 1732 1737 utentem
1758 1699 1773 1749 ;
1803 1696 1907 1751 qua
1949 1697 2028 1735 ra-

2139 1682 2289 1736 στέον
2322 1683 2463 1752 λόγῳ
2491 1682 2632 1735 κατὰ
2655 1682 2762 1736 τῶν
2792 1683 2865 1755 μὴ
2900 1683 3394 1755 ὲπαισθανομένων·
3424 1683 3586 1755 δῆλον
3607 1683 3717 1755 γὰρ

469 1774 616 1830 tione
651 1774 908 1829 utendum
943 1783 1028 1831 est
1073 1775 1128 1829 in
1168 1790 1263 1831 eos
1319 1774 1413 1845 qui
1444 1775 1651 1828 nullum
1692 1789 1911 1829 sensum
1952 1781 2028 1827 ta-

2136 1776 2248 1838 τοῖς
2271 1774 2626 1844 εὐγνώμοσιν,
2648 1773 2723 1837 ὡς
2748 1775 2807 1827 ού
2839 1775 2997 1845 μόνον
3023 1775 3158 1848 πρὸς
3183 1775 3243 1829 τὺ
3268 1778 3516 1847 κρεῖττον
3552 1792 3717 1846 μετα-

469 1863 599 1918 lium
640 1865 883 1935 capiunt.
938 1864 1031 1919 Est
1069 1872 1249 1920 autem
1291 1874 1627 1934 compertum
1672 1863 1740 1918 iis
1785 1863 1877 1934 qui
1911 1869 2028 1918 sunl

2141 1864 2300 1937 ϐολῆς
2331 1868 2358 1919 ό
2391 1865 2552 1935 φόϐος
2585 1866 2727 1935 ἄγει,
2762 1866 2898 1921 ἀλλὰ
2923 1867 3017 1920 καὶ
3044 1869 3157 1931 τοῖς
3182 1867 3359 1930 ἄλλοις
3382 1868 3718 1939 ἀπορρήτοις

469 1957 605 2023 grati
638 1964 691 2010 et
719 1955 880 2026 aequi,
909 1972 1017 2011 non
1053 1957 1228 2010 solum
1260 1956 1473 2026 aliquos
1503 1955 1571 2008 ad
1606 1953 1896 2025 perfectam
1926 1970 2028 2010 mu-

2145 1960 2287 2028 μειοῖ
2316 1958 2413 2030 τὴν
2443 1959 2577 2029 πρὸς
2608 1960 2819 2013 ἀδικίαν
2847 1958 3021 2031 ὁρμὴν
3051 1960 3145 2013 καὶ
3176 1959 3399 2030 τόλμαν.

470 2046 726 2103 tationem
778 2048 832 2101 in
880 2047 1074 2102 melius
1109 2048 1427 2118 capiendam
1476 2037 1681 2102 m‘etum
1739 2047 2039 2119 impellere,
2082 2048 2178 2103 sed
2208 2049 2331 2105 aliis
2372 2049 2536 2106 etiam
2590 2052 2891 2122 appetitum
2936 2061 2989 2107 et
3039 2052 3323 2107 audaciam
3366 2051 3437 2105 ad
3490 2048 3722 2118 injusti-

470 2142 597 2196 tiam
628 2138 1209 2198 occulte'imminuere.

1467 2255 1598 2312 Car.
1627 2256 1787 2313 XVII.
1831 2255 2046 2313 Creatio
2073 2256 2241 2311 noctis
2267 2264 2317 2310 et
2353 2255 2709 2313 tenebrarum.

540 2372 833 2429 Veniamus
860 2370 1115 2441 deinceps
1141 2369 1210 2426 ad
1239 2371 1505 2428 rationem
1529 2372 1847 2439 creationis,
1877 2387 2028 2444 quam

2218 2370 2495 2442 Ἐλθωμεν
2519 2371 2583 2442 δὴ
2614 2369 2799 2424 λοιπὸν
2825 2370 2919 2425 καὶ
2955 2371 3035 2433 είς
3069 2368 3161 2423 τὸν
3192 2368 3321 2441 περὶ
3350 2369 3720 2444 δημιουργίας

468 2467 574 2522 iste
623 2467 817 2537 planus
855 2464 1250 2530 calumniatur;
1295 2479 1360 2518 ac
1410 2466 1646 2535 primum
1682 2466 1749 2520 de
1798 2466 2028 2520 tenebris

2143 2460 2297 2530 λόγον
2346 2463 2484 2531 πρὸς
2525 2462 2620 2515 τοῦ
2670 2460 2983 2525 άπατεῶνος
3029 2461 3544 2533 συκοφαντουμένης
3560 2480 3576 2492 ο
3628 2465 3720 2516 καὶ

467 2563 523 2611 et
553 2565 713 2611 nocte
756 2556 1112 2626 inquiramus,
1158 2555 1302 2625 quod
1336 2555 1678 2625 potissimum
1720 2556 1823 2611 iste
1866 2566 2028 2611 menti

2146 2552 2357 2623 πρῶτόν
2376 2570 2439 2623 γε
2460 2555 2587 2626 περὶ
2614 2555 2836 2616 σκότους
2859 2553 2950 2605 καὶ
2972 2552 3164 2616 νυκτὸς
3193 2552 3563 2624 ἐξετάσωμεν,
3582 2554 3718 2625 ὅπερ

467 2657 701 2702 emeatus
728 2647 997 2716 vituperat
1024 2664 1038 2700 :
1072 2646 1328 2700 tenebras
1362 2647 1505 2699 enim
1536 2662 1656 2717 qua!
1687 2646 1741 2699 in
1772 2653 1932 2700 nocte
1959 2661 2028 2716 ap

2147 2643 2380 2715 μάλιστα
2421 2645 2635 2710 κακίζει
2680 2644 2777 2715 τὴν
2811 2645 3048 2698 διάνοιαν
3094 2645 3485 2716 ὲσκοτωμένος·
3523 2647 3718 2711 σκότος

468 2746 680 2808 parent,
710 2739 924 2793 illarum
970 2737 1315 2792 tenebrarum
1345 2735 1674 2792 Manichacus
1694 2737 1895 2806 cogitat
1921 2751 2028 2792 esst

2145 2737 2252 2808 γὰρ
2281 2738 2337 2789 ὲν
2366 2738 2520 2792 νυκτὶ
2552 2737 2894 2808 φαινόμενον,
2923 2736 3131 2790 ἐκείνου
3161 2736 3256 2790 τοῦ
3288 2737 3515 2801 σκότους
3537 2739 3569 2790 ὁ
3590 2739 3712 2793 Μά-

469 2830 623 2900 quasi
646 2844 744 2899 per
776 2844 835 2883 se
868 2828 1000 2894 sint,
1032 2827 1286 2896 intelligit
1316 2842 1438 2882 esse
1460 2827 1742 2891 indicium,
1779 2828 1899 2897 ejus
1932 2828 2028 2882 sci-

2139 2844 2237 2899 νης
2263 2822 2403 2882 εῖναι
2436 2827 2759 2898 φαντάζεται
2788 2828 2863 2893 ὠς
2894 2827 2973 2893 ὃν,
2997 2830 3294 2900 τεκμήριον
3323 2829 3419 2883 τοῦ
3458 2831 3536 2903 μὴ
3563 2831 3715 2895 δντος

469 2923 616 2985 licet,
645 2921 789 2991 quod
818 2935 926 2974 non
960 2927 1078 2986 est;
1130 2919 1265 2973 nihil
1294 2920 1511 2989 penitus
1543 2920 1735 2976 videns
1756 2960 1771 2986 ,
1805 2936 1906 2975 nec
1948 2920 2028 2974 in-

2137 2917 2422 2990 λαμϐάνει,
2460 2919 2626 2991 μηδὲν
2647 2920 2927 2984 παντελῶς
2957 2920 3094 2991 μήτε
3126 2918 3357 2990 βλέπων,
3387 2924 3529 2992 μήτε
3555 2925 3712 2987 νοῶν,

470 3014 740 3083 telligens,
790 3010 887 3068 sed
928 3009 996 3065 ad
1031 3012 1205 3065 instar
1236 3012 1362 3066 caeci
1397 3011 1634 3067 hominis
1671 3011 1728 3065 in
1780 3027 1869 3067 res
1897 3012 2028 3083 ipsa:

2144 3008 2280 3063 ἀλλὰ
2319 3010 2517 3078 τυφλοῦ
2560 3011 2714 3082 δίκην
2746 3013 2858 3075 τοῖς
2902 3013 3188 3082 πράγμασι
3228 3015 3573 3085 προσπαίων·
3618 3018 3715 3070 καὶ

468 3103 747 3161 oﬂ‘endens
776 3112 829 3158 et
877 3103 1203 3169 incurrens;
1231 3109 1495 3172 vocatque
1531 3103 1801 3165 tenebras,
1834 3110 1888 3157 et
1920 3103 2028 3158 vel-

2142 3101 2297 3155 καλεῖ
2328 3102 2537 3169 σκότος,
2565 3103 2658 3156 καὶ
2681 3104 2843 3157 οίονεὶ
2869 3104 3100 3175 φρίττει,
3132 3104 3207 3168 ὡς
3243 3105 3376 3176 μηδὲ
3408 3106 3567 3176 λόγου
3592 3108 3715 3162 δεόο

469 3200 546 3254 uti
595 3198 799 3262 horret,
852 3203 912 3252 ut
954 3212 1062 3251 non
1102 3212 1240 3267 opus
1290 3196 1487 3251 habeat
1533 3196 1921 3268 disputatione,
1972 3204 2028 3252 ut

2145 3210 2304 3263 μενος
2345 3194 2482 3264 πρὸς
2525 3194 2796 3260 ἀπόδειξιν
2834 3196 2934 3267 τῆς
2983 3195 3175 3250 ἑαυτοῦ
3218 3196 3585 3267 ψευδολογίας,
3628 3201 3713 3264 ὡς

469 3288 681 3346 falsitas
721 3288 980 3343 doctrinae
1006 3287 1125 3357 ejus
1155 3286 1621 3359 argumentatione
1646 3286 2027 3351 concludatur,

471 3388 532 3435 ut
564 3380 660 3451 qui
692 3394 890 3435 nomen
920 3379 999 3435 rei
1025 3393 1058 3434 e
1096 3393 1155 3434 se
1184 3379 1300 3448 ipsa
1320 3378 1636 3448 vituperata:
1666 3388 1909 3447 usurpet.
1942 3375 2036 3432 Di-

467 3470 699 3526 cendum
756 3481 888 3539 ergo
942 3476 1059 3531 est,
1117 3466 1302 3521 vocari
1351 3466 1569 3536 quidem
1609 3465 1709 3521 has
1754 3466 2031 3529 tenebras,

467 3576 576 3617 non
605 3567 785 3615 tamen
818 3556 1119 3614 secundum
1150 3555 1512 3613 substantiam
1545 3555 1846 3610 exsistere:
1874 3553 2035 3610 adve-

468 3653 623 3708 niunt
649 3651 815 3715 enim,
864 3656 919 3705 et
951 3649 1213 3704 recedunt
1247 3646 1519 3719 quotidie,
1555 3653 1792 3716 suntque
1838 3660 2032 3702 conse-

467 3751 700 3814 quentes
732 3742 789 3796 in
820 3740 1038 3796 modum
1069 3739 1308 3805 umbrae;
1344 3755 1454 3794 non
1492 3745 1622 3794 sunt
1668 3739 1813 3793 enim
1835 3746 2031 3794 creata:

466 3851 565 3907 per
614 3852 674 3891 se
726 3844 784 3889 ut
824 3834 1155 3898 substantia,
1196 3846 1574 3902 nequaquam;
1609 3830 1813 3886 mundo
1846 3838 2028 3887 autem

465 3935 669 3985 creato.
721 3935 804 3981 est
831 3925 1042 3980 umbra.
1092 3921 1349 3978 Nascitur
1380 3921 1526 3978 enim
1560 3922 1742 3986 homo,
1796 3922 1892 3993 qui
1931 3938 2030 3993 per

466 4035 525 4075 se
555 4030 671 4085 est;
701 4018 946 4088 sequitur
980 4022 1162 4070 autem
1198 4030 1322 4069 eum
1348 4014 1541 4069 umbra
1575 4012 1873 4068 secundum
1905 4028 2026 4069 mo-

466 4109 568 4162 lem
600 4106 847 4177 corporis
872 4145 886 4169 ,
917 4114 972 4160 et
999 4104 1313 4175 neutiquam
1336 4117 1458 4157 cum
1489 4117 1556 4156 eo
1594 4102 1715 4172 ipso
1762 4100 2026 4158 fabricata

463 4206 570 4259 est,
606 4196 702 4252 sed
735 4195 953 4251 advenit
983 4201 1042 4248 ut
1073 4196 1237 4249 situm
1266 4202 1319 4247 et
1350 4193 1585 4247 locatum
1616 4200 1699 4248 est
1724 4206 1942 4263 corpus,
1970 4200 2027 4248 et

465 4297 525 4345 ut
549 4288 880 4366 estluminis
908 4287 1170 4343 circuitus
1196 4292 1250 4340 et
1271 4284 1576 4338 conversio.
1609 4284 1887 4353 Siquidem
1918 4299 2025 4339 nox

2141 3283 2362 3338 αὐτόθεν
2392 3283 2810 3356 διαϐεϐοημένου
2841 3286 3165 3359 πράγματος
3194 3288 3255 3341 τὸ
3283 3288 3456 3358 ὄνομα
3492 3290 3713 3361 λαμϐά-

2139 3389 2265 3429 νων.
2309 3374 2526 3445 Ῥητέον
2560 3375 2758 3441 τοίνυν,
2801 3375 2877 3440 ὡς
2919 3376 3075 3431 τοῦτο
3115 3378 3179 3449 δὴ
3228 3379 3419 3443 σκότος
3461 3381 3713 3435 καλεῖται

2140 3463 2259 3533 μὲν,
2288 3463 2348 3517 ού
2381 3464 2486 3536 μὴν
2522 3464 2793 3538 ὑφέστηκε
2826 3469 2946 3521 κατ’
2983 3468 3190 3523 οὐσίαν·
3231 3471 3617 3542 ἐπισυμϐαίνει
3644 3474 3710 3529 δι

2136 3554 2257 3609 καθ’
2291 3554 2502 3627 ἡμέραν
2529 3556 2623 3610 καὶ⁵
2648 3557 3067 3628 ἀποσυμϐαίνει,
3088 3561 3580 3635 παρακολούθημα,
3608 3566 3708 3618 καὶ

2137 3645 2294 3709 σκιᾶς
2323 3645 2523 3715 τρόπον
2561 3646 2822 3718 ὑπάρχον·
2853 3648 3310 3722 δεδημιούργηται
3346 3652 3446 3722 μὲν
3479 3656 3590 3726 γὰρ
3625 3657 3707 3718 είς

2134 3736 2429 3791 ὑπόστασιν
2457 3738 2644 3802 οὐσίας
2673 3739 2943 3810 οὐδαμῶς,
2989 3740 3193 3812 κόσμου
3235 3744 3332 3797 καὶ
3366 3744 3707 3818 δημιουργη-

2134 3827 2338 3892 θέντος,
2381 3827 2510 3883 σκιὰ
2542 3828 2822 3901 τυγχάνειν
2854 3831 3135 3903 ἄνθρωπος
3173 3833 3419 3888 τίκτεται
3461 3837 3562 3907 μὲν
3594 3838 3706 3907 γὰρ

2133 3919 2254 3973 καθ’
2288 3920 2500 3987 ἑαυτὸν,
2532 3922 2928 3994 παρακολουθεῖ
2962 3924 3021 3978 δὲ
3061 3925 3212 3997 αὐτῷ
3251 3928 3386 4000 πρὸς
3412 3928 3501 3981 τὸν
3533 3929 3703 3996 ὄγκοι

2130 4011 2223 4066 τοῦ
2257 4012 2505 4084 σώματος
2530 4014 2566 4085 ἡ
2596 4016 2739 4069 σκιά’
2771 4018 2863 4071 καὶ
2886 4018 2946 4071 ού
2969 4017 3139 4086 δήπου
3161 4020 3692 4088 σνγκατεσκευάσθαι

2129 4103 2327 4169 δόξειεν
2360 4108 2418 4159 ὲν
2460 4106 2657 4178 ἑαυτῷ,
2704 4107 2819 4162 ἀλλ’
2859 4109 3236 4180 ὲπισυμϐαίνει
3278 4110 3405 4182 πρὸς
3447 4111 3549 4181 τὴν
3585 4108 3690 4164 τοῦ

2133 4197 2381 4269 σώματος
2424 4198 2594 4262 θέσιν,
2637 4200 2730 4253 καὶ
2775 4200 2911 4272 πρὸς
2950 4200 3048 4272 τὴν
3085 4204 3180 4255 τοῦ
3216 4202 3378 4273 φωτὸς
3408 4200 3681 4270 περίοδον.

2130 4288 2283 4343 Οὕτω
2312 4290 2375 4362 δὴ
2408 4291 2502 4345 καὶ
2550 4291 2645 4358 νὺξ
2676 4293 2766 4345 καὶ
2821 4293 3028 4357 σκότος,
3089 4293 3394 4359 σωματικοῦ
3447 4291 3541 4345 τοῦ
3589 4292 3694 4346 κύ-

462 4392 518 4439 ει
540 4381 793 4444 tenebrae,
828 4396 951 4434 cum
980 4380 1049 4434 sit
1080 4378 1316 4433 mundus
1341 4390 1657 4445 corporeus,
1684 4376 2024 4431 solummodo

2133 4397 2265 4451 σμου
2316 4382 2512 4455 δηλαδὴ
2568 4385 2924 4455 τυγχάνοντος
2941 4426 2955 4449 ,
3011 4386 3474 4456 παρακολούθημα
3531 4386 3700 4456 μόνον

464 4486 592 4531 sunt
639 4481 1058 4543 consequentes,
1117 4485 1224 4525 non
1269 4476 1450 4523 autem
1492 4476 1621 4524 sunt
1654 4466 1933 4522 fabricatae
1973 4468 2030 4522 in

464 4568 683 4623 modum
713 4565 1034 4622 substantia:
1062 4570 1275 4617 create.

530 4654 665 4709 Cum
689 4652 830 4709 enim
861 4652 943 4707 sol
972 4652 1221 4706 diurnum
1252 4665 1469 4705 cursum
1501 4646 1828 4713 absolvit,‘et
1861 4649 2029 4704 verti-

461 4753 554 4799 tur
598 4746 666 4799 ad
713 4758 963 4799 recessus
1004 4740 1271 4812 proprios,
1305 4756 1525 4795 necesse
1552 4748 1636 4795 est
1668 4756 1729 4795 ea
1754 4755 1873 4810 quae
1900 4748 2029 4795 sunt

464 4836 607 4889 intra
658 4834 938 4896 mundum,
1004 4834 1187 4887 omnia
1238 4832 1562 4894 inumbrari,
1618 4846 1741 4885 cum
1772 4832 1844 4887 sit
1869 4839 2025 4897 extra

463 4927 608 4999 quod
651 4927 940 4991 illuminat,
976 4927 1055 4980 sie
1106 4924 1214 4978 Deo
1257 4925 1470 4979 volente
1505 4942 1519 4977 :
1556 4938 1774 4988 causas,
1816 4940 1915 4978 cur
1951 4924 2025 4977 ita

464 5016 713 5081 voluerit,
742 5016 903 5086 paulo
934 5024 1057 5085 post
1090 5029 1187 5085 pro
1218 5016 1425 5070 viribus
1457 5015 1719 5070 dicemus.
1752 5014 1886 5069 Illud
1921 5022 2026 5069 sta~

463 5112 559 5166 tim
595 5108 879 5165 dicendum
923 5118 1024 5172 est,
1065 5123 1185 5178 quae
1218 5108 1417 5163 habent
1454 5108 1651 5162 molem
1702 5122 2021 5179 corpoream

462 5203 698 5257 interdiu
732 5202 786 5253 in
832 5201 1160 5255 contrariam
1201 5209 1403 5269 partem
1433 5199 1655 5255 luminis
1710 5202 1871 5270 positi
1902 5217 2023 5256 um~

463 5294 589 5349 bras
631 5294 855 5361 jacere;
902 5301 957 5345 et
999 5290 1324 5345 transfertur
1360 5292 1521 5346 simul
1563 5306 1686 5346 cum
1722 5293 1925 5347 lumine
1962 5294 2019 5347 in

460 5385 790 5438 contrarium
826 5383 1052 5448 umbra;
1100 5392 1153 5436 et
1183 5382 1271 5437 ubi
1300 5390 1384 5436 cst
1423 5398 1595 5452 usque
1628 5382 1695 5436 ad
1742 5380 2019 5439 meridiem

461 5475 564 5540 sol,
610 5476 684 5531 ibi
722 5483 804 5532 est
828 5483 948 5546 post
978 5473 1257 5529 meridiem
1302 5473 1512 5528 umbra.
1556 5472 1652 5527 Ubi
1684 5482 1864 5529 autem
1899 5490 2020 5529 um-

459 5574 557 5624 bra
586 5576 707 5638 post
741 5567 1039 5629 meridiem,
1076 5568 1157 5623 sol
1191 5577 1274 5623 est
1305 5574 1428 5638 post
1461 5568 1624 5622 hunc.
1658 5565 1865 5621 Umbra
1887 5584 2017 5623 vero

459 5662 655 5721 diurna
694 5660 885 5713 umbra
931 5667 1032 5723 est,
1082 5667 1270 5713 etnon
1317 5660 1538 5715 omnino
1566 5660 1833 5727 tenebrae;
1886 5662 2013 5730 quia

2129 4473 2295 4536 ἐστὶν,
2327 4474 2385 4526 ού
2412 4474 2516 4545 μὴν
2542 4475 3020 4549 δημιουργήματος
3046 4478 3246 4549 τρόπον
3273 4477 3532 4540 οὐσιῶδες
3564 4493 3702 4531 κατ-

2128 4566 2472 4620 εσκεύασται.
2734 4594 2737 4597 ν

2197 4658 2302 4711 Τοῦ
2324 4657 2432 4729 γὰρ
2451 4658 2603 4730 ἡλίου
2619 4658 2709 4713 τὸν
2732 4658 3087 4730 μεθημερινὺν
3104 4658 3301 4731 δρόμον
3322 4658 3697 4728 περαίνοντος,

2127 4749 2264 4821 πρὸς
2288 4749 2344 4801 δὲ
2375 4751 2475 4814 τὰς
2502 4749 2633 4814 ίδίας
2661 4751 3033 4821 ἀναχωρήσεις
3068 4750 3429 4822 τρεπομένου,
3471 4750 3567 4804 τοῦ
3598 4751 3700 4803 κό-

2129 4859 2266 4913 σμου
2308 4843 2375 4896 τὰ
2411 4843 2561 4906 ὲντὺς
2605 4842 2907 4909 ἐπάναγκες
2938 4842 3152 4896 ἅπαντα
3193 4842 3547 4907 σκιάζεσθαι,
3590 4842 3700 4909 ἔξω

2124 4933 2477 5004 τυγχάνοντος
2517 4930 2606 4985 τοῦ
2651 4932 2989 5000 φωτίζοντος,
3029 4932 3169 4986 οὕτω
3204 4933 3268 5003 δὴ
3314 4933 3452 4988 Θεοῦ
3498 4934 3700 5005 βουλη-

2126 5025 2327 5089 θέντος,
2375 5025 2441 5077 δι⁹
2481 5024 2548 5087 ἃς
2594 5024 2771 5087 αἰτίας
2816 5023 3006 5096 μικρὸν
3049 5023 3274 5096 ὕστερον
3314 5026 3390 5088 ὡς
3428 5027 3699 5097 δυνάμεις

2124 5118 2373 5190 ἐροῦμεν·
2424 5116 2620 5169 αὐτίκα
2663 5117 2755 5169 καὶ
2789 5116 2907 5187 μεθ’
2940 5116 3152 5186 ἡμέραν
3186 5116 3324 5186 πρὸς
3355 5116 3419 5168 τὸ
3448 5117 3697 5170 ἀντικεί-

2127 5224 2286 5278 μενον
2320 5207 2480 5277 μέρος
2508 5207 2607 5275 τῆς
2630 5206 2725 5259 τοῦ
2744 5208 2918 5275 φωτὸς
2947 5207 3168 5270 θέσεως,
3195 5209 3264 5261 τὰ
3290 5208 3563 5278 ἀνέχοντα
3585 5211 3697 5265 τῶν

2124 5297 2445 5370 σωματικῶν
2477 5298 2652 5365 ὄγκων
2679 5298 3034 5370 παραπέμπει
3069 5299 3170 5362 τὰς
3212 5300 3389 5364 σκιὰς,
3428 5302 3525 5354 καὶ
3556 5319 3697 5373 συμ-

2123 5388 2432 5461 μεταϐαίνει
2459 5387 2537 5460 τῷ
2573 5390 2711 5458 φωτὶ
2746 5390 2881 5459 πρὸς
2922 5391 3227 5444 τούναντίον
3261 5393 3294 5462 ἡ
3324 5393 3475 5445 σκιά·
3503 5395 3604 5446 καὶ
3631 5393 3689 5445 τὸ

2122 5480 2220 5550 μὲν
2239 5479 2342 5541 ἓως
2364 5478 2709 5549 μεσημϐρίας
2733 5478 2902 5550 ἥλιος,
2929 5478 3066 5550 μετὰ
3084 5480 3285 5533 ταύτην
3302 5480 3514 5548 γίνεται
3540 5480 3687 5534 σκιέν

2116 5572 2150 5641 ἡ
2177 5569 2235 5622 δὲ
2259 5569 2385 5623 σκιὰ
2410 5570 2526 5641 μεθ’
2550 5572 2780 5641 ἡμέραν,
2805 5573 2899 5624 καὶ
2924 5574 2983 5624 ού
3007 5572 3279 5633 παντελῶς
3304 5573 3517 5636 σκότος’
3539 5576 3693 5627 ἐτει-

2114 5659 2177 5733 δὴ
2207 5660 2269 5713 τὸ
2295 5659 2544 5732 περιέχον
2575 5662 2907 5733 πανταχόθεν
2939 5663 3173 5732 ἀνεῳγὸς
3194 5662 3290 5716 καὶ
3321 5666 3438 5727 τοῖς
3463 5665 3697 5735 σκιαζο-
