2004 3104
167 195 234 224 ηδε)

688 197 870 224 AUVERSUS
889 194 1099 222 SI‘ANICILEOS
1118 193 1181 221 LII}.
1203 192 1235 220 II.

1718 191 1785 218 ΗἸῦ

165 253 257 288 μένοις
270 254 361 284 τόποις
370 252 417 279 τοῦ
432 253 548 287 φέγγους
562 254 674 290 παρέχει
687 256 734 291 τὴν
751 257 901 291 μετουσίαν.
916 256 935 281 Ε

997 254 1068 289 quod
1083 255 1203 281 continet
1217 259 1277 279 cum
1292 252 1328 279 sil.
1342 251 1461 286 undique
1472 254 1606 285 apertum,
1623 250 1691 277 locis
1702 251 1784 278 etiam

163 298 227 331 γοῦν
239 296 311 323 οἶκόν
324 306 384 324 τινα
398 298 506 330 τελείως
523 299 703 331 ἀποκλείσεις,
716 300 754 331 ὡς
771 301 836 336 μηδὲ
854 300 948 336 στενὴν

162 342 227 376 γοῦν
243 342 346 370 εἴσοδον
358 343 516 370 καταλιπεῖν
532 344 570 379 τῷ
586 345 659 378 φωτὶ
678 345 762 381 αὐτῷ,
784 346 868 372 νύκτα
887 355 947 372 ποι-

162 389 238 422 ήσεις
251 388 298 414 καὶ
313 389 342 414 ἐν
356 389 523 425 μεσημϐρίᾳ.
537 389 623 416 Τοῦτο
637 390 668 426 δὴ
684 392 731 418 καὶ
743 393 771 418 ὲν
784 393 860 418 νυκτὶ
873 393 947 426 γίνε-

163 442 206 460 ται
223 434 291 468 πρὸς
306 435 368 467 τοὺς
386 435 467 467 ίδίους
482 435 586 471 χώρους
599 437 676 471 ἡλίου
690 438 845 473 γενομένου.
864 439 947 465 Ὥστε

162 479 178 513 ἡ
192 479 238 510 νὺξ
258 479 384 514 στέρησις
399 480 432 506 ἂν
448 481 489 515 εἴη
507 481 604 515 φωτός.
625 482 712 509 Μάθοι
723 483 745 509 δ’
764 484 796 511 ἄν
810 493 850 515 τις
866 484 948 518 σαφέ-

162 533 256 559 στερον
277 525 308 551 τὸ
328 526 478 560 γινόμενον,
496 527 519 553 εί
542 529 671 562 νοήσειεν,
696 529 733 561 ὼς
752 529 781 555 ἐν
795 530 872 557 νυκτὶ
895 530 944 565 μέν

161 569 219 595 ἐπὶ
230 577 280 595 που
292 569 425 605 διαμένων
441 571 487 597 καὶ
501 571 630 607 ὑπάρχων
642 573 656 598 ό
668 573 752 608 ἥλιος,
765 573 823 609 μεθ’
838 574 944 609 ἡμέραν

160 615 189 640 δὲ
207 615 323 650 οὐδαμοῦ
340 616 370 642 τὸ
394 617 497 648 σκότος,
522 617 589 644 ἀλλὰ
613 619 751 650 παντελῶς
771 619 944 655 διαλυόμενον

160 659 329 693 ἀφανίζεται.
345 661 427 688 Ὥστε
442 661 530 696 φωτὸς
546 662 596 698 μὲν
610 663 719 697 γέγονεν
731 665 818 698 οὐσία,
833 666 944 698 σκότους

159 705 186 731 δὲ
202 705 337 741 οὐδαμῶς.

997 308 1057 334 quae
1074 300 1195 326 umbram
1209 298 1320 330 habent,
1345 297 1446 332 praebet
1470 296 1583 324 luminis
1599 297 1787 332 participatio-

997 353 1069 372 nem.
1098 345 1190 379 ltaque
1213 344 1236 371 si
1258 343 1368 371 domum
1392 343 1547 378 quampiam
1570 350 1603 369 ex
1621 343 1694 369 omni
1710 348 1786 378 parte

994 391 1064 418 bene
1080 390 1201 420 claudas.
1225 393 1252 416 et
1265 397 1352 424 neque
1368 389 1410 416 vel
1427 392 1562 423 angustus
1584 388 1675 415 aditus
1690 388 1786 415 lumini

995 437 1176 471 relinquatur,
1195 439 1302 463 noctem
1325 435 1425 462 ellicics
1440 435 1521 462 etiam
1537 434 1564 461 in
1588 434 1709 462 meridie.
1729 433 1785 460 Hoc

997 484 1088 507 autem
1105 481 1134 507 ﬁt
1161 481 1188 507 in
1204 484 1293 512 nocte,
1311 479 1369 506 sole
1387 479 1445 506 loca
1463 486 1511 506 sua
1533 478 1668 505 ambiente
1691 481 1717 504 et
1732 477 1785 503 cir-

999 528 1156 552 cumeunte.
1180 524 1256 551 Unde
1277 532 1329 551 nox
1350 528 1393 551 est
1412 523 1528 558 privatio
1552 522 1672 549 luminis.
1693 521 1785 548 Potest

999 573 1088 597 autem
1108 570 1159 597 hoc
1178 569 1250 605 quod
1267 569 1305 601 ﬁt,
1324 569 1425 597 clarius
1447 569 1561 604 percipi,
1578 568 1601 596 si
1620 568 1682 603 quis
1695 567 1786 594 consi-

999 615 1086 646 derat,
1101 615 1202 642 alicubi
1222 622 1285 642 esse
1301 619 1327 642 et
1347 622 1458 642 manere
1480 618 1563 641 noctu
1581 614 1677 644 solem,
1701 612 1785 639 inter-

997 660 1043 688 diu
1060 669 1123 688 vero
1147 668 1281 696 nusquam
1298 668 1358 688 esse
1379 661 1515 693 tenebras,
1537 659 1585 687 sed
1599 659 1707 694 penitus
1721 658 1778 685 dis-

997 708 1066 735 solvi
1088 711 1116 735 et
1140 708 1210 735 tolli.
1231 706 1322 740 Quare
1340 706 1494 735 substantia
1511 705 1620 732 luminis
1644 704 1714 732 facta
1729 708 1781 737 est,

995 761 1051 781 non
1075 756 1165 780 autem
1182 754 1367 782 tenebrarum.

527 804 592 832 CAP.
614 804 707 833 XVIII.
729 806 823 834 Noctis
838 808 989 835 necessitas.
1006 807 1141 835 Utilitates
1154 816 1186 835 ea:
1197 816 1228 836 ea
1245 809 1413 843 proﬂuentes.

194 859 347 895 Σκοπητέον
374 860 397 887 δ’
422 861 496 896 ὅμως
523 862 619 894 νυκτὸς
644 863 706 890 ὅσον
730 863 760 890 τὸ
785 865 941 898 ἀναγκαῖον.

1033 865 1266 893 Considerandum
1291 873 1356 893 vero
1383 869 1435 897 est,
1467 872 1548 900 quam
1573 863 1609 892 sit
1626 864 1779 891 necessaria

159 906 253 932 Ἔστιν
276 906 416 933 ἀνάπαυλα
441 907 549 943 πρῶτον
573 909 649 945 κοινὴ
672 911 726 942 τοϊς
743 911 841 937 πᾶσιν·
860 912 873 937 ό
889 911 935 946 γάι

994 919 1058 938 nox.
1082 911 1220 944 Primum,
1248 915 1289 939 est
1313 912 1468 939 communis
1493 911 1603 946 requies
1634 910 1778 942 omnibus;

159 949 219 985 μεθ’
236 951 342 986 ἡμέραν
356 951 439 984 ὕπνος
455 953 485 979 τὸ
504 954 650 988 ἀναγκαῖον
666 955 715 990 τῆς
730 956 826 988 νυκτὸς
842 956 940 991 μᾶλλον

157 995 380 1032 παραδείκνυσιν,
405 994 438 1033 ἧς
463 1007 495 1033 γε
518 999 645 1031 τοσοῦτος
672 1001 801 1036 ὑπάρχων
817 1002 832 1028 δ
846 1002 941 1037 χρόνος

156 1043 206 1077 οὐχ
230 1043 319 1074 ἱκανὸς
339 1043 521 1072 διαναπαῦσαι
540 1045 589 1078 τὰς
612 1046 751 1082 αίσθήσεις
773 1047 938 1083 ἀνθρώποις·

156 1089 203 1116 καὶ
218 1088 264 1115 τοῦ
284 1089 332 1123 μὲν
358 1089 416 1124 μεθ’
430 1090 535 1126 ἡμέραν
556 1091 639 1118 ὕπνου
661 1093 710 1118 οὐκ
732 1093 775 1128 ῐση
798 1095 854 1125 τοῖς
873 1095 939 1120 πᾶσι

157 1135 268 1170 μετοχή·
283 1135 313 1161 τὺ
327 1135 355 1162 δὲ
373 1136 402 1163 ὲν
418 1137 495 1164 νυκτὶ
509 1137 608 1171 κοινὸν,
627 1139 673 1165 καὶ
691 1139 790 1174 ἐπίσης
802 1141 859 1170 τοῖς
869 1140 938 1166 πᾶσι

155 1182 204 1217 τῆς
219 1181 421 1215 διαναπαύσεως
441 1184 472 1210 τδ
493 1183 601 1219 μέτρον,
626 1185 676 1211 οὐκ
701 1185 761 1219 ἔχον
782 1185 938 1220 ἀνωμαλίαν

154 1227 224 1262 πρὸς
240 1227 274 1254 τὰ
289 1227 403 1262 βιωτικὰ
417 1229 648 1265 πλεονεκτήματα.
664 1231 752 1266 Ὅπερ
764 1231 813 1257 οὐκ
829 1231 938 1257 ἔλαττον

153 1273 204 1307 τὴν
221 1273 330 1307 ἰσότητα
347 1274 393 1300 τοῦ
405 1275 575 1310 Δημιουργοῦ
587 1275 624 1306 ὡς
638 1275 705 1310 πρὸς
715 1275 743 1301 ἓν
754 1275 833 1309 γένος
844 1276 874 1302 τὸ
883 1275 937 1302 τῶν

153 1318 304 1354 ἀνθρώπων
325 1319 501 1355 μαρτύρεται.
519 1321 632 1347 Ἔπειτα
653 1321 676 1347 εί
692 1321 835 1352 διαπαντὸς
849 1322 937 1357 ὑπῆρ-

153 1373 200 1399 χεν
220 1365 311 1401 ἡμέρα
325 1366 481 1392 ἀδιάδεκτον
499 1366 597 1401 ἔχουσα
619 1367 649 1393 τὸ
670 1366 815 1402 διάστημα,
833 1367 883 1393 οὐκ
903 1367 936 1394 ἂν

152 1411 291 1447 ἐμετρήθη
312 1412 407 1446 χρόνος
432 1412 471 1443 είς
497 1412 565 1448 μέρη
590 1413 626 1448 μὴ
650 1413 826 1448 τετμημένος.
853 1413 886 1439 'H
907 1412 936 1439 δὲ

152 1457 212 1483 καθ’
223 1457 329 1493 ἡμέραν
341 1458 388 1485 τοῦ
406 1459 501 1494 χρόνου
516 1459 586 1494 τομὴ
599 1459 642 1486 διὰ
653 1459 707 1485 τῶν
719 1459 820 1496 μορίων
833 1459 935 1487 τούτων

152 1503 377 1538 καταριθμεῖσθαι
394 1506 474 1531 ποιεῖ’
492 1505 575 1541 χωρὶς
596 1505 624 1532 δὲ
647 1505 742 1541 χρόνου
765 1505 936 1540 διαγνώσεως

152 1550 248 1583 ἄλογος
262 1550 295 1576 ἂν
308 1551 336 1577 ὲν
352 1552 409 1582 τοῖς
421 1550 524 1577 πλείοσι
543 1552 652 1585 γέγονεν
670 1551 821 1587 ἀνθρώποις
835 1553 848 1579 ό
866 1551 933 1587 βίος·
947 1575 968 1603 c

151 1596 182 1622 τὸ
195 1596 222 1622 δὲ
239 1596 270 1631 δὴ
292 1597 392 1632 μεῖζον,
412 1597 461 1623 οὑκ
476 1597 510 1624 ἂν
529 1598 616 1632 φωτὸς
636 1598 746 1632 γέγονεν
772 1598 932 1629 ἀπόλαυσις,

153 1642 264 1674 σκότους
280 1642 316 1677 μὴ
333 1644 536 1679 παρακειμένου
552 1643 597 1669 τὸν
618 1643 760 1678 είρημένον
774 1643 872 1679 τρόπον
889 1653 934 1670 νυ-

151 1686 286 1722 κτερινοῦ.
308 1687 368 1719 Φῶς
386 1688 440 1724 γὰρ
456 1689 609 1724 σωματικὴν
624 1690 804 1722 ἀδιάλειπτον,
822 1691 877 1717 οὐδ’
892 1691 933 1717 ὅτι

150 1732 208 1765 ᾳῶς
222 1734 305 1764 ἐστιν,
319 1734 440 1769 ἐγνώσθη
453 1734 494 1761 ἄν’
512 1735 579 1770 πρὸς
596 1735 649 1771 γὰρ
661 1736 860 1771 ἀντιδιαστολὴν
872 1736 933 1763 σκό-

149 1786 212 1808 τους
227 1778 284 1812 φῶς
300 1778 455 1814 ὠνόμασται
477 1781 524 1807 καὶ
546 1780 628 1807 ἐστίν.
647 1782 703 1807 Οὐχ
719 1781 751 1808 ἂν
767 1780 813 1808 οὖν
829 1782 933 1817 θαυμα-

151 1822 212 1849 στόν
228 1832 255 1850 τι
274 1822 317 1858 ἦν,
339 1825 377 1857 ὡς
391 1825 447 1851 ἔστι
465 1825 656 1862 δημιούργημα
671 1827 765 1861 φανὲν,
783 1828 806 1854 εί
828 1828 898 1862 μήγε
914 1828 930 1862 ή

149 1867 223 1901 οέσις
235 1869 281 1896 τοῦ
297 1870 437 1903 δοκοῦντος
451 1872 615 1898 ἀντικεῖσθαι
630 1872 822 1907 παρεδείκνυεν
837 1872 910 1899 αὐτό.

147 1919 231 1947 esset,
256 1920 285 1943 ut
313 1924 374 1944 esse
398 1921 509 1952 apparet
529 1918 708 1946 admiratione
730 1918 840 1954 dignum
862 1926 877 1945 a
905 1917 960 1946 Deo

147 1962 272 1994 Irarium,
289 1963 354 1990 illud
368 1964 533 1991 ostenderet.

181 2009 263 2035 Ὥστε
279 2010 326 2035 καὶ
340 2009 423 2037 τᾶλλα
438 2011 486 2045 μὲν
502 2010 586 2036 πολλὰ
600 2011 679 2047 χάριν
693 2010 872 2046 ὁμολογητέον
883 2010 929 2036 ἐπὶ

145 2056 178 2090 τῇ
190 2055 266 2081 νυκτὶ
278 2055 317 2090 τῷ
329 2056 457 2092 πανσόφῳ
472 2058 643 2093 Δημιουργῷ·
659 2057 774 2093 μάλιστα
790 2057 812 2083 δ’
827 2057 867 2083 ὅτι
882 2057 927 2083 τοῦ

146 2100 234 2133 φωτὸς
246 2101 353 2135 ἐμποιεῖ
363 2101 411 2137 τὴν
419 2102 542 2138 αἴσθησίν
551 2112 579 2129 τε
591 2104 637 2130 καὶ
647 2103 695 2139 τὴν
704 2103 862 2135 ἀπόλαυσιν,
877 2104 927 2130 οὐκ

145 2143 178 2170 ἂν
194 2144 281 2176 ἄλλως
297 2145 516 2180 διαγνωσθέντος,
528 2148 622 2183 ὅτιπερ
636 2147 717 2174 ἐστίν.

185 2222 255 2257 Ἀλλ’
270 2231 418 2267 ἐκπλαγείη
432 2241 473 2264 τις
493 2232 525 2260 ἆν
542 2233 591 2268 τὴν
609 2233 726 2269 ἄρρητον
742 2234 788 2260 τοῦ
804 2234 870 2261 Θεοῦ
885 2243 927 2261 σο-

144 2276 217 2310 φίαν,
236 2277 286 2309 ὅτι,
303 2277 435 2304 τοσούτων
454 2278 500 2304 καὶ
520 2279 559 2305 ἔτι
576 2279 694 2306 πλεόνων
719 2281 873 2314 ἀναγκαίων
896 2289 924 2307 τε
941 2269 964 2296 D

143 2320 190 2346 καὶ
207 2320 349 2355 χρησίμων
369 2321 412 2347 διὰ
438 2322 722 2361 σκότουςγιάνορώποις
740 2325 925 2360 ὑπαρχόντων,

141 2365 216 2400 ὅμως
227 2365 254 2391 δὲ
272 2366 363 2401 ἐπειδὴ
377 2367 487 2399 σκότους
500 2366 533 2403 ἦν
548 2368 632 2404 ὕνομά
646 2378 674 2396 τε
692 2370 738 2396 καὶ
753 2372 877 2406 πρᾶγμα,
895 2372 925 2398 οὺ

142 2411 342 2438 κατεσκεύακεν
352 2413 417 2438 αὐτὸ
430 2414 490 2439 κατ’
505 2414 608 2446 οὐσίαν,
624 2414 692 2441 ἀλλά
708 2416 863 2449 συμϐαίνειν
879 2417 925 2443 καὶ

140 2456 352 2491 ἀποσυμϐαίνειν
367 2458 431 2483 αὐτὸ
452 2459 609 2494 πεποίηκεν·
625 2460 668 2486 ἵνα
685 2460 731 2486 καὶ
748 2461 785 2491 ὡς
802 2460 830 2487 ὃν
847 2461 882 2487 τά
895 2470 924 2488 τε

140 2501 257 2536 ῥηθέντα
273 2503 318 2529 καὶ
332 2502 371 2529 ἔτι
387 2503 470 2530 πλείω
483 2505 598 2541 παρέχῃ,
613 2507 659 2532 καὶ
673 2506 710 2537 ὡς
730 2507 766 2542 μὴ
780 2506 809 2533 ὃν
824 2508 923 2542 ἥκιστα

138 2548 250 2584 διαϐάλῃ
261 2550 306 2576 τὸν
313 2551 349 2585 Δη
355 2551 493 2587 μιουργόν.
511 2553 668 2588 Ἀμεμπτος
681 2555 824 2590 τοιγαροῦν
833 2557 849 2590 ἡ
864 2556 921 2589 νὺξ,

138 2594 206 2620 ἀλλά
223 2595 268 2621 καὶ
281 2595 417 2630 θαυμασία
429 2597 562 2629 παντοίως
574 2600 606 2633 τῇ
622 2600 728 2634 χρήσει.

173 2682 241 2708 Φασὶ
261 2683 289 2708 δὲ
311 2683 412 2719 λῃστὴν
430 2685 459 2710 ἐν
480 2686 557 2711 νυκτὶ
578 2689 749 2722 κακουργεῖν.
774 2689 828 2715 Καὶ
843 2689 868 2714 τί
883 2690 923 2716 δεῖ

136 2736 147 2747 η
160 2728 205 2762 po;
220 2727 269 2763 τὴν
283 2728 386 2761 νύκτας
404 2731 428 2755 εἰ
443 2730 497 2765 γὰρ
513 2731 550 2766 μὴ
569 2732 703 2766 ἐνεδέχετο
719 2734 766 2759 καὶ
783 2735 811 2760 ἐν
827 2735 920 2770 ἡμέρα

135 2776 322 2809 κακοπραγεῖν
348 2775 411 2806 τοὺς
436 2776 621 2811 βουλομένους,
645 2779 728 2814 ἐχρῆν
754 2780 802 2815 τῆς
825 2781 919 2813 νυκτὸς

135 2820 324 2846 διαϐάλλεσθαι
342 2821 387 2847 τὸν
399 2822 503 2857 καιρόν.
527 2823 602 2852 Ἐπεὶ
615 2824 643 2850 δὲ
659 2824 706 2859 τὴν
719 2826 859 2861 εὐκαιρίαν
871 2827 919 2862 τῆς

136 2866 302 2902 κακουργίας
318 2868 331 2894 ό
347 2868 416 2903 δρῶν
432 2869 569 2904 ἀναμένει,
591 2871 641 2897 κᾶν
661 2872 690 2897 ἐν
704 2871 809 2906 ἡμέρᾳ,
824 2872 874 2899 κᾶν
891 2874 918 2899 ὲν

135 2913 212 2938 νυκτὶ
230 2913 392 2948 παραπέσοι,
409 2914 456 2949 τὴν
473 2915 599 2950 πρόθεσιν
620 2916 664 2942 τοῦ
681 2916 807 2951 ὁρῶντος,
828 2919 858 2945 οὐ
873 2919 917 2945 τὸν

992 965 1106 985 somnus
1135 958 1207 985 enim
1224 958 1340 985 diurnus
1368 957 1455 992 magis
1476 957 1666 985 necessitatem
1690 955 1779 983 noctis

991 1003 1123 1035 declarat,
1151 1003 1231 1037 cujus
1253 1003 1362 1038 quidem
1386 1007 1494 1038 tempus
1509 1006 1563 1029 tam
1589 1003 1699 1037 longum
1723 1008 1777 1029 non

991 1047 1090 1075 suﬂicit
1118 1048 1286 1081 hominibus,
1317 1051 1377 1075 uta
1403 1048 1531 1075 sensibus
1548 1048 1731 1083 requiescant,
1750 1053 1778 1076 et.

990 1092 1118 1120 diurnum
1144 1101 1270 1121 somnum
1294 1101 1392 1129 capere
1413 1102 1467 1121 non
1490 1094 1630 1128 mqualiter
1648 1094 1779 1122 omnibus

989 1138 1052 1165 licet
1076 1148 1083 1165 :
1105 1140 1132 1166 in
1157 1143 1237 1167 nocte
1266 1147 1331 1167 vero
1355 1139 1510 1169 communis
1533 1143 1576 1166 est
1596 1140 1723 1167 omnibus
1749 1146 1777 1167 et

988 1184 1099 1218 aequalis
1119 1193 1244 1212 mensura
1272 1186 1304 1212 ad
1330 1185 1552 1221 requiescendum
1567 1205 1575 1216 .
1607 1186 1708 1212 nullam
1731 1187 1775 1214 in-

987 1231 1167 1264 :equalitatem
1182 1232 1285 1260 habens
1300 1232 1332 1259 ad
1343 1232 1472 1260 avaritias
1482 1232 1544 1259 vitae
1554 1236 1581 1259 et
1593 1232 1773 1267 plushabendi

987 1275 1160 1308 cupiditates.
1187 1277 1265 1309 Quod
1284 1277 1393 1312 quidem
1410 1285 1465 1304 non
1482 1278 1573 1304 minus
1591 1277 1773 1312 aequalitatem

987 1320 1126 1348 Creatoris
1147 1326 1278 1354 testatur,
1304 1328 1432 1357 tanquam
1457 1323 1503 1349 uni
1520 1322 1610 1358 generi
1633 1322 1773 1348 hominum

986 1367 1128 1402 aequaliter
1152 1368 1353 1402 prospicientis.
1387 1368 1501 1399 Deinde,
1530 1369 1552 1396 si
1575 1375 1683 1403 semper
1701 1374 1774 1395 esset

986 1413 1055 1445 dies,
1075 1418 1101 1441 et
1121 1415 1209 1449 spatio
1222 1414 1275 1442 diei
1293 1422 1346 1442 non
1366 1415 1527 1442 succederet
1550 1422 1605 1441 nox
1618 1434 1625 1445 .
1641 1421 1694 1441 non
1711 1420 1774 1448 pos-

987 1467 1078 1487 semus
1090 1460 1178 1487 metiri
1193 1464 1300 1495 tempus
1315 1468 1369 1487 non
1383 1461 1500 1488 divisum
1515 1461 1542 1487 in
1555 1464 1656 1495 partes.
1673 1459 1774 1487 Divisio

986 1509 1077 1533 autem
1096 1505 1187 1532 diurni
1205 1506 1337 1541 temporis
1353 1506 1428 1539 facit.
1453 1511 1482 1533 ut
1497 1506 1576 1533 liceat
1597 1510 1704 1540 tempus
1727 1512 1775 1539 per

985 1550 1035 1578 has
1049 1551 1196 1585 particulas
1213 1559 1366 1579 numerare.
1398 1551 1456 1579 Nisi
1479 1557 1569 1578 autem
1587 1555 1694 1585 tempus
1717 1550 1775 1577 dis-

984 1599 1152 1627 cerneretur,
1182 1596 1209 1622 in
1225 1597 1320 1624 multis
1344 1597 1426 1624 rebus
1442 1604 1495 1623 non
1513 1601 1606 1631 posset
1617 1595 1783 1623 hominibus.

983 1644 1052 1670 ratio
1080 1643 1141 1670 vitae
1168 1643 1230 1670 iniri
1249 1647 1275 1670 et
1304 1647 1447 1676 constare;
1464 1647 1490 1670 et
1506 1643 1578 1678 quod
1603 1643 1692 1676 majus
1718 1647 1770 1674 est.

983 1696 1038 1715 non
1058 1694 1131 1716 esset
1149 1689 1275 1724 voluptas
1294 1689 1404 1716 luminis
1428 1689 1547 1721 fruendi,
1573 1689 1596 1716 si
1613 1697 1667 1716 non
1680 1695 1771 1717 essent

983 1735 1100 1762 tenebrae
1119 1739 1261 1762 nocturnae
1277 1735 1303 1762 in
1319 1735 1443 1769 proximo
1462 1742 1495 1762 eo
1508 1734 1588 1761 modo
1604 1742 1683 1769 quem
1700 1734 1771 1761 dixi-

984 1788 1057 1807 mus.
1085 1780 1189 1808 Lumen
1213 1780 1286 1807 enim
1314 1787 1473 1815 corporeum
1494 1780 1653 1806 continuum
1682 1786 1770 1813 neque

984 1826 1055 1860 quod
1068 1826 1157 1853 lumen
1174 1830 1258 1858 esset,
1279 1830 1489 1860 cognosceretur
1504 1834 1509 1851 :
1526 1825 1616 1852 lumen
1632 1825 1703 1851 enim
1727 1824 1769 1850 di-

983 1873 1053 1899 citur
1071 1876 1098 1899 et
1112 1877 1164 1902 est.
1188 1876 1217 1899 ut
1233 1880 1248 1898 a
1269 1871 1389 1899 tenebris
1404 1871 1595 1906 distinguatur.
1611 1870 1671 1897 Non
1685 1870 1768 1905 igitur

983 1922 1114 1950 creatum,
1133 1918 1185 1945 nisi
1206 1918 1373 1953 comparatio
1396 1918 1455 1952 ejus
1478 1917 1549 1953 quod
1577 1917 1683 1944 videtur
1698 1923 1766 1943 con-

1019 2007 1201 2040 Quamobrem
1227 2011 1335 2042 oportet
1352 2008 1455 2043 gratias
1475 2015 1554 2043 agere
1570 2008 1634 2041 Deo,
1657 2009 1765 2044 sapien-

982 2054 1089 2081 tissimo
1099 2053 1232 2086 Creatori,
1247 2062 1308 2081 cum
1324 2059 1434 2090 propter
1447 2055 1499 2082 alia
1516 2056 1613 2087 multa,
1631 2060 1687 2082 tum
1705 2063 1764 2083 ma-

981 2101 1052 2127 xime
1065 2100 1128 2135 quia
1142 2100 1215 2132 fecit,
1235 2104 1263 2127 ut
1280 2102 1369 2128 lumen
1384 2103 1547 2129 sentiremus
1565 2106 1591 2128 et
1605 2110 1637 2129 eo
1660 2102 1765 2130 fruere-

980 2154 1061 2179 mnr;
1078 2146 1150 2181 quod
1176 2146 1286 2174 quidem
1309 2154 1370 2175 esse
1387 2155 1441 2174 non
1459 2147 1537 2174 aliter
1550 2147 1705 2176 discernere
1715 2153 1764 2184 po-

979 2193 1138 2220 tuissemus.

1015 2240 1063 2265 Est
1080 2244 1170 2266 autem
1188 2239 1359 2274 obstupcnda
1381 2239 1524 2267 inell‘abilis
1545 2239 1591 2267 Dei
1618 2240 1761 2275 sapientia,

976 2284 1047 2318 quod
1063 2293 1124 2311 cum
1145 2289 1185 2312 tot
1207 2289 1234 2312 et
1256 2285 1344 2312 adhuc
1360 2285 1451 2320 plures
1468 2287 1629 2313 necessariae
1643 2287 1763 2314 homini;

977 2330 1028 2356 bus
1047 2334 1074 2356 et
1095 2335 1254 2365 opportuna:
1278 2331 1409 2359 utilitates
1432 2339 1463 2358 ex
1479 2332 1601 2359 tenebris
1615 2333 1760 2363 exsistant,

975 2379 1065 2403 tamen
1079 2377 1142 2410 quia
1158 2381 1215 2404 erat
1231 2385 1328 2405 nomen
1342 2381 1369 2404 et
1386 2385 1428 2405 res
1443 2379 1629 2410 tenebrarum,
1646 2387 1701 2406 non
1720 2379 1762 2407 fe-

975 2420 1012 2448 cit
1026 2428 1072 2448 eas
1085 2422 1234 2449 secundum
1253 2423 1443 2453 substantiam,
1459 2424 1505 2451 sed
1522 2424 1585 2450 fecit
1598 2428 1627 2451 ut
1638 2425 1761 2452 venirent

974 2470 1001 2492 et
1026 2467 1207 2502 recederent;
1232 2473 1261 2495 ut
1280 2471 1359 2504 quasi
1384 2475 1475 2498 essent
1490 2478 1521 2497 ea
1547 2478 1606 2505 quae
1628 2471 1758 2502 diximus.

974 2515 1001 2538 et
1017 2512 1105 2540 adhuc
1120 2514 1196 2548 plura
1215 2515 1357 2542 commoda
1374 2517 1547 2551 prteberent;
1570 2521 1597 2543 et
1612 2517 1691 2551 quasi
1704 2524 1759 2545 non

973 2562 1077 2590 essent,
1102 2559 1214 2586 minime
1229 2561 1321 2587 mutuli
1337 2561 1484 2588 fabricator
1498 2568 1684 2590 accusaretur.
1702 2562 1757 2591 Ex-

972 2606 1014 2629 tra
1041 2604 1148 2638 culpam
1174 2605 1256 2640 igitur
1274 2610 1301 2632 et
1323 2608 1462 2641 querelam
1481 2612 1523 2635 est
1542 2616 1606 2641 nox,
1622 2609 1687 2643 quin
1707 2617 1756 2643 po-

973 2647 1027 2674 tius
1045 2656 1095 2675 usu
1118 2653 1158 2676 est
1180 2650 1308 2678 omnibus
1325 2652 1414 2680 modis
1436 2652 1563 2680 mirabili.

1009 2692 1061 2719 Sed
1084 2693 1171 2725 aiunt,
1189 2695 1319 2721 latronem
1338 2700 1420 2723 noctu
1434 2697 1602 2724 latrocinari.
1622 2689 1674 2724 Sed
1691 2699 1754 2732 quid

971 2737 1023 2764 hoc
1035 2742 1130 2765 contra
1146 2739 1271 2767 noctem?
1288 2741 1311 2767 si
1324 2741 1396 2768 enim
1412 2749 1467 2768 non
1484 2742 1653 2777 contingeret
1664 2743 1698 2769 de
1711 2742 1755 2770 die

972 2783 1128 2811 latrocinari
1152 2793 1199 2812 eos
1233 2786 1279 2820 qni
1306 2786 1462 2814 latrocinari
1482 2788 1588 2820 volunt,
1618 2793 1755 2823 oporteret

970 2832 1077 2863 tempus
1094 2835 1256 2858 nocturnum
1274 2839 1413 2860 accusare.
1430 2832 1484 2860 Sed
1492 2834 1555 2868 quia
1570 2834 1638 2860 latro
1652 2843 1753 2870 (ηψπ-

971 2875 1113 2902 tunitalem
1132 2876 1197 2904 furti
1218 2882 1370 2912 exspectat,
1392 2880 1450 2907 sive
1466 2880 1510 2907 die
1521 2881 1578 2907 sive
1594 2885 1673 2908 nocte
1690 2882 1756 2907 inen-

970 2921 1025 2955 dat,
1048 2922 1155 2951 animus
1173 2924 1334 2952 maleﬁcium
1358 2925 1564 2960 facie;.tis,.non
1591 2934 1696 2962 tempus
1711 2931 1764 2958 este

1616 3073 1638 3090 τί(
