3968 6914
420 341 550 396 ιιτι

1528 346 1662 401 TITI
1706 345 2127 403 BOSTRENSIS
2181 345 2486 401 EPISCOPI

3516 352 3645 404 H7:

420 457 634 512 crimini
685 457 962 513 dandum:
1011 467 1380 517 verumtamen
1433 464 1477 518 si
1549 463 1831 519 maleﬁcus
1883 478 1983 518 no-

2095 465 2276 534 καιρὸν
2298 465 2597 519 αἰτιατέον·
2627 463 2764 535 πλὴν
2798 467 2842 517 εί
2871 467 3025 519 νυκτί
3050 483 3111 534 γε
3141 466 3387 519 ἐπείθετο
3414 465 3653 536 κακοῦρ-

417 553 493 606 eti
535 562 767 624 pareret.
812 550 1074 608 dormiret
1107 569 1280 622 sane;
1328 555 1431 611 hoc
1467 558 1612 612 enim
1663 559 1840 612 solum
1873 572 1981 610 nox

415 642 590 711 jubet.

2088 573 2183 624 γος
2224 559 2390 622 ἄπας,
2431 555 2718 610 ἐκάθευδεν
2755 556 2837 610 ἄν·
2873 557 3029 610 τοῦτο
3059 557 3164 630 γὰρ
3196 560 3291 612 καί
3321 558 3481 629 μόνον
3518 574 3654 631 παρ-

2087 648 2274 718 εγγυᾴ.

1327 762 1454 817 (Str.
1493 761 1632 818 XIX.
1677 761 1943 816 Mendaeii
1973 775 2092 812 cum
2135 762 2360 817 tenebris
2394 767 2746 836 comparatio.

490 871 755 927 Prmterea
818 874 1275 931 considerandum
1321 886 1406 931 est
1451 876 1702 932 similiter
1743 877 1884 932 inter
1927 892 1986 930 se

420 963 699 1016 coritraria
747 963 918 1020 videri
960 966 1141 1020 lumen
1194 973 1248 1021 et
1277 967 1552 1031 tenebras,
1594 967 1985 1035 veritatemque

419 1065 471 1109 et
507 1055 869 1110 mendacium.
914 1056 1070 1122 Quod
1099 1059 1243 1112 enim
1280 1067 1365 1114 est
1407 1059 1584 1114 lumen
1614 1059 1850 1128 corpori,
1883 1059 1989 1112 hoc

421 1154 506 1202 est
545 1148 750 1204 veritas
784 1149 1012 1214 animae;
1063 1157 1118 1203 et
1150 1150 1299 1220 quod
1353 1150 1590 1204 tenebrae
1630 1150 1825 1214 oculis,
1882 1150 1986 1204 hoc

424 1241 730 1310 ignorantia
757 1247 812 1295 et
841 1242 1182 1295 mendacium
1223 1243 1411 1296 menti.
1457 1241 1630 1296 Homo
1665 1241 1809 1297 enim
1851 1243 1987 1298 nillil

422 1331 570 1386 aliud
619 1340 703 1387 est
743 1347 906 1402 quam
950 1333 1129 1386 anima
1191 1339 1250 1388 et
1298 1348 1522 1403 corpus.
1574 1331 1804 1404 Utrique
1845 1335 1986 1404 parti

423 1424 734 1494 suppeditat
774 1423 940 1488 Deus,
976 1425 1191 1495 corpori
1222 1425 1442 1493 lumen;
1481 1442 1576 1496 per
1604 1442 1804 1496 corpus
1841 1429 1986 1482 enim

423 1516 627 1571 lumine
667 1531 931 1586 corporeo
960 1515 1206 1583 fruitur;
1255 1533 1349 1588 per
1394 1518 1633 1573 animam
1674 1533 1802 1574 vero
1847 1519 1990 1574 veri-

423 1615 532 1660 tate
558 1607 845 1676 spirituali.

492 1698 646 1753 Sicut
682 1708 860 1754 autem
905 1715 1015 1754 non
1057 1708 1186 1754 sunt
1231 1701 1466 1756 tenebras
1511 1702 1810 1758 secundum
1857 1703 1988 1758 sul)-

2159 878 2471 951 Θεωρητέον
2503 881 2568 954 δὴ
2601 882 2694 935 ἐπὶ
2728 880 2956 944 τούτοις,
2995 881 3072 944 ὡς
3096 881 3374 949 ἀναλόγως
3404 881 3658 952 ἀλλήλοις

2088 972 2424 1026 ἀντικεῖσθαι
2450 973 2616 1039 δοκεῖ,
2635 973 2752 1043 φῶς
2783 990 2841 1027 τε
2875 974 2966 1026 καὶ
2989 974 3195 1036 σκότος,
3222 973 3452 1044 ἀλήθειά
3473 991 3532 1026 τε
3561 976 3656 1026 καὶ

2086 1063 2303 1133 ψεῦδος·
2327 1065 2466 1135 ὅπερ
2489 1063 2600 1135 γὰρ
2632 1063 2747 1133 φῶς
2775 1064 3010 1135 σώματι,
3036 1063 3199 1117 τοῦτο
3226 1063 3453 1136 ἀλήθεια
3483 1064 3652 1134 duxi,-

2089 1156 2179 1208 καὶ
2219 1156 2354 1226 ὅπερ
2395 1156 2582 1220 σκότος
2625 1154 2942 1225 ὀφθαλμοῖς,
2986 1154 3140 1208 τοῦτο
3182 1155 3369 1222 ἄγνοια
3407 1154 3504 1207 καὶ
3536 1156 3663 1207 σκό-

2087 1263 2178 1309 τος
2198 1245 2307 1314 (ιο)
2336 1245 2560 1316 διανοίᾳ.
2600 1243 2918 1316 Ἀνθρωπος
2951 1245 3051 1315 μὲν
3090 1243 3196 1315 γάρ
3223 1244 3374 1297 οῦδὲν
3396 1245 3589 1314 ἕτερον
3627 1243 3660 1311 ῆ

2089 1339 2234 1408 ψυχή
2267 1355 2324 1390 τε
2355 1339 2447 1391 καὶ
2475 1337 2652 1409 σῶμαο
2681 1337 2830 1409 παρά
2866 1337 2924 1390 δὲ
2952 1337 3087 1390 Θεοῦ
3110 1337 3248 1408 πρὸς
3275 1336 3534 1407 ἐκάτερον
3561 1336 3661 1404 τὴν

2091 1429 2354 1500 χορηγίαν
2392 1428 2552 1500 ἔχων,
2595 1427 2685 1481 διά
2719 1428 2816 1500 μὲν
2846 1427 3092 1498 σώματος
3136 1427 3449 1498 σωματικοῦ
3483 1426 3664 1494 φωτὸς

2092 1517 2373 1579 ἀπολαύει,
2402 1516 2491 1570 διά
2517 1516 2572 1570 δέ
2597 1517 2774 1586 ψυχῆς
2803 1517 2998 1588 νοητῆς
3026 1516 3305 1586 ἀληθείας.

2163 1698 2374 1767 Ὥσπερ
2405 1696 2460 1750 δέ
2505 1696 2694 1759 σκότος
2739 1697 2859 1748 κατ’
2901 1695 3086 1750 οὐσίαν
3124 1696 3220 1766 μὲν
3257 1695 3358 1764 οὐχ
3399 1694 3665 1765 ὑπάρχει,

422 1789 711 1856 stantiam,
755 1789 932 1846 solum
982 1801 1165 1847 autem
1217 1807 1314 1848 eas
1363 1793 1619 1850 advenire
1663 1796 1990 1864 permissum

2095 1789 2303 1842 ἐπιέναι
2346 1787 2403 1840 δέ
2446 1787 2861 1858 συγκεχώρηται
2915 1787 3095 1858 μόνον,
3139 1787 3215 1850 ὡς
3259 1785 3666 1848 ἀποδέδεικται,

420 1890 527 1945 est,
560 1883 702 1938 sicut
729 1891 1010 1939 ostensum
1039 1891 1160 1948 est;
1198 1883 1280 1940 sic
1309 1886 1471 1940 etiam
1502 1886 1843 1940 mendacium
1885 1903 1992 1942 non

424 1979 607 2028 manet
635 1972 704 2028 ab
727 1973 910 2043 aliqua
938 1973 1248 2030 substantia
1277 1989 1374 2044 per
1397 1990 1456 2030 se
1477 1977 1794 2041 exsistente,
1828 1993 1996 2047 quam

423 2065 514 2121 ille
564 2065 890 2136 principium
936 2065 1236 2136 ingenitum
1271 2074 1450 2130 vocat,
1503 2081 1679 2137 neque
1714 2076 1798 2123 est
1857 2068 1990 2124 sub-

423 2158 625 2213 stantia
654 2159 920 2229 quaepiam
963 2175 1060 2229 per
1102 2174 1162 2215 se
1199 2157 1474 2216 assistens
1511 2175 1575 2214 ac
1616 2160 1823 2216 vivens.
1885 2161 1991 2215 Sed

421 2251 538 2305 sola
565 2251 894 2321 cogitatione
937 2266 1082 2315 esse,
1127 2266 1448 2307 concessum
1485 2261 1590 2318 est,
1633 2263 1687 2308 et
1736 2252 1994 2308 advenire

421 2350 589 2414 atque
618 2345 876 2398 recedere
913 2342 1174 2398 similiter
1215 2349 1275 2398 ut
1301 2344 1591 2413 tenebras;
1625 2345 1786 2416 idque
1834 2345 1992 2400 valde

426 2433 631 2488 utiliter
659 2440 715 2487 et
748 2433 1070 2488 necessario
1106 2453 1118 2488 :
1157 2432 1264 2489 nisi
1295 2433 1444 2487 enim
1478 2434 1738 2505 cogitatio
1770 2436 1994 2490 menda-

420 2526 495 2580 cii
542 2540 667 2582 esse
718 2533 904 2595 posset
950 2525 1223 2594 permissu
1253 2527 1380 2590 Dei,
1428 2527 1677 2583 veritatis
1703 2528 1856 2598 Optio
1885 2545 1993 2582 non

425 2629 574 2675 esset
618 2619 672 2672 in
700 2617 1017 2674 hominibus
1044 2626 1288 2688 spectata
1323 2627 1378 2676 et
1416 2621 1665 2691 probata,
1705 2631 1758 2675 et
1789 2619 1994 2675 frustra

425 2713 824 2774 nominaretur,
877 2710 982 2765 nisi
1034 2711 1357 2780 permissum
1399 2719 1572 2776 esset,
1608 2728 1730 2768 esse
1771 2713 1994 2767 menda-

422 2805 569 2858 eiun
611 2803 963 2873 cogitatione.
998 2801 1170 2857 Nemo
1193 2804 1340 2858 enim
1381 2811 1527 2860 esset
1551 2805 1758 2859 amicus
1797 2807 1994 2858 verita-

422 2896 519 2961 tis,
554 2895 662 2950 nisi
700 2901 1023 2966 potestatem
1055 2893 1282 2949 haberet
1320 2897 1596 2966 cogitandi
1626 2897 1989 2951 mendacium.

421 2986 543 3043 Non
573 2987 697 3042 dico
733 3001 855 3043 esse
880 2987 1230 3043 mendacium
1261 2987 1580 3058 adjunctum
1625 2989 1857 3051 veritati,
1897 2989 1992 3044 sed

421 3078 568 3150 quod
611 3078 763 3149 optio
808 3078 1057 3134 veritatis
1105 3094 1216 3135 non
1254 3080 1532 3136 videretur
1577 3096 1718 3145 esse,
1757 3080 1863 3136 nisi
1891 3097 1991 3152 po-
2019 3131 2062 3188 C

425 3180 594 3227 testas
618 3171 918 3226 mentiendi
953 3171 1232 3241 adjaceret
1254 3187 1268 3223 :
1293 3173 1438 3243 quod
1465 3174 1685 3244 quidem
1705 3175 1994 3230 veracibus

422 3261 670 3332 prodest,
703 3276 812 3316 non
841 3262 1083 3316 veritati.
1127 3260 1354 3333 Oportet
1385 3264 1528 3320 enim
1558 3280 1683 3320 eum
1710 3265 1800 3335 qui
1829 3279 1994 3320 verax

421 3362 530 3415 est,
555 3361 616 3408 ut
643 3368 812 3423 penes
849 3368 974 3407 eum
1009 3354 1081 3408 sit
1118 3355 1360 3418 mentiri,
1384 3370 1414 3409 a
1448 3371 1556 3426 quo
1587 3371 1710 3411 cum
1736 3357 1992 3420 abstinet,

421 3461 587 3500 verax
615 3453 726 3500 est.
763 3443 935 3500 Posse
971 3461 1101 3517 ergo
1130 3448 1346 3502 mentiri
1377 3447 1533 3504 aﬂ‘ert
1567 3448 1904 3511 hominibus,
1937 3457 1996 3504 ut

423 3535 709 3591 veritatem
741 3535 1030 3590 mendacio
1055 3544 1408 3607 anteponant.
1451 3535 1605 3592 Sicut
1639 3539 1828 3607 positze
1854 3546 1998 3594 tene-

422 3627 536 3681 bra
578 3641 802 3681 sensum
850 3627 1078 3681 luminis
1145 3637 1364 3683 movent
1419 3637 1473 3684 et
1507 3629 1769 3693 excitant,
1812 3637 1992 3685 tamen

421 3719 567 3773 sicut
609 3717 790 3772 iumen
839 3717 895 3772 in
937 3717 1177 3773 tenebris
1217 3719 1360 3774 lucet
1409 3719 1680 3789 (dissolvit
1723 3721 1866 3775 enim
1900 3735 1995 3776 eas

421 3807 741 3874 adveniens,
765 3808 968 3878 quippe
997 3824 1118 3864 cum
1146 3824 1254 3864 non
1280 3811 1390 3865 sint
1416 3812 1719 3866 secundum
1744 3813 1995 3869 substano

421 3900 600 3971 tiam),
629 3899 709 3956 sic
731 3900 930 3955 veritas
964 3900 1186 3956 vincens
1219 3902 1582 3968 mendacium,
1613 3904 1836 3959 omnino
1865 3920 1997 3960 con-

423 3993 613 4055 vincit,
638 3992 784 4063 quod
826 4007 933 4047 non
956 4000 1062 4057 est,
1113 3995 1445 4064 cogitatione
1485 4011 1606 4052 esse
1635 4007 1855 4066 pr0pter
1902 4013 1997 4068 po-

421 4088 670 4137 testatem
701 4083 1069 4154 cogitationis,
1121 4085 1176 4138 id
1205 4094 1290 4142 est
1357 4087 1486 4156 quia
1527 4089 1756 4158 cogitari
1795 4097 1995 4158 potest.

423 4173 709 4238 Quomodo
749 4174 894 4229 enim
937 4183 1116 4244 potest
1164 4179 1289 4248 quis
1340 4179 1622 4234 veritatem
1667 4181 1890 4251 eligere,
1949 4185 1996 4237 si

423 4265 704 4335 suscipere
748 4263 1092 4320 mendacium
1140 4283 1251 4323 non
1286 4276 1370 4324 est
1405 4285 1574 4339 penes
1601 4271 1818 4340 ipsum?

495 4356 552 4410 Si
593 4357 761 4427 igitur
795 4358 1013 4412 ostendi
1040 4368 1227 4428 posset
1270 4376 1394 4416 esse
1422 4363 1674 4417 tenebras
1697 4363 1994 4418 secundum

2091 1882 2182 1935 τὸν
2211 1880 2374 1934 αὑτὸν
2402 1879 2602 1951 τρόπον
2626 1881 2721 1933 καὶ
2746 1879 2939 1949 ψεῦδος
2963 1879 3099 1950 (41),
3128 1879 3234 1932 ἀπό
3261 1895 3403 1941 τινος
3433 1879 3532 1946 μὲν
3574 1879 3666 1929 οὑ-

2095 1975 2214 2036 σίας
2246 1972 2586 2044 ὑφεστηκυῖά
2614 1989 2674 2025 τε
2701 1973 2795 2025 καὶ
2816 1972 2982 2036 ζῶσα·
3009 1971 3221 2042 ἐπινοίᾳ
3249 1971 3308 2023 δέ
3337 1971 3496 2042 μόνον
3521 1965 3672 2022 εἶναι

2094 2066 2549 2138 συγκεχώρηται,
2603 2064 2918 2136 συμϐαίνειν
2964 2081 3025 2118 τε
3084 2064 3178 2116 καὶ
3229 2063 3668 2134 ἀποσυμεαὶνειν

2093 2158 2487 2230 παραπλησίως
2517 2157 2596 2229 τῷ
2629 2157 2830 2221 σκότει,
2857 2157 3125 2212 καὶτοῦτο
3149 2155 3266 2211 λίαν
3291 2143 3581 2228 χρησίμως
3610 2172 3666 2208 τε

2092 2250 2188 2304 καί
2219 2250 2550 2318 ἀναγκαίως·
2571 2250 2620 2302 εἰ
2646 2248 2754 2317 γάρ
2794 2249 2866 2319 μὴ
2894 2249 3262 2320 ἐπετέτραπτο
3284 2249 3510 2318 ψεύδους
3544 2250 3668 2300 ἐπέ-

2093 2361 2229 2406 νοια,
2257 2342 2513 2414 ἀδόκιμος
2538 2341 2603 2396 ἂν
2623 2337 2690 2412 ἦν
2713 2341 2806 2395 καὶ
2821 2341 3175 2404 ἀὸασάνιστος
3198 2343 3318 2394 κατ’
3337 2339 3666 2411 ἀνθρώπους

2091 2434 2191 2504 τῆς
2219 2433 2476 2504 ἀληθείας
2502 2435 2534 2504 ή
2571 2433 2801 2504 αἵρεσις·
2841 2432 3018 2503 μάτην
3043 2432 3086 2484 δ’
3116 2431 3181 2485 ἂν
3211 2433 3304 2484 καὶ
3327 2432 3662 2502 ὠνομάζετο,

2093 2529 2144 2579 εί
2183 2525 2256 2597 μὴ
2279 2527 2340 2579 τὸ
2366 2526 2560 2596 ψεῦδος
2589 2524 2973 2596 συγκεχώρητο
3001 2527 3064 2595 τῇ
3100 2526 3327 2595 ἐπινοίᾳ·
3352 2525 3524 2587 οὐδεὶς
3557 2523 3666 2592 γὰρ

2092 2617 2159 2670 ἂν
2191 2613 2258 2687 ἦν
2293 2616 2612 2687 φιλαλήθης,
2650 2618 2698 2667 εί
2740 2615 2814 2686 μὴ
2846 2617 2940 2669 καὶ
2966 2615 3059 2667 τοῦ
3089 2614 3377 2684 ψεύδεσθαι
3417 2615 3516 2684 τὴν
3545 2613 3668 2664 ἐπί-

2093 2725 2242 2762 νοιαν
2271 2704 2412 2778 εἶχεν
2446 2709 2530 2777 ἐφ’
2559 2707 2750 2778 ἐαυτῷ.
2784 2707 2859 2760 Οὐ
2887 2708 3050 2778 φημὶ,
3077 2707 3157 2759 ὅτι
3194 2707 3665 2777 προσκεχαρισμέο

2092 2818 2181 2855 νον
2219 2800 2285 2854 ἀν
2318 2800 2402 2870 εἴη
2447 2802 2513 2872 τῇ
2545 2799 2774 2870 ἀληθείᾳ
2812 2799 2873 2852 τὸ
2900 2797 3110 2869 ψεῦδος,
3145 2798 3258 2851 ἀλλ’
3284 2798 3366 2850 ὅτι
3404 2798 3504 2868 τῆς
3532 2797 3666 2868 ἀληφ

2094 2891 2244 2953 θείας
2275 2891 2308 2961 ἡ
2341 2889 2548 2959 αἵρεσις
2581 2889 2681 2942 οὐκ
2714 2888 2778 2943 ἄν
2810 2905 2872 2956 γε
2916 2885 3052 2942 εἶναι
3090 2887 3282 2952 ἐδόκει,
3325 2889 3372 2939 εἰ
3411 2887 3485 2956 μὴ
3521 2904 3668 2956 παρ-

2093 2982 2268 3036 έκειτο
2311 2981 2407 3036 τοῦ
2459 2981 2750 3050 ψεύδεσθαι
2804 2983 2836 3051 ἡ
2886 2979 3130 3047 ἐξουσίαο
3182 2980 3210 3033 ὃ
3253 2981 3318 3051 δὴ
3367 2981 3509 3046 ὑπὲρ
3555 2979 3668 3032 τιῖινι⁸

2095 3072 2422 3144 φιλαλήθων,
2455 3073 2553 3142 οὐχ
2585 3070 2725 3142 ὑπὲρ
2751 3071 2850 3141 τῆς
2877 3069 3130 3140 ἀληθείας
3157 3070 3291 3122 ἐστί.
3329 3071 3418 3122 Δεῖ
3443 3068 3550 3141 γὰρ
3571 3069 3668 3123 τὸν

2096 3166 2426 3238 ἀληθεύοντα
2464 3164 2608 3236 ἔχειν
2638 3165 2720 3232 ἐφ’
2753 3161 2930 3232 ἐαυτῷ
2967 3163 3061 3216 καὶ
3089 3163 3150 3216 τὸ
3189 3161 3470 3230 ςεὺδεσθαι
3505 3162 3670 3232 αὐτῷ

2094 3263 2314 3327 ἐξεῖναι,
2361 3254 2421 3314 οὗ
2466 3258 2800 3329 ἀπεχόμενος
2846 3255 3120 3325 ἀληθεύει.
3165 3255 3434 3327 Προσάγει
3478 3255 3663 3306 τοίνυν

2095 3353 2400 3425 ἀνθρώποις
2432 3351 2530 3421 τῆς
2563 3349 2819 3421 ἀληθείας
2853 3347 2950 3418 τὴν
2998 3347 3324 3418 προτίμησιν
3360 3345 3421 3398 τὸ
3462 3344 3668 3409 ἐξεῖναι

2093 3445 2406 3516 ψεύδεσθαι.
2455 3443 2664 3512 Ὥσπερ
2707 3441 2882 3510 φωτὸς
2925 3441 3169 3498 ἀνακινεῖ
3205 3439 3304 3510 τὴν
3339 3437 3586 3508 αἴσθησιν
3625 3438 3664 3505 ἠ

2095 3541 2243 3605 θέσις
2271 3539 2366 3594 τοῦ
2409 3539 2656 3601 σκότους·
2697 3537 2884 3608 ὥσπερ
2915 3535 3097 3607 μέντοι
3129 3534 3188 3586 τὸ
3216 3533 3329 3601 φῶς
3359 3535 3418 3585 ἐν
3444 3535 3509 3602 τῇ
3537 3548 3664 3584 σκο-

2092 3634 2184 3704 τίᾳ
2219 3631 2398 3703 φαίνει
2436 3629 2662 3699 (διαλύει
2693 3628 2802 3700 γάρ
2830 3629 2962 3682 αὐτὸ
3000 3627 3172 3689 ἐπιὸν,
3207 3625 3303 3677 ἀτε
3332 3623 3397 3694 δὴ
3433 3624 3507 3695 μὴ
3543 3623 3670 3675 κατ’

2093 3726 2278 3780 οὐσίαν
2324 3723 2610 3796 ὑπάρχον),
2654 3709 2824 3784 οὕτως
2873 3721 2968 3774 καὶ
3011 3722 3044 3792 ἡ
3089 3719 3348 3791 ἀλήθεια,
3383 3715 3528 3771 κατά
3569 3715 3665 3768 τοῦ

2091 3817 2320 3887 ψεύδους
2355 3814 2805 3888 κρατιστεύουσα,
2839 3812 3103 3882 διελέγχει
3131 3809 3412 3873 παντελῶς
3433 3809 3567 3863 αὐτὸ
3590 3809 3667 3880 μὴ

2094 3911 2175 3975 δν,
2220 3908 2434 3980 ἐπινοίᾳ
2477 3910 2546 3980 τῇ
2599 3905 2815 3976 ἐξουσίᾳ
2857 3903 2951 3957 τοῦ
2981 3902 3241 3973 λογισμοῦ
3273 3900 3555 3972 παρεισιὸν
3582 3902 3668 3964 είς

2094 4003 2304 4073 αἵρεσιν
2334 4000 2554 4070 ἐαυτῆς⁶
2594 3997 2711 4060 πῶς
2749 3997 2859 4068 γὰρ
2901 3996 2967 4050 ἀν
2993 4013 3076 4059 τις
3104 3995 3357 4063 ἀλήθειαν
3387 3995 3575 4056 ἕλοιτο,
3606 3995 3660 4045 εἰ

2099 4095 2174 4166 μὴ
2205 4095 2299 4147 καὶ
2321 4091 2414 4147 τοῦ
2439 4089 2810 4160 ἀντικειμένου
2836 4089 2934 4159 τὴν
2958 4088 3165 4158 αἵρεσιν
3191 4086 3303 4158 ἔχοι
3330 4085 3409 4153 ἐφ’
3438 4083 3615 4153 ἐαυτῷ
3634 4125 3654 4144 ,

2170 4376 2234 4428 Ei
2268 4374 2367 4445 μὲν
2391 4369 2482 4426 οὖν
2509 4373 2678 4438 δεῖξαι
2705 4372 2950 4435 δυνατὸν,
2972 4371 3048 4434 ὼς
3071 4370 3189 4422 κατ’
3212 4369 3394 4422 οὐσίαν
3420 4365 3657 4436 ὖπάρχει

420 4447 805 4510 substantiam,
864 4455 920 4502 et
965 4463 1074 4502 non
1126 4449 1386 4506 advenire
1429 4459 1484 4506 et
1536 4453 1807 4517 recedere,
1848 4456 1989 4512 sicut

2095 4468 2155 4520 τὸ
2177 4467 2386 4528 σκότος,
2411 4465 2532 4534 οὑχί
2553 4465 2610 4517 δὲ
2634 4464 2920 4535 συμϐαίνει
2941 4463 3036 4516 καὶ
3058 4459 3451 4530 ἀποσυμσαίνει
3475 4459 3664 4528 μόνον,

419 4540 626 4596 dictum
663 4547 768 4605 est,
798 4539 926 4610 poni
969 4541 1133 4595 etiam
1205 4550 1388 4612 posset
1449 4541 1586 4597 falsa
1629 4551 1684 4598 et
1736 4544 1994 4601 mendosa

420 4632 750 4688 substantia.
811 4631 914 4686 Sin
952 4647 1081 4686 vero
1114 4648 1215 4688 nec
1263 4634 1353 4688 ille
1400 4649 1500 4690 nec
1544 4636 1684 4692 alius
1710 4637 1997 4693 ostendere

422 4732 620 4794 potest,
651 4739 764 4779 non
809 4723 1036 4779 dissolvi
1067 4724 1168 4780 has
1218 4727 1480 4781 tenebras
1535 4743 1654 4797 qute
1709 4731 1777 4782 ad
1821 4732 1996 4785 instar

422 4815 626 4870 umbrae
657 4817 812 4878 liunt,
863 4823 924 4870 ut
953 4815 1135 4870 lumen
1180 4815 1400 4885 quidem
1429 4824 1596 4872 noctu
1630 4819 1878 4885 exsistat,
1910 4832 1993 4876 te-

421 4907 606 4962 nebrae
630 4922 762 4962 vero
808 4907 1046 4962 interdiu
1082 4921 1191 4962 non
1231 4908 1374 4973 sint;
1420 4909 1591 4980 liquet
1632 4925 1809 4980 neque
1838 4927 1993 4967 men-

418 4999 659 5063 dacium,
715 4999 861 5070 quod
901 5016 1026 5054 cum
1078 4999 1323 5055 tenebris
1351 5001 1761 5057 similitudinem
1809 5002 1991 5068 habet,

419 5104 517 5158 per
561 5105 622 5146 se
669 5090 938 5146 exsistere
980 5089 1157 5146 instar
1197 5089 1538 5153 substantiae,
1602 5091 1698 5146 sed
1737 5107 1995 5148 necessa-

423 5184 504 5235 rio
557 5183 819 5252 permitti,
872 5190 932 5237 ut
963 5182 1296 5253 cogitatione
1325 5189 1537 5238 tantum
1569 5183 1661 5248 sit,
1716 5183 1878 5256 idque
1924 5185 1991 5241 ad

420 5274 742 5329 electionem
772 5273 1048 5330 veritatis.

493 5451 603 5522 (ιο)
638 5453 878 5518 Σκότος.
915 5451 1144 5522 Legerat
1173 5451 1366 5522 ψεῦδος
1395 5451 1698 5508 Turrianus
1719 5493 1734 5516 ,
1777 5460 1831 5508 et
1868 5455 1990 5522 qui-

422 5521 544 5575 dem
570 5521 774 5592 Optime
807 5543 819 5578 :
858 5539 962 5577 non
1000 5521 1144 5578 enim
1192 5521 1586 5592 comparantur
1627 5523 1716 5576 hic
1756 5521 1990 5579 tenebrae

423 5606 547 5644 cum
575 5591 838 5656 tenebris,
885 5592 980 5648 sed
1015 5591 1359 5645 mendacium
1397 5609 1519 5648 cum
1568 5601 1728 5648 nocte
1757 5601 1811 5648 et
1839 5605 1989 5648 lene-

425 5659 570 5732 ιιι-ξε.
595 5664 1051 5732 quemadmodum
1082 5662 1170 5715 lux
1205 5677 1329 5732 cum
1359 5664 1608 5718 veritate.
1641 5663 1800 5718 BASN.

495 5730 900 5801 (όιγΨεῦδος.
956 5731 1162 5785 Desunt
1210 5731 1299 5787 hic
1348 5732 1402 5786 in
1437 5731 1624 5788 Graeco
1671 5734 1825 5802 plura
1866 5747 1988 5804 qua:

2097 4560 2172 4623 ὡς
2199 4559 2445 4630 εἴρηται·
2480 4555 2663 4627 τεθείη
2699 4555 2764 4610 ἂν
2791 4556 2887 4609 καὶ
2914 4554 3113 4627 ψευδὴς
3135 4552 3294 4606 οὐσία
3312 4570 3332 4584 ι
3365 4554 3415 4605 εί
3445 4551 3504 4604 δὲ
3535 4551 3662 4621 μήτ’

2099 4654 2328 4715 ἐκεῖνος,
2353 4651 2490 4721 μήτε
2535 4649 2692 4712 ἄλλος
2728 4647 2898 4712 δεῖξαι
2941 4645 3182 4708 διῑναταις,
3216 4645 3295 4708 ὡς
3325 4643 3485 4697 τοῦτο
3507 4641 3572 4712 δὴ
3599 4643 3664 4694 τὸ

2103 4739 2294 4802 σκότος
2322 4739 2443 4808 οὐχὶ
2471 4737 2716 4791 διάλυτόν
2745 4739 2861 4790 ἐστι
2895 4737 3056 4799 σκιᾶς
3081 4735 3282 4805 τρόπον
3313 4733 3663 4803 γιγνόμενον,

2093 4830 2170 4894 ὡς
2201 4830 2263 4883 τὸ
2290 4831 2389 4901 μὲν
2419 4827 2535 4899 φῶς
2560 4829 2826 4901 ὑπάρχειν
2850 4829 2940 4883 καὶ
2972 4829 3030 4881 ἐν
3066 4826 3242 4889 νυκτὶ,
3276 4826 3340 4879 τὸ
3366 4825 3424 4878 δὲ
3471 4826 3658 4888 σκότος

2095 4925 2152 4976 ἐν
2180 4923 2362 4993 ἡμέρᾳ
2397 4922 2471 4993 μὴ
2514 4920 2652 4974 εἶναι
2697 4920 2756 4973 τὺ
2786 4919 3062 4988 ἀναλόγως
3095 4918 3218 4988 ἕχον
3256 4916 3405 4986 αὐτῷ
3441 4915 3659 4986 ψεῦδος,

2096 5013 2274 5084 δῆλον,
2307 5013 2384 5075 ὼς
2414 5012 2522 5065 οὐδ’
2556 5011 2688 5064 αὐτὸ
2723 5011 3026 5080 ὑφέστηκεν
3062 5009 3250 5070 οὐσίας
3287 5008 3489 5077 τρόπον
3514 5005 3659 5067 τινὰ.

2090 5103 2401 5171 ἀναγκαίως
2415 5102 2472 5155 δὲ
2490 5102 2648 5172 μόνον
2657 5103 2776 5154 κατ’
2799 5101 3038 5153 ἐπίνοιαν
3066 5097 3441 5167 ἐπιγίγνεσθαι
3459 5114 3655 5166 συγκε-

2092 5195 2333 5266 χώρηται
2357 5194 2492 5265 πρὸς
2512 5193 2721 5264 αἵρεσιν
2755 5193 2850 5262 τῆς
2882 5191 3158 5263 ἀληθείας.

2091 5469 2313 5511 sensum
2371 5471 2481 5509 non
2532 5455 2695 5510 modo
2740 5455 3059 5514 obscurum,
3121 5454 3215 5509 sed
3273 5453 3650 5522 imperfectum

2089 5526 2346 5580 reddunt.
2383 5525 2473 5580 Sic
2503 5527 2808 5596 supplercm
2835 5544 2847 5578 :
2880 5525 2947 5594 ἢν
2972 5523 3130 5585 αὐτὸς
3159 5523 3450 5593 ἀγέννητον
3481 5522 3646 5649 ἀρῧν

2089 5595 2253 5649 λέγει.
2283 5595 2416 5649 μηδὲ
2436 5597 2581 5649 ἐστιν
2611 5597 2768 5649 οὐσία
2791 5595 3130 5649 ὐφεστηκυῖά
3151 5613 3208 5648 τε
3237 5595 3329 5648 καὶ
3360 5593 3532 5649 ζῶσαο
3581 5607 3594 5628 ν
3617 5605 3646 5645 ι

2087 5595 2253 5664 λέγει,
2281 5595 2416 5666 μηδὲ
2436 5593 2588 5649 ἐστιν
2609 5593 2768 5666 οὐσία
2791 5593 3130 5666 ὑφεστηκυῖά
3151 5613 3208 5648 τε
3237 5595 3329 5648 καὶ
3360 5593 3537 5658 ζῶσαί
3559 5593 3647 5649 his

2089 5664 2418 5738 respondent
2451 5668 2650 5738 optime
2686 5665 2893 5720 Latina.
2931 5664 3003 5720 lu.
