3968 6914
302 307 443 362 ηπ.

1379 313 1745 373 Αονεκευδ
1771 316 2190 374 ΜΔΝΙΟΗᾸΞΟΞ
2225 317 2352 374 LIB.
2393 319 2453 379 ΙΙ.

3378 324 3516 381 Ηῗᾶ

384 422 600 493 Ἐπειδὴ
629 420 701 481 δι.
729 420 789 474 τδ
819 421 937 491 φῶς
967 424 1087 477 κατ’
1124 424 1311 481 οὐσίαν
1338 427 1633 501 ὑφέστηκε,
1677 431 1854 500 σαφῶς

2031 432 2166 502 Quia
2196 448 2322 489 vero
2348 433 2528 488 lumen
2569 432 2867 490 secundum
2891 433 3256 490 Substantiam
3310 452 3404 507 per
3455 454 3515 494 se

299 516 412 587 ἄρα
443 516 535 568 καὶ
561 512 816 583 ἀλήθειαν
852 517 1123 583 νομίσειεν
1154 516 1220 572 ἀν
1260 535 1345 582 τις
1379 522 1501 574 κατ’
1535 522 1721 576 οὐσίαν
1753 524 1856 592 ὑφ-

299 608 542 671 εστάναι,
563 607 649 660 ἶνα
678 607 778 677 τῆς
800 607 1089 678 ἀναλογίας
1116 609 1354 683 σώζηται
1377 614 1411 684 η
1439 613 1695 686 ἀκρίϐεια
1716 631 1728 645 ·
1762 615 1859 669 καὶ

299 700 350 753 τί
376 699 441 770 δὴ
472 698 534 752 τὸ
583 697 793 753 κωλύον
821 698 957 753 Θεὸν
986 702 1375 774 αὑτοαλήθειαν
1418 701 1575 772 εἶναι,
1610 706 1862 778 ἡγεῖσθαί

299 807 357 844 τε
385 791 482 845 καὶ
516 788 792 861 νομίζειν;
821 792 870 843 εί
904 790 1017 864 7&9
1042 792 1159 862 φῶς
1185 797 1214 848 6
1235 794 1388 860 Θεὸς,
1412 796 1530 865 φῶς
1561 798 1770 869 νοητὸν,
1797 799 1858 851 οὐ

302 881 411 954 7&9
437 881 502 953 δὴ
531 881 747 951 ὁρατὸν,
779 882 895 951 φῶς
939 883 1119 954 δῆλον,
1157 886 1234 950 ὡς
1282 887 1539 959 ἀλήθεια·
1592 888 1709 958 φῶς
1751 888 1861 962 γὰρ

299 971 483 1043 νοερὸν
519 971 670 1025 οὐδὲν
693 971 840 1039 ἀλλο,
873 973 1014 1045 πλὴν
1053 974 1343 1047 ἀληθείας*
1384 978 1534 1049 ὅμως
1560 979 1617 1033 δὲ
1659 980 1774 1049 φῶς
1800 998 1860 1035 τε

298 1065 394 1117 καὶ
442 1063 805 1135 αύτοαλήθεια
854 1066 1137 1137 τυγχάνων
1187 1070 1217 1122 ό
1260 1058 1393 1133 Θεὸς
1436 1071 1535 1124 ούκ
1589 1072 1864 1145 ἀδυναμίᾳ

295 1154 522 1226 ψεύδους
552 1157 847 1228 ἀπέχεται,
892 1158 1028 1212 ἀλλά
1073 1160 1147 1232 μὴ
1199 1160 1519 1233 βουλόμενος
1557 1164 1859 1234 ψεύσασθαί

297 1262 458 1301 ποτε.
484 1246 549 1299 Et
585 1245 643 1300 δι
666 1262 731 1315 γε
778 1247 852 1319 μὴ
876 1248 1117 1315 δύναται,
1168 1252 1229 1304 οὐ
1268 1251 1379 1324 7&9
1421 1254 1619 1310 ἄτοπον
1664 1257 1859 1319 εἰπεῖν.

295 1334 479 1407 ιπειδή
505 1353 570 1406 γε
596 1336 851 1393 οὐδέποτε
872 1340 992 1409 ούχὶ
1029 1338 1105 1411 μὴ
1131 1339 1399 1410 βούλεται.

1956 526 2182 588 exstitit,
2219 526 2378 598 plane
2411 524 2726 581 existimare
2764 525 2891 581 licet
2922 541 3043 581 esse
3088 528 3364 584 veritatem
3416 545 3513 602 per

1958 632 2017 672 se
2041 615 2341 673 secundum
2373 615 2758 682 substantiam,
2801 623 2860 670 ut
2895 616 3265 673 similitudinis
3294 632 3356 674 ac
3387 635 3514 689 pro-

1958 710 2223 780 partionis
2253 709 2395 763 ratio
2425 708 2608 764 limate
2647 716 2702 764 et
2743 707 2980 779 perfecte
3009 718 3289 783 servetur,
3320 712 3515 782 ecquid

1959 798 2228 870 prohibet,
2254 797 2390 868 quin
2421 795 2591 854 Deum
2642 798 2814 869 ipsam
2849 814 2945 869 per
2976 814 3035 856 se
3076 803 3353 857 veritatem
3392 817 3515 859 esse

1959 888 2334 946 existimemus
2372 894 2427 944 et
2475 891 2832 960 reputemus?
2861 889 2917 946 Si
2951 891 3094 946 enim
3122 891 3265 949 Deus
3294 901 3378 950 est
3428 894 3514 949 lu-

1961 995 2105 1044 men,
2132 980 2314 1036 lumen
2337 988 2516 1036 autem
2540 979 2900 1054 intelligibile,
2929 998 3038 1039 non
3062 984 3408 1055 aspectabile.
3433 985 3516 1041 lu-

1961 1085 2087 1128 men
2135 1072 2344 1129 scilicet
2387 1070 2529 1128 sicut
2567 1074 2802 1143 veritas;
2844 1075 3025 1132 lumen
3060 1078 3205 1133 enim
3234 1077 3515 1149 spirituale

1959 1162 2095 1216 nihil
2124 1163 2271 1218 aliud
2299 1171 2404 1229 est,
2433 1178 2595 1234 quam
2642 1165 2822 1223 lumen
2853 1168 3128 1236 veritatis;
3158 1168 3301 1226 Deus
3331 1176 3514 1226 tamen

1959 1271 2083 1311 cum
2117 1257 2298 1313 lumen
2330 1266 2384 1313 et
2424 1258 2542 1328 ipsa
2595 1273 2693 1329 per
2732 1274 2791 1315 se
2823 1263 3026 1317 veritas
3056 1260 3148 1327 sit,
3177 1277 3205 1316 a
3236 1261 3516 1319 mendacio

1875 1364 1884 1373 ·
1959 1346 2216 1410 abstinet,
2252 1354 2361 1402 nOn
2393 1349 2520 1417 quia
2550 1346 2731 1403 deﬁcit
2757 1349 2805 1404 ei
2833 1358 3095 1420 potestas,
3127 1351 3221 1408 sed
3246 1351 3373 1423 quia
3405 1365 3514 1405 nou

294 1427 411 1482 vult
446 1442 682 1499 unquam
738 1432 975 1486 mentiri.
1036 1431 1093 1487 Si
1136 1441 1317 1488 autem
1358 1449 1469 1490 non
1508 1441 1709 1506 potest,
1754 1451 1864 1494 non
1909 1437 2052 1493 enim
2080 1437 2378 1493 absurdum
2401 1446 2483 1495 est
2512 1440 2590 1494 sic
2620 1439 2791 1510 loqui,
2822 1440 2944 1498 ideo
2973 1457 3082 1498 nou
3128 1449 3329 1513 potest,
3385 1440 3515 1513 quia

293 1542 589 1598 nunquam.
612 1530 750 1585 vult.

363 1614 461 1683 Οἷς
504 1621 604 1691 μὲν
631 1621 739 1694 7&9
780 1621 969 1676 καὶτὸ
1022 1623 1301 1696 βούλεσθαι
1337 1630 1432 1683 καὶ
1470 1630 1531 1684 τδ
1575 1631 1672 1702 μὴ,
1720 1630 1861 1686 κατά

2034 1627 2245 1698 Quibus
2292 1631 2438 1687 enim
2470 1630 2609 1687 velle
2656 1635 2711 1686 et
2742 1644 2853 1685 non
2888 1628 3027 1684 velle
3052 1625 3263 1682 diverse
3294 1626 3514 1691 accidit.

292 1712 547 1783 διάφορον
578 1712 780 1784 τρόπον
812 1715 1216 1787 ἐπισυμσαίνει,
1247 1720 1460 1786 τούτοις
1501 1721 1737 1791 εὐλόγως
1767 1724 1854 1777 καὶ

1961 1728 2107 1777 recte
2134 1729 2188 1776 et
2214 1720 2415 1777 rationi
2441 1720 2830 1776 convenienter
2857 1719 2943 1775 his
2975 1716 3290 1773 attribuitur
3316 1730 3513 1788 posse:

292 1804 354 1856 τὸ
405 1802 663 1859 δύνασθαι
708 1804 1035 1880 ἀφώρισται.
1094 1809 1213 1882 Θεῷ
1242 1811 1299 1865 δέ
1347 1828 1430 1881 γε,
1486 1812 1670 1885 ἐπειδὴ
1716 1814 1862 1869 οὐδέ-

294 1910 424 1948 ποτε
463 1895 744 1966 συμϐαίνει
774 1898 834 1952 τὸ
867 1898 1172 1968 βούλεσθαι,
1206 1901 1271 1958 τδ
1307 1904 1382 1974 μὴ
1415 1903 1669 1959 δύνασθαι
1695 1922 1862 1978 προσ-

293 1988 527 2042 απτέον·
582 1988 725 2044 οὕτω
757 1992 963 2062 μέντοι,
998 1994 1086 2049 διὰ
1111 1995 1173 2048 τὸ
1230 1998 1502 2069 μηδέποτε
1558 1997 1857 2069 βούλεσθαι,

292 2078 414 2151 ούχὶ
436 2078 522 2134 διά
552 2080 615 2135 τὸ
644 2081 720 2154 μὴ
750 2082 1010 2140 δύνασθαι
1052 2087 1254 2159 τρόπον
1293 2089 1575 2154 ἀσθενείας
1598 2090 1692 2145 καὶ
1730 2090 1858 2145 ἀδυ-

294 2172 525 2244 ναμίαςο
560 2173 620 2227 τὸ
649 2175 746 2246 μὲν
774 2176 884 2248 7&9
904 2177 1287 2252 δημιούργημα
1317 2181 1653 2253 πεπεδῆσθαι
1679 2182 1853 2252 φύσει.

293 2264 436 2332 λέγω
466 2264 530 2336 δὴ
566 2266 627 2319 τὸ
665 2270 973 2339 σωματικὸν
1014 2271 1150 2341 φῶς,
1204 2274 1306 2326 οὐκ
1345 2272 1538 2343 ἄλογον
1567 2264 1756 2344 φάναι,
1784 2276 1859 2340 ὡς

297 2355 372 2426 μὴ
396 2356 484 2408 ἐπ’
508 2358 657 2429 αύτῷ
678 2355 897 2415 εἶναιτὸ
925 2356 1064 2416 εῖναι
1085 2363 1221 2433 φῶς,
1246 2364 1360 2419 ἀλλ’
1392 2367 1485 2420 ἐπὶ
1504 2365 1581 2439 τῷ
1602 2370 1858 2439 ποιήσαν-

292 2464 346 2499 τι
366 2465 380 2478 ·
402 2448 495 2503 τὸν
524 2449 579 2503 δὲ
608 2452 949 2525 Δημιουργδν
974 2454 1378 2527 ύποϐεσλῆσθαι
1405 2457 1620 2528 φύσεως
1644 2460 1862 2534 ἀνάγκῃ

294 2537 414 2592 λίαν
450 2540 648 2595 ἄτοπον
682 2544 954 2613 ἡγεῖσθαι,
984 2545 1060 2610 ὡς
1094 2546 1168 2619 μὴ
1198 2549 1283 2601 ἐπ’
1317 2548 1465 2620 αύτῷ
1504 2545 1645 2605 εἶναι
1684 2552 1858 2605 δοκεῖν

293 2631 357 2685 τὸ
406 2631 723 2705 ἀληθεύειν,
777 2636 910 2690 ἀλλά
958 2638 1095 2709 πρὸς
1132 2639 1233 2708 τῆς
1279 2640 1492 2710 φύσεως
1542 2641 1856 2712 βεσιᾶσθαι,

296 2722 539 2793 καίτοιγε
584 2726 723 2800 ὅπερ
760 2729 941 2793 ἐστὶν,
976 2731 1110 2784 αὐτὸ
1161 2732 1319 2803 μόνον
1367 2736 1537 2789 ἐστίν.
1599 2735 1738 2789 Ἀλλ’
1774 2730 1858 2802 οἷς

298 2815 399 2885 μὲν
436 2817 835 2891 ἐδημιούργησε
881 2821 1150 2877 ὲντέθεικε
1193 2824 1253 2878 τδ
1299 2825 1458 2893 φύσει
1498 2826 1593 2880 καὶ
1644 2827 1857 2900 ἀνάγκῃ

294 2903 436 2961 εἶναι
478 2909 508 2963 ὃ
568 2911 705 2964 είσιν
724 2928 736 2940 ’
792 2912 942 2984 αὐτῷ
1001 2914 1183 2984 μέντοι
1235 2915 1534 2972 ἐντέθεικεν
1574 2917 1750 2983 οὐδεὶς
1795 2919 1859 2973 τὸ

295 2998 511 3071 ἀνάγκη
542 2996 679 3055 εἶναι
711 3001 981 3072 ἀλήθειαν.
1036 3005 1243 3060 υύκοῦν
1282 3006 1494 3078 φύσεως
1533 3009 1632 3079 μὲν
1672 3011 1857 3066 ἐπάνω

1961 1812 2071 1868 Deo
2103 1822 2281 1869 autem
2315 1813 2573 1884 quoniam
2612 1826 2890 1883 nunquam
2938 1809 3137 1869 accidit
3175 1809 3332 1875 velle,
3377 1823 3515 1865 con-

1960 1903 2219 1959 ﬁtendum
2260 1912 2346 1960 est
2392 1918 2500 1959 non
2545 1917 2707 1975 posse
2745 1918 2868 1959 eum
2901 1902 3152 1967 mentiri;
3200 1902 3281 1957 sic
3311 1910 3513 1964 tamen.

1957 1996 2086 2067 quia
2116 1995 2326 2053 scilicet
2346 2010 2454 2050 non
2482 2002 2658 2069 potest
2691 1995 2862 2063 velle;
2898 2009 3008 2050 non
3043 2002 3223 2050 autem
3254 1995 3382 2065 quia
3405 2009 3512 2050 non

1958 2098 2137 2161 potest
2168 2089 2236 2145 ad
2286 2090 2458 2148 instar
2501 2090 2639 2162 ejus
2663 2090 2753 2145 cui
2783 2096 2869 2145 est
2906 2086 3196 2144 inﬁrmitas
3242 2094 3297 2143 et
3332 2085 3514 2142 deﬁci:

1956 2190 2242 2252 potestas:
2288 2190 2591 2239 creaturam
2621 2181 2765 2238 enim
2806 2179 3056 2251 impediri
3110 2188 3168 2235 et
3212 2178 3511 2250 constringi

1956 2283 2172 2341 natura,
2206 2275 2407 2340 lumen,
2436 2275 2679 2345 inquam,
2711 2287 3031 2344 corporeum
3058 2286 3168 2326 non
3197 2270 3396 2326 habere
3417 2286 3511 2342 pe-

1956 2381 2053 2421 nes
2076 2380 2136 2421 se
2161 2406 2177 2431 ,
2214 2376 2273 2421 ut
2306 2366 2377 2423 sit
2409 2367 2614 2434 lumen,
2657 2364 2752 2421 sed
2784 2379 2949 2436 penes
2979 2371 3254 2419 auctorem
3287 2363 3509 2419 luminis

1955 2471 2096 2521 esse,
2124 2471 2233 2511 non
2266 2465 2349 2513 est
2382 2456 2619 2512 alienum
2654 2470 2686 2511 a
2716 2457 2930 2511 ratione
2957 2455 3037 2514 sic
3069 2453 3292 2520 dicere;
3321 2463 3511 2508 aucto-

1955 2562 2071 2603 rem
2100 2563 2229 2603 vero
2253 2547 2558 2618 subjectum
2585 2563 2708 2605 esse
2736 2546 3049 2604 necessitati
3092 2554 3320 2611 naturae,
3358 2545 3512 2602 valde

1954 2635 2252 2692 absurdum
2293 2646 2376 2693 est
2413 2636 2687 2709 cogitare;
2724 2644 2785 2692 ut
2825 2651 2935 2692 non
2961 2635 3209 2692 videatur
3234 2652 3400 2708 penes
3431 2637 3513 2707 ip-

1956 2741 2075 2782 sum
2110 2742 2232 2783 esse
2264 2743 2451 2783 verum
2482 2728 2682 2793 dicere,
2703 2727 2798 2783 sed
2825 2743 2858 2783 a
2886 2736 3082 2783 natura
3110 2743 3207 2797 per
3235 2728 3345 2783 vim
3366 2729 3509 2797 cogi,

1954 2832 2079 2873 cum
2112 2818 2312 2889 alioqui
2340 2820 2519 2889 ipsum
2545 2819 2719 2875 solum
2751 2818 2843 2887 sit,
2868 2819 3012 2889 quod
3038 2808 3252 2888 quidem
3290 2829 3392 2874 est.
3438 2816 3512 2875 lis

1955 2918 2135 2967 tamen
2164 2925 2287 2982 qua:
2309 2910 2535 2977 creavit,
2572 2910 2852 2981 imposuit,
2877 2918 2937 2965 ut
2965 2916 3156 2965 natura
3186 2917 3242 2966 et
3270 2909 3513 2966 necessi-

1962 3011 2071 3059 tate
2100 3013 2285 3059 essent
2316 3002 2463 3075 quod
2495 3011 2641 3060 sunt.
2694 3001 2804 3059 Deo
2828 3009 3012 3058 tamen
3044 3017 3203 3058 nemo
3232 3002 3509 3073 imposuit,

293 3091 325 3142 6
355 3087 545 3158 φύσεις
573 3094 1116 3167 κατασκευασάμενος
1134 3111 1148 3124 ·
1186 3098 1347 3162 αὐτὸς
1371 3098 1428 3153 δὲ
1453 3100 1666 3169 φύσεως
1690 3103 1854 3172 ἀνάγ-

1958 3101 2017 3148 ut
2058 3094 2383 3150 necessitate
2415 3101 2624 3149 natura:
2649 3100 2796 3149 esset
2811 3092 3033 3148 veritas.
3064 3090 3240 3165 Supra
3262 3100 3511 3161 naturam

294 3198 400 3327 ἕης
423 3182 735 3255 ἐλεύθεροςο
779 3185 923 3242 οὕτω
952 3186 1061 3260 γάρ
1091 3188 1306 3261 ἀληθῶς
1349 3190 1552 3259 ἀγαθὸς
1592 3192 1860 3265 ὁμολογη-

330 3276 533 3327 ήσεται.
1564 3324 1570 3327 _

330 3276 533 3346 ησεται.

364 3449 574 3505 Οὐκοῦν
598 3450 685 3505 διά
714 3450 821 3505 τῶν
845 3452 1148 3523 εἰρημένων
1184 3452 1313 3505 αύτδ
1343 3452 1537 3523 ψεῦδος
1567 3455 1667 3509 ούκ
1703 3456 1853 3512 εστι·

289 3542 531 3612 ψεύστης
563 3541 619 3595 δὲ
663 3545 694 3596 6
741 3543 1100 3615 ψευδόμενος·
1152 3545 1259 3599 ἀπὸ
1284 3543 1392 3617 γὰρ
1438 3545 1533 3600 τοῦ
1584 3549 1857 3618 μετιόντος

294 3632 570 3700 καλεῖται,
612 3636 711 3706 ούχ
750 3638 779 3689 ό
827 3634 1218 3707 μετερχόμενος
1265 3637 1371 3690 ἀπὸ
1412 3636 1506 3691 τοῦ
1562 3639 1636 3711 μὴ
1683 3639 1853 3705 ὄντος.

292 3724 503 3790 Ψεῦδος
540 3727 650 3798 7&9
681 3727 787 3799 πρὸ
819 3728 914 3782 τοῦ
963 3729 1304 3795 ἐπινοοῦντος
1341 3731 1474 3784 αὐτὸ
1509 3732 1607 3785 οὑκ
1641 3733 1707 3787 ἂν
1734 3733 1851 3806 εῐη·

292 3816 688 3889 παραπλησίως
717 3820 773 3874 δὲ
804 3821 896 3875 καὶ
935 3822 1124 3885 σκότος
1151 3823 1212 3876 ού
1245 3821 1701 3897 δεδημιούργηται
1733 3826 1851 3897 μὲν,

289 3910 711 3982 παρεισίρχεται
738 3911 817 3977 δὲ,
851 3911 979 3965 σκιά
1024 3911 1178 3965 τοῦδε
1212 3912 1305 3966 τοῦ
1350 3914 1850 3987 παντὸς¹ύπάρχονο

291 4004 431 4075 πλὴν
459 4005 583 4058 ὅσον
609 4005 672 4059 τδ
702 4005 801 4075 μὲν
832 4004 1020 4069 σκότος
1044 4006 1106 4058 ού
1131 4005 1290 4076 μόνον
1319 4007 1635 4079 ὑποτρέχειν
1661 4025 1855 4077 συγκε-

292 4095 559 4167 χώρηται,
594 4094 730 4149 ἀλλά
770 4095 869 4150 καὶ
896 4096 1017 4149 λίαν
1061 4096 1351 4169 ὠφελίμως
1371 4114 1386 4127 ·
1410 4098 1504 4152 τοῦ
1538 4099 1595 4152 δὲ
1622 4099 1852 4169 ψεύδους

289 4188 322 4256 ἡ
356 4187 569 4241 ἐπίνοια
614 4186 712 4259 τὴν
758 4186 858 4258 μὲν
902 4187 1112 4259 αἰρεσιν
1156 4187 1408 4259 διασαφεῖ
1451 4189 1553 4260 τῆς
1596 4189 1853 4263 ἀληθείας

289 4278 442 4351 παρὰ
475 4276 819 4352 ἀνθρὼποις’
868 4278 1265 4350 προτιμηθεῖσα
1313 4280 1371 4334 δὲ
1420 4281 1518 4351 τῆς
1558 4280 1847 4354 ἀληθείας,

290 4367 671 4440 βλασερωτάτη
703 4368 767 4437 γέ
793 4369 931 4432 ἐστι,
960 4370 1053 4422 καὶ
1076 4368 1218 4440 μάλα
1243 4386 1306 4438 γε
1349 4371 1572 4435 εἰκότως
1593 4386 1609 4402 ο
1655 4372 1849 4443 ψεῦδος
1879 4413 1942 4469 ι)

285 4459 396 4531 7&9
422 4459 559 4530 πρὸς
582 4459 882 4530 ἀνθρώπων
914 4461 1228 4527 ἐπινοεῖται,
1260 4461 1450 4527 σκότος
1475 4462 1533 4516 δὲ
1563 4462 1624 4517 τὸ
1653 4480 1844 4536 σωμα-

284 4551 435 4606 τικὸν
485 4551 637 4623 παρά
689 4553 824 4606 Θεοῦ
864 4555 1060 4608 κεῖται.
1087 4553 1178 4607 Διδ
1211 4556 1317 4623 χρὴ
1354 4554 1416 4608 τὸ
1474 4556 1570 4625 μὲν
1621 4556 1848 4612 νοοῦντα

286 4640 528 4710 φεύγειν,
563 4644 622 4697 τὸ
646 4643 705 4698 δὲ
728 4644 802 4715 μὴ
829 4643 1205 4718 λοιδορεῖσθαι,
1235 4645 1548 4714 ἀναγκαίως
1581 4648 1717 4719 πρὸς
1748 4649 1844 4702 τοῦ

285 4734 627 4808 Δημιουργοῦ
654 4736 923 4807 κείμενον.

1957 3185 2121 3256 igitur
2148 3192 2253 3247 est.
2296 3184 2390 3257 qui
2422 3194 2646 3240 naturas
2692 3183 2990 3241 fabricatus
3026 3193 3147 3252 est;
3191 3185 3307 3255 ipse
3331 3192 3512 3240 autem

1957 3278 2093 3334 liber
2119 3284 2207 3333 est
2233 3291 2265 3330 a
2298 3277 2626 3334 necessitate
2667 3285 2875 3331 naturae
2902 3293 2918 3331 :
2943 3275 3025 3333 sic
3065 3276 3208 3331 enim
3238 3290 3368 3332 vere
3413 3274 3512 3331 bo-

1958 3378 2086 3416 num
2114 3377 2236 3418 esse
2275 3362 2674 3417 conﬁtebimur.

2024 3453 2190 3526 Igitur
2210 3470 2277 3511 ex
2305 3455 2373 3509 iis
2401 3468 2522 3523 qua:
2539 3454 2682 3510 dicta
2711 3461 2860 3522 sunt,
2875 3451 3081 3525 patent,
3099 3469 3195 3524 per
3207 3469 3267 3511 se
3282 3456 3509 3512 menda-

1954 3545 2097 3600 cium
2122 3558 2231 3601 non
2257 3559 2411 3609 csse;
2436 3544 2750 3603 mendacem
2776 3558 2905 3600 vero
2923 3558 3046 3600 esse
3071 3558 3194 3600 eum
3228 3544 3323 3615 qui
3364 3561 3511 3602 men-

1955 3638 2120 3705 titur;
2151 3652 2183 3691 a
2207 3637 2501 3693 mentiente
2540 3636 2683 3691 enim
2707 3643 2934 3691 vocatur
2977 3635 3321 3692 mendacium
3348 3652 3364 3703 ;
3399 3652 3509 3691 non

1954 3737 2131 3787 autem
2162 3727 2428 3783 mentiens
2457 3734 2680 3782 vocatur
2698 3725 2772 3789 ab
2791 3741 2877 3789 eo,
2900 3726 3044 3797 quod
3085 3742 3194 3782 non
3216 3734 3320 3783 est.
3363 3727 3511 3784 Men-

1953 3819 2168 3874 dacium
2196 3819 2340 3874 enim
2369 3833 2478 3874 non
2506 3826 2686 3890 potest
2726 3834 2849 3876 esse
2878 3829 3166 3889 antequam
3201 3819 3504 3890 cogitetur:

1953 3909 2203 3966 similiter
2230 3910 2466 3965 tenebrae
2507 3924 2616 3965 non
2644 3916 2772 3965 sunt
2821 3918 3036 3976 creatas,
3068 3910 3161 3965 sed
3195 3909 3503 3974 subierunt,

1956 3998 2111 4055 facta:
2145 3999 2338 4054 umbra
2372 3999 2611 4055 universi
2639 4019 2652 4054 :
2689 4009 3046 4071 praeterquam
3080 3999 3226 4070 quod
3268 4000 3507 4057 tenebra:

1952 4106 2060 4175 non
2085 4091 2261 4146 solum
2307 4090 2493 4146 subire
2533 4090 2814 4160 permissa
2855 4098 3005 4155 sunt,
3035 4090 3128 4145 scd
3159 4091 3312 4147 valde
3340 4093 3504 4147 etiam

1951 4182 2173 4239 utiliter.
2202 4180 2466 4252 Cogitatio
2494 4196 2622 4236 vero
2660 4181 2925 4237 mendacii
2956 4181 3276 4237 electionem
3305 4183 3507 4239 verita-

1948 4272 2022 4327 tis
2045 4271 2186 4341 apud
2231 4270 2479 4325 homines
2511 4269 2775 4325 declarat.
2818 4268 2953 4324 Cum
2995 4286 3125 4326 vero
3158 4273 3506 4343 anteponitur

1949 4361 2165 4417 veritati
2190 4361 2552 4424 mendacium,
2575 4362 3021 4418 nocentissimum
3041 4370 3146 4429 est,
3171 4362 3330 4433 idque
3351 4363 3505 4419 valde

1950 4463 2346 4521 consentanee;
2378 4453 2718 4509 mendacium
2748 4453 2891 4509 enim
2913 4452 2980 4507 ab
3005 4452 3314 4511 hominibus
3340 4468 3505 4510 exco—

1948 4545 2175 4616 gitatum
2211 4552 2316 4607 est,
2359 4542 2595 4598 tenebrae
2641 4556 2769 4597 vero
2806 4556 3081 4613 corporeae
3118 4558 3147 4597 a
3184 4541 3292 4600 Deo
3314 4542 3504 4614 posita:

1949 4644 2097 4694 sunt.
2118 4635 2328 4693 Idcirco
2347 4642 2575 4706 oportet
2596 4634 2727 4690 illud
2759 4635 2974 4706 quidem
3005 4634 3217 4706 fugere;
3249 4634 3352 4690 hoc
3376 4649 3521 4690 vero.

1950 4745 2061 4785 non
2103 4728 2439 4798 vituperare,
2473 4724 2620 4797 quod
2659 4725 2972 4782 necessario
3005 4741 3037 4781 a
3062 4727 3320 4783 Creatore
3355 4727 3515 4800 posi~

1951 4831 2063 4876 tum
2095 4828 2196 4874 εει.

974 4936 1104 4991 ΕΜ».
1140 4935 1256 4992 XX.
1298 4936 1526 4991 lanatis
1563 4938 1814 5005 stultitia,
1848 4936 2085 5008 negantis
2125 4934 2265 4995 {eras
2292 4950 2327 4988 ο
2355 4932 2465 4989 Deo
2493 4932 2661 5002 fuisse
2684 4942 2911 4989 creatas.

354 5074 683 5144 Λοιδορεῖται
725 5072 821 5143 μὲν
865 5072 926 5124 ού
964 5069 1120 5124 τοῦτο
1147 5074 1306 5142 μόνον
1346 5074 1375 5126 6
1400 5072 1498 5138 τῆς
1528 5072 1839 5144 κενωτάτης

282 5167 422 5221 κατά
447 5165 581 5220 Θεοῦ
603 5165 950 5237 βλασφημίας
979 5165 1232 5236 εὑρετὴς,
1254 5163 1391 5219 ἀλλά
1416 5166 1515 5219 καῖ
1544 5164 1702 5231 ζώοις
1730 5169 1840 5230 τοῖς

280 5258 477 5329 ἀγρίαν
503 5255 663 5325 φύσιν
705 5255 854 5327 παρά
876 5254 970 5309 τοῦ
1001 5254 1345 5327 Δημιουργοῦ
1381 5255 1622 5326 λαχοῦσι.
1653 5256 1840 5327 σαφῶς

278 5349 437 5419 δίκην
464 5345 657 5419 ἐχθροῦ
690 5344 761 5399 τά
792 5346 968 5401 πάντα
995 5345 1260 5415 φιλαιτίου
1284 5347 1424 5401 κατά
1450 5347 1559 5401 τῶν
1584 5348 1853 5419 δημιουρι

277 5442 540 5511 γημάτων
572 5438 904 5512 κινούμενος.
949 5436 1186 5506 Ἐλέγξει
1225 5437 1282 5489 δὲ
1329 5439 1358 5490 ό
1386 5437 1539 5506 λόγος
1569 5438 1663 5491 τοῦ
1693 5439 1841 5492 ἀπα-ι

277 5530 478 5595 τεῶνος
508 5531 607 5600 τὴν
636 5530 827 5599 ἀλογον
861 5530 953 5582 καὶ
981 5530 1037 5581 ἐν
1062 5527 1271 5591 τούτοις
1292 5527 1657 5599 βλασφημίαν.

349 5707 524 5779 Θηρία
557 5706 663 5777 γὰρ
697 5706 908 5761 ἅπαντα
950 5703 1251 5776 τετράποδά
1288 5721 1344 5758 τε
1384 5704 1476 5758 καὶ
1508 5704 1710 5774 ἑρπετά
1739 5722 1837 5758 κα-

2017 5067 2301 5137 V'ituperat
2354 5074 2533 5121 autem
2590 5081 2698 5121 non
2746 5065 2845 5122 has
2888 5065 3069 5122 solum
3109 5066 3211 5123 iste
3244 5067 3499 5125 inauditae

1944 5168 2135 5218 contra
2177 5159 2342 5213 Deum
2376 5158 2724 5228 blasphemia:
2752 5158 3031 5225 inventor;
3064 5157 3156 5214 sed
3191 5160 3355 5213 etiam
3379 5160 3490 5214 ani-

1943 5257 2173 5312 mantes,
2198 5262 2319 5318 quae
2363 5257 2610 5302 naturam
2640 5261 2834 5303 saevam
2877 5249 3079 5303 sortitae
3108 5257 3237 5304 sunt
3273 5264 3302 5303 a
3329 5248 3497 5306 Crea—

1941 5352 2095 5409 tore;
2127 5355 2278 5396 more
2305 5338 2509 5393 inimici
2538 5339 2634 5409 qui
2669 5338 2848 5394 omnia
2875 5354 3164 5407 accusans,
3197 5340 3252 5399 in
3280 5349 3494 5397 creatu-

1938 5448 2029 5487 ras
2068 5430 2161 5486 Dei
2207 5430 2502 5486 invehitur.
2553 5428 2658 5485 Sed
2703 5430 3089 5501 blasphemiam
3124 5440 3391 5487 amentem
3436 5440 3492 5488 et

1939 5523 2225 5578 vecordem
2258 5524 2418 5579 istius
2457 5524 2763 5595 deceptoris
2804 5525 2859 5579 in
2904 5524 3215 5595 hujnsmodi
3247 5526 3492 5586 animan-

1944 5615 2091 5671 tibus
2118 5630 2298 5671 sermo
2330 5628 2511 5672 nosret
2544 5616 2850 5687 redarguet.

2014 5703 2219 5763 Omnes
2271 5708 2414 5763 enim
2452 5706 2597 5766 feras
2644 5722 2707 5762 ac
2746 5707 2971 5776 bestias,
3019 5708 3394 5782 quadrupech
3426 5716 3493 5763 fle
