3968 6914
454 261 585 318 H75

1593 282 1725 339 TITI
1768 286 2190 347 BOSTRENSIS
2219 296 2520 354 EPISCOH

3533 320 3663 375 N76

445 386 722 448 δίἰῬειιῑθι
748 397 871 437 cum
900 385 1194 457 vituperat,
1235 391 1456 461 perinde
1485 398 1616 453 mihi
1648 400 1826 457 facere
1859 404 2006 460 vide-

445 482 532 506 ιιιι-
587 481 644 506 nl
683 476 726 506 οἳ
753 476 872 506 ..ηει-
904 493 1094 506 ..ιη-...η
1133 482 1342 506 ,1-Διμ--
1370 504 1394 506 μ
1415 505 1423 506 ,
1449 505 1456 506 ,
1483 505 1488 506 ,
1669 502 1678 506 _
1715 495 1725 506 .
1891 498 1903 506 .
1930 499 1940 506 .

2110 408 2301 476 κίζων,
2352 415 2730 488 παραπλήσιόν
2766 438 2817 473 τι
2862 423 3088 494 πάσχειν
3130 443 3224 496 μοι
3268 428 3432 493 δοκεῖ,
3482 430 3668 506 ὥσπερ

442 482 552 536 tur,
587 481 646 528 ut
683 476 727 531 si
751 476 875 547 quis
903 493 1097 536 servus
1131 482 1349 543 deditus
1369 494 1608 557 peccatis
1631 502 1685 548 et
1713 495 2003 566 improbis-

442 565 637 627 simus,
679 567 783 619 alia
827 570 1046 638 quidem
1092 574 1301 632 domini
1334 588 1387 635 et
1414 586 1659 640 auctoris
1684 587 1769 641 sui
1795 565 2005 658 appro-

443 652 553 716 bet,
586 652 713 708 odio
742 665 921 713 autem
945 660 1141 718 habeat
1167 675 1220 719 et
1256 668 1579 726 criminetur
1620 652 1895 746 flagellum
1917 694 2006 733 so-

443 743 550 796 lum
587 745 730 813 quod
759 757 1017 820 apparet;
1062 753 1155 819 qui
1191 754 1311 825 ipso
1340 759 1559 828 quidem
1589 743 1717 817 odio
1746 766 2002 831 ostendit,

438 849 604 902 quam
650 841 1023 895 necessarium
1083 844 1154 899 sit
1197 845 1467 919 ﬂagellum
1500 856 1809 924 appositum
1847 878 1858 912 :
1904 859 2003 914 ho-

436 926 613 982 mines
645 931 786 984 enim
815 932 1000 990 faciles
1028 948 1081 992 et
1108 940 1281 1007 parati
1323 942 1390 995 ad
1423 945 1741 1015 capiendam
1774 950 2004 1007 oblivio-

436 1037 558 1074 nem
609 1033 801 1078 contra
852 1024 1047 1093 Deum,
1101 1031 1146 1085 si
1188 1033 1324 1088 nihil
1373 1035 1636 1093 haberent
1700 1042 1753 1095 in
1800 1044 2007 1100 fabrica

439 1115 628 1168 mundi
661 1116 805 1187 quod
836 1118 1057 1191 dignum
1086 1138 1209 1178 esse
1244 1133 1389 1181 metu
1435 1142 1738 1199 appareret,
1769 1137 2003 1206 amplius

440 1207 661 1273 quidem
691 1212 1049 1278 procederent
1071 1215 1254 1270 animo
1285 1226 1338 1273 et
1366 1220 1644 1278 voluntate
1675 1234 1869 1280 contra
1899 1228 2003 1283 De-

435 1313 563 1358 um;
605 1302 849 1357 accusati
889 1319 1020 1360 vero
1057 1315 1244 1363 essent
1288 1325 1397 1364 non
1424 1322 1592 1374 recte,
1628 1324 1813 1385 utpote
1856 1320 2003 1374 nulla

436 1405 494 1442 re
524 1404 712 1447 earum
747 1410 867 1464 quae
898 1407 1162 1467 apparent
1204 1402 1448 1458 excitati.
1496 1404 1608 1461 Etsi
1639 1408 1781 1461 enim
1810 1416 2002 1465 natura

435 1481 579 1535 inest
619 1485 777 1540 nobis
816 1486 1040 1543 libertas
1071 1490 1135 1543 ad
1168 1492 1475 1562 eligendum
1505 1497 1650 1566 quod
1683 1500 1877 1556 melius
1897 1511 1999 1565 est,

435 1582 618 1630 tamen
648 1584 870 1646 propter
899 1578 1172 1649 ignaviam
1219 1582 1379 1640 facile
1418 1586 1474 1641 in
1505 1588 1833 1649 oblivionem
1866 1593 2003 1648 inci-

433 1664 637 1721 dimus.
670 1666 837 1722 Multa
867 1669 1030 1742 igitur
1057 1683 1186 1728 sunt
1224 1691 1345 1746 quae
1368 1682 1682 1737 necessario
1712 1684 1996 1755 cogitatio-

434 1772 558 1811 nem
588 1767 832 1819 nostram
871 1762 940 1817 ad
982 1762 1152 1822 Deum
1184 1766 1380 1824 timore
1410 1772 1681 1830 excitant:
1714 1776 1856 1833 sicut
1881 1793 2001 1832 rur-

436 1863 531 1903 sus
570 1849 825 1918 plurima,
859 1870 980 1923 qua:
1022 1855 1163 1912 hanc
1192 1860 1579 1929 cogitationem
1612 1880 1709 1934 per
1757 1866 2007 1940 benigni-

435 1946 622 2005 tatem,
653 1949 708 1997 et
746 1943 904 2001 bonis
958 1944 1173 2001 fruendi
1222 1950 1434 2020 copiam
1480 1960 1535 2007 et
1583 1952 1891 2012 facultatem
1935 1959 2003 2014 ad

435 2030 675 2098 agendas
717 2033 922 2104 gratias
966 2032 1213 2091 Creatori
1263 2047 1525 2095 movent:
1570 2043 1816 2113 utrisque
1856 2045 2000 2101 enim

432 2122 735 2186 erudimur,
764 2135 816 2179 et
848 2125 1187 2184 instituimur
1219 2130 1285 2185 iis
1306 2132 1505 2202 quibus
1555 2141 1816 2204 tanquam
1843 2136 2011 2196 bonis,

436 2210 686 2270 truimur.
714 2214 861 2269 etiis
890 2216 1088 2285 quibus
1117 2225 1372 2290 tanquam
1412 2219 1763 2279 borribilibus
1794 2232 1848 2279 et
1876 2240 2001 2294 per-

435 2304 778 2361 tirncscendis
805 2306 1195 2364 convertimur.

2107 500 2172 593 ἂν
2207 501 2261 554 εί
2303 520 2385 568 τις
2415 505 2851 580 φιλαμαρτήμων
2892 511 3076 577 δοῦλος
3113 516 3207 568 καὶ
3244 516 3364 571 λίαν
3411 500 3668 593 πονηρὸς,

2103 592 2172 651 τηά
2208 593 2306 664 μὲν
2342 596 2476 651 ἄλλα
2517 599 2610 652 τοῦ
2653 599 2908 656 δεσπότου
2941 605 3106 658 αὑτοῦ
3144 608 3503 664 ἀκαταιτίατα
3534 592 3671 666 ἀπο-

2107 684 2328 756 δέχοιτο,
2373 690 2554 760 μισοίη
2596 691 2653 746 δὲ
2697 694 2792 747 καὶ
2822 695 3093 751 διαϐάλλοι
3140 699 3377 770 μάστιγά
3422 720 3525 756 που
3575 708 3667 758 καὶ

2110 778 2267 847 μόνον
2313 783 2641 855 φαινομένην
2661 802 2675 815 ’
2722 785 2871 858 αὐτῷ
2914 805 2978 857 γε
3024 789 3101 861 τῷ
3144 796 3318 862 μισεῖν
3358 797 3387 848 ό
3429 796 3665 861 τοιοῦτος

2103 867 2335 934 δεικνὺς,
2376 871 2452 936 ὡς
2485 874 2780 944 ἀναγκαῖον
2824 877 2891 930 τὸ»
2922 881 3349 951 παρακείμενον·
3389 886 3662 956 ἂνθρωποι

2103 958 2234 1031 γὰρ,
2287 962 2424 1033 πρὸς
2472 963 2572 1036 τὴν
2605 967 2748 1021 κατά
2787 967 2925 1021 Θεοῦ
2964 969 3131 1041 λήθην
3161 973 3440 1044 πρόχειροι
3460 978 3667 1045 τυγχά-

2104 1071 2284 1118 νοντες
2301 1094 2316 1117 ,
2360 1056 2410 1108 εἰ
2468 1056 2633 1127 μηδὲν
2673 1058 2821 1125 ἀξιον
2862 1060 3014 1124 δέους
3057 1063 3374 1135 φαινόμενον
3416 1062 3564 1136 εἶχον
3606 1068 3669 1120 ὲν

2102 1145 2468 1218 δημιουργίᾳ,
2516 1148 2679 1201 πλέον
2731 1150 2826 1220 μὲν
2879 1150 2945 1204 ἂν
2985 1153 3358 1224 ἐχωρίσθησαν
3408 1157 3673 1227 προθέσει

2102 1236 2198 1297 τοῦ
2241 1238 2398 1304 Θεοῦ,
2450 1240 2749 1313 ᾐτιάθησαν
2785 1243 2843 1296 δὲ
2890 1244 2989 1298 οὐκ
3025 1245 3292 1315 εὐλόγως,
3328 1248 3425 1301 an
3471 1248 3536 1319 δὴ
3580 1249 3671 1303 διά

2105 1331 2329 1402 μηδενὸς
2359 1331 2466 1385 τῶν
2523 1335 2860 1405 φαινομένων
2910 1336 3316 1409 διεγειρόμενοι.
3356 1341 3422 1392 Εἰ
3462 1340 3570 1411 γὰρ
3600 1341 3667 1411 δὴ

2102 1424 2196 1476 καί⁵
2225 1422 2516 1494 πρόσεστιν
2539 1427 2672 1496 ἡμῖν
2699 1425 2856 1495 φύσει
2887 1427 2947 1480 τὸ
2966 1428 3269 1499 ἐλευθέριον
3298 1431 3435 1502 πρὸς
3455 1433 3677 1503 αἰρεσιν-

2098 1513 2194 1567 τοῦ
2226 1514 2566 1586 κρείττονος,
2609 1516 2745 1571 ἀλλά
2772 1535 2836 1586 γε
2884 1517 2971 1572 διά
3020 1520 3301 1591 ῥᾳστώνης
3339 1522 3541 1593 ῥᾳδίως
3585 1526 3671 1587 εἰς

2100 1604 2270 1676 λήθην
2310 1606 2674 1679 ἐμπίπτομεν.
2712 1609 2889 1663 Πολλά
2932 1610 3112 1665 τοίνυν
3161 1612 3310 1666 ἐστὶν
3350 1614 3668 1681 ἀναγκαίως

2101 1695 2170 1748 τὰ
2201 1696 2534 1768 διεγείροντα
2559 1698 2635 1769 τῷ
2664 1699 2772 1754 δέει
2819 1702 2954 1771 πρὸς
2986 1702 3077 1759 τὸν
3107 1703 3239 1757 Θεὸν
3270 1703 3364 1758 τὸν
3393 1704 3670 1776 ἡμέτερον

2100 1787 2355 1860 λογισμόν
2374 1806 2389 1820 ο
2415 1790 2603 1860 ὥσπερ
2621 1787 2775 1856 αὖθις
2797 1795 3086 1866 πάμπολλα
3110 1796 3175 1850 τά
3198 1796 3454 1852 κινοῦντα
3474 1798 3669 1851 τοῦτον

2097 1879 2184 1933 διὰ
2209 1881 2568 1952 χρηστότητος
2598 1883 2690 1938 καὶ
2717 1885 3067 1951 ἀπολαύσεως
3090 1886 3307 1955 ἀγαθῶν
3335 1889 3418 1951 είς
3440 1888 3668 1958 χάριτος

2098 1972 2384 2042 ὁμολογίαν
2422 1974 2517 2027 τοῦ
2549 1976 2891 2048 Δημιουργοῦ
2914 1994 2926 2007 ·
2977 1979 3255 2051 ἑκατέροις
3288 1979 3399 2052 γὰρ
3427 1981 3672 2037 dm:-

2097 2062 2510 2135 δαγωγούμεθα,
2539 2060 2649 2131 οἷός
2677 2085 2736 2120 τε
2769 2068 2845 2132 ὡς
2873 2070 3041 2140 ἡδέων
3067 2072 3430 2143 ἀπολαύομεν,
3456 2072 3557 2125 καὶ
3584 2070 3669 2134 οἷς

2095 2152 2171 2219 ὡς
2202 2153 2289 2208 διὰ
2321 2154 2567 2227 φοϐερῶν
2605 2160 3071 2233 έπιστρεφόμεθα.,

1247 2424 1377 2482 CAP.
1419 2426 1564 2483 XXI.
1607 2428 1777 2485 Nulla
1806 2433 2012 2487 malitia
2050 2433 2162 2489 sine
2196 2437 2488 2508 cognitione
2513 2446 2564 2492 et
2591 2438 2847 2495 ubertate.

500 2536 654 2603 Quod
687 2538 850 2610 igitur
875 2555 1075 2595 sazvum
1106 2550 1191 2597 est
1221 2550 1435 2609 natura,
1468 2544 1733 2602 horribile
1764 2558 1866 2613 est,
1897 2549 1992 2604 sed

430 2645 541 2683 ron
568 2630 805 2696 malum;
841 2632 1044 2687 malitia
1074 2633 1218 2686 enim
1256 2640 1309 2688 et
1338 2637 1580 2703 nequitia
1613 2637 1823 2693 affectio
1845 2641 1993 2709 cogi-

429 2721 657 2777 tationis
689 2731 837 2777 sunt.
883 2722 1169 2793 Appetitus
1192 2733 1373 2778 autem
1403 2728 1669 2783 naturalis
1692 2730 1772 2784 sic
1797 2729 1989 2793 factus,

428 2815 497 2867 ab
524 2815 672 2868 omni
694 2815 852 2884 culpa
882 2823 934 2869 et
965 2816 1195 2870 crimine
1224 2817 1487 2874 liberatus
1509 2828 1614 2876 est.
1644 2820 1786 2876 Deus
1809 2830 1986 2876 autem

429 2905 797 2960 misericordia
833 2921 960 2977 erga
1008 2906 1254 2963 homines
1301 2918 1519 2974 motus,
1572 2910 1721 2976 fecit,
1753 2923 1813 2967 ut
1845 2924 1987 2970 metu

427 3008 482 3052 et
512 3000 735 3055 horrore
761 3000 1057 3056 bestiarum
1078 3002 1288 3058 ratione
1313 3006 1635 3066 Carentium,
1667 3006 1988 3076 probitatem

426 3109 547 3162 qua!
580 3093 647 3148 ad
680 3105 882 3164 partem
931 3097 1161 3152 rationis
1210 3105 1514 3167 compotem
1557 3099 1811 3169 pertinet,
1853 3115 1989 3154 con-

430 3195 765 3240 sectaremur
794 3206 805 3240 :
838 3196 892 3241 et
916 3187 1053 3241 nihil
1088 3189 1142 3242 in
1172 3189 1485 3259 hujusmodi
1521 3190 1715 3246 bestiis
1758 3206 1821 3245 ac
1860 3191 1990 3248 feris

427 3276 667 3344 malum;
701 3278 845 3348 quod
875 3279 1018 3333 enim
1053 3295 1160 3333 non
1204 3282 1353 3335 novit
1382 3282 1526 3352 quod
1566 3290 1670 3347 est,
1719 3285 1991 3354 quomodo

430 3370 631 3423 malum
673 3372 795 3425 est?
848 3378 909 3425 ut
944 3371 1055 3441 jam
1103 3388 1213 3427 non
1255 3374 1435 3429 minus
1478 3375 1558 3429 sic
1606 3376 1984 3448 redarguatur,

429 3458 573 3528 quod
595 3457 937 3516 Manichacus
970 3460 1134 3516 tradit
1160 3461 1228 3517 de
1260 3463 1525 3533 nequitia,
1565 3480 1728 3535 quam
1756 3467 1910 3521 finxit
1938 3477 1994 3522 et

428 3550 733 3620 ingenitum
764 3550 1091 3622 principium
1140 3561 1302 3607 vocat
1336 3571 1348 3607 :
1398 3569 1508 3608 non
1550 3554 1695 3611 enim
1725 3557 1914 3611 tribuit
1941 3561 1990 3612 ei

424 3643 803 3711 cogitationem
843 3649 897 3698 et
935 3643 1298 3713 cognitionem
1341 3645 1611 3715 nequitiae,
1655 3662 1723 3703 ne
1757 3647 1802 3702 si
1834 3663 1989 3717 repe-

427 3735 602 3789 ri‘atur
629 3735 828 3790 habere
873 3751 1091 3791 sensum
1136 3736 1290 3800 boni,
1336 3736 1439 3791 hac
1468 3738 1677 3794 ratione
1705 3749 1983 3811 appareat,

423 3840 531 3879 non
559 3840 681 3882 esse
712 3827 984 3897 nequitia:
1025 3828 1264 3898 cognitio
1288 3830 1430 3884 enim
1448 3831 1579 3884 boni
1611 3832 1983 3886 testimonium

421 3926 507 3971 est
535 3926 743 3973 natura:
768 3933 877 3973 non
908 3918 1080 3974 malae.
1113 3918 1442 3976 Manicha-us
1473 3938 1622 3987 vero,
1653 3938 1774 3977 cum
1800 3925 1987 3994 nequi-

2165 2550 2397 2624 Φοϐερδν
2422 2553 2601 2607 τοίνυν
2631 2553 2691 2607 τὸ
2725 2555 2914 2626 ἄγριον
2940 2554 3079 2607 κατᾶ
3101 2554 3279 2623 φύσιν,
3302 2555 3360 2608 ού
3387 2555 3628 2627 πονηρόν
3644 2572 3667 2584 ·

2098 2644 2332 2715 πονηρία
2366 2643 2475 2715 γὰρ
2510 2646 2603 2698 καὶ⁵
2648 2647 2817 2700 κακία
2864 2646 3125 2716 λογισμοῦ
3170 2645 3372 2710 πάθος’
3418 2647 3566 2718 ὁρμὴ
3600 2647 3663 2699 δὲ

2098 2734 2298 2806 φυσικὴ
2330 2734 2472 2789 οὕτω
2517 2737 2999 2809 κατεσκευασμένη
3042 2739 3220 2809 πάσης
3264 2739 3444 2802 αίτίας
3476 2739 3662 2809 ἀπήλ-

2096 2824 2309 2881 λακται.
2345 2827 2477 2890 Θεὸς
2513 2827 2590 2890 δὲ,
2633 2829 2942 2900 φειδόμενος
2974 2828 3304 2902 ἀνθρώπιον,
3337 2847 3658 2901 πεποιηκεν,

2096 2918 2182 2972 ἴνα
2204 2919 2282 2990 τῷ
2306 2921 2413 2974 δέει
2436 2921 2544 2975 τῶν
2573 2922 2779 2992 ἀλόγων
2807 2922 2866 2976 τὸ
2897 2923 3108 2993 λογικὸν
3131 2925 3227 2995 τῆς
3253 2922 3661 2991 καλοκαγαθίας

2099 3011 2546 3084 μεταδιώξωμεν·
2586 3013 2678 3068 καλ⁸
2711 3014 2876 3068 κακὸν
2918 3015 2976 3066 ὲν
3021 3012 3228 3076 τούτοις
3269 3014 3448 3067 οὒδέν·
3485 3013 3514 3065 ὃ
3547 3012 3659 3082 γάρ

2098 3104 2170 3175 μὴ
2201 3100 2341 3158 οἶδεν
2372 3105 2451 3158 ὃτι
2501 3105 2669 3167 ἐστὶν,
2698 3105 2811 3168 πῶς
2853 3105 3018 3159 κακόν
3055 3107 3232 3170 ἐστιν;
3261 3106 3337 3168 ὡς
3363 3108 3458 3175 οὐχ
3489 3102 3660 3176 ἦττον

2093 3195 2187 3247 καὶ
2222 3194 2394 3258 οὕτως
2424 3193 2503 3265 τῷ
2530 3196 2764 3249 Μάνεντι
2786 3197 2877 3250 καὶ
2906 3198 2935 3250 ό
2962 3197 3091 3268 περὶ
3113 3196 3211 3267 τῆς
3233 3198 3426 3260 κακίας
3454 3197 3651 3266 αὐτῆς.

2090 3286 2158 3357 ἣν
2195 3286 2536 3358 πλασάμενος
2562 3288 2734 3360 ἀρχὴν
2767 3289 3056 3359 ἀγέννητον
3081 3289 3251 3353 καλεῖ,
3272 3290 3425 3358 λόγος
3444 3288 3655 3358 διελέγ-

2092 3394 2274 3447 χεταιο
2329 3379 2584 3451 λογισμὸν
2618 3381 2716 3452 μὲν
2755 3382 2864 3452 γάρ
2914 3383 3048 3453 αὐτῇ
3086 3382 3179 3435 καὶ
3223 3381 3423 3450 γνῶσιν
3454 3380 3660 3446 κακίας

2096 3470 2159 3522 ού
2192 3470 2424 3536 δίδωσιν,
2452 3473 2538 3525 ἵνα
2570 3474 2643 3544 μὴ
2673 3474 2767 3527 καὶ
2795 3473 3032 3542 τάγαθοῦ
3062 3474 3160 3546 τὴν
3186 3474 3434 3544 αἴσθησιν
3459 3472 3659 3543 ἔχουσά

2094 3578 2158 3631 γε
2202 3562 2428 3634 εὑρεθῇο
2462 3562 2605 3616 οὕτω
2645 3565 2751 3637 γὰρ
2792 3564 3133 3635 ἀποδειχθείη
3169 3564 3242 3636 μὴ
3281 3562 3416 3619 οὖσα
3457 3565 3661 3618 κακίεν

2092 3649 2293 3719 γνῶσις
2346 3650 2453 3723 γὰρ
2488 3652 2692 3721 ἀγαθοῦ
2753 3654 3028 3726 μαρτυρία
3075 3654 3289 3723 φύσεως
3337 3656 3399 3708 οὐ
3444 3656 3655 3724 κακῆςο

2094 3743 2373 3811 ἀλόγιστον
2406 3744 2463 3797 δὲ
2494 3745 2589 3798 καὶ
2615 3744 2867 3813 γνώσεως
2891 3744 3095 3818 ἔρημον
3123 3745 3291 3817 αὐτὴν
3312 3743 3657 3816 ὁριζόμενος,

2088 3836 2181 3890 τοῦ
2227 3838 2365 3909 ὅπερ
2420 3839 2535 3891 ἐστὶ
2587 3838 2680 3892 καὶ
2706 3839 2842 3910 αὐτὴ
2876 3839 2977 3910 τὴν
3026 3839 3227 3908 γνῶσιν
3283 3840 3453 3910 αὐτὴν
3494 3840 3661 3906 ἀφαι-

2094 3943 2288 3997 ρειται.

421 4009 552 4062 tiam
600 4011 791 4065 statuit
844 4012 1053 4065 ratione
1126 4025 1332 4077 carere,
1377 4024 1430 4068 et
1469 4015 1778 4085 cognitione
1831 4017 2098 4087 privatam
2150 4034 2292 4084 esse,
2332 4034 2450 4074 eam
2495 4020 2657 4075 etiam
2697 4022 2873 4090 privat
2928 4021 3236 4092 cognitione
3301 4022 3435 4091 ejus,
3498 4019 3648 4089 quod

422 4102 539 4172 ipsa
568 4111 670 4158 est.

493 4196 552 4253 Si
586 4198 728 4252 enim
755 4199 950 4253 sentiat
976 4206 1029 4251 et
1058 4206 1365 4273 cognoscat,
1393 4197 1537 4269 quod
1570 4199 1707 4254 mala
1739 4208 1842 4263 cst,
1867 4216 1986 4255 sen-

417 4290 516 4343 tiet
561 4288 782 4342 omnino
814 4289 1146 4342 contrarium
1197 4288 1432 4343 evadens
1489 4288 1651 4343 bona.
1700 4287 1977 4358 Siquidem

2158 4198 2222 4251 El
2250 4197 2365 4270 γὰρ
2392 4196 2642 4269 αἴσθηται
2673 4198 2767 4250 καὶ
2789 4197 2903 4268 γνῷ
2937 4199 3306 4270 κακυνομένη,
3324 4197 3636 4269 αἱσθησεται

2088 4291 2305 4354 πάντως
2348 4290 2440 4343 τοῦ
2499 4291 2740 4344 ἐναντίου
2791 4290 3200 4363 ἀγαθυνομένη·
3258 4293 3493 4363 φωρᾶται
3532 4293 3643 4363 γάρ

418 4380 622 4434 malum
664 4379 875 4435 ratione
916 4380 1341 4453 deprehenditur
1392 4396 1556 4436 sensu
1608 4388 1663 4435 et
1698 4396 1985 4450 compara-

2094 4381 2332 4453 λογισμῷ
2360 4383 2420 4434 τὸ
2469 4382 2638 4435 κακὸν
2687 4386 2753 4453 τῇ
2788 4382 3069 4453 αἰσθήσει,
3115 4383 3211 4436 καὶ
3254 4387 3319 4455 τῇ
3348 4384 3649 4456 παραθέσει

418 4478 567 4530 tione
602 4473 727 4528 boni
764 4479 860 4528 :ut
891 4472 935 4528 si
974 4472 1323 4528 manifestum
1387 4473 1459 4527 sit
1503 4472 1725 4539 malum,
1767 4483 1984 4528 contra-

420 4566 558 4616 rium
580 4578 797 4633 quoque
816 4563 885 4617 sit
906 4562 1251 4617 manifestum
1274 4580 1287 4629 ;
1308 4563 1621 4618 omneenim
1645 4565 1980 4618 contrarium

416 4657 665 4727 probatio
702 4666 755 4711 et
788 4655 947 4710 index
980 4664 1065 4711 est
1108 4656 1392 4721 contrarii,
1449 4658 1757 4727 cognitione
1800 4664 1977 4712 tamen

414 4757 472 4803 ct
504 4748 732 4818 judicio.
763 4748 893 4803 Sine
935 4749 1246 4818 cognitione
1280 4749 1423 4803 enim
1455 4758 1709 4804 neutrum
1740 4759 1824 4804 cst
1848 4750 1981 4804 alte-

414 4842 530 4896 rius
560 4840 849 4910 judicatio.
885 4840 940 4895 Si
973 4841 1134 4911 igitur
1164 4841 1404 4910 nequitia
1446 4857 1506 4896 se
1538 4841 1709 4911 ipsam
1742 4842 1977 4912 ignorat,

411 4939 466 4987 et
500 4933 833 5003 cogitatione
872 4949 981 4987 non
1009 4933 1236 5002 suscipit
1263 4934 1488 4995 malum,
1518 4947 1627 4986 non
1660 4934 1763 4988 erit
1785 4934 1979 5003 nequi-

414 5023 525 5091 tia;
557 5023 763 5080 frustra
792 5034 847 5085 et
874 5040 1011 5082 vane
1050 5025 1403 5085 accusnbitur
1430 5043 1444 5090 ;
1472 5025 1715 5095 nequitia
1747 5025 1888 5080 enim
1914 5026 1977 5079 li-

413 5113 543 5169 bera
572 5129 601 5165 a
635 5115 845 5171 ratione
903 5115 1096 5171 similis
1136 5122 1217 5172 cst
1257 5114 1589 5186 phrenetico,
1643 5116 1697 5170 id
1736 5122 1841 5176 est.
1895 5115 1977 5168 fu-

414 5208 562 5263 rioso
586 5206 637 5262 in
667 5205 817 5263 febre
852 5215 947 5261 aut
984 5209 1037 5269 in
1065 5208 1171 5262 alio
1201 5223 1331 5263 casu
1356 5226 1371 5276 ;
1396 5209 1487 5279 qui
1519 5209 1663 5279 quod
1692 5208 1841 5273 facit,
1882 5224 1977 5263 ne-

411 5297 534 5359 scit,
580 5298 667 5352 cui
711 5314 904 5353 omnes
927 5300 1208 5369 ignoscere
1256 5301 1661 5368 consuevimus,
1701 5316 1764 5354 ac
1804 5299 1975 5371 magis

408 5388 626 5456 quidem
658 5391 723 5446 ad
763 5392 965 5446 luctum
1002 5389 1290 5456 flectimur,
1322 5408 1353 5447 a
1387 5394 1629 5463 nequitia
1679 5408 1800 5447 eum
1844 5393 1975 5456 libe-

408 5488 593 5536 rantes
617 5500 634 5547 ;
662 5499 785 5539 cum
811 5486 929 5540 sine
958 5500 1124 5540 causa
1152 5486 1404 5555 percutit,
1440 5497 1533 5539 aut
1560 5486 1723 5541 etiam
1753 5485 1971 5549 occidit,

406 5571 456 5628 si
484 5570 720 5642 gladium
740 5577 992 5646 reperiat.
1033 5575 1122 5630 Sic
1145 5578 1398 5634 omnibus
1425 5578 1528 5633 hoc
1560 5578 1847 5633 manifesto
1878 5593 1973 5648 pa-

405 5672 523 5735 tet;
556 5672 609 5721 ct
656 5664 757 5724 hoc
783 5667 1050 5738 judicium
1083 5683 1372 5725 commune
1404 5678 1486 5726 est
1511 5684 1572 5725 ac
1602 5676 1809 5726 naturae
1839 5686 1970 5725 con—

2084 4474 2179 4528 τοῦ
2217 4473 2422 4543 ἀγαθοῦ
2440 4490 2454 4504 ’
2482 4474 2579 4537 ὡς,
2604 4476 2651 4528 εί
2679 4474 2837 4545 δῆλον
2863 4474 3118 4545 ὑπάρχοι,
3150 4476 3456 4531 τούναντίον
3482 4480 3636 4532 κατά-

2083 4568 2241 4638 δηλον
2282 4567 2467 4621 ἔσται*
2520 4566 2738 4637 ἐλεγχος
2789 4567 2895 4640 γὰρ
2955 4571 3064 4621 πᾶν
3122 4570 3364 4623 ἐναντίου
3409 4570 3653 4625 ἐναντίον

2082 4659 2278 4729 γνώσει
2313 4660 2495 4729 μέντοι
2530 4660 2625 4712 καὶ
2670 4658 2881 4732 κρίσει·
2908 4655 3057 4715 ἀνευ
3097 4662 3154 4715 δὲ
3184 4660 3456 4730 γνώσεως,
3504 4663 3653 4718 οὐδέ-

2080 4769 2237 4823 τερον
2279 4751 2493 4823 θατέρῳ
2530 4751 2703 4822 δῆλον.
2755 4754 2821 4807 Εἰ
2849 4754 3027 4807 τοίνυν
3074 4756 3167 4808 καὶ
3213 4757 3647 4828 ἐαυτὴνάγνοεῖ,

2086 4846 2181 4898 καὶ
2211 4844 2456 4915 λογισμῷ
2513 4845 2586 4916 μὴ
2628 4846 2833 4916 μέτεισι
2863 4846 2923 4898 τὸ
2956 4847 3123 4900 κακὸν
3151 4849 3184 4917 ἡ
3218 4849 3408 4910 κακία,
3438 4850 3542 4903 οὐκ
3579 4849 3650 4905 ἂν

2082 4936 2168 5006 εἴη
2199 4936 2365 4989 κακία
2384 4954 2397 4967 ⁸
2443 4936 2619 5008 μάτην
2649 4936 2693 4989 δ’
2736 4937 2804 4991 ἀν
2835 4938 3116 5005 ὲγκαλοῖτο
3134 4954 3148 4968 ⁸
3182 4940 3435 5010 ὁμολογεῖ
3461 4940 3543 5003 δὲ.
3565 4941 3648 4996 δτι

2078 5029 2194 5081 ἐστὶ
2226 5028 2484 5100 λογισμοῦ
2510 5028 2676 5082 κακία
2701 5029 3120 5101 έλευθερουμένη
3142 5048 3156 5062 ο
3186 5032 3383 5086 αὐτίκα
3408 5037 3651 5105 φρενῖτις

2078 5123 2136 5173 ἐν
2164 5122 2480 5193 περιστάσει
2508 5122 2829 5195 πυρετῶν,ῆ
2858 5124 3013 5178 ἄλλου
3037 5126 3179 5189 τινὸς
3204 5130 3610 5198 συμπτώματος
3628 5144 3643 5157 ’

2076 5214 2176 5265 οὐκ
2218 5213 2435 5267 εἰδότιὸ
2470 5217 2612 5267 ποιεῖ
2653 5214 3040 5283 συγγινώσκειν
3076 5216 3311 5281 ἅπαντες
3350 5219 3643 5292 εἰώθαμεν,

2079 5304 2276 5374 μᾶλλον
2302 5304 2400 5375 μὲν
2421 5300 2513 5357 οὖν
2535 5306 2626 5373 καὶ
2650 5308 2729 5369 είς
2745 5301 2923 5359 οἶκτον
2953 5307 3430 5380 ἐπικαμπτόμεθα,
3447 5311 3646 5374 κακίας

2076 5396 2482 5468 ἐλευθεροῦντες
2526 5398 2618 5451 τὸν
2652 5399 2827 5469 μάτην
2864 5399 2961 5470 μὲν
2994 5398 3284 5464 τύπτοντα,
3318 5405 3366 5455 εἰ
3398 5404 3453 5456 δὲ
3495 5403 3640 5474 ξίφος

2076 5487 2246 5558 εὖροι,
2279 5488 2373 5541 καὶ
2405 5489 2713 5557 φονεύοντα.
2751 5490 2905 5545 Οῦτω
2940 5509 3003 5559 γε
3036 5495 3169 5547 πᾶσι
3198 5494 3518 5564 κατάδηλον,
3554 5497 3639 5550 καὶ

2075 5578 2254 5651 κρίσις
2283 5578 2421 5649 αῦτη
2469 5582 2620 5652 κοινή
2650 5598 2707 5633 τε
2743 5583 2837 5634 καὶ
2878 5582 3090 5650 φύσεως
3122 5584 3432 5648 ἀκολουθία,
3463 5586 3524 5639 τὸ
3566 5587 3634 5656 μὴ

2075 5671 2241 5726 κακὸν
2279 5672 2565 5743 ὀνομάζειν
2620 5675 2680 5725 τὸ
2734 5677 2832 5728 οὐκ
2866 5676 3001 5752 εἱδδς
3047 5677 3075 5729 δ
3103 5694 3150 5728 τι
3201 5677 3317 5750 δρᾷ.
3359 5678 3421 5731 Ei
3469 5678 3636 5733 τοίνυν
