3968 6914
241 321 384 375 “77

1324 327 1690 384 ADVERSUS
1730 330 2150 386 ΜΑΝΙΕΗΑΞΟΒ
2190 331 2312 386 LIB.
2345 330 2406 384 ll.

3324 331 3460 386 H78

242 447 383 513 μήτε
425 459 485 495 το
513 443 772 511 γινῶσκον
819 443 1020 512 ἀγαθὸν
1060 445 1280 518 κληθείη
1323 447 1638 516 ἀναγκαῖον,
1671 452 1803 521 μήτε

1909 452 2222 514 sectarium,
2264 465 2372 503 non
2414 447 2694 502 nominare
2727 447 2949 506 malum,
2978 445 3022 499 si
3058 445 3290 514 ignorat,
3318 445 3465 513 quod

240 537 307 588 τδ
342 535 563 602 ἀγνοοῦν
589 536 768 599 ἑαυτὸ,
793 537 875 589 ὅτι
899 538 1096 602 δόξειεν
1128 537 1194 591 ἂν
1224 533 1360 592 εἶναι
1387 542 1585 594 κακία·
1614 541 1676 594 τὸ
1708 541 1805 611 μὲν

238 626 328 678 ὅτι
359 626 478 695 μηδ’
511 625 670 690 αὐτὸς
692 627 892 698 τίθησι,
920 629 979 682 τὸ
1024 629 1068 681 δ’
1103 631 1186 684 ὃτι
1225 631 1672 702 πεπλανημένως,
1711 633 1806 685 καὶ

239 718 401 779 ἐκτὸς
424 718 522 789 τῆς
549 720 729 791 κοινῆς
751 721 907 792 δόξης
933 721 1154 792 θέμενος
1177 724 1435 794 ὁρίζεται.
1465 725 1650 789 Οὕτως
1685 726 1805 778 οὐδὲ

241 808 430 880 θηρίον
463 810 614 863 οὐδὲν
659 812 845 875 κακὸν,
882 813 1140 884 λογισμοῦ
1185 816 1576 886 ἐστερημένον·
1601 817 1807 888 ἄνθρω-

240 917 345 962 πος
386 901 442 954 δὲ
476 902 754 972 κακοήθης
808 904 976 956 κακὸν
1007 903 1072 957 ἂν
1122 905 1244 974 εἴη,
1295 905 1537 976 λογισμῷ
1586 907 1802 976 μετιὼν,

238 993 388 1064 ᾶπερ
408 995 608 1064 ἣκιστα
637 995 845 1062 ἀγνοεῖ·
872 996 904 1064 ἡ
934 995 1042 1064 γὰρ
1065 995 1158 1048 τοῦ
1185 996 1444 1067 λογισμοῦ
1474 1001 1570 1069 τῆς
1596 998 1807 1066 φύσεως

238 1083 524 1155 προσθήκη
555 1077 707 1156 φέρει
744 1086 844 1155 τῆς
874 1086 1070 1150 κακίας
1108 1087 1168 1140 τὸ
1217 1087 1485 1160 ἔγκλημα,
1535 1107 1807 1160 προκατα-

236 1177 583 1241 σκευάζουσα
630 1177 788 1245 δῆλον
820 1173 956 1230 εἶναι
995 1178 1056 1229 τὸ
1102 1179 1506 1251 πραττόμενον·
1540 1182 1574 1250 ἠ
1608 1180 1662 1233 δὲ
1708 1181 1807 1248 τῆς

235 1267 494 1333 γνώσεως
526 1268 812 1340 ἀφαίρεσις
856 1269 952 1338 τῆς
989 1269 1184 1332 αἰτίας.
1231 1270 1386 1323 υῦτω
1413 1271 1476 1342 δὴ
1513 1272 1673 1340 γνοὺς
1710 1272 1807 1342 μὲν

235 1357 526 1428 ἄνθρωπος
574 1359 773 1429 ἄμφω,
811 1359 1009 1430 ἀρετήν
1041 1377 1101 1412 τε
1145 1361 1240 1413 καὶ
1287 1362 1517 1424 κακίαν,
1561 1363 1696 1433 ὅπερ
1741 1361 1807 1416 ἂν

236 1446 450 1514 έληται.
469 1447 655 1516 φθάνει
685 1448 791 1520 γάρ
824 1451 856 1519 ἡ
886 1447 1083 1516 γνῶσις
1112 1449 1210 1521 τὴν
1232 1451 1459 1522 αἵρεσιν,
1490 1452 1582 1504 ἀπ’
1603 1452 1805 1506 ἐκείνου

236 1537 520 1591 καλεῖται·
552 1539 680 1610 πρὶν
708 1539 764 1591 δὲ
800 1539 1001 1606 γνῶναι
1027 1541 1218 1610 νήπιον
1246 1542 1506 1613 ὑπάρχον,
1531 1542 1807 1614 οὐδέτερον

235 1628 348 1681 τῷν
393 1630 576 1701 ἄκρων
625 1631 884 1685 καλεῖται.
933 1633 1102 1701 Δῆλον
1133 1633 1309 1687 τοίνυν
1343 1635 1696 1705 πανταχόθεν,
1731 1636 1806 1699 ὡς

236 1720 315 1791 τῷ
342 1721 588 1792 λογισμῷ
615 1724 708 1776 καὶ
739 1726 804 1793 τῇ
843 1723 978 1794 μετά
1007 1724 1105 1795 τὴν
1136 1726 1335 1794 γνῶσιν
1371 1727 1576 1799 αίρέσει
1610 1728 1806 1781 κακίαν

1906 541 2056 597 facit.
2094 541 2149 594 Si
2178 542 2340 611 igitur
2363 557 2534 610 neque
2558 542 2607 593 id
2645 538 2788 609 quod
2815 537 3113 606 cognoscit,
3143 537 3342 590 bonum
3370 551 3460 591 ne-

1905 631 2202 685 cessarium
2257 630 2574 695 vocabitur;
2636 629 2882 697 sequitur
2931 641 3102 695 neque
3135 625 3185 678 id
3234 625 3375 693 quod
3407 640 3467 679 se

1908 723 2083 793 ipsum
2115 731 2168 775 et
2211 722 2341 791 quid
2372 723 2464 784 sit,
2527 723 2756 790 ignorat,
2809 720 3100 790 nequitiam
3141 734 3265 773 esse
3295 735 3306 769 :
3333 733 3467 787 quo-

1906 829 2025 868 rum
2053 815 2279 868 alterum
2307 830 2478 883 neque
2502 815 2614 884 ipse
2645 813 2899 878 admittit,
2931 813 3161 866 alterum
3208 826 3336 865 vero
3372 827 3468 879 per

1905 922 2144 960 errorem
2186 916 2238 960 et
2276 913 2465 960 contra
2501 921 2840 961 communem
2872 904 3323 959 existimationem
3356 914 3470 956 sta-

1906 999 2028 1052 tuit.
2068 996 2158 1050 Sic
2180 1012 2356 1065 neque
2399 997 2516 1051 fera
2542 998 2648 1051 ulla
2673 997 2812 1050 mala
2838 1005 2940 1057 est,
2975 1011 3096 1049 cum
3129 995 3200 1050 sit
3237 995 3468 1050 rationis

1906 1105 2100 1159 expers
2129 1107 2140 1142 :
2173 1090 2335 1144 homo
2390 1106 2518 1144 vero
2547 1091 2687 1144 male
2731 1097 2994 1151 moratus,
3026 1088 3202 1142 malus
3233 1096 3337 1152 est,
3371 1089 3464 1157 qui

1913 1183 2125 1235 ratione
2171 1188 2326 1235 utens
2353 1182 2590 1252 capessit
2631 1197 2749 1251 qua:
2791 1197 2898 1234 non
2945 1183 3152 1251 ignorat
3182 1205 3193 1235 ;
3223 1182 3467 1235 accessio

1905 1274 2048 1328 enim
2067 1273 2295 1328 rationis
2323 1273 2388 1326 ad
2415 1282 2684 1338 naturam,
2713 1273 2965 1342 nequitia:
2990 1274 3192 1327 crimen
3220 1273 3465 1339 inducit;

1906 1378 2171 1437 praeparat
2199 1367 2344 1420 enim
2362 1368 2504 1421 ratio
2523 1367 2885 1436 cognitionem
2914 1367 3144 1420 actionis
3174 1377 3463 1436 susceptae;

1907 1459 2137 1528 privatio
2182 1466 2362 1513 autem
2403 1458 2732 1528 cognitionis
2779 1459 3014 1528 privatio
3063 1468 3146 1512 est
3195 1458 3365 1526 culpa:
3413 1466 3468 1512 et

1907 1549 2170 1604 criminis.
2202 1549 2292 1603 Sic
2315 1549 2478 1603 homo
2502 1557 2793 1619 utrumque
2822 1563 3176 1618 cognoscens,
3211 1549 3465 1604 virtutem

1909 1640 2114 1695 scilicet
2154 1647 2208 1694 et
2242 1639 2452 1702 vitium,
2504 1640 2572 1693 ab
2615 1655 2679 1694 eo
2717 1641 2858 1709 quod
2904 1640 3072 1710 eligit,
3116 1640 3468 1706 nominatur;

1909 1733 2177 1786 antecedit
2231 1733 2373 1786 enim
2437 1733 2686 1787 electioni
2729 1732 2964 1802 cognitio
3018 1749 3031 1785 :
3086 1732 3238 1801 prius
3289 1741 3466 1785 autem

235 1828 293 1864 τε
330 1815 429 1866 καὶ
477 1814 673 1886 ἀρετὴν
719 1815 1062 1886 λογιζόμεθα.
1105 1817 1186 1870 Τά
1224 1818 1400 1871 τοίνυν
1431 1819 1671 1889 ἀμέτοχα
1711 1821 1803 1873 λο-

1907 1837 2068 1892 quam
2119 1830 2431 1891 cognoscat,
2489 1822 2616 1876 dum
2654 1836 2786 1890 puer
2833 1836 3033 1890 parvus
3074 1829 3179 1883 est,
3213 1835 3242 1873 a
3273 1828 3473 1875 neutro

235 1904 440 1974 γισμοῦ
500 1905 662 1977 θηρία
718 1908 817 1960 οὐκ
851 1908 916 1960 ἂν
949 1907 1032 1978 εἴη
1084 1907 1262 1969 κακά,
1318 1910 1438 1963 οὐδὲ
1493 1913 1557 1964 ἐκ
1608 1912 1802 1976 κακίας

230 1997 682 2068 προενηνεγμένα
709 2015 722 2028 ·
758 2000 1054 2072 ἐπειδήπερ
1084 2001 1187 2055 κᾶν
1219 2001 1397 2072 ἐκείνη
1443 2000 1613 2064 οὕτως
1667 2001 1800 2072 ἔχοι,

227 2085 327 2138 οὐκ
365 2084 428 2138 ἂν
455 2087 538 2156 εῐη
563 2087 748 2142 κακία,
1160 2102 1166 2108 ’

1907 1922 2150 1970 extremo
2191 1914 2538 1977 nominatur,
2596 1913 2649 1967 id
2700 1921 2781 1968 est
2838 1928 3011 1982 neque
3057 1913 3233 1968 bonus
3294 1928 3472 1982 neque

1913 2007 2089 2061 malus
2123 2007 2342 2061 dicitur.
2397 2005 2758 2072 Quamobrem
2788 2022 2851 2060 ex
2885 2006 3031 2060 omni
3074 2015 3226 2076 parte
3276 2007 3464 2075 liquet.

1906 2097 2160 2151 virtutem
2201 2105 2255 2151 et
2305 2097 2492 2151 vitium
2520 2097 2739 2160 rationi,
2790 2103 2844 2150 et
2874 2105 2996 2167 post
3043 2099 3306 2152 rationem
3367 2098 3470 2152 eie-

222 2176 408 2230 c-tioni
440 2178 681 2232 attribui.
736 2177 927 2234 Bestia:
960 2180 1124 2251 igitur
1163 2197 1281 2251 quae
1323 2197 1431 2235 non
1479 2191 1604 2237 sunt
1650 2184 1879 2241 rationis
1934 2188 2247 2258 participes,
2294 2202 2403 2242 non
2441 2195 2567 2242 sunt
2599 2202 2853 2258 nequam,
2883 2202 2984 2241 nec
3026 2203 3056 2241 a
3080 2187 3315 2258 nequitia
3343 2202 3467 2257 pro-

220 2271 450 2337 ducte,
503 2271 631 2342 quia
688 2273 733 2328 si
783 2274 873 2328 illa
928 2274 1002 2327 ita
1047 2289 1106 2329 se
1156 2274 1370 2338 habeat,
1419 2291 1528 2330 non
1570 2286 1654 2332 est
1707 2279 1970 2349 nequitia.

1179 2414 1308 2469 CAP.
1339 2414 1502 2471 XXII.
1546 2415 1873 2487 Serpentium
1900 2436 1962 2473 ac
1990 2420 2288 2474 morborum
2315 2422 2540 2477 utilitas.

307 2532 519 2596 ’Ἄλλως
548 2548 606 2584 τε
632 2531 760 2594 ῐδοις
783 2530 848 2584 ἂν
881 2530 1137 2592 πολλάκις
1168 2531 1260 2582 καὶ
1287 2529 1395 2582 τῷν
1431 2530 1674 2601 ἑρπετῶν
1702 2533 1804 2585 αὑ-

234 2623 338 2676 τῶν
373 2624 438 2677 τὸ
482 2621 878 2694 χαλεπώτατον,
911 2623 1053 2691 λέγω
1094 2621 1158 2691 δὴ
1199 2621 1289 2674 τὸν
1327 2622 1424 2684 ίὸν,
1453 2624 1532 2686 είς
1565 2623 1804 2694 ἰατρείαν

234 2717 373 2786 πρὸς
413 2715 521 2768 τῶν
574 2713 978 2787 ἀκριϐεστάτων
1019 2712 1217 2784 ίατρῶν
1255 2713 1678 2784 λαμῢανόμενον,
1713 2715 1806 2768 καὶ

232 2812 294 2880 τῇ
361 2807 477 2860 τῶν
507 2805 885 2877 ἀπομάχεσθαι
928 2805 1237 2875 δυναμένων
1279 2804 1570 2877 παραμίξει
1613 2805 1803 2860 καθαί-

235 2918 404 2972 ροντα
435 2899 541 2952 τῶν
573 2898 756 2952 παθῶν
789 2898 934 2950 ἐστιν
977 2898 1064 2950 ὅτε
1109 2895 1176 2949 τά
1219 2896 1596 2967 χαλεπώτατα·
1624 2897 1720 2960 τὰς
1749 2897 1805 2952 δὲ

234 2994 450 3064 σάρκας
495 2991 662 3053 αὑτὰς
715 2990 914 3062 ἐτέρων
965 2989 1118 3042 είδῶν
1161 3006 1219 3042 τε
1270 2989 1363 3042 καὶ
1406 2989 1637 3059 βοτανῶν
1667 3006 1804 3060 συμ-

1983 2534 2252 2592 Praeterea
2295 2538 2480 2592 videre
2512 2537 2637 2592 licet
2670 2550 3065 2608 saepenumero,
3106 2535 3248 2605 quod
3293 2542 3378 2588 est
3413 2534 3468 2587 in

1911 2627 2252 2697 serpentibus
2299 2629 2741 2684 nocentissimum
2780 2646 2796 2684 ε
2835 2642 3098 2681 venenum
3129 2626 3250 2679 dico
3292 2641 3320 2678 a
3358 2641 3470 2678 me-

1911 2716 2050 2770 dicis
2079 2715 2503 2771 absolutissimis
2534 2715 2602 2769 ad
2636 2714 2959 2768 medicinam
2987 2711 3254 2772 adhiberi,
3284 2717 3338 2763 et
3377 2710 3472 2763 mi-

1913 2815 1996 2862 sta
2042 2821 2165 2858 cum
2224 2805 2292 2860 iis
2352 2820 2472 2874 quae
2526 2810 2758 2874 possunt
2802 2801 3074 2858 auxiliari.
3118 2799 3470 2867 gravissimos

1913 2898 2134 2952 morbos
2173 2895 2442 2951 interdum
2471 2897 2772 2966 depellere;
2818 2902 2871 2948 et
2919 2909 2983 2947 ex
3020 2893 3152 2962 ipsis
3189 2893 3467 2955 carnibus,

1912 2991 2036 3046 aliis
2063 2990 2356 3061 generibus
2393 2997 2448 3043 et
2493 2989 2677 3044 herbis
2715 2987 2964 3041 admistis
2993 2986 3260 3054 optimum
3304 2999 3474 3038 reme-

234 3087 412 3155 πλοκῇ
471 3085 756 3154 φάρμακον
819 3084 1038 3150 ἄριστον
1102 3081 1344 3152 σώμασιν
1418 3080 1803 3144 ἀποτελούσας.

1913 3088 2061 3142 dium
2091 3086 2416 3158 corporibus
2436 3085 2653 3139 conﬁci.
2689 3085 2950 3139 Similiter
2978 3083 3033 3136 in
3079 3083 3202 3136 aliis
3232 3080 3424 3135 bestiis
3452 3097 3465 3133 :

234 3177 639 3248 Ιιαραπλησίως
662 3177 716 3230 δὲ
748 3175 842 3228 καὶ
882 3176 988 3228 τῷν
1029 3174 1200 3228 ἄλλων
1234 3173 1437 3244 θηρίων
1457 3193 1468 3203 ·
1525 3173 1665 3243 μέρη
1698 3173 1806 3242 γάρ

234 3288 355 3324 τινα
381 3271 474 3324 καὶ
504 3269 660 3340 μέλη,
684 3270 776 3321 καὶ⁵
806 3263 943 3337 αἷμα
982 3267 1102 3320 καθ’
1147 3267 1277 3319 αὐτὸ
1311 3267 1566 3328 πολλάκις
1593 3267 1809 3337 εὐεργε-

233 3362 386 3414 τοῦσι
417 3362 737 3430 κάμνοντας.
767 3360 888 3422 Πῷς
916 3355 1007 3411 οὖν
1037 3359 1101 3410 ὲκ
1130 3357 1327 3420 κακίας
1355 3359 1466 3410 ἐστὶ
1509 3358 1578 3410 τά
1622 3360 1680 3410 έν
1714 3357 1807 3427 μέ-

236 3470 320 3519 ρει
342 3453 436 3504 καὶ
455 3450 794 3519 ὠφελοῦντας
822 3449 1004 3501 Ταῦτα
1024 3447 1308 3516 τοιγαροῦν
1335 3448 1545 3501 ἅπαντα
1565 3449 1807 3517 χρήσιμα

236 3542 400 3610 μόνον
440 3541 506 3593 δι’
538 3538 855 3610 ἀνθρώπους
899 3538 1160 3608 ἡγητέον·
1210 3539 1333 3591 οὔτε
1372 3539 1429 3591 δὲ
1469 3538 1646 3607 ἀγαθὰ
1685 3539 1807 3592 οὔτε

234 3631 383 3684 κακὰ
442 3631 928 3702 προσαγορευτέον,
977 3629 1101 3693 δέος
1158 3631 1313 3700 μόνον
1367 3630 1673 3698 ἀνθρώποις
1717 3633 1807 3684 άν-

233 3724 480 3792 αγκαίως
508 3723 833 3794 ἐμποιοῦντα
855 3724 989 3794 πρὸς
1007 3724 1332 3794 ἐπιστροφὴν
1365 3723 1458 3776 τοῦ
1482 3725 1802 3794 κρείττονος·

233 3817 328 3869 καὶ
360 3815 421 3868 τὸ
446 3816 610 3883 ἀργὸν
651 3815 825 3868 αὐτῶν
850 3816 1045 3886 ἀργίας
1069 3815 1217 3886 παρὰ
1249 3813 1552 3884 ἀνθρώποις
1583 3813 1807 3868 κωλυτι-

232 3909 360 3961 κόν·
390 3911 566 3961 κεῖται
600 3907 710 3979 γὰρ
748 3906 886 3961 αὐτά
911 3908 1172 3977 μάστιγος
1199 3907 1352 3976 δίκην
1398 3908 1724 3978 φαινομένης
1747 3909 1805 3960 ἐν

230 4002 367 4072 οῖκῷ
397 4001 532 4072 πρὸς
569 4000 908 4071 κατασκευὴν
938 3999 1217 4062 εὐλαϐείας
1253 3999 1358 4053 τῶν
1385 4000 1627 4060 οίκετῶν,
1659 4001 1805 4065 εἴτις

233 4094 541 4164 ἀργήσειεν,
564 4093 596 4164 ἢ
617 4093 670 4146 εἴ
693 4109 777 4156 τις
802 4092 1142 4164 πλημμελοίη
1167 4091 1276 4144 τῶν
1298 4091 1437 4145 κατά
1464 4091 1559 4163 τὴν
1590 4093 1768 4146 ἑστίαν
1788 4111 1801 4124 ·

233 4183 356 4236 εἰδὲ
375 4187 643 4253 πονηροὺς
664 4183 808 4235 ἐστιν
831 4183 954 4235 ἰδεῖν
969 4182 1142 4252 ’μηδὲν
1162 4183 1264 4235 ὑπὸ
1290 4183 1490 4235 τούτων
1513 4183 1808 4254 βλαπτομέ-

233 4290 375 4335 νους,
403 4271 680 4342 θαύμασον
706 4272 798 4324 τοῦ
819 4271 1087 4324 Δεσπότου
1109 4272 1169 4324 τὸ
1191 4271 1525 4336 ἀνεξίκακον.
1553 4272 1714 4324 Οὐδὲν
1750 4273 1806 4326 δὲ

231 4357 390 4432 ἧττον
409 4364 623 4432 νοητέον
649 4363 745 4434 τὴν
768 4363 1171 4434 παρακειμένην
1209 4364 1443 4434 μάστιγα
1463 4381 1476 4394 ·
1500 4364 1805 4417 τούναντίον

1911 3178 2154 3248 quaedam
2186 3179 2330 3231 enim
2371 3185 2555 3246 partes
2586 3182 2639 3230 et
2687 3175 2927 3228 membra
2971 3181 3024 3227 et
3073 3172 3315 3241 sanguis.
3354 3171 3468 3224 sola

1911 3285 1974 3324 ac
2007 3286 2103 3338 per
2134 3285 2194 3324 se
2215 3268 2607 3338 azgrotantibus
2634 3265 2966 3320 conducunt.
2993 3263 3274 3329 Quomodo
3306 3263 3470 3333 igitur

1911 3369 2038 3415 sunt
2080 3376 2146 3414 ex
2179 3361 2442 3429 nequitia,
2478 3373 2598 3427 qua:
2646 3374 2708 3410 ex
2745 3367 2896 3426 parte
2941 3365 3068 3410 sunt
3115 3357 3266 3408 utilia
3301 3365 3352 3407 et
3379 3355 3469 3423 ju-

1908 3453 2075 3505 vant?
2098 3451 2221 3506 Hzec
2250 3452 2412 3521 igitur
2434 3452 2617 3506 omnia
2641 3447 2886 3502 ducenda
2921 3455 3045 3502 sunt
3075 3447 3225 3499 utilia
3247 3454 3467 3514 propter

1911 3542 2158 3598 homines
2189 3549 2434 3606 tantum;
2469 3558 2575 3595 non
2609 3547 2787 3593 autem
2817 3537 3135 3608 appellanda
3163 3545 3292 3591 sunt
3324 3537 3465 3590 bona

1911 3651 2086 3704 neque
2142 3635 2306 3698 mala,
2357 3650 2477 3704 quae
2521 3631 2834 3686 hominibus
2887 3639 3095 3684 tantum
3155 3628 3466 3683 necessario

1910 3735 2110 3781 metum
2148 3725 2422 3795 injiciunt,
2461 3733 2517 3778 ut
2547 3725 2611 3777 ad
2653 3723 2845 3777 melius
2876 3723 3183 3776 institutum
3231 3736 3289 3775 se
3335 3735 3467 3773 con-

1909 3824 2119 3872 vertant
2147 3836 2158 3871 :
2190 3824 2243 3871 et
2272 3817 2440 3870 otium
2476 3816 2795 3875 bestiarum,
2837 3821 2999 3882 atque
3033 3811 3245 3864 vocatio
3274 3825 3461 3865 earum

1906 3923 1935 3961 a
1964 3907 2228 3970 vocando,
2269 3905 2411 3976 apud
2441 3905 2688 3958 homines
2722 3903 2891 3956 otium
2921 3912 2975 3956 et
3000 3902 3248 3955 inertiam
3280 3899 3465 3969 prohi-

1907 3999 1998 4053 bet
2025 4018 2039 4052 :
2066 4007 2192 4052 sunt
2215 4002 2362 4052 enim
2392 3998 2566 4067 posita
2594 3997 2710 4066 ipsa
2742 3996 2913 4049 instar
2937 3992 3128 4060 ﬂagelli
3157 3990 3465 4061 apparentis

1908 4091 1961 4144 in
1995 4089 2180 4153 domo,
2227 4097 2286 4141 ut
2327 4095 2568 4142 metuant
2609 4087 2794 4140 famuli
2850 4101 2913 4139 ac
2961 4083 3218 4148 ministri,
3263 4083 3308 4136 si
3339 4081 3464 4151 quis

1906 4196 2094 4236 eorum
2145 4195 2203 4235 se
2234 4179 2395 4234 dedat
2444 4179 2575 4240 otio,
2621 4186 2713 4231 aut
2749 4178 2795 4231 si
2835 4177 2959 4247 quis
2989 4174 3134 4229 domi
3164 4175 3462 4243 delinquat.

1909 4272 1966 4328 Si
2002 4289 2128 4328 vero
2158 4273 2423 4342 contingit
2452 4272 2636 4326 videre
2668 4271 2766 4325 has
2798 4285 2936 4340 quas
2967 4269 3226 4330 diximus,
3261 4269 3464 4323 bestias

1906 4365 2043 4419 nihil
2079 4379 2273 4418 nocere
2303 4364 2585 4433 improbis,
2617 4363 2950 4417 admiremur
2978 4362 3030 4414 in
3062 4361 3293 4414 Domino
3325 4361 3463 4413 tole-

230 4452 307 4516 δὲ,
323 4457 370 4508 εί
387 4457 612 4526 χρηστοὶ
629 4456 1006 4526 περιπίπτοιεν
1027 4455 1252 4517 τούτοις,
1275 4455 1466 4518 ίστέον,
1484 4456 1578 4519 ὡς.
1595 4455 1801 4526 ἀγαθοῦ

1907 4457 2138 4510 rantiam
2175 4458 2460 4510 malorum.
2491 4455 2858 4508 Nihilominus
2894 4462 3074 4508 tamen
3115 4452 3465 4507 considerare

232 4547 710 4618 πλημμελοῦντος,
765 4547 994 4616 φείσαιτ⁹
1047 4547 1112 4599 ἂν
1161 4547 1297 4617 πρὸς
1348 4548 1732 4618 ἐπιστρέφειαν
1774 4550 1802 4601 ό

231 4641 526 4711 Δεσπότης,
579 4640 697 4710 οὐχὶ
737 4640 792 4692 δὲ
837 4638 931 4692 τοῦ
971 4639 1088 4690 λίαν
1117 4639 1555 4708 ἀπεγνωσμένου.
1601 4638 1661 4694 '0
1706 4642 1802 4711 μὲν

231 4733 338 4804 γὰρ
366 4735 561 4803 ίάσιμα
605 4731 930 4803 πλημμελεῖ,
967 4734 995 4784 ό
1036 4731 1092 4784 δὲ
1137 4735 1378 4802 τηρεῖται
1427 4731 1563 4804 πρὸς
1587 4732 1802 4785 ἀνίατον

229 4826 496 4898 τιμωρίαν
518 4842 529 4853 ·
561 4823 783 4878 τοιαῦτα
817 4823 924 4895 γάρ
961 4823 1328 4893 ὑποδείγματα
1360 4823 1650 4894 πάμπολλα
1673 4823 1800 4876 ἴδοι-

233 4935 330 4988 μεν
369 4919 437 4972 ἂν
483 4920 540 4972 ὲν
582 4922 700 4981 ταῖς
741 4919 910 4981 θείαις
950 4918 1191 4987 Γραφαῖς
1215 4917 1601 4988 ὑστεροῦμενα.
1632 4917 1799 4970 Μέλει

230 5012 407 5065 τοίνυν
439 5014 577 5066 πάνυ
619 5029 684 5080 γε
707 5011 824 5080 Θεῷ
860 5010 1174 5081 ἀνθρώπου·
1221 5011 1300 5064 διὸ
1342 5009 1610 5073 παντοίως
1651 5008 1800 5078 αὐτῷ

232 5105 300 5157 τά
344 5103 700 5159 ἀνακινοῦντα
745 5103 879 5175 πρὸς
926 5103 1204 5157 εὐλάϐειαν
1254 5103 1669 5176 παρατέθεικεν·
1725 5101 1799 5165 ὼς

240 5197 370 5266 μηδὲ
405 5198 495 5250 τὸν
529 5197 692 5250 ὕπνον
743 5197 1077 5266 πυκνοτάτης
1121 5197 1390 5266 ὀχλήσεως
1434 5195 1796 5266 ἀπηλλάχθαι,

235 5287 370 5341 ἀλλὰ
394 5291 486 5343 καὶ
510 5289 716 5352 τοῦτον,
747 5289 834 5341 διά
857 5288 1139 5341 κνωδάλων
1167 5289 1326 5342 τινῶν
1355 5289 1796 5358 ἐμποδιζόμενον,

237 5377 458 5450 κέντρου
485 5381 638 5448 δίκην
665 5380 872 5432 νότοι-ειν
904 5379 992 5431 τὸν
1019 5379 1299 5448 λογισμόν·
1331 5380 1424 5432 καὶ
1447 5379 1614 5432 πολλά
1641 5395 1702 5447 γε
1732 5378 1799 5431 τά

239 5467 621 5542 βοηθοῦντατῇ
659 5471 968 5542 ἀνθρωπίνῃ
1012 5470 1263 5541 ἀσθενείᾳ
1311 5471 1626 5541 θαυμασίως
1665 5471 1799 5542 πρὸς

237 5559 538 5635 ἀνάμνησιν
556 5565 688 5618 θεοῦ
708 5583 720 5594 ·
747 5565 812 5617 δι’
846 5558 920 5616 ὧν
943 5565 1050 5635 γὰρ
1079 5564 1272 5633 πάσχει
1317 5565 1659 5634 σωματικῶς,
1696 5581 1799 5616 πα-

241 5649 346 5704 θῶν
379 5657 556 5728 ψυχῆς
583 5656 986 5728 ἐλευθεροῦται·
1030 5657 1119 5710 καὶ
1151 5657 1216 5709 δι’
1260 5675 1334 5710 ων
1380 5656 1569 5709 παθεῖν
1604 5657 1668 5710 ἂν
1707 5656 1798 5709 δυ-

240 5745 445 5806 ντθείη.
475 5751 571 5805 κᾶν
605 5751 677 5822 μὴ
706 5751 849 5822 πάθη
906 5751 1036 5822 πρδς
1079 5749 1359 5804 εὐλάϐειαν
1395 5749 1793 5820 ἐπιστρέφεται.

1904 4557 2117 4618 oportet
2152 4547 2420 4618 ﬂagellum
2462 4548 2838 4618 propositum:
2871 4554 3060 4600 contra
3090 4561 3218 4600 vero
3262 4547 3308 4600 si
3336 4546 3463 4599 boni

1906 4637 2155 4692 incidunt
2189 4638 2243 4692 in
2276 4638 2372 4691 has
2411 4637 2578 4700 feras,
2613 4637 3004 4691 advertendum
3037 4645 3141 4698 est,
3172 4636 3316 4705 quod
3359 4635 3464 4689 Do-

1903 4731 2087 4785 minus
2117 4731 2260 4785 bono
2287 4730 2626 4800 delinquenti
2652 4729 2915 4800 prospicit
2949 4738 3002 4784 et
3028 4738 3202 4794 cavet,
3231 4744 3340 4783 non
3369 4744 3465 4782 au-

1902 4831 2009 4878 tem
2055 4823 2103 4877 ei
2139 4824 2232 4892 qui
2267 4822 2422 4875 valde
2451 4821 2775 4891 desperatus
2818 4830 2923 4876 est.
2958 4820 3049 4875 llle
3083 4821 3224 4875 enim
3255 4835 3462 4890 peccat,

1902 4933 2022 4987 quae
2051 4917 2234 4972 curari
2276 4924 2541 4986 possunt;
2585 4916 2671 4969 hic
2711 4930 2839 4970 vero
2872 4923 3184 4969 reservatur
3225 4915 3289 4968 ad
3335 4930 3464 4984 sup-

1903 5011 2150 5080 plicium,
2191 5009 2339 5079 quod
2387 5010 2542 5064 evadi
2578 5025 2684 5062 non
2726 5015 2900 5078 potest
2925 5026 2937 5060 :
2963 5007 3271 5076 hujusmodi
3317 5006 3462 5060 enim

1901 5103 2146 5172 exempla
2191 5101 2456 5169 permulta
2508 5101 2560 5154 in
2602 5100 2800 5154 divinis
2831 5099 3129 5170 Scripturis
3163 5099 3348 5155 videre
3396 5114 3462 5153 ac

1903 5196 2082 5266 legere
2117 5195 2263 5249 licet.
2299 5193 2490 5263 Magna
2516 5196 2695 5263 itaque
2722 5208 2853 5247 cura
2883 5201 2966 5247 est
2997 5193 3104 5248 Deo
3128 5193 3194 5248 de
3222 5193 3459 5258 homine,

1899 5289 2250 5359 quamobrem
2283 5288 2540 5342 omnibus
2565 5287 2739 5342 modis
2768 5286 3069 5358 proposuit.
3100 5302 3220 5356 quae
3250 5301 3372 5340 eum
3394 5285 3457 5339 ad

1903 5387 2156 5438 timorem
2187 5392 2469 5440 moverent
2497 5392 2551 5438 et
2583 5384 2912 5449 excitarent;
2945 5391 3003 5435 ut
3032 5399 3208 5453 neque
3235 5397 3460 5436 somnus

1906 5475 1981 5530 illi
2025 5491 2055 5528 a
2102 5477 2431 5530 creberrima
2492 5475 2738 5529 molestia
2787 5475 2922 5530 liber
2969 5483 3147 5541 esset,
3191 5476 3322 5544 quin
3373 5474 3459 5528 hic

1905 5569 2067 5621 etiam
2097 5581 2126 5619 a
2157 5567 2482 5636 quibusdam
2515 5565 2646 5621 feris
2678 5573 2733 5620 et
2766 5567 3111 5636 serpentibus
3139 5563 3451 5634 impeditus,

1909 5657 2293 5723 cogitationem
2353 5658 2528 5711 instar
2574 5657 2778 5712 stimuli
2823 5663 3090 5726 pungeret
3133 5667 3244 5708 :ac
3292 5653 3459 5706 multa

1907 5749 2122 5819 quidem
2149 5761 2275 5806 sunt
2303 5766 2421 5820 qua:
2444 5750 2734 5805 humanam
2765 5748 3126 5802 inﬁrmitatem
3151 5745 3362 5816 juvant,
3401 5751 3467 5803 ut
