3968 6914
463 288 598 344 Ιιῗῢ

1601 284 1734 340 Ti'I'l
1775 285 2198 342 BGSTBISNSIS
2229 285 2533 342 EPISCOPI

3547 289 3673 343 ιιεθ

459 408 622 462 homo
654 403 974 460 recordetur
1019 399 1114 456 Dei
1161 401 1389 472 ejusque
1427 404 1750 458 memoriam
1801 405 2014 460 habeat.

2131 406 2228 457 Kal
2266 404 2583 476 περιπίπτει
2622 408 2949 475 σωματικοῖς
2994 404 3220 459 πάθεσιν
3251 406 3564 472 ἀναγκαίως
3595 409 3684 460 ἀν-

458 503 684 558 Mirifice
731 513 969 566 namque
1018 512 1117 566 per
1163 513 1224 551 ea
1262 513 1382 566 quae
1423 513 1653 567 corpore
1711 500 1936 568 patitur,
1989 514 2020 552 a

457 593 662 648 morbis
708 590 904 643 anime
939 587 1233 652 liberatur;
1263 595 1317 641 et
1349 601 1445 656 per
1491 601 1555 641 ea
1595 602 1715 656 quae
1745 590 1853 658 pati
1897 603 2022 658 pos-

459 694 562 750 set,
601 681 851 754 quamvis
897 694 1007 734 non
1041 678 1298 750 patiatur,
1348 679 1415 732 ad
1449 681 1696 734 timorem
1743 681 2020 734 converti-

457 788 564 830 tur.
610 774 806 828 Incidit
855 787 1072 842 quoque
1122 771 1286 825 homo
1337 772 1650 827 necessario
1694 773 1749 827 in
1800 773 2021 827 morbos

2123 497 2357 568 θρωπος,
2390 497 2477 550 ἴνα
2515 497 2576 549 τὸ
2621 496 2995 566 χαλεπώτατον
3033 498 3126 550 καὶ
3174 496 3329 567 μόνον
3363 497 3439 559 ὠς
3476 497 3685 567 ἀληθῶς

2123 588 2292 652 πάθος
2331 589 2564 660 διαφύγῃ
2621 589 2720 660 τὴν
2770 590 3072 661 ἁμαρτίαν·
3127 591 3187 642 τὸ
3238 589 3348 660 γὰρ
3388 589 3687 659 ἀνάλγητον

2125 682 2422 735 ἀκόλαστον
2441 699 2454 712 ·
2492 683 2586 736 καὶ
2609 683 2668 736 τὸ
2701 682 3023 754 ἀτιμώρητα
3064 683 3374 754 ἁμαρτάνον
3413 681 3690 745 παντελῶς

2124 774 2513 845 διαφθείρεται.

455 869 722 936 corporis,
778 875 836 921 ut
879 873 1185 936 peccatum,
1238 865 1617 934 gravissimum
1671 867 1922 920 morbum
1961 876 2016 922 et
2045 869 2136 937 qui
2166 870 2317 925 solus
2375 884 2500 924 vere
2539 868 2762 925 morbus
2797 876 2902 934 est,
2936 868 3156 939 effugiat
3193 868 3328 939 :qui
3384 868 3536 922 enim
3581 882 3685 920 non

455 965 624 1023 dolet,
657 961 1025 1028 intemperans
1055 962 1172 1022 est;
1210 965 1265 1010 et
1293 957 1385 1024 qui
1417 963 1606 1024 peccat
1634 955 1876 1025 impune,
1905 956 2151 1013 funditus
2181 959 2340 1029 perit.

526 1054 584 1108 Si
619 1052 766 1107 enim
803 1062 912 1105 tam
952 1050 1136 1104 multis
1167 1064 1230 1102 ac
1265 1048 1431 1101 tantis
1460 1047 1528 1101 ad
1562 1047 1860 1102 timendum
1891 1063 2022 1118 pro-

456 1146 673 1218 positis,
703 1159 774 1198 ex
813 1155 1009 1213 magna
1048 1148 1205 1210 parte
1247 1139 1495 1194 homines
1527 1155 1594 1193 ex
1626 1141 1897 1194 vacuitate
1948 1139 2021 1192 ti-

459 1238 628 1293 moris
652 1242 953 1306 azgrotant;
977 1233 1253 1303 quomodo
1281 1232 1592 1286 convictum
1620 1239 1674 1286 et
1703 1231 2020 1286 societatem

459 1334 601 1386 inter
631 1344 690 1384 se
719 1328 920 1382 habere
943 1326 1270 1396 potui-ssent,
1299 1323 1344 1377 si
1377 1323 1560 1376 nullus
1585 1322 1666 1376 eis
1697 1330 1876 1376 metus
1897 1328 2021 1376 ante

456 1422 649 1478 oculos
680 1417 1049 1489 impenderet?
1083 1415 1253 1469 Mollit
1283 1415 1447 1484 igitur
1475 1413 1751 1468 duriorem
1784 1422 2018 1468 mentem

457 1517 707 1576 morbus;
765 1523 819 1567 et
868 1524 1238 1580 saepenumero
1285 1505 1628 1577 naufragium
1691 1516 2022 1561 mercatores

456 1604 714 1676 perjuriis
739 1606 994 1656 assuetos
1026 1597 1292 1660 mutavit;
1320 1605 1372 1649 et
1401 1609 1595 1649 rursus
1623 1593 1805 1662 in0pia
1830 1592 2024 1662 opibus

455 1701 659 1753 elatum
696 1691 995 1762 depressit;
1041 1688 1250 1744 orbitas
1297 1685 1532 1741 ﬁliorum
1573 1684 1812 1741 correxit
1849 1685 2024 1740 avari-

460 1789 548 1841 tiae
586 1791 806 1855 propter
832 1783 1034 1837 liberos
1063 1777 1333 1834 deditum.

527 1877 682 1944 Quod
719 1877 763 1931 si
801 1890 908 1929 non
939 1871 1200 1934 correxit,
1225 1868 1531 1938 exemplum
1557 1867 1749 1922 saltem
1781 1867 2022 1923 sentien-

457 1973 604 2026 tibus
650 1968 928 2040 pmbuit:
975 1981 1039 2020 ac
1083 1964 1238 2018 liberi
1273 1961 1491 2032 quidem
1542 1961 1746 2014 nullam
1796 1974 2022 2029 prorsus

454 2066 725 2135 jacturam
782 2068 874 2115 aut
922 2059 1181 2112 damnum
1226 2057 1490 2116 fecerunt,
1533 2053 1777 2122 quinimo
1822 2051 2023 2107 beneﬁ-

456 2159 602 2209 cium
651 2158 977 2223 acceperunt
1028 2151 1097 2204 ab
1143 2146 1490 2202 institutione
1527 2146 1790 2200 malorum
1824 2159 2022 2215 paren-

459 2256 574 2301 tem
606 2246 854 2301 liberati'
896 2243 1122 2319 avaritia
1152 2251 1333 2296 autem
1368 2239 1654 2295 refellitur.

2195 1052 2257 1104 Εἰ
2307 1051 2434 1122 γὰρ,
2478 1051 2570 1104 καὶ
2618 1050 2886 1104 τοσούτων
2926 1051 3340 1123 παρακειμένων
3377 1051 3460 1113 εἰς
3505 1050 3688 1118 φόϐον»

2125 1143 2356 1212 ἀφοϐίαν
2401 1143 2477 1206 ώς
2519 1144 2612 1195 ἐπὶ
2650 1145 2711 1196 τὸ
2758 1143 2889 1196 πολὺ
2929 1143 3170 1196 νοσοῦσιν
3216 1143 3492 1213 ἄνθρωποι
3517 1160 3534 1171 ο
3579 1142 3696 1207 πῶς

2122 1235 2188 1290 ἂν
2219 1239 2451 1288 συνεῖναι
2478 1235 2607 1304 γοῦν
2634 1235 2880 1307 ἀλλήλοις
2925 1235 3280 1306 ἐδυνήθησαν,
3321 1237 3368 1287 εξ
3405 1234 3578 1304 μηδὲν
3603 1233 3696 1285 αύ-

2121 1329 2234 1390 τοῖς
2280 1329 2398 1380 κατ’
2431 1326 2739 1397 ὀφθαλμοὺς
2779 1327 3049 1398 ἐπῄρτητο
3095 1327 3250 1390 δέος;
3294 1324 3557 1396 μαλάττει
3588 1342 3696 1377 τοι·

2121 1416 2325 1488 γαροῦν
2349 1417 2442 1470 καὶ
2487 1415 2639 1479 νόσος
2679 1415 2916 1469 διάνοιαν
2967 1415 3360 1487 σκληροτέραν·
3419 1415 3512 1467 καὶ
3568 1433 3695 1467 ναυ-

2124 1508 2276 1576 άγιον
2322 1507 2580 1571 πολλάκις
2619 1507 2892 1578 συμπεσὸν
2921 1507 3174 1578 ἐμπόρων
3211 1507 3468 1578 ἐπίορκον
3494 1507 3696 1576 τρόπον

2128 1599 2418 1670 μετέϐαλε·
2467 1599 2625 1652 πενία
2679 1595 2833 1662 αὖθις
2887 1600 3186 1670 κατήνεγκε
3240 1599 3332 1652 τὸν
3385 1598 3697 1669 ἐπαρθέντα

2126 1691 2375 1762 πλούτῳ·
2407 1690 2608 1744 παίδων
2648 1689 2896 1762 στέρησις
2950 1691 3281 1762 ἐσωφρόνισε
3327 1690 3421 1742 τὸν
3443 1689 3538 1743 διὰ
3576 1695 3696 1744 παῖ.

2117 1777 2214 1841 δας
2239 1778 2680 1833 πλεονεκτοῦντα.

2197 1871 2259 1922 El
2295 1871 2353 1924 δὲ
2397 1870 2471 1940 μὴ
2507 1871 2855 1942 ἐσωφρόνισε,
2894 1870 2956 1923 τὸ
3006 1869 3306 1940 ὑπόδειγμα
3345 1873 3460 1933 τοῖς
3503 1869 3698 1922 αισθα-

2127 1960 2370 2030 νομένοις
2395 1960 2664 2030 παρέσχε·
2691 1963 2785 2014 καὶ
2816 1962 2866 2014 οἱ
2893 1962 2990 2032 μέν
3017 1961 3206 2024 παῖδες
3228 1961 3540 2034 ἐϐλάϐησαν
3569 1979 3693 2014 παν-

2125 2050 2292 2114 τελῶς
2323 2051 2492 2116 οὐδὲν,
2521 2052 2716 2122 μᾶλλον
2747 2055 2842 2124 μέν
2862 2050 2953 2107 οὖν
2976 2053 3440 2125 εύηργετήθησαν,
3467 2053 3701 2122 ἀγωγῆς

2127 2142 2343 2211 φαύλων
2371 2143 2572 2211 γονέων
2597 2144 3027 2213 ἀπαλλαγέντες·
3053 2144 3122 2198 τὰ
3158 2145 3215 2198 δέ
3253 2147 3352 2218 τῆς
3377 2144 3702 2212 πλεονεξίας

2125 2233 2476 2304 διελέγχεται.

751 2381 881 2436 CAP.
915 2377 1099 2433 XXIII.
1137 2377 1363 2432 Iactura
1393 2377 1697 2433 liberorum.
1728 2375 1987 2428 Absoluta
2025 2374 2167 2428 ratio
2197 2390 2374 2428 rerum
2405 2389 2536 2444 quas
2565 2372 2707 2428 Deus
2727 2373 3007 2445 gubernat,
3040 2376 3384 2445 incomperta.

530 2495 743 2552 Rursus
764 2496 854 2550 alii
877 2510 1002 2549 cum
1029 2500 1284 2564 parentes
1306 2492 1508 2562 alioqui
1538 2491 1736 2562 probos
1757 2491 2018 2554 habeant,

457 2591 786 2654 moriun.ur,
825 2596 920 2642 aut
951 2587 1077 2657 quia
1119 2585 1290 2640 futuri
1324 2593 1481 2640 erant
1524 2584 1734 2654 indigni
1765 2583 2024 2654 genitori-

455 2684 559 2737 bus
607 2681 760 2744 suis,
808 2694 878 2733 ne
927 2680 1195 2733 bonorum
1247 2679 1402 2732 malae
1455 2679 1720 2732 columna:
1762 2683 2019 2730 exstent:

458 2781 552 2826 aut
582 2773 626 2826 si
665 2771 822 2841 probi
853 2769 1072 2840 quidem
1103 2778 1254 2834 sunt,
1286 2770 1501 2823 evasuri
1528 2777 1706 2822 tamen
1727 2767 1874 2834 pravi
1906 2781 2024 2819 mu-

453 2863 665 2916 tatione
688 2876 922 2924 morum,
959 2861 1002 2914 si
1035 2865 1378 2922 crescerent,
1409 2859 1672 2913 beneficio
1693 2857 2021 2920 afliciuntur,

457 2971 565 3010 non
598 2962 978 3026 permanentes
1008 2953 1063 3006 in
1096 2950 1298 3005 malum
1330 2964 1512 3013 suum,
1545 2949 1727 3003 omnia
1771 2947 1864 3002 Dei
1891 2962 2020 3018 pro-

2203 2487 2410 2540 Ἀλλων
2450 2484 2605 2553 αὖθις
2649 2484 2708 2541 εὖ
2753 2488 3110 2560 διακειμένων
3157 2490 3498 2558 τελευτῶσιν,
3553 2495 3586 2564 ἢ
3623 2495 3700 2560 ὡς

2124 2580 2334 2646 ἀνάξιοι
2362 2583 2471 2634 τῶν
2516 2582 2798 2650 φυσάντων
2843 2585 3214 2654 γενησόμενοι,
3267 2585 3350 2638 ἵνα
3404 2587 3476 2656 μὴ
3528 2589 3699 2659 στήλη

2127 2675 2267 2744 κακὴ
2298 2672 2515 2741 ἀγαθῶν
2553 2673 2856 2728 ἀναστῶσιν
2876 2692 2890 2704 ·
2930 2675 2961 2746 ἢ
2992 2677 3183 2744 ἀγαθοί
3211 2695 3274 2746 γε
3312 2680 3698 2749 τυγχάνοντες,

2127 2769 2175 2819 εί
2204 2767 2294 2820 ἐπὶ
2315 2767 2474 2820 πλέον
2505 2766 2804 2837 αὐξηθεῖεν,
2831 2767 2906 2831 ὼς
2927 2769 2991 2820 ὲκ
3017 2769 3318 2840 μεταϐολῆς
3340 2787 3470 2842 γενη
3482 2772 3696 2842 σόμενοο

2128 2854 2342 2924 φαῦλοι,
2380 2855 2808 2926 εὐεργετοῦνται,
2839 2857 2912 2926 μὴ
2939 2856 3058 2910 καθ’
3094 2858 3300 2912 ἑαυτῶν
3347 2859 3696 2930 διαμένοντες

2126 2945 2190 3013 τῇ
2249 2943 2551 3015 προγνώσει
2604 2944 2695 2998 τοῦ
2755 2944 2888 2998 Θεοῦ
2951 2947 3126 3002 πάντα
3185 2949 3532 3014 διοικοῦντος.
3585 2954 3699 3006 Καὶ

457 3049 696 3105 videntia
738 3055 793 3102 et
826 3045 1254 3117 praecognitinne
1277 3058 1374 3099 sua
1416 3042 1774 3112 gubernante.
1813 3038 2017 3093 Admo-

2131 3039 2406 3106 Ξιναγκαῖοί
2443 3057 2506 3108 γε
2541 3039 2660 3094 λίαν
2701 3041 2748 3093 οἱ
2785 3041 2958 3108 φόϐοι,
2994 3044 3088 3096 καὶ
3118 3045 3337 3098 ποικίλα
3370 3047 3460 3098 καὶ
3489 3049 3699 3119 ἄπειρα

456 3142 584 3194 dum
625 3141 809 3208 itaque
844 3135 1140 3191 necessarii
1169 3142 1298 3189 sunt
1337 3141 1536 3195 metus,
1565 3141 1619 3186 et
1664 3129 1830 3184 variae
1861 3135 2022 3197 atque

459 3232 683 3287 infinitae
713 3238 844 3286 sunt
872 3245 1052 3284 causa:
1087 3243 1278 3284 eorum
1320 3241 1441 3297 qua:
1481 3225 1625 3281 Deus
1649 3223 1933 3294 dispensat
1958 3237 2022 3276 ac

457 3325 738 3394 providet;
785 3330 840 3378 et
879 3337 1021 3390 saepe
1081 3320 1281 3390 saepius
1330 3318 1516 3374 eadem
1562 3323 1784 3387 propter
1841 3313 2024 3369 varias

457 3427 653 3468 causas
691 3413 969 3468 eveniunt.
1015 3409 1109 3466 Ille
1157 3416 1385 3480 πει-οισι
1426 3416 1650 3479 prapter
1690 3415 1932 3476 peccata,
1964 3412 2024 3459 ut

459 3513 849 3561 convertatur:
889 3505 1030 3559 alius
1056 3494 1280 3574 propter
1303 3503 1583 3564 virtutem,
1615 3507 1676 3553 ut
1714 3499 1888 3570 magis
1927 3497 2024 3552 ad-

462 3597 571 3650 huc
602 3605 954 3661 exerceatur;
989 3594 1044 3648 in
1073 3593 1445 3649 testimonium
1473 3593 1599 3646 item
1633 3591 1774 3646 alius
1803 3599 2023 3660 pr0pter

460 3683 692 3739 nimium
723 3691 1029 3754 peccatum,
1065 3690 1125 3737 ut
1154 3690 1447 3752 arguatur;
1482 3691 1534 3736 et
1563 3679 1809 3750 ejusdem
1857 3694 2022 3734 casus

460 3777 625 3832 varia:
651 3777 814 3832 etiam
845 3791 1045 3832 causa}.
1078 3774 1174 3831 Ille
1202 3775 1401 3830 amittit
1426 3789 1558 3845 opes
1586 3765 1726 3829 male
1755 3774 1834 3829 eis
1863 3788 2021 3838 usus,

459 3871 570 3927 Deo
594 3874 679 3926 sic
709 3870 788 3923 illi
822 3869 1189 3939 prospiciente
1215 3883 1279 3922 ac
1306 3874 1640 3938 praecavente
1666 3886 1678 3920 :
1705 3867 1843 3922 alius
1867 3874 1926 3920 ut
1954 3866 2021 3920 ad

459 3966 716 4021 virtutem
746 3978 842 4033 per
867 3963 1103 4033 inopiam
1137 3977 1196 4018 se
1218 3968 1471 4016 exerceat
1501 3959 1676 4014 :alius
1707 3966 1900 4028 sponte
1925 3974 2022 4013 sua

458 4073 624 4127 grave
667 4055 878 4125 pondus
915 4055 1227 4109 divitiarum
1258 4053 1463 4123 abjicit,
1508 4068 1575 4107 ne
1628 4052 1740 4106 sint
1769 4053 1818 4107 ei
1854 4052 2026 4120 impe-

463 4148 708 4203 dimento
753 4146 820 4199 ad
852 4146 1134 4201 virtutem.
1177 4144 1364 4216 Neque
1398 4145 1556 4199 facile
1585 4144 1853 4214 quispiam
1900 4159 2024 4215 per—

461 4238 674 4308 spicere
711 4243 891 4306 potest
939 4235 1245 4291 absolutam
1295 4235 1561 4290 rationem
1612 4249 1797 4290 earum
1840 4250 2024 4288 rerum

460 4344 598 4400 quas
621 4327 762 4383 Deus
792 4327 1075 4398 gubernat,
1103 4336 1162 4382 ut
1195 4326 1506 4382 hominibus
1547 4327 1815 4382 consulat.
1841 4325 2020 4381 Pauca

462 4435 588 4476 vero
614 4434 736 4490 quae
767 4418 1161 4488 comprehensa
1203 4425 1353 4481 sunt,
1401 4417 1560 4472 ﬁdem
1596 4415 1802 4471 faciunt
1831 4431 2024 4471 eorum

460 4527 582 4584 quae
625 4527 735 4566 non
769 4520 920 4567 sunt.
952 4509 1207 4577 Quaedam
1238 4511 1385 4564 enim
1428 4509 1543 4580 ipse
1575 4508 1816 4564 declarat
1853 4508 2029 4563 homi-

464 4605 644 4666 nibus,
681 4611 740 4658 ut
768 4603 1174 4674 quodammodo
1207 4618 1276 4658 ex
1301 4602 1368 4658 iis
1393 4617 1513 4672 quae
1544 4603 1808 4664 sentiunt,
1835 4616 2030 4656 ascen-

463 4696 592 4753 dere
619 4697 832 4767 possint
857 4696 926 4750 ad
957 4710 1102 4751 eum.
1126 4695 1249 4750 Alia
1277 4709 1406 4749 vero
1433 4695 1664 4764 plurima
1691 4695 2029 4750 obscuritate

464 4789 727 4858 contegit,
764 4803 833 4842 ne
863 4795 1057 4842 contra
1089 4803 1149 4842 se
1183 4786 1276 4842 fiat
1306 4787 1565 4856 magister
1592 4803 1700 4841 non
1727 4786 1982 4841 credendi
2011 4805 2023 4839 :

467 4894 567 4935 nec
595 4880 740 4934 enim
773 4879 1001 4934 decebat
1035 4879 1275 4933 omnium
1301 4894 1420 4948 quae
1443 4878 1717 4948 sigillatim
1749 4879 1904 4942 ﬁunt,
1933 4878 2030 4934 de-

464 4971 890 5026 monstrationes
918 4986 949 5025 a
983 4969 1092 5024 Deo
1120 4985 1378 5040 poscere;
1411 4969 1680 5038 siquidem
1716 4968 2028 5039 hujusmodi

465 5062 704 5132 cognitio
752 5062 1024 5118 difﬁcilior
1063 5070 1122 5117 et
1165 5062 1320 5133 pejor
1363 5071 1448 5117 est
1477 5077 1640 5133 quam
1683 5063 2024 5131 ignorantia;

467 5153 570 5208 hac
591 5153 734 5207 enim
771 5155 982 5208 ratione
1023 5153 1286 5208 suadetur
1329 5156 1520 5218 menti,
1551 5155 1697 5225 quod
1743 5154 2025 5219 addiscat;

469 5244 671 5315 alioqui
693 5245 828 5300 nihil
852 5262 1066 5310 eorum,
1097 5263 1218 5316 quae
1245 5247 1387 5302 Deus
1415 5248 1701 5318 gubernat,
1735 5247 1800 5302 ad
1819 5247 2027 5316 justam

469 5336 917 5405 gubernationem
954 5338 1200 5394 referret.
1234 5337 1423 5393 Melior
1445 5347 1629 5394 autem
1659 5346 1744 5394 est
1768 5339 1822 5393 in
1859 5340 2026 5397 Deum

470 5425 602 5482 ﬁdes
636 5434 689 5482 et
718 5427 986 5495 charitas;
1033 5436 1086 5484 et
1113 5428 1365 5499 quamvis
1395 5444 1547 5484 mens
1597 5444 1705 5483 non
1734 5427 2029 5498 perspiciat

470 5533 592 5586 quae
625 5519 776 5583 ﬁunt,
801 5520 1031 5576 conﬁdat
1066 5530 1248 5577 tamen
1285 5529 1432 5576 recte
1472 5522 1816 5592 gubernanti.
1851 5521 2022 5592 Siqu‘-

470 5607 593 5662 dem
625 5609 682 5663 in
721 5613 976 5669 omnibus
1009 5615 1174 5668 rebus
1217 5612 1412 5668 adduci
1448 5613 1782 5682 argumentis
1815 5620 1869 5668 et
1903 5628 2018 5683 pro-

477 5701 807 5768 bationibus,
849 5705 1027 5774 potius
1053 5714 1195 5761 esset
1230 5703 1452 5776 perfidia
1487 5721 1648 5773 quam
1674 5705 1826 5762 fides.

2128 3130 2206 3200 τῷ
2235 3131 2426 3202 πλήθει
2473 3131 2542 3185 τὰ
2582 3133 2748 3198 αἴτια,
2789 3127 2864 3186 ὧν
2904 3133 2958 3187 δὲ
2991 3133 3121 3198 Θεὸς
3155 3137 3453 3208 οἰκονομεῖ·
3486 3141 3584 3192 καὶ
3621 3141 3700 3194 τά

2128 3223 2265 3277 αύτά
2309 3225 2562 3290 πολλάκις
2605 3227 2690 3282 διὰ
2738 3228 2984 3292 ποικίλας
3031 3229 3330 3299 προφάσεις
3383 3231 3676 3300 συμϐαίνει

2141 3317 2198 3369 '0
2233 3317 2330 3386 μὲν
2376 3318 2648 3388 ἀρῤωστεῖ
2697 3319 2762 3372 δι’
2808 3319 3080 3392 ἁμαρτίας
3129 3323 3612 3393 ἐπιστρεφόμενος·
3667 3327 3703 3377 ὁ

2127 3407 2183 3461 δὲ
2205 3409 2272 3462 δι’
2301 3410 2498 3481 ἀρετὴν
2543 3410 2622 3464 ἔτι
2673 3411 2868 3482 μᾶλλον
2912 3414 3318 3484 γυμναζόμενος
3365 3417 3445 3479 εἰς
3485 3433 3702 3488 μαρτυ.

2131 3502 2281 3570 ρίαν·
2318 3501 2475 3566 ἄλλος
2503 3502 2590 3556 διὰ
2621 3503 2926 3577 ὑπερϐολὴν
2957 3505 3154 3568 κακίας
3186 3506 3568 3578 ἐλεγχόμενος·
3602 3513 3704 3565 καὶ

2126 3591 2220 3644 τοῦ
2269 3592 2432 3646 αὐτοῦ
2480 3593 2879 3665 συμπτώματος
2925 3594 3140 3649 ποικίλα
3174 3596 3241 3649 τά
3273 3599 3444 3650 αἴτια.
3481 3599 3540 3651 ὐ
3599 3600 3702 3668 μὲν

2129 3685 2380 3737 ἐκπίπτει
2435 3685 2698 3751 πλούτου,
2745 3685 2818 3759 μὴ
2869 3686 3047 3750 καλῶς
3099 3687 3472 3758 χρησάμενος·
3541 3691 3704 3755 ἄλλος

2127 3777 2202 3839 ὡς
2239 3776 2419 3839 καλῶς
2452 3779 2794 3849 χρησάμενος
2831 3779 3002 3848 φειδοῖ
3046 3779 3180 3834 Θεοῦ
3200 3770 3221 3810 ·’
3262 3781 3420 3845 ἄλλος
3465 3782 3523 3836 δὲ
3565 3783 3705 3854 πρὸς

2128 3869 2326 3940 ἀρετὴν
2350 3867 2437 3922 διὰ
2466 3870 2655 3934 πενίας
2676 3871 3080 3943 γυμναζόμενος
3097 3890 3112 3902 ·
3141 3873 3326 3945 ἕτερος
3351 3874 3491 3927 ἐκὼν
3512 3877 3700 3946 ῥίπτει

2128 3962 2233 4013 τῶν
2267 3961 2561 4032 χρημάτων
2607 3961 2668 4015 τὸ
2713 3962 2896 4036 βάρος,
2927 3965 3001 4029 ώς
3030 3965 3102 4037 μὴ
3137 3966 3273 4038 πρὸς
3300 3967 3494 4037 ἀρετὴν
3520 3969 3695 4034 ἐμπο-

2127 4051 2340 4115 δίζοιτο.
2369 4055 2476 4107 Καὶ
2508 4055 2607 4108 ούκ
2635 4055 2700 4109 ἂν
2733 4056 2832 4127 μέν
2869 4075 2954 4120 τις
2982 4059 3177 4128 ῥᾳδίως
3201 4060 3395 4114 κατίδοι
3419 4059 3514 4127 τὴν
3541 4059 3690 4111 κατά

2131 4145 2294 4216 μέρος
2325 4146 2626 4219 ἀκρίϐειαν,
2661 4142 2735 4201 ὧν
2772 4151 2801 4201 ὁ
2855 4149 2988 4214 Θεὸς
3038 4150 3334 4223 ἀνθρώπων
3373 4150 3687 4220 φειδόμενος

2129 4239 2400 4307 οίκονομεῖ
2417 4255 2430 4269 ·
2458 4237 2527 4293 τὰ
2554 4239 2610 4292 δὲ
2652 4240 2808 4308 ὀλίγα
2852 4241 3369 4313 καταλαμϐανόμενα
3399 4243 3574 4305 πίστις
3601 4243 3692 4311 γί-

2128 4344 2276 4381 νεται
2306 4329 2412 4382 τῶν
2455 4331 2526 4400 μὴ
2578 4331 3161 4404 καταλαμϐανομένων.
3211 4334 3294 4387 Τά
3341 4336 3437 4404 μὲν
3459 4334 3569 4403 γὰρ
3596 4338 3697 4389 καὶ

2127 4420 2289 4482 αὐτὸς
2333 4420 2636 4493 ἀνθρώποις
2679 4423 2982 4495 σαφηνίζει,
3023 4425 3099 4489 ὡς
3141 4425 3207 4480 ἂν
3238 4426 3411 4496 ἔχοιεν
3435 4427 3700 4480 ἀναϐάσει

2129 4511 2424 4582 κεχρῆσθαι
2460 4513 2658 4583 τρόπον
2684 4513 2806 4566 τινὰ
2834 4516 2968 4585 πρὸς
3002 4515 3186 4580 αὐτὸν,
3223 4515 3290 4567 δι’
3314 4508 3389 4567 ὧν
3430 4514 3697 4567 ἐπαισθά-

2127 4617 2304 4654 νονται
2324 4617 2336 4630 ·
2362 4600 2432 4654 τὰ
2461 4601 2516 4654 δέ
2555 4602 2782 4656 πλεῖστα
2819 4603 3050 4672 κρύπτει
3079 4604 3145 4656 δι’
3185 4603 3476 4672 ἀσαφείας,
3505 4604 3593 4656 ἶνα
3623 4605 3699 4672 μὴ

2126 4693 2350 4765 γένηται
2391 4696 2488 4764 τῆς
2541 4693 2658 4749 καθ’
2699 4696 2888 4750 ἐαυτοῦ
2938 4714 3000 4765 γε
3049 4698 3302 4760 ἀπιστίας
3344 4697 3661 4760 διδάσκαλος
3682 4715 3695 4726 ·

2127 4787 2245 4840 οὐδέ
2271 4788 2379 4860 γὰρ
2405 4790 2646 4860 προσῆκε
2673 4789 2779 4842 τῶν
2804 4790 3101 4861 γινομένων
3126 4792 3355 4844 ἑκάστου
3383 4791 3538 4861 παρά
3563 4790 3697 4843 Θεοῦ

2125 4881 2225 4949 τὴν
2260 4881 2528 4947 ἀπόδειξιν
2561 4882 2834 4935 ἀπαιτεῖν·
2859 4881 2980 4936 ἐπεί
3019 4900 3098 4936 τοι
3135 4882 3491 4952 χαλεπωτέρα
3516 4882 3698 4950 γίγνε-

2126 4992 2214 5029 ται
2251 4975 2348 5044 τῆς
2373 4975 2592 5043 ἀγνοίας
2619 4977 2651 5046 ἡ
2678 4975 2896 5047 τοιαύτη
2920 4976 3138 5044 γνῶσις,
3167 4975 3240 5038 ὼς
3274 4974 3358 5028 διὰ
3392 4973 3553 5027 τοῦτο
3573 4973 3698 5026 δυσ-

2129 5064 2443 5133 ωπουμένου
2491 5064 2585 5118 τοῦ
2629 5064 2740 5128 νοῦ,
2765 5065 2846 5118 ὅτι
2879 5065 3136 5136 μανθάνοι
3157 5081 3170 5094 ·
3207 5065 3380 5127 ἄλλως
3414 5064 3460 5117 δ’
3499 5063 3570 5117 ἂν
3596 5065 3697 5116 οὐκ

2127 5153 2191 5206 ἂν
2221 5153 2511 5224 δεξαμένου
2540 5154 2678 5219 πρὸς
2704 5154 2913 5208 δικαίαν
2936 5155 3244 5226 οἰκονομίαν
3270 5154 3424 5208 οὐδὲν
3451 5147 3528 5207 ὧν
3566 5153 3696 5205 διοι-

2127 5249 2214 5300 κεῖ
2248 5248 2397 5311 Θεός.
2436 5247 2666 5301 Βελτίων
2695 5247 2752 5300 δὲ
2784 5249 2817 5318 ἡ
2843 5247 2976 5318 πρὸς
3008 5246 3138 5300 Θεὸν
3162 5247 3343 5309 πίστις
3367 5263 3428 5298 τε
3457 5246 3557 5298 καὶ
3585 5245 3673 5296 διά

2128 5341 2302 5405 θεσις·
2337 5343 2429 5394 καὶ
2451 5341 2576 5412 δίχα
2600 5340 2692 5394 τοῦ
2722 5340 2957 5412 καθορᾷν
2977 5341 3069 5394 τὸν
3096 5339 3218 5394 νοῦν
3245 5340 3353 5394 τῶν
3388 5337 3669 5410 πραττομέ

2128 5453 2254 5499 νων,
2291 5433 2510 5505 θαρρεῖν
2557 5437 2622 5505 τῇ
2666 5433 2757 5486 τοῦ
2798 5432 3120 5496 διοικοῦντος
3144 5433 3392 5506 ὀρθότητι
3412 5448 3425 5460 ·
3455 5431 3582 5484 ἐπεί
3613 5445 3690 5482 τοι

2126 5529 2188 5580 τὸ
2218 5526 2282 5579 δι’
2307 5525 2632 5590 ἀποδείξεων
2659 5525 2933 5595 πανταχοῦ
2974 5523 3428 5597 προσϐιϐἀξεσθαι
3470 5520 3691 5578 ἀπιστία

2131 5619 2306 5695 σαφὴς
2343 5618 2538 5691 μᾶλλον
2573 5619 2605 5688 ἢ
2638 5617 2819 5681 πίστις
2841 5617 2906 5672 ἂν
2941 5617 3047 5689 εἴη.
