4008 6208
328 285 462 343 1181

1374 285 1738 342 Αονιιοδυε
1775 282 2191 340 MANICHEOS
2228 284 2355 340 LIB.
2399 283 2462 339 ll.

3408 282 3545 337 “82

396 399 531 451 οὐδὲ
570 397 755 466 φίλους
793 398 1045 469 γνησίους
1096 399 1278 455 πολλοὶ
1324 402 1773 472 περιεργάζονται
1805 418 1848 455 τι

1952 448 1957 470 ,
2057 397 2170 454 [mo
2206 398 2450 469 plerique
2482 397 2536 451 in
2566 409 2727 451 veros
2756 404 2813 451 et
2843 406 3132 466 germanos
3177 391 3387 448 amicos
3431 408 3544 447 non

282 490 289 495 ’
324 488 660 559 άνεξετάστῳ
697 488 801 560 τῆς
842 491 1124 556 συνουσίας
1154 492 1215 546 τὸ
1244 494 1462 565 γνήσιον
1506 493 1776 563 νέμοντες,
1809 491 1885 556 ὡς

1988 491 2272 561 inquirunt
2297 490 2538 553 curiose,
2574 487 2870 558 legitimam
2913 501 2977 542 ac
3005 500 3316 556 germanam
3355 485 3544 540 amici-

323 580 519 652 ῥᾳδίως
563 581 648 633 ἐπ’
684 581 911 654 ἀπιστίᾳ
946 581 1382 654 διαϐαλλόμενοι,
1422 586 1471 638 εί
1519 584 1785 656 μηδέποτε
1820 601 1848 638 τ

1983 583 2111 636 tiam
2143 582 2246 636 hoc
2270 582 2392 653 ipso
2418 580 2731 642 reddentes,
2764 576 2911 648 quod
2931 592 3057 633 cum
3078 575 3272 632 amicis
3306 576 3425 633 sine
3444 591 3544 633 cu-

322 672 543 744 θαρῤεῖν
568 672 777 737 τούτοις
799 674 935 744 μετά
952 691 1015 742 γε
1038 674 1135 746 τὴν
1157 679 1349 747 πεῖραν
1368 678 1702 749 παρέχοιντο.
1725 675 1848 731 Οῦτι

1980 673 2231 728 riositate
2272 680 2565 729 versantur
2600 678 2902 740 :tanquam
2942 668 3100 724 facile
3138 670 3541 726 accusationem

318 766 382 839 δὴ
422 768 517 821 καὶ
552 766 706 834 Θεὸς,
750 768 984 839 μάλιστα
1032 770 1349 842 βουλόμενος
1392 774 1539 844 ἡμᾶς
1581 771 1879 826 διακεῖσθαι

322 860 456 930 πρὸς
483 860 696 923 ἑαυτὸν,
726 862 823 931 οὐχ
854 860 1069 917 ἃπασαν
1109 863 1209 933 τῆς
1251 865 1444 917 ἑαυτοῦ
1495 858 1745 936 προνοίας
1779 882 1878 918 σα-

318 949 531 1018 φηνίζει
569 950 669 1023 τὴν
719 951 1030 1024 ἐνέργειαν
1067 952 1241 1008 ἐθέλει
1277 954 1385 1025 γὰρ
1418 955 1562 1025 ἡμᾶς
1607 954 1878 1009 πιστεύειν

315 1041 486 1113 αὐτῷ,
531 1042 592 1095 οὺ
638 1042 742 1115 μὴν
783 1045 890 1099 οὐδ’
936 1045 1157 1100 ἃπασαν
1198 1046 1574 1116 ἀποκρύπτει,
1618 1044 1753 1099 ἀλλά
1808 1045 1875 1098 δι’

314 1132 472 1186 ἐνίων
496 1134 901 1207 ὑποδειγμάτων
926 1136 1194 1209 ύπερείδει
1212 1136 1410 1208 τρόπον
1429 1136 1547 1190 τινὰ
1573 1137 1661 1190 τὸν
1680 1137 1875 1207 ἡμέτε-

314 1239 407 1294 ρον
432 1240 573 1279 νουν.

378 1412 440 1465 Οί
480 1409 584 1482 μὲν
617 1402 710 1462 οὖν
747 1407 1082 1478 εὐγνώμονες
1110 1392 1193 1480 «τῇ
1236 1404 1488 1477 προθέσει
1525 1407 1617 1460 καὶ
1657 1405 1874 1459 εὐσεϐέ-

309 1519 514 1565 στατοι,
542 1502 658 1570 ἃμα
691 1517 749 1553 τε
780 1498 1125 1567 διαίσθονται,
1154 1498 1249 1553 καὶ
1293 1496 1391 1566 τὴν
1423 1497 1641 1567 μνήμην
1679 1497 1757 1560 είς
1785 1497 1871 1550 ἀεὶ

306 1592 711 1663 παραμένοντες
735 1588 1065 1659 διατηροῦσι,
1094 1588 1199 1658 γῆς
1233 1587 1431 1659 τρόπον
1461 1584 1672 1657 ἀγαθῆς
1698 1583 1868 1657 σπέρ-

308 1700 457 1756 ματα
491 1679 790 1752 δεξαμένης
815 1678 1103 1742 ἀνθοῦντες
1127 1677 1266 1750 πρὸς
1291 1675 1361 1729 τά
1387 1674 1544 1729 καλά.

1977 762 2216 832 perﬁdiae
2261 764 2624 825 incurrentes,
2659 761 2708 817 si
2745 775 3027 831 nunquam
3068 769 3191 832 post
3239 758 3540 831 periculum

1977 853 2179 909 factum
2235 855 2369 926 ipsis
2423 844 2725 911 conﬁdant.
2792 852 2885 908 Sic
2951 853 3116 909 etiam
3176 852 3361 919 Deus,
3412 868 3537 906 cum

1975 946 2213 1000 maxime
2250 946 2400 1013 velit,
2446 954 2505 1000 ut
2533 946 2708 1001 simus
2746 958 2877 1015 erga
2906 946 3087 1015 ipsum
3118 944 3254 1000 bene
3287 942 3538 1008 animati,

1973 1052 2085 1092 non
2118 1052 2332 1092 omnem
2369 1037 2724 1107 providentiae
2776 1052 2888 1093 suae
2939 1035 3047 1090 vim
3094 1043 3147 1090 et
3191 1032 3534 1089 etlicientiam

1971 1128 2210 1187 declarat
2238 1149 2251 1184 :
2284 1130 2399 1184 vult
2424 1130 2570 1185 enim
2619 1139 2681 1187 ut
2711 1129 2761 1185 ei
2786 1128 3114 1193 credamus;
3148 1142 3324 1198 neque
3344 1140 3538 1182 rursus

1970 1236 2184 1277 omnem
2210 1236 2313 1278 nos
2336 1221 2498 1285 celat,
2523 1220 2617 1277 sed
2643 1221 2971 1293 quibusdam
2994 1220 3259 1291 exemplis
3279 1219 3536 1291 quodam-

1969 1310 2129 1366 modo
2155 1319 2391 1367 mentem
2422 1321 2670 1368 nostram
2701 1320 2994 1391 sustentat.

2038 1399 2142 1468 Qui
2171 1401 2338 1471 igitur
2378 1402 2563 1458 animo
2594 1412 2750 1474 grato
2787 1413 2841 1459 et
2881 1386 2972 1474 pio
3002 1387 3160 1466 sunt,
3199 1386 3360 1457 simul
3404 1416 3532 1458 sen-

1968 1493 2132 1555 tiunt,
2158 1503 2213 1547 et
2240 1495 2560 1549 memoriam
2586 1510 2800 1566 semper
2817 1504 3149 1551 conservant
3177 1493 3350 1550 instar
3371 1502 3534 1551 terra

1966 1584 2120 1638 bona:
2143 1592 2296 1651 satae,
2323 1582 2677 1642 ﬂoresceutes
2706 1587 2764 1641 in
2792 1586 2978 1644 studio
3006 1586 3294 1641 virtutum.

372 1775 438 1829 Οἱ
468 1774 526 1827 δὲ
553 1772 754 1825 πλείονι
798 1770 1059 1842 βαρύτητι
1092 1768 1193 1840 τῆς
1239 1766 1521 1840 συνηθείας
1554 1765 1660 1820 τῶν
1694 1766 1848 1838 άμαρ

2040 1757 2145 1825 Qui
2175 1773 2307 1814 vero
2349 1766 2585 1815 mentem
2611 1760 2815 1817 habent
2861 1776 3058 1833 magna
3086 1763 3351 1833 gravitate
3396 1773 3532 1816 con-

301 1861 563 1933 τημάτων
600 1858 929 1930 κεχωσμένοι
969 1857 1059 1912 τὸν
1100 1856 1245 1921 νοῦν,
1278 1856 1311 1927 ἢ
1354 1856 1555 1926 ἐτέρων
1602 1854 1867 1926 προλήψει

299 1952 443 2005 κατά
469 1950 602 2005 Θεοῦ
629 1950 979 2021 πλασμάτων,
1005 1943 1091 2002 οἷα
1113 1948 1177 2019 δή
1206 1948 1303 2002 καὶ
1324 1948 1353 2000 ὁ
1373 1949 1563 2019 Μάνης
1586 1947 1866 2018 ἐξήνεγκε,

296 2043 395 2097 καὶ
422 2043 550 2113 παρ’
578 2040 757 2104 ἄλλοις
788 2040 935 2114 εὖροι
955 2057 1042 2104 τις
1071 2039 1159 2103 ἂν,
1187 2039 1469 2110 κρούονται
1513 2036 1611 2109 μὲν
1636 2036 1734 2109 τήν
1756 2038 1871 2093 διά-

294 2149 467 2196 νοιαν,
494 2132 866 2203 διακρούονται
891 2131 946 2185 δὲ
975 2130 1082 2185 τῶν
1115 2130 1523 2201 ὑποδειγμάτων
1549 2129 1647 2201 τὴν
1678 2129 1869 2201 αἴσθη-

296 2240 383 2278 σιν
406 2225 497 2279 καὶ
519 2225 580 2278 τὸ
600 2223 810 2293 ὄφελος.

1968 1849 2275 1906 suetudinis
2321 1858 2668 1922 peccatorum
2715 1851 2967 1906 obrutam
3005 1859 3060 1907 et
3107 1851 3400 1922 Oppletam,
3437 1855 3534 1904 aut

1970 1942 2362 2014 anticipatione
2400 1943 2632 1998 aliarum
2664 1952 2855 1998 contra
2884 1941 3051 1998 Deum
3091 1942 3343 1997 ﬁctarum
3378 1942 3531 2012 cogi-

1975 2034 2265 2099 tationum,
2295 2035 2487 2105 quales
2514 2033 2840 2092 Manichaeus
2876 2032 3229 2106 deprompsit,
3259 2041 3315 2088 et
3341 2032 3534 2103 quales

1972 2125 2114 2195 apud
2167 2125 2304 2181 alios
2350 2129 2731 2199 reperiuntur;
2773 2126 3025 2197 pulsatur
3073 2123 3292 2196 quidem
3339 2138 3526 2180 eorum

1970 2230 2146 2282 mens,
2181 2216 2278 2272 sed
2320 2217 2591 2286 repellunt
2631 2231 2853 2272 sensum
2900 2216 3270 2287 exemplorum
3301 2221 3355 2270 et
3383 2212 3528 2268 utili-

1965 2311 2154 2360 tatem.

818 2436 947 2491 Car.
975 2432 1163 2490 XXIV.
1208 2432 1542 2488 Prwdicatur
1576 2432 1671 2487 Dei
1697 2434 2024 2502 prouidentia
2051 2440 2197 2494 circa
2232 2441 2490 2495 animalia
2519 2440 2721 2494 homini
2759 2438 2996 2494 inutilia.

358 2553 546 2609 ταῦτα
571 2552 668 2623 μὲν
690 2551 1033 2625 προσκείσθω
1063 2550 1192 2623 περὶ
1224 2551 1325 2621 τῆς
1348 2551 1574 2605 καθόλου
1606 2552 1860 2624 προνοίας

287 2649 383 2705 τοῦ
415 2648 522 2703 τῶν
562 2648 698 2702 ὅλων
727 2646 883 2700 Θεοῦ.
919 2642 1028 2700 Ἦν
1066 2645 1123 2699 δὲ
1163 2646 1226 2699 τὸ
1273 2644 1655 2717 ἐξεταζόμενον
1702 2648 1857 2717 ἡμῖν,

286 2741 418 2814 περὶ
457 2739 661 2813 θηρίων
702 2739 974 2803 ἁπάντων,
1015 2737 1109 2792 κα.)⁵
1157 2718 1508 2791 ἀπεδείκνυτο
1560 2741 1672 2802 τοῖς
1719 2738 1860 2792 κατά

284 2833 450 2902 φύσιν
493 2832 772 2901 λογισμοῖς
811 2828 933 2883 οὔτε
986 2827 1132 2882 κακά
1184 2827 1308 2882 οὔτε
1355 2831 1421 2883 ὲκ
1468 2828 1666 2893 κακίας
1713 2830 1858 2893 τινὸς

281 2922 493 2978 ταῦτα·
526 2919 863 2997 χρήσιμαδὲ
896 2918 1015 2973 λίαν
1055 2916 1360 2989 ἀνθρώποις
1395 2919 1474 2982 είς
1510 2917 1660 2982 δέους
1691 2935 1863 2972 κατα·

285 3013 512 3084 σκευήν.
557 3011 620 3066 Εί
671 3010 781 3082 γὰρ
840 3008 1056 3064 ἀπάντα
1111 3009 1181 3065 τὰ
1244 3008 1385 3064 κατά
1445 3009 1546 3080 τὴν
1600 3009 1857 3081 δημιουρ-

2033 2556 2211 2628 Atque
2258 2557 2371 2613 haec
2415 2557 2636 2629 quidem
2688 2556 2899 2626 adjecta
2953 2555 3065 2611 sint
3111 2556 3407 2626 generatim
3456 2555 3529 2612 de

1965 2647 2301 2719 providentia
2354 2648 2450 2704 Dei
2506 2649 2907 2704 universorum.
2957 2645 3089 2701 Erat
3135 2654 3314 2703 autem
3365 2649 3525 2703 nobis

1964 2741 2195 2812 quaestio
2232 2742 2302 2798 de
2351 2741 2607 2797 omnibus
2656 2740 2818 2806 feris;
2852 2738 3393 2809 demonstratumque
3437 2748 3524 2794 est

1939 2834 2271 2891 'rationibus
2297 2848 2367 2891 ex
2388 2841 2588 2889 natura
2619 2832 2802 2888 ductis
2827 2846 3005 2902 neque
3034 2831 3207 2886 malas
3245 2846 3390 2895 esse,
3420 2845 3525 2885 nec

1962 2940 2028 2979 ex
2061 2924 2173 2980 ullo
2202 2925 2348 2979 malo
2387 2924 2662 2995 principio
2703 2920 3001 2992 profectas,
3043 2922 3204 2975 utiles
3233 2935 3363 2976 vero
3400 2934 3525 2974 esse

1963 3015 2272 3072 hominibus
2300 3015 2367 3069 ad
2401 3013 2775 3070 incutiendum
2814 3021 3040 3067 metum.
3068 3009 3124 3066 Si
3150 3011 3294 3066 enim
3318 3026 3440 3081 ηοω
3466 3010 3520 3065 in

282 3104 411 3173 γίαν
445 3103 574 3175 ήδέα
621 3102 779 3172 μόνον
820 3100 1081 3173 ἐτύγχανε
1126 3101 1221 3155 καὶ
1271 3100 1585 3173 ἱλαρότητος
1626 3100 1848 3171 ἔμπλεα,

1963 3107 2166 3161 mundo
2189 3105 2331 3160 facta
2357 3112 2507 3168 sunt,
2533 3105 2723 3161 suavia
2752 3110 2939 3159 essent
2958 3111 3014 3159 et
3030 3103 3320 3158 hilaritatis
3340 3103 3519 3174 plena,

282 3196 379 3252 καὶ
415 3195 579 3267 μηδὲν
614 3190 683 3265 ἦν
719 3193 992 3257 παντελῶς
1035 3194 1097 3249 τὸ
1137 3193 1317 3266 ἠρέμα
1364 3188 1492 3261 γοῦν
1544 3190 1807 3259 ὲκφοϐοῦν
1831 3208 1847 3223 ο

280 3283 533 3355 χαλεπῶς
563 3282 631 3338 ἂν
673 3279 857 3347 ἔδοξαν
897 3280 1171 3354 ἄνθρωποι
1216 3276 1676 3347 παιδαγωγεῖσθαι
1714 3275 1848 3348 πρὸς

280 3375 420 3447 ἀφοϐ
427 3375 526 3429 ίαν.

354 3469 507 3539 Ἔχει
542 3466 599 3520 δὲ
636 3465 808 3523 ταῦτα
837 3463 929 3519 καὶ
960 3460 1227 3524 ποικιλίας
1260 3459 1480 3530 κόσμον,
1510 3458 1604 3512 καὶ
1634 3457 1711 3530 τῷ
1743 3475 1839 3528 φο-

279 3559 427 3632 ϐερῷ
451 3556 935 3629 καταμεμιγμένην
967 3554 1064 3626 τὴν
1106 3552 1458 3623 εὐπρέπειαν.
1491 3549 1699 3604 Αὐτίκα
1747 3550 1843 3604 καὶ

278 3652 417 3724 πρὸς
458 3650 667 3714 τούτοις
711 3649 858 3702 ἔστιν
888 3647 1073 3718 ἔτερα,
1107 3644 1143 3699 ἃ
1188 3647 1323 3716 μήτε
1365 3643 1587 3715 τρέφειν
1630 3640 1845 3715 ἀνθρώ-

279 3760 414 3808 πους
463 3741 771 3813 ἐπιτήδεια,
809 3743 943 3811 μήτε
1007 3736 1299 3809 περιϐολὴν
1346 3735 1655 3806 ἐνδυμάτων
1700 3750 1842 3805 παρ-

277 3836 455 3906 έχειν*
493 3833 617 3904 μήτ’
662 3826 753 3885 οὖν
780 3828 1016 3902 θηριώδη
1047 3828 1142 3882 καὶ⁵
1163 3828 1329 3899 ἄγρια
1361 3826 1637 3898 τυγχάνει,
1684 3825 1843 3897 μόνον

274 3926 334 3979 δὲ
367 3925 569 3996 κόσμον
611 3923 711 3995 τὴν
748 3920 1022 3975 ποικιλίαν
1062 3918 1392 3991 ἀναπληροῖ·
1425 3918 1518 3972 καὶ
1561 3917 1738 3988 δῆλον,
1768 3916 1843 3979 ὠς

277 4016 493 4070 ἅπαντα
517 4013 700 4085 ήρεμά
726 4029 786 4065 τε
828 4012 924 4065 καὶ
970 4011 1157 4082 ἄγρια,
1190 4011 1284 4063 καὶ
1317 4007 1389 4062 τά
1430 4008 1608 4080 μέσως
1653 4008 1843 4078 ἔχοντα

274 4108 394 4171 ἑνὸς
451 4102 864 4175 ὑποϐεϐλημένα
914 4099 1244 4173 δημιουργίᾳ
1285 4117 1345 4153 τε
1396 4098 1489 4154 καὶ
1544 4097 1841 4169 βουλήματι

272 4196 538 4267 διαμένοι,
588 4194 685 4266 τὴν
734 4193 791 4247 δὲ
843 4190 1269 4263 ἀλληλοφθορίαν
1318 4188 1694 4259 διαφεύγοντα,
1747 4186 1839 4240 καὶ

272 4287 539 4351 ποικίλοις
569 4284 1033 4355 πλεονεκτήμασιν
1065 4280 1440 4354 ἠσφαλισμένα
1460 4297 1473 4310 ο
1503 4278 1572 4333 τά
1607 4280 1702 4350 μὲν
1730 4278 1839 4349 γὰρ

1955 3196 2197 3267 nihilque
2224 3196 2450 3251 omnino
2475 3203 2643 3257 esset,
2683 3193 2831 3264 quod
2877 3194 2961 3249 vel
3004 3194 3208 3249 sensim
3258 3200 3523 3263 perterre-

1951 3287 2184 3352 faceret;
2223 3301 2386 3357 grave
2413 3294 2468 3340 et
2497 3286 2694 3340 durum
2716 3286 2895 3340 visum
2917 3293 3064 3341 esset
3088 3284 3405 3341 hominibus
3432 3285 3519 3341 in-

1949 3377 2086 3432 strui
2121 3376 2188 3431 ad
2218 3391 2328 3431 non
2356 3375 2676 3431 timendum.

2017 3467 2230 3523 Habent
2270 3475 2453 3521 autem
2496 3466 2609 3521 haec
2660 3464 2825 3520 etiam
2858 3462 3139 3520 varietatis
3183 3471 3433 3518 ornatum
3460 3473 3517 3519 et

1944 3556 2197 3613 decorem
2236 3572 2361 3611 cum
2398 3565 2611 3612 terrore
2649 3555 2895 3609 mistum.
2942 3551 3148 3609 Przeter
3193 3552 3309 3608 haec
3349 3554 3512 3610 etiam

1948 3652 2209 3705 continuo
2235 3655 2362 3705 sunt
2397 3649 2503 3702 alia
2537 3648 2816 3711 animalia,
2845 3661 2967 3717 qua:
3013 3661 3118 3703 nec
3154 3646 3350 3702 idonea
3383 3654 3514 3702 sunt

1948 3743 2015 3797 ad
2047 3741 2299 3799 alendum
2335 3741 2619 3805 homines,
2662 3754 2838 3811 neque
2880 3748 3112 3810 possunt
3147 3738 3389 3810 prebere
3431 3720 3512 3794 eis

1947 3836 2235 3898 vestitum;
2276 3847 2455 3903 neque
2487 3847 2684 3888 rursus
2735 3830 2911 3887 ferina
2945 3839 3075 3886 sunt
3117 3838 3173 3886 et
3205 3844 3369 3894 saeva,
3414 3830 3510 3884 sed

1949 3924 2125 3980 solum
2162 3924 2479 3980 varietatem
2526 3923 2715 3979 mundi
2761 3922 3073 3993 complent;
3134 3919 3510 3977 manifestum-

1948 4033 2054 4087 que
2091 4022 2178 4073 est
2198 4016 2381 4071 omnia
2405 4014 2661 4070 animalia
2690 4024 2997 4078 mansueta,
3028 4020 3083 4069 et
3119 4028 3229 4069 non
3256 4028 3511 4069 mansue-

1947 4121 2019 4172 ta,
2050 4114 2105 4161 et
2133 4121 2253 4177 qua:
2285 4114 2415 4163 sunt
2467 4105 2779 4175 interjecta,
2826 4104 2986 4161 unius
3025 4103 3304 4161 creatione
3323 4113 3377 4161 et
3397 4120 3511 4160 vo—

1944 4199 2151 4254 luntate
2178 4213 2517 4269 permanere,
2540 4213 2642 4254 nec
2666 4212 2695 4251 a
2720 4213 2779 4254 se
2802 4197 2936 4268 ipsis
2969 4196 3213 4254 vicissim
3258 4197 3503 4264 interire,

1943 4291 2110 4347 variis
2148 4290 2327 4346 modis
2372 4291 2702 4347 excellenter
2744 4289 2952 4344 munita
2984 4308 2997 4345 :
3031 4290 3137 4344 alia
3175 4290 3322 4346 enim
3367 4305 3506 4363 pra:-

274 4379 428 4449 ίσχῦν
461 4378 670 4449 ἄμαχον
703 4376 815 4447 ἔχει
837 4393 848 4405 ·
880 4375 948 4428 τά
974 4374 1031 4428 δὲ
1064 4374 1425 4445 ἀσθενέστερα
1455 4372 1532 4443 τῷ
1557 4373 1710 4442 τάχει
1741 4371 1841 4441 τῆς

1952 4383 2055 4437 dita
2082 4392 2208 4438 sunt
2245 4382 2449 4438 invicto
2487 4383 2705 4448 robore,
2754 4381 2859 4437 alia
2895 4397 3025 4438 vero
3079 4381 3374 4438 inﬁrmiora
3410 4397 3505 4437 ve-

269 4472 485 4538 φύσεως
532 4467 630 4540 τὴν
681 4466 953 4539 σωτηρίαν
998 4465 1299 4537 πορίζεται,
1350 4466 1446 4519 καὶ
1492 4464 1626 4518 ἄλλα
1663 4462 1836 4526 ἄλλως

267 4561 564 4615 ὥπλισται·
599 4560 692 4613 καὶ
733 4559 803 4613 τὰ
834 4557 1092 4613 δοκοῦντα
1139 4556 1313 4612 ἄοπλα
1344 4555 1633 4628 τυγχάνειν
1677 4554 1834 4608 ἄλλον

264 4650 393 4705 τινά
415 4650 614 4722 τρόπον
658 4648 1121 4721 μεμηχανημένην
1154 4648 1265 4719 ἔχει
1303 4648 1400 4718 τὴν
1434 4646 1728 4715 ἀσφάλειαν
1750 4662 1764 4676 ·
1798 4645 1831 4716 ἢ

266 4744 378 4816 γὰρ
410 4744 626 4814 πτηνῶν
671 4743 825 4814 ἔλαχε
857 4741 1037 4813 φύσιν,
1082 4740 1117 4813 ἦ
1171 4740 1275 4794 ὑπὸ
1322 4738 1426 4810 γῆν
1474 4736 1828 4792 διαλανθάνει.

266 4836 425 4890 Οῦτω
449 4835 511 4889 τὸ
542 4836 639 4906 μὲν
664 4833 887 4905 κόσμιον
924 4834 952 4885 ὁ
977 4829 1316 4903 Δημιουργὺς
1353 4832 1418 4902 τῇ
1449 4827 1689 4901 ποικιλίᾳ
1731 4846 1830 4881 πε-

264 4928 541 4998 πόρισται,
574 4924 875 4979 ὲπανιστῶν
907 4923 963 4976 δὲ
1011 4922 1079 4974 τὰ
1122 4922 1353 4992 διάφορα
1392 4923 1507 4985 τοῖς
1553 4922 1685 4973 πᾶσι
1713 4919 1829 4974 δια-

262 5004 528 5090 νέμειτήν
544 5016 842 5086 ἀσφάλειαν
872 5014 948 5078 ὡς
968 5012 1033 5067 ἂν
1065 5011 1234 5083 μηδὲν
1253 5013 1404 5081 γένος
1433 5012 1636 5067 τούτων
1668 5012 1829 5066 ἀσθε-

261 5109 383 5187 νείᾳ
436 5108 651 5187 φύσεως
703 5104 960 5177 προδοθὲν
999 5102 1402 5174 παραπόληται.
1447 5102 1602 5157 Οὕτω
1632 5105 1690 5159 δὲ
1732 5106 1831 5159 καὶ

261 5182 400 5274 πρὸξ
454 5182 569 5264 τάξ
603 5199 751 5271 ὥρας
792 5199 1088 5270 ἠμφίεσται
1142 5199 1453 5272 περιϐολαῖς
1483 5199 1824 5269 αὐτομάτοις,

261 5291 410 5364 θριξί
441 5308 501 5345 τε
527 5294 760 5356 πυκναῖς
788 5291 883 5349 καὶ
927 5295 1175 5362 στερεαῖς
1196 5291 1446 5363 δέρμασι.
1471 5290 1735 5362 χειμῶνός
1764 5307 1825 5345 τε

259 5385 355 5441 καὶ
399 5385 678 5455 καύματος
728 5382 1171 5454 ἀποκρούσασθαι
1204 5384 1302 5455 τὴν
1349 5382 1551 5453 βλάϐην
1598 5385 1822 5448 ίκανοῖς,

255 5476 354 5548 τὴν
382 5475 439 5529 δὲ
468 5476 564 5528 ἐπὶ
595 5474 700 5546 γῆς
735 5475 1015 5529 ἀνάκλισίν
1047 5493 1105 5528 τε
1150 5474 1246 5528 καὶ
1289 5475 1602 5529 ἀνάπαυλαν
1655 5477 1826 5547 εὐμα-

259 5567 520 5639 ρεστέραν
550 5564 1045 5639 ἀπεργαζομένας,
1101 5568 1178 5632 ὡς
1236 5568 1477 5639 αὐτοφυῆ
1538 5568 1824 5641 στρωμνὴν

260 5658 574 5715 ὑποκεῖσθαι
606 5658 781 5713 δοκεῖν
801 5676 813 5690 ’
848 5660 940 5715 καὶ
978 5660 1044 5714 τὰ
1079 5661 1180 5732 μὲν
1209 5660 1512 5730 όλιγογόνια
1543 5661 1748 5733 ἔλαχεν,
1787 5660 1823 5730 ἢ

1940 4473 2160 4529 locitate
2188 4474 2419 4528 naturali
2444 4489 2505 4529 se
2525 4482 2775 4543 tuentur;
2798 4476 2904 4530 alia
2927 4476 3083 4530 aliter
3110 4483 3318 4529 armata
3342 4479 3500 4528 sunt:

1938 4573 1993 4620 et
2019 4579 2138 4635 quae
2163 4564 2415 4619 videntur
2444 4566 2614 4621 armis
2646 4580 2855 4629 carere,
2893 4565 3000 4619 alia
3033 4564 3283 4635 quaedam
3324 4563 3501 4618 forma

1938 4654 2260 4710 munitionis
2295 4660 2410 4708 tuta
2447 4662 2610 4710 sunt:
2635 4662 2730 4708 aut
2765 4655 2909 4709 enim
2939 4662 3190 4708 naturam
3219 4653 3497 4708 volucrum

1938 4747 2131 4802 sortita
2181 4753 2330 4811 sunt,
2382 4754 2477 4800 aut
2505 4745 2610 4801 sub
2642 4755 2790 4801 terra
2824 4745 3015 4799 latent.
3063 4743 3155 4799 Sic
3197 4744 3497 4799 fabricator

1936 4838 2123 4893 mundi
2156 4846 2407 4895 ornatum
2441 4835 2676 4892 confecit
2712 4837 3009 4904 varietate;
3053 4846 3109 4891 et
3150 4835 3399 4907 redigens
3428 4835 3507 4891 ad'

1933 4930 2302 5001 aequalitatem
2331 4943 2452 5000 qua:
2476 4937 2609 4985 sunt
2638 4927 2879 4993 diversa,
2923 4928 3181 4985 omnibus
3212 4926 3496 4984 distribuit

1933 5021 2218 5076 tuitionem
2248 5022 2358 5086 sui,
2407 5029 2468 5074 ut
2512 5020 2721 5074 nullum
2771 5034 2946 5091 genus
2974 5020 3169 5074 horum
3208 5018 3495 5075 imbecilli-

1932 5121 2044 5169 tate
2072 5120 2283 5168 natura:
2326 5110 2603 5182 proditum
2646 5119 2850 5181 pereat.
2906 5111 2989 5166 Ad
3033 5112 3493 5168 commutationes

1932 5212 2239 5274 temporum
2270 5201 2571 5257 induuntur
2600 5201 2926 5270 tegumentis
2963 5207 3154 5271 suapte
3180 5208 3377 5255 natura
3402 5213 3493 5253 or-

1931 5297 2025 5360 tis,
2063 5302 2119 5351 et
2157 5294 2285 5366 pilis
2310 5292 2498 5349 densis
2541 5305 2606 5347 ac
2632 5292 2789 5347 duris
2821 5291 3010 5356 coriis,
3061 5305 3183 5363 quae
3211 5291 3390 5349 hieme
3437 5301 3492 5347 et

1931 5388 1987 5441 in
2045 5392 2181 5441 aestu
2234 5386 2301 5440 ad
2364 5384 2791 5456 propulsandum
2834 5384 3237 5441 incommodum
3294 5384 3489 5440 idonea

1930 5489 2078 5542 sunt,
2111 5484 2165 5533 et
2193 5492 2313 5548 qua:
2342 5476 2550 5531 faciunt
2576 5485 2635 5531 ut
2666 5475 2880 5531 facilius
2914 5478 3175 5532 recubent
3193 5488 3247 5533 et
3273 5477 3487 5548 requie-

1930 5578 2103 5634 scant,
2138 5578 2197 5625 ut
2227 5570 2473 5626 videatur
2499 5577 2692 5640 suapte
2716 5570 2767 5623 vi
2802 5577 2855 5625 et
2884 5578 3076 5624 natura
3102 5571 3378 5641 supposita
3404 5570 3488 5626 eis

1929 5661 2164 5734 stragul:
2199 5678 2299 5717 :ac
2350 5664 2541 5734 partim
2582 5660 2800 5733 quidem
2845 5678 3034 5719 parum
3078 5663 3304 5723 Γίγιν-χλόα
3335 5672 3457 5704 επις
