  <div class='ocr_page' id='page_1' title='image "/cluster/home/n/w/nwhite01/storage/ocr_20150623/18/hvd.32044073501207/599.png"; bbox 0 0 3968 6914; ppageno 0'>
   <div class='ocr_carea' id='block_1_1' title="bbox 462 322 602 378">
    <p class='ocr_par' dir='ltr' id='par_1_1' title="bbox 462 322 602 378">
     <span class='ocr_line' id='line_1_1' title="bbox 462 322 602 378; baseline 0.021 -3"><span class='ocrx_word' id='word_1_1' title='bbox 462 322 602 378; x_wconf 70' lang='grc' dir='ltr'><strong>11ῗὸ</strong></span> 
     </span>
    </p>
   </div>
   <div class='ocr_carea' id='block_1_2' title="bbox 1592 331 2534 392">
    <p class='ocr_par' dir='ltr' id='par_1_2' title="bbox 1592 331 2534 392">
     <span class='ocr_line' id='line_1_2' title="bbox 1592 331 2534 392; baseline 0.004 -6"><span class='ocrx_word' id='word_1_2' title='bbox 1592 331 1727 387; x_wconf 75' lang='lat' dir='ltr'><strong>TITI</strong></span> <span class='ocrx_word' id='word_1_3' title='bbox 1767 332 2191 392; x_wconf 78' lang='lat' dir='ltr'><strong>BOSTRENSIS</strong></span> <span class='ocrx_word' id='word_1_4' title='bbox 2228 334 2534 391; x_wconf 83' lang='lat' dir='ltr'><strong>EPiSCOPl</strong></span> 
     </span>
    </p>
   </div>
   <div class='ocr_carea' id='block_1_3' title="bbox 3557 338 3688 391">
    <p class='ocr_par' dir='ltr' id='par_1_3' title="bbox 3557 338 3688 391">
     <span class='ocr_line' id='line_1_3' title="bbox 3557 338 3688 391; baseline 0.015 -1"><span class='ocrx_word' id='word_1_5' title='bbox 3557 338 3688 391; x_wconf 70' lang='grc' dir='ltr'>«ιιι</span> 
     </span>
    </p>
   </div>
   <div class='ocr_carea' id='block_1_4' title="bbox 461 440 2064 523">
    <p class='ocr_par' dir='ltr' id='par_1_4' title="bbox 461 440 2064 518">
     <span class='ocr_line' id='line_1_4' title="bbox 461 440 2064 518; baseline 0.004 -21"><span class='ocrx_word' id='word_1_6' title='bbox 461 447 557 497; x_wconf 72' lang='lat' dir='ltr'><strong>aut</strong></span> <span class='ocrx_word' id='word_1_7' title='bbox 583 451 837 511; x_wconf 97' lang='lat' dir='ltr'><strong>tanquam</strong></span> <span class='ocrx_word' id='word_1_8' title='bbox 865 440 1097 498; x_wconf 68' lang='lat' dir='ltr'><strong>difﬁcilia</strong></span> <span class='ocrx_word' id='word_1_9' title='bbox 1143 445 1207 499; x_wconf 90' lang='lat' dir='ltr'><strong>ad</strong></span> <span class='ocrx_word' id='word_1_10' title='bbox 1235 445 1559 515; x_wconf 84' lang='lat' dir='ltr'><strong>capiendum</strong></span> <span class='ocrx_word' id='word_1_11' title='bbox 1588 487 1601 505; x_wconf 89' lang='lat'><strong>.</strong></span> <span class='ocrx_word' id='word_1_12' title='bbox 1648 458 1740 503; x_wconf 88' lang='lat' dir='ltr'><strong>aut</strong></span> <span class='ocrx_word' id='word_1_13' title='bbox 1775 458 2028 518; x_wconf 90' lang='lat' dir='ltr'><strong>tanquam</strong></span> <span class='ocrx_word' id='word_1_14' title='bbox 2059 509 2064 518; x_wconf 56' lang='grc'><strong>,</strong></span> 
     </span>
    </p>
   </div>
   <div class='ocr_carea' id='block_1_5' title="bbox 2155 440 3693 523">
    <p class='ocr_par' dir='ltr' id='par_1_5' title="bbox 2155 451 3693 523">
     <span class='ocr_line' id='line_1_5' title="bbox 2155 451 3693 523; baseline -0.001 -18"><span class='ocrx_word' id='word_1_15' title='bbox 2155 454 2204 516; x_wconf 66' lang='grc' dir='ltr'>ὸς</span> <span class='ocrx_word' id='word_1_16' title='bbox 2236 452 2539 514; x_wconf 84' lang='grc' dir='ltr'>δυσάλωτα,</span> <span class='ocrx_word' id='word_1_17' title='bbox 2567 451 2600 523; x_wconf 73' lang='grc' dir='ltr'><strong>ἢ</strong></span> <span class='ocrx_word' id='word_1_18' title='bbox 2626 451 2702 513; x_wconf 78' lang='grc' dir='ltr'><strong>ὡς</strong></span> <span class='ocrx_word' id='word_1_19' title='bbox 2736 451 3062 523; x_wconf 74' lang='grc' dir='ltr'><strong>πολυχρόνια</strong></span> <span class='ocrx_word' id='word_1_20' title='bbox 3083 469 3096 482; x_wconf 82' lang='grc'><em>’</em></span> <span class='ocrx_word' id='word_1_21' title='bbox 3131 452 3198 506; x_wconf 83' lang='grc' dir='ltr'><strong>τὰ</strong></span> <span class='ocrx_word' id='word_1_22' title='bbox 3225 453 3283 506; x_wconf 65' lang='grc' dir='ltr'>δὲ</span> <span class='ocrx_word' id='word_1_23' title='bbox 3309 452 3578 510; x_wconf 55' lang='lat' dir='ltr'><strong>sudium,</strong></span> <span class='ocrx_word' id='word_1_24' title='bbox 3602 454 3693 504; x_wconf 75' lang='grc' dir='ltr'>καὶ</span> 
     </span>
    </p>
   </div>
   <div class='ocr_carea' id='block_1_6' title="bbox 460 533 2034 610">
    <p class='ocr_par' dir='ltr' id='par_1_6' title="bbox 460 533 2034 610">
     <span class='ocr_line' id='line_1_6' title="bbox 460 533 2034 610; baseline 0.003 -22"><span class='ocrx_word' id='word_1_25' title='bbox 460 535 738 589; x_wconf 71' lang='lat' dir='ltr'><strong>diuturnae</strong></span> <span class='ocrx_word' id='word_1_26' title='bbox 781 533 944 601; x_wconf 61' lang='lat' dir='ltr'><strong>vitae;</strong></span> <span class='ocrx_word' id='word_1_27' title='bbox 994 535 1098 589; x_wconf 85' lang='lat' dir='ltr'><strong>alia</strong></span> <span class='ocrx_word' id='word_1_28' title='bbox 1150 552 1280 591; x_wconf 83' lang='lat' dir='ltr'><strong>vero</strong></span> <span class='ocrx_word' id='word_1_29' title='bbox 1339 553 1460 607; x_wconf 64' lang='lat' dir='ltr'><strong>quae</strong></span> <span class='ocrx_word' id='word_1_30' title='bbox 1522 538 1681 593; x_wconf 81' lang='lat' dir='ltr'><strong>facile</strong></span> <span class='ocrx_word' id='word_1_31' title='bbox 1726 542 2034 610; x_wconf 77' lang='lat' dir='ltr'><strong>rapiuntur,</strong></span> 
     </span>
    </p>
   </div>
   <div class='ocr_carea' id='block_1_7' title="bbox 462 624 2040 697">
    <p class='ocr_par' dir='ltr' id='par_1_7' title="bbox 462 624 2040 697">
     <span class='ocr_line' id='line_1_7' title="bbox 462 624 2040 697; baseline 0.004 -17"><span class='ocrx_word' id='word_1_32' title='bbox 462 637 520 680; x_wconf 81' lang='lat' dir='ltr'><strong>et</strong></span> <span class='ocrx_word' id='word_1_33' title='bbox 561 626 627 680; x_wconf 91' lang='lat' dir='ltr'><strong>ad</strong></span> <span class='ocrx_word' id='word_1_34' title='bbox 663 624 925 680; x_wconf 89' lang='lat' dir='ltr'><strong>utendum</strong></span> <span class='ocrx_word' id='word_1_35' title='bbox 983 628 1227 697; x_wconf 88' lang='lat' dir='ltr'><strong>quotidie</strong></span> <span class='ocrx_word' id='word_1_36' title='bbox 1273 630 1470 685; x_wconf 89' lang='lat' dir='ltr'><strong>tradita</strong></span> <span class='ocrx_word' id='word_1_37' title='bbox 1519 640 1667 697; x_wconf 88' lang='lat' dir='ltr'><strong>sunt,</strong></span> <span class='ocrx_word' id='word_1_38' title='bbox 1709 630 2040 686; x_wconf 90' lang='lat' dir='ltr'><strong>fecunditate</strong></span> 
     </span>
    </p>
   </div>
   <div class='ocr_carea' id='block_1_8' title="bbox 463 718 1224 807">
    <p class='ocr_par' dir='ltr' id='par_1_8' title="bbox 463 718 1224 807">
     <span class='ocr_line' id='line_1_8' title="bbox 463 718 1224 807; baseline 0.003 -33"><span class='ocrx_word' id='word_1_39' title='bbox 463 731 563 774; x_wconf 78' lang='lat' dir='ltr'><strong>sua</strong></span> <span class='ocrx_word' id='word_1_40' title='bbox 593 718 795 807; x_wconf 70' lang='lat' dir='ltr'><strong>durant</strong></span> <span class='ocrx_word' id='word_1_41' title='bbox 832 724 887 773; x_wconf 87' lang='lat' dir='ltr'><strong>et</strong></span> <span class='ocrx_word' id='word_1_42' title='bbox 917 728 1224 777; x_wconf 84' lang='lat' dir='ltr'><strong>servantur.</strong></span> 
     </span>
    </p>
   </div>
   <div class='ocr_carea' id='block_1_9' title="bbox 2131 541 3695 613">
    <p class='ocr_par' dir='ltr' id='par_1_9' title="bbox 2131 541 3695 613">
     <span class='ocr_line' id='line_1_9' title="bbox 2131 541 3695 613; baseline -0.001 -18"><span class='ocrx_word' id='word_1_43' title='bbox 2131 545 2196 612; x_wconf 80' lang='grc' dir='ltr'>τῇ</span> <span class='ocrx_word' id='word_1_44' title='bbox 2231 541 2353 596; x_wconf 86' lang='grc' dir='ltr'>καθ’</span> <span class='ocrx_word' id='word_1_45' title='bbox 2383 541 2596 613; x_wconf 78' lang='grc' dir='ltr'><strong>ἡμέραν</strong></span> <span class='ocrx_word' id='word_1_46' title='bbox 2630 543 2820 611; x_wconf 84' lang='grc' dir='ltr'>χρήσει</span> <span class='ocrx_word' id='word_1_47' title='bbox 2850 542 3281 613; x_wconf 83' lang='grc' dir='ltr'>παραδεδομένα,</span> <span class='ocrx_word' id='word_1_48' title='bbox 3306 545 3379 613; x_wconf 76' lang='grc' dir='ltr'>τῇ</span> <span class='ocrx_word' id='word_1_49' title='bbox 3405 542 3695 612; x_wconf 70' lang='grc' dir='ltr'>πολυγονία</span> 
     </span>
    </p>
   </div>
   <div class='ocr_carea' id='block_1_10' title="bbox 2131 631 2834 705">
    <p class='ocr_par' dir='ltr' id='par_1_10' title="bbox 2131 631 2834 705">
     <span class='ocr_line' id='line_1_10' title="bbox 2131 631 2834 705; baseline 0.003 -18"><span class='ocrx_word' id='word_1_50' title='bbox 2131 635 2344 705; x_wconf 84' lang='grc' dir='ltr'><strong>διαρκεῖ</strong></span> <span class='ocrx_word' id='word_1_51' title='bbox 2373 651 2432 687; x_wconf 87' lang='grc' dir='ltr'><strong>τε</strong></span> <span class='ocrx_word' id='word_1_52' title='bbox 2462 634 2558 689; x_wconf 75' lang='grc' dir='ltr'>καὶ</span> <span class='ocrx_word' id='word_1_53' title='bbox 2586 631 2834 697; x_wconf 74' lang='grc' dir='ltr'>σώζεται.</span> 
     </span>
    </p>
   </div>
   <div class='ocr_carea' id='block_1_11' title="bbox 1558 839 2593 916">
    <p class='ocr_par' dir='ltr' id='par_1_11' title="bbox 1558 839 2593 916">
     <span class='ocr_line' id='line_1_11' title="bbox 1558 839 2593 916; baseline -0.002 -20"><span class='ocrx_word' id='word_1_54' title='bbox 1558 841 1687 896; x_wconf 67' lang='lat' dir='ltr'><strong>Car.</strong></span> <span class='ocrx_word' id='word_1_55' title='bbox 1715 839 1879 895; x_wconf 79' lang='lat' dir='ltr'><strong>XXV.</strong></span> <span class='ocrx_word' id='word_1_56' title='bbox 1909 839 2091 895; x_wconf 70' lang='lat' dir='ltr'><strong><em>Nulla:</em></strong></span> <span class='ocrx_word' id='word_1_57' title='bbox 2115 841 2286 896; x_wconf 70' lang='lat' dir='ltr'><strong>herba</strong></span> <span class='ocrx_word' id='word_1_58' title='bbox 2318 840 2593 916; x_wconf 46' lang='lat' dir='ltr'><strong>let/tinem.</strong></span> 
     </span>
    </p>
   </div>
   <div class='ocr_carea' id='block_1_12' title="bbox 535 950 2032 1026">
    <p class='ocr_par' dir='ltr' id='par_1_12' title="bbox 535 950 2032 1026">
     <span class='ocr_line' id='line_1_12' title="bbox 535 950 2032 1026; baseline 0.002 -22"><span class='ocrx_word' id='word_1_59' title='bbox 535 950 801 1006; x_wconf 83' lang='lat' dir='ltr'><strong>Alimenta</strong></span> <span class='ocrx_word' id='word_1_60' title='bbox 833 968 958 1009; x_wconf 86' lang='lat' dir='ltr'><strong>vero</strong></span> <span class='ocrx_word' id='word_1_61' title='bbox 982 952 1129 1009; x_wconf 85' lang='lat' dir='ltr'><strong>aliud</strong></span> <span class='ocrx_word' id='word_1_62' title='bbox 1155 952 1357 1009; x_wconf 88' lang='lat' dir='ltr'><strong>animal</strong></span> <span class='ocrx_word' id='word_1_63' title='bbox 1382 954 1488 1009; x_wconf 88' lang='lat' dir='ltr'><strong>alia</strong></span> <span class='ocrx_word' id='word_1_64' title='bbox 1514 955 1697 1020; x_wconf 84' lang='lat' dir='ltr'><strong>habet,</strong></span> <span class='ocrx_word' id='word_1_65' title='bbox 1734 964 1895 1026; x_wconf 89' lang='lat' dir='ltr'><strong>atque</strong></span> <span class='ocrx_word' id='word_1_66' title='bbox 1918 971 2032 1010; x_wconf 88' lang='lat' dir='ltr'><strong>om-</strong></span> 
     </span>
    </p>
   </div>
   <div class='ocr_carea' id='block_1_13' title="bbox 463 1044 2029 1116">
    <p class='ocr_par' dir='ltr' id='par_1_13' title="bbox 463 1044 2029 1116">
     <span class='ocr_line' id='line_1_13' title="bbox 463 1044 2029 1116; baseline 0 -16"><span class='ocrx_word' id='word_1_67' title='bbox 463 1044 627 1101; x_wconf 88' lang='lat' dir='ltr'><strong>nibus</strong></span> <span class='ocrx_word' id='word_1_68' title='bbox 659 1044 873 1100; x_wconf 89' lang='lat' dir='ltr'><strong>abunde</strong></span> <span class='ocrx_word' id='word_1_69' title='bbox 903 1047 1148 1116; x_wconf 89' lang='lat' dir='ltr'><strong>apposita</strong></span> <span class='ocrx_word' id='word_1_70' title='bbox 1181 1056 1343 1114; x_wconf 88' lang='lat' dir='ltr'><strong>sunt;</strong></span> <span class='ocrx_word' id='word_1_71' title='bbox 1381 1046 1456 1101; x_wconf 89' lang='lat' dir='ltr'><strong>ita</strong></span> <span class='ocrx_word' id='word_1_72' title='bbox 1492 1055 1553 1102; x_wconf 93' lang='lat' dir='ltr'><strong>ut</strong></span> <span class='ocrx_word' id='word_1_73' title='bbox 1587 1048 1732 1101; x_wconf 89' lang='lat' dir='ltr'><strong>nulla</strong></span> <span class='ocrx_word' id='word_1_74' title='bbox 1758 1046 1925 1102; x_wconf 89' lang='lat' dir='ltr'><strong>herba</strong></span> <span class='ocrx_word' id='word_1_75' title='bbox 1962 1061 2029 1101; x_wconf 78' lang='lat' dir='ltr'><strong>ex</strong></span> 
     </span>
    </p>
   </div>
   <div class='ocr_carea' id='block_1_14' title="bbox 464 1136 2034 1206">
    <p class='ocr_par' dir='ltr' id='par_1_14' title="bbox 464 1136 2034 1206">
     <span class='ocr_line' id='line_1_14' title="bbox 464 1136 2034 1206; baseline -0.001 -14"><span class='ocrx_word' id='word_1_76' title='bbox 464 1139 532 1192; x_wconf 81' lang='lat' dir='ltr'><strong>iis</strong></span> <span class='ocrx_word' id='word_1_77' title='bbox 569 1137 732 1191; x_wconf 89' lang='lat' dir='ltr'><strong>etiam</strong></span> <span class='ocrx_word' id='word_1_78' title='bbox 762 1152 884 1206; x_wconf 72' lang='lat' dir='ltr'><strong>qua:</strong></span> <span class='ocrx_word' id='word_1_79' title='bbox 934 1136 1229 1192; x_wconf 66' lang='lat' dir='ltr'><strong>mortifera:</strong></span> <span class='ocrx_word' id='word_1_80' title='bbox 1262 1136 1514 1193; x_wconf 87' lang='lat' dir='ltr'><strong>videntur</strong></span> <span class='ocrx_word' id='word_1_81' title='bbox 1551 1154 1695 1201; x_wconf 90' lang='lat' dir='ltr'><strong>esse,</strong></span> <span class='ocrx_word' id='word_1_82' title='bbox 1728 1146 1928 1193; x_wconf 88' lang='lat' dir='ltr'><strong>natura</strong></span> <span class='ocrx_word' id='word_1_83' title='bbox 1960 1137 2034 1191; x_wconf 88' lang='lat' dir='ltr'><strong>sit</strong></span> 
     </span>
    </p>
   </div>
   <div class='ocr_carea' id='block_1_15' title="bbox 463 1228 2035 1301">
    <p class='ocr_par' dir='ltr' id='par_1_15' title="bbox 463 1228 2035 1301">
     <span class='ocr_line' id='line_1_15' title="bbox 463 1228 2035 1301; baseline 0.003 -20"><span class='ocrx_word' id='word_1_84' title='bbox 463 1228 740 1283; x_wconf 79' lang='lat' dir='ltr'><strong>mortifera</strong></span> <span class='ocrx_word' id='word_1_85' title='bbox 775 1247 788 1283; x_wconf 87' lang='lat'><strong>:</strong></span> <span class='ocrx_word' id='word_1_86' title='bbox 820 1229 964 1299; x_wconf 88' lang='lat' dir='ltr'><strong>quod</strong></span> <span class='ocrx_word' id='word_1_87' title='bbox 1006 1230 1150 1285; x_wconf 89' lang='lat' dir='ltr'><strong>enim</strong></span> <span class='ocrx_word' id='word_1_88' title='bbox 1199 1231 1354 1285; x_wconf 85' lang='lat' dir='ltr'><strong>alteri</strong></span> <span class='ocrx_word' id='word_1_89' title='bbox 1404 1231 1590 1301; x_wconf 86' lang='lat' dir='ltr'><strong>generi</strong></span> <span class='ocrx_word' id='word_1_90' title='bbox 1646 1239 1827 1295; x_wconf 87' lang='lat' dir='ltr'><strong>nocet,</strong></span> <span class='ocrx_word' id='word_1_91' title='bbox 1877 1231 2035 1286; x_wconf 86' lang='lat' dir='ltr'><strong>alteri</strong></span> 
     </span>
    </p>
   </div>
   <div class='ocr_carea' id='block_1_16' title="bbox 465 1319 2032 1391">
    <p class='ocr_par' dir='ltr' id='par_1_16' title="bbox 465 1319 2032 1391">
     <span class='ocr_line' id='line_1_16' title="bbox 465 1319 2032 1391; baseline 0.001 -19"><span class='ocrx_word' id='word_1_92' title='bbox 465 1320 704 1390; x_wconf 81' lang='lat' dir='ltr'><strong>prodest.</strong></span> <span class='ocrx_word' id='word_1_93' title='bbox 739 1319 987 1375; x_wconf 85' lang='lat' dir='ltr'><strong>Salutare</strong></span> <span class='ocrx_word' id='word_1_94' title='bbox 1012 1328 1191 1375; x_wconf 90' lang='lat' dir='ltr'><strong>autem</strong></span> <span class='ocrx_word' id='word_1_95' title='bbox 1214 1328 1267 1377; x_wconf 92' lang='lat' dir='ltr'><strong>et</strong></span> <span class='ocrx_word' id='word_1_96' title='bbox 1295 1320 1614 1391; x_wconf 86' lang='lat' dir='ltr'><strong>pestiferum</strong></span> <span class='ocrx_word' id='word_1_97' title='bbox 1643 1322 1805 1377; x_wconf 89' lang='lat' dir='ltr'><strong>simul</strong></span> <span class='ocrx_word' id='word_1_98' title='bbox 1837 1333 2032 1377; x_wconf 88' lang='lat' dir='ltr'><strong>natura</strong></span> 
     </span>
    </p>
   </div>
   <div class='ocr_carea' id='block_1_17' title="bbox 462 1412 2034 1483">
    <p class='ocr_par' dir='ltr' id='par_1_17' title="bbox 462 1412 2034 1483">
     <span class='ocr_line' id='line_1_17' title="bbox 462 1412 2034 1483; baseline 0.004 -19"><span class='ocrx_word' id='word_1_99' title='bbox 462 1412 737 1481; x_wconf 90' lang='lat' dir='ltr'><strong>quomodo</strong></span> <span class='ocrx_word' id='word_1_100' title='bbox 782 1412 883 1467; x_wconf 89' lang='lat' dir='ltr'><strong>hoc</strong></span> <span class='ocrx_word' id='word_1_101' title='bbox 930 1428 1053 1468; x_wconf 91' lang='lat' dir='ltr'><strong>esse</strong></span> <span class='ocrx_word' id='word_1_102' title='bbox 1103 1421 1215 1483; x_wconf 63' lang='lat' dir='ltr'><strong>poti</strong></span> <span class='ocrx_word' id='word_1_103' title='bbox 1232 1413 1326 1467; x_wconf 86' lang='lat' dir='ltr'><strong>st?</strong></span> <span class='ocrx_word' id='word_1_104' title='bbox 1367 1412 1676 1468; x_wconf 86' lang='lat' dir='ltr'><strong>dill‘erentia</strong></span> <span class='ocrx_word' id='word_1_105' title='bbox 1715 1422 1895 1469; x_wconf 87' lang='lat' dir='ltr'><strong>autem</strong></span> <span class='ocrx_word' id='word_1_106' title='bbox 1945 1413 2034 1470; x_wconf 84' lang='lat' dir='ltr'><strong>his</strong></span> 
     </span>
    </p>
   </div>
   <div class='ocr_carea' id='block_1_18' title="bbox 465 1504 2031 1576">
    <p class='ocr_par' dir='ltr' id='par_1_18' title="bbox 465 1504 2031 1576">
     <span class='ocr_line' id='line_1_18' title="bbox 465 1504 2031 1576; baseline 0.001 -19"><span class='ocrx_word' id='word_1_107' title='bbox 465 1505 731 1559; x_wconf 89' lang='lat' dir='ltr'><strong>utentium</strong></span> <span class='ocrx_word' id='word_1_108' title='bbox 761 1505 1077 1560; x_wconf 83' lang='lat' dir='ltr'><strong>varietatem</strong></span> <span class='ocrx_word' id='word_1_109' title='bbox 1106 1521 1226 1575; x_wconf 81' lang='lat' dir='ltr'><strong>qme</strong></span> <span class='ocrx_word' id='word_1_110' title='bbox 1259 1504 1314 1559; x_wconf 91' lang='lat' dir='ltr'><strong>in</strong></span> <span class='ocrx_word' id='word_1_111' title='bbox 1353 1504 1438 1561; x_wconf 87' lang='lat' dir='ltr'><strong>his</strong></span> <span class='ocrx_word' id='word_1_112' title='bbox 1482 1506 1647 1570; x_wconf 89' lang='lat' dir='ltr'><strong>inest,</strong></span> <span class='ocrx_word' id='word_1_113' title='bbox 1679 1506 1931 1576; x_wconf 86' lang='lat' dir='ltr'><strong>requirit,</strong></span> <span class='ocrx_word' id='word_1_114' title='bbox 1971 1514 2031 1560; x_wconf 91' lang='lat' dir='ltr'><strong>ut</strong></span> 
     </span>
    </p>
   </div>
   <div class='ocr_carea' id='block_1_19' title="bbox 463 1597 2033 1678">
    <p class='ocr_par' dir='ltr' id='par_1_19' title="bbox 463 1597 2033 1678">
     <span class='ocr_line' id='line_1_19' title="bbox 463 1597 2033 1678; baseline 0.002 -28"><span class='ocrx_word' id='word_1_115' title='bbox 463 1598 520 1650; x_wconf 91' lang='lat' dir='ltr'><strong>in</strong></span> <span class='ocrx_word' id='word_1_116' title='bbox 553 1597 920 1653; x_wconf 87' lang='lat' dir='ltr'><strong>animantibus</strong></span> <span class='ocrx_word' id='word_1_117' title='bbox 950 1598 1160 1652; x_wconf 86' lang='lat' dir='ltr'><strong>ratione</strong></span> <span class='ocrx_word' id='word_1_118' title='bbox 1189 1598 1503 1678; x_wconf 70' lang='lat' dir='ltr'><strong>carentibus</strong></span> <span class='ocrx_word' id='word_1_119' title='bbox 1534 1597 1823 1668; x_wconf 75' lang='lat' dir='ltr'><strong>vestigium</strong></span> <span class='ocrx_word' id='word_1_120' title='bbox 1856 1597 2033 1668; x_wconf 92' lang='lat' dir='ltr'><strong>quod—</strong></span> 
     </span>
    </p>
   </div>
   <div class='ocr_carea' id='block_1_20' title="bbox 462 1688 2029 1761">
    <p class='ocr_par' dir='ltr' id='par_1_20' title="bbox 462 1688 2029 1761">
     <span class='ocr_line' id='line_1_20' title="bbox 462 1688 2029 1761; baseline 0.001 -19"><span class='ocrx_word' id='word_1_121' title='bbox 462 1691 587 1743; x_wconf 91' lang='lat' dir='ltr'><strong>dam</strong></span> <span class='ocrx_word' id='word_1_122' title='bbox 644 1699 901 1759; x_wconf 85' lang='lat' dir='ltr'><strong>appareat</strong></span> <span class='ocrx_word' id='word_1_123' title='bbox 949 1691 1196 1755; x_wconf 85' lang='lat' dir='ltr'><strong>rationis,</strong></span> <span class='ocrx_word' id='word_1_124' title='bbox 1242 1691 1377 1761; x_wconf 87' lang='lat' dir='ltr'><strong>legis</strong></span> <span class='ocrx_word' id='word_1_125' title='bbox 1418 1690 1627 1746; x_wconf 85' lang='lat' dir='ltr'><strong>scilicet</strong></span> <span class='ocrx_word' id='word_1_126' title='bbox 1668 1688 1790 1759; x_wconf 88' lang='lat' dir='ltr'><strong>ejus</strong></span> <span class='ocrx_word' id='word_1_127' title='bbox 1838 1689 1934 1758; x_wconf 88' lang='lat' dir='ltr'><strong>qui</strong></span> <span class='ocrx_word' id='word_1_128' title='bbox 1964 1704 2029 1745; x_wconf 90' lang='lat' dir='ltr'><strong>ea</strong></span> 
     </span>
    </p>
   </div>
   <div class='ocr_carea' id='block_1_21' title="bbox 459 1779 2030 1852">
    <p class='ocr_par' dir='ltr' id='par_1_21' title="bbox 459 1779 2030 1852">
     <span class='ocr_line' id='line_1_21' title="bbox 459 1779 2030 1852; baseline 0.001 -18"><span class='ocrx_word' id='word_1_129' title='bbox 459 1783 691 1837; x_wconf 74' lang='lat' dir='ltr'><strong>ereavit.</strong></span> <span class='ocrx_word' id='word_1_130' title='bbox 741 1781 887 1837; x_wconf 87' lang='lat' dir='ltr'><strong>Nihil</strong></span> <span class='ocrx_word' id='word_1_131' title='bbox 920 1783 1065 1838; x_wconf 89' lang='lat' dir='ltr'><strong>enim</strong></span> <span class='ocrx_word' id='word_1_132' title='bbox 1104 1783 1298 1837; x_wconf 88' lang='lat' dir='ltr'><strong>horum</strong></span> <span class='ocrx_word' id='word_1_133' title='bbox 1336 1782 1575 1852; x_wconf 77' lang='lat' dir='ltr'><strong>ignorat,</strong></span> <span class='ocrx_word' id='word_1_134' title='bbox 1617 1779 1761 1852; x_wconf 89' lang='lat' dir='ltr'><strong>quod</strong></span> <span class='ocrx_word' id='word_1_135' title='bbox 1802 1781 1904 1836; x_wconf 85' lang='lat' dir='ltr'><strong>sibi</strong></span> <span class='ocrx_word' id='word_1_136' title='bbox 1933 1796 2030 1836; x_wconf 90' lang='lat' dir='ltr'><strong>eo-</strong></span> 
     </span>
    </p>
   </div>
   <div class='ocr_carea' id='block_1_22' title="bbox 2200 952 3698 1025">
    <p class='ocr_par' dir='ltr' id='par_1_22' title="bbox 2200 952 3698 1025">
     <span class='ocr_line' id='line_1_22' title="bbox 2200 952 3698 1025; baseline -0.001 -18"><span class='ocrx_word' id='word_1_137' title='bbox 2200 955 2419 1025; x_wconf 75' lang='grc' dir='ltr'>Τροιρὰς</span> <span class='ocrx_word' id='word_1_138' title='bbox 2469 954 2524 1008; x_wconf 86' lang='grc' dir='ltr'>δὲ</span> <span class='ocrx_word' id='word_1_139' title='bbox 2566 952 2751 1009; x_wconf 76' lang='grc' dir='ltr'>ἄλλοτε</span> <span class='ocrx_word' id='word_1_140' title='bbox 2799 952 2965 1018; x_wconf 82' lang='grc' dir='ltr'>ἄλλας</span> <span class='ocrx_word' id='word_1_141' title='bbox 3005 953 3156 1024; x_wconf 78' lang='grc' dir='ltr'>ἔχει,</span> <span class='ocrx_word' id='word_1_142' title='bbox 3217 954 3313 1008; x_wconf 70' lang='grc' dir='ltr'>καὶ</span> <span class='ocrx_word' id='word_1_143' title='bbox 3359 957 3478 1018; x_wconf 83' lang='grc' dir='ltr'>τοῖς</span> <span class='ocrx_word' id='word_1_144' title='bbox 3538 955 3698 1007; x_wconf 74' lang='grc' dir='ltr'>πᾶσιν</span> 
     </span>
    </p>
   </div>
   <div class='ocr_carea' id='block_1_23' title="bbox 2129 1045 3701 1120">
    <p class='ocr_par' dir='ltr' id='par_1_23' title="bbox 2129 1045 3701 1120">
     <span class='ocr_line' id='line_1_23' title="bbox 2129 1045 3701 1120; baseline -0.001 -19"><span class='ocrx_word' id='word_1_145' title='bbox 2129 1046 2360 1118; x_wconf 79' lang='grc' dir='ltr'><strong>ἄφθονος</strong></span> <span class='ocrx_word' id='word_1_146' title='bbox 2407 1050 2440 1119; x_wconf 82' lang='grc' dir='ltr'>ἡ</span> <span class='ocrx_word' id='word_1_147' title='bbox 2492 1047 2725 1119; x_wconf 80' lang='grc' dir='ltr'><strong>χορηγία</strong></span> <span class='ocrx_word' id='word_1_148' title='bbox 2756 1047 3071 1119; x_wconf 84' lang='grc' dir='ltr'>πρόκειται·</span> <span class='ocrx_word' id='word_1_149' title='bbox 3106 1048 3247 1102; x_wconf 75' lang='grc' dir='ltr'>οὕτω</span> <span class='ocrx_word' id='word_1_150' title='bbox 3280 1045 3392 1120; x_wconf 79' lang='grc' dir='ltr'><strong>γὰρ</strong></span> <span class='ocrx_word' id='word_1_151' title='bbox 3424 1046 3549 1101; x_wconf 78' lang='grc' dir='ltr'>οὐδὲ</span> <span class='ocrx_word' id='word_1_152' title='bbox 3597 1048 3701 1100; x_wconf 83' lang='grc' dir='ltr'><strong>τῶν</strong></span> 
     </span>
    </p>
   </div>
   <div class='ocr_carea' id='block_1_24' title="bbox 2132 1133 3705 1211">
    <p class='ocr_par' dir='ltr' id='par_1_24' title="bbox 2132 1133 3705 1211">
     <span class='ocr_line' id='line_1_24' title="bbox 2132 1133 3705 1211; baseline -0.001 -19"><span class='ocrx_word' id='word_1_153' title='bbox 2132 1139 2445 1210; x_wconf 76' lang='grc' dir='ltr'><strong>Θανασίμων</strong></span> <span class='ocrx_word' id='word_1_154' title='bbox 2498 1156 2562 1209; x_wconf 87' lang='grc' dir='ltr'><strong>γε</strong></span> <span class='ocrx_word' id='word_1_155' title='bbox 2611 1133 2748 1192; x_wconf 73' lang='grc' dir='ltr'>εἶναι</span> <span class='ocrx_word' id='word_1_156' title='bbox 2792 1139 3159 1210; x_wconf 77' lang='grc' dir='ltr'><strong>νομιζομένων</strong></span> <span class='ocrx_word' id='word_1_157' title='bbox 3206 1139 3449 1211; x_wconf 79' lang='grc' dir='ltr'>βοτανῶν</span> <span class='ocrx_word' id='word_1_158' title='bbox 3475 1137 3705 1209; x_wconf 70' lang='grc' dir='ltr'>οὐδεμία</span> 
     </span>
    </p>
   </div>
   <div class='ocr_carea' id='block_1_25' title="bbox 2132 1227 3705 1301">
    <p class='ocr_par' dir='ltr' id='par_1_25' title="bbox 2132 1227 3705 1301">
     <span class='ocr_line' id='line_1_25' title="bbox 2132 1227 3705 1301; baseline 0.001 -19"><span class='ocrx_word' id='word_1_159' title='bbox 2132 1232 2197 1300; x_wconf 80' lang='grc' dir='ltr'>τῇ</span> <span class='ocrx_word' id='word_1_160' title='bbox 2235 1229 2391 1298; x_wconf 82' lang='grc' dir='ltr'>φύσει</span> <span class='ocrx_word' id='word_1_161' title='bbox 2420 1245 2483 1298; x_wconf 86' lang='grc' dir='ltr'><strong>γε</strong></span> <span class='ocrx_word' id='word_1_162' title='bbox 2521 1228 2761 1301; x_wconf 85' lang='grc' dir='ltr'>ὀλέθριος</span> <span class='ocrx_word' id='word_1_163' title='bbox 2798 1227 3118 1299; x_wconf 77' lang='grc' dir='ltr'>γεγένηται·</span> <span class='ocrx_word' id='word_1_164' title='bbox 3154 1229 3215 1283; x_wconf 84' lang='grc' dir='ltr'>τὸ</span> <span class='ocrx_word' id='word_1_165' title='bbox 3241 1228 3349 1301; x_wconf 83' lang='grc' dir='ltr'><strong>γὰρ</strong></span> <span class='ocrx_word' id='word_1_166' title='bbox 3380 1230 3530 1299; x_wconf 80' lang='grc' dir='ltr'>ἄλλῳ</span> <span class='ocrx_word' id='word_1_167' title='bbox 3563 1231 3705 1299; x_wconf 81' lang='grc' dir='ltr'>γένει</span> 
     </span>
    </p>
   </div>
   <div class='ocr_carea' id='block_1_26' title="bbox 2135 1320 3708 1393">
    <p class='ocr_par' dir='ltr' id='par_1_26' title="bbox 2135 1320 3708 1393">
     <span class='ocr_line' id='line_1_26' title="bbox 2135 1320 3708 1393; baseline 0.001 -20"><span class='ocrx_word' id='word_1_168' title='bbox 2135 1321 2415 1392; x_wconf 82' lang='grc' dir='ltr'>βλαϐερὸν,</span> <span class='ocrx_word' id='word_1_169' title='bbox 2463 1321 2634 1391; x_wconf 81' lang='grc' dir='ltr'><strong>ἑτέρῳ</strong></span> <span class='ocrx_word' id='word_1_170' title='bbox 2666 1320 2723 1373; x_wconf 81' lang='grc' dir='ltr'>δὲ</span> <span class='ocrx_word' id='word_1_171' title='bbox 2754 1321 3047 1391; x_wconf 84' lang='grc' dir='ltr'>ὠφέλιμον.</span> <span class='ocrx_word' id='word_1_172' title='bbox 3097 1322 3369 1393; x_wconf 84' lang='grc' dir='ltr'>Ὀλέθριον</span> <span class='ocrx_word' id='word_1_173' title='bbox 3402 1322 3499 1375; x_wconf 74' lang='grc' dir='ltr'>καὶ</span> <span class='ocrx_word' id='word_1_174' title='bbox 3533 1324 3708 1392; x_wconf 74' lang='grc' dir='ltr'>σωτή-</span> 
     </span>
    </p>
   </div>
   <div class='ocr_carea' id='block_1_27' title="bbox 2135 1412 3706 1487">
    <p class='ocr_par' dir='ltr' id='par_1_27' title="bbox 2135 1412 3706 1487">
     <span class='ocr_line' id='line_1_27' title="bbox 2135 1412 3706 1487; baseline -0.002 -19"><span class='ocrx_word' id='word_1_175' title='bbox 2135 1431 2250 1486; x_wconf 91' lang='grc' dir='ltr'>ριον</span> <span class='ocrx_word' id='word_1_176' title='bbox 2283 1414 2400 1487; x_wconf 75' lang='grc' dir='ltr'>ἅμα</span> <span class='ocrx_word' id='word_1_177' title='bbox 2427 1416 2494 1484; x_wconf 78' lang='grc' dir='ltr'>τῇ</span> <span class='ocrx_word' id='word_1_178' title='bbox 2530 1412 2687 1483; x_wconf 83' lang='grc' dir='ltr'>φύσει</span> <span class='ocrx_word' id='word_1_179' title='bbox 2714 1413 2873 1467; x_wconf 75' lang='grc' dir='ltr'>τοῦτο</span> <span class='ocrx_word' id='word_1_180' title='bbox 2905 1413 3022 1477; x_wconf 88' lang='grc' dir='ltr'><strong>πῶς</strong></span> <span class='ocrx_word' id='word_1_181' title='bbox 3054 1413 3119 1467; x_wconf 81' lang='grc' dir='ltr'><strong>ἂν</strong></span> <span class='ocrx_word' id='word_1_182' title='bbox 3160 1414 3406 1483; x_wconf 69' lang='grc' dir='ltr'>γένοιτος</span> <span class='ocrx_word' id='word_1_183' title='bbox 3457 1415 3494 1484; x_wconf 71' lang='grc' dir='ltr'>ἡ</span> <span class='ocrx_word' id='word_1_184' title='bbox 3538 1413 3603 1466; x_wconf 74' lang='grc' dir='ltr'>δέ</span> <span class='ocrx_word' id='word_1_185' title='bbox 3643 1430 3706 1481; x_wconf 81' lang='grc' dir='ltr'><strong>γε</strong></span> 
     </span>
    </p>
   </div>
   <div class='ocr_carea' id='block_1_28' title="bbox 2131 1504 3708 1578">
    <p class='ocr_par' dir='ltr' id='par_1_28' title="bbox 2131 1504 3708 1578">
     <span class='ocr_line' id='line_1_28' title="bbox 2131 1504 3708 1578; baseline -0.001 -20"><span class='ocrx_word' id='word_1_186' title='bbox 2131 1505 2241 1558; x_wconf 87' lang='grc' dir='ltr'><strong>τῶν</strong></span> <span class='ocrx_word' id='word_1_187' title='bbox 2288 1505 2584 1578; x_wconf 81' lang='grc' dir='ltr'><strong>χρωμένων</strong></span> <span class='ocrx_word' id='word_1_188' title='bbox 2632 1504 2803 1574; x_wconf 85' lang='grc' dir='ltr'><strong>γενῶν</strong></span> <span class='ocrx_word' id='word_1_189' title='bbox 2845 1504 3077 1577; x_wconf 78' lang='grc' dir='ltr'>διαφορὰ</span> <span class='ocrx_word' id='word_1_190' title='bbox 3122 1504 3183 1558; x_wconf 82' lang='grc' dir='ltr'>τὸ</span> <span class='ocrx_word' id='word_1_191' title='bbox 3229 1504 3472 1560; x_wconf 79' lang='grc' dir='ltr'>ποικίλον</span> <span class='ocrx_word' id='word_1_192' title='bbox 3502 1504 3605 1573; x_wconf 80' lang='grc' dir='ltr'>τῆς</span> <span class='ocrx_word' id='word_1_193' title='bbox 3649 1507 3708 1557; x_wconf 85' lang='lat' dir='ltr'><strong>tv</strong></span> 
     </span>
    </p>
   </div>
   <div class='ocr_carea' id='block_1_29' title="bbox 2130 1595 3709 1668">
    <p class='ocr_par' dir='ltr' id='par_1_29' title="bbox 2130 1595 3709 1668">
     <span class='ocr_line' id='line_1_29' title="bbox 2130 1595 3709 1668; baseline -0.002 -17"><span class='ocrx_word' id='word_1_194' title='bbox 2130 1596 2342 1661; x_wconf 81' lang='grc' dir='ltr'>τούτοις</span> <span class='ocrx_word' id='word_1_195' title='bbox 2380 1595 2736 1668; x_wconf 79' lang='grc' dir='ltr'><strong>παρασκευῆς</strong></span> <span class='ocrx_word' id='word_1_196' title='bbox 2776 1598 3017 1657; x_wconf 87' lang='grc' dir='ltr'>ἀπαιτεῖ,</span> <span class='ocrx_word' id='word_1_197' title='bbox 3056 1598 3140 1650; x_wconf 77' lang='grc' dir='ltr'>ἵνα</span> <span class='ocrx_word' id='word_1_198' title='bbox 3192 1598 3287 1651; x_wconf 73' lang='grc' dir='ltr'>καὶ</span> <span class='ocrx_word' id='word_1_199' title='bbox 3328 1599 3389 1649; x_wconf 84' lang='lat' dir='ltr'><strong>tv</strong></span> <span class='ocrx_word' id='word_1_200' title='bbox 3433 1599 3554 1659; x_wconf 82' lang='grc' dir='ltr'>τοῖς</span> <span class='ocrx_word' id='word_1_201' title='bbox 3588 1596 3709 1649; x_wconf 73' lang='grc' dir='ltr'><strong>ἀλό-</strong></span> 
     </span>
    </p>
   </div>
   <div class='ocr_carea' id='block_1_30' title="bbox 2130 1687 3712 1759">
    <p class='ocr_par' dir='ltr' id='par_1_30' title="bbox 2130 1687 3712 1759">
     <span class='ocr_line' id='line_1_30' title="bbox 2130 1687 3712 1759; baseline -0.004 -17"><span class='ocrx_word' id='word_1_202' title='bbox 2130 1705 2249 1757; x_wconf 91' lang='grc' dir='ltr'>γοις</span> <span class='ocrx_word' id='word_1_203' title='bbox 2291 1689 2436 1759; x_wconf 85' lang='grc' dir='ltr'>ῐχνος</span> <span class='ocrx_word' id='word_1_204' title='bbox 2460 1688 2620 1756; x_wconf 85' lang='grc' dir='ltr'>λόγου</span> <span class='ocrx_word' id='word_1_205' title='bbox 2656 1687 2892 1757; x_wconf 79' lang='grc' dir='ltr'><strong>δειχθείη</strong></span> <span class='ocrx_word' id='word_1_206' title='bbox 2936 1687 3086 1758; x_wconf 80' lang='grc' dir='ltr'>νόμῳ</span> <span class='ocrx_word' id='word_1_207' title='bbox 3128 1687 3222 1741; x_wconf 75' lang='grc' dir='ltr'><strong>τοῦ</strong></span> <span class='ocrx_word' id='word_1_208' title='bbox 3267 1687 3712 1757; x_wconf 72' lang='grc' dir='ltr'>δημιουργήσανο</span> 
     </span>
    </p>
   </div>
   <div class='ocr_carea' id='block_1_31' title="bbox 2132 1777 3711 1850">
    <p class='ocr_par' dir='ltr' id='par_1_31' title="bbox 2132 1777 3711 1850">
     <span class='ocr_line' id='line_1_31' title="bbox 2132 1777 3711 1850; baseline -0.003 -17"><span class='ocrx_word' id='word_1_209' title='bbox 2132 1797 2242 1844; x_wconf 90' lang='grc' dir='ltr'>τος.</span> <span class='ocrx_word' id='word_1_210' title='bbox 2299 1778 2465 1834; x_wconf 79' lang='grc' dir='ltr'><strong>υὺδὲν</strong></span> <span class='ocrx_word' id='word_1_211' title='bbox 2504 1778 2614 1850; x_wconf 84' lang='grc' dir='ltr'>γὰρ</span> <span class='ocrx_word' id='word_1_212' title='bbox 2661 1777 2866 1832; x_wconf 85' lang='grc' dir='ltr'>τούτων</span> <span class='ocrx_word' id='word_1_213' title='bbox 2906 1779 3091 1846; x_wconf 80' lang='grc' dir='ltr'>ἀγνοεῖ</span> <span class='ocrx_word' id='word_1_214' title='bbox 3137 1777 3197 1830; x_wconf 77' lang='grc' dir='ltr'>τὸ</span> <span class='ocrx_word' id='word_1_215' title='bbox 3240 1779 3438 1831; x_wconf 84' lang='grc' dir='ltr'>οίκείον</span> <span class='ocrx_word' id='word_1_216' title='bbox 3491 1778 3711 1847; x_wconf 37' lang='lat' dir='ltr'><strong>tuost}</strong></span> 
     </span>
    </p>
   </div>
   <div class='ocr_carea' id='block_1_32' title="bbox 461 1852 2064 1945">
    <p class='ocr_par' dir='ltr' id='par_1_32' title="bbox 461 1871 2035 1945">
     <span class='ocr_line' id='line_1_32' title="bbox 461 1871 2035 1945; baseline -0.002 -18"><span class='ocrx_word' id='word_1_217' title='bbox 461 1881 685 1941; x_wconf 81' lang='lat' dir='ltr'><strong>gnatum</strong></span> <span class='ocrx_word' id='word_1_218' title='bbox 712 1881 795 1928; x_wconf 90' lang='lat' dir='ltr'><strong>est</strong></span> <span class='ocrx_word' id='word_1_219' title='bbox 825 1914 838 1933; x_wconf 97' lang='lat'><strong>,</strong></span> <span class='ocrx_word' id='word_1_220' title='bbox 868 1889 1044 1945; x_wconf 80' lang='lat' dir='ltr'><strong>neque</strong></span> <span class='ocrx_word' id='word_1_221' title='bbox 1072 1881 1293 1943; x_wconf 81' lang='lat' dir='ltr'><strong>propter</strong></span> <span class='ocrx_word' id='word_1_222' title='bbox 1322 1880 1573 1927; x_wconf 88' lang='lat' dir='ltr'><strong>naturam</strong></span> <span class='ocrx_word' id='word_1_223' title='bbox 1603 1871 1831 1927; x_wconf 89' lang='lat' dir='ltr'><strong>ferinam</strong></span> <span class='ocrx_word' id='word_1_224' title='bbox 1864 1878 1917 1927; x_wconf 90' lang='lat' dir='ltr'><strong>et</strong></span> <span class='ocrx_word' id='word_1_225' title='bbox 1946 1886 2035 1925; x_wconf 80' lang='lat' dir='ltr'><strong>ra-</strong></span> 
     </span>
    </p>
   </div>
   <div class='ocr_carea' id='block_1_33' title="bbox 2155 1852 3713 1945">
    <p class='ocr_par' dir='ltr' id='par_1_33' title="bbox 2155 1852 3713 1943">
     <span class='ocr_line' id='line_1_33' title="bbox 2155 1852 3713 1943; baseline -0.004 -16"><span class='ocrx_word' id='word_1_226' title='bbox 2155 1852 2257 1927; x_wconf 73' lang='grc' dir='ltr'><strong>»ὗδὲ</strong></span> <span class='ocrx_word' id='word_1_227' title='bbox 2298 1871 2387 1926; x_wconf 83' lang='grc' dir='ltr'>διὰ</span> <span class='ocrx_word' id='word_1_228' title='bbox 2410 1871 2509 1942; x_wconf 80' lang='grc' dir='ltr'><strong>τὴν</strong></span> <span class='ocrx_word' id='word_1_229' title='bbox 2538 1870 2731 1941; x_wconf 73' lang='grc' dir='ltr'>ἄλογον</span> <span class='ocrx_word' id='word_1_230' title='bbox 2756 1872 2851 1926; x_wconf 79' lang='grc' dir='ltr'>καὶ</span> <span class='ocrx_word' id='word_1_231' title='bbox 2879 1869 3117 1943; x_wconf 78' lang='grc' dir='ltr'>θηριώδη</span> <span class='ocrx_word' id='word_1_232' title='bbox 3141 1869 3323 1939; x_wconf 77' lang='grc' dir='ltr'>φύσιν,</span> <span class='ocrx_word' id='word_1_233' title='bbox 3342 1868 3421 1933; x_wconf 84' lang='grc' dir='ltr'>ὡς</span> <span class='ocrx_word' id='word_1_234' title='bbox 3441 1869 3713 1939; x_wconf 73' lang='grc' dir='ltr'>τρόφιμον</span> 
     </span>
    </p>
   </div>
   <div class='ocr_carea' id='block_1_34' title="bbox 466 1961 2034 2034">
    <p class='ocr_par' dir='ltr' id='par_1_34' title="bbox 466 1961 2034 2034">
     <span class='ocr_line' id='line_1_34' title="bbox 466 1961 2034 2034; baseline -0.001 -18"><span class='ocrx_word' id='word_1_235' title='bbox 466 1964 631 2018; x_wconf 82' lang='lat' dir='ltr'><strong>t&#39;onis</strong></span> <span class='ocrx_word' id='word_1_236' title='bbox 658 1971 953 2032; x_wconf 76' lang='lat' dir='ltr'><strong>expertem.</strong></span> <span class='ocrx_word' id='word_1_237' title='bbox 992 1964 1137 2033; x_wconf 91' lang='lat' dir='ltr'><strong>quod</strong></span> <span class='ocrx_word' id='word_1_238' title='bbox 1172 1962 1487 2034; x_wconf 88' lang='lat' dir='ltr'><strong>pestiferum</strong></span> <span class='ocrx_word' id='word_1_239' title='bbox 1522 1961 1624 2018; x_wconf 89' lang='lat' dir='ltr'><strong>sibi</strong></span> <span class='ocrx_word' id='word_1_240' title='bbox 1658 1968 1743 2016; x_wconf 90' lang='lat' dir='ltr'><strong>est</strong></span> <span class='ocrx_word' id='word_1_241' title='bbox 1777 1971 2034 2031; x_wconf 90' lang='lat' dir='ltr'><strong>tanquam</strong></span> 
     </span>
    </p>
   </div>
   <div class='ocr_carea' id='block_1_35' title="bbox 466 2051 2036 2124">
    <p class='ocr_par' dir='ltr' id='par_1_35' title="bbox 466 2051 2036 2124">
     <span class='ocr_line' id='line_1_35' title="bbox 466 2051 2036 2124; baseline -0.003 -19"><span class='ocrx_word' id='word_1_242' title='bbox 466 2065 650 2124; x_wconf 87' lang='lat' dir='ltr'><strong>aptum</strong></span> <span class='ocrx_word' id='word_1_243' title='bbox 690 2053 757 2107; x_wconf 91' lang='lat' dir='ltr'><strong>ad</strong></span> <span class='ocrx_word' id='word_1_244' title='bbox 803 2053 1154 2107; x_wconf 89' lang='lat' dir='ltr'><strong>nutriendum</strong></span> <span class='ocrx_word' id='word_1_245' title='bbox 1187 2052 1442 2109; x_wconf 88' lang='lat' dir='ltr'><strong>adhibet:</strong></span> <span class='ocrx_word' id='word_1_246' title='bbox 1468 2051 1598 2122; x_wconf 92' lang='lat' dir='ltr'><strong>quin</strong></span> <span class='ocrx_word' id='word_1_247' title='bbox 1632 2052 1814 2122; x_wconf 92' lang='lat' dir='ltr'><strong>potius</strong></span> <span class='ocrx_word' id='word_1_248' title='bbox 1839 2063 2036 2102; x_wconf 89' lang='lat' dir='ltr'><strong>unum-</strong></span> 
     </span>
    </p>
   </div>
   <div class='ocr_carea' id='block_1_36' title="bbox 463 2143 2035 2214">
    <p class='ocr_par' dir='ltr' id='par_1_36' title="bbox 463 2143 2035 2214">
     <span class='ocr_line' id='line_1_36' title="bbox 463 2143 2035 2214; baseline -0.002 -17"><span class='ocrx_word' id='word_1_249' title='bbox 463 2145 738 2214; x_wconf 82' lang='lat' dir='ltr'><strong>quodque,</strong></span> <span class='ocrx_word' id='word_1_250' title='bbox 774 2143 918 2211; x_wconf 90' lang='lat' dir='ltr'><strong>quod</strong></span> <span class='ocrx_word' id='word_1_251' title='bbox 953 2144 1059 2199; x_wconf 88' lang='lat' dir='ltr'><strong>sibi</strong></span> <span class='ocrx_word' id='word_1_252' title='bbox 1088 2143 1435 2198; x_wconf 89' lang='lat' dir='ltr'><strong>commodum</strong></span> <span class='ocrx_word' id='word_1_253' title='bbox 1465 2150 1570 2205; x_wconf 88' lang='lat' dir='ltr'><strong>est,</strong></span> <span class='ocrx_word' id='word_1_254' title='bbox 1597 2143 1804 2214; x_wconf 88' lang='lat' dir='ltr'><strong>appetit</strong></span> <span class='ocrx_word' id='word_1_255' title='bbox 1826 2148 1880 2197; x_wconf 87' lang='lat' dir='ltr'><strong>et</strong></span> <span class='ocrx_word' id='word_1_256' title='bbox 1908 2154 2035 2211; x_wconf 88' lang='lat' dir='ltr'><strong>pro-</strong></span> 
     </span>
    </p>
   </div>
   <div class='ocr_carea' id='block_1_37' title="bbox 463 2229 2038 2302">
    <p class='ocr_par' dir='ltr' id='par_1_37' title="bbox 463 2229 2038 2302">
     <span class='ocr_line' id='line_1_37' title="bbox 463 2229 2038 2302; baseline -0.001 -16"><span class='ocrx_word' id='word_1_257' title='bbox 463 2233 731 2302; x_wconf 78' lang='lat' dir='ltr'><strong>sequitur.</strong></span> <span class='ocrx_word' id='word_1_258' title='bbox 782 2230 839 2287; x_wconf 90' lang='lat' dir='ltr'><strong>Si</strong></span> <span class='ocrx_word' id='word_1_259' title='bbox 872 2232 1015 2286; x_wconf 87' lang='lat' dir='ltr'><strong>enim</strong></span> <span class='ocrx_word' id='word_1_260' title='bbox 1059 2232 1237 2287; x_wconf 89' lang='lat' dir='ltr'><strong>omnis</strong></span> <span class='ocrx_word' id='word_1_261' title='bbox 1268 2232 1433 2286; x_wconf 89' lang='lat' dir='ltr'><strong>herba</strong></span> <span class='ocrx_word' id='word_1_262' title='bbox 1482 2239 1537 2287; x_wconf 92' lang='lat' dir='ltr'><strong>et</strong></span> <span class='ocrx_word' id='word_1_263' title='bbox 1574 2231 1726 2286; x_wconf 77' lang='lat' dir='ltr'><strong>radix</strong></span> <span class='ocrx_word' id='word_1_264' title='bbox 1782 2229 2038 2286; x_wconf 89' lang='lat' dir='ltr'><strong>omnibus</strong></span> 
     </span>
    </p>
   </div>
   <div class='ocr_carea' id='block_1_38' title="bbox 464 2322 2036 2393">
    <p class='ocr_par' dir='ltr' id='par_1_38' title="bbox 464 2322 2036 2393">
     <span class='ocr_line' id='line_1_38' title="bbox 464 2322 2036 2393; baseline 0.001 -19"><span class='ocrx_word' id='word_1_265' title='bbox 464 2340 487 2374; x_wconf 74' lang='lat' dir='ltr'><strong>r</strong></span> <span class='ocrx_word' id='word_1_266' title='bbox 500 2329 612 2377; x_wconf 88' lang='lat' dir='ltr'><strong>sset</strong></span> <span class='ocrx_word' id='word_1_267' title='bbox 645 2322 1051 2376; x_wconf 89' lang='lat' dir='ltr'><strong>accommodata</strong></span> <span class='ocrx_word' id='word_1_268' title='bbox 1075 2330 1130 2377; x_wconf 91' lang='lat' dir='ltr'><strong>et</strong></span> <span class='ocrx_word' id='word_1_269' title='bbox 1158 2337 1487 2393; x_wconf 90' lang='lat' dir='ltr'><strong>congruens,</strong></span> <span class='ocrx_word' id='word_1_270' title='bbox 1519 2323 1703 2378; x_wconf 89' lang='lat' dir='ltr'><strong>minus</strong></span> <span class='ocrx_word' id='word_1_271' title='bbox 1735 2322 2036 2392; x_wconf 81' lang='lat' dir='ltr'><strong>patefieret,</strong></span> 
     </span>
    </p>
   </div>
   <div class='ocr_carea' id='block_1_39' title="bbox 465 2415 2041 2485">
    <p class='ocr_par' dir='ltr' id='par_1_39' title="bbox 465 2415 2041 2485">
     <span class='ocr_line' id='line_1_39' title="bbox 465 2415 2041 2485; baseline -0.002 -15"><span class='ocrx_word' id='word_1_272' title='bbox 465 2416 610 2485; x_wconf 90' lang='lat' dir='ltr'><strong>quod</strong></span> <span class='ocrx_word' id='word_1_273' title='bbox 639 2416 724 2472; x_wconf 76' lang='lat' dir='ltr'><strong>lex</strong></span> <span class='ocrx_word' id='word_1_274' title='bbox 740 2415 1020 2470; x_wconf 85' lang='lat' dir='ltr'><strong>Creatoris</strong></span> <span class='ocrx_word' id='word_1_275' title='bbox 1044 2415 1208 2470; x_wconf 88' lang='lat' dir='ltr'><strong>etiam</strong></span> <span class='ocrx_word' id='word_1_276' title='bbox 1236 2416 1289 2470; x_wconf 92' lang='lat' dir='ltr'><strong>in</strong></span> <span class='ocrx_word' id='word_1_277' title='bbox 1318 2416 1692 2471; x_wconf 86' lang='lat' dir='ltr'><strong>animantibus</strong></span> <span class='ocrx_word' id='word_1_278' title='bbox 1713 2415 1924 2470; x_wconf 90' lang='lat' dir='ltr'><strong>ratione</strong></span> <span class='ocrx_word' id='word_1_279' title='bbox 1950 2428 2041 2467; x_wconf 84' lang='lat' dir='ltr'><strong>ca-</strong></span> 
     </span>
    </p>
   </div>
   <div class='ocr_carea' id='block_1_40' title="bbox 467 2507 1328 2578">
    <p class='ocr_par' dir='ltr' id='par_1_40' title="bbox 467 2507 1328 2578">
     <span class='ocr_line' id='line_1_40' title="bbox 467 2507 1328 2578; baseline 0.002 -17"><span class='ocrx_word' id='word_1_280' title='bbox 467 2507 713 2563; x_wconf 81' lang='lat' dir='ltr'><strong>rentibus</strong></span> <span class='ocrx_word' id='word_1_281' title='bbox 742 2508 883 2578; x_wconf 84' lang='lat' dir='ltr'><strong>viget</strong></span> <span class='ocrx_word' id='word_1_282' title='bbox 911 2515 965 2562; x_wconf 89' lang='lat' dir='ltr'><strong>et</strong></span> <span class='ocrx_word' id='word_1_283' title='bbox 993 2507 1328 2563; x_wconf 86' lang='lat' dir='ltr'><strong>dominatur.</strong></span> 
     </span>
    </p>
   </div>
   <div class='ocr_carea' id='block_1_41' title="bbox 535 2597 2042 2668">
    <p class='ocr_par' dir='ltr' id='par_1_41' title="bbox 535 2597 2042 2668">
     <span class='ocr_line' id='line_1_41' title="bbox 535 2597 2042 2668; baseline -0.002 -15"><span class='ocrx_word' id='word_1_284' title='bbox 535 2598 605 2653; x_wconf 82' lang='lat' dir='ltr'><strong>At</strong></span> <span class='ocrx_word' id='word_1_285' title='bbox 641 2613 770 2654; x_wconf 84' lang='lat' dir='ltr'><strong>vero</strong></span> <span class='ocrx_word' id='word_1_286' title='bbox 805 2614 928 2654; x_wconf 87' lang='lat' dir='ltr'><strong>esse</strong></span> <span class='ocrx_word' id='word_1_287' title='bbox 967 2599 1069 2653; x_wconf 89' lang='lat' dir='ltr'><strong>hoc</strong></span> <span class='ocrx_word' id='word_1_288' title='bbox 1119 2598 1449 2668; x_wconf 85' lang='lat' dir='ltr'><strong>quibusdam</strong></span> <span class='ocrx_word' id='word_1_289' title='bbox 1489 2613 1718 2659; x_wconf 86' lang='lat' dir='ltr'><strong>nocens.</strong></span> <span class='ocrx_word' id='word_1_290' title='bbox 1768 2597 1895 2652; x_wconf 89' lang='lat' dir='ltr'><strong>aliis</strong></span> <span class='ocrx_word' id='word_1_291' title='bbox 1942 2612 2042 2650; x_wconf 89' lang='lat' dir='ltr'><strong>au-</strong></span> 
     </span>
    </p>
   </div>
   <div class='ocr_carea' id='block_1_42' title="bbox 470 2685 2041 2759">
    <p class='ocr_par' dir='ltr' id='par_1_42' title="bbox 470 2685 2041 2759">
     <span class='ocr_line' id='line_1_42' title="bbox 470 2685 2041 2759; baseline -0.002 -17"><span class='ocrx_word' id='word_1_292' title='bbox 470 2700 574 2745; x_wconf 68' lang='lat' dir='ltr'><strong>tum</strong></span> <span class='ocrx_word' id='word_1_293' title='bbox 624 2688 677 2743; x_wconf 91' lang='lat' dir='ltr'><strong>id</strong></span> <span class='ocrx_word' id='word_1_294' title='bbox 719 2688 893 2759; x_wconf 88' lang='lat' dir='ltr'><strong>ipsum</strong></span> <span class='ocrx_word' id='word_1_295' title='bbox 942 2689 1207 2751; x_wconf 90' lang='lat' dir='ltr'><strong>salutare,</strong></span> <span class='ocrx_word' id='word_1_296' title='bbox 1253 2688 1460 2743; x_wconf 89' lang='lat' dir='ltr'><strong>clarius</strong></span> <span class='ocrx_word' id='word_1_297' title='bbox 1510 2687 1833 2757; x_wconf 86' lang='lat' dir='ltr'><strong>sapientiam</strong></span> <span class='ocrx_word' id='word_1_298' title='bbox 1861 2685 1955 2741; x_wconf 86' lang='lat' dir='ltr'><strong>Dei</strong></span> <span class='ocrx_word' id='word_1_299' title='bbox 1988 2687 2041 2739; x_wconf 89' lang='lat' dir='ltr'><strong>in</strong></span> 
     </span>
    </p>
   </div>
   <div class='ocr_carea' id='block_1_43' title="bbox 469 2775 2045 2848">
    <p class='ocr_par' dir='ltr' id='par_1_43' title="bbox 469 2775 2045 2848">
     <span class='ocr_line' id='line_1_43' title="bbox 469 2775 2045 2848; baseline -0.001 -18"><span class='ocrx_word' id='word_1_300' title='bbox 469 2778 723 2832; x_wconf 84' lang='lat' dir='ltr'><strong>omnibus</strong></span> <span class='ocrx_word' id='word_1_301' title='bbox 755 2777 1045 2848; x_wconf 58' lang='lat' dir='ltr'><strong>praedicat;</strong></span> <span class='ocrx_word' id='word_1_302' title='bbox 1079 2791 1186 2847; x_wconf 88' lang='lat' dir='ltr'><strong>qua</strong></span> <span class='ocrx_word' id='word_1_303' title='bbox 1216 2775 1419 2831; x_wconf 90' lang='lat' dir='ltr'><strong>factum</strong></span> <span class='ocrx_word' id='word_1_304' title='bbox 1444 2785 1551 2842; x_wconf 91' lang='lat' dir='ltr'><strong>est,</strong></span> <span class='ocrx_word' id='word_1_305' title='bbox 1576 2787 1638 2831; x_wconf 91' lang='lat' dir='ltr'><strong>ut</strong></span> <span class='ocrx_word' id='word_1_306' title='bbox 1671 2784 1819 2832; x_wconf 85' lang='lat' dir='ltr'><strong>esset</strong></span> <span class='ocrx_word' id='word_1_307' title='bbox 1841 2776 1896 2831; x_wconf 90' lang='lat' dir='ltr'><strong>in</strong></span> <span class='ocrx_word' id='word_1_308' title='bbox 1931 2775 2045 2830; x_wconf 85' lang='lat' dir='ltr'><strong>ani-</strong></span> 
     </span>
    </p>
   </div>
   <div class='ocr_carea' id='block_1_44' title="bbox 471 2869 2092 2938">
    <p class='ocr_par' dir='ltr' id='par_1_44' title="bbox 471 2869 2092 2938">
     <span class='ocr_line' id='line_1_44' title="bbox 471 2869 2092 2938; baseline 0 -15"><span class='ocrx_word' id='word_1_309' title='bbox 471 2870 747 2925; x_wconf 85' lang='lat' dir='ltr'><strong>mantibus</strong></span> <span class='ocrx_word' id='word_1_310' title='bbox 790 2869 1001 2923; x_wconf 89' lang='lat' dir='ltr'><strong>ratione</strong></span> <span class='ocrx_word' id='word_1_311' title='bbox 1042 2870 1360 2924; x_wconf 88' lang='lat' dir='ltr'><strong>carentibus</strong></span> <span class='ocrx_word' id='word_1_312' title='bbox 1409 2870 1495 2924; x_wconf 88' lang='lat' dir='ltr'><strong>vis</strong></span> <span class='ocrx_word' id='word_1_313' title='bbox 1536 2869 1784 2938; x_wconf 67' lang='lat' dir='ltr'><strong>quaedam</strong></span> <span class='ocrx_word' id='word_1_314' title='bbox 1832 2875 2044 2923; x_wconf 66' lang='lat' dir='ltr'><strong>natura</strong></span> <span class='ocrx_word' id='word_1_315' title='bbox 2081 2889 2092 2903; x_wconf 80' lang='grc' dir='ltr'><em>ο</em></span> 
     </span>
    </p>
   </div>
   <div class='ocr_carea' id='block_1_45' title="bbox 470 2959 2043 3032">
    <p class='ocr_par' dir='ltr' id='par_1_45' title="bbox 470 2959 2043 3032">
     <span class='ocr_line' id='line_1_45' title="bbox 470 2959 2043 3032; baseline 0.001 -18"><span class='ocrx_word' id='word_1_316' title='bbox 470 2977 577 3031; x_wconf 85' lang='lat' dir='ltr'><strong>qua</strong></span> <span class='ocrx_word' id='word_1_317' title='bbox 624 2978 687 3017; x_wconf 91' lang='lat' dir='ltr'><strong>ea</strong></span> <span class='ocrx_word' id='word_1_318' title='bbox 729 2977 850 3032; x_wconf 74' lang='lat' dir='ltr'><strong>quae</strong></span> <span class='ocrx_word' id='word_1_319' title='bbox 889 2962 1137 3032; x_wconf 87' lang='lat' dir='ltr'><strong>apposita</strong></span> <span class='ocrx_word' id='word_1_320' title='bbox 1180 2970 1331 3026; x_wconf 90' lang='lat' dir='ltr'><strong>sunt,</strong></span> <span class='ocrx_word' id='word_1_321' title='bbox 1375 2961 1773 3018; x_wconf 89' lang='lat' dir='ltr'><strong>discernerent.</strong></span> <span class='ocrx_word' id='word_1_322' title='bbox 1824 2959 1956 3027; x_wconf 69' lang='lat' dir='ltr'><strong>Quae</strong></span> <span class='ocrx_word' id='word_1_323' title='bbox 1996 2960 2043 3016; x_wconf 87' lang='lat' dir='ltr'><strong>si</strong></span> 
     </span>
    </p>
   </div>
   <div class='ocr_carea' id='block_1_46' title="bbox 472 3053 2045 3123">
    <p class='ocr_par' dir='ltr' id='par_1_46' title="bbox 472 3053 2045 3123">
     <span class='ocr_line' id='line_1_46' title="bbox 472 3053 2045 3123; baseline -0.002 -14"><span class='ocrx_word' id='word_1_324' title='bbox 472 3056 792 3110; x_wconf 87' lang='lat' dir='ltr'><strong>naturaliter</strong></span> <span class='ocrx_word' id='word_1_325' title='bbox 822 3058 877 3109; x_wconf 91' lang='lat' dir='ltr'><strong>in</strong></span> <span class='ocrx_word' id='word_1_326' title='bbox 915 3054 1145 3123; x_wconf 87' lang='lat' dir='ltr'><strong>singulis</strong></span> <span class='ocrx_word' id='word_1_327' title='bbox 1174 3069 1281 3108; x_wconf 91' lang='lat' dir='ltr'><strong>non</strong></span> <span class='ocrx_word' id='word_1_328' title='bbox 1326 3054 1551 3120; x_wconf 86' lang='lat' dir='ltr'><strong>inesset,</strong></span> <span class='ocrx_word' id='word_1_329' title='bbox 1584 3053 1781 3109; x_wconf 89' lang='lat' dir='ltr'><strong>merito</strong></span> <span class='ocrx_word' id='word_1_330' title='bbox 1809 3066 1874 3107; x_wconf 91' lang='lat' dir='ltr'><strong>ac</strong></span> <span class='ocrx_word' id='word_1_331' title='bbox 1898 3059 2045 3107; x_wconf 90' lang='lat' dir='ltr'><strong>recte</strong></span> 
     </span>
    </p>
   </div>
   <div class='ocr_carea' id='block_1_47' title="bbox 471 3138 2044 3215">
    <p class='ocr_par' dir='ltr' id='par_1_47' title="bbox 471 3138 2044 3215">
     <span class='ocr_line' id='line_1_47' title="bbox 471 3138 2044 3215; baseline -0.003 -18"><span class='ocrx_word' id='word_1_332' title='bbox 471 3160 537 3200; x_wconf 67' lang='lat' dir='ltr'><strong>ca</strong></span> <span class='ocrx_word' id='word_1_333' title='bbox 572 3160 694 3215; x_wconf 62' lang='lat' dir='ltr'><strong>quae.</strong></span> <span class='ocrx_word' id='word_1_334' title='bbox 735 3151 955 3210; x_wconf 91' lang='lat' dir='ltr'><strong>nocent,</strong></span> <span class='ocrx_word' id='word_1_335' title='bbox 994 3152 1386 3199; x_wconf 89' lang='lat' dir='ltr'><strong>accusarentur</strong></span> <span class='ocrx_word' id='word_1_336' title='bbox 1433 3152 1692 3213; x_wconf 87' lang='lat' dir='ltr'><strong>tanquam</strong></span> <span class='ocrx_word' id='word_1_337' title='bbox 1732 3155 1764 3195; x_wconf 88' lang='lat' dir='ltr'><strong>a</strong></span> <span class='ocrx_word' id='word_1_338' title='bbox 1801 3138 2044 3211; x_wconf 88' lang='lat' dir='ltr'><strong>nequitia</strong></span> 
     </span>
    </p>
   </div>
   <div class='ocr_carea' id='block_1_48' title="bbox 473 3236 862 3292">
    <p class='ocr_par' dir='ltr' id='par_1_48' title="bbox 473 3236 862 3292">
     <span class='ocr_line' id='line_1_48' title="bbox 473 3236 862 3292; baseline -0.005 0"><span class='ocrx_word' id='word_1_339' title='bbox 473 3236 618 3292; x_wconf 86' lang='lat' dir='ltr'><strong>edita</strong></span> <span class='ocrx_word' id='word_1_340' title='bbox 642 3244 696 3292; x_wconf 88' lang='lat' dir='ltr'><strong>et</strong></span> <span class='ocrx_word' id='word_1_341' title='bbox 724 3245 862 3291; x_wconf 89' lang='lat' dir='ltr'><strong>orta.</strong></span> 
     </span>
    </p>
   </div>
   <div class='ocr_carea' id='block_1_49' title="bbox 545 3323 2045 3395">
    <p class='ocr_par' dir='ltr' id='par_1_49' title="bbox 545 3323 2045 3395">
     <span class='ocr_line' id='line_1_49' title="bbox 545 3323 2045 3395; baseline -0.005 -10"><span class='ocrx_word' id='word_1_342' title='bbox 545 3330 643 3385; x_wconf 88' lang='lat' dir='ltr'><strong>Sin</strong></span> <span class='ocrx_word' id='word_1_343' title='bbox 683 3345 815 3385; x_wconf 84' lang='lat' dir='ltr'><strong>vero</strong></span> <span class='ocrx_word' id='word_1_344' title='bbox 876 3329 928 3382; x_wconf 89' lang='lat' dir='ltr'><strong>iu</strong></span> <span class='ocrx_word' id='word_1_345' title='bbox 976 3327 1304 3383; x_wconf 85' lang='lat' dir='ltr'><strong>animalibus</strong></span> <span class='ocrx_word' id='word_1_346' title='bbox 1345 3325 1612 3381; x_wconf 88' lang='lat' dir='ltr'><strong>naturalis</strong></span> <span class='ocrx_word' id='word_1_347' title='bbox 1655 3324 1904 3395; x_wconf 59' lang='lat' dir='ltr'><strong>quadam</strong></span> <span class='ocrx_word' id='word_1_348' title='bbox 1957 3323 2045 3377; x_wconf 85' lang='lat' dir='ltr'><strong>vis</strong></span> 
     </span>
    </p>
   </div>
   <div class='ocr_carea' id='block_1_50' title="bbox 479 3414 2045 3489">
    <p class='ocr_par' dir='ltr' id='par_1_50' title="bbox 479 3414 2045 3489">
     <span class='ocr_line' id='line_1_50' title="bbox 479 3414 2045 3489; baseline -0.007 -9"><span class='ocrx_word' id='word_1_349' title='bbox 479 3420 844 3485; x_wconf 72' lang='lat' dir='ltr'><strong>discernendi,</strong></span> <span class='ocrx_word' id='word_1_350' title='bbox 870 3420 1134 3489; x_wconf 85' lang='lat' dir='ltr'><strong>judicium</strong></span> <span class='ocrx_word' id='word_1_351' title='bbox 1172 3417 1588 3489; x_wconf 65' lang='lat' dir='ltr'><strong>prmoceupavit,</strong></span> <span class='ocrx_word' id='word_1_352' title='bbox 1613 3428 1666 3472; x_wconf 93' lang='lat' dir='ltr'><strong>et</strong></span> <span class='ocrx_word' id='word_1_353' title='bbox 1696 3414 2045 3487; x_wconf 73' lang='lat' dir='ltr'><strong>unumquod~</strong></span> 
     </span>
    </p>
   </div>
   <div class='ocr_carea' id='block_1_51' title="bbox 477 3508 2041 3585">
    <p class='ocr_par' dir='ltr' id='par_1_51' title="bbox 477 3508 2041 3585">
     <span class='ocr_line' id='line_1_51' title="bbox 477 3508 2041 3585; baseline -0.005 -16"><span class='ocrx_word' id='word_1_354' title='bbox 477 3533 583 3585; x_wconf 84' lang='lat' dir='ltr'><strong>que</strong></span> <span class='ocrx_word' id='word_1_355' title='bbox 603 3516 707 3572; x_wconf 90' lang='lat' dir='ltr'><strong>sibi</strong></span> <span class='ocrx_word' id='word_1_356' title='bbox 733 3516 1067 3569; x_wconf 76' lang='lat' dir='ltr'><strong>conveniens</strong></span> <span class='ocrx_word' id='word_1_357' title='bbox 1100 3514 1288 3584; x_wconf 79' lang='lat' dir='ltr'><strong>eligit;</strong></span> <span class='ocrx_word' id='word_1_358' title='bbox 1341 3513 1520 3567; x_wconf 90' lang='lat' dir='ltr'><strong>omnis</strong></span> <span class='ocrx_word' id='word_1_359' title='bbox 1555 3509 1808 3565; x_wconf 87' lang='lat' dir='ltr'><strong>videlicet</strong></span> <span class='ocrx_word' id='word_1_360' title='bbox 1853 3508 2041 3575; x_wconf 85' lang='lat' dir='ltr'><strong>herba,</strong></span> 
     </span>
    </p>
   </div>
   <div class='ocr_carea' id='block_1_52' title="bbox 480 3599 2045 3670">
    <p class='ocr_par' dir='ltr' id='par_1_52' title="bbox 480 3599 2045 3670">
     <span class='ocr_line' id='line_1_52' title="bbox 480 3599 2045 3670; baseline -0.006 -10"><span class='ocrx_word' id='word_1_361' title='bbox 480 3615 531 3660; x_wconf 84' lang='lat' dir='ltr'><strong>et</strong></span> <span class='ocrx_word' id='word_1_362' title='bbox 561 3607 714 3661; x_wconf 80' lang='lat' dir='ltr'><strong>radix</strong></span> <span class='ocrx_word' id='word_1_363' title='bbox 742 3606 893 3662; x_wconf 87' lang='lat' dir='ltr'><strong>utilis</strong></span> <span class='ocrx_word' id='word_1_364' title='bbox 914 3613 1017 3670; x_wconf 89' lang='lat' dir='ltr'><strong>est,</strong></span> <span class='ocrx_word' id='word_1_365' title='bbox 1044 3605 1144 3661; x_wconf 91' lang='lat' dir='ltr'><strong>etsi</strong></span> <span class='ocrx_word' id='word_1_366' title='bbox 1177 3619 1285 3658; x_wconf 92' lang='lat' dir='ltr'><strong>non</strong></span> <span class='ocrx_word' id='word_1_367' title='bbox 1327 3602 1584 3658; x_wconf 83' lang='lat' dir='ltr'><strong>omnibus</strong></span> <span class='ocrx_word' id='word_1_368' title='bbox 1613 3620 1626 3655; x_wconf 94' lang='lat'><strong>:</strong></span> <span class='ocrx_word' id='word_1_369' title='bbox 1668 3599 1818 3660; x_wconf 79' lang='lat' dir='ltr'><strong>varia</strong></span> <span class='ocrx_word' id='word_1_370' title='bbox 1862 3606 2045 3652; x_wconf 89' lang='lat' dir='ltr'><strong>autem</strong></span> 
     </span>
    </p>
   </div>
   <div class='ocr_carea' id='block_1_53' title="bbox 479 3698 1076 3755">
    <p class='ocr_par' dir='ltr' id='par_1_53' title="bbox 479 3698 1076 3755">
     <span class='ocr_line' id='line_1_53' title="bbox 479 3698 1076 3755; baseline -0.002 -3"><span class='ocrx_word' id='word_1_371' title='bbox 479 3705 607 3753; x_wconf 79' lang='lat' dir='ltr'><strong>sunt</strong></span> <span class='ocrx_word' id='word_1_372' title='bbox 634 3698 781 3754; x_wconf 81' lang='lat' dir='ltr'><strong>varie</strong></span> <span class='ocrx_word' id='word_1_373' title='bbox 807 3699 1076 3755; x_wconf 83' lang='lat' dir='ltr'><strong>anoosita.</strong></span> 
     </span>
    </p>
   </div>
   <div class='ocr_carea' id='block_1_54' title="bbox 2069 3206 2117 3267">
    <p class='ocr_par' dir='ltr' id='par_1_54' title="bbox 2069 3206 2117 3267">
     <span class='ocr_line' id='line_1_54' title="bbox 2069 3206 2117 3267; baseline 0 0"><span class='ocrx_word' id='word_1_374' title='bbox 2069 3206 2117 3267; x_wconf 89' lang='lat' dir='ltr'><strong><em>C</em></strong></span> 
     </span>
    </p>
   </div>
   <div class='ocr_carea' id='block_1_55' title="bbox 2134 1963 3717 2037">
    <p class='ocr_par' dir='ltr' id='par_1_55' title="bbox 2134 1963 3717 2037">
     <span class='ocr_line' id='line_1_55' title="bbox 2134 1963 3717 2037; baseline -0.003 -17"><span class='ocrx_word' id='word_1_375' title='bbox 2134 1966 2196 2020; x_wconf 84' lang='grc' dir='ltr'>τὸ</span> <span class='ocrx_word' id='word_1_376' title='bbox 2223 1965 2416 2020; x_wconf 80' lang='grc' dir='ltr'>ἑαυτοῦ</span> <span class='ocrx_word' id='word_1_377' title='bbox 2443 1965 2742 2037; x_wconf 83' lang='grc' dir='ltr'>θανάσιμον</span> <span class='ocrx_word' id='word_1_378' title='bbox 2774 1965 3141 2036; x_wconf 82' lang='grc' dir='ltr'>προσφέρεται</span> <span class='ocrx_word' id='word_1_379' title='bbox 3160 1982 3173 1995; x_wconf 94' lang='grc'><strong>·</strong></span> <span class='ocrx_word' id='word_1_380' title='bbox 3206 1963 3316 2019; x_wconf 78' lang='grc' dir='ltr'>ἀλλ’</span> <span class='ocrx_word' id='word_1_381' title='bbox 3351 1963 3447 2015; x_wconf 73' lang='grc' dir='ltr'><strong>ἐπὶ</strong></span> <span class='ocrx_word' id='word_1_382' title='bbox 3472 1964 3544 2015; x_wconf 79' lang='grc' dir='ltr'>τὸ</span> <span class='ocrx_word' id='word_1_383' title='bbox 3568 1964 3717 2033; x_wconf 72' lang='grc' dir='ltr'>αὐτῷ</span> 
     </span>
    </p>
   </div>
   <div class='ocr_carea' id='block_1_56' title="bbox 2137 2055 3716 2130">
    <p class='ocr_par' dir='ltr' id='par_1_56' title="bbox 2137 2055 3716 2130">
     <span class='ocr_line' id='line_1_56' title="bbox 2137 2055 3716 2130; baseline -0.003 -18"><span class='ocrx_word' id='word_1_384' title='bbox 2137 2076 2197 2128; x_wconf 88' lang='grc' dir='ltr'><strong>γε</strong></span> <span class='ocrx_word' id='word_1_385' title='bbox 2244 2058 2518 2130; x_wconf 75' lang='grc' dir='ltr'>ὠφέλιμον</span> <span class='ocrx_word' id='word_1_386' title='bbox 2550 2056 2776 2112; x_wconf 77' lang='grc' dir='ltr'>ἕκαστον</span> <span class='ocrx_word' id='word_1_387' title='bbox 2822 2059 2986 2129; x_wconf 79' lang='grc' dir='ltr'>ὁρμᾷ.</span> <span class='ocrx_word' id='word_1_388' title='bbox 3035 2058 3098 2110; x_wconf 76' lang='lat' dir='ltr'><strong>Et</strong></span> <span class='ocrx_word' id='word_1_389' title='bbox 3136 2055 3244 2128; x_wconf 81' lang='grc' dir='ltr'><strong>γὰρ</strong></span> <span class='ocrx_word' id='word_1_390' title='bbox 3278 2056 3462 2110; x_wconf 68' lang='grc' dir='ltr'>ἅπασα</span> <span class='ocrx_word' id='word_1_391' title='bbox 3508 2055 3716 2125; x_wconf 60' lang='lat' dir='ltr'><strong>ﬂocci-11;</strong></span> 
     </span>
    </p>
   </div>
   <div class='ocr_carea' id='block_1_57' title="bbox 2137 2141 3717 2218">
    <p class='ocr_par' dir='ltr' id='par_1_57' title="bbox 2137 2141 3717 2218">
     <span class='ocr_line' id='line_1_57' title="bbox 2137 2141 3717 2218; baseline -0.003 -16"><span class='ocrx_word' id='word_1_392' title='bbox 2137 2149 2233 2202; x_wconf 69' lang='lat' dir='ltr'><strong>xui.</strong></span> <span class='ocrx_word' id='word_1_393' title='bbox 2269 2146 2394 2218; x_wconf 76' lang='grc' dir='ltr'>ῥίζα</span> <span class='ocrx_word' id='word_1_394' title='bbox 2435 2150 2548 2215; x_wconf 75' lang='grc' dir='ltr'>τοῖς</span> <span class='ocrx_word' id='word_1_395' title='bbox 2596 2150 2762 2202; x_wconf 79' lang='grc' dir='ltr'>πᾶσιν</span> <span class='ocrx_word' id='word_1_396' title='bbox 2809 2148 3054 2218; x_wconf 79' lang='grc' dir='ltr'><strong>ὑπῆρχεν</strong></span> <span class='ocrx_word' id='word_1_397' title='bbox 3103 2146 3399 2218; x_wconf 78' lang='grc' dir='ltr'>ἐπιτηδεία,</span> <span class='ocrx_word' id='word_1_398' title='bbox 3428 2141 3602 2218; x_wconf 81' lang='grc' dir='ltr'>ἦττον</span> <span class='ocrx_word' id='word_1_399' title='bbox 3652 2146 3717 2198; x_wconf 78' lang='grc' dir='ltr'><strong>ἂν</strong></span> 
     </span>
    </p>
   </div>
   <div class='ocr_carea' id='block_1_58' title="bbox 2137 2236 3720 2310">
    <p class='ocr_par' dir='ltr' id='par_1_58' title="bbox 2137 2236 3720 2310">
     <span class='ocr_line' id='line_1_58' title="bbox 2137 2236 3720 2310; baseline 0 -21"><span class='ocrx_word' id='word_1_400' title='bbox 2137 2236 2350 2308; x_wconf 71' lang='grc' dir='ltr'>ἐδείχθη</span> <span class='ocrx_word' id='word_1_401' title='bbox 2406 2236 2499 2291; x_wconf 80' lang='grc' dir='ltr'><strong>τοῦ</strong></span> <span class='ocrx_word' id='word_1_402' title='bbox 2544 2238 3044 2310; x_wconf 74' lang='grc' dir='ltr'>δημιουργήσαντος</span> <span class='ocrx_word' id='word_1_403' title='bbox 3084 2239 3112 2291; x_wconf 82' lang='grc' dir='ltr'><strong>ὁ</strong></span> <span class='ocrx_word' id='word_1_404' title='bbox 3140 2238 3323 2309; x_wconf 82' lang='grc' dir='ltr'>νόμος,</span> <span class='ocrx_word' id='word_1_405' title='bbox 3360 2238 3457 2292; x_wconf 76' lang='grc' dir='ltr'>καὶ</span> <span class='ocrx_word' id='word_1_406' title='bbox 3506 2241 3571 2290; x_wconf 80' lang='grc' dir='ltr'><strong>ὲν</strong></span> <span class='ocrx_word' id='word_1_407' title='bbox 3606 2239 3720 2298; x_wconf 76' lang='grc' dir='ltr'>τοῖς</span> 
     </span>
    </p>
   </div>
   <div class='ocr_carea' id='block_1_59' title="bbox 2139 2326 2620 2398">
    <p class='ocr_par' dir='ltr' id='par_1_59' title="bbox 2139 2326 2620 2398">
     <span class='ocr_line' id='line_1_59' title="bbox 2139 2326 2620 2398; baseline -0.002 -18"><span class='ocrx_word' id='word_1_408' title='bbox 2139 2326 2353 2396; x_wconf 79' lang='grc' dir='ltr'>ἀλόγοις</span> <span class='ocrx_word' id='word_1_409' title='bbox 2385 2326 2620 2398; x_wconf 88' lang='grc' dir='ltr'>κρατῶν.</span> 
     </span>
    </p>
   </div>
   <div class='ocr_carea' id='block_1_60' title="bbox 2211 2584 3719 2658">
    <p class='ocr_par' dir='ltr' id='par_1_60' title="bbox 2211 2584 3719 2658">
     <span class='ocr_line' id='line_1_60' title="bbox 2211 2584 3719 2658; baseline -0.004 -15"><span class='ocrx_word' id='word_1_410' title='bbox 2211 2590 2285 2643; x_wconf 83' lang='grc' dir='ltr'>Τὸ</span> <span class='ocrx_word' id='word_1_411' title='bbox 2310 2588 2365 2642; x_wconf 77' lang='grc' dir='ltr'>δὲ</span> <span class='ocrx_word' id='word_1_412' title='bbox 2397 2586 2654 2658; x_wconf 81' lang='grc' dir='ltr'>βλαϐερὸν</span> <span class='ocrx_word' id='word_1_413' title='bbox 2702 2596 2888 2650; x_wconf 80' lang='grc' dir='ltr'>..νιοις,</span> <span class='ocrx_word' id='word_1_414' title='bbox 2919 2585 3127 2656; x_wconf 76' lang='grc' dir='ltr'>ἑτέροις</span> <span class='ocrx_word' id='word_1_415' title='bbox 3155 2585 3212 2638; x_wconf 85' lang='grc' dir='ltr'>δὲ</span> <span class='ocrx_word' id='word_1_416' title='bbox 3244 2584 3411 2638; x_wconf 80' lang='grc' dir='ltr'>ταυτδ</span> <span class='ocrx_word' id='word_1_417' title='bbox 3441 2586 3719 2657; x_wconf 72' lang='grc' dir='ltr'>σωτήριον</span> 
     </span>
    </p>
   </div>
   <div class='ocr_carea' id='block_1_61' title="bbox 2141 2677 3717 2755">
    <p class='ocr_par' dir='ltr' id='par_1_61' title="bbox 2141 2677 3717 2755">
     <span class='ocr_line' id='line_1_61' title="bbox 2141 2677 3717 2755; baseline -0.004 -19"><span class='ocrx_word' id='word_1_418' title='bbox 2141 2681 2582 2755; x_wconf 81' lang='grc' dir='ltr'>παρακείμενον,</span> <span class='ocrx_word' id='word_1_419' title='bbox 2639 2677 3006 2752; x_wconf 80' lang='grc' dir='ltr'>τρανεστέραν</span> <span class='ocrx_word' id='word_1_420' title='bbox 3091 2678 3189 2749; x_wconf 75' lang='grc' dir='ltr'>τὴν</span> <span class='ocrx_word' id='word_1_421' title='bbox 3249 2680 3307 2731; x_wconf 96' lang='lat' dir='ltr'><strong>tv</strong></span> <span class='ocrx_word' id='word_1_422' title='bbox 3388 2680 3504 2741; x_wconf 85' lang='grc' dir='ltr'>τοῖς</span> <span class='ocrx_word' id='word_1_423' title='bbox 3580 2682 3717 2731; x_wconf 76' lang='grc' dir='ltr'>πᾶσι</span> 
     </span>
    </p>
   </div>
   <div class='ocr_carea' id='block_1_62' title="bbox 2143 2765 3713 2842">
    <p class='ocr_par' dir='ltr' id='par_1_62' title="bbox 2143 2765 3713 2842">
     <span class='ocr_line' id='line_1_62' title="bbox 2143 2765 3713 2842; baseline -0.002 -16"><span class='ocrx_word' id='word_1_424' title='bbox 2143 2773 2334 2842; x_wconf 81' lang='grc' dir='ltr'>σοφίαν</span> <span class='ocrx_word' id='word_1_425' title='bbox 2387 2770 2682 2842; x_wconf 66' lang='grc' dir='ltr'>κηρύττευ</span> <span class='ocrx_word' id='word_1_426' title='bbox 2736 2765 2819 2824; x_wconf 81' lang='grc' dir='ltr'>ὅτι</span> <span class='ocrx_word' id='word_1_427' title='bbox 2858 2770 2953 2824; x_wconf 80' lang='grc' dir='ltr'><strong>καὶ</strong></span> <span class='ocrx_word' id='word_1_428' title='bbox 2999 2770 3054 2823; x_wconf 89' lang='lat' dir='ltr'><strong>tv</strong></span> <span class='ocrx_word' id='word_1_429' title='bbox 3091 2771 3203 2832; x_wconf 84' lang='grc' dir='ltr'>τοῖς</span> <span class='ocrx_word' id='word_1_430' title='bbox 3255 2767 3472 2837; x_wconf 80' lang='grc' dir='ltr'>ἀλόγοις</span> <span class='ocrx_word' id='word_1_431' title='bbox 3507 2771 3713 2841; x_wconf 73' lang='grc' dir='ltr'>φυσική</span> 
     </span>
    </p>
   </div>
   <div class='ocr_carea' id='block_1_63' title="bbox 2141 2859 3715 2934">
    <p class='ocr_par' dir='ltr' id='par_1_63' title="bbox 2141 2859 3715 2934">
     <span class='ocr_line' id='line_1_63' title="bbox 2141 2859 3715 2934; baseline -0.002 -17"><span class='ocrx_word' id='word_1_432' title='bbox 2141 2863 2225 2927; x_wconf 86' lang='grc' dir='ltr'><strong>τίς</strong></span> <span class='ocrx_word' id='word_1_433' title='bbox 2254 2865 2372 2916; x_wconf 73' lang='grc' dir='ltr'>ἐστι</span> <span class='ocrx_word' id='word_1_434' title='bbox 2394 2864 2504 2918; x_wconf 88' lang='grc' dir='ltr'><strong>τῶν</strong></span> <span class='ocrx_word' id='word_1_435' title='bbox 2535 2864 2614 2927; x_wconf 88' lang='grc' dir='ltr'><strong>είς</strong></span> <span class='ocrx_word' id='word_1_436' title='bbox 2639 2862 2844 2934; x_wconf 82' lang='grc' dir='ltr'>τροφὴν</span> <span class='ocrx_word' id='word_1_437' title='bbox 2881 2859 3297 2933; x_wconf 75' lang='grc' dir='ltr'>παρακειμένων</span> <span class='ocrx_word' id='word_1_438' title='bbox 3343 2863 3377 2932; x_wconf 77' lang='grc' dir='ltr'><strong>ἡ</strong></span> <span class='ocrx_word' id='word_1_439' title='bbox 3404 2862 3679 2933; x_wconf 74' lang='grc' dir='ltr'>διάκρισις</span> <span class='ocrx_word' id='word_1_440' title='bbox 3698 2878 3715 2892; x_wconf 88' lang='grc'><strong>·</strong></span> 
     </span>
    </p>
   </div>
   <div class='ocr_carea' id='block_1_64' title="bbox 2140 2952 3721 3027">
    <p class='ocr_par' dir='ltr' id='par_1_64' title="bbox 2140 2952 3721 3027">
     <span class='ocr_line' id='line_1_64' title="bbox 2140 2952 3721 3027; baseline -0.032 21"><span class='ocrx_word' id='word_1_441' title='bbox 2140 2952 2209 3027; x_wconf 69' lang='grc' dir='ltr'><strong>ἦς</strong></span> <span class='ocrx_word' id='word_1_442' title='bbox 2261 2955 2502 3025; x_wconf 64' lang='grc' dir='ltr'><strong>φυσικῶς</strong></span> <span class='ocrx_word' id='word_1_443' title='bbox 2544 2971 2607 3024; x_wconf 67' lang='grc' dir='ltr'>γε</span> <span class='ocrx_word' id='word_1_444' title='bbox 2661 2955 2875 3025; x_wconf 58' lang='grc' dir='ltr'><strong>ἑκάστῳ</strong></span> <span class='ocrx_word' id='word_1_445' title='bbox 2937 2954 3010 3026; x_wconf 74' lang='grc' dir='ltr'><strong>μὴ</strong></span> <span class='ocrx_word' id='word_1_446' title='bbox 3065 2955 3309 3027; x_wconf 63' lang='grc' dir='ltr'>ἐνούσης.</span> <span class='ocrx_word' id='word_1_447' title='bbox 3363 2955 3606 3023; x_wconf 67' lang='grc' dir='ltr'>εὐλόγως</span> <span class='ocrx_word' id='word_1_448' title='bbox 3650 2954 3721 3008; x_wconf 67' lang='grc' dir='ltr'><strong>ἂν</strong></span> 
     </span>
    </p>
   </div>
   <div class='ocr_carea' id='block_1_65' title="bbox 2141 3047 3721 3123">
    <p class='ocr_par' dir='ltr' id='par_1_65' title="bbox 2141 3047 3721 3123">
     <span class='ocr_line' id='line_1_65' title="bbox 2141 3047 3721 3123; baseline -0.001 -21"><span class='ocrx_word' id='word_1_449' title='bbox 2141 3067 2227 3113; x_wconf 86' lang='grc' dir='ltr'><strong>τις</strong></span> <span class='ocrx_word' id='word_1_450' title='bbox 2266 3050 2609 3123; x_wconf 84' lang='grc' dir='ltr'>κατηγόρησε</span> <span class='ocrx_word' id='word_1_451' title='bbox 2648 3048 2757 3103; x_wconf 86' lang='grc' dir='ltr'><strong>τῶν</strong></span> <span class='ocrx_word' id='word_1_452' title='bbox 2791 3047 3066 3121; x_wconf 79' lang='grc' dir='ltr'>βλαϐερῶν</span> <span class='ocrx_word' id='word_1_453' title='bbox 3102 3050 3178 3114; x_wconf 83' lang='grc' dir='ltr'><strong>ὡς</strong></span> <span class='ocrx_word' id='word_1_454' title='bbox 3229 3052 3294 3103; x_wconf 80' lang='grc' dir='ltr'>ὲκ</span> <span class='ocrx_word' id='word_1_455' title='bbox 3336 3049 3534 3113; x_wconf 82' lang='grc' dir='ltr'>κακίας</span> <span class='ocrx_word' id='word_1_456' title='bbox 3577 3065 3721 3121; x_wconf 80' lang='grc' dir='ltr'>προ-</span> 
     </span>
    </p>
   </div>
   <div class='ocr_carea' id='block_1_66' title="bbox 2145 3141 2540 3213">
    <p class='ocr_par' dir='ltr' id='par_1_66' title="bbox 2145 3141 2540 3213">
     <span class='ocr_line' id='line_1_66' title="bbox 2145 3141 2540 3213; baseline 0.005 -20"><span class='ocrx_word' id='word_1_457' title='bbox 2145 3141 2540 3213; x_wconf 82' lang='grc' dir='ltr'>ενηνεγμένων.</span> 
     </span>
    </p>
   </div>
   <div class='ocr_carea' id='block_1_67' title="bbox 2219 3317 3725 3392">
    <p class='ocr_par' dir='ltr' id='par_1_67' title="bbox 2219 3317 3725 3392">
     <span class='ocr_line' id='line_1_67' title="bbox 2219 3317 3725 3392; baseline 0.002 -20"><span class='ocrx_word' id='word_1_458' title='bbox 2219 3319 2282 3372; x_wconf 85' lang='grc' dir='ltr'>Εἰ</span> <span class='ocrx_word' id='word_1_459' title='bbox 2327 3318 2384 3371; x_wconf 80' lang='grc' dir='ltr'>δέ</span> <span class='ocrx_word' id='word_1_460' title='bbox 2426 3334 2490 3385; x_wconf 90' lang='grc' dir='ltr'><strong>γε</strong></span> <span class='ocrx_word' id='word_1_461' title='bbox 2538 3317 2840 3389; x_wconf 73' lang='grc' dir='ltr'>προῦλαϐεν</span> <span class='ocrx_word' id='word_1_462' title='bbox 2872 3320 2930 3373; x_wconf 89' lang='lat' dir='ltr'><strong>tv</strong></span> <span class='ocrx_word' id='word_1_463' title='bbox 2967 3322 3077 3383; x_wconf 79' lang='grc' dir='ltr'>τοῖς</span> <span class='ocrx_word' id='word_1_464' title='bbox 3107 3319 3264 3384; x_wconf 78' lang='grc' dir='ltr'>ζώοις</span> <span class='ocrx_word' id='word_1_465' title='bbox 3297 3323 3330 3392; x_wconf 76' lang='grc' dir='ltr'><strong>ἡ</strong></span> <span class='ocrx_word' id='word_1_466' title='bbox 3369 3322 3571 3391; x_wconf 79' lang='grc' dir='ltr'>φυσικὴ</span> <span class='ocrx_word' id='word_1_467' title='bbox 3600 3338 3725 3375; x_wconf 53' lang='lat' dir='ltr'><strong>map</strong></span> 
     </span>
    </p>
   </div>
   <div class='ocr_carea' id='block_1_68' title="bbox 2149 3409 3719 3482">
    <p class='ocr_par' dir='ltr' id='par_1_68' title="bbox 2149 3409 3719 3482">
     <span class='ocr_line' id='line_1_68' title="bbox 2149 3409 3719 3482; baseline 0.001 -17"><span class='ocrx_word' id='word_1_468' title='bbox 2149 3428 2327 3482; x_wconf 89' lang='grc' dir='ltr'>κρισις</span> <span class='ocrx_word' id='word_1_469' title='bbox 2365 3410 2461 3481; x_wconf 80' lang='grc' dir='ltr'>τὴν</span> <span class='ocrx_word' id='word_1_470' title='bbox 2499 3409 2701 3481; x_wconf 81' lang='grc' dir='ltr'>κρίσιν,</span> <span class='ocrx_word' id='word_1_471' title='bbox 2735 3410 2828 3463; x_wconf 78' lang='grc' dir='ltr'>καὶ</span> <span class='ocrx_word' id='word_1_472' title='bbox 2877 3410 2939 3463; x_wconf 76' lang='grc' dir='ltr'><strong>τὸ</strong></span> <span class='ocrx_word' id='word_1_473' title='bbox 2969 3412 3168 3465; x_wconf 76' lang='grc' dir='ltr'>οἱκεῖον</span> <span class='ocrx_word' id='word_1_474' title='bbox 3198 3412 3428 3466; x_wconf 85' lang='grc' dir='ltr'>’ἑκαστον</span> <span class='ocrx_word' id='word_1_475' title='bbox 3478 3413 3719 3480; x_wconf 73' lang='grc' dir='ltr'>ἐκλέγει.</span> 
     </span>
    </p>
   </div>
   <div class='ocr_carea' id='block_1_69' title="bbox 2149 3500 3722 3573">
    <p class='ocr_par' dir='ltr' id='par_1_69' title="bbox 2149 3500 3722 3573">
     <span class='ocr_line' id='line_1_69' title="bbox 2149 3500 3722 3573; baseline 0.003 -18"><span class='ocrx_word' id='word_1_476' title='bbox 2149 3503 2300 3555; x_wconf 82' lang='grc' dir='ltr'>πᾶσα</span> <span class='ocrx_word' id='word_1_477' title='bbox 2348 3500 2547 3572; x_wconf 83' lang='grc' dir='ltr'>δηλαδὴ</span> <span class='ocrx_word' id='word_1_478' title='bbox 2599 3500 2793 3571; x_wconf 85' lang='grc' dir='ltr'>βοτάνη</span> <span class='ocrx_word' id='word_1_479' title='bbox 2852 3501 2947 3556; x_wconf 78' lang='grc' dir='ltr'><strong>καὶ</strong></span> <span class='ocrx_word' id='word_1_480' title='bbox 3008 3502 3133 3572; x_wconf 76' lang='grc' dir='ltr'>ῥίζα</span> <span class='ocrx_word' id='word_1_481' title='bbox 3184 3505 3475 3573; x_wconf 75' lang='grc' dir='ltr'>χρήσιμος,</span> <span class='ocrx_word' id='word_1_482' title='bbox 3535 3508 3585 3558; x_wconf 86' lang='grc' dir='ltr'>εἰ</span> <span class='ocrx_word' id='word_1_483' title='bbox 3627 3508 3722 3559; x_wconf 80' lang='grc' dir='ltr'>καὶ</span> 
     </span>
    </p>
   </div>
   <div class='ocr_carea' id='block_1_70' title="bbox 2155 3592 3724 3668">
    <p class='ocr_par' dir='ltr' id='par_1_70' title="bbox 2155 3592 3724 3668">
     <span class='ocr_line' id='line_1_70' title="bbox 2155 3592 3724 3668; baseline 0.004 -23"><span class='ocrx_word' id='word_1_484' title='bbox 2155 3592 2228 3664; x_wconf 84' lang='grc' dir='ltr'>μὴ</span> <span class='ocrx_word' id='word_1_485' title='bbox 2272 3595 2385 3656; x_wconf 86' lang='grc' dir='ltr'>τοῖς</span> <span class='ocrx_word' id='word_1_486' title='bbox 2432 3594 2598 3658; x_wconf 74' lang='grc' dir='ltr'>πᾶσι,</span> <span class='ocrx_word' id='word_1_487' title='bbox 2648 3593 2867 3647; x_wconf 80' lang='grc' dir='ltr'>ποικίλα</span> <span class='ocrx_word' id='word_1_488' title='bbox 2911 3593 2967 3646; x_wconf 82' lang='grc' dir='ltr'>δὲ</span> <span class='ocrx_word' id='word_1_489' title='bbox 3026 3594 3094 3649; x_wconf 76' lang='grc' dir='ltr'><strong>τὰ</strong></span> <span class='ocrx_word' id='word_1_490' title='bbox 3151 3595 3410 3659; x_wconf 78' lang='grc' dir='ltr'>ποικίλως</span> <span class='ocrx_word' id='word_1_491' title='bbox 3456 3598 3724 3668; x_wconf 85' lang='grc' dir='ltr'>παρακεί-</span> 
     </span>
    </p>
   </div>
   <div class='ocr_carea' id='block_1_71' title="bbox 2157 3704 2315 3758">
    <p class='ocr_par' dir='ltr' id='par_1_71' title="bbox 2157 3704 2315 3758">
     <span class='ocr_line' id='line_1_71' title="bbox 2157 3704 2315 3758; baseline 0 -17"><span class='ocrx_word' id='word_1_492' title='bbox 2157 3704 2315 3758; x_wconf 85' lang='grc' dir='ltr'>μενα.</span> 
     </span>
    </p>
   </div>
   <div class='ocr_carea' id='block_1_72' title="bbox 1273 3802 2896 3874">
    <p class='ocr_par' dir='ltr' id='par_1_72' title="bbox 1273 3802 2896 3874">
     <span class='ocr_line' id='line_1_72' title="bbox 1273 3802 2896 3874; baseline -0.006 -8"><span class='ocrx_word' id='word_1_493' title='bbox 1273 3812 1402 3867; x_wconf 61' lang='lat' dir='ltr'><strong>Car.</strong></span> <span class='ocrx_word' id='word_1_494' title='bbox 1442 3807 1630 3864; x_wconf 75' lang='lat' dir='ltr'><strong>XXVI.</strong></span> <span class='ocrx_word' id='word_1_495' title='bbox 1672 3806 1870 3863; x_wconf 82' lang='lat' dir='ltr'><strong>Contra</strong></span> <span class='ocrx_word' id='word_1_496' title='bbox 1907 3805 2184 3874; x_wconf 70' lang='lat' dir='ltr'><strong>ferrumst</strong></span> <span class='ocrx_word' id='word_1_497' title='bbox 2218 3803 2386 3873; x_wconf 81' lang='lat' dir='ltr'><strong>ignem</strong></span> <span class='ocrx_word' id='word_1_498' title='bbox 2429 3805 2679 3857; x_wconf 74' lang='lat' dir='ltr'><strong>mentitur</strong></span> <span class='ocrx_word' id='word_1_499' title='bbox 2712 3802 2896 3857; x_wconf 75' lang='lat' dir='ltr'><strong>Manes</strong></span> 
     </span>
    </p>
   </div>
   <div class='ocr_carea' id='block_1_73' title="bbox 554 3925 2047 4010">
    <p class='ocr_par' dir='ltr' id='par_1_73' title="bbox 554 3925 2047 4010">
     <span class='ocr_line' id='line_1_73' title="bbox 554 3925 2047 4010; baseline -0.009 -17"><span class='ocrx_word' id='word_1_500' title='bbox 554 3939 665 3995; x_wconf 93' lang='lat' dir='ltr'><strong>lloc</strong></span> <span class='ocrx_word' id='word_1_501' title='bbox 696 3938 862 4010; x_wconf 89' lang='lat' dir='ltr'><strong>igitur</strong></span> <span class='ocrx_word' id='word_1_502' title='bbox 896 3935 1057 3991; x_wconf 91' lang='lat' dir='ltr'><strong>modo</strong></span> <span class='ocrx_word' id='word_1_503' title='bbox 1090 3932 1368 3989; x_wconf 74' lang='lat' dir='ltr'><strong>Manichzni</strong></span> <span class='ocrx_word' id='word_1_504' title='bbox 1412 3932 1503 4002; x_wconf 90' lang='lat' dir='ltr'><strong>qui</strong></span> <span class='ocrx_word' id='word_1_505' title='bbox 1551 3931 1733 3985; x_wconf 89' lang='lat' dir='ltr'><strong>omnia</strong></span> <span class='ocrx_word' id='word_1_506' title='bbox 1768 3925 2047 3983; x_wconf 89' lang='lat' dir='ltr'><strong>criminari</strong></span> 
     </span>
    </p>
   </div>
   <div class='ocr_carea' id='block_1_74' title="bbox 484 4018 2052 4096">
    <p class='ocr_par' dir='ltr' id='par_1_74' title="bbox 484 4018 2052 4096">
     <span class='ocr_line' id='line_1_74' title="bbox 484 4018 2052 4096; baseline -0.011 -8"><span class='ocrx_word' id='word_1_507' title='bbox 484 4032 712 4096; x_wconf 77' lang='lat' dir='ltr'><strong>studuit,</strong></span> <span class='ocrx_word' id='word_1_508' title='bbox 750 4029 1043 4085; x_wconf 84' lang='lat' dir='ltr'><strong>refellenda</strong></span> <span class='ocrx_word' id='word_1_509' title='bbox 1070 4037 1124 4083; x_wconf 94' lang='lat' dir='ltr'><strong>et</strong></span> <span class='ocrx_word' id='word_1_510' title='bbox 1160 4025 1450 4082; x_wconf 79' lang='lat' dir='ltr'><strong>evertenda</strong></span> <span class='ocrx_word' id='word_1_511' title='bbox 1494 4029 1579 4077; x_wconf 90' lang='lat' dir='ltr'><strong>est</strong></span> <span class='ocrx_word' id='word_1_512' title='bbox 1607 4020 1885 4077; x_wconf 87' lang='lat' dir='ltr'><strong>accusatio</strong></span> <span class='ocrx_word' id='word_1_513' title='bbox 1925 4018 2052 4072; x_wconf 83' lang='lat' dir='ltr'><strong>her-</strong></span> 
     </span>
    </p>
   </div>
   <div class='ocr_carea' id='block_1_75' title="bbox 484 4111 2051 4194">
    <p class='ocr_par' dir='ltr' id='par_1_75' title="bbox 484 4111 2051 4194">
     <span class='ocr_line' id='line_1_75' title="bbox 484 4111 2051 4194; baseline -0.011 -13"><span class='ocrx_word' id='word_1_514' title='bbox 484 4127 674 4181; x_wconf 72' lang='lat' dir='ltr'><strong>ltarum</strong></span> <span class='ocrx_word' id='word_1_515' title='bbox 721 4122 1111 4194; x_wconf 88' lang='lat' dir='ltr'><strong>pestilentium.</strong></span> <span class='ocrx_word' id='word_1_516' title='bbox 1162 4118 1251 4173; x_wconf 89' lang='lat' dir='ltr'><strong>Sic</strong></span> <span class='ocrx_word' id='word_1_517' title='bbox 1281 4118 1424 4173; x_wconf 89' lang='lat' dir='ltr'><strong>enim</strong></span> <span class='ocrx_word' id='word_1_518' title='bbox 1459 4123 1513 4171; x_wconf 92' lang='lat' dir='ltr'><strong>et</strong></span> <span class='ocrx_word' id='word_1_519' title='bbox 1541 4122 1733 4170; x_wconf 88' lang='lat' dir='ltr'><strong>contra</strong></span> <span class='ocrx_word' id='word_1_520' title='bbox 1767 4111 1970 4167; x_wconf 84' lang='lat' dir='ltr'><strong>ferrum</strong></span> <span class='ocrx_word' id='word_1_521' title='bbox 1996 4117 2051 4164; x_wconf 89' lang='lat' dir='ltr'><strong>et</strong></span> 
     </span>
    </p>
   </div>
   <div class='ocr_carea' id='block_1_76' title="bbox 484 4208 2053 4286">
    <p class='ocr_par' dir='ltr' id='par_1_76' title="bbox 484 4208 2053 4286">
     <span class='ocr_line' id='line_1_76' title="bbox 484 4208 2053 4286; baseline -0.013 -14"><span class='ocrx_word' id='word_1_522' title='bbox 484 4226 675 4273; x_wconf 71' lang='lat' dir='ltr'><strong>contra</strong></span> <span class='ocrx_word' id='word_1_523' title='bbox 696 4217 872 4286; x_wconf 83' lang='lat' dir='ltr'><strong>ignem</strong></span> <span class='ocrx_word' id='word_1_524' title='bbox 924 4213 1199 4275; x_wconf 90' lang='lat' dir='ltr'><strong>mentitur,</strong></span> <span class='ocrx_word' id='word_1_525' title='bbox 1226 4211 1432 4267; x_wconf 87' lang='lat' dir='ltr'><strong>faciens</strong></span> <span class='ocrx_word' id='word_1_526' title='bbox 1461 4209 1515 4264; x_wconf 92' lang='lat' dir='ltr'><strong>in</strong></span> <span class='ocrx_word' id='word_1_527' title='bbox 1541 4208 1627 4264; x_wconf 88' lang='lat' dir='ltr'><strong>his</strong></span> <span class='ocrx_word' id='word_1_528' title='bbox 1676 4215 1862 4261; x_wconf 89' lang='lat' dir='ltr'><strong>contra</strong></span> <span class='ocrx_word' id='word_1_529' title='bbox 1891 4216 2053 4271; x_wconf 88' lang='lat' dir='ltr'><strong>quam</strong></span> 
     </span>
    </p>
   </div>
   <div class='ocr_carea' id='block_1_77' title="bbox 484 4294 2056 4377">
    <p class='ocr_par' dir='ltr' id='par_1_77' title="bbox 484 4294 2056 4377">
     <span class='ocr_line' id='line_1_77' title="bbox 484 4294 2056 4377; baseline -0.012 -14"><span class='ocrx_word' id='word_1_530' title='bbox 484 4312 619 4366; x_wconf 71' lang='lat' dir='ltr'><strong>vult.</strong></span> <span class='ocrx_word' id='word_1_531' title='bbox 650 4310 752 4377; x_wconf 84' lang='lat' dir='ltr'><strong>Qui</strong></span> <span class='ocrx_word' id='word_1_532' title='bbox 770 4308 913 4365; x_wconf 91' lang='lat' dir='ltr'><strong>enim</strong></span> <span class='ocrx_word' id='word_1_533' title='bbox 933 4314 1154 4363; x_wconf 88' lang='lat' dir='ltr'><strong>accusat</strong></span> <span class='ocrx_word' id='word_1_534' title='bbox 1174 4304 1474 4369; x_wconf 86' lang='lat' dir='ltr'><strong>materiam,</strong></span> <span class='ocrx_word' id='word_1_535' title='bbox 1498 4314 1658 4372; x_wconf 91' lang='lat' dir='ltr'><strong>quam</strong></span> <span class='ocrx_word' id='word_1_536' title='bbox 1678 4312 1800 4353; x_wconf 90' lang='lat' dir='ltr'><strong>esse</strong></span> <span class='ocrx_word' id='word_1_537' title='bbox 1824 4294 2056 4349; x_wconf 89' lang='lat' dir='ltr'><strong>inaniter</strong></span> 
     </span>
    </p>
   </div>
   <div class='ocr_carea' id='block_1_78' title="bbox 488 4390 2059 4474">
    <p class='ocr_par' dir='ltr' id='par_1_78' title="bbox 488 4390 2059 4474">
     <span class='ocr_line' id='line_1_78' title="bbox 488 4390 2059 4474; baseline -0.014 -17"><span class='ocrx_word' id='word_1_538' title='bbox 488 4402 659 4474; x_wconf 77' lang='lat' dir='ltr'><strong>fingit,</strong></span> <span class='ocrx_word' id='word_1_539' title='bbox 706 4416 900 4456; x_wconf 89' lang='lat' dir='ltr'><strong>rursus</strong></span> <span class='ocrx_word' id='word_1_540' title='bbox 930 4405 1153 4468; x_wconf 90' lang='lat' dir='ltr'><strong>apparet</strong></span> <span class='ocrx_word' id='word_1_541' title='bbox 1191 4404 1451 4467; x_wconf 88' lang='lat' dir='ltr'><strong>tanquam</strong></span> <span class='ocrx_word' id='word_1_542' title='bbox 1484 4391 1739 4447; x_wconf 87' lang='lat' dir='ltr'><strong>defensor</strong></span> <span class='ocrx_word' id='word_1_543' title='bbox 1772 4393 1826 4441; x_wconf 83' lang='lat' dir='ltr'><strong>et</strong></span> <span class='ocrx_word' id='word_1_544' title='bbox 1872 4390 2059 4456; x_wconf 84' lang='lat' dir='ltr'><strong>patro-</strong></span> 
     </span>
    </p>
   </div>
   <div class='ocr_carea' id='block_1_79' title="bbox 2224 3924 3725 3999">
    <p class='ocr_par' dir='ltr' id='par_1_79' title="bbox 2224 3924 3725 3999">
     <span class='ocr_line' id='line_1_79' title="bbox 2224 3924 3725 3999; baseline 0.001 -20"><span class='ocrx_word' id='word_1_545' title='bbox 2224 3925 2632 3996; x_wconf 84' lang='grc' dir='ltr'>Περιγραπτέον</span> <span class='ocrx_word' id='word_1_546' title='bbox 2679 3926 2855 3979; x_wconf 83' lang='grc' dir='ltr'>τοίνυν</span> <span class='ocrx_word' id='word_1_547' title='bbox 2902 3924 3088 3978; x_wconf 77' lang='grc' dir='ltr'>τοῦτον</span> <span class='ocrx_word' id='word_1_548' title='bbox 3120 3924 3210 3979; x_wconf 87' lang='grc' dir='ltr'><strong>τδν</strong></span> <span class='ocrx_word' id='word_1_549' title='bbox 3251 3926 3452 3997; x_wconf 81' lang='grc' dir='ltr'>τρόπον</span> <span class='ocrx_word' id='word_1_550' title='bbox 3494 3929 3589 3981; x_wconf 84' lang='grc' dir='ltr'><strong>καὶ</strong></span> <span class='ocrx_word' id='word_1_551' title='bbox 3623 3930 3725 3999; x_wconf 70' lang='grc' dir='ltr'><strong>τὴν</strong></span> 
     </span>
    </p>
   </div>
   <div class='ocr_carea' id='block_1_80' title="bbox 2156 4016 3721 4089">
    <p class='ocr_par' dir='ltr' id='par_1_80' title="bbox 2156 4016 3721 4089">
     <span class='ocr_line' id='line_1_80' title="bbox 2156 4016 3721 4089; baseline 0.001 -18"><span class='ocrx_word' id='word_1_552' title='bbox 2156 4018 2293 4071; x_wconf 80' lang='grc' dir='ltr'>κατὰ</span> <span class='ocrx_word' id='word_1_553' title='bbox 2338 4018 2446 4071; x_wconf 83' lang='grc' dir='ltr'><strong>τῶν</strong></span> <span class='ocrx_word' id='word_1_554' title='bbox 2496 4017 2808 4089; x_wconf 88' lang='grc' dir='ltr'>θανασίμων</span> <span class='ocrx_word' id='word_1_555' title='bbox 2856 4017 3160 4087; x_wconf 81' lang='grc' dir='ltr'>λεγομένων</span> <span class='ocrx_word' id='word_1_556' title='bbox 3203 4016 3436 4088; x_wconf 85' lang='grc' dir='ltr'>βοτανῶν</span> <span class='ocrx_word' id='word_1_557' title='bbox 3474 4037 3721 4089; x_wconf 75' lang='grc' dir='ltr'>κατηγο·</span> 
     </span>
    </p>
   </div>
   <div class='ocr_carea' id='block_1_81' title="bbox 2158 4105 3714 4181">
    <p class='ocr_par' dir='ltr' id='par_1_81' title="bbox 2158 4105 3714 4181">
     <span class='ocr_line' id='line_1_81' title="bbox 2158 4105 3714 4181; baseline 0 -20"><span class='ocrx_word' id='word_1_558' title='bbox 2158 4108 2279 4181; x_wconf 90' lang='grc' dir='ltr'>ρίαν</span> <span class='ocrx_word' id='word_1_559' title='bbox 2326 4107 2404 4179; x_wconf 84' lang='grc' dir='ltr'><strong>τῷ</strong></span> <span class='ocrx_word' id='word_1_560' title='bbox 2448 4109 2684 4162; x_wconf 84' lang='grc' dir='ltr'>Μάνεντι</span> <span class='ocrx_word' id='word_1_561' title='bbox 2737 4107 2913 4161; x_wconf 84' lang='grc' dir='ltr'>πάντα</span> <span class='ocrx_word' id='word_1_562' title='bbox 2967 4105 3272 4160; x_wconf 67' lang='grc' dir='ltr'>διαϐάλλειν</span> <span class='ocrx_word' id='word_1_563' title='bbox 3325 4110 3673 4162; x_wconf 65' lang='grc' dir='ltr'>ἐσπουδακότι</span> <span class='ocrx_word' id='word_1_564' title='bbox 3698 4127 3714 4139; x_wconf 65' lang='grc' dir='ltr'><strong>ν</strong></span> 
     </span>
    </p>
   </div>
   <div class='ocr_carea' id='block_1_82' title="bbox 2155 4196 3717 4271">
    <p class='ocr_par' dir='ltr' id='par_1_82' title="bbox 2155 4196 3717 4271">
     <span class='ocr_line' id='line_1_82' title="bbox 2155 4196 3717 4271; baseline 0.001 -21"><span class='ocrx_word' id='word_1_565' title='bbox 2155 4196 2297 4250; x_wconf 74' lang='grc' dir='ltr'>οὕτω</span> <span class='ocrx_word' id='word_1_566' title='bbox 2351 4197 2459 4269; x_wconf 81' lang='grc' dir='ltr'><strong>γὰρ</strong></span> <span class='ocrx_word' id='word_1_567' title='bbox 2512 4198 2604 4251; x_wconf 73' lang='grc' dir='ltr'>καὶ</span> <span class='ocrx_word' id='word_1_568' title='bbox 2670 4197 2886 4268; x_wconf 80' lang='grc' dir='ltr'>σιδήρου</span> <span class='ocrx_word' id='word_1_569' title='bbox 2939 4197 3034 4251; x_wconf 74' lang='grc' dir='ltr'><strong>καὶ</strong></span> <span class='ocrx_word' id='word_1_570' title='bbox 3084 4198 3255 4271; x_wconf 72' lang='grc' dir='ltr'>πυρὸς</span> <span class='ocrx_word' id='word_1_571' title='bbox 3308 4197 3717 4267; x_wconf 66' lang='grc' dir='ltr'>καταψεύδεται,</span> 
     </span>
    </p>
   </div>
   <div class='ocr_carea' id='block_1_83' title="bbox 2156 4284 3724 4360">
    <p class='ocr_par' dir='ltr' id='par_1_83' title="bbox 2156 4284 3724 4360">
     <span class='ocr_line' id='line_1_83' title="bbox 2156 4284 3724 4360; baseline 0.001 -19"><span class='ocrx_word' id='word_1_572' title='bbox 2156 4290 2462 4343; x_wconf 79' lang='grc' dir='ltr'>τούναντίον</span> <span class='ocrx_word' id='word_1_573' title='bbox 2493 4287 2661 4342; x_wconf 87' lang='grc' dir='ltr'>ποιῶν</span> <span class='ocrx_word' id='word_1_574' title='bbox 2694 4290 2788 4343; x_wconf 75' lang='grc' dir='ltr'>καὶ</span> <span class='ocrx_word' id='word_1_575' title='bbox 2820 4291 2878 4341; x_wconf 82' lang='grc' dir='ltr'>ὲν</span> <span class='ocrx_word' id='word_1_576' title='bbox 2906 4289 3135 4355; x_wconf 80' lang='grc' dir='ltr'>τούτοις,</span> <span class='ocrx_word' id='word_1_577' title='bbox 3179 4284 3239 4343; x_wconf 76' lang='grc' dir='ltr'><strong>οὗ</strong></span> <span class='ocrx_word' id='word_1_578' title='bbox 3275 4290 3543 4360; x_wconf 74' lang='grc' dir='ltr'>βούλεται·</span> <span class='ocrx_word' id='word_1_579' title='bbox 3582 4308 3724 4343; x_wconf 88' lang='grc' dir='ltr'>κατ-</span> 
     </span>
    </p>
   </div>
   <div class='ocr_carea' id='block_1_84' title="bbox 2157 4378 3728 4453">
    <p class='ocr_par' dir='ltr' id='par_1_84' title="bbox 2157 4378 3728 4453">
     <span class='ocr_line' id='line_1_84' title="bbox 2157 4378 3728 4453; baseline 0.001 -20"><span class='ocrx_word' id='word_1_580' title='bbox 2157 4379 2370 4453; x_wconf 87' lang='grc' dir='ltr'>ηγορῶν</span> <span class='ocrx_word' id='word_1_581' title='bbox 2428 4378 2536 4451; x_wconf 84' lang='grc' dir='ltr'>γὰρ</span> <span class='ocrx_word' id='word_1_582' title='bbox 2565 4379 2666 4449; x_wconf 81' lang='grc' dir='ltr'>τῆς</span> <span class='ocrx_word' id='word_1_583' title='bbox 2697 4378 2848 4451; x_wconf 77' lang='grc' dir='ltr'>ὕλης,</span> <span class='ocrx_word' id='word_1_584' title='bbox 2881 4382 2947 4451; x_wconf 76' lang='grc' dir='ltr'>ἣν</span> <span class='ocrx_word' id='word_1_585' title='bbox 2991 4378 3129 4435; x_wconf 80' lang='grc' dir='ltr'>εἶναι</span> <span class='ocrx_word' id='word_1_586' title='bbox 3170 4384 3344 4453; x_wconf 85' lang='grc' dir='ltr'>μάτην</span> <span class='ocrx_word' id='word_1_587' title='bbox 3372 4383 3728 4453; x_wconf 75' lang='grc' dir='ltr'>φαντάζεται,</span> 
     </span>
    </p>
   </div>
   <div class='ocr_carea' id='block_1_85' title="bbox 489 4468 2064 4563">
    <p class='ocr_par' dir='ltr' id='par_1_85' title="bbox 489 4478 2051 4563">
     <span class='ocr_line' id='line_1_85' title="bbox 489 4478 2051 4563; baseline -0.015 -13"><span class='ocrx_word' id='word_1_588' title='bbox 489 4511 595 4551; x_wconf 81' lang='lat' dir='ltr'><strong>nus</strong></span> <span class='ocrx_word' id='word_1_589' title='bbox 624 4495 764 4563; x_wconf 86' lang='lat' dir='ltr'><strong>ejus,</strong></span> <span class='ocrx_word' id='word_1_590' title='bbox 798 4493 876 4550; x_wconf 90' lang='lat' dir='ltr'><strong>eis</strong></span> <span class='ocrx_word' id='word_1_591' title='bbox 905 4506 1239 4547; x_wconf 82' lang='lat' dir='ltr'><strong>succensens</strong></span> <span class='ocrx_word' id='word_1_592' title='bbox 1281 4496 1547 4557; x_wconf 89' lang='lat' dir='ltr'><strong>tanquam</strong></span> <span class='ocrx_word' id='word_1_593' title='bbox 1579 4481 1740 4536; x_wconf 90' lang='lat' dir='ltr'><strong>malis</strong></span> <span class='ocrx_word' id='word_1_594' title='bbox 1772 4478 1865 4548; x_wconf 92' lang='lat' dir='ltr'><strong>qui</strong></span> <span class='ocrx_word' id='word_1_595' title='bbox 1904 4482 2051 4530; x_wconf 81' lang='lat' dir='ltr'><strong>male</strong></span> 
     </span>
    </p>
   </div>
   <div class='ocr_carea' id='block_1_86' title="bbox 2155 4468 3733 4563">
    <p class='ocr_par' dir='ltr' id='par_1_86' title="bbox 2160 4468 3733 4546">
     <span class='ocr_line' id='line_1_86' title="bbox 2160 4468 3733 4546; baseline 0.003 -22"><span class='ocrx_word' id='word_1_596' title='bbox 2160 4468 2313 4534; x_wconf 77' lang='grc' dir='ltr'>αὖθις</span> <span class='ocrx_word' id='word_1_597' title='bbox 2344 4471 2532 4543; x_wconf 84' lang='grc' dir='ltr'>ὥσπερ</span> <span class='ocrx_word' id='word_1_598' title='bbox 2584 4488 2667 4535; x_wconf 85' lang='grc' dir='ltr'><strong>τις</strong></span> <span class='ocrx_word' id='word_1_599' title='bbox 2718 4472 3028 4544; x_wconf 78' lang='grc' dir='ltr'>προστάτης</span> <span class='ocrx_word' id='word_1_600' title='bbox 3072 4475 3165 4527; x_wconf 78' lang='grc' dir='ltr'>καὶ</span> <span class='ocrx_word' id='word_1_601' title='bbox 3209 4477 3509 4546; x_wconf 76' lang='grc' dir='ltr'>συνήγορος</span> <span class='ocrx_word' id='word_1_602' title='bbox 3563 4477 3733 4545; x_wconf 74' lang='grc' dir='ltr'>αὐτῆς</span> 
     </span>
    </p>
   </div>
   <div class='ocr_carea' id='block_1_87' title="bbox 489 4568 2054 4645">
    <p class='ocr_par' dir='ltr' id='par_1_87' title="bbox 489 4568 2054 4645">
     <span class='ocr_line' id='line_1_87' title="bbox 489 4568 2054 4645; baseline -0.015 -3"><span class='ocrx_word' id='word_1_603' title='bbox 489 4589 625 4642; x_wconf 84' lang='lat' dir='ltr'><strong>riam</strong></span> <span class='ocrx_word' id='word_1_604' title='bbox 661 4591 992 4642; x_wconf 89' lang='lat' dir='ltr'><strong>consumunt</strong></span> <span class='ocrx_word' id='word_1_605' title='bbox 1024 4604 1037 4639; x_wconf 88' lang='lat'><strong>:</strong></span> <span class='ocrx_word' id='word_1_606' title='bbox 1069 4581 1273 4637; x_wconf 84' lang='lat' dir='ltr'><strong>ferrum</strong></span> <span class='ocrx_word' id='word_1_607' title='bbox 1312 4587 1492 4634; x_wconf 88' lang='lat' dir='ltr'><strong>autem</strong></span> <span class='ocrx_word' id='word_1_608' title='bbox 1520 4585 1575 4631; x_wconf 93' lang='lat' dir='ltr'><strong>et</strong></span> <span class='ocrx_word' id='word_1_609' title='bbox 1614 4573 1755 4645; x_wconf 90' lang='lat' dir='ltr'><strong>ignis</strong></span> <span class='ocrx_word' id='word_1_610' title='bbox 1790 4568 2054 4625; x_wconf 83' lang='lat' dir='ltr'><strong>seminata</strong></span> 
     </span>
    </p>
   </div>
   <div class='ocr_carea' id='block_1_88' title="bbox 490 4668 2057 4748">
    <p class='ocr_par' dir='ltr' id='par_1_88' title="bbox 490 4668 2057 4748">
     <span class='ocr_line' id='line_1_88' title="bbox 490 4668 2057 4748; baseline -0.016 -12"><span class='ocrx_word' id='word_1_611' title='bbox 490 4688 619 4737; x_wconf 89' lang='lat' dir='ltr'><strong>sunt</strong></span> <span class='ocrx_word' id='word_1_612' title='bbox 640 4682 695 4736; x_wconf 92' lang='lat' dir='ltr'><strong>in</strong></span> <span class='ocrx_word' id='word_1_613' title='bbox 728 4689 872 4734; x_wconf 88' lang='lat' dir='ltr'><strong>terra</strong></span> <span class='ocrx_word' id='word_1_614' title='bbox 903 4680 969 4733; x_wconf 90' lang='lat' dir='ltr'><strong>ab</strong></span> <span class='ocrx_word' id='word_1_615' title='bbox 1008 4677 1125 4748; x_wconf 89' lang='lat' dir='ltr'><strong>ipso</strong></span> <span class='ocrx_word' id='word_1_616' title='bbox 1152 4674 1340 4731; x_wconf 90' lang='lat' dir='ltr'><strong>mundi</strong></span> <span class='ocrx_word' id='word_1_617' title='bbox 1371 4672 1639 4734; x_wconf 84' lang='lat' dir='ltr'><strong>Auctore;</strong></span> <span class='ocrx_word' id='word_1_618' title='bbox 1677 4668 1893 4720; x_wconf 88' lang='lat' dir='ltr'><strong>inventa</strong></span> <span class='ocrx_word' id='word_1_619' title='bbox 1928 4672 2057 4714; x_wconf 82' lang='lat' dir='ltr'><strong>vero</strong></span> 
     </span>
    </p>
   </div>
   <div class='ocr_carea' id='block_1_89' title="bbox 491 4750 2060 4830">
    <p class='ocr_par' dir='ltr' id='par_1_89' title="bbox 491 4750 2060 4830">
     <span class='ocr_line' id='line_1_89' title="bbox 491 4750 2060 4830; baseline -0.015 -2"><span class='ocrx_word' id='word_1_620' title='bbox 491 4781 620 4828; x_wconf 90' lang='lat' dir='ltr'><strong>sunt</strong></span> <span class='ocrx_word' id='word_1_621' title='bbox 657 4774 865 4828; x_wconf 87' lang='lat' dir='ltr'><strong>ratione</strong></span> <span class='ocrx_word' id='word_1_622' title='bbox 897 4771 966 4825; x_wconf 89' lang='lat' dir='ltr'><strong>ab</strong></span> <span class='ocrx_word' id='word_1_623' title='bbox 1006 4769 1248 4830; x_wconf 89' lang='lat' dir='ltr'><strong>homine,</strong></span> <span class='ocrx_word' id='word_1_624' title='bbox 1298 4766 1352 4821; x_wconf 88' lang='lat' dir='ltr'><strong>id</strong></span> <span class='ocrx_word' id='word_1_625' title='bbox 1386 4764 1496 4818; x_wconf 87' lang='lat' dir='ltr'><strong>Deo</strong></span> <span class='ocrx_word' id='word_1_626' title='bbox 1535 4758 1890 4815; x_wconf 89' lang='lat' dir='ltr'><strong>concedente.</strong></span> <span class='ocrx_word' id='word_1_627' title='bbox 1930 4750 2060 4805; x_wconf 81' lang='lat' dir='ltr'><strong>Sine</strong></span> 
     </span>
    </p>
   </div>
   <div class='ocr_carea' id='block_1_90' title="bbox 493 4850 1914 4935">
    <p class='ocr_par' dir='ltr' id='par_1_90' title="bbox 493 4850 1914 4935">
     <span class='ocr_line' id='line_1_90' title="bbox 493 4850 1914 4935; baseline -0.016 -13"><span class='ocrx_word' id='word_1_628' title='bbox 493 4868 580 4922; x_wconf 83' lang='lat' dir='ltr'><strong>his</strong></span> <span class='ocrx_word' id='word_1_629' title='bbox 608 4874 791 4921; x_wconf 89' lang='lat' dir='ltr'><strong>autem</strong></span> <span class='ocrx_word' id='word_1_630' title='bbox 819 4864 1036 4935; x_wconf 90' lang='lat' dir='ltr'><strong>penitus</strong></span> <span class='ocrx_word' id='word_1_631' title='bbox 1072 4875 1264 4915; x_wconf 83' lang='lat' dir='ltr'><strong>manca</strong></span> <span class='ocrx_word' id='word_1_632' title='bbox 1287 4866 1434 4914; x_wconf 88' lang='lat' dir='ltr'><strong>esset</strong></span> <span class='ocrx_word' id='word_1_633' title='bbox 1464 4856 1575 4909; x_wconf 90' lang='lat' dir='ltr'><strong>vita</strong></span> <span class='ocrx_word' id='word_1_634' title='bbox 1606 4850 1914 4906; x_wconf 88' lang='lat' dir='ltr'><strong>hominum.</strong></span> 
     </span>
    </p>
   </div>
   <div class='ocr_carea' id='block_1_91' title="bbox 564 5019 2059 5106">
    <p class='ocr_par' dir='ltr' id='par_1_91' title="bbox 564 5019 2059 5106">
     <span class='ocr_line' id='line_1_91' title="bbox 564 5019 2059 5106; baseline -0.015 -15"><span class='ocrx_word' id='word_1_635' title='bbox 564 5036 777 5093; x_wconf 84' lang='lat' dir='ltr'><strong>Etenim</strong></span> <span class='ocrx_word' id='word_1_636' title='bbox 828 5035 873 5091; x_wconf 91' lang='lat' dir='ltr'><strong>si</strong></span> <span class='ocrx_word' id='word_1_637' title='bbox 921 5033 1187 5106; x_wconf 81' lang='lat' dir='ltr'><strong>judicavit</strong></span> <span class='ocrx_word' id='word_1_638' title='bbox 1234 5030 1569 5086; x_wconf 72' lang='lat' dir='ltr'><strong>Manichacus</strong></span> <span class='ocrx_word' id='word_1_639' title='bbox 1610 5019 1867 5081; x_wconf 84' lang='lat' dir='ltr'><strong>nocentia</strong></span> <span class='ocrx_word' id='word_1_640' title='bbox 1916 5030 2059 5081; x_wconf 89' lang='lat' dir='ltr'><strong>esse,</strong></span> 
     </span>
    </p>
   </div>
   <div class='ocr_carea' id='block_1_92' title="bbox 495 5118 2061 5201">
    <p class='ocr_par' dir='ltr' id='par_1_92' title="bbox 495 5118 2061 5201">
     <span class='ocr_line' id='line_1_92' title="bbox 495 5118 2061 5201; baseline -0.008 -16"><span class='ocrx_word' id='word_1_641' title='bbox 495 5131 623 5201; x_wconf 85' lang='lat' dir='ltr'><strong>quia</strong></span> <span class='ocrx_word' id='word_1_642' title='bbox 648 5136 977 5185; x_wconf 90' lang='lat' dir='ltr'><strong>consumunt</strong></span> <span class='ocrx_word' id='word_1_643' title='bbox 1004 5135 1058 5183; x_wconf 89' lang='lat' dir='ltr'><strong>et</strong></span> <span class='ocrx_word' id='word_1_644' title='bbox 1088 5126 1409 5189; x_wconf 82' lang='lat' dir='ltr'><strong>interimunt</strong></span> <span class='ocrx_word' id='word_1_645' title='bbox 1448 5135 1679 5193; x_wconf 88' lang='lat' dir='ltr'><strong>corpora</strong></span> <span class='ocrx_word' id='word_1_646' title='bbox 1697 5118 1842 5175; x_wconf 90' lang='lat' dir='ltr'><strong>ferro</strong></span> <span class='ocrx_word' id='word_1_647' title='bbox 1863 5126 1917 5176; x_wconf 91' lang='lat' dir='ltr'><strong>et</strong></span> <span class='ocrx_word' id='word_1_648' title='bbox 1952 5120 2061 5191; x_wconf 87' lang='lat' dir='ltr'><strong>igni</strong></span> 
     </span>
    </p>
   </div>
   <div class='ocr_carea' id='block_1_93' title="bbox 496 5213 2065 5294">
    <p class='ocr_par' dir='ltr' id='par_1_93' title="bbox 496 5213 2065 5294">
     <span class='ocr_line' id='line_1_93' title="bbox 496 5213 2065 5294; baseline -0.009 -15"><span class='ocrx_word' id='word_1_649' title='bbox 496 5226 713 5293; x_wconf 70' lang='lat' dir='ltr'><strong>objecta</strong></span> <span class='ocrx_word' id='word_1_650' title='bbox 740 5262 755 5288; x_wconf 93' lang='lat'><strong>,</strong></span> <span class='ocrx_word' id='word_1_651' title='bbox 796 5230 1001 5294; x_wconf 88' lang='lat' dir='ltr'><strong>quanto</strong></span> <span class='ocrx_word' id='word_1_652' title='bbox 1038 5221 1212 5292; x_wconf 79' lang='lat' dir='ltr'><strong>magis</strong></span> <span class='ocrx_word' id='word_1_653' title='bbox 1246 5217 1587 5290; x_wconf 88' lang='lat' dir='ltr'><strong>apparebunt</strong></span> <span class='ocrx_word' id='word_1_654' title='bbox 1634 5214 1787 5268; x_wconf 89' lang='lat' dir='ltr'><strong>utilia</strong></span> <span class='ocrx_word' id='word_1_655' title='bbox 1824 5218 1878 5268; x_wconf 88' lang='lat' dir='ltr'><strong>et</strong></span> <span class='ocrx_word' id='word_1_656' title='bbox 1914 5213 2065 5268; x_wconf 91' lang='lat' dir='ltr'><strong>salu-</strong></span> 
     </span>
    </p>
   </div>
   <div class='ocr_carea' id='block_1_94' title="bbox 495 5303 2058 5388">
    <p class='ocr_par' dir='ltr' id='par_1_94' title="bbox 495 5303 2058 5388">
     <span class='ocr_line' id='line_1_94' title="bbox 495 5303 2058 5388; baseline -0.012 -15"><span class='ocrx_word' id='word_1_657' title='bbox 495 5320 638 5373; x_wconf 83' lang='lat' dir='ltr'><strong>taria</strong></span> <span class='ocrx_word' id='word_1_658' title='bbox 673 5323 895 5388; x_wconf 88' lang='lat' dir='ltr'><strong>propter</strong></span> <span class='ocrx_word' id='word_1_659' title='bbox 926 5330 1083 5370; x_wconf 90' lang='lat' dir='ltr'><strong>usum</strong></span> <span class='ocrx_word' id='word_1_660' title='bbox 1129 5328 1289 5369; x_wconf 88' lang='lat' dir='ltr'><strong>suum</strong></span> <span class='ocrx_word' id='word_1_661' title='bbox 1341 5311 1407 5365; x_wconf 89' lang='lat' dir='ltr'><strong>ad</strong></span> <span class='ocrx_word' id='word_1_662' title='bbox 1435 5307 1620 5364; x_wconf 87' lang='lat' dir='ltr'><strong>omnia</strong></span> <span class='ocrx_word' id='word_1_663' title='bbox 1666 5303 2058 5360; x_wconf 91' lang='lat' dir='ltr'><strong>necessarium.</strong></span> 
     </span>
    </p>
   </div>
   <div class='ocr_carea' id='block_1_95' title="bbox 502 5395 2063 5467">
    <p class='ocr_par' dir='ltr' id='par_1_95' title="bbox 502 5395 2063 5467">
     <span class='ocr_line' id='line_1_95' title="bbox 502 5395 2063 5467; baseline -0.01 -3"><span class='ocrx_word' id='word_1_664' title='bbox 502 5408 561 5466; x_wconf 87' lang='lat' dir='ltr'><strong>Si</strong></span> <span class='ocrx_word' id='word_1_665' title='bbox 590 5427 720 5467; x_wconf 88' lang='lat' dir='ltr'><strong>vero</strong></span> <span class='ocrx_word' id='word_1_666' title='bbox 752 5410 935 5467; x_wconf 89' lang='lat' dir='ltr'><strong>ab&#39;dita</strong></span> <span class='ocrx_word' id='word_1_667' title='bbox 993 5417 1123 5466; x_wconf 89' lang='lat' dir='ltr'><strong>sunt</strong></span> <span class='ocrx_word' id='word_1_668' title='bbox 1169 5415 1225 5464; x_wconf 91' lang='lat' dir='ltr'><strong>et</strong></span> <span class='ocrx_word' id='word_1_669' title='bbox 1264 5406 1487 5462; x_wconf 89' lang='lat' dir='ltr'><strong>latentia</strong></span> <span class='ocrx_word' id='word_1_670' title='bbox 1516 5405 1572 5459; x_wconf 90' lang='lat' dir='ltr'><strong>in</strong></span> <span class='ocrx_word' id='word_1_671' title='bbox 1607 5401 1813 5456; x_wconf 88' lang='lat' dir='ltr'><strong>fabrica</strong></span> <span class='ocrx_word' id='word_1_672' title='bbox 1853 5395 2063 5463; x_wconf 88' lang='lat' dir='ltr'><strong>mundi,</strong></span> 
     </span>
    </p>
   </div>
   <div class='ocr_carea' id='block_1_96' title="bbox 502 5489 2067 5573">
    <p class='ocr_par' dir='ltr' id='par_1_96' title="bbox 502 5489 2067 5573">
     <span class='ocr_line' id='line_1_96' title="bbox 502 5489 2067 5573; baseline -0.008 -18"><span class='ocrx_word' id='word_1_673' title='bbox 502 5500 618 5557; x_wconf 68' lang='lat' dir='ltr'><strong>hanc</strong></span> <span class='ocrx_word' id='word_1_674' title='bbox 670 5510 849 5557; x_wconf 89' lang='lat' dir='ltr'><strong>autem</strong></span> <span class='ocrx_word' id='word_1_675' title='bbox 899 5518 930 5557; x_wconf 89' lang='lat' dir='ltr'><strong>a</strong></span> <span class='ocrx_word' id='word_1_676' title='bbox 971 5500 1244 5573; x_wconf 83' lang='lat' dir='ltr'><strong>principio</strong></span> <span class='ocrx_word' id='word_1_677' title='bbox 1294 5498 1433 5552; x_wconf 87' lang='lat' dir='ltr'><strong>ratio</strong></span> <span class='ocrx_word' id='word_1_678' title='bbox 1486 5494 1725 5550; x_wconf 90' lang='lat' dir='ltr'><strong>hominis</strong></span> <span class='ocrx_word' id='word_1_679' title='bbox 1757 5489 2067 5554; x_wconf 84' lang='lat' dir='ltr'><strong>adinvenit;</strong></span> 
     </span>
    </p>
   </div>
   <div class='ocr_carea' id='block_1_97' title="bbox 502 5583 2071 5665">
    <p class='ocr_par' dir='ltr' id='par_1_97' title="bbox 502 5583 2071 5665">
     <span class='ocr_line' id='line_1_97' title="bbox 502 5583 2071 5665; baseline -0.006 -18"><span class='ocrx_word' id='word_1_680' title='bbox 502 5594 589 5647; x_wconf 83' lang='lat' dir='ltr'><strong>cui</strong></span> <span class='ocrx_word' id='word_1_681' title='bbox 615 5595 1014 5665; x_wconf 86' lang='lat' dir='ltr'><strong>assignabimus</strong></span> <span class='ocrx_word' id='word_1_682' title='bbox 1032 5594 1295 5648; x_wconf 89' lang='lat' dir='ltr'><strong>rationem</strong></span> <span class='ocrx_word' id='word_1_683' title='bbox 1324 5588 1558 5645; x_wconf 89' lang='lat' dir='ltr'><strong>hominis</strong></span> <span class='ocrx_word' id='word_1_684' title='bbox 1582 5589 1772 5641; x_wconf 89' lang='lat' dir='ltr'><strong>horum</strong></span> <span class='ocrx_word' id='word_1_685' title='bbox 1808 5583 2071 5641; x_wconf 88' lang='lat' dir='ltr'><strong>inventri-</strong></span> 
     </span>
    </p>
   </div>
   <div class='ocr_carea' id='block_1_98' title="bbox 504 5677 2068 5755">
    <p class='ocr_par' dir='ltr' id='par_1_98' title="bbox 504 5677 2068 5755">
     <span class='ocr_line' id='line_1_98' title="bbox 504 5677 2068 5755; baseline -0.003 -20"><span class='ocrx_word' id='word_1_686' title='bbox 504 5696 622 5737; x_wconf 80' lang='lat' dir='ltr'><strong>cem</strong></span> <span class='ocrx_word' id='word_1_687' title='bbox 646 5682 669 5736; x_wconf 82' lang='lat'><strong>?</strong></span> <span class='ocrx_word' id='word_1_688' title='bbox 696 5698 765 5736; x_wconf 91' lang='lat' dir='ltr'><strong>an</strong></span> <span class='ocrx_word' id='word_1_689' title='bbox 792 5684 1046 5755; x_wconf 72' lang='lat' dir='ltr'><strong>nequitiae</strong></span> <span class='ocrx_word' id='word_1_690' title='bbox 1075 5694 1128 5739; x_wconf 92' lang='lat' dir='ltr'><strong>et</strong></span> <span class='ocrx_word' id='word_1_691' title='bbox 1153 5682 1394 5736; x_wconf 75' lang='lat' dir='ltr'><strong>materia:</strong></span> <span class='ocrx_word' id='word_1_692' title='bbox 1422 5695 1542 5749; x_wconf 73' lang='lat' dir='ltr'><strong>quae</strong></span> <span class='ocrx_word' id='word_1_693' title='bbox 1566 5677 1926 5749; x_wconf 85' lang='lat' dir='ltr'><strong>cognitionem</strong></span> <span class='ocrx_word' id='word_1_694' title='bbox 1959 5690 2068 5730; x_wconf 91' lang='lat' dir='ltr'><strong>non</strong></span> 
     </span>
    </p>
   </div>
   <div class='ocr_carea' id='block_1_99' title="bbox 508 5768 2068 5842">
    <p class='ocr_par' dir='ltr' id='par_1_99' title="bbox 508 5768 2068 5842">
     <span class='ocr_line' id='line_1_99' title="bbox 508 5768 2068 5842; baseline -0.005 -14"><span class='ocrx_word' id='word_1_695' title='bbox 508 5772 689 5842; x_wconf 82' lang='lat' dir='ltr'><strong>habet,</strong></span> <span class='ocrx_word' id='word_1_696' title='bbox 719 5784 780 5829; x_wconf 90' lang='lat' dir='ltr'><strong>ut</strong></span> <span class='ocrx_word' id='word_1_697' title='bbox 817 5775 1145 5829; x_wconf 67' lang='lat' dir='ltr'><strong>Mauichmus</strong></span> <span class='ocrx_word' id='word_1_698' title='bbox 1191 5780 1274 5828; x_wconf 88' lang='lat' dir='ltr'><strong>est</strong></span> <span class='ocrx_word' id='word_1_699' title='bbox 1307 5778 1517 5837; x_wconf 82' lang='lat' dir='ltr'><strong>auctor,</strong></span> <span class='ocrx_word' id='word_1_700' title='bbox 1550 5784 1619 5824; x_wconf 87' lang='lat' dir='ltr'><strong>an</strong></span> <span class='ocrx_word' id='word_1_701' title='bbox 1674 5768 1816 5825; x_wconf 84' lang='lat' dir='ltr'><strong>Deo?</strong></span> <span class='ocrx_word' id='word_1_702' title='bbox 1844 5768 1912 5821; x_wconf 85' lang='lat' dir='ltr'><strong>At</strong></span> <span class='ocrx_word' id='word_1_703' title='bbox 1955 5781 2068 5837; x_wconf 88' lang='lat' dir='ltr'><strong>per-</strong></span> 
     </span>
    </p>
   </div>
   <div class='ocr_carea' id='block_1_100' title="bbox 2159 4564 3734 4639">
    <p class='ocr_par' dir='ltr' id='par_1_100' title="bbox 2159 4564 3734 4639">
     <span class='ocr_line' id='line_1_100' title="bbox 2159 4564 3734 4639; baseline 0.002 -21"><span class='ocrx_word' id='word_1_704' title='bbox 2159 4564 2506 4635; x_wconf 84' lang='grc' dir='ltr'>ἀναφέρεται,</span> <span class='ocrx_word' id='word_1_705' title='bbox 2535 4566 2646 4628; x_wconf 87' lang='grc' dir='ltr'>τοῖς</span> <span class='ocrx_word' id='word_1_706' title='bbox 2676 4580 2739 4632; x_wconf 89' lang='grc' dir='ltr'><strong>γε</strong></span> <span class='ocrx_word' id='word_1_707' title='bbox 2793 4564 3071 4619; x_wconf 83' lang='grc' dir='ltr'>δαπανῶσι</span> <span class='ocrx_word' id='word_1_708' title='bbox 3117 4566 3214 4638; x_wconf 79' lang='grc' dir='ltr'>τὴν</span> <span class='ocrx_word' id='word_1_709' title='bbox 3257 4566 3390 4639; x_wconf 70' lang='grc' dir='ltr'>ὓλην</span> <span class='ocrx_word' id='word_1_710' title='bbox 3424 4568 3498 4631; x_wconf 84' lang='grc' dir='ltr'><strong>ὡς</strong></span> <span class='ocrx_word' id='word_1_711' title='bbox 3543 4571 3734 4630; x_wconf 59' lang='grc' dir='ltr'>κακῶς</span> 
     </span>
    </p>
   </div>
   <div class='ocr_carea' id='block_1_101' title="bbox 2156 4656 3733 4731">
    <p class='ocr_par' dir='ltr' id='par_1_101' title="bbox 2156 4656 3733 4731">
     <span class='ocr_line' id='line_1_101' title="bbox 2156 4656 3733 4731; baseline 0 -20"><span class='ocrx_word' id='word_1_712' title='bbox 2156 4658 2627 4728; x_wconf 80' lang='grc' dir='ltr'>ἀπεχθανόμενος’</span> <span class='ocrx_word' id='word_1_713' title='bbox 2686 4656 2901 4730; x_wconf 85' lang='grc' dir='ltr'>σίδηρος</span> <span class='ocrx_word' id='word_1_714' title='bbox 2946 4657 3004 4711; x_wconf 81' lang='grc' dir='ltr'>δὲ</span> <span class='ocrx_word' id='word_1_715' title='bbox 3057 4659 3151 4712; x_wconf 79' lang='grc' dir='ltr'>καὶ</span> <span class='ocrx_word' id='word_1_716' title='bbox 3200 4658 3311 4730; x_wconf 75' lang='grc' dir='ltr'>πῦρ</span> <span class='ocrx_word' id='word_1_717' title='bbox 3357 4660 3733 4731; x_wconf 75' lang='grc' dir='ltr'>κατέσπαρται</span> 
     </span>
    </p>
   </div>
   <div class='ocr_carea' id='block_1_102' title="bbox 2162 4734 3735 4824">
    <p class='ocr_par' dir='ltr' id='par_1_102' title="bbox 2162 4734 3735 4824">
     <span class='ocr_line' id='line_1_102' title="bbox 2162 4734 3735 4824; baseline 0.002 -22"><span class='ocrx_word' id='word_1_718' title='bbox 2162 4734 2260 4820; x_wconf 65' lang='grc' dir='ltr'><strong>μῖεν</strong></span> <span class='ocrx_word' id='word_1_719' title='bbox 2308 4753 2364 4804; x_wconf 83' lang='grc' dir='ltr'><strong>ὲν</strong></span> <span class='ocrx_word' id='word_1_720' title='bbox 2416 4753 2486 4822; x_wconf 82' lang='grc' dir='ltr'>γῇ</span> <span class='ocrx_word' id='word_1_721' title='bbox 2554 4749 2690 4823; x_wconf 77' lang='grc' dir='ltr'>πρὸς</span> <span class='ocrx_word' id='word_1_722' title='bbox 2740 4749 2834 4803; x_wconf 77' lang='grc' dir='ltr'>τοῦ</span> <span class='ocrx_word' id='word_1_723' title='bbox 2889 4750 3420 4823; x_wconf 78' lang='grc' dir='ltr'>δημιουργήσαντος·</span> <span class='ocrx_word' id='word_1_724' title='bbox 3469 4750 3735 4824; x_wconf 76' lang='grc' dir='ltr'>ἐξευρέθη</span> 
     </span>
    </p>
   </div>
   <div class='ocr_carea' id='block_1_103' title="bbox 2158 4837 3735 4914">
    <p class='ocr_par' dir='ltr' id='par_1_103' title="bbox 2158 4837 3735 4914">
     <span class='ocr_line' id='line_1_103' title="bbox 2158 4837 3735 4914; baseline 0.001 -22"><span class='ocrx_word' id='word_1_725' title='bbox 2158 4837 2215 4892; x_wconf 82' lang='grc' dir='ltr'>δὲ</span> <span class='ocrx_word' id='word_1_726' title='bbox 2247 4837 2532 4911; x_wconf 83' lang='grc' dir='ltr'>ἀνθρώπου</span> <span class='ocrx_word' id='word_1_727' title='bbox 2555 4838 2797 4911; x_wconf 81' lang='grc' dir='ltr'>λογισμῷ</span> <span class='ocrx_word' id='word_1_728' title='bbox 2818 4843 2937 4894; x_wconf 84' lang='grc' dir='ltr'>κατ’</span> <span class='ocrx_word' id='word_1_729' title='bbox 2966 4843 3266 4914; x_wconf 74' lang='grc' dir='ltr'>ἐπιτροπὴν</span> <span class='ocrx_word' id='word_1_730' title='bbox 3304 4842 3442 4897; x_wconf 78' lang='grc' dir='ltr'>Θεοῦ</span> <span class='ocrx_word' id='word_1_731' title='bbox 3464 4860 3477 4873; x_wconf 87' lang='grc'><strong>·</strong></span> <span class='ocrx_word' id='word_1_732' title='bbox 3530 4843 3735 4896; x_wconf 76' lang='grc' dir='ltr'>τούτων</span> 
     </span>
    </p>
   </div>
   <div class='ocr_carea' id='block_1_104' title="bbox 2160 4930 3735 5006">
    <p class='ocr_par' dir='ltr' id='par_1_104' title="bbox 2160 4930 3735 5006">
     <span class='ocr_line' id='line_1_104' title="bbox 2160 4930 3735 5006; baseline 0.003 -23"><span class='ocrx_word' id='word_1_733' title='bbox 2160 4931 2268 5001; x_wconf 86' lang='grc' dir='ltr'><strong>γὰρ</strong></span> <span class='ocrx_word' id='word_1_734' title='bbox 2298 4931 2463 5002; x_wconf 69' lang='grc' dir='ltr'>χωρὶς</span> <span class='ocrx_word' id='word_1_735' title='bbox 2495 4930 2768 4994; x_wconf 84' lang='grc' dir='ltr'>παντελῶς</span> <span class='ocrx_word' id='word_1_736' title='bbox 2792 4931 3206 5003; x_wconf 78' lang='grc' dir='ltr'>ἠκρωτηρίαστο</span> <span class='ocrx_word' id='word_1_737' title='bbox 3228 4933 3536 5006; x_wconf 76' lang='grc' dir='ltr'>ἀνθρώποις</span> <span class='ocrx_word' id='word_1_738' title='bbox 3551 4936 3582 4986; x_wconf 83' lang='grc' dir='ltr'><strong>ὁ</strong></span> <span class='ocrx_word' id='word_1_739' title='bbox 3599 4934 3735 5005; x_wconf 82' lang='grc' dir='ltr'>βίος.</span> 
     </span>
    </p>
   </div>
   <div class='ocr_carea' id='block_1_105' title="bbox 2231 5022 3739 5096">
    <p class='ocr_par' dir='ltr' id='par_1_105' title="bbox 2231 5022 3739 5096">
     <span class='ocr_line' id='line_1_105' title="bbox 2231 5022 3739 5096; baseline 0.001 -21"><span class='ocrx_word' id='word_1_740' title='bbox 2231 5023 2294 5075; x_wconf 78' lang='lat' dir='ltr'><strong>Et</strong></span> <span class='ocrx_word' id='word_1_741' title='bbox 2325 5022 2433 5093; x_wconf 84' lang='grc' dir='ltr'><strong>γὰρ</strong></span> <span class='ocrx_word' id='word_1_742' title='bbox 2484 5022 2721 5094; x_wconf 80' lang='grc' dir='ltr'>βλαϐερὰ</span> <span class='ocrx_word' id='word_1_743' title='bbox 2774 5022 2910 5096; x_wconf 79' lang='grc' dir='ltr'>πρὸς</span> <span class='ocrx_word' id='word_1_744' title='bbox 2956 5024 3049 5078; x_wconf 73' lang='grc' dir='ltr'><strong>τοῦ</strong></span> <span class='ocrx_word' id='word_1_745' title='bbox 3097 5025 3372 5090; x_wconf 83' lang='grc' dir='ltr'>Μάνεντος</span> <span class='ocrx_word' id='word_1_746' title='bbox 3421 5027 3739 5096; x_wconf 75' lang='grc' dir='ltr'>νενόμισται</span> 
     </span>
    </p>
   </div>
   <div class='ocr_carea' id='block_1_106' title="bbox 2160 5112 3739 5188">
    <p class='ocr_par' dir='ltr' id='par_1_106' title="bbox 2160 5112 3739 5188">
     <span class='ocr_line' id='line_1_106' title="bbox 2160 5112 3739 5188; baseline 0.003 -21"><span class='ocrx_word' id='word_1_747' title='bbox 2160 5112 2239 5185; x_wconf 82' lang='grc' dir='ltr'><strong>τῷ</strong></span> <span class='ocrx_word' id='word_1_748' title='bbox 2267 5115 2647 5186; x_wconf 75' lang='grc' dir='ltr'>καταφθείρειν</span> <span class='ocrx_word' id='word_1_749' title='bbox 2673 5115 2741 5169; x_wconf 82' lang='grc' dir='ltr'><strong>τὰ</strong></span> <span class='ocrx_word' id='word_1_750' title='bbox 2773 5115 3230 5187; x_wconf 80' lang='grc' dir='ltr'>παραϐαλλόμενα</span> <span class='ocrx_word' id='word_1_751' title='bbox 3259 5116 3508 5188; x_wconf 85' lang='grc' dir='ltr'>σώματα,</span> <span class='ocrx_word' id='word_1_752' title='bbox 3554 5117 3739 5187; x_wconf 85' lang='grc' dir='ltr'>πολλῴ</span> 
     </span>
    </p>
   </div>
   <div class='ocr_carea' id='block_1_107' title="bbox 2167 5207 3736 5281">
    <p class='ocr_par' dir='ltr' id='par_1_107' title="bbox 2167 5207 3736 5281">
     <span class='ocr_line' id='line_1_107' title="bbox 2167 5207 3736 5281; baseline 0.002 -21"><span class='ocrx_word' id='word_1_753' title='bbox 2167 5207 2366 5279; x_wconf 85' lang='grc' dir='ltr'>μᾶλλον</span> <span class='ocrx_word' id='word_1_754' title='bbox 2428 5207 2678 5278; x_wconf 71' lang='grc' dir='ltr'>ὠφέλιμά</span> <span class='ocrx_word' id='word_1_755' title='bbox 2728 5226 2788 5261; x_wconf 90' lang='grc' dir='ltr'><strong>τε</strong></span> <span class='ocrx_word' id='word_1_756' title='bbox 2852 5208 2946 5262; x_wconf 75' lang='grc' dir='ltr'>καὶ</span> <span class='ocrx_word' id='word_1_757' title='bbox 3008 5211 3251 5281; x_wconf 73' lang='grc' dir='ltr'>σωτήρια</span> <span class='ocrx_word' id='word_1_758' title='bbox 3309 5212 3610 5281; x_wconf 81' lang='grc' dir='ltr'>φανήσεται</span> <span class='ocrx_word' id='word_1_759' title='bbox 3670 5213 3736 5280; x_wconf 72' lang='grc' dir='ltr'>τῇ</span> 
     </span>
    </p>
   </div>
   <div class='ocr_carea' id='block_1_108' title="bbox 2165 5300 3736 5374">
    <p class='ocr_par' dir='ltr' id='par_1_108' title="bbox 2165 5300 3736 5374">
     <span class='ocr_line' id='line_1_108' title="bbox 2165 5300 3736 5374; baseline -0.001 -17"><span class='ocrx_word' id='word_1_760' title='bbox 2165 5302 2436 5373; x_wconf 79' lang='grc' dir='ltr'>ἀναγκαίᾳ</span> <span class='ocrx_word' id='word_1_761' title='bbox 2484 5303 2678 5374; x_wconf 84' lang='grc' dir='ltr'>χρήσει</span> <span class='ocrx_word' id='word_1_762' title='bbox 2731 5300 2864 5373; x_wconf 81' lang='grc' dir='ltr'>πρὸς</span> <span class='ocrx_word' id='word_1_763' title='bbox 2914 5301 3145 5357; x_wconf 73' lang='grc' dir='ltr'>ἅπαντα.</span> <span class='ocrx_word' id='word_1_764' title='bbox 3196 5303 3262 5355; x_wconf 82' lang='grc' dir='ltr'><strong>Εἰ</strong></span> <span class='ocrx_word' id='word_1_765' title='bbox 3303 5302 3358 5356; x_wconf 81' lang='grc' dir='ltr'>δὲ</span> <span class='ocrx_word' id='word_1_766' title='bbox 3406 5302 3736 5356; x_wconf 73' lang='grc' dir='ltr'>λανθάνοντα</span> 
     </span>
    </p>
   </div>
   <div class='ocr_carea' id='block_1_109' title="bbox 2165 5395 3732 5467">
    <p class='ocr_par' dir='ltr' id='par_1_109' title="bbox 2165 5395 3732 5467">
     <span class='ocr_line' id='line_1_109' title="bbox 2165 5395 3732 5467; baseline -0.002 -17"><span class='ocrx_word' id='word_1_767' title='bbox 2165 5396 2458 5467; x_wconf 74' lang='grc' dir='ltr'>ἐνυπάρχει</span> <span class='ocrx_word' id='word_1_768' title='bbox 2494 5397 2558 5466; x_wconf 84' lang='grc' dir='ltr'>τῇ</span> <span class='ocrx_word' id='word_1_769' title='bbox 2592 5395 2939 5467; x_wconf 81' lang='grc' dir='ltr'>δημιουργίᾳ,</span> <span class='ocrx_word' id='word_1_770' title='bbox 2976 5395 3261 5467; x_wconf 84' lang='grc' dir='ltr'>ἀνθρώπου</span> <span class='ocrx_word' id='word_1_771' title='bbox 3283 5396 3343 5450; x_wconf 74' lang='grc' dir='ltr'>δὲ</span> <span class='ocrx_word' id='word_1_772' title='bbox 3385 5395 3562 5449; x_wconf 79' lang='grc' dir='ltr'>ταῦτα</span> <span class='ocrx_word' id='word_1_773' title='bbox 3588 5395 3732 5463; x_wconf 81' lang='grc' dir='ltr'>λογι-</span> 
     </span>
    </p>
   </div>
   <div class='ocr_carea' id='block_1_110' title="bbox 2168 5486 3731 5560">
    <p class='ocr_par' dir='ltr' id='par_1_110' title="bbox 2168 5486 3731 5560">
     <span class='ocr_line' id='line_1_110' title="bbox 2168 5486 3731 5560; baseline -0.004 -18"><span class='ocrx_word' id='word_1_774' title='bbox 2168 5488 2302 5560; x_wconf 77' lang='grc' dir='ltr'>σμὸς</span> <span class='ocrx_word' id='word_1_775' title='bbox 2342 5489 2443 5558; x_wconf 77' lang='grc' dir='ltr'>τὴν</span> <span class='ocrx_word' id='word_1_776' title='bbox 2473 5487 2646 5558; x_wconf 82' lang='grc' dir='ltr'>ἀρχὴν</span> <span class='ocrx_word' id='word_1_777' title='bbox 2678 5486 2888 5558; x_wconf 77' lang='grc' dir='ltr'>ἐξεῦρε,</span> <span class='ocrx_word' id='word_1_778' title='bbox 2934 5486 3038 5539; x_wconf 87' lang='grc' dir='ltr'>τίνι</span> <span class='ocrx_word' id='word_1_779' title='bbox 3073 5486 3348 5555; x_wconf 79' lang='grc' dir='ltr'>λογιστέον</span> <span class='ocrx_word' id='word_1_780' title='bbox 3378 5487 3470 5540; x_wconf 80' lang='grc' dir='ltr'>τὸν</span> <span class='ocrx_word' id='word_1_781' title='bbox 3510 5486 3731 5557; x_wconf 76' lang='grc' dir='ltr'>εὑρόντα</span> 
     </span>
    </p>
   </div>
   <div class='ocr_carea' id='block_1_111' title="bbox 2165 5573 3732 5649">
    <p class='ocr_par' dir='ltr' id='par_1_111' title="bbox 2165 5573 3732 5649">
     <span class='ocr_line' id='line_1_111' title="bbox 2165 5573 3732 5649; baseline -0.004 -17"><span class='ocrx_word' id='word_1_782' title='bbox 2165 5579 2453 5649; x_wconf 85' lang='grc' dir='ltr'>λογισμόν;</span> <span class='ocrx_word' id='word_1_783' title='bbox 2505 5573 2614 5648; x_wconf 85' lang='grc' dir='ltr'>ἆρα</span> <span class='ocrx_word' id='word_1_784' title='bbox 2651 5580 2717 5648; x_wconf 81' lang='grc' dir='ltr'>τῇ</span> <span class='ocrx_word' id='word_1_785' title='bbox 2763 5578 2835 5648; x_wconf 83' lang='grc' dir='ltr'>μὴ</span> <span class='ocrx_word' id='word_1_786' title='bbox 2871 5576 3070 5649; x_wconf 75' lang='grc' dir='ltr'>ἐχούσῃ</span> <span class='ocrx_word' id='word_1_787' title='bbox 3103 5576 3305 5646; x_wconf 81' lang='grc' dir='ltr'>γνῶσιν</span> <span class='ocrx_word' id='word_1_788' title='bbox 3349 5577 3519 5647; x_wconf 66' lang='grc' dir='ltr'>κακίᾳ</span> <span class='ocrx_word' id='word_1_789' title='bbox 3561 5594 3618 5629; x_wconf 86' lang='grc' dir='ltr'><strong>τε</strong></span> <span class='ocrx_word' id='word_1_790' title='bbox 3647 5573 3732 5627; x_wconf 76' lang='grc' dir='ltr'>καὶ</span> 
     </span>
    </p>
   </div>
   <div class='ocr_carea' id='block_1_112' title="bbox 2169 5666 3741 5743">
    <p class='ocr_par' dir='ltr' id='par_1_112' title="bbox 2169 5666 3741 5743">
     <span class='ocr_line' id='line_1_112' title="bbox 2169 5666 3741 5743; baseline -0.004 -18"><span class='ocrx_word' id='word_1_791' title='bbox 2169 5670 2267 5743; x_wconf 75' lang='grc' dir='ltr'>ὕλη</span> <span class='ocrx_word' id='word_1_792' title='bbox 2293 5670 2413 5723; x_wconf 78' lang='grc' dir='ltr'>κατ’</span> <span class='ocrx_word' id='word_1_793' title='bbox 2438 5670 2661 5734; x_wconf 77' lang='grc' dir='ltr'>ἐκεῖνον,</span> <span class='ocrx_word' id='word_1_794' title='bbox 2697 5669 2729 5739; x_wconf 81' lang='grc' dir='ltr'>ἦ</span> <span class='ocrx_word' id='word_1_795' title='bbox 2761 5668 2838 5739; x_wconf 82' lang='grc' dir='ltr'>τῷ</span> <span class='ocrx_word' id='word_1_796' title='bbox 2865 5666 3087 5738; x_wconf 83' lang='grc' dir='ltr'>ἀγαθῷ;</span> <span class='ocrx_word' id='word_1_797' title='bbox 3141 5668 3298 5723; x_wconf 80' lang='grc' dir='ltr'><strong>Ἀλλά</strong></span> <span class='ocrx_word' id='word_1_798' title='bbox 3326 5668 3504 5738; x_wconf 75' lang='grc' dir='ltr'>δῆλον,</span> <span class='ocrx_word' id='word_1_799' title='bbox 3552 5668 3628 5732; x_wconf 72' lang='grc' dir='ltr'>ὡς</span> <span class='ocrx_word' id='word_1_800' title='bbox 3653 5666 3741 5720; x_wconf 70' lang='lat' dir='ltr'><strong>lo-</strong></span> 
     </span>
    </p>
   </div>
   <div class='ocr_carea' id='block_1_113' title="bbox 2170 5757 3745 5834">
    <p class='ocr_par' dir='ltr' id='par_1_113' title="bbox 2170 5757 3745 5834">
     <span class='ocr_line' id='line_1_113' title="bbox 2170 5757 3745 5834; baseline -0.003 -17"><span class='ocrx_word' id='word_1_801' title='bbox 2170 5763 2367 5834; x_wconf 78' lang='grc' dir='ltr'>γισμοῦ</span> <span class='ocrx_word' id='word_1_802' title='bbox 2402 5763 2560 5832; x_wconf 70' lang='grc' dir='ltr'>σοφία</span> <span class='ocrx_word' id='word_1_803' title='bbox 2598 5761 2798 5830; x_wconf 79' lang='grc' dir='ltr'>ἀγαθόν</span> <span class='ocrx_word' id='word_1_804' title='bbox 2846 5778 2900 5814; x_wconf 75' lang='grc' dir='ltr'><strong>τε</strong></span> <span class='ocrx_word' id='word_1_805' title='bbox 2947 5762 3038 5815; x_wconf 69' lang='grc' dir='ltr'>καὶ</span> <span class='ocrx_word' id='word_1_806' title='bbox 3066 5761 3267 5831; x_wconf 77' lang='grc' dir='ltr'>ἀγαθοῦ</span> <span class='ocrx_word' id='word_1_807' title='bbox 3294 5762 3484 5833; x_wconf 83' lang='grc' dir='ltr'>δῶρον.</span> <span class='ocrx_word' id='word_1_808' title='bbox 3533 5762 3657 5814; x_wconf 80' lang='grc' dir='ltr'>Τίνι</span> <span class='ocrx_word' id='word_1_809' title='bbox 3686 5757 3745 5813; x_wconf 72' lang='grc' dir='ltr'><strong>δι</strong></span> 
     </span>
    </p>
   </div>
  </div>
