2004 3104
130 147 197 174 1185

664 137 849 165 ADVERSUS
863 131 1080 163 MANICHEOS
1100 129 1163 156 LIB.
1186 127 1218 154 ll.

1674 120 1744 149 “86

129 203 288 238 αὐτομάτως
306 197 428 235 ἀφήλατό
442 205 507 223 ποτε
523 196 642 231 σίδηρος,
664 196 678 221 ὸ
699 196 732 229 τῇ
754 194 849 229 χρήσει
865 191 912 218 τοῦ

973 188 1089 223 ῑρίευιιηι
1107 189 1149 213 est
1164 183 1325 219 sapientiam
1343 180 1458 208 rationis
1473 183 1500 207 et
1512 179 1613 206 bonum
1629 185 1701 208 esse,
1716 181 1746 205 et

1087 232 1093 238 1
1143 231 1147 236 ι
1181 230 1188 238 l
1231 236 1304 238 μηκᾉ
1333 231 1426 238 -..λ-ι-
1449 226 1474 238 -.ζ
1498 225 1598 238 {nhil-.1]
1625 232 1746 238 -I-\nllnvl\

129 249 257 284 λογισμοῦ
275 246 352 282 μόνον
369 243 585 278 ὑποϐεϐλημένος
599 243 645 269 καὶ
662 241 737 277 πάσῃ
749 241 832 275 τέχνῃ
849 238 909 264 δου-

129 295 215 321 λεύων
226 302 233 326 ς

171 381 250 409 Ἀλλά
273 378 389 415 φονεύει,
406 378 501 411 Μάνης
515 376 591 410 φησὶ,
608 374 641 400 δι’
657 372 737 400 αὑτοῦ
759 372 909 407 ἄνθρωπος,

132 429 176 455 καὶ
190 427 257 462 πρὸς
273 426 303 452 τὸ
319 424 459 460 ἐργαλεῖον
472 424 488 458 ἡ
514 420 676 455 κακοτεχνία
692 419 738 445 τοῦ
753 417 894 462 χρωμένου
903 425 910 431 ·

131 475 177 506 ὣς,
196 461 219 499 εί
235 472 271 507 μὴ
285 469 318 506 ἦν
340 471 354 496 ὀ
376 469 467 495 τοῦτον
480 467 524 494 τὸν
544 466 641 502 τρόπον
655 464 804 500 χρώμενος,
817 463 866 488 οὐκ
880 461 912 488 ἄν

136 529 162 554 γε
178 519 266 551 ἔδοξεν
280 516 348 543 εἶναι
364 515 472 550 σίδηρος
497 513 590 544 κακός.
612 512 643 538 El
664 511 717 546 γὰρ
742 509 913 545 βουλεύσαιτο

133 566 182 601 μὲν
191 566 204 591 ὁ
215 564 308 598 φονεὺς
319 562 415 597 δρᾶσαι
425 560 513 594 φόνον,
527 558 670 593 διαμάρτοι
680 557 707 583 δὲ
718 556 767 591 τῆς
777 555 911 601 πράξεως,

132 598 187 645 ίῖρά
196 617 225 643 γε
242 608 271 633 ού
287 606 376 641 δῆλον,
392 605 428 637 ὡς
442 605 458 639 ἡ
476 604 523 639 μὲν
536 602 663 638 πρόθεσις
674 601 704 627 τὺ
715 600 792 636 ἔργον
804 598 915 634 διεπρά-

132 656 206 688 ξατο,
223 655 236 680 ὁ
251 653 279 680 δὲ
299 652 404 687 σίδηρος
419 650 624 685 ἀναμάρτητος;
637 647 713 674 Οὕτω
727 648 769 682 δὴ,
784 646 836 673 κᾶν
849 645 914 681 δρά-

133 710 177 737 σῃ,
190 700 249 735 οὐχὶ
267 698 374 733 σίδηρος
386 697 480 728 αἴτιος,
493 695 549 722 ἀλλ’
560 696 574 721 ὀ
589 695 695 729 σιδήρου
712 693 751 728 τῷ
764 692 870 726 τέμνειν
882 691 913 717 οὺ

100 779 105 784 .
133 746 204 773 κατὰ
223 745 299 779 λόγον
318 742 497 779 χρησάμενος.
516 741 547 767 El
563 741 591 766 δέ
608 740 677 775 ξύλῳ
694 739 796 769 παίσει,
815 737 831 772 ἢ
849 736 915 771 λίθῳ

133 792 253 828 κρούσει,
273 791 290 826 ἢ
306 790 397 825 χερσὶν
415 789 492 820 ἰδίαις
512 787 663 818 ἀποπνίξει,
679 783 756 816 αὖθις
770 784 816 811 καὶ
830 783 916 809 ταῦτα

134 838 348 873 προσαγορεύσει
379 834 469 862 κακά·
503 833 550 860 καὶ
580 832 668 859 πάντα
706 830 803 866 μᾶλλον
842 828 915 855 αἴτια

962 241 1062 260 numus
1087 231 1161 258 boni.
1181 230 1208 256 ln
1227 236 1307 263 quem
1332 231 1428 262 suapte
1449 226 1475 252 vi
1497 225 1601 252 insiluit
1625 232 1748 258 unquam

961 279 1074 309 ferrum,
1089 277 1160 312 quod
1184 277 1244 302 usui
1264 273 1378 300 rationis
1401 276 1506 298 tantum
1525 270 1675 304 subjectum
1692 274 1749 300 est,

960 328 987 351 et
1004 323 1077 350 omni
1097 322 1148 348 arti
1173 321 1257 348 servit
1281 327 1313 346 ac
1335 317 1492 345 ministrat?

995 368 1030 394 At
1043 367 1144 394 occidit
1163 367 1245 393 homo
1262 364 1346 395 ferro,
1365 363 1453 398 inquit
1472 361 1646 391 Maniehzeus.
1671 364 1698 387 et
1713 359 1747 386 ad

961 414 1175 441 instrumentum
1199 411 1302 439 accedit
1328 411 1429 437 malum
1455 409 1601 436 artiﬁcium
1632 407 1746 434 utentis.

962 461 1045 494 Quasi
1065 467 1119 486 non
1140 463 1212 486 esset
1235 458 1322 485 visum
1339 457 1442 485 ferrum
1469 457 1581 487 malum,
1597 454 1651 481 nisi
1667 454 1750 481 homo

962 508 1014 534 hoc
1040 506 1120 533 modo
1135 505 1208 532 ferro
1229 509 1361 532 uteretur.
1390 503 1419 530 Si
1440 503 1512 530 enim
1534 503 1612 529 vellet
1631 501 1750 528 sicarius

962 553 1096 585 occidere,
1121 555 1147 579 et
1161 551 1194 578 ab
1215 551 1270 578 ictu
1286 550 1441 582 aberraret;
1458 556 1491 575 an
1507 556 1562 576 non
1580 548 1674 582 liquet,
1688 546 1749 573 ani-

963 606 1008 625 mo
1027 597 1136 633 quidem
1165 604 1219 624 non
1245 599 1429 631 perpetrasse,
1456 594 1556 621 ferrum
1584 601 1648 620 vero
1670 597 1750 619 extra

964 645 1071 679 culpam
1088 642 1167 670 esse?
1190 641 1236 669 Sic
1251 641 1378 676 quamvis
1395 640 1467 667 ferro
1491 640 1667 667 homicidium
1688 639 1748 669 ﬁat,

965 699 1019 718 non
1042 694 1084 717 est
1111 690 1138 716 in
1156 689 1271 716 crimine
1291 692 1318 716 et
1334 688 1415 723 culpa
1436 687 1548 718 ferrum,
1571 687 1617 714 sed
1633 687 1678 721 qui
1694 694 1749 713 non

966 736 1115 765 secundum
1146 735 1279 762 rationem
1302 741 1370 761 usus
1390 737 1433 761 est
1455 733 1526 760 ferro
1541 733 1574 759 ad
1589 731 1749 759 secandum.

967 782 995 809 Si
1017 785 1107 809 autem
1129 781 1202 815 ligno
1227 780 1373 815 percutiat,
1393 784 1440 806 aut
1454 777 1567 813 cuspide
1588 777 1678 807 feriat.
1702 781 1750 803 aut

966 827 1083 862 propriis
1110 826 1235 853 manibus
1261 825 1432 860 strangulet;
1459 831 1555 851 rursus
1580 823 1637 850 haec
1663 822 1750 849 Mani-

135 868 209 919 πᾷρά
280 882 397 908 Μάνεντι
416 880 432 916 ἧ
454 880 484 906 τὸ
502 878 585 911 ὅντως
602 878 686 904 αἴτιον
703 878 717 903 ὁ
738 875 859 907 ἑκούσιος
874 875 917 901 λο-

973 872 1057 899 :h:eus
1079 871 1225 906 appellabit
1241 871 1322 902 mala,
1353 874 1380 897 et
1396 870 1487 897 omnia
1515 870 1585 904 apud
1609 877 1671 896 eum
1696 868 1753 895 cri-

134 929 242 965 γισμός.

171 975 214 1002 Τὰ
236 974 289 1010 γὰρ
305 973 420 1009 ῥηθέντα
433 972 520 999 πάντα
538 970 607 1004 μετὰ
628 970 736 1005 σιδήρου
756 968 813 995 οὔτ’
828 967 917 1002 ἀγαθά

135 1020 198 1047 οὔτε
223 1019 294 1048 κακά
316 1018 460 1053 τυγχάνει·
477 1017 585 1043 ἕλκεται
608 1016 635 1042 δὲ
650 1016 718 1051 πρὸς
740 1014 754 1041 ὃ
769 1014 802 1042 ἂν
820 1013 918 1050 βουλη-

136 1066 195 1101 θείη
222 1065 236 1090 ό
262 1063 417 1099 χρώμενος,
441 1062 588 1098 ἐργαλείων
612 1061 690 1096 δίκην
719 1059 917 1095 παρακείμενα,

136 1111 183 1138 καὶ
194 1110 232 1146 τῷ
246 1109 378 1146 χρωμένῳ
390 1108 547 1135 δουλεύοντα
557 1117 563 1123 ·
577 1108 648 1143 άπερ
664 1108 687 1133 εί
706 1106 743 1142 μὴ
757 1105 919 1142 παραδέδοτο

135 1156 281 1193 ἀνθρώπῳ,
305 1155 360 1182 οὔτ’
377 1155 409 1182 ἂν
425 1154 473 1187 τὰς
494 1155 588 1189 τέχνας
614 1153 685 1180 οὓτω
705 1153 839 1188 διήνυσεν,
863 1151 918 1178 οὔτ’

136 1203 171 1229 ἂν
187 1202 236 1233 τὰς
255 1202 366 1236 χρήσεις
382 1200 431 1232 τὰς
448 1200 495 1226 ἀπ’
510 1199 598 1226 αὐτῶν
611 1198 688 1234 ἔσχεν
701 1197 848 1232 ἀφθόνους·
863 1196 877 1222 ὃ
891 1196 919 1222 δέ

136 1250 168 1285 δὴ
185 1249 286 1285 μεῖξον,
303 1248 402 1283 ἥκιστα
413 1247 447 1273 ἂν
465 1245 644 1281 διεγυμνάσθη
669 1244 736 1280 πρὸς
750 1244 849 1279 ἀρετήν
859 1251 866 1257 ·
880 1241 919 1277 τῷ

135 1297 192 1332 γὰρ
208 1295 244 1331 μὴ
258 1295 328 1330 ἔχειν
350 1293 498 1330 ἐργαλείων
526 1292 675 1328 παράθεσιν
689 1290 816 1317 ἕλκεσθαι
838 1289 919 1315 δυνα-

140 1342 229 1377 μένων
244 1340 311 1376 πρὸς
330 1338 459 1375 ἐργασίαν
470 1337 569 1373 ἀρετῆς
583 1344 612 1362 τε
627 1336 674 1362 καὶ
688 1335 797 1367 κακίας,
818 1334 867 1361 οὐκ
887 1333 919 1361 ἄν

134 1395 171 1421 γε
185 1386 263 1421 ἔσχεν
280 1385 321 1419 ἐφ’
337 1383 423 1418 ἐαυτῷ
435 1383 483 1417 τῆς
501 1381 601 1417 ἀρετῆς
616 1380 665 1416 τὴν
684 1380 847 1415 προτίμησιν
857 1387 864 1394 ·
883 1378 920 1410 ὡς

136 1434 169 1465 ἐς
182 1432 216 1458 τὰ
232 1431 348 1466 μάλιστα
363 1430 395 1456 ἂν
411 1428 589 1464 ἐζημιῶσθαι,
609 1427 656 1454 καὶ
674 1426 803 1462 μεγίστης
818 1426 921 1452 εὐδοκι-

141 1480 250 1514 μήσεως
263 1475 467 1503 ἐκπεπτωκέναι
481 1475 579 1505 δοκεῖν,
591 1474 669 1509 εἴπερ
686 1472 729 1499 διὰ
742 1472 820 1499 τοῦτο
830 1471 920 1506 δοκοίη

139 1524 307 1561 κακουργίας
323 1522 360 1558 μὴ
376 1520 517 1552 ἅπτεσθαι,
533 1521 573 1547 ὃτι
590 1520 627 1555 μὴ
643 1519 676 1546 δι’
695 1516 732 1545 ὧν
752 1519 784 1545 ἃν
798 1518 921 1554 δράσειεν

139 1572 306 1607 εὐπόρησεν·
321 1570 351 1596 τὸ
366 1568 419 1604 γὰρ
437 1567 574 1598 παντελῶς
590 1567 730 1602 ἄπρακτον
742 1564 826 1601 ἀργόν
836 1573 866 1591 τε
878 1563 922 1591 καὶ

139 1617 242 1649 ἄδοξον.

182 1663 250 1690 Ἀλλ’
271 1663 330 1699 ὅρα,
355 1662 464 1697 φήσειεν
478 1660 522 1692 ἂν,
544 1659 575 1686 τδ
594 1658 750 1688 ἀποὸαϊνον,
773 1663 820 1683 και
843 1654 923 1681 πλέον

138 1710 216 1737 οὐδὲν
230 1709 277 1737 τοῦ
296 1707 446 1742 ἀναγκαίου
470 1705 611 1741 συμϐαίνει
621 1712 627 1719 ·
644 1704 757 1734 θάνατος
768 1701 821 1737 γὰρ
830 1700 860 1728 οὐ
880 1700 924 1727 διὰ

141 1757 244 1793 φονέως
260 1755 289 1783 εὖ
295 1761 393 1791 ρηται,“
402 1753 469 1780 ἀλλὰ
486 1753 554 1788 πρὸς
569 1750 615 1777 τοῦ
629 1747 799 1786 Δημιουργοῦ
813 1754 924 1782 νενομο-

141 1803 251 1836 θέτηται
262 1811 268 1818 ’
284 1801 330 1828 καὶ
346 1801 372 1827 εί
386 1799 417 1835 γέ
431 1808 472 1831 τις
487 1796 630 1829 σπουδάζει
646 1796 763 1831 σίδηρον,
776 1794 823 1821 καὶ
836 1793 923 1827 ξύλον,

141 1849 188 1875 καὶ
201 1848 284 1879 λίθον,
300 1846 355 1882 πῦρ
369 1855 398 1872 τε
412 1846 459 1872 καὶ
473 1844 544 1879 ὕδωρ
556 1844 604 1870 καὶ
613 1842 647 1870 τὰ
659 1841 770 1869 τοιαῦτα
786 1840 824 1871 ὡς
843 1847 925 1866 κακο-

141 1894 207 1921 ποιὰ
222 1892 363 1927 διελέγξαι,
380 1892 432 1919 τῶν
448 1890 595 1926 ἐργαλείων
610 1889 658 1925 τὴν
677 1887 763 1924 ἀρχὴν
780 1886 925 1922 ἀφέμενος⁹

118 1975 120 1977 ι
144 1940 223 1974 μόνον
241 1939 270 1965 τὸ
292 1937 447 1968 ἀποὸαἳνον,
464 1936 536 1970 λέγω
558 1934 590 1970 δὴ
606 1933 652 1961 τὸν
675 1933 797 1964 θάνατον,
822 1932 925 1965 διελεγ-

143 1985 224 2021 χέτω,
240 1984 286 2011 καὶ
303 1983 432 2010 δεικνύτω
443 1981 536 2008 τοῦτον
547 1981 578 2007 ού
597 1980 666 2007 κατὰ
679 1979 756 2013 λόγον
776 1977 926 2013 ὡρισμένον

145 2031 214 2068 πρὸς
227 2030 272 2057 τοῦ
285 2031 321 2065 Δη
327 2028 456 2065 μιουργοῦ
467 2036 473 2043 ·
483 2028 530 2054 καὶ
537 2026 623 2058 οὕτως
639 2025 751 2052 ὕστατον
759 2024 831 2051 κακὰ
845 2032 927 2059 προσ-

142 2076 296 2112 αγορευέτω
320 2076 350 2102 τὸ
371 2074 463 2106 κακῶς
485 2073 694 2109 συναιρούμενα.
713 2072 744 2098 Et
766 2071 794 2097 δὲ
814 2070 927 2101 θάνατος

144 2123 190 2149 ὑπ’
214 2122 319 2153 οὐδενὸς
349 2119 518 2154 ἀναδειχθείη
542 2117 674 2153 πονηρὸς,
702 2115 853 2142 τούναντίον
878 2115 927 2150 μὲν

143 2166 204 2201 οὖν,
233 2168 270 2198 ὡς
294 2167 338 2194 διὰ
365 2165 469 2192 πολλῶν
493 2165 636 2194 δέδεικται,
664 2162 713 2188 καλ⁷
736 2160 871 2196 ὠφέλιμός
895 2168 927 2194 γε

967 917 1034 944 mini
1050 917 1139 951 potius
1158 915 1307 947 dabuntur,
1323 922 1406 950 quam
1422 915 1552 949 cogitatio
1567 913 1731 940 voluntaria.

1002 961 1099 989 Omnia
1126 961 1199 989 enim
1224 969 1284 996 qua:
1303 961 1376 988 dicta
1395 964 1459 987 sunt
1480 968 1541 987 cum
1559 960 1643 991 ferro,
1663 967 1755 993 neque

967 1008 1049 1039 bona,
1076 1015 1163 1042 neque
1185 1007 1255 1034 mala
1276 1010 1357 1039 sunt;
1374 1006 1521 1033 trahuntur
1538 1006 1610 1033 enim
1627 1013 1681 1039 quo
1703 1005 1753 1039 qui

969 1053 1053 1079 utitur
1064 1053 1146 1085 velit;
1162 1060 1222 1087 qua:
1233 1060 1297 1079 vero
1313 1055 1376 1079 sunt
1390 1052 1478 1103 pqsita
1490 1052 1577 1079 instar
1589 1052 1752 1078 instrumew

968 1101 1069 1130 torum,
1097 1102 1124 1125 et
1151 1098 1308 1126 deserviunt
1336 1097 1423 1125 utenti
1441 1107 1447 1125 :
1463 1105 1522 1132 qua:
1541 1098 1565 1125 si
1580 1097 1681 1124 homini
1696 1104 1753 1123 non

969 1148 1062 1172 essent
1078 1144 1190 1176 tradita,
1203 1152 1253 1172 nec
1266 1144 1381 1171 artiﬁcia
1397 1145 1437 1172 sic
1452 1151 1599 1179 perageret,
1622 1152 1673 1171 nec
1697 1144 1752 1170 uti-

969 1191 1060 1218 litates
1078 1199 1111 1226 ex
1131 1191 1257 1218 artiﬁciis
1276 1191 1402 1226 copiosas
1416 1191 1546 1224 haberet;
1566 1195 1593 1218 et
1604 1191 1675 1225 quod
1690 1192 1753 1225 plus

970 1240 1022 1269 est,
1048 1237 1158 1265 minime
1183 1238 1215 1264 ad
1241 1237 1367 1265 virtutem
1386 1237 1545 1264 exercitatio
1567 1237 1751 1264 adhiberetur.

969 1281 1029 1324 an
1056 1282 1178 1310 habendo
1196 1283 1268 1310 enim
1290 1282 1411 1317 apposita
1430 1282 1621 1311 instrumenta,
1643 1290 1704 1317 qua:
1719 1282 1753 1309 ad

970 1330 1105 1356 actionem
1130 1329 1240 1356 virtutis
1263 1329 1304 1355 vel
1329 1328 1385 1355 vitii
1410 1328 1610 1355 accommodari
1629 1333 1751 1362 possent.

972 1382 1026 1401 non
1042 1375 1154 1402 haberet
1169 1378 1328 1409 poteslatem
1343 1375 1469 1401 virtutem
1486 1375 1552 1400 vitio
1566 1374 1752 1409 praeponendi,

972 1425 1002 1448 ut
1019 1420 1164 1447 maximam
1182 1420 1316 1454 jacturam
1333 1419 1430 1447 fecisse
1443 1419 1581 1447 videretur
1597 1424 1624 1447 et
1637 1428 1651 1446 a
1669 1421 1755 1447 maxi-

972 1473 1015 1492 ma
1038 1465 1117 1493 laude
1139 1464 1289 1497 excidisse;
1318 1466 1340 1493 si
1368 1470 1509 1500 propterea
1535 1465 1673 1492 videretur
1700 1473 1755 1493 non

973 1511 1115 1539 admittere
1134 1515 1213 1546 turpe
1234 1510 1346 1544 factum,
1369 1511 1432 1546 quia
1454 1519 1508 1538 non
1529 1511 1623 1539 habuit
1649 1513 1755 1547 copiam

973 1564 1067 1584 eorum
1081 1557 1180 1592 quibus
1203 1558 1364 1592 perliceret:
1380 1557 1452 1592 quod
1475 1558 1547 1585 enim
1563 1559 1676 1585 omnino
1701 1567 1756 1585 non

974 1602 1039 1636 agit,
1060 1602 1177 1629 otiosum
1188 1606 1230 1629 est
1244 1607 1270 1629 et
1285 1602 1439 1636 inglorium.

1009 1647 1062 1675 Sed
1084 1648 1154 1680 vide,
1174 1648 1288 1682 inquiet,
1311 1648 1382 1682 quod
1395 1656 1427 1675 ex
1451 1648 1641 1676 instrumentis
1659 1657 1757 1684 prove-

974 1692 1024 1726 nit,
1050 1693 1136 1728 magis
1155 1693 1341 1720 necessarium
1369 1693 1484 1726 aecidit;
1510 1701 1584 1721 mors
1611 1695 1683 1722 enim
1701 1703 1756 1722 non

974 1742 1016 1767 est
1032 1739 1140 1766 inventa
1155 1739 1190 1766 ab
1208 1738 1394 1771 interfectore,
1416 1739 1464 1766 sed
1478 1739 1634 1768 aCreatore
1650 1742 1756 1768 sancito

975 1789 1016 1813 est
1031 1794 1037 1812 :
1053 1789 1080 1813 et
1102 1786 1126 1813 si
1142 1785 1203 1820 quis
1219 1785 1327 1813 studeat
1349 1784 1452 1812 ferrum
1469 1790 1496 1813 et
1524 1786 1627 1821 lignum
1646 1792 1674 1814 et
1690 1787 1757 1821 lapi-

975 1831 1047 1864 dem,
1072 1832 1160 1867 ignem
1185 1837 1213 1859 et
1232 1839 1330 1867 aquam
1349 1836 1375 1859 et
1395 1832 1449 1858 alia
1471 1832 1606 1866 ejusmodi
1627 1837 1756 1867 tanquam

975 1877 1097 1905 maleﬁca
1118 1884 1264 1909 accusare,
1286 1878 1382 1905 relicto
1406 1878 1538 1913 principio
1562 1878 1758 1906 instrumento-

976 1930 1053 1955 rum;
1076 1921 1256 1957 reprehendat
1278 1926 1305 1950 et
1325 1927 1436 1950 accuset
1459 1923 1485 1950 id
1510 1922 1581 1959 quod
1597 1932 1631 1951 ex
1655 1924 1757 1951 instru-

976 1968 1075 1996 mentis
1092 1969 1226 2003 provenit,
1243 1975 1357 1996 mortetn
1372 1969 1445 2001 dico,
1461 1970 1609 2005 probetque
1627 1978 1681 1997 nun
1698 1978 1760 1998 esse

977 2014 1047 2042 hanc
1071 2022 1086 2041 a
1108 2014 1162 2042 Deo
1187 2015 1324 2042 decretam
1348 2018 1375 2042 et
1404 2016 1580 2043 constitutam
1607 2016 1758 2043 secundum

977 2061 1110 2087 rationem
1129 2067 1136 2086 :
1153 2066 1232 2095 atque
1252 2061 1288 2087 ita
1309 2064 1447 2096 postremo
1469 2062 1586 2096 appellet
1600 2062 1682 2092 mala.
1699 2070 1760 2097 qua:

977 2107 1047 2134 male
1058 2107 1187 2141 adjuvant
1198 2111 1320 2135 mortem.
1339 2105 1392 2134 Sed
1408 2107 1431 2134 si
1450 2115 1528 2135 nemo
1544 2111 1631 2142 potest
1643 2107 1760 2141 probare

978 2156 1092 2179 mortem
1109 2160 1169 2179 esse
1183 2152 1292 2184 malam,
1313 2153 1360 2180 sed
1379 2158 1473 2180 contra
1492 2154 1592 2188 potius.
1608 2157 1637 2180 ut
1649 2154 1761 2187 copiose

142 2199 270 2250 τυγχάνει
283 2223 289 2230 ·
308 2212 366 2244 πῶς
383 2213 413 2238 οὺ
434 2211 564 2246 παρέλκει
589 2209 623 2236 τὰ
636 2209 670 2235 δι’
684 2205 720 2234 ὧν
742 2208 774 2234 ἂν
792 2206 921 2242 συμϐαίντ

979 2199 1121 2233 probatum
1135 2204 1186 2230 est,
1197 2199 1288 2226 utilem
1309 2206 1384 2231 esse;
1400 2207 1435 2226 an
1452 2207 1505 2225 non
1527 2207 1761 2233 supervacaneum

143 2261 276 2291 θάνατος,
313 2259 414 2285 τούτων
447 2257 484 2289 ὡς
518 2255 610 2283 κακῶν
643 2255 722 2289 φύσει
753 2253 924 2288 κατηγορεῖν,

143 2307 194 2333 οὐκ
214 2305 322 2331 εἰδότων
349 2304 397 2339 μὲν
420 2302 461 2336 ἐφ’
486 2302 501 2328 ὃ
529 2301 669 2328 σαλεύεται
693 2300 760 2335 πρὸς
789 2298 891 2334 ἐτέρου,
905 2293 927 2331 ᾧ

145 2351 298 2387 παρεδόθη,
321 2350 411 2385 πάσης
441 2348 463 2374 δ’
493 2348 581 2379 αἰτίας
610 2346 840 2382 ἁπηλλαγμένων;
867 2344 927 2370 δέον

145 2399 191 2425 τὸν
203 2398 327 2425 κινοῦντα
344 2397 421 2432 μόνον
431 2394 510 2427 αὐτὰ,
524 2395 567 2421 ὅτε
580 2394 617 2430 μὴ
630 2393 775 2429 προσῆκεν,
786 2391 928 2426 ἄνθρωπον

145 2443 295 2471 αἰτιᾶσθαι.

979 2249 1021 2272 est
1039 2252 1167 2272 accusare
1181 2249 1310 2279 tanquam
1330 2249 1427 2271 natura
1441 2245 1495 2271 sint
1511 2245 1591 2275 mala,
1611 2253 1643 2272 ea
1659 2254 1690 2272 ex
1703 2247 1762 2281 qui-

980 2290 1032 2318 bus
1046 2298 1119 2317 mors
1140 2290 1255 2323 accidit;
1279 2298 1338 2325 qua:
1358 2298 1444 2325 neque
1466 2290 1557 2317 sciunt
1575 2290 1609 2317 ad
1632 2300 1692 2326 quae
1707 2294 1762 2319 sint

982 2337 1134 2365 adhibenda
1158 2338 1193 2364 ab
1218 2337 1303 2364 altero
1322 2339 1366 2363 cui
1382 2337 1481 2364 tradita
1497 2342 1576 2368 sunt.
1592 2343 1618 2365 et
1639 2339 1673 2365 ab
1688 2340 1762 2366 omni

982 2386 1060 2420 culpa
1074 2389 1101 2411 et
1116 2385 1229 2411 crimine
1246 2388 1310 2411 sunt
1326 2384 1430 2411 libera?
1448 2392 1508 2411 cum
1524 2389 1664 2419 oporteret
1679 2385 1763 2410 homi-

982 2439 1043 2459 nem
1070 2431 1157 2459 solum
1187 2438 1326 2462 accusare.
1357 2431 1403 2465 qui
1430 2438 1459 2458 ea
1488 2431 1667 2458 instrumenta
1699 2435 1764 2459 tunc

983 2481 1084 2510 movet,
1100 2484 1161 2503 cum
1182 2484 1237 2502 non
1258 2476 1320 2502 licet
1339 2483 1427 2510 neque
1449 2477 1585 2502 convenit.

146 2545 210 2573 Car.
228 2544 334 2572 XXV".
357 2543 433 2570 Nihil
456 2544 482 2570 in
503 2542 605 2578 fabrica
620 2540 710 2568 mundi
730 2540 838 2567 malum.
855 2537 918 2565 Sola
934 2537 1049 2598 hulnmna
1068 2536 1136 2562 ratio
1158 2533 1301 2570 aliquando
1324 2533 1428 2568 quidem
1448 2537 1553 2567 peccat,
1573 2533 1617 2560 sed
1638 2534 1718 2560 simul
1739 2538 1766 2560 ct

858 2581 964 2598 caurum
979 2580 1020 2598 ur.

858 2580 1020 2608 coarguitur.

183 2640 261 2667 Οὖτω
277 2639 330 2674 γὰρ
352 2638 419 2674 πρὸς
437 2636 564 2673 ἀλήθειαν
579 2635 765 2662 ἀποδέδεικται
781 2633 862 2669 μηδὲν
881 2633 930 2668 μὲν

147 2688 202 2714 τῶν
221 2685 291 2713 κατὰ
315 2685 363 2720 τὴν
388 2682 567 2719 δημιουργίαν
592 2680 661 2708 εἶναι
682 2680 783 2707 κακόν·
802 2679 880 2715 μόνον
901 2677 930 2704 δὲ

149 2733 194 2760 τδν
209 2730 376 2767 ἀνθρώπινον
387 2729 514 2764 λογισμὸν
525 2728 647 2761 ἐξουσίαν
658 2726 814 2760 ἀναγκαίως
827 2724 932 2759 λαμῦά-

150 2787 229 2806 νοντα
251 2778 322 2804 ἔστιν
343 2777 387 2803 ὅτε
413 2775 589 2810 πλημμελεῖν,
610 2772 821 2809 πλημμελοῦντα
842 2771 869 2797 δὲ
895 2770 934 2796 δι-

150 2824 307 2858 ελέγχεσθαι
323 2823 411 2858 μόνον.
427 2823 467 2848 ὅτι
484 2820 666 2857 προτετίμηκε
680 2818 709 2845 τὸ
726 2819 831 2853 χεῖρον·
849 2816 932 2852 μηδὲν

149 2870 178 2898 ἢ
204 2868 274 2896 κατὰ
298 2868 346 2903 τῆς
369 2867 475 2902 φύσεως
503 2865 671 2900 καινοτομεῖν
693 2863 836 2895 δύνασθαι,
865 2861 930 2896 μηδὲ

1020 2629 1065 2656 Sic
1087 2637 1159 2656 enim
1176 2636 1239 2656 vere
1254 2628 1412 2655 conclusum
1430 2630 1457 2654 et
1476 2627 1630 2654 confectum
1648 2632 1700 2661 est,
1723 2628 1766 2655 ni-

984 2677 1022 2704 llil
1035 2677 1061 2704 in
1077 2677 1179 2705 fabrica
1200 2677 1293 2703 mundi
1312 2684 1370 2702 esse
1388 2676 1499 2701 malum.
1524 2674 1615 2701 Solam
1632 2676 1765 2702 rationem

987 2723 1133 2750 humanam
1152 2731 1211 2758 qua!
1231 2723 1387 2750 necessario
1409 2725 1570 2756 potestatem
1585 2721 1695 2756 accipit,
1714 2721 1766 2749 ali-

987 2769 1095 2803 quando
1120 2769 1227 2802 quidem
1259 2775 1382 2802 peccare,
1412 2771 1568 2802 peccantem
1588 2774 1654 2794 vero
1678 2766 1714 2792 ob
1739 2766 1766 2784 εει

987 2816 1073 2842 solum
1093 2815 1263 2850 reprehendi,
1289 2815 1353 2849 quia
1375 2814 1447 2849 quod
1462 2814 1632 2852 deterius!"

986 2860 1076 2898 posuit
1096 2861 1219 2895 meliori;
1245 2869 1332 2896 neque
1356 2866 1452 2890 contra
1472 2864 1595 2900 uaturgr‘

1542 2918 1556 2940 gl
