3968 6914
534 245 670 298 H87

1683 248 1818 304 Tl'l'l
1861 247 2284 309 BOSTRENSIS
2333 250 2641 309 EPISCOPI

3607 247 3760 304 {I83

531 361 663 433 quid
713 377 932 425 novare,
990 375 1088 415 nec
1123 375 1245 417 esse
1294 378 1460 434 penes
1487 379 1632 434 eum,
1666 375 1726 421 ut
1755 384 1875 440 qua:
1920 384 2085 440 supra

2191 371 2256 425 τὰ
2324 373 2436 426 άνω
2489 372 2638 426 κάτω
2706 370 2789 422 ἐπ’
2844 369 2988 438 αὑτῷ
3047 364 3186 421 εἶναι
3248 366 3458 425 ποιεῖν,
3695 367 3761 417 τὸ

530 459 679 518 sunt,
719 452 827 506 sint
855 449 1018 515 infra,
1064 451 1161 505 sed
1203 452 1379 506 solum
1419 452 1599 510 facere
1633 471 1718 521 ea,
1750 473 1870 526 quas
1901 474 2097 514 secun-~

533 545 656 600 dum
711 551 962 596 naturam
1025 555 1155 599 sunt
1209 564 1219 598 :
1267 547 1519 615 quamvis
1577 559 1868 603 accusetur
1911 551 2097 608 facere

529 642 724 706 praeter
755 635 1045 690 rationem.

599 726 756 781 Sicut
771 725 950 781 caedes
969 733 1196 782 mortem
1221 726 1518 782 secundum
1547 737 1798 785 naturam
1816 742 2093 803 operatur,

528 819 662 873 nihil
700 819 934 890 amplius
963 817 1168 874 faciens
1198 834 1360 890 quam
1386 821 1531 890 quod
1561 829 1646 876 est
1671 825 1970 878 secundum
2000 841 2096 880 na-

523 917 726 973 turam,
762 917 1121 979 praeterquam
1165 909 1312 978 quod
1355 912 1604 977 coarguit
1649 927 1772 967 eum
1812 915 1905 984 qui
1943 915 2090 970 fecit.

526 1000 739 1056 Rursus
768 999 1100 1056 adulterium
1123 1010 1179 1055 et
1207 1001 1314 1054 alia
1344 1001 1613 1070 ejusmodi
1637 1004 1707 1058 ob
1737 1020 1856 1059 eam
1879 1013 2092 1062 tantum

521 1110 749 1150 causam
796 1105 1146 1160 accusantur,
1194 1098 1323 1166 quia
1371 1107 1500 1152 sunt
1545 1114 1732 1156 aversa
1778 1117 1808 1154 a
1861 1104 2090 1160 ratione.

519 1187 729 1243 Contra
768 1195 1020 1242 naturam
1060 1203 1190 1242 vero
1228 1204 1259 1242 a
1291 1187 1550 1246 Creatore
1575 1191 1926 1246 constitutam
1958 1193 2090 1247 nihil

524 1280 739 1347 penitus
766 1287 945 1349 potest
987 1280 1191 1350 aliquid
1238 1281 1363 1334 novi
1395 1282 1596 1345 moliri,
1622 1285 1822 1352 quippe
1853 1297 1975 1338 cum
2007 1285 2090 1339 lex

519 1372 640 1440 ejus
669 1371 764 1441 qui
795 1381 1046 1425 naturam
1081 1371 1382 1428 fabricatus
1425 1382 1529 1438 est,
1565 1375 1634 1430 sit
1660 1383 1712 1430 et
1750 1386 1963 1430 maneat
1992 1377 2090 1431 im-

525 1463 825 1518 mutabilis.
862 1461 922 1517 In
969 1463 1104 1534 ipsis
1134 1479 1264 1519 vero
1294 1481 1416 1536 qua:
1459 1467 1730 1521 naturalia
1779 1476 1928 1532 sunt,
1961 1484 2088 1538 pec-

519 1564 647 1610 cata
695 1564 983 1612 versantur
1034 1557 1242 1611 nullam
1299 1558 1596 1613 novitatem
1645 1558 2083 1615 iutroducentia:

521 1646 702 1700 solum
725 1655 964 1717 arguunt
990 1653 1045 1702 et
1068 1647 1404 1702 convincunt
1426 1645 1714 1703 facientem
1745 1659 1935 1719 sponte
1960 1665 2086 1720 pec-

2197 466 2337 518 κατὰ
2366 464 2525 533 φύσιν
2559 463 2718 533 μόνον
2747 463 2897 533 δρᾷν,
2923 462 3024 514 κᾶν
3052 459 3357 530 παράλογον
3381 457 3760 528 κατηγορῆται

2198 573 2384 610 ποιειν.

2262 730 2416 800 Οἷον,
2467 735 2623 803 φόνος
2655 734 2882 789 θάνατον
2920 735 3011 787 τὸν
3065 733 3205 788 κατὰ
3248 733 3408 802 φύσιν
3442 733 3754 803 ἐργάζεται,

2191 828 2345 882 οὐδὲν
2377 827 2537 881 πλέον
2579 827 2746 880 ποιῶν
2789 826 2884 880 τοῦ
2922 827 3059 880 κατὰ
3109 826 3322 897 φύσινῆ
3367 828 3496 880 ὅσον
3545 827 3756 892 ἐλέγξαι

2193 919 2284 972 τὸν
2320 918 2623 990 δράσαντα’
2673 918 2886 988 μοιχεία
2930 915 3118 981 αὖθις,
3163 918 3254 970 καὶ
3290 917 3359 970 τὰ
3410 916 3644 970 τοιαῦτα
3686 917 3755 988 τῷ

2194 1010 2484 1080 παραλόγῳ
2530 1011 2688 1082 μόνον
2735 1009 2828 1062 τοῦ
2862 1009 3121 1080 λογισμοῦ
3162 1010 3570 1079 κατηγορεῖται.
3604 1008 3756 1060 Κατὰ

2190 1102 2247 1156 δὲ
2289 1101 2386 1171 τῆς
2417 1101 2628 1170 φύσεως
2665 1101 2761 1172 τῆς
2792 1101 3100 1172 ὡρισμένης
3126 1099 3228 1152 ὑπὸ
3260 1098 3361 1152 τοῦ
3404 1097 3753 1168 Δημωυργοῦ

2192 1196 2529 1263 καινοτομεῖν
2587 1193 2862 1256 παντελῶς
2892 1193 3043 1246 οὐδὲν
3097 1191 3318 1245 δύναται
3341 1208 3355 1221 ·
3409 1191 3489 1254 ὡς
3537 1191 3752 1260 ἀπαρά-

2189 1285 2352 1338 ϐατον
2398 1285 2494 1354 μὲν
2549 1279 2686 1338 εἶναί
2721 1302 2782 1337 τε
2825 1285 2920 1338 καὶ
2966 1284 3147 1355 μένειν
3175 1286 3266 1338 τὸν
3296 1283 3462 1355 νόμον
3506 1283 3609 1336 τοῦ
3664 1285 3752 1354 τὴν

2190 1375 2350 1444 φύσιν
2378 1375 2898 1446 δημιουργήσαντος.
2930 1375 3017 1426 Ἐν
3045 1375 3226 1437 αὐτοῖς
3254 1374 3312 1427 δέ
3341 1391 3446 1427 που
3478 1377 3596 1436 τοῖς
3619 1379 3755 1428 κατὰ

2191 1468 2350 1537 φύσιν
2383 1467 2702 1539 στρέφεσθαι
2726 1467 2792 1521 τὰ
2824 1468 3221 1539 ἁμαρτήματα,
3265 1467 3538 1539 μηδεμίαν
3572 1471 3753 1521 ἑπισ-

2185 1561 2386 1629 άγοντα
2421 1559 2745 1630 καινότητα,
2785 1559 2818 1630 ἢ
2857 1561 2938 1613 ὅτι
2981 1560 3138 1630 μόνον
3192 1559 3283 1613 τὸν
3335 1561 3650 1631 πράττοντα
3680 1559 3756 1612 δι-

2188 1650 2400 1720 ελέγχει
2456 1650 2650 1704 ἑκόντα
2694 1648 3143 1720 πλημμελοῦντα’
3184 1650 3259 1711 ὡς
3290 1650 3389 1702 οὐκ
3444 1649 3509 1702 ἂν
3554 1650 3754 1720 ἑτέρως

521 1753 670 1804 care,
720 1746 780 1793 ut
821 1739 916 1810 qui
960 1755 1068 1794 non
1106 1740 1280 1810 possit
1325 1739 1484 1794 aliter
1526 1755 1593 1794 ex
1642 1741 1844 1798 virtute
1873 1741 2084 1814 degere,

2191 1742 2478 1814 δυνηθέντα
2527 1741 2858 1813 κατορθοῦν,
2915 1743 2962 1795 εί
3021 1741 3095 1812 μὴ
3146 1741 3237 1794 καὶ
3277 1741 3337 1793 τό
3389 1759 3456 1809 γε
3509 1741 3754 1793 ἐναντίον

523 1831 630 1886 nisi
655 1847 822 1903 penes
853 1847 977 1887 eum
1011 1831 1084 1886 sit
1117 1832 1454 1886 contrarium
1481 1847 1672 1904 agere;
1703 1833 1847 1904 quod
1869 1835 2086 1906 quidem

523 1925 710 1981 volens
759 1933 813 1980 et
856 1925 1031 1980 libens
1065 1924 1322 1990 declinat,
1372 1933 1432 1980 ut
1472 1926 1732 1982 virtutem
1787 1938 2082 1999 comparet.

524 2019 621 2076 Est
653 2020 820 2091 igitur
856 2033 1084 2074 summa:
1118 2017 1364 2073 stultitiae
1413 2026 1468 2072 et
1502 2018 1848 2088 insipientiaa,
1883 2019 2085 2076 ferrum

521 2118 618 2164 aut
649 2111 855 2182 lignum
888 2118 980 2164 aut
1025 2109 1131 2164 alia
1164 2108 1433 2178 ejusmodi
1463 2110 1517 2164 in
1545 2111 1756 2166 crimen
1783 2127 1999 2177 vocare,
2035 2120 2086 2166 et

523 2218 632 2256 non
665 2217 789 2257 eum
821 2201 915 2272 qui
945 2201 1031 2257 his
1063 2208 1260 2272 praeter
1287 2199 1552 2256 rationem
1582 2201 1774 2256 utitur.

595 2291 653 2346 Si
682 2293 806 2362 quis
836 2306 966 2347 vero
993 2299 1224 2363 quaerat,
1249 2306 1420 2361 quare
1446 2291 1716 2347 occiditur
1741 2293 1938 2358 homo;
1965 2307 2088 2346 rur-

520 2400 619 2440 sus
646 2383 938 2440 dicendum
975 2385 1102 2449 erit,
1133 2385 1280 2456 quod
1312 2389 1511 2455 sazpius
1539 2384 1744 2440 dictum
1777 2395 1880 2449 est,
1917 2399 2087 2455 quare

521 2477 687 2548 igitur
723 2477 885 2532 homo
914 2476 1149 2548 denique
1181 2477 1450 2532 moritur?
1471 2477 1615 2547 quod
1642 2477 1860 2548 quidem
1890 2477 1939 2533 si
1971 2491 2086 2530 ma-

521 2569 632 2623 lum
671 2583 796 2624 esse
829 2567 1175 2631 ostendatur,
1207 2578 1356 2623 recte
1383 2569 1543 2639 culpa
1584 2570 1639 2623 in
1671 2584 1796 2624 eum
1829 2569 1920 2640 qui
1957 2581 2086 2622 con-

519 2658 699 2714 stituit
730 2658 1018 2714 redundat.
1053 2657 1150 2713 Sin
1188 2673 1318 2714 vero
1345 2674 1455 2713 non
1487 2667 1570 2714 est
1600 2660 1760 2726 mala,
1795 2659 2085 2730 permissio

521 2761 730 2806 tantum
763 2751 884 2820 ejus
916 2749 1010 2820 qui
1055 2765 1144 2805 res
1190 2758 1410 2806 nostras
1447 2761 1720 2821 procurat,
1761 2750 2085 2820 inquirenda

517 2851 626 2905 est,
663 2857 834 2913 quare
863 2842 1027 2896 homo
1058 2842 1114 2895 in
1160 2842 1263 2895 hoc
1290 2858 1460 2912 genus
1495 2843 1687 2897 mortis
1723 2841 1933 2906 incidit,
1965 2857 2086 2912 qua:

519 2949 626 2988 non
661 2941 746 2988 est
771 2933 1069 2989 secundum
1112 2940 1364 2986 naturam
1410 2933 1586 2998 mala;
1626 2940 1681 2987 et
1706 2932 1970 2986 continuo
1998 2947 2084 2987 re-

519 3026 778 3096 perietur,
801 3040 869 3080 ex
895 3023 1082 3078 multis
1113 3038 1177 3078 ac
1219 3025 1388 3079 variis
1424 3025 1610 3080 causis
1643 3023 1910 3090 accidere,
1945 3039 2084 3096 quas
2111 3065 2152 3124 ϐ

513 3131 840 3174 enumerare
868 3116 1148 3171 curiosum
1184 3115 1366 3171 fuerit.

588 3210 731 3266 Idem
761 3209 904 3264 enim
932 3209 1080 3280 justo
1108 3216 1162 3263 et
1205 3209 1410 3278 injusto
1443 3206 1680 3264 diversis
1724 3207 1910 3263 causis
1939 3207 2086 3262 acci-

516 3301 598 3357 dit
629 3321 644 3358 :
671 3318 781 3357 non
813 3309 872 3356 ut
896 3301 1046 3373 justo
1091 3301 1164 3355 sit
1211 3301 1446 3367 damno;
1495 3316 1596 3356 nec
1633 3300 1859 3369 injusto,
1908 3308 1966 3354 ut
2013 3301 2085 3354 sit

517 3393 788 3464 supplicio
824 3399 878 3448 et
920 3391 1174 3446 vindicta:
1231 3392 1363 3462 (non
1409 3392 1556 3446 enim
1599 3390 1743 3462 quod
1785 3391 2084 3446 secundum

517 3495 766 3539 naturam
796 3491 904 3550 est,
937 3484 1265 3554 supplicium
1289 3483 1493 3553 fuerit),
1527 3482 1622 3537 sed
1648 3491 1706 3536 ut
1742 3483 1813 3537 sit
1840 3483 2084 3552 exemplo

516 3578 640 3634 aliis
665 3577 746 3632 vel
776 3576 843 3631 ad
874 3575 1209 3648 prohibenda
1240 3575 1381 3628 mala
1416 3575 1762 3630 insanabilia.
1795 3573 2085 3645 Multaque

516 3669 636 3721 alia“.
664 3679 844 3721 causa;
876 3673 1022 3729 sunt,
1067 3672 1289 3735 propter
1330 3679 1466 3734 quas
1498 3662 1643 3720 Deus
1687 3663 1961 3718 hominem
1999 3677 2084 3718 0c-

515 3760 624 3814 cidi
660 3758 925 3830 permittit
951 3776 964 3811 :
989 3764 1207 3812 constat
1245 3763 1428 3811 tamen
1464 3755 1600 3810 nihil
1628 3757 1884 3826 amplius,
1919 3771 2081 3827 quam

513 3850 662 3920 quod
694 3850 750 3902 in
781 3855 977 3902 natura
1017 3846 1298 3902 decretum
1330 3852 1385 3900 et
1411 3845 1770 3901 constitutum
1803 3853 1908 3908 est,
1941 3844 2085 3899 acci-

513 3941 683 3995 dere:
714 3939 843 3995 Iicet
870 3938 1014 3994 enim
1053 3937 1306 3993 diversus
1337 3951 1502 3992 casus
1533 3937 1744 3992 accidat
1766 3936 1953 4002 febris,
1995 3952 2083 3992 sa-

515 4033 720 4087 tietatis
744 4030 1066 4094 immodicae,
1094 4036 1188 4082 aut
1207 4037 1398 4083 contra
1425 4027 1814 4084 exinanitionis
1835 4044 1900 4084 ex
1918 4029 2079 4092 fame,

523 4127 764 4198 frigoris,
805 4133 999 4188 aestus,
1031 4123 1262 4196 aggeris,
1295 4121 1662 4192 lapidationis,
1702 4121 1885 4192 gladii,
1918 4120 2079 4192 ignis,

515 4235 700 4289 aqum;
736 4227 792 4272 at
825 4218 879 4272 in
910 4217 995 4272 bis
1027 4214 1284 4270 omnibus
1309 4227 1475 4268 unum
1494 4219 1598 4274 est,
1624 4213 1768 4282 quod
1795 4211 1920 4266 inde
1951 4226 2082 4280 pro~

517 4312 682 4366 venit.
729 4308 935 4379 Ecquid
984 4308 1126 4363 hoc?
1178 4305 1232 4360 id
1285 4307 1517 4369 scilicet,
1571 4305 1718 4374 quod
1760 4319 1791 4357 a
1823 4302 2084 4358 Creatore

2187 1827 2330 1902 εἶχεν
2378 1832 2460 1901 ἐφ’
2507 1831 2704 1903 ἐαυτῷ,
2738 1823 2798 1885 οῦ
2848 1830 2944 1902 τὴν
2990 1831 3230 1885 ἑκούσιον
3282 1831 3571 1900 ama-47h
3615 1831 3754 1902 πρὸς

2185 1925 2386 1996 ἀρετῆς
2407 1925 2597 1995 κτῆσιν
2620 1924 2748 1995 ἔχει.
2778 1923 2986 1978 Οὐκοῦν
3023 1924 3324 1994 ἀκροτάτης
3348 1923 3539 1986 ἀνοίας
3573 1923 3751 1993 ἔργον,

2191 2017 2365 2088 μάτην
2385 2017 2597 2087 σίδηρον
2629 2016 2662 2088 ἢ
2689 2014 2844 2080 ξύλον
2873 2016 2976 2086 ητι
2999 2014 3106 2067 τῶν
3135 2015 3304 2069 ἄλλων
3336 2014 3647 2078 αἰτιᾶσθαι,
3666 2015 3754 2069 καὶ

2190 2107 2263 2180 μὴ
2291 2107 2378 2160 τὸν
2401 2105 2676 2179 χρώμενον
2703 2106 3044 2178 παραλόγως.

2255 2280 2318 2333 Εἰ
2365 2280 2421 2333 δέ
2469 2297 2554 2342 τις
2583 2280 2770 2352 ζητοίη
2798 2279 2889 2334 διὰ
2928 2278 2982 2334 τί
3025 2279 3303 2350 φονεύεται
3327 2295 3394 2347 γε
3437 2279 3749 2350 ἄνθρωπος,

2186 2366 2340 2435 αὖθις
2378 2371 2474 2441 μὲν
2507 2373 2786 2442 εἰρήσεται
2812 2370 2872 2424 τὸ
2904 2369 3162 2434 πολλάκις
3195 2369 3542 2440 λελεγμένον,
3577 2370 3640 2422 τὺ
3669 2369 3748 2422 διὰ

2183 2462 2238 2516 τί
2301 2458 2395 2516 οὖν
2455 2463 2590 2526 ὅλως
2643 2459 2674 2517 6
2727 2461 3011 2535 ἄνθρωπος
3071 2460 3437 2532 ἀποθνήσκει;
3492 2462 3638 2531 ὅπερ
3703 2463 3747 2513 εί

2183 2554 2418 2625 δειχθείη
2453 2555 2652 2617 κακὸν,
2692 2555 2926 2624 εὐλόγως
2965 2554 3250 2626 ἀνατρέχει
3302 2553 3446 2607 κατὰ
3489 2553 3591 2606 τοῦ
3624 2554 3750 2624 ὠρίο

2187 2650 2432 2718 σαντοςή
2470 2648 2634 2702 αἰτία.
2691 2649 2753 2700 El
2793 2647 2849 2701 δὲ
2884 2649 2957 2719 μὴ
3001 2647 3167 2702 κακὸν
3199 2646 3453 2710 θάνατος,
3485 2647 3594 2716 τὴν
3626 2664 3751 2714 συγ-

2185 2739 2422 2811 χώρησιν
2465 2739 2622 2810 μόνον
2649 2739 2742 2792 τοῦ
2784 2740 3136 2812 προνοοῦντος
3165 2739 3273 2792 τῶν
3308 2739 3432 2792 καθ’
3474 2739 3622 2808 ἡμᾶς
3667 2740 3750 2803 ἐξ-

2184 2833 2456 2897 εταστέον,
2483 2831 2577 2884 τοῦ
2617 2832 2776 2904 χάριν
2807 2833 3089 2903 ἄνθρωπος
3119 2833 3276 2902 φόνου
3309 2835 3500 2906 τρόπῳ
3533 2839 3750 2908 περιπί-

2186 2943 2308 2978 πτει
2340 2925 2418 2995 τῷ
2453 2924 2526 2997 μὴ
2561 2925 2701 2979 κατὰ
2731 2924 2890 2995 φύσιν
2915 2925 3069 2996 κακῷ
3103 2926 3344 2998 θανάτηγ
3369 2930 3467 2982 καὶ
3497 2929 3748 3001 εὑρεθείη

2185 3019 2237 3086 γ’
2270 3016 2336 3070 ἄν
2383 3016 2519 3087 αῦτη
2553 3015 2694 3070 κατὰ
2741 3017 2940 3082 πολλὰς
2965 3018 3060 3072 καὶ
3092 3020 3340 3084 ποικίλας
3385 3021 3570 3086 αίτίας
3613 3039 3749 3093 συμ-

2185 3111 2464 3175 ϐαίνουσα,
2498 3111 2590 3176 οὓς
2623 3113 2910 3183 περίεργον
2938 3113 3004 3168 ἂν
3038 3113 3121 3185 εἴη
3157 3115 3529 3186 καταριθμεῖν.

2255 3205 2458 3273 Δικαίῳ
2487 3205 2595 3276 γὰρ
2621 3206 2714 3258 καὶ
2735 3204 2904 3274 ἀδίκῳ
2936 3204 3076 3258 κατὰ
3094 3205 3344 3278 διάφορον
3370 3209 3548 3261 αἰτίαν
3579 3209 3750 3263 ταυτδ

2187 3296 2498 3366 συμϐαίνει⁸
2545 3295 2668 3348 οὔτε
2718 3295 2796 3366 τῷ
2840 3296 3032 3368 δικαίῳ
3078 3297 3214 3369 πρὸς
3258 3297 3479 3370 βλάϐην,
3518 3299 3645 3354 οὕτε
3674 3301 3752 3372 τῷ

2183 3387 2355 3458 ἀδίκῳ
2395 3388 2532 3457 πρὸς
2575 3389 2842 3460 τιμωρίαν
2887 3388 2976 3458 (ού
3019 3389 3127 3461 γάρ
3171 3390 3236 3444 ἂν
3271 3392 3356 3462 εἴη
3402 3393 3650 3464 τιμωρία
3688 3394 3750 3446 τὸ

2185 3480 2325 3534 κατὰ
2357 3479 2569 3550 φύσιν),
2601 3481 2735 3534 ἀλλὰ
2774 3481 2910 3551 πρὸς
2943 3482 3263 3552 ὑπόδειγμα,
3293 3482 3327 3553 ἢ
3359 3483 3498 3555 πρὸς
3532 3485 3748 3538 κόλασιν

2185 3573 2496 3643 ἀνηκέστων
2528 3572 2729 3626 κακῶν.
2759 3573 2865 3626 Καί
2887 3573 3052 3626 πολλά
3071 3590 3135 3641 γε
3155 3573 3222 3626 τὰ
3242 3573 3392 3627 αἴτια
3407 3574 3506 3626 τοῦ
3542 3592 3747 3646 συγχω-

2188 3667 2301 3736 ρεῖν
2344 3664 2475 3717 Θεὸν
2519 3665 2840 3734 φονεύεσθαι
2885 3665 3199 3736 ᾶνθρωπον’
3250 3665 3411 3736 δῆλον
3440 3667 3648 3735 μέντοι,
3678 3667 3748 3730 ὡς

2181 3754 2334 3807 οὐδὲν
2381 3755 2538 3808 πλέον
2584 3756 2678 3809 τοῦ
2712 3756 2849 3810 κατὰ
2887 3757 2986 3826 τῆς
3022 3755 3234 3825 φύσεως
3269 3757 3584 3828 ὡρισμένου
3617 3776 3751 3830 συμο

2183 3846 2386 3900 ϐαίνει·
2429 3846 2530 3901 κᾶν
2581 3848 2690 3920 γὰρ
2730 3845 3045 3924 διάφορονῇ
3100 3851 3160 3903 τὸ
3203 3849 3303 3919 τῆς
3353 3852 3749 3923 περιστάσεως,

2185 3937 2419 4008 πυρετοῦ
2461 3955 2520 3991 τε
2559 3940 2652 3992 καὶ
2683 3938 2999 4010 πλησμονῆς
3041 3939 3304 4011 ἀμέτρου,
3339 3939 3371 4010 ἦ
3417 3939 3749 3996 τούναντίον.

2184 4026 2380 4097 λιμοῦ,
2412 4027 2616 4098 ψύχους
2657 4045 2716 4082 τε
2774 4031 2868 4083 καὶ
2911 4029 3188 4101 καύματος
3215 4071 3228 4093 ,
3265 4029 3509 4101 χώματός
3551 4047 3612 4082 τε
3648 4033 3746 4083 καὶ

2181 4117 2481 4190 λιθασμοῦ,
2521 4120 2706 4190 ῌφους
2759 4138 2819 4174 τε
2858 4123 2952 4175 καὶ
2991 4121 3162 4194 πυρὸς
3219 4123 3311 4176 καὶ
3347 4121 3563 4184 ὕδατος·
3598 4120 3742 4174 ἀλλὰ

2181 4228 2245 4279 γε
2290 4215 2349 4265 ὲν
2406 4213 2615 4278 τούτοις
2664 4214 2866 4268 ἅπασιν
2903 4214 2961 4267 ἓν
3002 4231 3067 4283 γε
3112 4214 3172 4267 τὸ
3219 4213 3520 4268 άποὸαῖνον.
3574 4212 3641 4264 Τί
3692 4213 3742 4266 δ’

2181 4304 2246 4358 ἄν
2307 4303 2390 4375 εἴη
2449 4304 2638 4371 τοῦτο;
2693 4306 2754 4360 τὸ
2803 4307 2942 4380 πρὸς
2995 4307 3089 4360 τοῦ
3142 4305 3480 4379 Δημιουργοῦ
3559 4305 3742 4368 καλῶς

516 4413 663 4460 recte
690 4409 743 4458 et
776 4402 976 4457 utiliter
1007 4400 1060 4453 in
1093 4399 1350 4453 universo
1370 4411 1566 4469 genere
1591 4397 1949 4451 constitutum
1972 4403 2075 4450 est.

2191 4412 2243 4465 γε
2285 4397 2378 4449 καὶ
2426 4398 2808 4469 προσηκόντως
2855 4399 3155 4472 ὡρισμένον
3215 4400 3360 4454 κατὰ
3405 4401 3604 4463 παντὸς
3649 4400 3745 4454 τοῦ

2177 4487 2384 4555 γένους.

1515 4626 1644 4683 Car.
1685 4625 1918 4682 XXVIII.
1961 4626 2182 4697 Sapiens
2216 4632 2398 4685 mundi
2426 4631 2754 4702 gubernatio.

579 4750 672 4806 Sic
713 4751 894 4822 igitur,
927 4764 992 4804 ac
1036 4747 1222 4804 multis
1262 4747 1421 4802 etiam
1462 4747 1585 4801 aliis
1626 4745 1801 4801 modis
1844 4747 2072 4801 demono

511 4844 670 4900 strari
695 4851 892 4913 potest,
929 4841 1061 4896 nihil
1099 4855 1222 4896 esse
1265 4841 1318 4893 in
1356 4839 1560 4892 fabrica
1610 4837 1800 4890 mundi
1835 4837 2075 4904 malum;

512 4952 686 5007 neque
713 4934 1008 5006 quidquam
1052 4932 1107 4986 in
1140 4929 1536 5002 gubernatione
1563 4927 1769 4989 divina,
1801 4925 1944 4995 quod
1989 4941 2080 4981 re-

511 5027 769 5099 prehendi
805 5026 1001 5097 possit,
1031 5025 1125 5081 sed
1163 5023 1346 5078 omnia
1392 5019 1760 5090 inexplicabili
1809 5017 2078 5088 sapientia

511 5121 653 5175 facta
697 5135 839 5184 esse,
888 5130 941 5174 et
976 5115 1315 5188 providentia
1353 5112 1610 5168 ineffabili
1657 5108 1949 5180 gubernari
1978 5128 1990 5164 :
2018 5120 2078 5164 ut

511 5230 617 5268 non
658 5214 728 5269 sit
770 5213 928 5269 facile
959 5227 1146 5266 eorum
1193 5225 1312 5280 quae
1362 5224 1391 5262 a
1444 5207 1555 5262 Deo
1595 5205 1738 5260 facta
1779 5212 1926 5269 sunt,
1960 5212 2076 5257 tum

509 5323 630 5376 quae
660 5307 872 5368 suavia,
907 5314 1016 5359 tum
1045 5320 1164 5374 quae
1187 5303 1366 5357 tristia
1395 5310 1450 5356 ct
1477 5300 1704 5354 molesta
1733 5315 1854 5355 esse
1884 5297 2073 5350 viden-

2256 4749 2405 4802 Οὕτω
2440 4750 2536 4820 μὲν
2572 4747 2664 4804 οὖν
2697 4752 2790 4804 καὶ
2829 4750 2969 4804 κατὰ
3001 4751 3224 4814 πολλοὺς
3260 4751 3485 4822 ἐτέρους
3518 4754 3749 4823 τρόπους

2177 4839 2408 4912 δειχθείη
2439 4842 2505 4895 ἂν
2541 4843 2691 4894 οὐδὲν
2718 4842 2826 4895 τῶν
2865 4841 3006 4896 κατὰ
3035 4844 3134 4914 τὴν
3168 4841 3531 4914 δημιουργίαν
3559 4844 3744 4902 κακὸν,

2176 4931 2298 4985 οὕτε
2353 4933 2448 5004 μὲν
2494 4934 2592 5004 τῆς
2635 4932 2783 4995 θείας
2843 4933 3150 5004 οἰκονομίας
3189 4951 3240 4986 τι
3287 4932 3742 5003 διαϐεϐλημένον·

2179 5022 2314 5076 ἀλλὰ
2343 5023 2518 5076 πάντα
2553 5023 2650 5094 μὲν
2679 5025 2902 5096 ἀρρήτῳ
2932 5024 3091 5095 σοφία
3123 5023 3485 5094 γεγενημένα,
3522 5024 3746 5093 ἁῤῥήτῳ

2178 5113 2234 5168 δὲ
2268 5116 2493 5188 προνοίᾳ
2523 5115 2900 5187 διοικούμεναο
2944 5118 3019 5181 ὡς
3047 5117 3146 5169 οὐκ
3199 5117 3261 5170 ἂν
3301 5116 3384 5186 εἴη
3416 5117 3599 5187 ῥᾴδιον
3639 5113 3745 5166 τῶν

2181 5205 2313 5275 πρὸς
2345 5205 2478 5258 θεοῦ
2509 5207 2841 5276 γιγνομένων
2871 5205 3124 5278 χρηστῶν
3156 5224 3213 5259 τε
3261 5208 3354 5259 καί⁵
3397 5202 3554 5268 αὖθις
3595 5205 3745 5256 ἀνια-

2179 5295 2287 5366 ρῶν
2328 5291 2466 5348 εἶναι
2511 5296 2809 5351 δοκούντων
2852 5297 2942 5350 τὸν
2989 5297 3113 5350 νοῦν
3165 5295 3644 5367 καταμανθάνειν
3684 5293 3740 5346 ού

511 5409 618 5460 tur,
664 5397 929 5452 rationem
966 5396 1277 5466 perspicere
1307 5407 1371 5447 ac
1410 5389 1875 5462 comprehendere
1913 5407 1925 5442 :
1959 5403 2068 5442 non

2191 5390 2242 5456 (ὰ
2250 5406 2281 5460 ρ
2315 5388 2481 5461 ὲχρῆν
2507 5389 2615 5461 (42)
2644 5407 2729 5459 γε,
2765 5390 2840 5454 ὡς
2865 5389 3028 5454 ἔοικε,
3060 5389 3202 5442 κατὰ
3226 5391 3338 5452 τοῖς
3367 5389 3536 5442 πᾶσιν
3570 5384 3740 5458 Gnip-

582 5573 688 5628 (42)
733 5575 947 5630 Πίνόγὴρ
984 5570 1189 5636 ἐχρῆν.
1218 5568 1526 5640 Occurrunt
1580 5565 1684 5640 ista
1731 5565 1784 5640 i_n
1830 5561 2085 5640 PaArallel.

2191 5583 2384 5625 amasc.
2435 5565 2542 5622 Iitt.
2586 5582 2642 5633 χ,
2674 5567 2761 5623 tit.
2797 5581 2951 5635 anu,
3010 5581 3130 5640 pag.
3199 5567 3321 5630 783,
3362 5581 3537 5637 eaque
3581 5565 3738 5620 habes

511 5642 654 5697 infra
687 5644 739 5696 in
773 5632 1066 5711 εαρριοηίζξ
1095 5632 1215 5710 quae
1247 5640 1333 5695 his
1358 5637 1514 5693 libris
1540 5632 1927 5706 subjecimus§
1960 5648 2030 5688 tv.
