3968 6914
235 254 376 310 “89

1284 251 1650 310 ADVERSUS
1689 253 2112 310 MANICHAEOS
2149 253 2274 309 LIB.
2315 254 2377 309 lt.

3332 261 3469 316 “90

230 389 353 443 χειν
381 371 478 442 τῆς
501 369 594 424 τοῦ
625 369 757 424 Θεοῦ
787 369 981 440 σοφίας
1007 368 1118 441 (ιδ)
1152 370 1220 423 τά
1254 372 1549 444 τεκμήρια,
1588 373 1682 426 καὶ
1709 372 1798 426 τὸν

1902 371 2064 434 enim,
2097 379 2156 424 ut
2179 371 2410 432 videtur,
2439 369 2735 440 Oportebat
2761 378 2950 439 patere
2977 371 3234 429 omnibus
3263 373 3469 432 divina:

231 460 473 531 ἄρρητον
512 459 603 512 καὶ
633 458 1013 528 ἀκατάληπτον
1054 457 1177 511 νοῦν
1212 459 1389 531 πάντη
1430 463 1634 532 γυμνὸν
1664 460 1802 515 εἷναι

231 547 577 620 ἀνθρώποις·
636 549 770 602 ὅπου
813 567 874 619 γε
922 551 1016 604 καὶ
1075 549 1336 620 βασιλέως
1379 551 1664 624 ἀνθρώπου
1705 556 1801 608 καὶ

231 641 493 712 ἄρχοντος
543 639 688 694 ἔστιν
739 643 826 694 ὅτε
872 641 938 694 τά
994 641 1218 694 πλεῖστα
1270 642 1378 696 τῶν
1424 643 1801 716 βουλευμάτων

235 731 542 802 κέκρυπται
565 731 675 801 (44)
697 749 710 762 ·
735 732 809 796 ὡς
833 733 925 786 καὶ⁵
948 732 1007 786 τὸ
1030 732 1399 805 πραττόμενον
1422 735 1614 789 ἄδολον
1638 733 1797 805 εἶναι,

235 823 344 892 ὅτῳ
376 821 518 893 λόγῳ
545 823 864 894 πράττεται.

307 914 382 966 Οὐ
438 915 617 967 τοίνυν
658 915 868 986 θαῦμα,
904 919 951 969 εἰ
996 917 1271 991 ἄνθρωποί
1311 937 1373 988 γε
1419 919 1492 991 μὴ
1535 921 1800 992 χωροῦσιν

236 1002 368 1076 ὅλης
387 1006 484 1074 τῆς
511 1005 826 1077 διοικήσεως
852 1007 944 1060 τοῦ
976 1008 1110 1062 Θεοῦ
1136 1009 1226 1062 τὸν
1249 1011 1425 1080 λόγον,
1442 1007 1522 1075 οἷς
1546 1014 1800 1084 ἁρμόττει

236 1097 333 1150 καὶ
363 1096 484 1167 δίχα
511 1097 603 1150 τοῦ
640 1098 1108 1170 πολυπραγμονεῖν
1142 1101 1460 1157 ὑποκεῖσθαι
1488 1106 1580 1158 καὶ
1599 1105 1801 1175 ἡσυχά-

239 1185 376 1251 ζειν,
411 1190 502 1242 καὶ
529 1190 728 1261 ἥκιστα
757 1193 1032 1264 ἀνταίρειν
1064 1195 1202 1248 κατά
1243 1195 1343 1264 τῆς
1387 1196 1627 1268 ἀρρήτου
1668 1197 1799 1251 διοι-

237 1280 472 1349 κήσεως.
491 1279 755 1344 Πολλάκις
773 1283 842 1350 γά
850 1299 879 1353 ρ
898 1283 1016 1335 οὐδὲ
1037 1283 1284 1355 τεχνίτην
1299 1286 1474 1338 εῖτουν
1495 1286 1801 1357 οἰκοδομίας

236 1369 270 1438 ἦ
305 1372 612 1440 ναυπηγίας
643 1371 675 1442 ἧ
705 1373 1065 1444 χαλκευτικῆς
1090 1375 1350 1448 ἔμπειρον
1385 1377 1686 1448 αἰδούμενοι
1713 1396 1802 1432 πε-

240 1459 661 1532 ριεργαζόμεθα,
687 1463 942 1518 ποιοῦντά
972 1482 1035 1534 γε
1068 1466 1130 1519 τὸ
1156 1469 1350 1520 οἰκεῖον
1377 1467 1603 1521 ἕκαστον
1624 1486 1636 1499 ·
1666 1469 1800 1523 ἀλλά

235 1553 300 1622 τῇ
328 1553 496 1624 πείρᾳ
521 1554 1044 1620 καταπιστεύσαντες
1067 1558 1392 1630 ὲκδεχόμεθα
1411 1557 1634 1633 τοῦργον
1655 1563 1796 1616 ἰδεῖνο

235 1641 353 1695 εστι
385 1643 441 1697 δὲ
468 1645 554 1698 ὅτε
582 1646 675 1699 καὶ
708 1647 1088 1720 σφαλλομένων
1117 1651 1215 1705 ούκ
1238 1653 1693 1710 ὲπαισθανόαεθα.

306 1822 378 1874 Τί
408 1822 452 1875 δ’
487 1823 554 1878 ἂν
600 1823 850 1898 εἴποιμεν
901 1827 1028 1899 περὶ
1072 1827 1174 1898 τῆς
1222 1828 1361 1900 ὑπὲρ
1404 1830 1618 1883 ἅπαντα
1679 1828 1802 1883 νοῦν

234 1913 433 1982 σοφίας
475 1913 569 1967 τοῦ
602 1913 759 1983 Θεοῦ,
787 1917 856 1986 ἢν
904 1918 1146 1988 προσῆκε
1190 1917 1444 1983 νοοῦντάς
1497 1937 1556 1972 τε
1603 1919 1801 1992 καὶμὴ

231 2005 493 2071 νοοῦντας
519 2007 912 2080 ἐκπλήττεσθαί
933 2027 1002 2065 ,τε
1044 2011 1138 2065 καὶ
1163 2012 1326 2082 τιμᾷν
1351 2027 1365 2077 ;
1412 2012 1472 2065 Ei
1496 2012 1553 2065 δέ
1584 2029 1685 2076 τις,
1714 2012 1802 2065 διά

226 2097 286 2149 τὸ
313 2097 404 2168 μὴ
455 2097 889 2169 καταλαμϐάνειν
913 2100 1004 2154 τὸν
1037 2101 1192 2170 λόγον
1235 2100 1342 2156 τῶν
1392 2103 1649 2156 πλειόνων
1693 2103 1801 2156 τῶν

233 2189 378 2259 πρὸς
409 2188 504 2241 τοῦ
541 2187 676 2242 Θεοῦ
725 2172 1094 2259 γιγνομένων,
1125 2193 1344 2267 ἐκπέσοι
1396 2195 1530 2266 πρὸς
1568 2196 1800 2259 ἀτόπους

237 2276 381 2331 κατά
417 2277 550 2331 Θεοῦ
579 2278 753 2342 δόξας,
787 2280 1116 2346 ἀθλιώτατος
1159 2283 1252 2337 καὶ
1291 2283 1409 2336 λίαν
1441 2284 1549 2356 (45)
1578 2285 1801 2356 ἀνόητος

237 2372 265 2422 ὁ
293 2369 556 2434 τοιοῦτος,
594 2372 727 2444 αὐτῇ
759 2389 822 2442 γε
851 2376 915 2445 τῇ
951 2375 1237 2446 τυφλότητι
1268 2377 1366 2448 τῆς
1403 2377 1538 2441 ίδίας
1565 2378 1801 2443 διανοίας

236 2461 421 2534 ὁδηγῷ
465 2462 774 2534 χρώμενος·
821 2465 1008 2538 ὥσπερ
1050 2470 1078 2521 ό
1119 2469 1308 2538 Μάνης
1346 2472 1374 2523 ό
1415 2469 1800 2543 χαλεπωτάτην

241 2555 444 2624 μανίαν
474 2556 614 2610 κατά
655 2573 718 2626 γε
750 2557 858 2611 τῶν
891 2557 1040 2629 αὐτῷ
1092 2559 1424 2631 πειθομένων
1474 2563 1797 2633 ἐπινοήσας

237 2647 360 2700 ἐπεὶ
397 2647 469 2719 μὴ
518 2649 781 2702 κατέλαϐε
813 2649 939 2704 τίνα
979 2651 1175 2722 τρόπον
1215 2652 1283 2706 τά
1336 2653 1456 2706 καθ’
1487 2654 1634 2724 ἡμᾶς
1669 2653 1801 2707 διοι-

238 2742 452 2803 κεῖται,
497 2741 752 2813 δευτέραν
781 2744 953 2814 ἀρχὴν
1001 2744 1232 2816 ἄναρχον
1277 2745 1475 2809 κακίας
1508 2745 1798 2812 ἐπλάσατο,

239 2831 327 2885 ἵνα
384 2834 477 2886 καὶ
513 2834 618 2886 τῶν
663 2833 773 2888 ἀνω
809 2836 1017 2907 σφαλῇ,
1054 2838 1148 2891 καὶ
1200 2839 1265 2892 τά
1304 2838 1453 2893 κάτω
1505 2838 1692 2908 νοῆσαι
1726 2837 1800 2910 μὴ

240 2923 591 2996 συγχωρηθῇ,
620 2924 838 2978 τοιαῦτα
868 2928 1009 2982 κατά
1040 2927 1134 2980 τοῦ
1168 2928 1300 2981 Θεοῦ
1335 2929 1441 2981 τῶν
1465 2928 1600 2982 ὅλων
1630 2927 1798 2982 πλατ-

237 3014 486 3085 τόμενος,
515 3012 604 3070 οἶά
630 3034 692 3085 γε
721 3018 818 3090 τὴν
844 3019 1190 3084 ἀνεξικακίαν
1228 3021 1392 3076 αὑτοῦ
1416 3023 1512 3092 τὴν
1541 3023 1798 3076 ἀνωτάτω

241 3107 534 3178 κηρύττειν
553 3127 565 3142 ’
593 3109 752 3164 διεῖλε
779 3112 884 3184 γάρ
921 3113 989 3166 τά
1021 3113 1115 3167 τοῦ
1150 3113 1306 3178 Θεοῦ,
1346 3115 1439 3168 καὶ
1468 3114 1537 3166 τά
1576 3114 1803 3168 πλεῖστά

244 3215 306 3266 γε
330 3200 562 3274 ἀνέθηκε
595 3206 659 3274 τῇ
690 3203 764 3276 μὴ
791 3205 923 3277 οῦσῃ
945 3207 1110 3278 κακίᾳ
1129 3224 1143 3237 ·
1175 3208 1439 3272 παντοίως
1470 3207 1802 3278 βλασφημῶν

246 3291 336 3346 τὸν
367 3295 738 3367 Δημιουργὸν,
775 3299 839 3350 ὲκ
883 3299 1081 3362 κακίας
1130 3299 1446 3366 συγκεῖσθαι
1487 3299 1658 3367 λέγων
1708 3298 1800 3352 τοῦ

245 3382 379 3438 Θεοῦ
405 3384 474 3438 τά
502 3385 920 3458 κατορθώματα.

1903 461 2182 530 sapientiae
2213 459 2415 513 indicia
2457 466 2511 513 et
2553 467 2788 513 mentem
2828 458 2946 523 Dei,
2981 475 3104 530 quat
3150 477 3250 518 nec
3295 467 3471 537 expli-

1902 551 2014 603 cari
2047 565 2222 618 neque
2246 548 2634 618 comprehendi
2660 558 2864 619 potest,
2897 551 3122 605 omnino
3173 552 3375 608 nudam
3416 565 3471 612 ct

1901 648 2141 710 apertam
2185 655 2308 694 esse
2350 639 2695 704 hominibus;
2745 638 3188 708 quandoquidem
3237 643 3470 710 plurima

1899 733 2062 787 etiam
2093 733 2334 787 hominis
2372 732 2518 802 regis
2541 731 2772 786 consilia
2803 731 3080 786 interdum
3111 734 3384 800 celantur,
3411 747 3472 790 ut

1898 825 2042 895 quod
2071 825 2270 895 agitur,
2299 839 2408 893 qua
2442 823 2654 878 ratione
2683 822 2793 889 fiat,
2834 823 3135 894 ignoretur.

1967 914 2144 981 Quare
2176 931 2284 970 non
2338 915 2536 968 mirum
2585 922 2692 978 εει,
2740 915 2789 970 si
2838 915 3012 970 totius
3054 916 3470 986 gubernationis

1901 1005 1994 1061 Dei
2021 1007 2285 1060 rationem
2330 1021 2440 1060 non
2470 1006 2798 1076 percipiunt,
2843 1021 2982 1077 quos
3028 1005 3184 1061 decet
3219 1009 3339 1063 sine
3369 1024 3469 1064 cu-

1901 1099 2147 1154 riositate
2171 1098 2450 1167 subjectos
2480 1113 2604 1154 esse
2633 1106 2686 1154 et
2715 1099 2899 1163 silere,
2939 1107 2994 1154 et
3026 1100 3250 1155 minime
3274 1113 3466 1156 contra

1899 1190 2138 1245 divinam
2179 1190 2628 1261 gubernationem
2671 1190 2877 1246 dicere.
2925 1191 3077 1261 Saepe
3124 1193 3270 1246 enim
3301 1193 3469 1262 pudet

1899 1297 2000 1336 nos
2022 1282 2078 1335 in
2116 1282 2474 1335 architectum
2506 1281 2740 1352 peritum
2775 1291 2868 1335 aut
2895 1281 3279 1338 aediﬁcatorem
3310 1285 3470 1340 navis

1898 1381 2177 1442 expertum
2221 1381 2314 1426 aut
2356 1373 2411 1426 in
2441 1373 2656 1427 fabrum
2689 1381 2993 1444 spectatum
3036 1376 3252 1432 curiose
3287 1377 3470 1448 inqui-

1900 1478 2040 1527 rere,
2072 1478 2192 1518 cum
2217 1463 2449 1534 quisque
2476 1479 2667 1519 eorum
2696 1466 2840 1535 quod
2871 1467 3006 1522 artis
3028 1483 3138 1521 suae
3163 1475 3267 1534 est,
3301 1468 3466 1535 facit;

1899 1555 2032 1625 quin
2073 1557 2255 1626 potius
2296 1557 2668 1625 experimento
2705 1557 2924 1621 conﬁsi,
2967 1545 3368 1627 exspectamus,
3407 1564 3468 1610 ut

1823 1663 1827 1668 ‘
1899 1661 2040 1716 opus
2070 1645 2376 1702 videamus.
2419 1644 2699 1718 Contingit
2729 1649 2893 1703 etiam
2933 1649 3251 1720 aliquando,
3295 1656 3355 1703 ut
3383 1648 3466 1702 la»

1832 1721 1875 1776 Β
1904 1753 2058 1808 psum
2095 1753 2283 1793 eorum
2315 1752 2424 1793 non
2455 1739 2775 1794 sentiamus.

1973 1823 2114 1889 Quid
2148 1824 2395 1879 dicemus
2421 1824 2488 1880 de
2512 1825 2780 1895 sapientia
2803 1826 2922 1890 Dei,
2950 1827 3042 1898 qui
3073 1843 3291 1886 omnem
3321 1845 3468 1888 men-

1899 1921 2006 1969 tem
2036 1922 2090 1969 et
2123 1915 2536 1986 intelligentiam
2585 1925 2826 1987 superat,
2857 1934 3019 1990 quam
3049 1921 3266 1990 quidem
3302 1937 3466 1992 opor-

1899 2008 2047 2062 tebat
2070 2007 2183 2062 sive
2218 2023 2340 2062 eam
2379 2008 2763 2078 intelligentes.
2800 2011 2917 2065 sive
2951 2026 3062 2065 non
3099 2012 3468 2083 intelligean

1899 2097 2285 2169 obstupescere
2311 2106 2366 2154 et
2393 2099 2702 2155 honorare?
2737 2101 2794 2155 Si
2832 2104 2956 2173 quis
2979 2119 3110 2158 vero
3137 2106 3264 2174 quia
3304 2107 3469 2161 ratio-

1899 2206 2024 2246 nem
2070 2191 2368 2247 multorum
2401 2208 2522 2262 qua:
2565 2209 2595 2247 a
2633 2193 2743 2249 Deo
2775 2196 2929 2262 fiunt,
2985 2211 3094 2250 non
3127 2199 3460 2268 assequitur,

1899 2283 2111 2340 decidat
2137 2284 2194 2339 in
2227 2285 2496 2340 ahsurdas
2517 2285 2585 2340 de
2616 2285 2737 2364 Deo
2766 2286 3078 2357 opiniones,
3117 2290 3461 2344 miserrimus

1899 2385 1955 2432 et
1986 2378 2142 2433 valde
2172 2379 2374 2435 stultus
2411 2388 2465 2434 et
2504 2380 2772 2450 insipiens
2801 2390 2907 2444 est,
2943 2382 3034 2439 hic
3067 2383 3186 2454 ipsa
3213 2385 3460 2439 excitate

1899 2470 2096 2525 mentis
2139 2486 2251 2526 sua:
2300 2478 2557 2542 tanquam
2603 2473 2741 2528 duce
2779 2482 2959 2539 utens,
3005 2485 3063 2531 ut
3106 2475 3462 2538 Manichacus,

1900 2561 1994 2632 qui
2046 2562 2316 2618 insaniam
2357 2564 2836 2621 sceleratissimam
2876 2576 3068 2622 contra
3117 2583 3212 2625 eos
3265 2573 3357 2639 qui
3415 2570 3463 2624 ei

1901 2655 2270 2721 crediderunt,
2315 2657 2642 2728 excogitavit
2673 2678 2685 2713 :
2716 2661 2835 2729 qui,
2876 2661 3004 2728 quia
3053 2677 3162 2715 non
3197 2661 3466 2716 intellexit

1900 2745 2173 2814 quomodo
2207 2755 2394 2800 nostra
2427 2744 2570 2802 Deus
2604 2748 2955 2818 gubernaret,
2989 2751 3291 2806 secundum
3317 2753 3465 2820 prin-

1901 2836 2101 2906 cipium
2155 2837 2455 2907 ingenitum
2498 2837 2755 2908 nequitia:
2804 2838 2978 2904 tinxit,
3023 2847 3081 2894 ut
3126 2841 3195 2896 ab
3235 2840 3304 2896 iis
3344 2857 3466 2911 qua:

1901 2936 2030 2982 sunt
2051 2942 2214 2996 supra
2249 2926 2630 2994 delaberetur;
2663 2938 2715 2983 et
2732 2945 2796 2984 ea
2831 2945 2953 3000 quae
2990 2930 3132 2985 infra
3167 2940 3225 2987 ut
3257 2932 3463 2987 intelli-

1901 3027 2070 3090 geret,
2105 3035 2211 3073 non
2242 3021 2293 3075 ei
2341 3021 2756 3086 concederetur,
2792 3037 2856 3076 ea
2889 3023 2944 3076 in
2976 3021 3142 3078 Deum
3181 3025 3467 3080 universo—

1903 3127 2020 3164 rum
2061 3111 2291 3182 tlugens,
2331 3107 2452 3181 qua:
2477 3114 2793 3181 patientiam
2825 3113 2944 3182 ejus
2982 3115 3302 3170 altissimam
3334 3132 3468 3186 pra:-

1901 3203 2149 3258 dicarent
2177 3222 2190 3258 :
2222 3203 2404 3258 divisit
2436 3205 2580 3259 enim
2612 3219 2676 3260 ea
2715 3219 2835 3275 quat
2859 3205 2951 3260 Dei
2995 3214 3156 3274 sunt;
3194 3215 3247 3262 et
3275 3223 3462 3263 eorum

1901 3295 2136 3365 plurima
2167 3294 2233 3348 ad
2275 3296 2571 3365 nequitiam
2601 3310 2722 3366 qua
2772 3296 2908 3350 nihil
2958 3305 3062 3362 est,
3093 3299 3281 3354 retulit
3312 3317 3327 3352 :
3353 3316 3464 3354 om-

1901 3388 2064 3444 nibus
2113 3387 2291 3442 modis
2327 3387 2382 3441 in
2427 3386 2597 3442 Deum
2637 3387 3005 3458 blasphemus,
3045 3390 3137 3460 qui
3167 3391 3266 3458 ait,
3299 3407 3462 3464 opera

1902 3479 2046 3534 bona
2083 3476 2173 3533 Dei
2213 3478 2518 3548 composita
2547 3492 2669 3533 esse
2695 3492 2761 3532 ex
2785 3477 3047 3548 nequitia.

1351 3592 1478 3649 Car.
1513 3593 1702 3650 XXIX.
1745 3597 2018 3654 Elementa
2059 3594 2373 3651 necessaria.

313 3710 380 3764 Τί
405 3710 583 3764 τοίνυν
608 3711 739 3782 φαίη
768 3709 833 3764 ἂν
865 3711 993 3782 περὶ
1023 3710 1132 3765 τῶν
1161 3712 1344 3783 ἀρχῶν
1361 3713 1468 3767 τῶν
1495 3715 1796 3785 σωμάτων;

1963 3715 2102 3783 Quid
2146 3714 2312 3785 igitur
2338 3712 2546 3767 diceret
2591 3711 2659 3766 de
2688 3711 2974 3784 principiis
3007 3726 3298 3782 corporum
3343 3729 3464 3783 qua:

242 3802 518 3874 Τέσσαρες
553 3803 650 3872 μὲν
674 3802 780 3874 γάρ
809 3796 987 3868 αὗται,
1018 3803 1055 3857 ἃ
1092 3803 1154 3873 δὴ
1192 3805 1284 3857 καὶ
1325 3804 1508 3859 καλεῖν
1548 3807 1799 3861 εἰώθασιν

1902 3813 2132 3878 quatuor
2189 3803 2458 3858 elementa
2526 3801 2788 3871 appellari
2850 3801 3290 3857 consueverunt?
3341 3818 3464 3873 qua:

239 3893 480 3964 τέσσαρα
510 3896 742 3964 στοιχεῖα
765 3911 779 3924 ⁹
820 3892 962 3965 ἅπερ
994 3895 1211 3948 ἐναντία
1248 3894 1346 3965 μὲν
1389 3896 1654 3968 ἀλλή)“⁰ις’
1707 3901 1799 3974 καὶ

1902 3897 2114 3969 quidem
2160 3897 2436 3950 contraria
2472 3893 2615 3949 inter
2656 3909 2715 3949 se
2743 3901 2892 3958 sunt,
2937 3901 2991 3948 et
3034 3893 3272 3963 perfecte
3299 3909 3468 3965 oppo-

242 3986 486 4057 ἑικριὸὦς
509 3986 855 4057 ἀντικείμενα
873 4003 886 4016 ·
930 3986 1080 4040 οὐδὲν
1108 3987 1165 4041 δὲ
1194 3987 1398 4042 τούτων
1425 3990 1706 4044 ἀποτελεῖν
1747 4009 1798 4045 τι

1902 3990 2022 4053 sita,
2051 3987 2260 4042 nullum
2282 3993 2486 4040 .autem
2521 3985 2716 4039 horum
2739 3992 2918 4055 potest
2941 3985 3239 4056 quidquam
3279 4000 3374 4056 per
3403 4001 3464 4041 se

243 4077 364 4131 καθ’
392 4078 551 4132 ἑαυτὸ
583 4077 802 4133 δύναται
826 4095 840 4108 ο
865 4079 917 4131 τί
938 4078 1046 4152 γάρ
1079 4079 1144 4133 ἂν
1166 4079 1251 4150 εἴη
1272 4079 1333 4132 τὺ
1362 4081 1522 4151 ξηρὸν
1554 4081 1680 4134 ἀνευ
1704 4081 1798 4135 τοῦ

1902 4078 2127 4133 eﬂicere.
2171 4077 2308 4144 Quid
2341 4077 2485 4130 enim
2533 4076 2658 4142 erit,
2711 4075 2920 4130 scilicet
2953 4075 3020 4128 ad
3061 4076 3462 4146 generationem

243 4168 444 4240 ὑγροῦ;
478 4169 511 4242 ἢ
535 4170 585 4223 τί
613 4169 658 4223 δ’
684 4169 749 4224 ἂν
779 4169 863 4241 είη
895 4170 954 4224 τὸ
978 4169 1176 4242 θερμὸν
1200 4159 1320 4242 δίχα
1345 4172 1437 4225 τοῦ
1464 4173 1703 4246 ψυχροῦ;
1734 4175 1795 4226 Ei

1902 4171 2166 4240 corporis,
2215 4168 2421 4224 siccum
2459 4169 2581 4224 sine
2610 4168 2874 4224 humido?
2922 4179 3014 4223 aut
3048 4169 3180 4240 quid
3222 4169 3458 4224 calidum

241 4260 333 4317 οῦν
362 4262 617 4317 ἐναντίων
640 4263 852 4326 σύνοδος
885 4263 1134 4317 ἀποτελεῖ
1159 4263 1337 4334 σῶμα,
1379 4268 1505 4318 ποῖα
1535 4266 1641 4318 τῶν
1670 4283 1795 4320 τεσ-

1901 4263 2018 4318 sine
2044 4261 2278 4333 frigido?
2310 4260 2366 4315 Si
2401 4262 2566 4331 igitur
2593 4262 2994 4316 contrariorum
3037 4262 3350 4330 conjunctio
3379 4262 3466 4316 ef-

243 4353 422 4426 σάρων
445 4355 648 4418 ἐκεῖνος
673 4352 932 4425 ἀναθήσει
947 4357 1012 4425 τῇ
1042 4355 1240 4417 κακίας
1265 4354 1297 4424 ἢ
1321 4359 1446 4408 ποῖα
1470 4355 1548 4426 τῷ
1569 4356 1792 4428 ἀγαθῷ;

1902 4354 2006 4408 ﬁcit
2031 4368 2251 4422 corpus,
2291 4367 2538 4421 quaenam
2582 4351 2673 4406 ille
2700 4366 2767 4405 ex
2799 4361 3033 4422 quatuor
3064 4351 3346 4405 elementis
3374 4366 3462 4404 rc-

242 4445 302 4498 Ei
331 4445 440 4516 γάρ
485 4447 542 4497 ὲν
573 4447 686 4508 τοῖς
719 4446 880 4498 πᾶσιν
925 4444 1126 4512 ἀγαθοῦ
1165 4462 1223 4498 τε
1259 4445 1352 4498 καὶ
1395 4446 1563 4499 κακοῦ
1602 4449 1797 4518 κρᾶσιν

140 4525 150 4542 ’
241 4536 588 4601 φαντάζεται,
625 4535 932 4603 ἐπάναγκες
969 4535 1160 4588 διελεῖν
1193 4535 1272 4598 είς
1300 4534 1393 4588 δύο
1426 4536 1494 4589 τά
1524 4537 1792 4609 τέσσαρα·

240 4627 332 4679 καὶ
363 4626 538 4680 ταῦτα
569 4628 741 4680 εῖτουν
791 4626 970 4696 ὲξίσης
999 4626 1299 4696 διαστῆσαι,
1341 4627 1372 4696 ἢ
1409 4627 1535 4697 τρία
1575 4629 1706 4699 πρὸς
1738 4630 1798 4683 ἒν

240 4720 492 4791 χωρίσαι·
522 4719 634 4773 ἀλλ’
655 4720 792 4790 ὅπερ
819 4719 883 4771 ἂν
911 4719 1172 4788 άπονέμοι
1201 4718 1277 4788 τῷ
1306 4718 1515 4789 ἀγαθῷ,
1548 4720 1794 4792 εὑρεθείη

241 4808 305 4863 ἂν
352 4811 475 4865 καθ’
507 4811 666 4864 ἑαυτὸ
704 4810 901 4880 βλάψαι
956 4810 1280 4879 δυνάμενον·
1335 4810 1483 4863 οὐδὲν
1531 4811 1637 4882 γάρ
1688 4813 1795 4865 τῶν

237 4904 514 4974 τεσσάρων
543 4904 798 4973 ἄκρατον,
839 4902 930 4955 καὶ
977 4903 1094 4973 οὐχὶ
1137 4902 1433 4974 σφαλερόν·
1463 4904 1658 4958 αὐτίκα
1700 4907 1795 4958 καὶ

239 4991 294 5042 ἐν
323 4996 390 5064 τῇ
425 4993 616 5063 κράσει
658 4993 719 5045 τὸ
750 4989 1038 5055 πλεονάζον
1086 4992 1306 5062 ὀλέθρου
1343 4993 1548 5061 γίνεται
1577 4994 1652 5064 τῷ
1692 4993 1796 5048 σώ-

243 5099 368 5151 ματι
401 5085 708 5156 παραίτιον,
744 5083 816 5148 ὥς
848 5102 1008 5154 φασιν
1031 5085 1080 5137 οἱ
1115 5086 1316 5138 τούτων
1346 5087 1616 5157 ἔμπειροι.

306 5346 368 5398 Ei
405 5348 579 5402 τοίνυν
608 5349 670 5402 τὸ
718 5349 812 5402 ιιὲν
847 5349 1045 5420 θερμὸν
1095 5348 1214 5402 καθ’
1249 5348 1410 5402 ἑαυτὸ
1454 5348 1619 5404 καίει.
1642 5350 1702 5402 τὸ
1735 5349 1794 5403 δὲ

1898 4443 2034 4501 feret
2075 4445 2142 4500 ad
2174 4444 2510 4514 nequitiam?
2552 4451 2647 4496 aut
2675 4457 2796 4513 quat
2845 4443 2912 4498 ad
2943 4443 3181 4497 bonum?
3227 4441 3283 4497 Si
3312 4444 3457 4497 enim

1897 4535 2227 4592 Manichmus
2253 4537 2306 4590 in
2330 4536 2587 4590 omnibus
2616 4535 2900 4590 elementis
2932 4535 3238 4590 mistionem
3255 4535 3379 4590 boni
3403 4543 3465 4588 et

1896 4631 2020 4684 mali
2047 4629 2570 4700 cogitationefingit,
2595 4643 2819 4682 necesse
2843 4635 2927 4682 est
2953 4627 3196 4683 dividere
3221 4638 3462 4699 quatuor

1897 4723 1950 4776 in
1981 4723 2110 4786 duo,
2141 4731 2194 4777 et
2220 4723 2333 4776 hzec
2362 4722 2571 4776 scilicet
2598 4721 2883 4790 ιειμιειίιει·
2913 4735 3205 4790 separare;
3235 4721 3321 4776 vel
3351 4723 3464 4775 tria

1896 4813 1951 4868 in
1998 4830 2203 4868 unum:
2239 4822 2294 4867 at
2327 4814 2690 4883 quodcunque
2743 4812 2941 4866 referat
2989 4812 3054 4866 ad
3099 4812 3322 4878 bonum,
3369 4829 3463 4867 re-

1895 4906 2132 4976 perielur
2160 4921 2321 4974 posse
2343 4920 2437 4974 per
2467 4921 2526 4959 se
2549 4919 2782 4970 nocere;
2817 4904 2943 4973 quia
2969 4904 3178 4959 nullum
3225 4918 3288 4958 ex
3320 4920 3454 4974 qua.

1894 5006 2018 5051 tuor
2047 4997 2328 5051 elementis
2360 5005 2445 5050 est
2478 5011 2674 5066 purum
2715 5010 2778 5049 ac
2807 5011 3039 5059 merum,
3072 5005 3124 5049 et
3168 5009 3277 5049 non
3311 4996 3461 5065 peri-

1893 5089 2175 5153 culosum;
2209 5103 2271 5142 ac
2301 5089 2562 5142 continuo
2588 5086 2732 5157 quod
2783 5087 2839 5140 in
2882 5088 3134 5142 mistione
3163 5087 3455 5151 redundat,

1891 5179 2120 5233 eilicitur
2150 5179 2365 5248 corpori
2401 5194 2568 5232 causa
2599 5177 2875 5242 interitus,
2909 5187 2968 5232 ut
3017 5178 3170 5232 aiunt
3203 5179 3297 5249 qui
3328 5190 3463 5233 sunt

1894 5268 1947 5321 in
1975 5267 2060 5322 his
2097 5268 2255 5337 periti
2283 5277 2335 5322 et
2363 5267 2670 5324 exercitati.

1963 5361 2020 5414 Si
2065 5376 2194 5432 ergo
2235 5360 2472 5414 calidum
2517 5361 2737 5430 quidem
2781 5376 2878 5431 per
2923 5376 2983 5417 se
3037 5362 3165 5426 urit,
3197 5361 3460 5433 frigidum

271 5501 416 5587 2(4,3)
460 5505 573 5587 Τῆς
595 5504 718 5587 ,τοῦ
749 5505 911 5587 ,Θεοῦ
957 5506 1195 5587 οςοςρίας.
1238 5505 1294 5560 In
1342 5505 1539 5587 Parali.
1591 5507 1791 5562 desunt

1902 5517 2024 5580 ὅλως
2055 5532 2154 5587 pro
2186 5517 2332 5587 ὅλης.

240 5574 566 5647 τῆςᾼσοςρίας.
595 5574 714 5629 Mox
749 5576 878 5647 ibid.
909 5575 1178 5647 γνώριμον
1223 5593 1322 5646 pro
1355 5577 1578 5647 γυμνόν.

308 5641 802 5715 (ΗγΚέκρυπται.
857 5641 1048 5700 Parali.
1082 5641 1630 5716 ’κρύπτεται.Ῥευιο
1670 5657 1790 5717 post

1959 5585 2072 5659 (45)
2111 5588 2220 5642 Καὶ
2250 5585 2416 5642 λίαν.
2446 5585 2643 5642 Parall.
2672 5587 2766 5640 κα)⁸
2797 5586 2976 5641 πάλιν.
