3984 6212
513 238 648 295 ΗΜ

1622 237 1759 292 τιτι
1801 235 2232 294 Βοετιιεινειε
2266 237 2570 295 EPlSCOPl

3583 241 3727 299 “93

508 370 638 413 vero
666 354 972 427 refrigerat,
1003 353 1209 408 siccum
1241 362 1423 407 autem
1459 352 1651 418 siccat,
1684 360 1739 408 et
1776 353 2059 409 humidum

2167 356 2366 429 ψυχρὸν
2390 356 2572 427 ψύχει,
2613 356 2851 428 ξηραίνει
2882 355 2939 408 δι
2971 354 3034 408 τὸ
3075 353 3259 426 ξηρὸν,
3297 355 3626 420 κατακλύζει
3665 364 3733 415 δὲ

509 448 790 503 humorem
841 443 1210 515 eﬂicitzquod
1258 444 1451 498 horum
1503 441 1612 499 Deo
1659 444 1917 498 attribuet
1966 444 2070 499 iste

511 537 738 609 planus?
771 538 948 607 ipsum
993 535 1136 590 enim
1179 550 1378 603 corpus
1422 542 1593 588 totum
1641 544 2067 590 consentaneum

511 637 687 682 estex
720 626 787 681 iis
812 624 1095 680 elementis
1137 624 1356 679 mistum
1397 639 1538 685 esse,
1583 638 1651 678 ex
1681 624 1880 693 quibus
1918 639 2069 678 com-

509 718 743 788 positum
786 724 870 772 est
907 726 961 770 et
993 731 1088 785 per
1133 730 1194 770 se
1230 714 1466 770 exsistit.
1520 714 1590 769 Ut
1635 726 1817 770 autem
1869 731 2067 769 unum-

506 807 760 880 quodque
789 808 1112 862 elementum
1139 807 1210 860 sit
1240 821 1307 860 ex
1332 806 1587 861 mistione
1616 820 1801 858 eorum
1834 806 2069 860 elemen-

508 910 687 956 torum
732 915 800 955 ex
849 899 1050 969 quibus
1092 897 1151 951 ﬁt
1192 898 1375 953 mistio
1422 911 1741 968 corporum,
1791 894 1905 949 ﬁeri
1957 910 2068 949 non

507 1000 705 1063 potest.
1736 998 1743 1005 '

575 1083 939 1148 Quamobrem
986 1082 1126 1137 ratio
1159 1097 1270 1137 non
1302 1082 1528 1152 patitur,
1579 1090 1638 1136 ut
1677 1079 1932 1151 quodque
1960 1079 2069 1133 sin-

505 1179 692 1247 gulare
732 1186 789 1231 et
815 1175 1159 1231 individuum
1188 1176 1512 1231 elementum
1543 1175 1598 1229 in
1645 1174 1754 1229 duo
1788 1172 2068 1227 contraria

508 1269 770 1339 principia
803 1268 1097 1330 dividatur,
1139 1274 1193 1323 et
1222 1267 1405 1321 mistio
1453 1266 1718 1336 cujusque
1760 1279 1951 1321 eorum
1982 1263 2069 1317 in-

504 1362 862 1417 troducatur:
895 1372 1055 1427 quam
1079 1357 1223 1411 enim
1253 1356 1701 1426 compositionem
1736 1353 2068 1425 excogitabit

507 1455 562 1509 in
607 1456 751 1510 sicco
788 1451 1049 1522 deceptor
1090 1450 1235 1506 iste?
1277 1465 1437 1520 quam
1474 1449 1781 1504 mistionem
1822 1447 1877 1502 in
1918 1459 2068 1501 mero

503 1555 561 1602 et
594 1561 731 1617 puro
779 1545 939 1614 igne?
983 1550 1078 1597 aut
1108 1557 1271 1613 quam
1319 1541 1836 1613 coagmentationem
1886 1539 1943 1593 in
1972 1538 2070 1592 fri-

2167 450 2229 502 τὸ
2252 449 2415 521 ὑγρόν
2438 466 2452 481 ⁶
2488 452 2640 502 ποῖον
2667 448 2922 516 λογιεῖται
2950 446 3155 499 τούτων
3181 449 3211 500 6
3243 447 3441 511 πλάνος
3472 447 3551 518 τῷ
3578 449 3733 520 ea};

2167 542 2299 595 αὑτὸ
2326 541 2424 611 μὲν
2448 540 2558 612 γὰρ
2601 539 2720 593 ὅλον
2746 540 2809 592 τὸ
2843 538 3002 609 σῶμα
3027 539 3224 608 κρᾶσιν
3250 538 3393 609 ἔχειν
3428 541 3495 592 ἐκ
3527 541 3738 595 τούτων

2167 636 2312 697 είκδς
2345 634 2412 688 δι’
2444 626 2519 687 ὧν
2557 634 2651 687 καὶ
2699 634 2977 699 σύγκειται
3024 631 3115 684 καὶ
3146 632 3480 700 ὑφέστηκενο
3525 634 3621 701 ἀφ’
3661 629 3737 687 ὧν

2166 726 2222 779 δὲ
2252 728 2286 795 ἡ
2334 727 2529 797 κρᾶσις
2561 726 2626 778 ὲκ
2671 726 2917 795 κράσεως
2957 718 3096 777 εἶναι
3145 724 3395 789 ἕκαστον,
3445 726 3551 779 οὑκ
3594 727 3735 780 ὲνδὲ-

2168 834 2339 887 χεται,

2242 1077 2400 1129 Ὥστε
2426 1075 2526 1128 οὑκ
2571 1074 2683 1145 ἔχει
2713 1074 2865 1142 λόγον
2892 1073 3068 1127 αὑτῶν
3110 1090 3173 1143 γε
3202 1075 3306 1127 τῶν
3337 1073 3566 1144 ἀτόμων
3596 1091 3728 1127 στοιρ

2168 1167 2329 1238 χείων
2359 1166 2584 1220 ἕκαστον
2616 1165 2999 1237 καταμερίζειν
3026 1168 3104 1230 εἰς
3135 1166 3378 1230 ἐναντίας
3408 1163 3503 1218 δύο
3536 1166 3730 1237 ἀρχὰς,

2169 1259 2263 1311 καὶ
2299 1260 2492 1330 κρᾶσιν
2524 1257 2701 1312 αὑτῶν
2742 1256 2971 1310 ἑκάστου
3012 1257 3375 1328 εἰσηγεῖσθαιο
3422 1259 3587 1312 ποίαν
3627 1260 3732 1329 γὰρ

2169 1352 2444 1422 ὲπινοήσει
2489 1349 2565 1421 τῷ
2618 1347 2766 1421 ξηρῷ
2811 1347 3057 1403 σύνθεσιν
3100 1352 3129 1402 6
3185 1349 3419 1415 πλάνοςς
3468 1352 3631 1404 ποίαν
3671 1352 3731 1407 ἃ

2170 1444 2365 1515 κρᾶσιν
2411 1441 2488 1513 τῷ
2537 1442 2762 1514 ἀκράτῳ
2811 1441 2977 1513 πυρί;
3020 1441 3052 1512 ἢ
3103 1440 3223 1494 τίνα
3292 1442 3609 1513 συμπλοκὴν
3648 1444 3729 1515 τῷ

2167 1534 2376 1606 ψυχρῷ,
2406 1533 2597 1605 ψυχρῷ
2637 1534 2808 1587 διόλου
2853 1534 3201 1603 τυγχάνοντις
3236 1534 3633 1606 παραπλησίως
3668 1534 3729 1588 δὲ

504 1640 650 1709 gido,
691 1636 837 1709 quod
882 1651 947 1691 ex
991 1643 1106 1689 toto
1137 1633 1396 1705 frigidum
1432 1633 1557 1689 est?
1602 1631 1851 1688 similiter
1884 1631 1938 1685 in
1966 1631 2070 1685 hu-
2131 1642 2141 1655 '
2175 1628 2267 1681 καὶ
2290 1626 2367 1698 τῷ
2389 1626 2559 1697 ὑγρῷ.

505 1731 672 1786 iuido.

574 1821 701 1877 "ac
717 1820 868 1877 enim
894 1818 1058 1875 unius
1080 1817 1286 1882 formis,
1320 1824 1377 1872 et
1408 1815 1684 1872 individua
1712 1817 1874 1888 plane
1903 1825 2061 1881 sunt;

504 1919 565 1966 ut
592 1910 801 1967 nullum
828 1909 1022 1964 horum
1054 1921 1151 1978 per
1179 1921 1240 1962 se
1269 1906 1446 1977 possit
1484 1906 1774 1974 exsistere,
1808 1905 1903 1962 sed
1942 1905 2065 1959 aliis

499 2002 773 2070 junctum.

2094 1710 2141 1769 Β

2239 1802 2500 1872 Μονοειδῆ
2529 1801 2638 1873 γὰρ
2666 1801 2758 1854 καὶ
2802 1785 3069 1872 ἀμέριστα
3102 1799 3285 1869 σαφῶς
3324 1800 3499 1854 ταῦτα
3528 1818 3617 1869 τυγ
3628 1802 3730 1871 χά-

2168 1912 2249 1949 νει
2265 1912 2277 1924 ·
2314 1894 2453 1947 ὥστε
2481 1893 2682 1946 τούτων
2703 1892 2933 1945 ἕκαστον
2958 1892 3079 1945 οὑδὲ
3108 1892 3371 1963 ὑποσταίη
3397 1892 3522 1946 καθ’
3548 1893 3729 1958 tam,

2167 1985 2303 2041 ἀλλά
2333 1986 2428 2038 καί
2457 1986 2552 2038 σὺν
2584 1983 2832 2054 ἀλλήλοις
2856 1983 2966 2053 ἔχει
2988 1983 3048 2041 τὸ
3071 1978 3227 2036 εἶναι.

1448 2132 1579 2189 ΕΜ».
1617 2130 1783 2187 XXX.
1824 2129 1971 2202 Ignis
1999 2129 2248 2200 optimus.
2281 2122 2507 2180 Manetis
2533 2122 2799 2177 delirium.

573 2251 779 2307 Insanit
800 2249 967 2321 igitur
996 2256 1049 2305 et
1074 2248 1294 2321 quidem
1327 2249 1652 2321 gravissima
1677 2248 1910 2313 insania,
1936 2262 2062 2302 cum

502 2354 712 2417 partem
742 2344 959 2414 quidem
1001 2344 1141 2415 ignis
1179 2344 1313 2398 dicit
1343 2359 1467 2400 esse
1505 2341 1655 2409 boni,
1694 2350 1904 2412 partem
1932 2354 2062 2396 vero

503 2437 650 2492 mali.
684 2436 779 2491 Est
812 2446 991 2491 autem
1031 2450 1252 2490 necesse
1281 2436 1357 2490 illi
1391 2434 1495 2490 hoc
1523 2433 1701 2490 facere
1733 2434 1789 2489 in
1821 2433 2062 2489 elemen-

500 2533 599 2592 tis.
645 2536 699 2584 et
749 2528 1010 2592 dividere,
1057 2543 1177 2598 qua:
1209 2527 1378 2582 dividi
1405 2542 1513 2582 non
1563 2534 1823 2597 possunt;
1857 2526 2063 2581 siccum

500 2623 649 2678 enim
676 2636 742 2676 ex
762 2628 881 2675 toto
910 2622 1115 2675 siccum
1143 2626 1245 2684 est,
1269 2626 1323 2674 et
1360 2633 1456 2688 per
1494 2633 1553 2673 se
1584 2618 1804 2672 siccitas
1831 2615 2064 2685 simplex

500 2722 588 2770 est
618 2722 671 2770 et
701 2714 864 2769 unius
894 2712 1081 2767 formae
1105 2731 1119 2766 :
1146 2718 1198 2766 et
1224 2709 1477 2781 frigidum
1522 2724 1696 2777 neque
1735 2707 2063 2778 cogitatione

501 2806 667 2861 dividi
699 2811 900 2877 potest,
954 2818 1078 2857 cum
1112 2802 1182 2857 sit
1214 2816 1381 2855 unum
1421 2815 1485 2854 ac
1532 2800 1765 2870 simplex
1803 2814 1872 2854 ex
1909 2806 2058 2863 toto;

501 2897 755 2953 similiter
788 2894 1071 2949 humidum
1097 2880 1150 2949 et
1179 2893 1436 2948 calidum.

2236 2242 2499 2296 Μαίνεται
2545 2236 2833 2311 τοιγαροῦν
2887 2238 3079 2310 μανίαν
3132 2238 3404 2309 χαλεπὴν,
3443 2240 3584 2293 ὅταν
3638 2238 3731 2291 τοῦ

2169 2331 2339 2403 πυρὸς
2381 2329 2442 2383 τὸ
2487 2329 2585 2401 μέν
2610 2345 2664 2382 τι
2711 2328 2801 2381 τοῦ
2834 2327 3035 2396 ἀγαθοῦ
3067 2327 3286 2397 φάσκει,
3322 2327 3386 2380 τὸ
3428 2327 3487 2379 δέ
3533 2344 3592 2379 τι
3637 2327 3731 2379 τοῦ

2169 2423 2340 2480 κακοῦ
2360 2440 2374 2453 ⁵
2412 2425 2582 2478 ποιεῖν
2605 2421 2660 2475 δὲ
2694 2420 2851 2474 τοῦτο
2879 2421 3182 2490 ἐπάναγκες
3208 2419 3355 2491 αὑτῷ
3380 2421 3474 2475 καὶ
3501 2422 3600 2474 ἐπὶ
3626 2420 3731 2474 τῶν

2171 2518 2471 2588 ποιοτήτων
2493 2517 2602 2569 τῶν
2632 2513 2940 2586 στοιχείων,
2976 2514 3069 2568 καὶ
3104 2512 3323 2585 διαιρεῖν
3350 2512 3421 2565 τὰ
3461 2513 3733 2585 διαίρεσιν

2173 2611 2248 2683 μὴ
2278 2609 2634 2679 ὲπιδεχόμενα
2654 2624 2669 2638 ’
2699 2608 2818 2659 τότε
2844 2605 2952 2677 γὰρ
2998 2607 3157 2678 ξηρδν
3203 2606 3376 2660 διόλου
3413 2606 3601 2678 ξηρὸν,
3636 2609 3734 2661 καὶ

2170 2699 2530 2771 αὑτοξηρότης
2563 2698 2711 2768 ἀπλῆ
2734 2715 2792 2751 τε
2824 2699 2917 2752 καὶ
2945 2698 3252 2770 μονοειδήςσ
3297 2700 3390 2752 καὶ
3435 2700 3497 2752 τὸ
3523 2699 3729 2771 ψυχρὸν

2167 2792 2287 2846 οὑδὲ
2316 2795 2395 2855 είς
2422 2792 2661 2845 ἐπίνοιαν
2684 2789 2997 2862 διαιρέσεως
3023 2790 3195 2843 ἐλθεῖν
3221 2791 3541 2862 δυνάμενον,
3573 2794 3631 2846 ἓν
3662 2811 3726 2846 τε

2171 2885 2265 2938 καὶ
2291 2883 2495 2937 ἁπλοῦν
2540 2882 2712 2936 διόλου
2749 2883 3038 2952 τυγχάνον·
3076 2882 3216 2934 οὑτω
3242 2881 3307 2954 δὴ
3337 2884 3433 2935 καὶ
3465 2884 3530 2936 τὸ
3562 2884 3729 2955 ὑγρδν

2169 2977 2262 3031 κα)⁸
2287 2977 2348 3029 τὸ
2370 2975 2588 3047 θερμόν.

573 3069 713 3138 Quid
744 3070 906 3141 igitur
947 3069 1002 3122 in
1033 3068 1154 3139 igne
1187 3068 1289 3123 erit
1334 3065 1468 3120 Dei?
1498 3073 1550 3120 et
1582 3063 1711 3135 quid
1740 3071 1929 3120 contra
1957 3064 2063 3119 erit

2240 3067 2304 3120 Τί
2335 3067 2510 3120 τοίνυν
2542 3066 2635 3119 τοῦ
2873 3064 3022 3118 ἔσται
3048 3064 3142 3118 τοῦ
3168 3064 3373 3134 ἀγαθοῦ
3400 3066 3511 3136 (46)
3547 3068 3651 3121 καὶ
3680 3071 3734 3121 τί

501 3158 801 3230 nequitia?
849 3157 1288 3228 quandoquidem
1330 3170 1506 3226 neque
1556 3155 1878 3210 divisionem
1922 3154 2063 3209 reci-

502 3251 602 3322 pit,
637 3265 812 3319 neque
859 3249 1167 3304 mistionem
1216 3249 1446 3316 accepit,
1483 3261 1607 3300 cum
1657 3246 1728 3300 sit
1773 3261 1967 3315 purum
2009 3253 2063 3300 et

502 3359 734 3399 merum.
764 3343 976 3412 Corpus
1004 3340 1149 3395 enim
1182 3338 1442 3393 dividitur
1471 3338 1662 3393 saltem
1692 3338 2057 3407 cogitatione:

504 3451 712 3490 merum
758 3442 938 3489 autem
974 3433 1299 3489 elementum
1330 3431 1602 3501 quomodo
1650 3447 1717 3486 ex
1766 3431 2060 3485 contrariis

498 3527 860 3597 compositum
888 3541 1010 3581 esse
1038 3524 1209 3579 videri
1255 3523 1469 3593 potest?
1497 3522 1756 3592 quidnam
1795 3522 2060 3576 contrarii

499 3620 739 3689 cogitare
772 3619 895 3689 quis
925 3626 1100 3688 potest
1134 3617 1187 3669 in
1217 3632 1351 3686 puro
1378 3615 1535 3687 igne?

574 3712 629 3764 Si
658 3711 821 3782 igitur
853 3709 1277 3780 unumquodque
1308 3718 1391 3763 est
1423 3724 1489 3762 ex
1520 3714 1635 3761 toto
1664 3706 2057 3777 periculosum,

499 3804 706 3859 nullum
730 3817 917 3856 eorum
951 3817 1046 3871 per
1067 3814 1126 3855 se
1155 3798 1451 3854 secundum
1481 3800 1750 3853 rationem
1779 3798 2057 3854 Manichiei

497 3905 761 3966 congruet
794 3896 959 3959 bono,
982 3894 1076 3948 sed
1101 3895 1281 3965 potius
1313 3894 1495 3947 omnia
1525 3893 1830 3948 referentur
1847 3893 1914 3947 ad
1942 3908 2058 3946 ma-

499 3988 609 4042 lum
639 4005 654 4043 :
688 3993 950 4056 praeterea
979 4002 1086 4040 non
1127 3994 1287 4041 erunt
1309 4000 1539 4054 corpora
1582 4001 1648 4040 ex
1688 3986 1861 4040 altero
1907 3999 2058 4038 com-

498 4078 695 4147 posita,
723 4079 866 4148 quod
894 4084 980 4133 est
1023 4079 1259 4132 alienum
1303 4093 1332 4131 a
1367 4077 1719 4133 fundamento
1753 4076 2053 4131 Manicliaii.

568 4168 850 4237 Quomodo
874 4179 1051 4225 autem
1084 4171 1350 4225 videbitur
1378 4170 1426 4224 ei
1451 4170 1505 4224 in
1543 4170 1685 4240 igne,
1706 4171 1811 4224 hoc
1834 4169 2056 4239 quidem

497 4277 621 4317 esse
652 4262 912 4323 salutare.
946 4262 1090 4331 quod
1111 4271 1194 4316 est
1222 4262 1371 4323 boni,
1405 4260 1509 4315 hoc
1549 4275 1679 4315 vero
1713 4259 2055 4314 mortiferum

496 4359 552 4404 et
589 4365 773 4415 urens,
806 4350 949 4419 quod
981 4359 1065 4405 est
1098 4350 1244 4412 mali,
1279 4350 1383 4403 nisi
1416 4350 1604 4404 insane
1639 4349 1801 4419 lingat
1847 4349 2057 4403 mis-tio-

2167 3159 2472 3212 τούναντίον
2518 3156 2611 3211 τοῦ
2660 3155 2864 3221 κακοῦς
2912 3156 3071 3208 ὁπότε
3103 3156 3362 3227 διαίρεσιν
3389 3158 3485 3211 οὑκ
3535 3159 3734 3211 ὲπιδέο

2169 3267 2346 3321 χεται,
2376 3249 2559 3319 ἐπειδή
2586 3263 2649 3318 γε
2682 3247 2799 3300 οὑδὲ
2826 3249 3020 3318 κρᾶσιν
3045 3245 3347 3311 ἐπεδέξατο,
3375 3248 3609 3318 ἄκρατον
3641 3248 3733 3303 δν.

2169 3340 2242 3393 Τὸ
2274 3339 2372 3411 μὲν
2395 3339 2503 3410 γὰρ
2549 3338 2606 3391 ἓν
2651 3337 2807 3410 σῶμα
2859 3338 2955 3391 καὶ
2999 3339 3284 3411 διαιρεῖται
3329 3342 3395 3410 τῇ
3424 3339 3556 3409 γοῦν
3605 3344 3736 3395 επι-

2166 3431 2314 3503 νοίᾳο
2360 3432 2420 3484 τὸ
2466 3430 2522 3483 δὲ
2582 3428 2814 3501 ἄκρατον
2868 3433 3124 3500 στοιχεῖον
3183 3430 3302 3495 πῶς
3359 3431 3421 3496 ἐξ
3469 3434 3736 3488 ἐναντίων

2169 3523 2483 3591 συγκεῖσθαι
2526 3521 2725 3588 δόξειεν
2773 3522 2871 3587 ἀν;
2925 3523 3084 3576 ποίαν
3125 3522 3184 3575 δὲ
3237 3524 3331 3576 καὶ
3376 3525 3731 3597 ἐναντιότητα

2165 3613 2444 3684 λογίσηται
2476 3614 2539 3667 ἄν
2564 3630 2648 3677 τις
2681 3614 2901 3685 ἀκράτῳ
2933 3615 3097 3686 πυρί;

2235 3707 2297 3758 Εί
2343 3706 2518 3759 τοίνυν
2555 3706 2779 3758 ἕκαστον
2820 3705 3114 3774 ἐπισφαλὲς
3159 3705 3332 3759 διόλου
3377 3708 3502 3760 καθ’
3545 3708 3725 3770 ἑαυτὸ.

2164 3798 2313 3851 οὑδὲν
2344 3797 2523 3851 αὑτῶν
2554 3796 2695 3851 κατά
2734 3798 2823 3850 τὸν
2849 3796 2944 3850 τοῦ
2987 3798 3260 3862 Μάνεντος
3301 3799 3460 3867 λόγον
3500 3802 3726 3871 ἁρμόσει

2162 3890 2241 3962 ἰῷ
2270 3890 2477 3961 ἀγαθῷ,
2503 3890 2638 3944 ἀλλά
2678 3891 2852 3943 πάντα
2894 3890 2992 3960 μὲν
3030 3891 3373 3945 ἁνακείσεται
3410 3894 3487 3963 τῷ
3533 3896 3724 3964 κακῷ·

2162 3983 2261 4037 οὑκ
2283 3983 2431 4036 ἔσται
2459 3982 2515 4035 δὲ
2545 3981 2612 4035 τά
2645 3981 2867 4052 σώματα
2892 3981 2951 4048 ὲξ
2979 3982 3164 4054 ἑτέρου
3197 3986 3541 4055 συγκείμενα,
3566 3988 3723 4040 ἀλλο-

2162 4076 2328 4147 τρίως
2353 4079 2417 4147 τῇ
2446 4074 2539 4128 τοῦ
2563 4075 2835 4147 Μάνεντος
2864 4075 3133 4129 ὑποθέσει.

2232 4165 2357 4229 Πῶς
2385 4165 2441 4218 δὲ
2478 4163 2625 4233 αὑτῷ
2650 4164 2711 4217 τὸ
2752 4165 2849 4234 μέν
2875 4181 2929 4216 τι
2952 4162 3045 4217 τοῦ
3076 4165 3248 4234 πυρὸς
3272 4165 3407 4231 δόξειε
3437 4166 3713 4238 θεραπευς

2160 4257 2329 4322 τικδν,
2361 4258 2481 4310 ὅσον
2504 4253 2597 4307 τοῦ
2622 4254 2848 4323 ἀγαθοῦ,
2873 4256 2933 4309 τὸ
2955 4256 3010 4309 δέ
3032 4273 3085 4308 τι
3110 4256 3347 4327 ρλέθριον
3370 4259 3457 4310 καὶ
3487 4275 3718 4311 καυστιο

2162 4350 2277 4414 κδν,
2306 4351 2427 4403 ὅσον
2455 4347 2549 4402 τοῦ
2580 4347 2772 4412 κακοῦ,
2797 4349 2846 4401 εί
2875 4349 2949 4421 μὴ
2978 4349 3073 4403 iul.
3096 4350 3205 4403 τῶν
3236 4352 3496 4421 σωμάτων
3521 4354 3724 4422 κρᾶσιν

497 4455 621 4495 nem
646 4441 1034 4495 elementorum
1070 4455 1136 4494 ex
1176 4440 1317 4493 bono
1348 4447 1402 4495 et
1431 4456 1493 4494 ex
1527 4441 1705 4495 malo?
1744 4441 1888 4511 quod
1936 4441 2056 4511 qui-

2167 4442 2363 4511 ἀγαθοῦ
2392 4458 2450 4494 τε
2476 4442 2570 4494 καλ⁸
2596 4441 2767 4494 κακοῦ
2798 4441 3039 4511 μανικῶς
3067 4442 3427 4511 ὲφαντάζετος
3457 4445 3596 4514 ὅπερ
3619 4444 3728 4497 οἰό-

498 4532 620 4587 dem
650 4532 696 4587 si
729 4540 900 4601 putet,
931 4541 1155 4601 cogetur
1203 4532 1440 4586 tribuere
1474 4531 1601 4598 Deo,
1637 4548 1758 4602 quae
1808 4533 1950 4587 volet
1989 4547 2054 4586 ex

2167 4549 2319 4602 μενος
2345 4530 2815 4602 ἀναγκασθήσεται
2847 4533 3134 4601 ἀπονεῖμαι
3160 4532 3238 4602 τῷ
3266 4531 3455 4603 ἁγαθῷ
3483 4536 3591 4587 τῶν
3612 4552 3728 4587 τεσο

497 4632 733 4693 quatuor
772 4624 1078 4687 elementis,
1132 4639 1251 4693 quae
1290 4640 1354 4679 ex
1398 4632 1511 4677 toto
1550 4632 1604 4677 et
1652 4624 1926 4679 individue
1961 4625 2055 4677 tali

2167 4626 2338 4696 σάρων
2370 4624 2664 4695 στοιχείων,
2711 4624 2854 4696 ἅπερ
2900 4626 2965 4679 ἂν
3014 4624 3176 4688 θέλοι,
3216 4626 3486 4696 ὀλόκληρά
3526 4645 3585 4680 τε
3634 4630 3727 4682 καὶ

498 4725 692 4769 natura
734 4715 957 4785 praedita
984 4724 1147 4777 sunt,
1172 4724 1225 4769 et
1255 4723 1508 4771 cernetur
1524 4715 1769 4769 conﬁteri
1792 4715 2055 4770 exsistere

2167 4717 2456 4788 ὶδιαίρετα,
2486 4716 2655 4781 οὑτως
2697 4717 2886 4789 ἔχοντα
2918 4718 3076 4787 φύσει
3096 4734 3109 4747 '
3141 4721 3234 4772 καὶ
3261 4720 3561 4789 ὀφθήσεται
3595 4724 3724 4791 ὁμο-

495 4822 560 4860 ex
596 4803 704 4858 Deo
742 4820 973 4867 merum,
1001 4814 1053 4857 et
1077 4820 1170 4873 per
1191 4820 1249 4857 5e
1290 4819 1511 4857 nocens.
1537 4802 1736 4855 Dividit
1764 4809 1944 4854 autem
1978 4802 2056 4852 in-

2167 4808 2328 4875 loyé’av
2370 4807 2605 4879 ὑπάρξαι
2652 4810 2746 4862 καὶ
2787 4811 2851 4863 ὲκ
2893 4810 3028 4863 Θεοῦ
3071 4810 3306 4881 ἄκρατόν
3346 4828 3408 4863 τε
3459 4815 3558 4864 καὶ
3603 4813 3724 4864 πεῖθ’

494 4911 664 4951 sanus
688 4906 935 4949 naturam
967 4896 1108 4964 ignis
1149 4893 1503 4957 individuam,
1549 4893 1736 4945 dicens
1766 4890 1909 4943 aliud
1934 4904 2054 4942 esse

492 4987 550 5039 in
591 4986 712 5055 igne
744 4987 1003 5045 salutare,
1038 4981 1183 5037 aliud
1204 4998 1334 5037 vero
1374 4996 1539 5035 urens
1568 4998 1587 5035 ι
1622 4979 2054 5048 nonintelligens

494 5078 783 5139 barliarus,
815 5078 869 5131 in
899 5093 999 5131 usu
1028 5077 1167 5147 ignis
1206 5091 1326 5130 csse
1344 5074 1688 5135 divisionem,
1722 5085 1829 5124 non
1863 5071 1916 5124 in
1956 5086 2055 5125 na-

493 5178 613 5223 tura
649 5170 789 5239 ignis
819 5188 834 5237 ;
864 5171 1024 5237 hujus
1052 5171 1195 5225 enim
1229 5170 1393 5222 nimia
1429 5168 1824 5239 propinquitas,
1874 5167 2055 5236 perni-

490 5261 603 5316 cies
631 5270 747 5328 est;
783 5262 1055 5317 moderata
1092 5278 1220 5317 vero
1252 5263 1506 5316 distantia
1545 5276 1791 5315 securam
1830 5260 2053 5330 partici-

492 5356 762 5422 pationem
794 5355 993 5409 caloris
1017 5355 1169 5410 allert
1190 5372 1205 5421 ;
1230 5370 1352 5409 cum
1385 5355 1583 5424 alioqui
1607 5355 1720 5423 ipsa
1754 5354 1837 5406 vis
1860 5353 2049 5407 urendi

492 5446 629 5509 sola,
689 5462 807 5516 qua:
843 5448 1057 5517 quidem
1097 5457 1180 5503 est
1227 5448 1387 5519 ignis,
1428 5449 1735 5502 necessaria
1774 5448 1843 5500 sit
1884 5465 1896 5500 :
1941 5446 2052 5500 hinc

559 5597 671 5670 (46)
724 5601 982 5671 Ἀγαθοῦ.
1030 5600 1182 5656 Boni.
1242 5600 1332 5657 Sic
1382 5617 1545 5671 supra
1610 5602 1770 5656 vertit
1825 5599 2128 5657 Turrianus

2156 4899 2317 4951 ἑαυτὸ
2347 4899 2654 4969 βλαπτικόν.
2686 4904 2893 4973 Διαιρεῖ
2916 4902 2972 4955 δὲ
2995 4903 3023 4954 6
3048 4903 3268 4971 ἀνόητος
3291 4902 3385 4955 τοῦ
3416 4903 3588 4972 πυρὸς
3628 4904 3727 4973 τὴν

2156 4991 2457 5062 ἀδιαίρετον
2494 4993 2675 5061 φύσιν,
2703 4995 2763 5047 τὸ
2800 4994 3187 5066 θεραπευτικὸν
3215 4996 3399 5067 ἕτερον
3430 4997 3599 5049 αὑτοῦ
3638 4998 3726 5050 λέ-

2156 5099 2266 5151 γων
2306 5079 2464 5144 εἶναι,
2508 5086 2603 5138 καὶ
2644 5086 2705 5139 τὸ
2744 5088 3034 5140 καυστικὸν
3065 5088 3282 5157 ἕτερον·
3335 5088 3410 5159 μὴ
3453 5091 3659 5153 συνιεὶς
3698 5091 3728 5141 6

2159 5171 2451 5244 βάρϐαρος,
2480 5173 2555 5236 ὡς
2583 5175 2641 5226 ἐν
2665 5178 2729 5246 τῇ
2765 5177 2954 5247 χρήσει
2996 5178 3026 5247 ἡ
3069 5177 3347 5248 διαίρεσις,
3390 5178 3505 5231 ἀλλ’
3534 5180 3639 5231 οὑκ
3668 5181 3723 5232 ἐν

2155 5267 2220 5335 τῇ
2256 5264 2411 5333 φύσει
2451 5266 2542 5318 τοῦ
2574 5268 2743 5338 πυρός
2766 5286 2779 5298 ·
2815 5268 3000 5321 τούτου
3028 5271 3133 5341 γὰρ
3163 5274 3195 5341 ή
3229 5272 3324 5340 μὲν
3347 5271 3590 5341 ius-.96;
3632 5275 3722 5341 ἑγο

2157 5356 2325 5427 γὺτης
2360 5356 2638 5428 ἐπιϐουλὴ,
2680 5362 2712 5430 ἡ
2759 5359 2813 5412 δὲ
2847 5361 3037 5433 μετρία
3081 5361 3358 5423 διάστασις
3398 5363 3617 5432 ἀσφαλῆ
3660 5379 3718 5431 γε

2159 5447 2312 5519 φέρει
2350 5448 2447 5518 τὴν
2496 5450 2815 5519 μετουσίαν·
2851 5450 3023 5515 ἄλλως
3051 5469 3109 5504 τε
3141 5453 3271 5505 αὑτὸ
3316 5453 3379 5523 δὴ
3409 5452 3470 5506 τὸ
3505 5468 3720 5508 καυσᾱο
