3984 6212
211 217 353 276 1195

1244 211 1608 270 ADVERSUS
1646 214 2066 272 MANICIIIEOS
2104 216 2229 272 LIB.
2272 217 2335 271 ll.

3299 233 3436 292 ιιει

207 324 422 386 κδντοῦ
471 326 638 398 πυρὸς
671 327 762 380 καὶ
804 326 960 398 μόνον
1003 327 1316 397 ἀναγκαῖον,
1350 328 1486 402 ὅπερ
1533 331 1626 384 καί
1669 330 1769 402 πῦε

1880 334 2022 387 enim
2048 332 2222 388 mollit
2255 343 2308 387 ct
2341 334 2616 404 liquefacit
2655 352 2715 392 ea
2748 353 2868 409 quae
2900 341 2966 396 ad
2993 359 3149 400 usum
3185 362 3442 406 necessa-

205 420 464 490 τυγχάνει
488 436 502 448 ·
532 417 688 471 τοῦτο
712 418 819 490 γὰρ
847 421 940 473 καὶ
969 419 1224 490 μαλάττει
1248 421 1340 474 καὶ
1367 422 1524 492 τήκει
1551 422 1617 476 τά
1646 424 1780 494 πρὸς

206 511 306 581 τὴν
330 508 516 580 χρείαν
542 507 852 576 ἀναγκαίως
877 509 1292 580 προσφερόμενα
1317 526 1330 538 '
1365 510 1441 574 ὼς
1469 511 1637 582 μηδὲν
1661 512 1779 564 ἕτε-

209 605 304 674 ρόν
341 597 476 654 εἶναι
518 599 578 652 τὸ
626 597 738 670 πῦρ
779 600 812 672 ἢ
856 601 916 654 τὸ
963 603 1253 657 καυστικδν
1294 603 1455 658 αὑτοῦ
1479 620 1494 632 ·
1532 603 1696 675 μηδὲν
1721 605 1778 658 δὲ

207 694 393 764 ἕτερον
434 684 571 743 εῖναι
616 690 677 743 τὸ
705 690 999 759 ἀναγκαῖον
1033 693 1065 764 ἦ
1097 692 1273 746 τοῦτο.
1313 693 1372 747 '0
1414 693 1471 746 δὲ
1513 694 1689 766 μάτην
1719 694 1778 747 τὸ

214 784 324 855 πῦρ
350 781 640 855 ἐνυϐρίζει,
668 783 787 836 λίαν
808 783 1098 855 ἀχάριστος
1119 783 1195 838 ῶν
1223 783 1358 856 πρὸς
1384 785 1482 847 τάς
1511 785 1661 856 παρά
1683 786 1774 839 τοῦ

219 873 564 947 Δημιουργοῦ
591 872 698 926 τῶν
725 872 860 927 ὅλων
885 874 1216 946 εὐεργεσίας.

277 967 338 1020 Εἰ
360 966 415 1019 δέ
449 983 530 1029 τις
575 964 691 1037 θείη
723 965 793 1018 τά
819 967 1058 1038 τέσσαρα
1085 969 1322 1037 στοιχεῖα
1358 969 1424 1038 τῇ
1463 968 1629 1038 κακίᾳ
1657 969 1774 1020 κατ’

204 1057 415 1110 ἐκεῖνον
443 1058 760 1128 προσήκειν,
793 1056 909 1121 πῶς
934 1057 998 1111 ἂν
1025 1057 1196 1111 ταῦτα
1219 1056 1290 1111 τά
1319 1059 1382 1112 ὲκ
1411 1059 1538 1129 μιᾶς
1564 1058 1776 1127 φύσεως

204 1149 424 1202 ἐναντία
455 1166 517 1218 γε
563 1148 690 1201 ὄντα
726 1149 991 1221 ὑπάρχειν
1036 1149 1253 1220 δοκοίη;
1301 1149 1362 1202 Et
1401 1150 1508 1222 γὰρ
1553 1150 1778 1204 αὐτόθεν

202 1240 267 1293 τὸ
298 1239 516 1312 θερμὸν,
545 1241 603 1293 τὸ
628 1240 831 1311 ψυχρὸν
865 1240 1147 1312 ἑτέρωθεν,
1175 1242 1209 1313 ἧ
1237 1241 1502 1296 ἀνάπαλιν
1525 1259 1538 1272 ·
1570 1245 1661 1296 καὶ
1683 1242 1776 1296 οὑ-

201 1351 312 1398 τως
346 1330 497 1398 αὖθις
531 1334 621 1388 ἐπὶ
646 1333 746 1404 τῆς
773 1333 936 1404 ἄλλης
967 1333 1227 1403 συζυγίας
1250 1351 1262 1362 ·
1302 1333 1440 1388 ὥστε
1478 1334 1776 1398 ἀσύστατος

201 1426 300 1480 καὶ
328 1428 362 1498 ἡ
389 1424 496 1478 τῶν
524 1426 789 1496 σωμάτων
831 1427 1024 1497 κρᾶσις
1067 1425 1207 1480 κατὰ
1236 1425 1333 1496 τὴν
1360 1426 1612 1498 τοιαύτην
1648 1427 1776 1480 ὑπό-

202 1514 374 1572 θεσιν.
407 1517 469 1570 Εἰ
498 1516 553 1569 δὲ
585 1516 795 1586 ἐπινοίᾳ
822 1517 922 1587 τῆς
959 1516 1154 1580 κακίας
1191 1516 1414 1589 ἀναθείη
1444 1517 1552 1571 τῶν
1581 1518 1776 1570 τεσσά-

205 1624 314 1680 ρων
345 1607 443 1679 τὴν
478 1607 558 1670 είς
592 1607 936 1684 κατασκευὴν
966 1606 1202 1678 εὕρεσιν,
1240 1607 1521 1678 σοφωτάτη
1564 1623 1627 1676 γε
1660 1607 1778 1660 λίαν

1882 425 1965 478 rio
1985 424 2346 479 adhibentur:
2385 433 2442 479 ut
2485 427 2620 481 nihil
2669 429 2814 485 aliud
2847 432 2919 487 sit
2949 434 3108 504 ignis,
3151 453 3313 508 quam
3359 446 3442 496 vis

1879 516 1999 586 ejus
2049 517 2118 570 ad
2152 516 2442 581 urendum,
2504 526 2557 572 et
2588 519 2723 574 nihil
2759 522 2905 577 aliud
2947 529 3313 584 necessarium
3374 537 3443 588 sit

1880 609 1948 664 ad
1976 610 2116 663 hunc
2163 625 2321 665 usum
2367 623 2529 679 quam
2583 611 2705 666 hac.
2750 612 3078 671 Manichaeus
3117 634 3247 675 vero
3288 624 3444 678 valde

1881 701 2147 771 ingratus,
2176 708 2229 757 et
2251 700 2635 757 beneﬁciorum
2668 703 2762 759 Dei
2803 706 3108 776 immemor,
3140 711 3336 783 ignem
3367 718 3445 769 vi-

1878 799 2128 862 tupcrat.

1951 967 2006 1022 Si
2034 969 2158 1037 quis
2182 980 2364 1026 autem
2391 983 2556 1042 ponat
2590 986 2828 1046 quatuor
2851 977 3141 1045 elementa,
3171 981 3320 1038 sicut
3354 981 3444 1037 ille

1878 1055 2151 1126 opinatur,
2197 1059 2267 1114 ad
2299 1062 2497 1116 malum
2537 1067 2827 1135 pertinere,
2855 1069 3130 1138 quomodo
3172 1070 3285 1127 hac
3324 1088 3444 1142 quze

1879 1153 2004 1200 sunt
2018 1147 2226 1218 singula
2253 1151 2416 1206 unius
2444 1162 2670 1220 naturae,
2691 1159 2963 1212 contraria
2978 1173 3101 1215 esse
3125 1161 3444 1219 videantur?

1881 1237 1934 1292 Si
1951 1240 2091 1294 enim
2114 1241 2351 1295 calidum
2385 1252 2468 1298 est
2493 1260 2557 1299 ex
2585 1246 2722 1316 ipso,
2742 1247 2996 1318 frigidum
3029 1267 3095 1306 ex
3112 1253 3319 1322 altero;
3349 1267 3444 1310 aut

1878 1341 2086 1396 contra,
2113 1334 2158 1388 si
2207 1333 2464 1404 frigidum
2503 1354 2569 1392 cx
2597 1339 2734 1409 ipso,
2763 1342 2997 1397 calidum
3032 1361 3099 1399 ex
3142 1347 3314 1402 altero
3341 1368 3356 1404 :
3387 1359 3441 1402 et

1878 1426 1958 1480 sic
1995 1442 2186 1484 rursus
2214 1429 2268 1484 in
2301 1430 2406 1484 alia
2435 1431 2820 1503 conjugatione
2848 1435 2953 1490 hoc
2978 1435 3328 1496 fundamento
3344 1457 3441 1512 po.

1879 1519 2002 1584 sito,
2035 1519 2219 1575 mistio
2251 1535 2541 1591 corporum
2589 1523 2702 1580 ﬁeri
2735 1541 2842 1580 non
2884 1528 3100 1598 poterit.
3136 1529 3196 1585 Si
3227 1548 3355 1587 vero
3373 1535 3438 1588 ad

1876 1611 2326 1681 excogitationem
2377 1613 2634 1683 nequitiae
2686 1619 2886 1672 referat
2940 1617 3305 1677 inventionem
3342 1640 3439 1679 ex-

203 1700 612 1770 αναφανήσεται
659 1700 691 1768 ή
737 1697 936 1766 γνῶσιν
967 1699 1060 1752 καὶ
1101 1697 1312 1751 σύνεσιν
1359 1698 1434 1769 μὴ
1466 1699 1769 1770 κεκτημένη

1877 1703 2118 1758 struendi
2151 1704 2459 1761 mistionem
2493 1723 2806 1775 corporum,
2837 1712 3239 1780 sapientissima
3273 1731 3442 1786 appa-

203 1789 402 1843 κακία·
451 1789 527 1854 ὡς
573 1789 666 1842 καὶ
714 1786 807 1840 τοῦ
843 1787 1182 1859 Δημιουργοῦ
1220 1787 1280 1840 τὸ
1339 1787 1590 1858 μέγιστον
1636 1789 1770 1841 ἀπο-

201 1880 465 1952 φέρεσθαι
498 1879 702 1951 θαῦμα,
740 1878 853 1947 εἴγε
899 1878 1102 1933 συνεῖδε
1138 1879 1259 1932 τίνα
1304 1877 1368 1931 ἂν
1398 1879 1596 1949 τρόπον
1638 1880 1770 1932 ὑπο-

202 1975 490 2044 στήσηται.

1875 1795 2015 1849 rebit
2042 1797 2305 1866 nequitia,
2333 1813 2455 1868 quae
2483 1799 2686 1870 alioqui
2737 1803 3103 1872 cognitionem
3137 1814 3193 1860 et
3230 1807 3436 1863 intelli-

1873 1887 2107 1955 gentiam
2136 1903 2246 1942 non
2271 1888 2458 1944 habuit
2483 1908 2498 1958 ;
2528 1892 2601 1944 ita
2632 1900 2689 1946 ut
2723 1896 3013 1950 maximam
3035 1897 3312 1955 Creatoris
3327 1902 3437 1955 lau-

1874 1978 1994 2033 dem
2011 1985 2063 2032 et
2086 1979 2498 2038 admirationem
2528 1984 2693 2051 ferat,
2715 1987 2980 2058 siquidem
3007 1993 3280 2062 cognovit,
3302 2011 3438 2066 quo-

1875 2069 2035 2124 modo
2058 2086 2154 2141 per
2176 2087 2234 2127 se
2259 2073 2549 2130 exsisteret
2571 2078 2776 2144 mistio,
2814 2080 3024 2136 scilicet
3054 2097 3363 2153 corporum.

260 2196 402 2252 CAP.
445 2195 632 2250 XXXI.
677 2195 852 2251 Solem
881 2212 1042 2267 usque
1079 2195 1210 2249 adeo
1237 2194 1420 2250 Manes
1449 2197 1693 2262 honorat,
1720 2208 1778 2252 ut
1813 2201 1980 2269 ipsum
2009 2203 2114 2258 Deo
2141 2209 2398 2277 conferat,
2427 2220 2475 2266 et
2497 2228 2562 2267 ea:
2593 2214 2706 2284 ejus
2738 2217 3034 2272 substantia
3055 2235 3166 2275 esse
3199 2221 3363 2276 dicat.

273 2316 498 2388 Ἐπειδὴ
533 2316 590 2370 δὲ
628 2316 777 2388 ἥλιον
823 2316 1094 2388 σεμνύνει,
1143 2317 1236 2370 καὶ
1281 2317 1456 2388 ἀμιγῆ
1497 2313 1656 2382 εἷναι,
1696 2320 1772 2382 ὡς

196 2408 486 2479 ὑπείληφε,
516 2407 610 2461 τοῦ
641 2408 811 2462 κακοῦ
840 2409 1149 2480 διορίζεται,
1176 2409 1306 2481 φέρε
1333 2411 1427 2462 καὶ
1460 2410 1588 2480 περὶ
1620 2410 1770 2480 ἡλίου

199 2499 508 2572 φιλαλήθως
531 2499 833 2571 κατίδωμεν
854 2518 868 2531 ·
904 2500 1198 2572 ὀφθήσεται
1226 2501 1335 2573 γάρ
1365 2502 1484 2566 ἑνὸς
1513 2502 1620 2556 τῶν
1649 2520 1772 2555 τεσ-

199 2593 383 2664 σάρων
417 2592 691 2662 στοιχείων
719 2592 1000 2663 ὑπάρχων,
1039 2593 1182 2660 λέγω
1212 2592 1274 2665 δὴ
1303 2593 1402 2663 τῆς
1437 2592 1648 2665 θερμῆς
1676 2594 1770 2646 οὑ-

199 2683 317 2748 σίας
339 2700 353 2716 ο
393 2685 454 2738 οὑ
500 2683 727 2754 βλάπτει
760 2683 857 2754 μὲν
889 2683 996 2754 γὰρ
1041 2683 1107 2737 τά
1135 2684 1486 2755 ὑποκείμενα,
1527 2685 1683 2756 μόνον
1715 2683 1772 2738 δὶ

198 2775 482 2849 θερμαίνει
509 2777 600 2830 καὶ
623 2775 839 2846 ὠφελεῖ,
870 2775 956 2829 διά
978 2776 1039 2830 τὸ
1063 2777 1309 2829 πλεῖστον
1335 2778 1633 2846 ἀφεστάναι
1653 2795 1664 2806 ο
1688 2773 1771 2840 οἷς

193 2867 253 2924 δὲ
278 2869 443 2924 πλέον
470 2869 838 2942 προσεγγίζει,
869 2871 1014 2924 καίει
1038 2887 1096 2924 τε
1123 2872 1218 2924 καὶ
1242 2871 1554 2949 άγονοντὴν
1586 2870 1770 2925 τοιαύ-

1944 2324 2049 2379 Sed
2081 2328 2207 2396 quia
2242 2329 2410 2385 solem
2454 2332 2706 2400 honorat,
2742 2344 2797 2392 et
2843 2345 2902 2391 ut
2951 2338 3303 2408 existimavit,
3343 2343 3439 2396 de-

1867 2416 2042 2470 cernit
2076 2433 2184 2472 non
2209 2418 2410 2477 habere
2453 2424 2763 2481 mistionem
2805 2428 2954 2492 mali,
3005 2443 3103 2500 age
3153 2431 3436 2488 videamus

1870 2503 1937 2559 de
1969 2505 2082 2562 sole
2101 2521 2202 2578 pro
2240 2511 2422 2566 studio
2479 2514 2764 2571 veritatis:
2817 2518 3092 2574 videbitur
3129 2522 3272 2576 enim
3315 2538 3438 2578 esse

1874 2597 2038 2654 unius
2083 2613 2150 2654 ex
2187 2608 2424 2670 quatuor
2456 2604 2762 2672 elementis,
2809 2610 3146 2675 substantiae,
3190 2613 3452 2684 inquam..

1871 2688 2094 2757 calidae;
2118 2705 2229 2744 non
2261 2692 2404 2746 enim
2442 2703 2597 2749 nocet
2626 2695 2906 2766 subjectis,
2954 2697 3048 2753 sed
3087 2699 3260 2755 solum
3288 2702 3436 2756 cale-

1872 2776 2074 2834 facitet
2089 2778 2262 2849 juvat,
2291 2783 2418 2853 quia
2442 2783 2735 2854 plurimum
2780 2788 2980 2842 distat:
3008 2789 3208 2859 quibus
3249 2800 3432 2848 autem

1871 2870 2296 2942 appropinquat,
2343 2875 2470 2943 urit,
2515 2883 2570 2932 et
2599 2878 2705 2932 tale
2747 2879 2922 2932 solum
2975 2881 3160 2937 sterile
3210 2881 3430 2940 reddit:

193 2977 297 3034 την
320 2960 428 3031 γῆν
453 2961 823 3029 ἀπεργάζεται
849 2979 861 2991 ·
894 2961 1091 3016 αὐτίκα
1118 2961 1212 3016 καὶ
1237 2961 1426 3032 θέρους
1453 2961 1573 3034 ὥρᾳ
1599 2961 1769 3033 ἄκρα-

1870 2969 1923 3015 et
1956 2963 2010 3016 in
2051 2971 2237 3019 astate
2277 2979 2400 3019 cum
2425 2966 2481 3020 in
2529 2977 2730 3022 terram
2780 2969 2914 3039 jacit
2955 2971 3136 3029 radios
3171 2989 3336 3044 puros
3377 2976 3431 3032 in

193 3071 287 3120 τος
314 3054 633 3128 προσϐαλὼν
661 3057 726 3126 τῇ
757 3058 848 3126 γῇ,
883 3054 1024 3109 κατά
1067 3055 1410 3126 μεσημϐρίαν
1439 3054 1609 3117 οὑτως
1639 3054 1767 3126 θερ-

201 3145 383 3216 μαίνει
440 3144 662 3216 ταύτην,
722 3145 861 3199 ὥστε
920 3146 1190 3217 καυτῆρος
1251 3145 1407 3216 δίκην
1467 3143 1768 3214 ὑποϐεϐλῆ-

199 3236 323 3292 σθαι
363 3237 540 3291 δοκεῖν
583 3236 846 3307 τοῦδαφος
872 3241 984 3300 τοῖς
1012 3236 1349 3291 ἐπιϐαίνουσι
1395 3239 1620 3304 γυμνοῖς
1657 3239 1770 3298 τοῖς

198 3328 346 3383 ποσί.

267 3421 534 3484 Πολλάκις
575 3419 632 3472 δὲ
676 3420 768 3472 καὶ
809 3419 873 3488 τῇ
911 3418 1069 3486 φλογὶ
1095 3420 1160 3488 τῇ
1187 3418 1383 3488 ήλιακῇ
1429 3417 1768 3488 παραπεσόν-

195 3525 286 3572 τες
311 3509 606 3580 ἂνθρωποι,
640 3507 817 3577 πολλῶ
842 3525 905 3575 γε
936 3506 1012 3577 τῷ
1029 3506 1270 3576 καύματι
1298 3506 1680 3577 διεφθάρησαν,
1706 3507 1768 3559 τὸ

195 3599 688 3672 παραμυθούμενον
728 3598 954 3667 ἐγγύθεν
998 3598 1072 3668 μὴ
1105 3596 1373 3669 εὑρόντες.
1415 3595 1670 3650 Μελαίνει
1709 3597 1766 3650 δὲ

191 3690 268 3744 τὰ
302 3689 530 3763 σώματα
557 3692 650 3745 καὶ
677 3691 930 3752 διακαίει,
968 3688 1151 3757 σαφῶς
1190 3687 1258 3741 τὰ
1287 3688 1457 3759 πυρδς
1488 3688 1724 3760 ἐνεργῶν
1748 3706 1762 3719 °

197 3781 398 3854 μᾶλλον
427 3783 483 3836 δὲ
511 3784 680 3854 πυρὸς
707 3782 864 3846 αὑτὸς
901 3780 1124 3851 γόνιμός
1169 3780 1338 3843 ἐστιν,
1369 3781 1526 3844 εἴτις
1562 3782 1620 3833 ὲν
1666 3780 1766 3848 ἀγ-

194 3873 330 3946 γείῳ
361 3873 504 3945 ὕδωρ
542 3873 735 3943 ὑελίνῳ
771 3873 1026 3942 ἄντικρυς
1059 3871 1207 3940 αύτῷ
1235 3870 1572 3942 προσαγάγοι
1592 3887 1606 3900 ο
1644 3887 1766 3922 συν-

195 3966 438 4042 αγομένη
464 3964 572 4037 γὰρ
596 3964 673 4036 τῷ
697 3965 906 4032 διαυγεῖ
933 3961 1026 4015 τοῦ
1053 3979 1112 4015 τε
1143 3961 1334 4025 ὓδατος
1363 3961 1576 4032 καὶτῆς
1607 3961 1762 4014 ὑέλου

196 4061 292 4131 τῆς
334 4059 564 4133 ἡλιακῆς
608 4059 822 4120 ἀκτῖνος
852 4058 886 4128 ἡ
928 4055 1098 4127 ἀκμὴ,
1130 4055 1224 4108 καὶ
1272 4053 1408 4125 πρὸς
1440 4053 1623 4106 στενὸν
1665 4053 1762 4124 μὲν

197 4150 692 4222 παραπεμπομένη,
736 4147 1136 4221 προσομιλοῦσά
1172 4163 1234 4198 τε
1281 4145 1402 4216 ὕλῃ,
1440 4145 1635 4216 ῥᾳδίως
1671 4163 1765 4199 πυ-

201 4241 289 4311 ρὸς
330 4241 857 4313 ἀντιλαμδανομένη,
898 4240 1014 4311 ἅμα
1052 4256 1111 4292 τε
1156 4238 1327 4291 τίκτει
1367 4237 1496 4308 πῦρ,
1526 4237 1619 4290 καὶ
1661 4255 1758 4292 σα-

1871 3052 2114 3118 meridie,
2147 3071 2318 3124 usque
2345 3055 2483 3112 adeo
2513 3072 2633 3113 eam
2663 3059 2933 3126 calefacit,
2974 3070 3034 3117 ut
3065 3067 3430 3134 pavimentum

1870 3141 2034 3198 nudis
2071 3144 2300 3212 pedibus
2322 3148 2660 3217 suppositum
2701 3150 2876 3205 instar
2903 3153 3138 3209 incendii
3165 3158 3256 3211 sit.

1940 3409 2095 3482 Saepe
2121 3418 2303 3466 autem
2335 3411 2586 3468 homines
2622 3413 2675 3469 in
2708 3413 2977 3471 flammam
3011 3419 3142 3473 solis
3183 3420 3432 3475 inciden—'

1867 3512 1950 3560 tes
1975 3503 2142 3559 nimio
2170 3512 2304 3561 aestu
2329 3506 2678 3573 interierunt,
2703 3523 2811 3563 non
2848 3508 3067 3564 invento
3094 3525 3261 3582 prope
3281 3515 3427 3584 quod

1867 3596 2237 3669 refrigeraret.
2271 3598 2447 3654 Edicit
2467 3609 2646 3655 autem
2691 3601 2845 3670 nigra
2875 3615 3104 3672 corpora
3132 3611 3186 3658 et
3223 3605 3424 3672 adurit,

1869 3689 2110 3762 facitque
2133 3691 2312 3761 plane,
2350 3691 2495 3763 quod
2543 3692 2683 3763 ignis
2725 3693 2902 3759 solet;
2942 3693 3052 3747 imo
3100 3694 3216 3764 ipse
3249 3695 3424 3767 ignem

1867 3781 2098 3838 fecunde
2136 3790 2379 3852 generat,
2412 3783 2458 3840 si
2487 3784 2610 3854 quis
2637 3798 2831 3854 aquam
2864 3784 2916 3838 in
2952 3799 3079 3839 vase
3121 3787 3294 3841 vitreo
3326 3776 3425 3842 soli

1867 3873 2098 3928 adverso
2120 3873 2437 3941 admoveat;
2477 3875 2558 3930 vis
2587 3875 2730 3930 enim
2766 3874 2905 3928 radii
2954 3875 3088 3931 solis
3116 3875 3294 3932 lucido
3335 3878 3428 3932 illo

1864 3974 2019 4028 aqua:
2055 3968 2110 4014 et
2153 3961 2278 4015 vitri
2313 3970 2500 4016 coacta
2544 3969 2598 4017 et
2647 3961 2911 4026 conferta,
2953 3972 3115 4035 atque
3161 3965 3216 4020 in
3256 3981 3426 4038 anguo

1865 4054 2008 4101 stum
2062 4047 2279 4118 quidem
2331 4050 2652 4106 transmissa
2698 4061 2752 4106 et
2784 4052 3038 4121 adjuncta
3072 4056 3310 4110 materia:
3345 4056 3424 4109 fa-

1862 4139 1967 4193 cile
1995 4139 2174 4210 ignem
2203 4140 2556 4212 concipienti,‘
2578 4142 2742 4198 simul
2767 4145 2908 4214 parit
2928 4145 3104 4216 ignem
3128 4163 3144 4213 ;
3164 4157 3217 4202 et
3243 4162 3425 4218 aperte

1862 4229 2058 4287 suadet
2091 4247 2203 4288 non
2233 4221 2438 4290 volenti
2464 4235 2814 4302 contendere,
2845 4253 2969 4294 esse
2999 4238 3218 4308 quidem
3254 4243 3424 4296 solem

199 4332 311 4400 φῶς
355 4333 532 4388 πείθει
562 4333 650 4387 τὸν
697 4333 770 4405 μὴ
813 4333 1134 4403 φιλονεικεῖν
1166 4330 1438 4392 ἐθέλοντα,
1478 4331 1553 4394 ὼς
1591 4331 1760 4402 πυρὸς

1870 4320 2100 4391 speciem
2141 4323 2304 4394 ignis,
2344 4338 2410 4378 ex
2449 4324 2707 4393 operibus
2740 4340 2870 4380 vero
2911 4325 3210 4396 splendidis
3252 4327 3424 4397 ipsius

197 4418 332 4489 εἶδος
381 4425 481 4496 μέν
536 4427 682 4478 ἐστιν
710 4427 740 4479 ὁ
792 4424 964 4495 ἥλιος,
1010 4423 1118 4476 τῶν
1162 4423 1217 4476 δὲ
1259 4425 1360 4494 τῆς
1408 4422 1762 4494 δημιουργίας

196 4512 464 4586 λαμπρῶν
508 4515 682 4589 ἔργων
727 4515 757 4566 ὁ
803 4514 1049 4586 πρῶτος·
1099 4513 1287 4582 ἐπειδὴ
1329 4511 1422 4564 καὶ
1458 4510 1550 4564 τοῦ
1590 4513 1763 4584 πυρὸς

197 4605 416 4675 ἡφύσις
440 4605 694 4660 ἁπάντων
722 4623 786 4674 γε
818 4604 883 4659 ἂν
916 4604 1159 4677 εὑρεθείη
1194 4602 1568 4673 λαμπροτέρα.

263 4696 487 4750 Πάντων
515 4696 623 4768 γὰρ
663 4696 772 4749 τῶν
816 4695 989 4749 ἄλλων
1034 4693 1308 4764 στοιχείων
1341 4693 1490 4746 κάτω
1529 4695 1734 4764 φερομὲ
1831 4720 1833 4722 ·

196 4805 318 4858 νων,
353 4790 416 4843 τὸ
455 4789 564 4861 πῦρ
594 4789 752 4860 μόνον
791 4791 901 4851 τοῖς
943 4788 1040 4858 μὲν
1069 4789 1322 4849 καυστοῖς
1361 4785 1620 4857 ὲπιπηδᾷ,
1653 4786 1761 4840 ἄνω

194 4878 250 4932 δὲ
272 4880 340 4934 τά
370 4882 548 4935 πάντα
571 4880 668 4952 τὴν
695 4879 918 4950 πορείαν
944 4879 1076 4949 ἔχει,
1111 4877 1396 4948 λεπτότητι
1441 4876 1764 4946 κουφιζόμε-

197 4987 304 5038 νον,
330 4973 426 5026 καί⁵
452 4972 610 5026 αὑτόν
641 4988 702 5041 γε
728 4970 817 5024 τὸν
842 4971 976 5041 ἀέρα
1017 4969 1313 5040 βαρύτατον
1336 4968 1654 5039 ἀπελέγχον,
1684 4967 1760 5039 τῷ

199 5075 259 5127 γε
317 5063 663 5136 ὑπερϐαίνειν
710 5061 903 5116 αὑτόν·
948 5062 1022 5126 ὡς
1073 5062 1166 5114 καὶ
1205 5061 1395 5114 τούτου
1439 5059 1760 5129 λεπτότερον

198 5151 587 5223 διαφαίνεσθαι,
623 5153 908 5225 συγγενείᾳ
944 5157 1010 5224 τῇ
1055 5153 1189 5226 πρὸς
1222 5151 1311 5205 τὸν
1339 5152 1510 5223 ἥλιον.
1564 5151 1622 5203 '0
1655 5149 1762 5202 τοί-

148 5271 153 5276 -
200 5260 293 5300 νυν
319 5249 508 5319 Μάνης
538 5245 850 5309 ἐκθειάζων,
881 5245 956 5308 ὡς
989 5245 1088 5315 τῆς
1115 5245 1327 5315 φύσεως
1347 5245 1474 5298 δντα
1506 5243 1600 5297 τοῦ
1626 5245 1761 5312 ἀγα-

200 5333 292 5389 θοῦ
318 5341 407 5394 τδν
441 5340 612 5412 ἥλιον,
652 5337 948 5392 κινδυνεύει
996 5336 1272 5407 πυροειδῆ,
1325 5336 1522 5407 μᾶλλον
1562 5335 1619 5388 δὲ
1663 5352 1760 5389 σα-

203 5426 315 5494 φῶς
341 5430 576 5484 τοιοῦτον
621 5430 684 5500 δή
719 5445 838 5481 τινα
884 5427 974 5480 τὸν
1015 5427 1216 5495 ἀγαθὸν
1267 5428 1525 5495 εἰσάγειν.
1571 5428 1757 5491 ’Ἤλιος

201 5516 306 5590 γὰρ
349 5522 446 5594 τῆς
495 5521 701 5593 θερμῆς
748 5520 1007 5590 ὑπάρχων
1053 5519 1259 5583 οὑσίας,
1304 5522 1370 5590 τῇ
1404 5519 1548 5572 θέσει

201 5603 469 5683 διαφέρει·
493 5615 558 5684 τῇ
585 5611 829 5683 ἐνεργείᾳ
860 5609 1021 5663 ταὺτὸ
1053 5609 1172 5681 δρᾷ,
1199 5612 1250 5662 εἰ
1295 5611 1374 5683 μὴ
1407 5611 1505 5680 τῆς
1542 5611 1755 5665 διαστά-

515 5704 783 5764 PATBOL.
819 5699 938 5760 Gn.
989 5701 1220 5763 XVIII.

1861 4414 2156 4470 creationis
2204 4415 2381 4484 ipsum
2435 4415 2690 4485 primum,
2742 4415 3009 4485 siquidem
3054 4424 3248 4471 natura
3286 4417 3425 4488 ignis

1863 4505 2200 4576 splendidior
2232 4514 2318 4563 est
2345 4507 2621 4562 omnibus.

1930 4685 2064 4742 Cum
2123 4688 2266 4742 enim
2317 4687 2499 4742 omnia
2546 4687 2650 4741 alia
2701 4688 2966 4743 elementa
3033 4687 3287 4744 deorsum
3342 4690 3422 4744 fe-

1860 4786 2078 4842 rantur,
2114 4779 2264 4834 solus
2299 4777 2438 4849 ignis
2463 4779 2516 4832 in
2550 4794 2612 4834 ea
2643 4778 2859 4848 quidem
2877 4793 2997 4849 qua;
3024 4779 3269 4833 comburi
3293 4795 3423 4850 pos-

1861 4879 2010 4934 sunt,
2043 4870 2287 4935 insultat,
2307 4886 2526 4926 sursum
2552 4887 2680 4926 vero
2701 4885 2863 4940 supra
2895 4871 3076 4924 omnia
3099 4869 3268 4925 fertur
3291 4872 3422 4927 levi-

1860 4972 1964 5018 tate
1987 4977 2106 5028 sua,
2129 4978 2417 5032 acremque
2441 4963 2616 5033 ipsum
2640 4963 2916 5018 convincit
2945 4963 3248 5034 graviorem
3274 4979 3418 5029 esse,

1859 5056 1985 5126 quia
2017 5071 2181 5126 supra
2211 5071 2334 5111 eum
2362 5057 2417 5110 in
2446 5057 2678 5112 sublime
2717 5056 2907 5124 fertur,
2951 5063 3010 5111 ut
3055 5056 3304 5112 subtilior
3345 5065 3419 5112 te-

1862 5150 2130 5218 uuiorque
2159 5156 2416 5218 appareat
2461 5161 2623 5218 quam
2655 5162 2746 5203 aer
2781 5155 3003 5219 propter
3043 5148 3416 5218 cognationem

1859 5253 1982 5294 cum
2008 5240 2140 5294 sole.
2169 5237 2322 5293 Unde
2345 5238 2670 5294 Manichacus
2691 5253 2813 5292 cum
2839 5239 3006 5294 solem
3035 5239 3418 5294 facitdivinum

1859 5339 2116 5401 tanquam
2154 5347 2221 5385 ex
2247 5337 2443 5384 natura
2472 5314 2620 5396 boni,
2662 5329 2875 5385 videtur
2919 5330 3148 5385 similem
3194 5331 3302 5401 igni
3333 5329 3417 5382 fa-

1859 5439 2004 5487 cere,
2029 5423 2138 5477 imo
2159 5423 2320 5478 talem
2360 5423 2668 5493 quemdam,
2709 5424 2885 5493 qualis
2921 5431 3006 5478 est
3033 5411 3198 5493 ignis,
3246 5423 3417 5476 intro-

1859 5515 2028 5571 ducit.
2055 5513 2148 5569 Sol
2192 5515 2337 5569 enim
2381 5515 2698 5570 substantia:
2727 5514 2936 5578 calidae,
2986 5514 3055 5568 ah
3084 5515 3208 5584 igne
3239 5511 3416 5568 differt

1858 5610 1925 5678 τῇ
1958 5605 2099 5660 θέσει
2122 5623 2137 5673 ;
2160 5605 2442 5663 efﬁcientia
2474 5621 2604 5663 vero
2638 5607 2782 5662 idem
2811 5615 3084 5677 operatur.
3123 5605 3229 5658 nisi
3271 5618 3425 5659 men-.

3101 5699 3179 5760 38
