4022 6208
525 202 666 261 ιιοδ

1647 186 1780 240 TITI
1821 178 2130 239 BOSTREN
2142 175 2242 234 SlS
2280 169 2582 227 EPISCOPI

3605 157 3739 211 “96

525 332 654 374 sura
689 310 957 368 distantia:
1007 323 1069 361 ea
1092 322 1210 376 qua:
1256 310 1383 359 sunt
1431 301 1701 372 Opposita,
1751 317 1780 354 a
1825 298 2083 354 validiore

2200 308 2322 353 ςεως
2343 287 2402 340 τὸ
2430 287 2622 357 μέτρον
2647 281 2888 352 ὲξῃρεῖτο
2912 279 2977 331 τὰ
3002 273 3378 347 παρακείμενα
3400 272 3498 342 τῆς
3527 272 3746 343 ἀκμαιο-

523 409 669 480 jactu
721 406 994 460 radiorum
1043 397 1314 454 defendat.
1353 395 1606 460 Quinimo
1650 392 1903 446 omnibus
1965 390 2081 443 ani-

526 501 799 556 mantibus
838 504 891 551 et
934 493 1196 562 stirpi-bus
1249 505 1449 544 nocens
1502 485 1928 544 existimaretur,
1971 480 2079 533 nisi

529 594 688 650 simul
718 591 819 644 alia
861 602 988 641 cum
1030 600 1094 640 eo
1140 582 1435 636 fabricator
1486 574 1674 631 mundi
1708 573 1775 627 ad
1821 570 2081 626 auxilium

529 688 762 746 fecisset,
791 696 909 751 qua:
941 679 1146 732 faciunt
1173 693 1240 730 ne
1287 673 1444 727 nobis
1475 680 1528 725 et
1556 669 1680 722 aliis
1715 664 2081 720 animantibus

527 784 752 842 noceat;
790 774 903 827 haec
937 778 1116 824 autem
1155 774 1280 822 sunt
1315 765 1537 818 latibula
1585 771 1639 816 et
1670 768 1851 824 tecta;
1904 756 2081 825 stirpi-

528 869 630 925 bus
656 880 786 921 vero
817 878 967 933 aqum
1000 868 1125 916 sunt
1155 858 1357 914 auxilio
1392 863 1444 910 et
1478 853 1632 908 ﬂatus
1669 859 1973 907 ventorum.

593 1049 772 1114 Quare
796 1043 890 1114 qui
918 1040 1181 1097 deﬁniunt
1211 1053 1333 1092 esse
1361 1035 1610 1106 quintum
1640 1031 1966 1085 elementum
1999 1040 2082 1081 so-

529 1140 652 1203 lem,
689 1153 756 1192 ne
786 1141 974 1190 contra
1003 1149 1066 1187 ea
1096 1145 1216 1201 quae
1243 1129 1387 1184 clara
1421 1133 1566 1188 sunt,
1611 1121 1955 1177 centensiose
1981 1119 2084 1174 dis-

528 1236 752 1301 putent;
797 1241 897 1282 nec
950 1225 1059 1277 ulla
1103 1221 1236 1276 ﬁdes
1277 1220 1536 1273 habeatur
1571 1213 1865 1267 Manichazo
1915 1211 2084 1266 scele—

530 1321 770 1376 stissimo
798 1326 852 1374 et
886 1318 939 1370 in
970 1315 1135 1370 Deum
1152 1310 1488 1380 hlasphemo,
1521 1307 1612 1376 qui
1643 1306 1810 1360 solem
1833 1319 1956 1357 eum
1977 1301 2084 1355 Deo

529 1413 759 1476 confert,
805 1416 859 1465 et
901 1424 966 1462 ex
1022 1403 1325 1460 substantia
1377 1401 1496 1471 eius
1549 1413 1670 1453 esse
1712 1397 1863 1451 dicit.
1915 1394 2085 1449 Omne

530 1506 673 1558 enim
707 1501 852 1572 quod
896 1498 997 1554 sub
1056 1503 1331 1565 aspectum
1367 1492 1532 1555 cadit,
1574 1505 1697 1545 cum
1753 1489 1822 1544 sit
1863 1502 2082 1557 corpus,

533 1602 725 1648 natura
750 1589 1059 1660 oppositum
1094 1596 1176 1641 est
1213 1581 1592 1653 inaspectabili
1638 1589 1690 1633 et
1725 1579 2082 1648 incorporeo;

2181 384 2342 453 τέρας
2388 377 2549 432 αὑτοῦ
2599 371 2920 445 προσϐολῆς.
2961 367 3121 420 Ἀλλά
3163 367 3268 437 μὴν
3297 365 3402 418 κᾶν
3440 366 3550 426 τοῖς
3582 368 3743 418 πᾶσιν

2181 471 2462 533 ἐπίϐουλος
2491 464 2745 536 ἐνομίσθη
2769 461 2926 526 ζώοις
2949 477 3005 512 τε
3035 460 3128 512 καὶ
3169 459 3376 526 φυτοῖς,
3422 456 3470 508 εἰ
3513 455 3587 527 μὴ
3629 474 3750 525 συγ-

2182 563 2601 632 κατεσκευάσθη
2635 578 2698 628 γε
2728 555 2876 626 αὑτῴ
2915 555 3061 626 παρά
3086 552 3180 605 τοῦ
3230 548 3566 621 Δημιουργοὺ
3616 548 3748 618 πρὸς

2181 658 2495 728 ἐπικουρίαν
2521 655 2704 724 ἕτερα,
2728 651 2794 703 δι’
2822 642 2896 702 ὧν
2937 647 2998 699 τὸ
3031 645 3164 716 πρὸς
3186 642 3334 713 ἣλιον
3359 639 3596 709 ἀσφαλὲς
3619 639 3746 708 ἡμῖν

2181 768 2238 804 τε
2283 752 2378 804 καὶ
2409 751 2520 810 τοῖς
2552 745 2732 806 ἄλλοις
2761 740 2995 810 ὑπάρχει
3020 754 3033 766 ο
3068 736 3180 788 ἐστι
3217 733 3273 786 δὲ
3317 731 3488 784 ταῦτα
3522 728 3748 782 καταδὺο

2185 861 2294 906 σεις
2325 859 2380 895 τε
2409 840 2504 893 καὶ
2535 837 2755 897 σκέπαι,
2796 831 2932 904 πρὸς
2974 828 3031 882 δὲ
3081 827 3173 879 καὶ
3211 826 3397 894 φυτοῖς
3443 821 3651 876 ὑδάτων
3695 838 3750 873 τε

2182 933 2432 1006 χορηγίαι
2462 932 2555 984 καὶ
2591 928 2805 998 ἀνέμων
2829 922 3010 976 πνοαί.

2258 1028 2415 1078 Ὥστε
2449 1024 2542 1076 καὶ
2585 1023 2634 1073 οἱ
2679 1019 2928 1088 πέμπτον
2976 1014 3232 1082 στοιχεῖον
3272 1007 3578 1080 ὁριζόμενοι
3620 1001 3751 1057 εἶναι

2183 1119 2272 1171 τὸν
2296 1116 2465 1184 ἥλιον,
2492 1112 2626 1182 πρός
2650 1127 2714 1178 γε
2747 1109 2813 1161 τὰ
2843 1106 2987 1175 σαφῆ
3021 1102 3095 1174 μὴ
3120 1097 3583 1170 φιλονεικούντων,
3608 1096 3750 1156 ὲς....

2184 1209 2277 1260 καὶ
2303 1206 2473 1268 οὑτως
2507 1202 2664 1264 αὑτὸς
2695 1202 2722 1253 ὁ
2752 1195 3109 1269 χαλεπώτατα
3143 1193 3352 1262 μανεὶς,
3372 1188 3462 1241 τὸν
3493 1186 3604 1240 τῶν
3625 1185 3752 1238 ὅλων

2184 1295 2517 1369 Δημιουργδν
2559 1289 2916 1363 βλασφημῶν,
2965 1287 3159 1356 ἥκιστα
3224 1278 3557 1333 πιστευέσθω
3612 1276 3755 1345 ἥλιον

2189 1389 2488 1460 συγκρίνων
2518 1385 2656 1456 Θεῷ,
2694 1385 2786 1437 καὶ
2818 1384 2880 1434 ἐκ
2925 1379 3023 1448 τῆς
3059 1375 3243 1438 οὑσίας
3287 1370 3449 1426 αὑτοῦ
3495 1371 3667 1438 λέγων
3693 1365 3762 1420 εἷ-

2186 1500 2272 1535 ναι
2305 1480 2489 1534 τοῦτον
2512 1495 2524 1506 ·
2569 1479 2675 1530 πᾶν
2715 1476 2821 1546 γὰρ
2871 1471 3082 1544 ὁρατὸν,
3126 1469 3218 1520 ἆτε
3257 1465 3322 1536 δὴ
3360 1463 3523 1534 σῶμα
3562 1460 3761 1531 τυγχά-

2187 1592 2298 1637 νον,
2331 1570 2705 1626 ἀντιτέτακται
2749 1566 2906 1635 φύσει
2950 1563 3026 1634 τῷ
3059 1560 3271 1632 ἀοράτῳ
3311 1557 3408 1610 καὶ
3447 1554 3757 1624 ἀσωμάτῳ·

533 1639 725 1648 --—---—
753 1639 1054 1660 νιτη-κηη
1105 1639 1117 1641 ν
1337 1639 1352 1653 .
1881 1639 1898 1648 -
2069 1639 2078 1643 ,

532 1687 688 1754 cujus
719 1699 854 1753 opus
884 1696 1006 1737 esse
1034 1686 1231 1749 potest,
1265 1683 1318 1729 et
1361 1673 1577 1745 quidem
1621 1687 1756 1742 opus
1793 1671 1948 1725 valde
1987 1668 2089 1722 mi-

2200 1658 2252 1719 οὑ
2296 1665 2453 1736 ἔργον
2498 1663 2597 1734 μὲν
2645 1656 2781 1712 εἶναι
2834 1656 3073 1718 δύναται,
3121 1653 3213 1706 καὶ
3261 1650 3404 1720 μάλα
3447 1665 3514 1717 γε
3561 1646 3766 1716 θαυμά-

532 1780 720 1843 rabile,
764 1772 1169 1832 similitudinem
1213 1783 1340 1822 vero
1387 1775 1592 1820 natura:
1630 1765 1832 1819 nullam
1893 1761 2091 1816 habere

534 1880 728 1945 potest.

605 1961 769 2015 Valde
798 1957 1009 2012 diflicile
1047 1963 1190 2011 esset
1231 1967 1571 2018 enumerare,
1617 1964 1951 2021 quacunque
1990 1947 2092 2000 im-

534 2056 624 2126 pia
651 2054 738 2107 hic
769 2051 964 2122 planus
983 2049 1138 2102 libris
1177 2046 1289 2102 Suis
1322 2045 1582 2109 inseruit;
1609 2043 1921 2112 vituperans
1949 2039 2093 2095 enim

533 2160 623 2200 res
668 2158 856 2197 omnes
898 2148 1154 2208 tanquam
1208 2137 1400 2198 malas,
1465 2134 1675 2188 fructus
1723 2133 1884 2188 etiam
1937 2139 2095 2186 terrae

538 2248 794 2306 tanquam
829 2230 1088 2287 nutritios
1123 2230 1363 2283 materia:
1384 2235 1607 2283 accusat
1637 2244 1648 2278 :
1677 2239 1740 2278 ac
1775 2225 1946 2280 solem
1975 2224 2096 2294 qui-

536 2329 658 2383 dem
691 2325 1013 2386 admiratur,
1045 2330 1100 2375 et
1117 2337 1178 2375 ex
1213 2321 1356 2374 bono
1373 2335 1494 2375 esse
1515 2318 1760 2373 decernit
1785 2336 1798 2383 ;
1824 2331 1944 2387 quae
1967 2329 2096 2370 vero

538 2417 632 2470 alit
661 2415 862 2478 calore,
883 2413 1080 2482 stirpes
1105 2412 1226 2466 dico
1243 2419 1297 2465 et
1319 2411 1548 2472 semina,
1575 2423 1681 2461 non
1719 2407 1883 2476 pudet
1907 2405 2099 2460 acerbe

536 2506 867 2574 vituperare,
901 2518 1021 2572 qua:
1051 2500 1268 2571 quidem
1301 2501 1418 2556 siue
1449 2499 1564 2554 sole
1593 2497 1686 2568 qui
1717 2511 1748 2550 a
1783 2495 1891 2550 Deo
1922 2495 2099 2551 factus

537 2605 640 2658 est,
678 2595 900 2652 omnino
932 2609 1039 2648 non
1080 2594 1458 2647 consisterent.
1493 2589 1643 2644 Sicut
1678 2589 1819 2644 enim
1852 2588 1985 2641 nihil
2011 2587 2102 2656 ju-

537 2697 690 2743 varet
732 2690 834 2750 sol,
868 2687 975 2740 nisi
1010 2685 1210 2740 imbres
1262 2684 1486 2738 arbores
1517 2681 1807 2750 irrigarent
1854 2687 1908 2734 et
1940 2679 2100 2733 utiles

538 2781 684 2836 venti
713 2778 1036 2848 perﬂarent:
1067 2778 1148 2831 sic
1185 2776 1386 2829 imbres
1420 2781 1475 2828 et
1513 2774 1617 2826 alia
1651 2771 1768 2825 sine
1814 2770 1926 2825 sole
1963 2769 2101 2824 nihil

536 2871 808 2944 iuvarent.

2193 1774 2304 1810 σιον
2333 1755 2512 1827 ἔργον,
2554 1752 2845 1822 ὁμοιότητα
2887 1748 2944 1802 δὲ
2981 1745 3193 1816 φύσεως
3241 1741 3376 1813 πρὸς
3415 1740 3582 1793 αὑτὸν
3620 1739 3768 1790 οὐδε-

2195 1850 2318 1920 μίαν
2350 1849 2513 1917 ἔχειν.

2264 1943 2402 1994 Ὅσα
2430 1942 2527 2012 μὲν
2546 1934 2638 1992 οὖν
2667 1941 2694 1992 ὁ
2721 1937 2918 1999 πλάνος
2945 1932 3242 1987 ἐντέθεικεν
3276 1928 3447 1997 ἀσεϐῆ
3480 1929 3596 1989 τοῖς
3622 1927 3770 1989 ίδὶοκ

2195 2034 2610 2104 συγγράμμασι,
2649 2031 2780 2083 πολὺ
2812 2029 2876 2082 ἂν
2904 2027 3058 2098 ἔργον
3076 2024 3160 2094 εἴη
3184 2019 3548 2092 καταριθμεῖν
3566 2038 3579 2048 θ
3614 2019 3774 2071 λοιδο-

2198 2127 2452 2199 ρούμενος
2484 2123 2591 2194 γὰρ
2621 2125 2731 2184 τοῖς
2762 2115 2910 2174 οὖσιν
2942 2119 3138 2172 ἅπασιν
3165 2114 3239 2177 ὡς
3272 2117 3485 2177 κακοῖς,
3517 2111 3616 2164 καὶ
3647 2111 3771 2171 τοὺς

2195 2221 2439 2292 καρποὺς
2468 2221 2590 2281 τοὺς
2623 2217 2728 2270 ἀπὸ
2749 2217 2850 2285 γῆς
2879 2215 2991 2284 ἆμα
3016 2209 3306 2272 διαϐάλλει,
3337 2209 3413 2272 ὡς
3441 2207 3772 2280 θρεπτικοίς

2194 2315 2292 2383 τῆς
2331 2311 2461 2381 ὑλης
2485 2328 2497 2340 -
2532 2309 2624 2362 καὶ
2654 2308 2800 2378 ἥλιον
2838 2300 3395 2383 μὲνὺπερθαυμάζει,
3439 2299 3538 2352 καὶ
3581 2299 3651 2349 ὲκ
3686 2294 3772 2348 τοῦ

2197 2380 2508 2470 ἀγαθοῦνγε
2547 2395 2706 2461 εἶναι,
2749 2397 2824 2461 ὥς
2855 2380 3006 2466 φησι,
3053 2391 3377 2463 διορίζεταιο
3411 2390 3444 2443 ἂ
3490 2390 3549 2441 δὲ
3586 2390 3773 2458 τρέφει

2199 2493 2502 2564 θερμαίνων
2533 2491 2676 2560 φυτά
2689 2507 2748 2544 τε
2775 2491 2868 2542 καὶ
2895 2488 3202 2557 σπέρματα,
3233 2483 3447 2555 πικρῶς
3467 2485 3570 2536 οὑκ
3598 2482 3774 2551 αἰσχύ-

2200 2603 2345 2638 νεται
2382 2583 2638 2647 κακίζων,
2675 2581 2814 2653 ᾶπερ
2845 2580 2943 2632 οὑκ
2973 2579 3038 2632 ἂν
3067 2579 3293 2648 συνέστη
3319 2575 3603 2637 παντελῶς
3627 2575 3772 2645 ἡλίου

2199 2675 2318 2748 δίχα
2369 2675 2502 2746 πρὸς
2553 2671 2686 2725 Θεοῦ
2735 2669 3117 2742 γεγενημένου.
3173 2670 3261 2731 Ὠς
3343 2667 3454 2738 γὰρ
3500 2665 3658 2717 οὐδὲν
3710 2666 3776 2717 ἂν

2202 2768 2406 2837 ὤνησεν
2448 2765 2615 2836 ἣλιος,
2659 2765 2706 2816 εί
2757 2763 2832 2832 μὴ
2879 2761 3099 2832 δμϐρων
3141 2759 3367 2830 ῆρδευον
3413 2757 3659 2828 χορηγίαι
3703 2755 3776 2807 τὰ

2203 2856 2366 2925 φυτὰ,
2389 2855 2482 2907 καὶ
2501 2853 2713 2924 ἀνέμων
2737 2850 3023 2921 ὠφελίμων
3044 2849 3346 2902 διεσάλευον
3381 2849 3563 2900 πνοαί·
3594 2846 3775 2908 οὕτως

2205 2946 2271 3000 ἂν
2301 2947 2494 3018 ὄμϐροι
2530 2946 2623 2999 καὶ
2660 2944 2726 2999 τά
2769 2943 2901 2997 ἄλλα
2926 2943 3074 3013 ἡλίου
3110 2942 3229 3011 δίχα
3267 2941 3547 3012 ὠφέλησεν
3577 2940 3642 2993 ἂν
3686 2939 3775 2992 οὑ-

2207 3039 2313 3094 δέν.

1287 3169 1413 3224 CAP.
1453 3167 1668 3222 XXXII.
1705 3167 1909 3223 Imbres
1942 3171 2238 3226 utilissimi.
2273 3172 2348 3226 De
2375 3173 2453 3226 his
2481 3171 2709 3227 Manetis
2741 3173 3022 3226 sententia.

612 3293 704 3346 Ille
734 3290 898 3361 igitur
930 3285 1092 3340 etiam
1123 3285 1211 3339 hic
1255 3285 1604 3339 vehementer
1644 3299 1828 3339 secum
1871 3294 2100 3355 pugnat,

543 3396 812 3440 accusans
841 3377 1101 3450 graviter,
1144 3383 1198 3430 et
1239 3374 1306 3428 ad
1349 3375 1648 3445 nequitiam
1708 3375 1949 3432 referens
1990 3376 2105 3431 fru-

543 3485 664 3530 ctus
690 3483 848 3528 terra:
869 3485 899 3524 a
922 3468 1036 3524 sole
1067 3467 1308 3536 alioquin
1329 3475 1543 3531 auctos,
1562 3481 1723 3537 quem
1752 3466 1908 3522 valde
1927 3467 2104 3522 admi-

544 3575 696 3624 ratur
727 3575 781 3620 et
823 3564 1074 3617 honorat.
1119 3557 1325 3613 Imbres
1363 3557 1494 3614 dicit
1536 3573 1659 3614 esse
1692 3558 2106 3628 superﬂuentias

545 3657 834 3731 praesidum
867 3652 1124 3715 materiae,
1155 3650 1248 3721 qui
1270 3666 1334 3706 ex
1361 3665 1542 3704 amore
1573 3650 1818 3704 laborant
1846 3648 2107 3706 adversus

545 3755 842 3822 potestates
885 3745 1043 3800 boni:
1092 3743 1183 3813 qui
1247 3756 1370 3796 cum
1418 3744 1494 3794 ita
1553 3741 1821 3805 laborent,
1875 3741 2102 3797 sudores

545 3856 733 3896 eorum
768 3853 889 3893 esse
922 3833 1129 3899 definit,
1167 3833 1220 3886 id
1248 3831 1392 3902 quod
1428 3831 1484 3885 in
1527 3831 1629 3895 eis,
1669 3839 1726 3885 ut
1762 3832 1876 3901 ipse
1926 3838 2101 3903 putat,

533 3932 784 3988 abundat
815 3937 868 3985 et
891 3945 953 3984 su
961 3925 1193 3998 perfluit.

615 4024 818 4079 Nititur
845 4022 1008 4077 etiam
1038 4019 1255 4081 docere,
1291 4031 1728 4087 supervacaneos
1751 4031 1871 4071 esse
1905 4014 2108 4070 imbres

547 4122 603 4174 in
625 4132 772 4172 mare
806 4123 869 4172 et
917 4115 973 4169 in
1009 4114 1129 4167 loca
1167 4113 1281 4167 sola
1319 4119 1388 4173 et
1425 4123 1544 4179 qua:
1595 4123 1704 4161 non
1749 4106 2107 4169 seminantur,

535 4205 860 4272 ellluentes;
907 4210 1166 4272 tanquam
1223 4198 1502 4254 advenerit
1552 4196 1620 4251 ad
1675 4194 2107 4251 ratiocinandum

2277 3290 2396 3360 Ἆρ’
2441 3285 2531 3342 οὖν
2567 3291 2770 3350 ἐκεῖνος
2821 3288 3052 3358 ἰσχυρῶς
3103 3285 3280 3356 ἑαυτῷ
3328 3287 3426 3338 καὶ
3472 3278 3575 3338 ὧδε
3611 3286 3775 3357 μάχε-

2202 3398 2311 3444 ται,
2355 3381 2567 3452 πικρῶς
2613 3380 2911 3434 διαϐάλλων
2967 3377 3286 3441 εἰς’κακίαν
3335 3378 3464 3440 τοὺς
3522 3377 3626 3430 ἀπὸ
3673 3379 3772 3448 γῆς

2206 3475 2469 3546 καρποὺς,
2510 3473 2597 3526 διὰ
2627 3473 2777 3544 ἡλίου
2810 3489 2872 3540 γε
2921 3469 3337 3541 αὐξανομένους,
3373 3469 3433 3522 ὃν
3467 3471 3612 3523 πάνυ
3650 3470 3771 3521 θαυ-

2211 3567 2366 3636 μάζει
2393 3566 2487 3619 καὶ
2515 3567 2666 3636 τιμᾷ.
2700 3566 2836 3627 Τοὺς
2877 3564 2932 3615 δὲ
2971 3563 3206 3633 ὄμϐρους
3252 3560 3610 3631 περιττὼσεις
3637 3556 3772 3614 εἶναι

2206 3655 2397 3723 λέγων,
2429 3655 2520 3708 καὶ
2556 3654 2661 3707 τῶν
2691 3654 2962 3725 ἀρχόντων
2985 3655 3081 3724 τῆς
3113 3653 3242 3723 ὑλης
3267 3651 3617 3723 έρωτιὼντων
3643 3651 3773 3724 πρὸς

2206 3747 2304 3811 τὰς
2336 3748 2428 3800 τοῦ
2469 3747 2672 3815 ἀγαθοῦ
2710 3746 2988 3816 δυνάμεις·
3028 3745 3122 3798 καὶ
3163 3745 3306 3798 οὑτω
3341 3745 3407 3815 δὴ
3438 3745 3775 3814 καμνόντων,

2212 3839 2437 3910 ἱδρῶτας
2466 3839 2660 3902 αὑτοὺς
2698 3835 2835 3891 εἶναι
2872 3837 3236 3908 διοριζόμενος
3276 3837 3336 3889 τὸ
3371 3838 3644 3907 παρέλκον
3685 3838 3776 3890 αὑ-

2211 3930 2337 3994 τῶν,
2370 3931 2444 3994 ὡς
2477 3931 2637 3992 αὑτὸς
2667 3929 2856 3983 οἴεται.

2278 4022 2386 4074 Καὶ
2428 4020 2489 4072 τὸ
2522 4019 2772 4091 περιττὸν
2814 4020 3067 4090 πειρᾶται
3111 4019 3400 4080 δεικνύναι,
3432 4017 3488 4069 τὸ
3533 4018 3626 4068 καὶ
3669 4017 3772 4086 τὴν

2211 4111 2474 4165 θάλατταν
2525 4112 2618 4164 καὶ
2651 4113 2748 4182 τὴν
2801 4110 2999 4181 ἔρημόν
3040 4127 3098 4162 τε
3145 4111 3240 4162 καὶ
3288 4109 3508 4176 ἄσπορον
3549 4106 3763 4167 ὕεσθαι,

2210 4204 2394 4274 ὥσπερ
2419 4221 2503 4265 τις
2549 4201 2778 4274 ἀκριϐὴς
2811 4201 3063 4271 λογιστὴς
3105 4199 3249 4254 κατά
3295 4197 3414 4252 Θεοῦ
3452 4195 3765 4267 παρελθὼν,

548 4301 837 4370 diligenter
865 4303 1054 4349 contra
1077 4293 1265 4356 Deum,
1297 4291 1456 4362 quasi
1491 4290 1696 4344 frustra
1725 4297 1778 4344 et
1804 4287 2024 4358 profuse
2043 4303 2099 4341 ac

2207 4296 2281 4358 ὼς
2317 4295 2491 4365 μάτην
2522 4295 2613 4347 καὶ
2643 4293 2864 4356 ἀσώτως
2893 4291 3272 4355 ἀναλίσκοντος
3303 4289 3399 4342 τῶν
3433 4289 3638 4341 ὑδάτων
3663 4288 3770 4356 τὴν

549 4389 774 4460 prodige
812 4402 981 4456 aquas
1012 4390 1316 4448 consumat,
1340 4381 1433 4451 qui
1472 4396 1580 4450 prae
1624 4394 1835 4435 summa
1873 4377 2108 4432 amentia

549 4495 659 4535 non
693 4477 859 4541 videt,
888 4475 1016 4545 quid
1049 4473 1217 4526 Deum
1248 4471 1457 4526 deceat.
1485 4466 1641 4534 Quod
1681 4466 1727 4522 si
1767 4464 1906 4519 Deus
1952 4465 2110 4534 inops

551 4586 814 4643 aquarum
838 4576 1003 4628 esset,
1045 4566 1244 4620 faceret
1284 4561 1570 4631 diligenter
1602 4567 1660 4613 ut
1708 4555 2112 4611 accommodate

553 4665 618 4718 ad
653 4677 812 4718 usum
836 4668 888 4716 et
912 4656 1292 4713 necessitatem
1325 4652 1627 4708 ellluerent.
1661 4647 1768 4703 Sed
1799 4649 1927 4718 quia
1957 4648 2110 4704 dives

552 4763 656 4822 est,
689 4763 743 4808 et
779 4762 888 4807 tam
914 4750 1087 4811 dives,
1114 4753 1380 4818 quantum
1423 4758 1587 4798 nemo
1628 4741 1874 4796 oratione
1919 4756 2113 4795 conse-

554 4849 645 4920 qui
671 4855 864 4918 potest,
890 4844 1003 4898 hazc
1038 4843 1152 4911 ipsa
1184 4838 1466 4894 abundans
1483 4836 1744 4890 imbrium
1777 4832 1993 4888 ellluxio
2015 4832 2111 4885 de-

556 4947 822 4994 monstrat
846 4951 990 4990 mare
1007 4949 1073 4988 ex
1104 4947 1211 5002 quo
1244 4944 1394 4999 aqua:
1425 4929 1480 4981 in
1510 4941 1688 4982 aerem
1725 4925 1994 4988 feruntur,
2016 4939 2112 4993 per

555 5029 1015 5100 imbresirrigare.
1051 5023 1296 5079 Solitudo
1321 5034 1449 5076 vero
1484 5026 1538 5075 et
1575 5019 1728 5073 locus
1761 5017 1857 5086 qui
1882 5032 1986 5070 non
2019 5031 2112 5070 ex-

557 5122 688 5193 cipit
714 5135 918 5183 semen,
944 5116 1254 5173 necessario
1291 5113 1527 5184 pluviam
1559 5109 1760 5180 accipit
1794 5107 1862 5162 ad
1910 5123 2112 5176 suppe-

555 5215 834 5270 ditandum
879 5212 1138 5274 fontibus,
1180 5218 1232 5265 et
1271 5206 1564 5278 aliquando
1610 5205 1712 5260 iter
1762 5203 2110 5266 facientibus,

557 5320 616 5363 ut
644 5307 918 5362 inveniant
942 5319 1112 5374 aquas
1150 5303 1426 5358 collectas.
1452 5299 1693 5368 Denique
1732 5304 1791 5351 ut
1836 5305 1981 5349 terra
2015 5309 2112 5348 ex-

557 5419 683 5472 pers
717 5402 913 5471 pluviae
945 5401 1058 5454 sole
1104 5397 1336 5460 arderet,
1375 5411 1484 5450 non
1526 5393 1795 5459 sancivit;
1849 5398 1906 5444 ut
1942 5389 2112 5459 pluri-

561 5509 706 5547 mum
728 5493 878 5548 enim
903 5501 993 5547 aut
1025 5505 1142 5561 per,»
1169 5489 1412 5552 (lumina,
1463 5494 1556 5540 aut
1597 5501 1693 5556 per
1736 5483 1937 5538 imbres
1990 5480 2116 5535 uui-

563 5602 714 5641 versa
748 5595 888 5639 terra
913 5599 1143 5639 rorema
1157 5582 1266 5638 Deo
1294 5580 1506 5649 accipit.

2208 4385 2576 4460 παρασκευὴν,
2631 4384 2694 4437 δι’
2745 4383 3049 4455 ἀκροτάτην
3078 4383 3260 4436 ἄνοιαν
3300 4383 3358 4434 τὸ
3403 4379 3608 4452 πρέπον
3652 4379 3778 4449 Θεῷ

2211 4480 2284 4550 μὴ
2320 4478 2548 4547 βλέπων.
2603 4477 2710 4542 Ὡς,
2735 4479 2786 4528 ,εί
2823 4477 2920 4547 μὲν
2955 4475 3234 4546 ἐπτώχευε
3278 4477 3390 4537 τοῖς
3418 4473 3574 4526 ὕδασι
3624 4472 3778 4535 Θεὸς,

2209 4571 2406 4643 ἀκριϐῆ
2435 4571 2528 4624 καὶ
2549 4573 2615 4642 τῇ
2655 4569 2814 4641 χρείᾳ
2850 4569 3156 4640 σύμμετρον
3184 4570 3420 4621 ἐποιεῖτο
3449 4566 3653 4619 τούτων

2211 4661 2443 4714 ἐπίδοσιν
2463 4678 2476 4691 ·
2517 4659 2704 4731 ἐπειδὴ
2738 4659 2794 4711 δὲ
2825 4658 3063 4722 πλουτεῖ,
3101 4657 3192 4710 καὶ
3220 4656 3341 4708 ὅσον
3376 4671 3438 4723 γε
3473 4655 3579 4707 οὑκ
3608 4655 3671 4708 ἄν
3697 4669 3780 4716 τις

2212 4754 2381 4806 εἰπεῖν
2407 4750 2644 4814 δύναιτο,
2686 4751 2814 4804 αὑτό
2848 4767 2911 4817 γε
2939 4748 3094 4801 τοῦτο
3123 4746 3184 4799 τὸ
3213 4746 3443 4814 ἄφθονον
3469 4745 3572 4815 τῆς
3611 4761 3782 4814 παρα-

2215 4843 2408 4914 σκευῆς
2446 4842 2705 4904 δείκνυσι,
2746 4840 2806 4892 τὸ
2838 4840 2932 4892 καλ⁸
2970 4837 3254 4901 θάλατταν,
3287 4836 3380 4905 ἀφ’
3420 4830 3487 4905 ἦς
3521 4834 3782 4902 ἀνακομί-

2213 4935 2294 4998 ζει
2337 4933 2471 5004 πρὸς
2517 4933 2655 5003 ἀέρα
2701 4930 2769 4983 τὰ
2821 4929 3004 4991 ὑδατα,
3043 4927 3129 4981 διὰ
3175 4927 3350 4996 νεφῶν
3401 4925 3672 4996 ἀρδεύειν.
3719 4926 3780 4978 Ἠ

2212 5026 2267 5078 δὲ
2303 5025 2503 5095 ἔρημός
2525 5041 2582 5075 τε
2617 5022 2708 5076 καὶ
2735 5021 2972 5090 ἄσπορος
3004 5017 3312 5086 ἀναγκαίως
3340 5017 3494 5070 ὕεται
3526 5018 3663 5087 πρὸς
3691 5034 3768 5086 χτ-

2218 5118 2409 5190 ρηγίαν
2455 5115 2644 5187 πηγῶν
2666 5131 2678 5143 ·
2722 5115 2836 5166 ἐστι
2877 5112 2934 5164 δὲ
2966 5112 3052 5164 ὅτε
3084 5112 3315 5173 καὶτοῖς
3353 5110 3670 5180 παριοῦσιν,
3710 5110 3780 5168 ὡς

2216 5210 2281 5263 ἂν
2324 5210 2417 5261 καὶ
2464 5206 2614 5260 αὑτοί
2669 5222 2730 5273 γε
2773 5203 2979 5274 εὑροιεν
3018 5202 3222 5256 ὑδάτων
3274 5201 3626 5272 συστήματα.
3675 5201 3780 5254 Καὶ

2215 5303 2348 5366 ὅλως
2387 5301 2614 5371 ἄϐροχον
2647 5299 2750 5368 γῆν
2780 5297 2911 5368 ἡλίῳ
2945 5295 3233 5366 φλέγεσθαι
3269 5293 3428 5364 μόνον
3468 5293 3535 5346 οὑ
3566 5309 3780 5361 νενομο-

2217 5393 2440 5462 θέτηκεν
2472 5391 2545 5453 ὡς
2589 5390 2678 5442 ἐπὶ
2713 5387 2773 5441 τὸ
2812 5386 2974 5439 πολύ·
3015 5388 3047 5455 ἡ
3079 5385 3183 5456 γὰρ
3209 5382 3295 5436 διὰ
3330 5381 3600 5452 ποταμῶν
3632 5383 3665 5451 ῆ
3693 5382 3779 5449 tato

2218 5483 2360 5554 ϐρων
2392 5482 2578 5536 ἅπασα
2603 5481 2671 5550 γῆ
2703 5479 2834 5551 πρὸς
2864 5478 2995 5532 Θεοῦ
3021 5476 3221 5538 νοτίδος
3247 5472 3536 5526 ἀπολαύει.
