3984 6212
1664 200 1798 254 TITI
1838 196 2260 254 BOSTRENSIS
2300 193 2604 251 EPISCOPI
3625 195 3773 249 1200

1061 325 1188 380 Ολν.
1219 320 1457 376 XXXIV.
1486 319 1737 374 Ciborum
1765 335 1889 372 usus
1912 316 2236 383 moderatus,
2267 317 2448 370 bonus.
2491 313 2853 380 Temperantia
2885 311 3191 366 laudabilis.
3220 310 3222 312 ’

591 425 684 479 Sic
737 437 868 478 sane
914 419 1049 473 cibis
1094 425 1146 470 et
1200 413 1518 484 potionibus
1571 410 1926 471 delectamur,
1978 423 2078 461 non

2261 405 2414 459 Ούτω
2461 404 2524 475 δὴ
2577 406 2799 474 τροφαῖς
2839 419 2894 455 τε
2940 401 3032 454 καὶ
3069 402 3307 471 πόμασιν
3339 398 3670 470 ὲνηδόμεθα,
3705 401 3774 451 οὐ

523 519 820 573 criminosa
854 511 1132 579 voluptate
1166 507 1407 561 fruentes
1443 521 1454 554 :
1492 500 1758 556 naturalis
1801 501 1943 554 enim
1973 500 2078 553 lucc

2191 494 2614 565 διαϐεϐλημένην
2649 492 2838 564 ἡδονὴν
2866 492 3230 564 καρπούμενοι
3249 508 3262 520 '
3295 489 3500 561 φυσικὴ
3529 491 3649 560 γὰρ
3681 489 3776 543 καὶ

531 217 666 273 H99

523 621 628 672 est,
663 620 716 664 et
758 616 936 661 tamen
964 603 1186 674 jejuniis
1230 614 1332 655 nos
1380 611 1702 653 exercemus
1739 613 1755 662 ;
1795 609 1903 648 non
1943 591 2090 662 quod

522 714 605 759 CSI.
631 716 796 770 supra
821 708 1070 753 naturam
1099 701 1292 750 contra
1322 698 1574 746 naturam
1601 694 1943 750 exercentes,
1995 684 2091 739 sed

523 792 865 849 tolerantiam
907 789 1315 859 amplectentes,
1347 795 1400 838 et
1430 781 1601 836 Deum
1629 795 1724 850 per
1755 779 2088 833 humiliatio-

524 900 648 941 nem
682 885 969 956 placantes
1007 889 1063 936 et
1099 879 1394 951 pr0pitium
1440 872 1728 929 reddentes
1758 891 1770 926 :
1803 885 2085 941 nunquam

524 977 971 1032 exercitationem
992 973 1183 1044 jejunii
1210 968 1635 1037 susciperemus,
1664 963 1770 1018 nisi
1802 963 1969 1018 fames
1999 977 2088 1018 es-

526 1077 608 1123 set
638 1069 695 1123 in
723 1083 966 1139 corpore.

586 1164 808 1234 Ubique
841 1164 1003 1233 igitur
1059 1160 1328 1231 appetitus
1385 1157 1603 1213 aseiscit
1646 1150 1860 1208 laudem
1887 1157 1939 1202 et
1964 1161 2084 1200 mo-

527 1256 696 1308 derati
740 1271 872 1309 usus
916 1254 1182 1314 ciborum,
1228 1258 1281 1304 et
1327 1246 1666 1303 abstinentia:
1698 1259 1794 1312 pro
1822 1239 2031 1293 viribus
2067 1256 2080 1290 :

528 1364 636 1402 non
692 1347 832 1401 enim
886 1361 1018 1399 usus
1064 1358 1276 1407 eorum,
1325 1355 1444 1411 qua:
1492 1337 1788 1394 secundum
1834 1342 2082 1386 naturam

528 1448 676 1505 sunt,
712 1444 993 1508 peccatum
1022 1434 1164 1505 parit
1191 1450 1204 1486 :
1233 1435 1344 1488 vini
1375 1430 1590 1502 quidem
1627 1426 1906 1482 moderata
1935 1422 2082 1493 potio

525 1531 782 1586 salutaris
813 1544 934 1583 esse
961 1534 1136 1598 potest
1162 1544 1176 1592 ;
1215 1525 1404 1579 vitium
1430 1537 1558 1578 vero
1580 1517 1858 1576 ebrietatis
1880 1531 1974 1586 per
1997 1514 2081 1568 in-

527 1620 933 1690 temperantiam
964 1617 1348 1673 introducitur.

596 1711 858 1767 Similiter
898 1726 1029 1764 usus
1058 1709 1165 1763 cibi
1205 1707 1503 1763 secundum
1535 1715 1784 1760 naturam
1814 1698 2077 1754 moderati

2188 585 2351 656 αὕτη,
2383 585 2476 638 καὶ
2504 585 2651 654 ὅμως
2696 582 2967 652 νηστείαις
2995 578 3496 651 διαγυμναζόμεθα,
3532 580 3601 630 ού
3631 579 3775 632 κατά

2185 677 2284 748 τῆς
2319 675 2529 746 φύσεως
2580 673 2908 745 μελετῶντες
2933 672 2992 726 τὸ
3019 673 3155 743 ὑπὲρ
3177 671 3354 740 φύσιν,
3384 671 3522 723 ἀλλὰ
3574 688 3774 739 καρτε-

2191 770 2312 839 ρίαν
2348 769 2445 839 μὲν
2472 766 2860 837 ἀσπαζόμενοι,
2887 763 2975 818 διὰ
3000 764 3057 819 δὲ
3085 763 3465 824 ταπεινώσεως
3501 762 3594 814 τὸν
3632 763 3770 814 Θεὸν

2186 860 2576 930 ὲξιλεούμενοιο
2623 858 2722 911 οὐκ
2763 859 2828 911 ἂν
2860 857 2917 910 δὲ
2965 855 3213 927 νηστείας
3235 855 3472 924 ἄσκησιν
3499 854 3766 925 μετήλθο-

2191 973 2310 1025 μεν,
2345 954 2536 1024 πείνης
2563 953 2620 1006 ὲν
2646 951 2724 1022 τῷ
2757 949 2969 1021 σώματι
3007 948 3082 1019 μὴ
3114 948 3357 1018 ἐνούσης.

2257 1110 2532 1182 Πανταχοῦ
2560 1110 2738 1164 τοίνυν
2765 1111 2798 1179 ὴ
2822 1106 2998 1179 ὄρεξις
3024 1105 3270 1176 προξενεί
3288 1106 3381 1158 καὶ
3412 1104 3516 1174 τῆς
3555 1102 3765 1171 συμμέ-

2184 1223 2314 1276 τρου
2349 1205 2596 1274 χρήσεως
2646 1202 2739 1255 καὶ
2763 1202 2860 1271 τῆς
2888 1198 3031 1253 κατά
3061 1197 3284 1268 δύναμιν
3306 1197 3520 1265 ἀποχῆς
3547 1196 3652 1264 τὴν
3677 1195 3765 1246 εύ-

2185 1296 2502 1366 δοκίμησινο
2537 1295 2598 1345 οὺ
2645 1292 2752 1360 γὰρ
2803 1291 2910 1343 τῶν
2955 1290 3094 1343 κατά
3121 1289 3279 1356 φύσιν
3310 1289 3342 1358 ἡ
3385 1287 3588 1357 χρῆσις
3625 1286 3770 1337 ποιεῖ

2183 1387 2282 1456 τὴν
2312 1386 2584 1455 ἁμαρτίαν
2607 1401 2620 1414 ο
2663 1383 2807 1436 οἴνου
2838 1383 2943 1453 γὰρ
2972 1383 3034 1434 τὸ
3062 1381 3277 1451 μέτριον
3306 1380 3392 1448 εἴη
3443 1378 3544 1449 μὲν
3581 1377 3761 1446 σωτῇ

2186 1494 2317 1548 ριον·
2351 1477 2517 1547 μέθης
2550 1475 2605 1528 δὲ
2633 1475 2694 1527 τὸ
2725 1475 2893 1527 κακὸν
2919 1474 3005 1527 διά
3037 1473 3134 1542 τῆς
3155 1470 3422 1542 ἀμετρίας
3451 1469 3755 1536 είσάγεται.

2252 1712 2649 1789 Παραπλησίως
2677 1711 2732 1764 δὲ
2765 1712 2858 1764 κα)⁸
2889 1709 3093 1781 τροφῆς
3123 1709 3220 1781 τῆς
3250 1709 3393 1763 κατά
3419 1709 3630 1777 φύσεως
3646 1710 3758 1779 ὲμο

525 1804 684 1874 culpa
711 1809 869 1856 vacat
903 1818 915 1852 :
953 1802 1077 1871 gula
1122 1816 1250 1855 vero
1299 1800 1544 1870 arguitur
1575 1806 1627 1851 et
1671 1791 2078 1865 reprehenditur

2190 1807 2382 1877 μέτρου
2405 1807 2642 1870 ἀναίτιος
2662 1806 2694 1876 ἡ
2721 1805 2913 1875 χρῆσις
2931 1820 2942 1833 ο
2971 1801 3380 1874 γαστριμαργία
3405 1803 3460 1855 δὲ
3483 1801 3558 1871 τῷ
3580 1804 3761 1873 ὑπερ-

525 1905 745 1968 propter
778 1895 1027 1958 nimium,
1054 1901 1107 1948 et
1139 1893 1266 1964 quia
1305 1901 1390 1948 est
1429 1898 1623 1961 praeter
1667 1889 1952 1942 rationem.
1990 1883 2079 1938 Sic

523 1992 687 2045 etiam
705 1989 781 2042 uti
801 1987 1036 2058 legitime
1054 1994 1106 2040 et
1131 1985 1408 2040 moderate
1433 1983 1668 2054 appetitu
1688 1977 1949 2035 miscendi
1967 1991 2082 2032 cor-

523 2083 692 2153 poris,
750 2082 971 2136 omnino
1021 2083 1169 2131 caret
1217 2076 1470 2141 crimine;
1519 2083 1710 2145 praeter
1758 2072 1924 2141 legem
1981 2083 2079 2121 au-

523 2183 630 2226 tem
661 2182 714 2226 et
735 2171 1090 2226 immoderate
1116 2168 1216 2232 uti,
1237 2168 1444 2222 crimen
1469 2168 1624 2222 aﬁ‘ert
1650 2161 2074 2219 incontinentiae.

526 2264 852 2319 Manichacus
883 2263 1048 2333 igitur
1079 2269 1133 2315 et
1160 2260 1280 2329 ejus
1309 2260 1532 2316 asseclae
1566 2257 1696 2312 nihil
1735 2257 1942 2333 ratione
1967 2268 2084 2323 per-

526 2359 843 2428 spicientes,
883 2357 1065 2411 omnia
1100 2354 1338 2409 furenter
1366 2349 1712 2408 contumeliis
1741 2330 2038 2402 alle'cerunt
2065 2363 2079 2400 ε

524 2459 784 2519 tanquam
819 2450 996 2504 omnis
1035 2445 1304 2518 cupiditas
1347 2445 1419 2499 sit
1468 2443 1629 2505 mala,
1665 2441 1825 2510 cujus
1864 2439 2082 2510 quidem

522 2541 718 2594 modus
752 2549 805 2594 et
835 2542 1316 2608 temperamentum
1347 2531 1644 2602 legitimum
1680 2536 1835 2583 extra
1869 2526 2084 2595 culpam

521 2641 575 2685 et
607 2632 814 2694 crimen
844 2636 926 2684 est
955 2627 1312 2682 :abstinentia
1336 2640 1464 2681 vero
1487 2637 1584 2694 pro
1604 2621 1813 2676 viribus
1842 2623 2084 2688 spectata

523 2726 642 2779 laus
672 2733 753 2778 est
783 2722 1118 2776 admirabilis
1144 2719 1372 2774 virtutis.

598 2813 654 2867 Si
670 2814 814 2868 enim
836 2813 958 2882 quis
985 2811 1268 2866 abstinens
1297 2806 1585 2861 laudabilis
1607 2811 1690 2859 est
1718 2801 1861 2872 apud
1887 2800 2076 2863 Deum,

524 2920 632 2959 non
664 2903 804 2958 male
830 2905 884 2957 in
907 2908 1177 2973 potestate
1205 2899 1322 2969 ejus
1359 2906 1462 2965 est,
1493 2897 1547 2952 id
1569 2895 1727 2966 cujus
1753 2893 2080 2948 abstinentia

520 2996 753 3050 ollicium
804 3003 889 3048 est
928 2991 1184 3064 perfectae
1220 2989 1461 3046 virtutis.
1524 2988 1756 3043 Maxima
1808 2986 1952 3040 enim
1999 2985 2082 3054 ja-

520 3100 676 3144 ctura
731 3087 916 3150 ﬁeret,
950 3086 996 3140 si
1031 3084 1083 3139 in
1115 3090 1383 3156 potestate
1429 3082 1547 3152 ejus
1594 3095 1702 3135 non
1751 3085 1917 3141 esset,
1962 3084 2081 3132 tan-

2186 1899 2429 1953 ϐάλλοντι
2463 1898 2767 1969 παράλογος
2799 1895 3098 1966 ἐλέγχεται,
3123 1894 3275 1949 Οὕτω
3295 1895 3357 1966 δὴ
3386 1897 3479 1948 καὶ
3501 1897 3600 1965 τῆς
3617 1894 3761 1966 πρὸς

2184 1992 2282 2056 τὰς
2316 1990 2487 2063 μίξεις
2511 1989 2742 2062 ὀρέξεως
2767 1992 2800 2061 ἡ
2843 1990 2938 2060 μὲν
2971 1989 3197 2059 νόμιμος
3225 1988 3416 2058 χρῆσις
3447 1989 3546 2040 καὶ
3584 1987 3762 2058 μέτρα

2185 2084 2525 2154 γινώσκουσα
2573 2083 2898 2154 ἀνέγκλητος
2931 2081 3232 2145 παντελῶς*
3276 2083 3309 2152 ή
3348 2081 3407 2134 δὲ
3437 2081 3761 2152 παράνομός

2186 2195 2244 2232 τε
2269 2177 2362 2231 καὶ
2403 2176 2637 2249 ἄμετρος
2663 2177 2760 2248 τῆς
2786 2175 3077 2238 ἀκολασίας
3107 2174 3364 2244 προσάγει
3388 2174 3448 2226 τὸ
3475 2173 3757 2242 ἔγκλημα.

2186 2269 2366 2341 Μηδὲν
2412 2269 2589 2322 τοίνυν
2628 2268 2705 2340 τῷ
2734 2267 2974 2338 λογισμῷ
3015 2268 3151 2338 μήτε
3182 2269 3210 2319 ὁ
3242 2267 3432 2336 Μάνης
3465 2266 3760 2335 καθεωρασι

2189 2361 2316 2424 κὼς,
2333 2362 2466 2432 μήτε
2492 2363 2540 2414 oi
2565 2361 2624 2426 ἐξ
2648 2362 2852 2414 ἐκείνου
2883 2362 3057 2414 πάντα
3076 2359 3327 2431 φέροντες
3352 2358 3604 2428 μανικῶς
3629 2356 3759 2410 καθ-

2190 2455 2431 2526 ύϐρισαν,
2459 2456 2534 2518 ὡς
2570 2456 2750 2525 πάσης
2790 2443 3080 2525 ἐπιθυμίας
3127 2452 3291 2523 οὔσης
3336 2452 3548 2521 κακῆς⁶
3583 2445 3653 2523 ἧς
3700 2453 3756 2503 τὸ

2191 2549 2384 2620 μέτρον
2432 2549 2528 2618 μὲν
2577 2548 2822 2618 νομίμως
2874 2547 3141 2601 ἀναίτιον·
3177 2548 3210 2616 ἡ
3250 2546 3307 2598 δὲ
3345 2545 3487 2598 κατὰ
3525 2545 3760 2616 δύναμιν

2187 2640 2364 2711 ἀποχὴ
2393 2640 2486 2692 καὶ
2515 2639 2818 2710 θαυμασίας
2848 2656 2910 2707 γε
2947 2638 3146 2709 ἀρετῆς
3181 2637 3555 2708 εὐδοκίμησις.

2254 2817 2316 2868 ΕΞ
2370 2816 2476 2885 γὰρ
2526 2815 2858 2886 ἀπεχόμενός
2899 2833 2983 2879 τις
3026 2813 3302 2878 ἐπαινετὸς
3338 2815 3493 2886 παρὰ
3520 2814 3654 2886 Θεῷ,
3685 2815 3751 2868 οὐ

2186 2907 2369 2971 κακῶς
2393 2925 2455 2976 γε
2476 2910 2650 2961 ἐκεῖνο
2669 2910 2734 2978 τῇ
2758 2908 2973 2980 ἐξουσία
2998 2909 3342 2980 παράκειται,
3363 2903 3424 2961 οὗ
3440 2925 3502 2975 γε
3523 2909 3555 2978 ἡ
3574 2909 3752 2979 ἀποχὴ

2186 2998 2391 3061 τελείας
2414 2999 2610 3069 ἀρετῆς
2627 2999 2953 3070 κατόρθωμα
2971 3016 2984 3028 ο
3013 2999 3180 3069 ζημία
3201 2997 3311 3069 γὰρ
3324 2993 3410 3068 ἦν,
3429 3000 3478 3050 εἰ
3506 2999 3585 3070 μὴ
3615 3016 3752 3070 παρ-

2189 3090 2360 3143 έκειτο
2387 3091 2420 3159 ἡ
2452 3089 2730 3154 ἀνωτάτω,
2755 3090 2830 3153 ὡς
2863 3090 2924 3142 ού
2964 3089 3117 3143 κενὸν
3147 3089 3235 3142 διὰ
3258 3090 3355 3160 τῆς
3376 3089 3591 3158 ἀποχῆς
3615 3091 3750 3160 ἀγα-

517 3195 683 3250 quam
737 3194 848 3232 non
899 3183 1084 3247 posset
1126 3176 1212 3231 edi
1256 3175 1428 3230 virtus
1471 3189 1569 3244 per
1621 3169 2006 3226 abstinentiam
2062 3187 2074 3223 :

2190 3183 2270 3236 θὺν
2303 3182 2710 3254 ἀποφανθῆναιο
2746 3184 2870 3237 ἄνευ
2900 3183 3008 3254 γὰρ
3035 3182 3125 3235 τοῦ
3161 3182 3234 3252 μὴ
3271 3181 3481 3249 ποιῆσαι
3518 3181 3748 3236 τούναν-

519 3272 626 3326 nisi
661 3270 804 3325 enim
841 3268 1177 3324 contrarium
1211 3265 1325 3322 ﬁeri
1357 3265 1551 3336 possit,
1581 3280 1690 3319 non
1734 3269 1913 3332 potest
1964 3262 2079 3316 ﬁeri

520 3363 720 3417 malum
754 3379 770 3430 ;
798 3376 974 3432 neque
998 3376 1190 3416 rursus
1227 3360 1342 3414 ﬁeri
1367 3367 1546 3429 potest
1565 3358 1789 3421 bonum,
1820 3355 1925 3410 nisi
1956 3371 2082 3425 pos-

521 3457 591 3511 sit
627 3455 860 3518 malum.
893 3464 950 3509 ut
1000 3467 1142 3522 saepe
1175 3449 1691 3507 demonstravimus.
1745 3449 2081 3505 Manichacus

520 3556 700 3603 autent
737 3548 937 3601 bonum
976 3553 1029 3600 et
1060 3544 1311 3599 virtutem
1343 3543 1653 3607 inhonorat,
1677 3557 1799 3597 eum
1843 3551 2084 3613 potesta-

516 3651 624 3695 tem
656 3647 709 3694 et
743 3639 1041 3692 libertatem
1071 3636 1362 3706 vituperat.
1960 3624 1967 3631 ’

2185 3275 2314 3340 τίον,
2332 3274 2448 3340 ἐξὸν
2469 3276 2688 3345 ποιῆσαι
2704 3274 2762 3327 τὸ
2777 3275 2964 3339 κακὸν,
2980 3275 3079 3328 οὐκ
3105 3274 3183 3328 ἔνι
3203 3274 3498 3328 τούναντίον
3515 3291 3750 3344 πεποιη-

2187 3367 2336 3422 κέναι
2383 3368 2557 3421 δοκεῖν
2589 3369 2650 3422 τὸ
2692 3367 2915 3435 ἀγαθὸν,
2943 3368 3019 3430 ὡς
3048 3367 3306 3431 πολλάκις
3343 3366 3643 3438 ἐδείξαμεν.
3692 3368 3748 3420 '0

2184 3460 2240 3513 δὲ
2271 3460 2461 3531 Μάνης
2500 3460 2731 3530 τάγαθόν
2764 3477 2823 3512 τε
2856 3461 2948 3513 καὶ
2976 3460 3071 3530 τὴν
3099 3461 3296 3531 ἀρετὴν
3337 3459 3624 3531 ἀτιμάζει,
3651 3461 3749 3530 τὴν

2183 3551 2430 3617 ἐξουσίαν
2460 3553 2552 3604 καὶ
2579 3552 2638 3604 τὸ
2665 3551 2946 3623 ἐλεύθερον
2977 3551 3232 3615 κακίζων.

1281 3727 1410 3782 CAP.
1443 3724 1652 3782 XXXV.
1682 3726 1758 3781 De
1785 3730 2089 3796 corporibus
2118 3730 2425 3808 inanimali:
2452 3731 2681 3785 Mortalis
2710 3731 2940 3784 insania.

585 3846 857 3901 Praeterea
904 3856 1013 3896 non
1067 3839 1232 3910 pudet
1286 3839 1467 3894 dicere
1523 3839 1793 3893 animatos
1837 3852 1958 3892 esse
1999 3839 2071 3892 la-

516 3939 668 4012 pides
689 3977 702 4001 ,
727 3946 779 3993 et
811 3933 1155 3990 introducere
1179 3931 1361 3986 omnia
1395 3931 1653 3994 animata,
1681 3937 1733 3984 et
1763 3945 1881 4000 quae
1905 3930 2077 3983 mani-

519 4034 654 4087 feste
696 4038 822 4086 sunt
865 4028 1182 4090 inanimata,
1217 4033 1475 4094 tanquam
1518 4023 1607 4076 illa
1649 4023 1822 4078 virtus
1855 4022 1989 4089 ,boni
2022 4022 2074 4076 in

517 4121 786 4192 lapidibus
811 4119 973 4174 etiam
1010 4117 1352 4171 contineatur
1381 4132 1394 4181 ;
1432 4113 1726 4184 qui'usque
1763 4114 1900 4168 adeo
1931 4113 2075 4183 quod

517 4214 585 4266 ab
642 4211 775 4281 ipsis
827 4207 1143 4269 honoratur,
1216 4205 1288 4289 ad.
1341 4203 1632 4258 ludibrium
1695 4212 1750 4259 et
1812 4204 2075 4260 vilitatem

516 4305 721 4374 dejicit,
755 4310 813 4356 ut
843 4308 1090 4354 naturam
1131 4298 1254 4351 boni
1290 4297 1342 4350 in
1367 4296 1636 4365 lapidibus
1662 4295 1916 4350 inanimis
1945 4296 2080 4366 liga-

2252 3838 2364 3890 Οὐκ
2404 3837 2715 3908 αἰσχύνεται
2746 3837 2802 3889 δὲ
2835 3836 2927 3889 καὶ
2954 3837 3079 3898 τοὺς
3116 3835 3295 3899 λίθους
3319 3836 3632 3906 ὲῴχῶσθαι
3663 3839 3747 3893 λέ-

2182 3944 2312 3998 γων,
2349 3928 2443 3981 καὶ
2473 3927 2542 3980 τὰ
2590 3929 2765 3981 πάντα
2821 3925 3057 3997 ἔμψυχα,
3098 3926 3292 3980 καὶτὰ
3341 3927 3525 3995 σαφῶς
3568 3929 3751 3999 ἄψυχα

2181 4021 2592 4093 είσηγούμενος’
2619 4021 2693 4083 ὡς
2715 4020 2806 4072 ἀπ’
2835 4019 3047 4087 ἐκείνης
3081 4019 3143 4089 δὴ
3170 4022 3268 4090 τῆς
3300 4017 3390 4072 τοῦ
3417 4020 3618 4088 ἀγαθοῦ
3652 4023 3748 4075 δυ-

2181 4113 2414 4184 νάμεως,
2445 4112 2524 4166 ἔτι
2571 4113 2665 4166 καὶ
2720 4115 2776 4165 ὲν
2822 4112 2988 4176 λίθοις
3031 4113 3422 4183 κατεχομένης·
3483 4114 3746 4168 τοσοῦτο-ι

2178 4205 2405 4274 κατάγει
2439 4205 2500 4258 τὸ
2526 4206 2654 4276 παρ’
2700 4204 2875 4257 αὐτῶν
2906 4203 3211 4274 τιμώμενον
3251 4205 3326 4266 είς
3367 4203 3516 4274 ὕϐριν
3552 4223 3609 4258 τε
3642 4209 3742 4260 καὶ

2180 4299 2471 4362 εὐτέλειαν,
2503 4299 2641 4351 ὥστε
2666 4297 2764 4368 τὴν
2799 4297 2956 4367 φύσιν
2990 4296 3082 4350 τοῦ
3117 4297 3323 4364 ἀγαθοῦ
3349 4298 3438 4350 καὶ
3471 4300 3528 4351 ὲν
3566 4297 3744 4363 λίθοις

516 4407 624 4450 tam
654 4410 775 4449 esse
809 4393 972 4446 dicat.
1011 4389 1290 4442 Aliirmare
1329 4395 1510 4441 autem
1543 4387 1628 4441 sic
1656 4401 1713 4441 se
1738 4387 1938 4441 habere
1971 4387 2075 4441 ista

2190 4388 2404 4458 ἀψύχοις
2436 4389 2662 4457 φάσκειν
2697 4388 3061 4460 πεπεδῆσθαί·
3107 4389 3250 4461 ἆπερ
3284 4389 3452 4454 οὕτως
3480 4390 3622 4461 ἔχειν
3663 4392 3744 4446 δι-

513 4503 633 4558 quae
663 4485 813 4548 dicit,
831 4483 1007 4553 qualis
1043 4480 1268 4536 insaniae
1307 4479 1565 4532 indicium
1590 4494 1711 4535 esse
1737 4479 1982 4533 dicitur?
2015 4481 2073 4534 Si

511 4579 658 4633 enim
688 4577 745 4630 in
786 4574 1054 4646 lapidibus
1085 4571 1410 4635 continetur,
1445 4569 1591 4640 quod
1619 4586 1650 4624 a
1691 4570 1798 4626 Deo
1846 4572 2073 4626 missum

512 4680 617 4736 est,
650 4669 761 4739 jam
796 4667 925 4722 vicit
961 4665 1200 4735 nequitia
1229 4682 1244 4730 ;
1285 4670 1474 4718 contra
1502 4664 1685 4733 ligato,
1720 4664 1864 4734 quod
1905 4665 1971 4717 ad
2011 4665 2076 4716 li-

514 4761 749 4831 gandum
783 4764 1022 4819 venerat,
1053 4756 1186 4810 dicit
1217 4755 1410 4810 animae
1443 4755 1682 4826 lapidum
1714 4763 1765 4810 et
1795 4757 2069 4826 lignorum

513 4842 775 4906 indicium
800 4864 928 4905 esse
955 4862 1149 4903 sonum
1175 4846 1230 4900 in
1265 4861 1386 4902 aere
1413 4847 1607 4917 lapidis
1643 4857 1698 4902 et
1727 4846 1907 4918 virgae,
1944 4857 2070 4901 tan-

511 4959 675 5013 quam
725 4941 958 4996 audierit
1021 4938 1312 5008 aliquando
1371 4953 1556 4994 vocem
1615 4939 1858 5010 ipsorum
1919 4943 2074 5001 arti-

512 5035 775 5090 culatam.

584 5123 678 5179 Est
726 5130 904 5177 autem
954 5121 1094 5191 apud
1139 5137 1240 5177 nos
1288 5122 1447 5176 etiam
1496 5122 1753 5192 cogitatio
1791 5130 1844 5177 et
1877 5138 2072 5178 sermo

513 5215 725 5279 animm,
754 5216 845 5285 qui
878 5229 1216 5286 nequaquam
1242 5214 1460 5268 auditur
1491 5232 1505 5281 ;
1553 5213 1698 5285 quod
1724 5216 1870 5270 enim
1901 5230 1969 5269 au
1987 5216 2070 5270 di-

511 5316 622 5373 tur,
660 5321 915 5378 percnsso
951 5321 1075 5361 aere
1119 5320 1216 5374 per
1255 5305 1676 5360 instrumentum
1719 5319 2070 5375 corporeum,

512 5399 729 5453 auditur
765 5415 777 5450 :
817 5397 960 5467 quod
1011 5394 1228 5465 quidem
1283 5395 1486 5465 absque
1539 5401 1684 5448 motu
1734 5393 1965 5448 rationis
2007 5393 2061 5446 in

512 5489 878 5544 animantibus
939 5488 1148 5541 ratione
1212 5487 1522 5541 carentibus
1570 5485 1800 5540 inveniri
1860 5493 2056 5556 potest,

512 5598 632 5652 quae
659 5583 892 5635 clamant
916 5581 1154 5651 quidem,
1191 5581 1285 5635 sed
1324 5597 1431 5635 non
1463 5579 1771 5645 articulate,
1808 5583 1932 5650 quia
1970 5598 2025 5633 ra
2049 5611 2067 5621 ο

513 5675 658 5728 tione
690 5673 892 5742 privata
916 5679 1062 5728 sunt.

2177 4481 2564 4554 ισχυρίζεσθαι,
2585 4482 2739 4544 ποίας
2765 4480 2828 4534 ἄν
2853 4498 2938 4544 τις
2960 4482 3146 4550 φήσειε
3167 4483 3366 4551 μανίας
3384 4479 3520 4535 εἶναι
3541 4487 3718 4554 τεκμή
3735 4517 3749 4528 ο

2179 4589 2324 4641 ριον;
2359 4572 2421 4623 Ei
2445 4572 2554 4643 γὰρ
2570 4573 2626 4624 ὲν
2647 4571 2813 4634 λίθοις
2841 4573 3124 4642 κατέχεται
3153 4574 3212 4626 τὸ
3240 4575 3395 4644 παρὰ
3423 4575 3516 4628 τοῦ
3541 4576 3742 4644 ἀγαθοῦ

2174 4661 2440 4732 πεμφθὲν,
2470 4662 2570 4733 ήδη
2631 4661 2914 4732 νενίκηκεν
2954 4665 2987 4734 ἡ
3021 4664 3216 4718 κακία·
3251 4665 3559 4720 τούναντίον
3603 4669 3744 4721 δεδε-

2177 4753 2336 4822 μένου
2363 4753 2454 4806 τοῦ
2485 4753 2642 4823 δῆσαι
2677 4755 3147 4825 παραγενομένουο
3171 4757 3265 4809 καὶ
3286 4759 3520 4810 ποιεῖται
3545 4762 3746 4829 τεκμῄ-

2177 4859 2288 4911 ριον
2318 4842 2417 4914 τῆς
2439 4844 2543 4896 τῶν
2565 4844 2726 4898 λίθων
2755 4847 2848 4899 καὶ
2875 4845 2984 4899 τῶν
3019 4846 3190 4912 ξύλων
3220 4849 3398 4919 ψυχῆς
3419 4849 3511 4902 τὸν
3535 4853 3592 4902 ὲν
3623 4852 3744 4923 ἀέρι

2174 4933 2377 4987 κτύπον
2406 4933 2551 4987 λίθου
2583 4951 2641 4987 τε
2673 4935 2768 4988 καὶ
2801 4936 3018 5007 ῥάϐδου,
3042 4937 3229 5010 ὥσπερ
3267 4939 3533 5011 ἐνάρθρου
3561 4942 3743 5010 φωνῆς

2173 5024 2347 5078 αὐτῶν
2377 5025 2591 5080 πώποτε
2617 5027 2924 5092 διακούσας.

2246 5119 2402 5170 Ἔστι
2453 5119 2510 5172 δὲ
2555 5121 2648 5173 καὶ
2699 5123 2828 5190 παρ’
2865 5123 2996 5191 ἡμῖν
3037 5123 3097 5174 τὸ
3134 5122 3230 5192 μὲν
3270 5122 3563 5194 ἐνθύμημα
3592 5127 3687 5176 καὶ
3716 5127 3745 5178 ό

2172 5216 2325 5284 λόγος
2350 5217 2449 5286 τῆς
2467 5217 2646 5287 ψυχῆς
2667 5218 2915 5289 οὐδαμῶς
2941 5219 3272 5290 ἀκουόμενον
3291 5237 3305 5249 ·
3336 5220 3396 5272 τὸ
3436 5220 3481 5272 δ’
3520 5220 3744 5284 ἐξάκου-

2173 5325 2315 5372 στον,
2334 5310 2498 5380 ἀέρος
2521 5310 2885 5382 πληττομένου
2907 5311 2994 5365 διὰ
3021 5312 3111 5366 τοῦ
3145 5312 3455 5382 σωματικοῦ
3476 5314 3706 5384 ὀργάνου
3721 5330 3739 5344 ·

2169 5400 2304 5472 ὅπερ
2335 5401 2455 5470 δίχα
2482 5401 2580 5472 τῆς
2605 5403 2826 5474 λογικῆς
2849 5405 3134 5475 κινήσεως,
3162 5408 3256 5458 καὶ
3283 5406 3505 5459 ἐπὶτῶν
3529 5405 3739 5473 ἀλόγων

2171 5489 2314 5560 εὖροι
2359 5508 2443 5553 τις
2498 5491 2583 5554 ἂν,
2623 5491 2867 5561 βοώντων
2901 5497 3018 5565 μὲν,
3053 5495 3294 5567 ἄναρθρα
3324 5497 3403 5563 δὲ,
3436 5497 3622 5569 ἐπειδὴ
3652 5495 3740 5550 λό-

2171 5599 2263 5650 γου
2304 5582 2610 5652 ἐστέρηται.
