3984 6212
260 372 406 456 {illi
1323 385 1696 446 ADVERSUS
1736 393 2150 454 MANICIMSOS
2187 400 2314 455 LIB.
2358 401 2418 457 II.
3365 419 3523 475 {5262'

347 468 434 530 Ὠς
453 470 648 533 παντω
681 471 946 541 σώματος,
986 476 1085 530 κᾶν
1120 478 1324 550 ἄψυχον
1346 479 1400 556 ᾗ,
1422 487 1617 540 οἰκεῖόν
1647 491 1804 543 ὲοτιτ

2000 451 2008 452 ,
2052 451 2094 453 κ-
2128 451 2141 454 ν
2187 451 2314 455 ___-
2359 451 2417 457 ..-
3370 451 3502 475 Ιῶυᾶι

1913 544 1914 550 η
2011 492 2107 550 Est
2142 505 2321 552 autem
2357 499 2641 569 proprium
2682 505 2948 573 corporis.
2978 512 3101 560 licet
3141 516 3208 562 sn
3231 509 3502 567 inanima-

251 551 395 629 ἦχον
423 559 669 627 ἐμποιεῖν
701 564 767 631 τῇ
804 563 938 634 πρὸς
964 565 1051 617 τὸν
1080 567 1217 638 ἀέρα
1241 551 1442 644 πληγῇ.
1466 575 1528 627 τὸ
1558 575 1663 648 γὰρ
1689 578 1804 631 amb

2249 551 2256 552 ,
2357 551 2381 568 τ
2689 551 2948 573 ---τ---η
2978 551 3101 560 ..-υ
3141 551 3502 567 ν..

1937 594 2075 650 tum,
2103 604 2366 658 percusso
2414 605 2543 647 aere
2585 595 2825 647 sonitum
2874 595 3100 652 reddere
3135 618 3146 652 :
3181 604 3324 670 quod
3359 598 3502 661 enim

260 665 432 720 ματον
466 648 564 701 οὐκ
599 649 666 702 ἂν
701 649 1001 715 ὲξάκουστα
1059 658 1380 727 φθέγξαιτο·
1434 664 1569 736 ἀέρα
1616 667 1721 739 γὰρ
1771 686 1800 722 ο

2063 648 2070 650 ν
2103 648 2120 658 ⁸
2980 648 3097 652 η--
3135 648 3145 652 -
3184 648 3324 670 τ---
3360 648 3502 661 -......

1935 686 2087 735 caret
2146 696 2407 752 corpore,
2479 700 2586 739 non
2654 687 2842 744 reddet
2900 706 3087 746 vocem
3152 709 3271 762 qua:
3328 698 3503 755 audiri

251 739 502 810 πλήττει,
536 741 765 810 ὀργάνου
797 744 890 798 τοῦ
920 747 1240 819 πλήττοντος
1270 753 1702 828 ἀπηλλαγμένον.

340 914 493 967 Ἐπεί
511 932 590 969 τοι
626 918 683 969 αἱ
710 917 987 991 ἀσώματοι
1009 925 1265 998 δυνάμεις
1289 930 1484 1004 ἄψυχοί
1501 952 1562 1003 γε
1588 935 1831 1004 δόξουσιν

247 1005 340 1071 ἂν,
381 1009 570 1080 ἐπειδὴ
619 1011 941 1075 ἐξάκουστον
987 1021 1117 1089 παρ’
1166 1022 1343 1076 αὐτῶν
1386 1025 1537 1080 οὐδὲν
1574 1030 1654 1093 είς
1683 1027 1831 1102 ἡμᾶς

245 1095 732 1174 ἀφικνεῖται·ὅπερ
768 1105 945 1159 τοίνυν
977 1111 1142 1181 ὲχρῆν
1170 1118 1462 1188 τεκμήριον
1500 1095 1827 1196 ποιήσασθαι

241 1190 360 1244 τῶν
411 1196 689 1260 παντελῶς
717 1198 960 1269 ἀψύχων,
996 1201 1070 1266 ὡς
1103 1207 1449 1264 κτυπούντων
1483 1213 1541 1277 ἐξ
1583 1216 1827 1292 ἀνάγκης

242 1283 333 1344 είς
361 1284 500 1355 ἀέρα
545 1286 722 1356 (τοῦτο
743 1291 850 1361 γὰρ
884 1291 1043 1361 μόνου
1077 1295 1346 1366 σώματος,
1377 1303 1497 1375 οὐχὶ
1527 1307 1584 1360 δὲ
1604 1283 1822 1383 φυγῆς),

243 1371 412 1425 τοῦτο
448 1373 741 1444 ψυχώσεως
785 1385 1006 1450 σημεῖον
1047 1383 1254 1442 ἐλαϐεν.
1315 1391 1594 1450 Ἐντεῦθεν
1633 1400 1696 1471 δή
1731 1404 1826 1456 καὶ

241 1462 318 1516 τὰ
349 1467 650 1535 τετράποδα
691 1471 785 1522 καὶ
814 1472 881 1524 τὰ
923 1479 1161 1542 πετεινὰ,
1202 1482 1301 1536 ὅσα
1343 1489 1567 1557 χρήσεις
1615 1462 1824 1564 ἀνθρώ-

239 1569 374 1618 ποις
405 1556 516 1625 ἔχει
554 1561 779 1631 τροφῆς,
809 1563 1018 1636 βαρέως
1045 1570 1280 1626 αἰτιᾶται
1316 1556 1442 1641 τοὺς
1481 1556 1825 1648 θύοντας,’ὠς

239 1646 468 1718 ἐκείνης
498 1649 598 1719 τῆς
623 1652 906 1725 δυνάμεως
931 1660 1024 1712 τοῦ
1054 1663 1256 1730 ἀγαθοῦ
1299 1671 1391 1723 καὶ
1415 1672 1584 1727 ταῦτα
1621 1646 1822 1748 ψυχοῦξ

237 1751 370 1806 σης,
412 1739 506 1792 καὶ
550 1742 607 1793 ὲν
644 1744 826 1810 αὐτοῖς
868 1754 1270 1825 κατεχομένης·
1295 1757 1482 1834 ὥσπερ
1511 1739 1820 1833 σπουδάξων

236 1827 574 1901 καθυϐρίσαι
630 1840 919 1906 παντοίως,
965 1844 1024 1897 ὃν
1062 1846 1264 1915 ἀγαθὸν
1311 1827 1474 1923 δῆθεν
1522 1827 1818 1915 ἀποκαλεῖο
1855 1859 1894 1912 Β

233 1921 544 1995 ὲρωτητέον
587 1926 650 1998 δὴ
695 1931 839 1995 τίνος
891 1935 1162 2009 ἐπιτροπῇ
1209 1921 1382 1996 ταῦτά
1422 1948 1726 2020 ἀνθρώποις
1763 1955 1822 2020 ἐξ

227 2013 422 2085 ἀρχῆς
458 2019 536 2080 είς
570 2022 775 2092 τροφὴν
807 2026 1194 2096 παραδέδοται·
1231 2029 1338 2106 ἆρά
1369 2053 1431 2105 γε
1470 2013 1568 2110 της
1602 2013 1817 2110 κακίας,

223 2103 306 2170 ὡς
368 2107 693 2184 ὑϐριζούσης
743 2115 802 2168 τὸ
855 2118 1086 2188 ἀγαθόν;
1127 2103 1396 2183 Ἀλλ’-οὐκ
1438 2103 1602 2203 ἀν’γε
1637 2103 1818 2212 ἐκείνη

226 2199 496 2256 τοσοῦτον
545 2205 749 2259 συνεῖδε
783 2211 1033 2282 πρᾶγμα,
1059 2216 1257 2282 γνῶσιν
1289 2221 1361 2292 μὴ
1397 2199 1699 2301 κεκτημένη
1723 2249 1735 2262 ’
1759 2199 1820 2286 οῦ

229 2291 348 2363 γὰρ
386 2294 546 2361 ἄλλος
575 2297 908 2371 δημιουργὸς
958 2305 1022 2359 ἀν
1079 2309 1190 2380 εἴη,
1245 2291 1365 2366 οὐδε
1417 2291 1824 2394 δημιουργήσας

229 2385 412 2449 ἐστὶν,
447 2387 521 2451 ὥς
564 2408 725 2462 φησιν
758 2395 786 2445 ό
831 2395 984 2460 Θεὸς,
1035 2401 1126 2453 καὶ
1177 2403 1275 2476 τὴν
1323 2385 1550 2479 δύναμιν
1707 2385 1816 2486 ’τῆς

231 2475 378 2559 ἰδίας
425 2480 639 2549 φύσεως
687 2487 1125 2560 προϐαλλόμενος
1169 2475 1261 2548 ἐπὶ
1312 2475 1670 2576 σωφρονισμῷ

229 2566 410 2640 ὕλης.-

1934 780 2138 838 queat;
2189 775 2316 843 quia
2350 790 2460 830 non
2511 779 2746 847 percutit
2782 794 2984 847 aerem,
3032 797 3155 838 cum
3203 786 3275 841 sit
3317 789 3383 844 ab
3417 790 3502 846 in-

1933 875 2236 925 strumento
2267 873 2606 941 perculientc
2632 875 2886 934 liberum.

2001 955 2365 1024 Quamobrem
2396 963 2730 1034 incorporeaa
2761 976 3054 1036 potestates
3077 972 3329 1030 inanimae.
3355 977 3505 1032 vide-

1929 1047 2158 1116 buntur,
2193 1051 2322 1121 quia
2354 1053 2489 1108 nihil
2521 1057 2664 1124 quod
2701 1072 2865 1113 sensu
2898 1061 3116 1118 auditus
3144 1066 3497 1136 percipiatur,

1929 1137 1996 1191 ab
2027 1137 2107 1193 eis
2149 1139 2217 1194 ad
2267 1157 2368 1196 nos
2415 1141 2608 1197 fertur.
2654 1145 2807 1211 Quod
2859 1149 3025 1220 igitur
3063 1155 3346 1222 oportebat
3386 1156 3502 1213 ﬁeri

1929 1231 2190 1287 indicium
2239 1250 2530 1306 corporum
2584 1254 2810 1308 prorsus
2863 1244 3044 1298 anima
3085 1251 3409 1317 carentium,
3441 1261 3501 1306 ut

1926 1338 2047 1392 qua:
2079 1328 2392 1381 necessario
2424 1343 2606 1384 aerem
2641 1332 2861 1401 pulsant
2894 1334 3034 1401 (hoc
3069 1338 3212 1412 enim
3251 1346 3500 1411 corporis

1923 1422 2028 1480 est,
2074 1430 2183 1470 non
2217 1418 2452 1488 animae),
2489 1420 2592 1476 hoc
2628 1425 2836 1494 accepit
2865 1425 3194 1485 Manichacus
3237 1439 3498 1504 tanquam

1923 1508 2141 1578 signum
2167 1510 2550 1567 animationis.
2590 1513 2727 1571 llinc
2756 1518 2918 1572 etiam
2953 1528 3055 1584 est,
3089 1522 3232 1590 quod
3263 1527 3497 1595 graviter

1923 1610 2143 1657 accusat
2184 1619 2279 1660 eos
2316 1607 2409 1676 qui
2442 1617 2684 1662 mactant
2725 1611 3102 1681 quadrupedes
3131 1622 3184 1669 et
3223 1616 3494 1684 volucres,

1921 1709 2257 1766 quaecunque
2327 1698 2577 1756 homines
2658 1702 2725 1756 ad
2806 1706 3137 1761 vescendum
3212 1707 3494 1776 adhibent,

1923 1793 2186 1855 tanquam
2253 1789 2367 1846 haec
2413 1794 2576 1848 etiam
2631 1794 2720 1848 illa
2764 1799 2939 1853 virtus
2988 1799 3120 1855 boni
3176 1803 3396 1867 animet,
3436 1804 3496 1860 in

1923 1877 2111 1948 eisque
2141 1882 2512 1938 contineatur.
2551 1884 2646 1940 Sic
2693 1887 2895 1951 studet,
2941 1899 2998 1945 ut
3037 1891 3212 1948 modis
3241 1894 3496 1962 omnibus

1923 1970 2321 2026 contumeliose
2372 1973 2666 2043 vituperet,
2712 1992 2872 2046 quem
2914 1979 3115 2034 bonum
3160 1982 3369 2038 scilicet
3399 1999 3497 2054 ap-

1920 2055 2104 2123 pellat.
2160 2057 2586 2132 lnterrogandus
2638 2065 2840 2136 quippe
2885 2077 2988 2136 cst,
3030 2070 3188 2140 cujus
3235 2088 3495 2142 procura-

1918 2147 2067 2204 tione
2133 2151 2336 2208 tradita
2407 2164 2538 2211 sunt
2602 2157 2716 2212 hac
2771 2174 2799 2212 a
2853 2160 3121 2231 principio
3179 2163 3494 2222 hominibus

1919 2233 1984 2288 ad
2044 2240 2407 2296 vescendum?
2450 2259 2519 2298 an
2567 2246 2824 2316 nequitia:
2890 2260 3144 2320 tanquam
3213 2263 3492 2311 contume-

1919 2327 2069 2382 liosa:
2097 2328 2151 2383 in
2185 2332 2384 2387 bonum
2409 2335 2433 2387 ?
2462 2334 2532 2389 At
2559 2352 2666 2393 non
2699 2338 2801 2394 fuit
2827 2341 2916 2394 illa
2947 2349 3112 2397 tantae
3144 2343 3220 2398 rei
3245 2348 3490 2413 conscia,

1929 2427 1987 2471 ut
2037 2435 2156 2490 quae
2195 2425 2558 2494 cognitionem
2606 2445 2714 2485 non
2756 2431 2962 2487 habuit.
3015 2432 3130 2489 Non
3167 2437 3308 2490 enim
3351 2439 3491 2495 alius

1915 2521 2133 2566 creator
2166 2516 2352 2571 mundi
2385 2517 2548 2574 fuerit
2577 2539 2592 2587 ;
2630 2539 2807 2594 neque
2843 2523 3006 2593 Deus,
3041 2535 3100 2580 ut
3132 2529 3230 2595 ait,
3261 2531 3486 2594 creavit,

1912 2609 1968 2654 et
2017 2604 2276 2661 virtutem
2315 2625 2382 2663 ex
2440 2614 2662 2683 prapria
2713 2623 2907 2670 natura
2956 2618 3212 2688 produxit
3253 2621 3318 2674 ad
3367 2637 3489 2678 cor-

1913 2697 2211 2753 rectionem
2245 2704 2504 2758 materia}.

996 2779 1124 2837 CAP.
1165 2783 1405 2844 XXXVI.
1436 2790 1520 2842 Ad
1557 2793 1784 2852 hominis
1814 2805 2098 2864 utilitatem
2129 2816 2309 2868 omnia
2347 2834 2381 2869 a
2409 2816 2518 2872 Deo
2540 2829 2740 2875 creata.

299 2881 542 2955 Συνέστη
596 2887 774 2943 τοίνυν
824 2892 890 2945 τὰ
939 2893 1052 2959 ζῶα
1098 2899 1405 2971 σύμπαντα,
1457 2906 1809 2982 βουληθέντος

227 2973 324 3028 τοῦ
379 2975 901 3052 δημιουργήσαντος,
942 2989 1011 3040 τά
1042 3008 1100 3044 τε
1136 2996 1216 3056 εἰς
1247 2973 1467 3068 τροφὴν-
1499 2973 1808 3074 ἀνθρώποις

227 3065 514 3138 ἐπιτήδεια
548 3071 641 3124 κα)⁸
681 3072 745 3126 τὰ
777 3077 873 3145 μή.
923 3078 1248 3152 Ἐπέτρεψεν
1408 3065 1581 3158 οὐδεὶς
1604 3065 1805 3170 ’ἕτερος

227 3157 264 3229 ἢ
297 3160 326 3213 ὁ
369 3161 600 3232 ποιήσας
631 3164 940 3236 ἀνθρώποις
970 3167 1108 3226 εἶναι

226 3248 300 3304 ἂν
327 3252 540 3322 ἐπέγνω
586 3255 811 3310 καθόλου
854 3260 886 3330 ή
927 3262 1087 3330 φύσις
1115 3266 1173 3318 τὺ
1201 3248 1468 3341 χρήσιμον
1489 3248 1685 3348 έαυτῇ,
1708 3248 1806 3349 ’μή

225 3342 373 3399 οὕτω
403 3348 859 3420 νομοθετήσαντος
877 3354 971 3406 τοῦ
997 3363 1356 3429 πεποιηκότος
1386 3369 1574 3438 αὑτήν.
1601 3371 1806 3426 Αὐτίκα

225 3435 327 3489 καὶ
366 3436 591 3501 πλοῦτος
639 3440 800 3506 φύσει
851 3442 1022 3497 ταῦτα
1070 3449 1392 3520 γεγένηται,
1419 3456 1492 3519 ὡς
1539 3460 1804 3528 μηδέποτε

224 3526 329 3595 τῆς
362 3527 541 3581 αὐτῶν
565 3532 811 3600 χρήσεως
840 3533 1236 3609 διαλειπούσης·
1273 3546 1364 3596 καὶ
1390 3546 1498 3618 ὅσῳ
1520 3565 1580 3617 γε
1607 3552 1805 3620 μᾶλλον

225 3612 348 3668 ἔνια
394 3619 460 3686 τῇ
495 3620 684 3690 χρήσει
732 3621 1055 3693 δαπανᾶται,
1097 3630 1336 3704 τοσούτῳ
1387 3636 1543 3691 πλέον
1574 3641 1802 3711 πολυγο-

222 3703 441 3778 νώτερα
462 3711 736 3780 τυγχάνει’
752 3714 844 3766 καὶ
865 3714 931 3769 τὰ
950 3717 1048 3787 μὲν
1069 3721 1256 3792 τρέιρει
1281 3703 1437 3794 μόνον
1466 3703 1801 3803 ἀνθρώπους,

223 3796 296 3850 τὰ
323 3795 382 3848 δὲ
417 3799 509 3851 καὶ
538 3801 728 3867 ὲνδύει,
746 3805 880 3858 ἄλλα
901 3807 956 3860 δὲ
991 3811 1084 3862 καὶ
1103 3811 1266 3877 ἄλλας
1297 3818 1521 3888 χρήσεις
1551 3795 1800 3894 παρέχει,

225 3888 392 3942 δοῦλα
451 3891 610 3961 φύσει
655 3895 792 3965 πρὸς
843 3897 936 3950 τοῦ
986 3900 1484 3977 δημιουργήσαντος
1532 3888 1802 3988 ἀνθρώπω

228 3985 734 4054 κατεσκευασμένα.
764 3987 926 4044 Ὅθεν
961 3993 1058 4046 καὶ
1091 3995 1449 4055 ὑποτέτακται
1489 4007 1581 4059 καὶ
1609 4007 1675 4060 τὰ
1707 3985 1802 4080 μεξ

230 4075 374 4142 γάλα
408 4075 484 4147 τῷ
506 4075 653 4148 ὄγκῳ
679 4081 868 4152 πράως
898 4085 1134 4151 εῐκοντα,
1165 4090 1257 4142 καὶ
1284 4091 1352 4144 τὰ
1380 4095 1436 4146 ἐν
1473 4098 1596 4168 ἀέρι
1638 4075 1797 4174 τέέίνῃ

227 4165 320 4218 τοῦ
353 4165 615 4236 λογισμοῦ
651 4169 1044 4242 καθελκόμενα,
1077 4179 1170 4231 καὶ
1209 4180 1275 4233 τὰ
1307 4183 1364 4235 ἐν
1395 4165 1576 4239 ὕδασιν
1600 4165 1799 4260 ἀνιιινγόζ

230 4272 390 4326 μενα,
421 4258 515 4310 καὶ
545 4259 743 4327 μᾶλλον
765 4263 965 4327 ἐκεῖνα,
997 4267 1098 4322 ὅσα
1122 4286 1184 4338 γε
1210 4271 1266 4324 τὺ
1285 4275 1550 4348 χρήσιμον
1585 4258 1796 4352 ἀνθρω-

227 4363 348 4411 ποις
380 4347 705 4418 ἀποπληροῖ.
743 4350 899 4405 Οὕτω
935 4355 1110 4426 δῆλον,
1132 4360 1206 4423 ὡς
1237 4363 1336 4415 οὐκ
1362 4347 1636 4436 ἄνθρωποι
1667 4347 1793 4424 έταυο

224 4443 336 4502 τοῖς
368 4439 656 4495 ἐϐιάσαντο
678 4442 825 4512 παρὰ
842 4445 902 4497 τὸ
925 4445 1170 4520 βούλημα
1187 4453 1276 4506 τοῦ
1295 4454 1356 4525 δη
1366 4461 1794 4530 μιουργήσαντος

224 4531 293 4586 τὰ
321 4532 514 4601 ἀλογα’
549 4533 683 4587 ἀλλά
723 4536 815 4588 καὶ
851 4537 1010 4608 νόμος
1036 4542 1219 4607 αὐτοῖς
1252 4546 1481 4612 ὑπέταξε

227 4641 417 4690 σαντος
444 4627 638 4683 ταῦτα.

292 4720 430 4791 Φαίη
462 4720 506 4773 δ’
540 4722 606 4776 ἂν
632 4727 660 4778 ὀ
691 4727 903 4797 Μάνης,
937 4725 1013 4789 ὡς
1044 4727 1164 4780 οὐδὲ
1197 4727 1323 4797 βοῦν
1355 4731 1573 4798 εὐσεϐὲς
1606 4737 1794 4808 ἀρόσει

223 4814 673 4886 παραϐεϐλῆσθαι
697 4821 794 4890 τῆς
834 4819 958 4889 γῆς,
989 4819 1076 4874 ἵνα
1110 4820 1183 4892 μὴ
1235 4823 1326 4875 καὶ
1358 4825 1497 4879 πάνυ
1536 4831 1794 4885 καταδου-

225 4905 448 4962 λοῦσθαι
482 4909 680 4974 δόξειεν
709 4913 742 4982 ἡ
770 4911 904 4982 πρὸς
932 4910 1026 4964 τοῦ
1056 4913 1257 4980 ἀγαθοῦ
1291 4917 1598 4987 πεμφθεῖσα
1622 4922 1789 4995 ψυχή.

225 5000 335 5056 Καὶ
379 5001 500 5065 πῶς
538 5001 604 5054 ἂν
646 5003 885 5073 γεωργία
926 5004 1150 5074 συσταίη
1179 5021 1193 5068 ;
1229 5006 1344 5070 πῶς
1376 5009 1420 5062 δ’
1452 5010 1517 5063 ἂν
1550 5013 1609 5065 τὸ
1639 5015 1790 5082 γένος

227 5093 583 5164 παραμείνειε
616 5094 674 5146 τὺ
718 5095 824 5147 τῶν
871 5095 1169 5167 ἀνθρώπων
1202 5101 1600 5174 διαγινόμενον;
1636 5107 1792 5162 Οὕτω

227 5187 378 5257 παρά
426 5188 551 5250 τοὺς
588 5189 796 5250 κοινοὺς
837 5187 1125 5258 λογισμοὺς
1170 5193 1344 5248 πάντα
1387 5195 1523 5250 κατὰ
1565 5199 1662 5270 τῆς
1698 5200 1791 5272 δη-

231 5277 516 5347 μιουργίας
549 5280 578 5332 ὁ
620 5279 883 5343 παντοίως
910 5282 1112 5347 Μανεὶς
1145 5285 1437 5341 ἐπλάσατο.
1485 5289 1653 5344 Δοῦλα
1681 5293 1790 5366 γὰρ

227 5367 470 5432 φυσικῶς
495 5369 779 5442 ἀνθρώπου
808 5371 874 5423 τά
902 5373 1083 5442 ἣμερα
1116 5375 1231 5440 ζῶα
1256 5379 1563 5450 γεγένηται,
1603 5387 1694 5438 καὶ
1721 5389 1784 5458 τῇ

227 5454 414 5512 τούτου
457 5462 648 5532 χρήσει
681 5462 1105 5534 παραϐέϐληται.
1149 5468 1319 5521 Δοῦλα
1366 5471 1422 5524 δὲ
1453 5475 1573 5526 καθ’
1602 5454 1787 5548 ἕτερον

227 5542 380 5614 λόγον
423 5552 516 5604 καὶ
543 5551 611 5606 τὰ
641 5552 888 5625 ἀνήμερα
921 5553 1055 5625 πρὸς
1091 5559 1156 5628 τῇ
1187 5557 1410 5632 ῥηθείσῃ
1438 5563 1604 5635 αἰτίᾳ,
1647 5542 1786 5621 ὥστε

230 5635 468 5713 λογισμῷ
503 5643 594 5696 τὸν
632 5643 910 5713 ἄνθρωπον
957 5647 1170 5701 πάντων
1211 5649 1319 5702 τῶν
1347 5651 1554 5722 ἀλόγων
1599 5675 1784 5728 κρατι-

238 5730 476 5784 στεύειν·
511 5733 642 5787 Θεοῦ
681 5734 735 5787 δὲ
767 5737 1148 5808 ἐπιτρέποντος
1189 5742 1277 5795 διὰ
1315 5745 1556 5809 ποικίλας
1584 5749 1779 5814 αἰτίας,

242 5819 300 5873 οὐ
324 5821 456 5880 λέων
487 5825 647 5896 μόνον
675 5826 732 5879 τὸ
757 5827 1125 5897 ἀλκιμώτατον
1159 5832 1359 5903 θηρίον,
1388 5837 1420 5906 ἦ
1454 5854 1502 5890 τι
1546 5840 1650 5893 τῶν
1691 5843 1781 5897 ἄλ-

1986 2924 2330 2986 Exstiterunt
2388 2930 2555 3004 igitur
2596 2935 2780 2989 omnia
2825 2935 3102 3003 animalia,
3161 2941 3372 2997 volente
3419 2958 3486 3000 eo

1913 3017 2007 3086 qui
2055 3020 2285 3088 creavit,
2338 3031 2392 3078 et
2442 3039 2562 3094 qua:
2606 3025 2674 3079 ad
2715 3027 2970 3083 alendum
3010 3029 3259 3087 homines
3288 3032 3482 3090 idonea

1913 3119 2062 3175 sunt,
2088 3121 2143 3168 et
2171 3129 2293 3184 quae
2333 3131 2461 3172 non.
2504 3115 2672 3173 Nemo
2701 3120 2867 3191 igitur
2898 3123 3036 3179 alius
3061 3129 3394 3194 procuravit,
3425 3139 3485 3189 εξ

1138 3176 1307 3230 ταῦτα
1330 3187 1532 3255 τροφήν
1553 3203 1566 3216 ο
1605 3189 1664 3239 οὺ
1696 3190 1804 3260 γὰρ

1913 3204 2023 3257 haec
2061 3176 2378 3262 hominibus
2404 3208 2458 3262 in
2498 3209 2680 3263 cibum
2721 3176 2780 3265 ct
2811 3213 3126 3269 alimentum
3161 3218 3481 3275 adhiberen-

1909 3301 2016 3356 tur,
2040 3296 2142 3349 nisi
2165 3295 2258 3366 qui
2288 3312 2352 3351 ea
2383 3301 2590 3353 creavit
2623 3321 2635 3355 :
2668 3317 2775 3356 non
2801 3304 2945 3357 enim
2972 3306 3229 3364 universa
3261 3320 3477 3378 natura,

1906 3386 2036 3456 quid
2092 3389 2194 3442 sibi
2249 3390 2381 3445 utile
2427 3403 2594 3458 esset,
2641 3396 3009 3464 cognovisset,
3063 3400 3170 3456 nisi
3209 3405 3303 3472 qui
3358 3420 3478 3460 eam

1908 3473 2066 3542 fecit,
2101 3477 2182 3533 sic
2220 3483 2512 3537 sanxisset.
2551 3482 2631 3538 Ex
2675 3501 2788 3555 quo
2822 3488 3086 3544 continuo
3128 3490 3333 3548 factum
3369 3504 3476 3563 est,

1905 3574 1965 3620 ut
1996 3568 2109 3623 haec
2151 3569 2350 3626 fuerint
2391 3573 2594 3630 divitiae
2637 3585 2854 3644 natura,
2903 3580 3104 3652 quippe
3165 3599 3288 3640 cum
3341 3604 3477 3643 nun-

1903 3673 2068 3726 quam
2099 3675 2287 3716 earum
2332 3679 2465 3720 usus
2492 3663 2709 3722 deﬁciat
2735 3684 2755 3733 ;
2788 3678 2843 3724 et
2880 3685 2989 3741 quo
3023 3674 3195 3746 magis
3227 3678 3477 3747 quaedam

1906 3765 2007 3805 usu
2042 3763 2467 3822 consumuntur,
2498 3773 2563 3813 eo
2598 3765 2729 3814 sunt
2758 3760 3109 3822 diuturniora
3137 3786 3151 3836 ;
3182 3783 3246 3824 ac
3278 3773 3474 3842 partim

1902 3842 2124 3911 quidem
2180 3846 2333 3901 alunt
2381 3848 2653 3919 homines,
2705 3853 2903 3923 partim
2954 3859 3214 3930 vestiunt,
3269 3871 3321 3918 et
3367 3865 3472 3919 alia

1902 3933 2039 3990 alios
2081 3951 2215 3992 usus
2263 3940 2526 4007 praebent,
2571 3942 2714 3998 facta
2761 3953 2959 4004 natura
2992 3949 3202 4008 homini
3247 3971 3402 4010 serva
3440 3974 3472 4012 a

1901 4022 2176 4080 Creatore.
2223 4025 2374 4083 Unde
2421 4031 2665 4101 subjecta
2702 4045 2830 4089 sunt
2875 4037 2924 4092 ei
2960 4040 3146 4110 etiam,
3187 4060 3309 4114 quae
3343 4054 3472 4101 sunt

1899 4122 2052 4168 vasta
2087 4115 2248 4179 mole,
2280 4128 2563 4175 mansuete
2601 4121 2909 4178 obedientia
2941 4143 2956 4192 ;
2991 4136 3045 4181 ct
3091 4144 3211 4200 qua:
3259 4131 3312 4185 in
3347 4148 3470 4188 aere

1900 4203 2135 4258 artiﬁcio
2158 4205 2388 4262 rationis
2417 4209 2483 4262 ad
2519 4226 2620 4265 nos
2651 4211 2968 4280 trahuntur,
2997 4223 3052 4271 et
3081 4233 3201 4286 qua:
3228 4220 3281 4274 in
3313 4225 3468 4291 aquis

1896 4295 2226 4362 educuntur,
2258 4307 2421 4368 atque
2457 4316 2520 4355 ea
2547 4304 2720 4374 magis
2747 4319 2870 4374 quae
2899 4307 3192 4364 utilitatem
3225 4311 3464 4367 homini-

1897 4385 2000 4442 bus
2023 4389 2262 4458 explent.
2311 4389 2402 4445 Sic
2445 4400 2611 4462 patet,
2656 4409 2768 4449 non
2807 4397 3055 4456 homines
3089 4400 3197 4457 sibi
3230 4419 3327 4473 per
3356 4405 3464 4460 vim

1896 4478 2155 4533 animalia
2179 4483 2394 4538 ratione
2421 4486 2662 4540 carentia
2695 4488 3016 4559 subiecisse,
3052 4501 3245 4562 pmter
3271 4499 3464 4551 volun-

1512 4551 1607 4604 τοῦ
1643 4560 1793 4628 ποιή-
1829 4564 1868 4616 D
1899 4578 2064 4624 tatem
2096 4576 2218 4640 ejus
2243 4575 2335 4643 qui
2365 4590 2428 4631 ea
2453 4579 2693 4648 creavit;
2719 4583 2851 4653 quin
2878 4585 3057 4654 potius
3080 4586 3164 4643 lex
3181 4586 3470 4646 Creatoris-

1895 4653 2010 4710 haec
2039 4658 2120 4712 eis
2155 4659 2409 4729 subjecit.

1966 4748 2108 4804 Dicit
2137 4753 2302 4807 etiam
2335 4754 2688 4826 Manichaeus,
2722 4763 2948 4834 impium
2970 4782 3090 4823 esse
3115 4769 3307 4826 bovem
3335 4789 3459 4828 ara-

1892 4838 2025 4893 tioni
2061 4848 2222 4898 terra:
2257 4847 2552 4915 applicare,
2583 4867 2652 4905 ne
2693 4853 2872 4907 anima
2909 4871 2937 4908 a
2971 4854 3078 4911 Deo
3112 4859 3300 4926 missa,
3340 4864 3458 4916 val-

1892 4929 1958 4986 de
1977 4935 2244 4992 servitute
2263 4954 2453 5007 pressa
2474 4941 2738 4999 videatur.
2759 4945 2824 4999 Et
2840 4951 3112 5017 quomodo
3122 4953 3456 5023 agricultura

1892 5028 2190 5080 sustentari
2243 5033 2468 5098 posset?
2513 5037 2786 5105 quomodo
2817 5039 3022 5097 durans
3063 5058 3236 5114 genus
3277 5046 3454 5100 homi-

1891 5129 2019 5168 num
2073 5123 2485 5185 perseveraret?
2532 5123 2622 5180 Sic
2668 5126 3000 5188 Manichaeus
3043 5135 3224 5190 omnia
3260 5146 3456 5206 praeter

1889 5220 2214 5265 communes
2257 5215 2507 5270 notiones
2553 5229 2744 5274 contra
2792 5225 3123 5281 creationem
3167 5230 3318 5284 varie
3368 5230 3454 5284 fu-

1887 5312 2014 5355 rens
2046 5299 2221 5358 ﬁnxit.
2266 5301 2432 5360 Serva
2473 5309 2617 5364 enim
2670 5311 2906 5370 hominis
2949 5319 3265 5375 naturaliter
3298 5337 3451 5376 man-

1885 5769 2080 5813 causas
2130 5758 2180 5814 id
2225 5773 2551 5832 procurante
2605 5784 2619 5818 :
2676 5771 2874 5842 alioqui
2924 5791 3031 5830 non
3077 5778 3161 5835 leo
3203 5789 3446 5848 tantum,

1887 5847 1997 5904 fera
2031 5848 2355 5923 fortissima,
2398 5865 2488 5913 aut
2539 5861 2715 5934 aliqua
2756 5865 2859 5920 alia
2903 5868 3212 5940 hujusmodi
3244 5847 3446 5940 bestia,
