3984 6212
475 355 612 412 nos
731 435 745 442 _
1613 365 1748 421 rm
1785 366 2071 425 Bosrast

2155 373 2212 428 IS
2250 373 2555 431 EPISCOPI
3575 385 3711 442 1204

474 483 569 529 aut
616 490 840 545 serpens
888 475 1162 532 hominem
1205 479 1464 544 vinceret,
1516 483 1609 536 scd
1656 485 1814 539 culex
1853 487 2036 554 etiam,

2155 493 2255 547 λων
2285 495 2491 567 θηρίων
2524 495 2576 577 ἢ.
2607 494 2870 566 ἑρπετῶν,
2924 495 3207 567 ἀνθρώπου
3254 501 3583 570 κρατήσειεν
3625 500 3714 569 ἂν,

475 571 569 618 aut
597 565 741 619 aliud
774 580 840 620 ex
868 565 1130 622 minimis.
1163 565 1362 622 Verum
1397 578 1589 625 natura
1623 571 1856 628 ferarum
1888 577 2045 632 aliter

2155 587 2284 640 ἀλλά
2327 565 2420 641 ω
2452 565 2649 656 κώνωψ
2679 588 2712 657 ιι
2742 605 2793 640 τι
2830 587 2935 640 τῶν
2962 565 3135 642 ἄλλων
3169 565 3520 661 βραχυτάτων
3557 565 3714 666 περιέ

474 663 636 713 etiam
677 674 838 727 quam
873 657 1080 715 dictum
1120 669 1225 726 est,
1266 662 1333 716 ad
1367 672 1646 733 aspectum
1676 673 1729 720 et
1758 669 2044 737 experien-

2155 680 2394 748 γένοιτο⁶
2437 679 2574 750 πλὴν
2605 679 2809 750 θηρίων
2848 679 3006 749 φύσις
3043 683 3135 734 καὶ
3371 687 3465 738 τὸν
3493 657 3718 757 εἰρημέ-

475 750 603 802 tiam
635 749 947 806 hominibus
986 752 1216 810 diversis
1261 757 1328 812 de
1367 757 1548 812 causis
1590 760 1896 814 necessaria
1935 771 2039 816 est.

2161 733 2173 748 '
2532 733 2544 750 ⁸
2661 733 2692 750 ’⁵
2860 733 2872 749 ⁸
2987 733 3004 743 ’
3068 733 3132 734 "'
3166 733 3331 748 ""”"‘
3384 733 3458 738 "'
3496 733 3687 757 “r'tr'

2155 789 2238 824 vov
2271 772 2468 842 τρόπον
2519 773 2598 834 είς
2629 770 2781 840 ὄψεις
2823 773 2990 834 ἐστὶν,
3033 773 3112 825 ὅτι
3155 773 3246 826 καὶ
3277 776 3359 838 είς
3391 779 3589 846 πεῖραν
3623 775 3718 830 ἀν-

2150 862 2384 934 θρώποις
2414 862 2552 916 κατά
2586 863 2873 934 διαφόρους
2901 863 3078 926 αἰτίας
3102 863 3390 931 ἀναγκαία.

1314 981 1441 1034 CAP.
1485 981 1740 1036 XXXVII.
1786 981 1848 1034 In
1877 983 2081 1051 fabrica
2110 980 2292 1034 mundi
2323 980 2580 1048 sapientia
2605 977 2894 1034 Creatoris.

547 1061 653 1116 Sed
675 1065 801 1133 quia
824 1065 889 1118 ad
919 1066 1131 1137 singula
1159 1085 1278 1138 quas
1297 1071 1386 1125 ille
1415 1082 1647 1142 nugatur
1675 1080 1728 1126 et
1765 1073 1936 1142 lingit,
1965 1090 2052 1127 rc-

2233 1070 2369 1122 Ἀλλ’
2398 1069 2582 1140 ἐπειδὴ
2629 1071 2766 1141 πρὸς
2811 1070 3037 1123 ἕκαστον
3078 1063 3149 1122 ὧν
3191 1070 3397 1130 ἐκεῖνος
3441 1068 3720 1138 ἀδολεσχΞῖ

477 1156 748 1223 spondere
764 1168 819 1212 et
841 1173 1135 1216 occurrere
1153 1162 1383 1217 delirum
1401 1179 1522 1219 esse
1538 1164 1752 1220 videtur
1775 1181 1788 1216 :
1811 1173 2053 1220 contem-

2155 1179 2204 1214 τε
2245 1163 2336 1214 καὶ
2370 1162 2680 1223 πλάττεται,
2729 1161 2891 1233 λῆρος
2921 1161 2986 1215 ἂν
3021 1163 3217 1228 δόξειεν
3249 1158 3387 1215 εἶναι
3425 1161 3485 1213 τὸ
3541 1161 3719 1228 λέγειν

474 1246 732 1314 plandum
751 1257 834 1304 est
857 1250 1261 1322 intelligentiam
1287 1252 1504 1308 habenti
1527 1253 1645 1310 sine
1661 1253 2049 1324 disputatione,

2155 1275 2204 1311 τε
2233 1257 2328 1310 καὶ
2362 1257 2606 1328 ἀπαντᾷν
2629 1275 2643 1287 ·
2688 1257 2989 1328 θεωρητέον
3023 1257 3115 1310 καὶ
3159 1256 3279 1326 δίχα
3315 1255 3473 1322 λόγου
3520 1253 3604 1323 τῷ
3630 1271 3723 1306 κε-

475 1339 749 1406 quomodo
800 1343 964 1400 unius
1011 1345 1178 1398 verbo
1237 1346 1422 1400 omnia
1474 1353 1656 1416 aptata
1726 1355 1874 1402 sunt.
1933 1346 2051 1402 Una

478 1431 562 1487 lex
593 1433 874 1491 Creatoris
922 1437 976 1491 in
1015 1438 1276 1492 omnibus
1319 1437 1656 1506 dominatur,
1714 1447 1770 1496 et
1813 1440 1951 1494 nihil
1998 1441 2053 1494 in

478 1525 642 1582 rebus
679 1535 922 1598 pugnat,
953 1543 1130 1600 neque
1173 1530 1300 1585 belli
1336 1531 1599 1586 indicium
1629 1532 1712 1586 vel
1744 1531 2045 1588 dissensio-

479 1617 564 1670 nis
634 1617 690 1672 in
763 1621 1036 1676 creaturis
1088 1633 1358 1692 apparet;
1421 1625 1555 1694 quin
1631 1625 1811 1694 potius
1863 1624 2044 1678 omnia

479 1709 724 1775 {homine
758 1712 978 1782 quidem
1013 1719 1293 1787 peccante)
1323 1733 1508 1788 pacem
1548 1720 1692 1774 inter
1731 1735 1791 1775 se
1821 1719 2042 1783 habent,

479 1810 540 1856 ut
583 1819 704 1874 qua:
737 1804 805 1859 ab
835 1822 947 1861 uno
978 1809 1132 1878 pacis
1161 1817 1216 1865 et
1245 1811 1445 1882 quietis
1498 1819 1762 1868 statutum
1826 1827 2048 1882 accepe-

480 1904 648 1964 runt;
694 1913 725 1952 a
771 1915 881 1969 quo
925 1900 1029 1956 hoc
1078 1903 1255 1972 ipsum
1305 1905 1450 1974 quod
1505 1913 1655 1968 sunt,
1699 1921 1728 1959 a
1779 1904 2048 1975 principio

480 1989 701 2045 habent.
759 1989 1051 2063 Conspirat
1093 1995 1237 2049 enim
1277 2010 1400 2050 cum
1446 1996 1610 2050 rebus
1648 2010 1770 2065 qua:
1808 1996 1864 2048 in
1903 2002 2047 2048 terra

482 2090 630 2146 sunt,
691 2083 889 2138 coelum
948 2085 1164 2155 pluens,
1209 2102 1332 2141 cum
1392 2097 1604 2158 tempus
1652 2089 1927 2160 postulat;
1985 2103 2048 2141 ac

482 2188 680 2230 rursus
718 2175 957 2245 pluviam
997 2179 1257 2242 sustinet,
1282 2193 1404 2232 cum
1439 2195 1580 2250 opus
1613 2188 1696 2236 est
1726 2181 1842 2236 solo
1870 2181 2050 2235 calore

483 2265 550 2319 ad
611 2267 1000 2322 maturandum
1055 2287 1068 2320 :
1125 2269 1204 2323 sol
1258 2277 1439 2324 autem
1487 2286 1588 2326 suo
1645 2271 1875 2326 circuitu
1937 2271 2051 2341 lege

483 2357 726 2413 auctoris
779 2358 1082 2413 constituto
1124 2358 1287 2413 ellicit
1337 2368 1709 2430 tempestates,
1762 2378 2046 2432 nunquam

481 2463 576 2504 eas
617 2458 985 2513 commutans,
1027 2450 1273 2520 quinimo
1324 2467 1492 2506 unum
1560 2453 1807 2508 ordinem
1863 2468 2048 2507 earum

483 2542 876 2597 immutabilem
904 2550 1072 2608 tenet,
1113 2555 1534 2614 perseveratque
1570 2546 1623 2599 in
1658 2555 1850 2600 natura
1877 2547 2053 2599 varie-

482 2641 569 2689 tas
629 2650 640 2685 :
699 2642 860 2706 atque
923 2650 1034 2689 una
1101 2643 1155 2690 et
1207 2635 1395 2690 eadem
1449 2653 1660 2692 summa
1720 2637 2051 2706 conspiratio

483 2743 648 2797 supra
695 2735 750 2782 et
793 2727 934 2781 infra
979 2728 1243 2783 cernitur.
1280 2727 1395 2783 Nox
1434 2737 1614 2784 autem
1664 2731 1811 2785 omni
1855 2731 2051 2785 szeculo

484 2818 787 2888 permansit
840 2819 958 2873 sine
1012 2819 1376 2872 inconstantia
1429 2818 1693 2875 adversus
1732 2821 1898 2883 diem,
1941 2837 2050 2874 non

486 2918 637 2965 motu
677 2910 906 2965 fortuito
947 2920 1002 2966 et
1053 2919 1274 2964 carente
1315 2910 1525 2965 ratione
1566 2911 1672 2965 diei
1726 2912 2049 2976 succedens,

485 3002 581 3059 sed
649 3003 914 3072 sapientia
992 3003 1234 3058 auctoris
1287 3001 1536 3057 addendo
1589 3011 1644 3058 et
1699 3005 2053 3060 subducemlo

484 3102 832 3163 temperata;
893 3093 1056 3164 idque
1113 3109 1222 3147 non
1265 3094 1402 3150 alias
1457 3095 1636 3160 aliter,
1690 3095 1824 3166 quin
1872 3097 2053 3166 potius

2148 1349 2401 1420 κτημένῳ
2445 1347 2676 1412 σύνεσιν,
2716 1349 2863 1411 ὅπως
2911 1348 3004 1418 μὲν
3054 1347 3170 1410 ἐνὸς
3208 1349 3455 1418 ἥρμοστο
3479 1346 3627 1415 λόγῳ
3653 1345 3721 1398 τὰ

2150 1441 2464 1512 σύμπαντα·
2494 1435 2572 1502 εἷς
2606 1440 2662 1492 δὲ
2694 1441 2852 1510 νόμος
2897 1439 2988 1492 τοῦ
3032 1437 3372 1509 Δημιουργοῦ
3403 1436 3546 1490 κατά
3585 1436 3722 1490 πάν-

2148 1553 2254 1588 των
2281 1536 2489 1604 κρατεῖ,
2530 1533 2625 1586 καὶ
2659 1532 2806 1584 οὐδὲν
2842 1533 2898 1584 ὲν
2932 1533 3042 1594 τοῖς
3077 1527 3192 1584 οὖσι
3220 1529 3565 1600 διαμάχεται,
3599 1527 3716 1580 atas

2149 1626 2384 1696 πολέμου
2416 1627 2709 1697 τεκμήριον
2737 1625 2769 1696 ἢ
2803 1625 3064 1695 διχονοίας
3092 1627 3148 1678 ὲν
3172 1627 3281 1687 τοῖς
3310 1623 3726 1693 δημιουργήμα-

2148 1737 2232 1772 σιν
2257 1720 2628 1788 ὑποφαίνεται,
2660 1717 2770 1772 ἀλλ’
2798 1718 3086 1788 είρηνεύει,
3111 1716 3246 1769 θεοῦ
3281 1733 3344 1784 γε
3381 1714 3720 1784 συμπλέκον-

2145 1827 2234 1874 τος
2257 1810 2325 1862 τὰ
2355 1810 2528 1863 πάντα
2557 1809 2693 1881 πρὸς
2733 1807 2958 1879 ἄλληλα,
2987 1807 3061 1869 ὼς
3091 1806 3178 1875 ὑφ’
3208 1806 3326 1869 ἐνὸς
3358 1805 3586 1857 λαῦόντα
3609 1804 3716 1873 τῆς

2148 1904 2369 1975 εἰρήνης
2395 1903 2486 1954 καὶ
2517 1902 2614 1971 τῆς
2640 1900 2866 1972 ἡσυχίας
2889 1900 2949 1952 τὸ
2983 1898 3250 1968 σύνθημα,
3291 1898 3421 1967 παρ’
3450 1888 3512 1948 οἶδ
3538 1895 3633 1948 καὶ
3653 1894 3722 1946 τδ

2150 1992 2286 2048 εἶναι
2312 1994 2409 2062 τὴν
2458 1995 2632 2064 ἀρχὴν
2677 1991 2884 2055 τούτοις
2931 1990 3176 2061 ὑπῆρξε·
3223 1991 3459 2058 συμπνεῖ
3503 2004 3567 2039 τε
3612 1985 3723 2055 γὰρ

2148 2092 2258 2152 τοῖς
2289 2089 2380 2140 ἐπὶ
2419 2088 2520 2158 γῆς
2567 2085 2884 2158 πράγμασιν
2922 2083 3150 2154 οὐρανὸς
3186 2081 3312 2144 ὕων,
3355 2081 3482 2133 ὅταν
3530 2078 3728 2150 καιρὸς

2149 2183 2374 2251 ἀπαιτῇ,
2401 2179 2496 2232 καὶ
2524 2175 2676 2241 αὖθις
2706 2177 2911 2248 ἀνέχων
2937 2176 3027 2228 τὸν
3048 2174 3218 2237 ὑετὸν,
3244 2175 3370 2226 ὅταν
3395 2172 3488 2243 δὲῃ
3521 2170 3726 2241 θερμό-

2148 2291 2269 2346 τητι
2315 2273 2450 2346 μόνῃ
2491 2269 2931 2341 τελεσφορεῐσθαι
2971 2267 3037 2320 τὰ
3066 2267 3235 2336 φυτά·
3273 2265 3422 2335 ἥλιος
3453 2263 3516 2315 δὲ
3558 2279 3726 2332 μετα-

2150 2365 2349 2420 ϐαίνων
2379 2365 2528 2436 νόμῳ
2559 2362 2654 2417 τοῦ
2703 2362 3023 2431 ποιήσαντος
3065 2360 3162 2422 τὰς
3212 2357 3360 2426 ὧρας
3406 2355 3724 2426 ἐργάζεται,

2151 2458 2482 2512 ἐναλλάττων
2517 2457 2768 2510 οὐδέποτε
2798 2453 3020 2515 ταύτας,
3055 2453 3181 2522 μίαν
3213 2451 3269 2504 δὲ
3305 2450 3405 2518 τὴν
3446 2448 3607 2514 τάξιν
3641 2447 3730 2500 αῦ-

2150 2553 2259 2605 τῶν
2289 2549 2638 2622 ἀπαράϐατον
2669 2545 2950 2607 δεικνύων,
2981 2544 3076 2597 καὶ
3113 2543 3336 2614 ἐμμένει
3368 2557 3434 2609 γε
3464 2541 3538 2610 τῇ
3567 2539 3729 2608 φύσει

2150 2646 2211 2698 τὸ
2236 2643 2522 2713 διάφορον
2566 2640 2662 2711 μία
2706 2639 2762 2691 δὲ
2802 2637 2894 2691 καὶ
2936 2637 2968 2705 ἡ
3002 2635 3137 2703 αὑτὴ
3173 2633 3420 2702 φαίνεται
3453 2631 3727 2700 σύμπνοια

2151 2735 2258 2787 τῶν
2291 2733 2402 2788 ἀνω
2432 2749 2493 2785 τε
2526 2731 2622 2784 καὶ
2665 2727 2772 2782 τῶν
2817 2727 2968 2780 κάτω
3010 2724 3143 2796 πρὸς
3177 2724 3489 2795 ἀκρίϐειαν.
3526 2722 3638 2788 Νὺξ
3669 2720 3724 2772 δὲ

2154 2826 2289 2898 πρὸς
2322 2824 2533 2894 ἡμέραν
2578 2819 2936 2882 ἀστασίαστος
2975 2817 3206 2887 διέμεινε
3245 2815 3334 2867 τὸν
3383 2813 3561 2867 αἰῶνα
3591 2813 3725 2882 σύμ-

2152 2934 2353 2977 παντα,
2388 2917 2486 2967 ούκ
2511 2913 2690 2980 ἀλόγῳ
2721 2913 2861 2982 φορᾷ
2889 2909 2985 2980 τὴν
3018 2906 3264 2977 διαδοχὴν
3295 2905 3437 2976 πρὸς
3466 2905 3564 2975 τὴν
3591 2907 3729 2974 ἡμέ-

2155 3025 2252 3079 ραν
2287 3007 2504 3076 ἔχουσα,
2539 3003 2672 3056 ἀλλά
2698 3003 2862 3072 σοφίᾳ.
2887 3000 2980 3052 τοῦ
3003 2995 3364 3069 Δημιουργοῦ,
3389 2995 3732 3066 προσθήκαις

2153 3120 2212 3156 τε
2257 3101 2351 3154 καὶ
2403 3098 2723 3169 ἀφαιρέσεσι
2777 3092 3112 3165 μετρουμένη
3139 3108 3152 3120 ·
3208 3091 3301 3142 καὶ
3340 3089 3456 3142 οὐδὲ
3499 3088 3734 3151 ταύταις

486 3185 836 3242 manifestum
895 3200 959 3239 ac
1006 3196 1216 3240 certum
1271 3193 1356 3238 est
1411 3194 1623 3256 tempus
1679 3187 2050 3253 accessionis;

2155 3195 2338 3249 ἄλλοτε
2378 3191 2571 3253 ἄλλως,
2603 3188 2735 3242 ἀλλὰ
2776 3186 2932 3257 δῆλος
2977 3185 3073 3255 μὲν
3120 3181 3442 3253 προσθήκης,
3473 3179 3641 3270 δῆλός
3668 3196 3735 3232 τε

487 3277 837 3334 manifestum
886 3278 1013 3332 item
1044 3284 1098 3332 et
1125 3284 1337 3330 certum
1391 3286 1600 3347 tempus
1652 3277 2051 3334 subductionis.

489 3371 701 3428 Rursus
753 3371 834 3426 sol
886 3385 995 3424 non
1041 3377 1299 3440 gravatur
1335 3369 1478 3422 nocti
1520 3370 1845 3434 succedere,
1883 3385 2057 3441 neque

487 3464 873 3519 contumeliam
934 3463 1085 3518 ducit
1127 3462 1297 3530 legem
1351 3460 1676 3528 Creatoris;
1729 3461 1826 3517 sed
1875 3463 2056 3532 potius

489 3565 640 3606 more
672 3550 844 3620 probi
904 3550 1070 3610 servi,
1125 3547 1375 3602 conlecto
1427 3550 1544 3603 sine
1591 3549 1896 3604 cessatione
1944 3550 2052 3604 ulla

486 3657 652 3700 cursu
700 3641 829 3705 diei,
880 3641 1103 3706 recedit,
1156 3651 1214 3694 ut
1261 3642 1312 3696 ei
1355 3642 1436 3696 lex
1506 3641 1763 3712 imposita
1797 3650 1902 3704 est,
1933 3640 2056 3694 dili-

488 3742 678 3804 genter
719 3750 778 3789 se
813 3733 1042 3798 abdens,
1091 3741 1149 3787 ut
1184 3749 1290 3788 nox
1330 3734 1566 3804 spatium
1611 3733 1716 3788 sihi
1749 3733 2054 3789 dimensum

488 3825 737 3896 recipiat.

561 3915 701 3983 Quid
730 3931 858 3971 vero
883 3916 950 3973 de
983 3923 1126 3972 terra
1159 3924 1212 3972 et
1252 3915 1390 3970 mari
1421 3914 1593 3981 dices,
1632 3915 1903 3987 quomodo
1939 3931 2056 3971 am-

490 4009 560 4064 bo
591 4009 839 4064 terminis
873 4008 1286 4078 circumscripta
1319 4009 1482 4063 sunt?
1513 4006 1662 4064 Licet
1686 4007 1870 4064 videre
1907 4024 2056 4062 mare

490 4099 746 4155 ﬂuctibus
793 4099 1028 4164 elatum,
1070 4099 1186 4169 lege
1235 4105 1417 4152 autem
1464 4097 1534 4152 ab
1573 4097 1774 4166 impetu
1815 4096 2057 4166 prohibi-

489 4198 628 4254 tum.
678 4199 732 4246 et
779 4191 831 4244 vi
863 4198 1146 4246 ventorum
1198 4189 1489 4258 impulsum
1549 4190 1604 4243 in
1645 4198 1867 4249 terram,
1911 4197 2053 4242 metu

490 4291 671 4338 autem
697 4283 832 4354 legis
856 4291 1156 4338 retrorsum
1187 4282 1446 4338 reﬂexum
1479 4301 1494 4336 :
1525 4282 1772 4352 quamvis
1796 4297 1903 4335 non
1937 4297 2057 4334 mu-

491 4392 588 4432 rus
626 4375 1010 4431 adamantinus
1043 4375 1246 4430 auxilio
1279 4381 1362 4430 est
1395 4375 1466 4439 ei,
1500 4390 1567 4429 ne
1606 4388 1755 4428 mare
1783 4372 1964 4428 ellluat
2003 4379 2078 4426 et'

491 4469 720 4524 inundet
762 4476 986 4535 terram,
1023 4476 1078 4523 et
1103 4482 1214 4522 non
1255 4466 1474 4521 oberliat
1519 4465 1729 4520 auctori
1762 4479 1881 4518 suo.
1915 4463 2054 4528 Quin

2154 3287 2254 3354 τῆς
2281 3280 2620 3352 ἀφαιρέσεως
2644 3281 2672 3332 ό
2710 3276 2918 3348 καιρός.
2953 3271 3114 3336 Αὖθις
3142 3273 3197 3325 δὲ
3226 3272 3366 3341 ἥλιος
3393 3271 3452 3322 οῦ
3487 3269 3733 3340 βαρύνε-

2155 3393 2244 3428 ται
2275 3373 2374 3443 τῆς
2405 3370 2596 3434 νυκτὸς
2635 3371 2732 3440 τὴν
2758 3367 3024 3437 διαδοχὴν,
3048 3364 3166 3417 οὐδὲ
3198 3363 3351 3434 ῦϐριν
3389 3363 3594 3430 ἡγεῖται
3631 3359 3733 3411 τὸν

2155 3467 2315 3538 νόμον
2365 3464 2458 3517 τοῦ
2517 3461 3047 3533 δημιουργήσαντος·
3113 3456 3226 3510 ἀλλ’
3281 3452 3484 3522 ἀγαθοῦ
3537 3452 3730 3504 δούλου

2156 3557 2351 3627 τρόπον
2395 3553 2616 3615 τελέσας
2666 3550 2927 3604 ἀπνευστὶ
2968 3547 3065 3617 τῆς
3107 3546 3317 3617 ἡμέρας
3361 3544 3452 3596 τὸν
3506 3543 3727 3614 δρόμον,

2156 3649 2428 3718 ἀναχωρεῖ
2455 3662 2518 3714 γε
2611 3644 2772 3714 νόμος
2808 3639 2957 3710 αύτῷ
2994 3638 3192 3708 σπουδῇ
3227 3636 3626 3708 κρυπτόμενος,
3657 3637 3730 3697 ὡς

2156 3740 2222 3794 ἂν
2248 3741 2308 3792 τὸ
2340 3740 2534 3792 οἰκεῖον
2567 3737 2762 3807 μέτρον
2785 3737 2817 3804 ἡ
2846 3733 2940 3799 νὺξ
2964 3731 3228 3801 ἀπολάϐῃ.

2227 3919 2291 3972 Τί
2316 3919 2360 3971 δ’
2389 3917 2452 3970 ἂν
2483 3915 2657 3978 εἴποις
2688 3913 2815 3984 περὶ
2835 3911 2936 3981 γῆς
2968 3927 3024 3963 τε
3055 3909 3147 3962 καὶ
3169 3907 3455 3976 θαλάττης,
3486 3905 3563 3968 ὡς
3595 3905 3729 3958 ἕκα-

2159 4031 2280 4068 στον
2326 4011 2502 4065 αὐτῶν
2550 4011 2661 4080 ὅρῳ
2706 4007 2814 4059 τινὶ
2864 4003 3334 4075 περιγέγραπται;
3392 3999 3526 4050 Ἀλλ’
3574 3999 3724 4050 ἐστιν

2161 4105 2286 4159 ἰδεῖν
2336 4103 2433 4173 τὴν
2474 4100 2742 4154 θάλατταν
2791 4094 3158 4168 κυρτουμένην
3204 4093 3300 4162 μὲν
3341 4093 3446 4154 τοῖς
3483 4089 3720 4159 κύμασι,

2156 4199 2304 4268 νόμῳ
2326 4197 2381 4249 δὲ
2413 4193 2513 4263 τῆς
2543 4191 2729 4259 ἐφόδου
2756 4187 3100 4257 κωλυομένην
3125 4201 3138 4214 ο
3171 4186 3266 4237 καὶ
3294 4183 3388 4235 ὑπὸ
3429 4182 3522 4251 μὲν
3549 4197 3719 4232 πνευ-

2161 4292 2342 4362 μάτων
2384 4287 2568 4358 βιαίων
2607 4282 2746 4336 κατά
2786 4281 2890 4352 γῆς
2932 4278 3268 4348 ὠθουμένην,
3313 4274 3453 4344 φόϐῳ
3505 4273 3562 4326 δὲ
3617 4272 3718 4326 τοῦ

2155 4384 2318 4454 νόμου
2353 4382 2430 4442 είς
2453 4377 2692 4430 τούπίσω
2720 4372 3128 4443 ἀνακλωμένην·
3167 4370 3340 4422 καίτοι
3368 4385 3427 4436 γε
3450 4367 3548 4420 οῦκ
3586 4365 3723 4418 ἀδα-

2160 4475 2407 4545 μάντινον
2445 4472 2622 4539 τεῖχος
2649 4468 2784 4536 αὑτῇ
2817 4463 3000 4537 βοηθεῖ
3024 4462 3158 4534 πρὸς
3183 4460 3244 4514 τὸ
3271 4461 3346 4530 μὴ
3372 4458 3558 4530 ῥεῦσαι
3583 4459 3724 4512 κατά

494 4563 602 4616 imo
638 4560 772 4616 satis
805 4567 890 4615 est
932 4557 1396 4630 prapugnaculum
1445 4565 1602 4612 terra:
1645 4555 1904 4610 adversus
1940 4569 2054 4609 ma-

2155 4567 2252 4636 τῆς
2297 4565 2418 4634 γῆς,
2457 4562 2550 4615 καὶ
2589 4557 2876 4628 ἀπειθῆσαι
2922 4555 3070 4625 αύτῷ
3109 4553 3185 4624 τῷ
3236 4555 3543 4622 ποιήσαντι.
3585 4551 3726 4604 ςΔλλς

491 4671 550 4710 re
574 4655 800 4710 verbum
847 4653 967 4723 ejus
1007 4653 1098 4722 qui
1147 4651 1296 4715 fecit,
1350 4660 1671 4720 coercetque
1699 4665 1897 4714 arena;
1925 4647 2056 4717 quin

495 4747 674 4816 potius
724 4748 806 4802 lex
858 4744 1076 4800 cohibet
1114 4753 1166 4800 et
1211 4742 1346 4797 foris
1397 4743 1558 4797 llatus
1604 4749 1892 4796 ventorum
1942 4741 2058 4795 vio-

493 4839 686 4903 lentos,
744 4846 798 4892 et
850 4837 998 4891 intus
1046 4835 1338 4890 ﬂuxionem
1396 4847 1682 4904 aquarum,
1738 4838 1798 4886 ut
1855 4831 2054 4885 nullam

491 4937 699 5001 partem
727 4935 887 4983 terra:
915 4927 1140 4982 inundet
1166 4941 1306 4996 aqua
1333 4925 1502 4980 maris
1527 4943 1540 4989 ;
1572 4931 1625 4979 et
1647 4931 1913 4979 creatura:
1936 4925 2057 4994 qui.

489 5023 610 5079 dem
666 5020 854 5076 amica:
907 5027 961 5075 et.
1003 5026 1261 5089 tanquam
1312 5017 1453 5072 inter
1486 5033 1543 5072 se
1578 5031 1847 5087 germanae
1887 5032 2055 5070 unum

491 5128 616 5170 vere
648 5118 928 5166 auctorem
976 5109 1082 5165 sibi
1130 5107 1414 5163 ascribunt
1448 5121 1510 5160 ac
1547 5106 1887 5176 profitentur.
1922 5104 2056 5171 Quis

489 5207 630 5260 enim
678 5218 918 5276 unquam
961 5201 1256 5256 historicus
1294 5199 1534 5268 scripsit,
1582 5198 1639 5251 in
1681 5198 1822 5252 ccelo
1849 5205 2054 5251 motum

491 5297 660 5353 stellae
686 5296 742 5350 in
770 5295 986 5350 stellam
1011 5293 1212 5348 factum
1237 5306 1358 5346 esse
1385 5307 1398 5344 ε
1435 5299 1528 5343 aut
1553 5289 1775 5344 interra
1803 5286 2056 5341 animalia

492 5385 721 5439 alterum
752 5398 925 5454 genus
959 5395 1327 5452 oppugnasse,
1375 5386 1432 5431 ut
1473 5378 1649 5448 ipsum
1688 5377 1933 5432 delerent
1964 5383 2058 5428 aut.

494 5475 608 5544 ipsa
630 5484 821 5530 contra
844 5474 1182 5530 delerentur?
1210 5470 1312 5526 Sed
1340 5470 1521 5539 potius
1544 5483 1885 5538 quaecunque
1909 5466 2056 5521 aliud

494 5564 550 5618 in
578 5564 724 5618 aliud
754 5565 1042 5620 incurrunt
1068 5571 1124 5620 et
1154 5561 1414 5617 invadunt
1435 5601 1448 5623 .
1483 5561 1754 5631 sapientia
1776 5559 2055 5615 Creatoris

495 5661 757 5711 statutum
806 5665 890 5712 est
947 5656 1071 5721 hoc,
1125 5662 1185 5710 ut
1240 5669 1358 5724 qua:
1394 5653 1670 5707 abundant
1729 5666 2057 5707 consuman-

494 5759 583 5803 tur
613 5766 627 5809 ;
657 5762 778 5816 quae
813 5756 865 5803 et
893 5764 1016 5804 esse
1044 5757 1094 5804 et
1125 5744 1394 5808 consumi,
1433 5754 1720 5816 utrumque
1747 5744 2055 5801 hominibus

497 5840 740 5912 prodest.
1433 5869 1436 5872 .
1497 5858 1504 5866 .

2158 4659 2317 4728 ἀρκεί
2352 4654 2633 4727 περίϐολον
2683 4647 2821 4704 εἶναι
2864 4651 2929 4720 τῇ
2962 4650 3031 4718 γῇ
3080 4645 3214 4716 πρὸς
3252 4645 3352 4715 τὴν
3395 4644 3667 4698 θάλατταν
3695 4645 3727 4696 ὁ

2157 4750 2309 4817 λόγος
2339 4746 2432 4801 τοῦ
2466 4746 2805 4817 ποιήσαντος,
2849 4742 2941 4794 καὶ
2981 4739 3204 4808 ψάμμος
3250 4737 3488 4806 κατέχει,
3525 4736 3724 4807 μᾶλλον

2155 4841 2212 4894 δὲ
2241 4840 2401 4910 νόμος
2447 4838 2651 4907 ἐπέχει,
2690 4835 2782 4889 καὶ
2817 4833 2936 4904 βίαν
2977 4831 3085 4884 τῶν
3133 4829 3328 4894 ἔξωθεν
3375 4830 3721 4899 πνευμάτων,

2158 4931 2252 4984 καὶ
2273 4930 2424 5002 ῥύσιν
2457 4929 2684 4992 ὑδάτων,
2712 4927 2849 4980 ὥστε
2880 4928 2972 4978 καὶ
3010 4926 3173 4997 μηδὲν
3200 4925 3297 4994 τῆς
3327 4923 3427 4993 γῆς
3458 4921 3724 4974 κατακλυ-

2160 5022 2345 5094 σθῆναι
2369 5039 2382 5052 ⁸
2421 5022 2515 5074 καὶ
2562 5019 2690 5090 φίλα
2731 5035 2793 5088 γε
2830 5017 2904 5081 ὼς
2940 5017 3188 5089 ἀλλήλοις
3223 5013 3360 5068 εἶναι
3401 5013 3612 5082 ἀδελφὰ
3635 5013 3724 5084 δη-

2161 5114 2563 5184 μιουργήματα,
2613 5111 2709 5164 ἕνα
2760 5108 2895 5180 πρὸς
2945 5107 3199 5178 ἀλήθειαν
3244 5105 3334 5158 τὸν
3391 5104 3725 5174 δημιουργὸν

2158 5205 2588 5276 ἐπιγραφόμενα.
2627 5203 2723 5265 Τίς
2749 5201 2856 5271 γὰρ
2889 5200 3137 5271 ἱστόρησε
3165 5196 3403 5259 πώποτε,
3443 5197 3519 5259 ὡς
3547 5197 3608 5247 ἐν
3634 5195 3721 5247 ού-

2161 5297 2304 5368 ρανῷ
2341 5297 2438 5366 μὲν
2468 5295 2642 5366 ἀστὴρ
2682 5294 2870 5366 ἀστέρι
2916 5291 3205 5360 ἐπανέστη,
3242 5290 3333 5342 ἐπὶ
3372 5289 3475 5358 γῆς
3515 5287 3577 5340 δὲ
3613 5287 3720 5351 ζῶα

2159 5389 2327 5459 ἑτέρῳ
2349 5387 2494 5456 γένει
2525 5386 2900 5456 διεμαχέσατο,
2927 5384 3001 5446 ὡς
3024 5382 3295 5453 ἐξαλεῖψαι
3322 5379 3503 5441 τοῦτο,
3534 5379 3572 5450 ἦ
3605 5380 3718 5431 τοῦ-

2158 5479 2366 5531 ναντίον
2419 5476 2833 5547 ὲξαλειφθῆναις
2879 5473 3039 5527 Ἀλλά
3096 5472 3189 5525 καὶ
3239 5472 3335 5525 ὃσα
3393 5469 3522 5524 ἄλλο
3583 5469 3714 5536 ἄλλῳ

2159 5570 2356 5632 ἔπεισι,
2385 5571 2476 5622 καὶ
2519 5568 2691 5623 ταῦτα
2737 5568 2896 5637 σοφίᾳ
2938 5565 3031 5618 τοῦ
3063 5562 3398 5634 Δημιουργοῦ
3433 5559 3713 5630 νενομοθὲ-

2157 5679 2334 5733 τηται,
2366 5661 2424 5714 τὸ
2452 5659 2739 5726 πλεονάζον
2759 5659 2935 5713 αὐτῶν
2968 5657 3405 5728 παραναλίσκειν,
3433 5647 3510 5710 ὧν
3537 5656 3635 5706 καὶ
3661 5649 3718 5705 τὸ

2161 5749 2292 5808 εἶναι
2320 5753 2412 5806 καὶ
2440 5750 2496 5805 τὸ
2523 5749 2854 5806 δαπανᾶσθαι
2894 5748 3032 5818 ὑπὲρ
3066 5745 3360 5817 ἀνθρώπων
3388 5743 3646 5814 ἑκάτερα.
