4022 6208
264 329 404 387 1205

1325 338 1692 394 ADVERSUS
1731 338 2152 397 MANICHAZOS
2188 341 2313 396 LIB.
2357 342 2416 398 II.

3351 343 3486 400 1906

335 445 398 498 Εἰ
433 445 488 497 δέ
518 462 598 508 τις
631 443 772 498 ἔλθοι
804 446 880 517 τῷ
911 447 1050 520 λόγῳ
1088 450 1179 504 καὶ
1215 453 1350 523 πρὸς
1387 455 1556 519 αὑτὰς
1585 455 1692 508 τῶν
1734 474 1824 509 σω‹

2007 455 2064 512 Si
2102 457 2226 528 quis
2276 465 2454 511 autem
2491 456 2557 511 ad
2590 458 2704 526 ipsa
2744 457 3008 527 principia
3042 473 3327 528 corporum
3358 476 3492 514 con-

263 533 450 606 μάτων
489 535 586 598 τὰς
629 535 822 607 ἀρχὰς.
860 539 954 592 καὶ
993 540 1225 612 τέτταρα
1266 543 1367 613 μὲν
1421 548 1655 616 στοιχεῖα
1697 564 1829 600 κατ-

264 625 382 687 ίδοι,
408 627 473 697 τῇ
503 625 547 678 δ’
574 628 904 700 ἐναντιότητι
931 632 1064 703 πρὸς
1089 635 1404 704 συμφωνίαν
1435 637 1828 709 κεραννύμενα,

257 716 421 771 πλέον
455 717 522 772 ἂν
558 721 855 793 ἐκπλαγείη
897 723 1003 776 τῶν
1041 724 1208 779 ὄντων
1242 727 1341 799 τὴν
1387 731 1722 800 συμφωνίαν,
1757 731 1830 794 ὡς

259 812 352 879 ἀφ’
380 811 497 874 ἐνός
525 828 587 880 γε
616 813 846 882 ἐχόντων
876 815 967 867 καὶ
994 815 1151 885 μόνου
1181 817 1241 870 τὸ
1274 814 1414 872 εἶναι
1441 837 1454 850 ·
1485 820 1693 887 τούτοις
1725 823 1832 894 γὰρ

259 905 293 971 ἡ
328 903 639 974 ἐναντιότης
667 905 846 974 φιλίας
883 901 1101 980 ἀφορμή
1123 924 1137 938 ·
1175 911 1269 962 καὶ
1300 911 1358 963 τὸ
1396 912 1698 983 μαχόμενον
1733 914 1832 984 τῆς

260 991 478 1060 φύσεως
518 996 697 1057 αὐτοῖς
740 997 961 1068 εἰρήνης
1006 998 1106 1069 τῆς
1151 1001 1411 1055 ἀνωτάτω
1453 1005 1767 1074 παραίτιον·
1796 1006 1832 1058 ἃ.

257 1082 320 1154 δὴ
353 1084 591 1156 τέσσαρα
628 1086 724 1154 μέν
763 1087 910 1140 ἐστιν
955 1088 1192 1159 ἀριθμῷ,
1223 1089 1280 1145 ἒν
1320 1091 1376 1144 δὲ
1425 1094 1829 1165 συνερχόμενον.

258 1177 475 1230 Μᾶλλον
503 1178 559 1230 δὲ
607 1181 700 1232 καὶ
746 1180 988 1252 ἀλλήλων
1034 1183 1356 1254 ἐπιδεόμενα
1405 1186 1541 1251 πρὸς
1586 1187 1646 1240 τὸ
1694 1183 1831 1241 εἶναι

256 1271 394 1339 αὐτῇ
427 1287 488 1338 γε
529 1273 595 1342 τῇ
631 1273 962 1344 ἐναντιότητι
1004 1275 1250 1347 ἀλλήλοις
1297 1280 1706 1351 ἐπικουροῦντα,
1741 1283 1832 1335 καὶ

258 1362 316 1413 ἐν
345 1360 592 1431 ἀλλήλοις
621 1364 990 1434 κρυπτόμενα,
1020 1366 1111 1419 καὶ
1143 1366 1208 1419 δι’
1239 1367 1480 1438 ἀλλήλων
1512 1371 1826 1444 φαινόμενα·

258 1453 453 1525 μικρὸν
491 1455 587 1524 μὲν
613 1450 704 1507 οὖν
745 1457 938 1518 εἰπεῖν,
970 1456 1044 1520 ὡς
1082 1459 1142 1510 οὑ
1188 1445 1605 1532 ψυχρίζεταιτδ
1634 1463 1830 1534 θερμὸν

256 1544 362 1598 ὑπὸ
389 1544 481 1597 τοῦ
524 1545 754 1617 ψυχροῦ,
785 1548 906 1600 οὑδὲ
939 1549 1170 1620 ἐσϐέσθη
1203 1552 1306 1604 ὑπὸ
1346 1553 1437 1606 τοῦ
1477 1554 1641 1627 ὑγροῦ
1665 1574 1677 1586 ·
1712 1557 1828 1610 οὑδὲ

254 1636 599 1706 κατεφλέχθη
637 1639 732 1708 μὲν
770 1639 829 1692 τὸ
863 1637 1023 1710 ξηρὸν
1066 1642 1169 1694 ὑπὸ
1202 1643 1294 1695 τοῦ
1336 1646 1523 1715 πυρὸς,
1562 1646 1826 1718 κατελύθη

255 1728 310 1782 δὲ
338 1729 441 1782 ὑπὸ
467 1729 560 1782 τοῦ
588 1732 755 1802 ὑγροῦ
773 1749 786 1762 ·
821 1733 1077 1798 σύστασις
1098 1737 1205 1806 γὰρ
1227 1736 1467 1807 ἀλλήλων
1503 1739 1673 1791 ταῦτα
1703 1741 1829 1793 θαυ-

1937 550 2226 607 sideranda
2263 551 2465 614 veniat,
2493 556 2546 604 et
2582 556 2816 619 quatuor
2858 550 3122 604 elementa
3163 552 3491 622 contemple-

1933 650 2043 710 tur,
2066 642 2520 713 quemadmodum
2547 657 2736 700 eorum
2759 642 3090 712 conspiratio
3110 657 3174 696 ac
3195 654 3492 698 concentus

1933 749 2001 788 ex
2030 732 2324 788 contrariis
2362 731 2592 802 pendeat
2621 749 2635 798 ;
2669 733 2842 802 magis
2885 731 3118 800 stupehit
3164 747 3492 786 consensum

1933 841 2141 890 rerum,
2175 835 2233 879 ut
2273 840 2392 895 qua}
2446 825 2514 878 ab
2561 840 2667 879 uno
2717 830 2770 880 et
2822 825 2937 880 solo
2979 824 3082 878 hoc
3122 823 3300 895 ipsum
3347 824 3491 894 quod

1934 927 2086 981 sunt,
2125 910 2362 972 habeant
2408 936 2421 972 :
2467 918 2523 971 in
2550 917 2636 972 his
2665 917 2807 972 enim
2840 925 3072 987 quatuor
3103 917 3403 979 elementis,
3437 917 3494 970 id

1933 1010 2080 1083 quod
2109 1010 2441 1067 contrarium
2475 1016 2580 1074 est,
2608 1010 2861 1064 amicitire
2900 1024 3067 1064 causa
3093 1017 3216 1075 est;
3257 1016 3310 1062 et
3348 1008 3492 1078 quod

1933 1106 1988 1160 in
2041 1104 2121 1159 eis
2151 1109 2347 1157 natura
2381 1109 2606 1172 pugnat,
2637 1117 2904 1156 summam
2948 1115 3134 1171 pacem
3172 1099 3298 1155 facit
3328 1119 3342 1165 ;
3374 1114 3494 1169 quas

1931 1194 2150 1266 quidem
2180 1200 2416 1264 quatuor
2449 1207 2676 1246 numero
2709 1198 2856 1256 sunt,
2893 1207 3060 1245 unum
3085 1206 3213 1246 vero
3257 1191 3492 1247 conﬂatu

1931 1303 1996 1341 ac
2020 1300 2316 1341 concursu.
2343 1283 2484 1350 Quin
2513 1283 2694 1355 potius
2724 1300 2782 1338 se
2811 1283 2943 1353 ipsis
2972 1283 3111 1338 inter
3142 1297 3201 1338 se
3226 1283 3491 1353 indigent,

1932 1385 1991 1432 ut
2023 1378 2134 1433 sint
2166 1395 2182 1445 ;
2211 1383 2266 1432 et
2305 1377 2421 1446 ipsa
2459 1385 2656 1430 natura
2679 1375 2940 1430 contrarii
2974 1391 3032 1430 se
3065 1369 3304 1430 vicissim
3338 1375 3492 1444 adju-

1930 1478 2079 1533 vant,
2125 1477 2180 1524 et
2217 1470 2271 1524 in
2325 1484 2384 1524 se
2436 1468 2572 1539 ipsis
2620 1469 2762 1524 inter
2800 1485 2859 1524 se
2904 1467 3083 1522 abdita
3124 1477 3270 1531 sunt,
3308 1476 3362 1522 et
3401 1484 3492 1537 per

1931 1578 1991 1617 se
2039 1563 2156 1632 ipsa
2201 1562 2343 1617 inter
2376 1576 2435 1617 se
2463 1569 2767 1632 apparent;
2811 1571 2896 1630 et,
2934 1569 2993 1616 ut
3032 1560 3251 1631 paulum
3291 1561 3488 1624 dicam,

1930 1668 2108 1722 neque
2135 1652 2370 1706 calidum
2400 1652 2584 1723 frigidi
2615 1651 2816 1722 Irigore
2843 1651 3101 1722 frigescit,
3135 1666 3236 1706 nec
3266 1650 3491 1705 humore

1929 1742 2137 1798 humidi
2186 1744 2552 1815 exstinguitur
2585 1760 2597 1794 :
2637 1759 2810 1813 neque
2836 1745 3040 1798 siccum
3081 1743 3149 1798 ab
3187 1743 3312 1813 igne
3341 1757 3493 1796 com»

261 1821 472 1891 μασίως
514 1823 872 1878 ἐνδιαιτᾶται*
912 1826 1006 1878 καὶ
1051 1826 1196 1893 δόξαι
1233 1827 1297 1881 ἂν
1327 1829 1436 1900 πῦρ
1473 1831 1627 1900 μόνον
1659 1831 1737 1894 ὂν,
1767 1833 1824 1886 οὑ

1928 1833 2145 1887 bustum
2177 1842 2260 1890 est
2290 1873 2304 1899 ,
2338 1850 2439 1889 nec
2476 1834 2543 1888 ab
2580 1833 2800 1887 humido
2833 1833 3062 1887 humore
3083 1831 3382 1902 perfusum.
3412 1829 3492 1885 Ex

172 1932 177 1936 ·
259 1911 445 1982 μέντοι
470 1913 590 1984 δίχα
615 1914 779 1986 ὑγροῦ
809 1916 904 1969 καὶ
946 1915 1129 1986 ξηροῦ,
1163 1912 1243 1980 οἷς
1265 1934 1327 1984 γε
1356 1920 1682 1989 τρεφόμενον
1715 1922 1825 1974 δια-

252 2002 497 2074 λάμπει·
543 2004 730 2078 ὣσπερ
777 2007 870 2059 καὶ
912 2007 978 2060 τὰ
1023 2007 1154 2061 ἄλλα
1185 2005 1430 2080 ἀλλήλοις
1472 2010 1672 2064 ἔνεστίν
1717 2014 1822 2083 ἀφῇ

257 2097 417 2166 μόνον
441 2098 771 2169 ἐμφαίνοντα
807 2099 905 2170 τὴν
934 2100 1300 2170 ἐναντιότητα,
1321 2102 1459 2154 οὓτω
1499 2103 1680 2173 μέντοι
1706 2105 1825 2172 φιλ-

253 2189 486 2260 άλληλα,
543 2191 618 2255 ὡς
680 2192 932 2262 οὐδεμίαν
988 2191 1281 2260 διαφωνίαν
1353 2194 1493 2264 ἔχειν
1547 2196 1820 2249 δοκοῦντα.

252 2281 438 2335 Ταῦτα
457 2282 511 2334 δὲ
539 2282 634 2353 τὴν
661 2285 896 2355 ἄρρητον
928 2287 1115 2354 σοφίαν
1137 2286 1392 2358 κηρύττει
1415 2289 1508 2341 καὶ
1536 2290 1820 2342 σιωπῶντα

248 2373 342 2425 τοῦ
388 2375 503 2436 ἐνὸς
536 2376 853 2446 ἁγεννήτου,
896 2378 984 2447 ὑφ’
1029 2374 1088 2454 οῦ
1136 2380 1200 2448 δὴ
1255 2380 1347 2432 καὶ
1387 2382 1648 2450 γενόμενα
1698 2400 1820 2435 συν-

249 2465 492 2537 εκράθη·
534 2469 595 2521 οὐ
638 2469 743 2540 γὰρ
772 2469 836 2540 δὴ
886 2471 1042 2540 σῶμα
1082 2471 1289 2538 γένοιτ’
1323 2470 1388 2524 ἂν
1431 2472 1487 2538 ἐξ
1520 2474 1636 2536 ἐνός
1680 2491 1820 2538 τινος

251 2561 346 2613 καὶ
372 2561 541 2614 ἁπλοῦ
578 2563 870 2633 στοιχείου·
914 2566 1105 2637 κράσει
1138 2567 1244 2638 γὰρ
1279 2565 1501 2636 συσταίη
1535 2565 1599 2618 ἂν
1640 2566 1814 2637 σῶμα.

252 2651 388 2704 Ποία
420 2653 475 2706 δὲ
522 2656 715 2724 κρᾶσις
768 2655 931 2726 ξηροῦ
984 2657 1074 2709 καὶ
1128 2657 1324 2728 μόνους
1377 2657 1501 2710 ποία
1542 2655 1728 2727 ὑγροῦ,
1774 2658 1820 2709 εί

253 2742 372 2795 καθ’
400 2745 560 2797 ἑαυτὸ
587 2745 841 2816 τυγχάνει
861 2764 874 2812 ;

1928 1924 2014 1996 his
2039 1926 2184 1980 enim
2226 1926 2368 1980 inter
2393 1940 2452 1980 se
2486 1926 2783 1980 constituta
2814 1931 2961 1988 sunt,
2993 1934 3046 1978 et
3075 1924 3404 1986 consistunt,
3436 1930 3491 1978 et

1927 2017 1984 2070 in
2017 2032 2075 2072 se
2111 2017 2247 2087 ipsis
2275 2017 2597 2072 mirabiliter
2629 2017 2815 2072 inSunt
2867 2032 2881 2068 :
2922 2031 2987 2069 ac
3025 2016 3242 2086 putabis
3272 2014 3490 2084 quidem

1927 2109 2104 2164 solum
2152 2111 2332 2180 ignem
2377 2125 2522 2173 esse,
2566 2125 2677 2165 non
2712 2119 2890 2164 tamen
2933 2108 3138 2178 absque
3183 2105 3408 2162 humido
3436 2113 3491 2160 et

1928 2200 2096 2266 sicco,
2128 2200 2328 2270 quibus
2360 2198 2577 2269 quidem
2617 2199 2782 2254 alitur
2807 2208 2858 2253 et
2888 2198 3135 2269 splendet
3172 2218 3184 2252 :
3218 2198 3358 2252 sicut
3387 2196 3489 2250 alia

1925 2292 1982 2346 in
2010 2307 2071 2346 se
2102 2291 2236 2361 ipsis
2285 2292 2494 2356 insunt,
2524 2299 2674 2346 tactu
2719 2299 2928 2344 tantum
2962 2290 3297 2345 contrarium
3347 2288 3489 2342 indi-

1926 2381 2154 2448 cantia;
2197 2381 2278 2435 sic
2327 2388 2508 2435 tamen
2557 2381 2661 2436 sibi
2703 2382 2844 2436 inter
2873 2396 2930 2435 se
2972 2381 3164 2444 amica,
3191 2386 3254 2433 ut
3281 2377 3487 2433 nullam

1923 2471 2251 2528 discordiam
2284 2472 2487 2528 habere
2521 2473 2831 2528 videantur.
2877 2471 3002 2527 Haec
3043 2477 3226 2526 autem
3265 2469 3489 2526 silentio

1923 2564 2224 2635 praedicant
2263 2564 2636 2619 admirabilem
2676 2563 2840 2618 unius
2883 2562 3110 2633 ingeniti
3142 2560 3486 2630 sapientiam,

1926 2671 1957 2710 a
1987 2671 2095 2726 quo
2125 2655 2266 2710 facta
2307 2663 2493 2724 postea
2530 2662 2786 2710 concreta
2832 2669 2895 2709 ac
2926 2654 3086 2709 mista
3145 2659 3274 2708 sunt
3322 2670 3337 2706 :
3376 2665 3485 2704 non

1927 2748 2074 2801 enim
2106 2763 2305 2817 corpus
2343 2763 2410 2802 ex
2440 2764 2548 2803 uno
2577 2747 2831 2818 quopiam
2863 2755 2918 2802 et
2945 2744 3180 2816 simplici
3217 2744 3486 2801 elemento

252 2842 373 2922 ﬁeri
400 2848 614 2911 potest:
650 2842 903 2897 mistione
926 2843 1070 2898 enim
1097 2851 1151 2897 et
1177 2845 1524 2900 concretione
1544 2845 1811 2898 conﬂatur
1837 2857 2058 2914 corpus.
2090 2842 2221 2909 Quae
2253 2849 2436 2897 autem
2484 2843 2761 2898 concretio
2793 2857 2857 2898 ac
2904 2841 3087 2899 mistio
3135 2856 3258 2898 esse
3313 2839 3487 2912 possit

253 2936 389 2992 sicci
419 2937 667 2991 tantum?
698 2953 817 3008 quae
851 2939 1058 2994 humidi
1089 2941 1306 2996 solum?

1152 3035 1279 3088 CAP.
1322 3033 1603 3088 XXXVIII.
1640 3035 1880 3088 Varietas
1911 3033 1969 3088 in
2004 3033 2268 3086 creatione
2299 3033 2615 3089 necessaria.

325 3128 532 3183 Οὐκοῦν
573 3131 844 3199 ἀναγκαία
873 3134 906 3201 ἡ
938 3131 1177 3185 ποικιλία
1209 3133 1341 3203 πρὸς
1366 3132 1464 3202 τὴν
1495 3133 1612 3194 ἐνὸς
1644 3131 1824 3201 σώμα-

1930 3162 1952 3182 ι,
1999 3126 2169 3198 Igitur
2226 3129 2538 3182 necessaria
2611 3135 2698 3183 est
2760 3127 2996 3184 varietas
3045 3130 3114 3186 ad
3178 3131 3488 3190 mistionem

251 3237 345 3284 τος
367 3224 563 3292 κρᾶσιν
585 3241 597 3254 ·
631 3223 900 3292 ἀναγκαία
933 3224 989 3276 δὲ
1022 3226 1054 3295 ἡ
1086 3224 1287 3278 τούτων
1327 3223 1632 3294 ἐναντιότης
1671 3225 1821 3276 ἐπει-

252 3314 458 3386 γομένη
502 3315 636 3387 πρὸς
662 3317 888 3387 ἑνότητα
915 3318 994 3380 εἰς
1034 3317 1216 3387 θαῦμα
1245 3316 1337 3369 τοῦ
1385 3316 1821 3388 δημιουργήσαν-

253 3423 376 3469 τος·
405 3406 562 3460 ἆτινα
605 3408 665 3461 οὑ
696 3408 907 3478 πρῶτον
942 3408 1063 3461 καθ’
1095 3407 1262 3461 ἐαυτά
1306 3408 1555 3478 συνέστη,
1601 3409 1692 3461 καὶ
1731 3407 1827 3460 οῦδ

251 3513 363 3558 τως
412 3498 688 3568 συνῆλθεν·
741 3497 878 3551 ἀλλὰ
923 3497 1018 3569 τὴν
1068 3497 1278 3566 γένεσιν
1319 3499 1414 3551 σὺν
1457 3497 1697 3568 ἀλλήλοις
1732 3497 1824 3552 λα-

254 3586 438 3653 ϐόντα,
474 3590 567 3642 καὶ
607 3591 722 3660 ἅμα
759 3590 1044 3661 γενόμενα,
1067 3593 1183 3654 ταῖς
1216 3590 1498 3662 αἰσθήσεσι
1543 3591 1782 3662 διεκρίθη
1806 3608 1818 3622 ·

255 3677 508 3751 σώματος
532 3683 640 3752 γὰρ
663 3684 1014 3748 ὑποστάντος,
1053 3683 1148 3736 καὶ
1170 3682 1326 3751 λόγος
1356 3682 1450 3736 καὶ
1477 3682 1600 3746 νοῦς
1625 3681 1825 3753 διέκρι-

252 3789 344 3825 νεν
371 3773 614 3844 αἰσθήσει
645 3773 714 3826 τὰ
741 3775 1078 3846 συνημμένα.
1107 3773 1270 3826 ’Ὥστε
1302 3773 1505 3827 τούτων
1535 3772 1757 3844 ὕστερον
1791 3774 1824 3843 ἡ

253 3865 564 3935 ἐναντιότης
601 3866 856 3937 ἐφωράθη
897 3869 964 3938 τῇ
996 3866 1245 3936 αἰσθήσει
1283 3865 1375 3918 τοῦ
1401 3865 1691 3937 γενομένου
1720 3865 1825 3920 σώ-

256 3972 448 4023 ματος,
489 3957 624 4026 ὃπερ
669 3957 729 4022 ἐξ
775 3957 953 4011 αὑτῶν
1003 3959 1139 4028 πρὸς
1178 3958 1238 4010 τὸ
1278 3953 1412 4010 εἶναι
1470 3957 1733 4028 [συνέστη
1767 3977 1824 4012 τε

254 4047 354 4102 xxi.
383 4049 768 4118 συγκέκραται,
809 4051 870 4102 οὐ
905 4050 1167 4121 πρότερον
1199 4051 1561 4121 γενομένωνῆ
1597 4052 1728 4104 αὑτὸ
1766 4052 1828 4103 τὸ

209 4172 220 4181 -
257 4138 447 4209 σῶμα,
502 4139 636 4192 ἀλλὰ
675 4140 770 4192 σὺν
813 4139 958 4210 αὑτῷ
1021 4139 1229 4212 ἀρχὴν]
1264 4140 1531 4193 λαϐόντων
1567 4139 1701 4210 (48).
1733 4141 1827 4203 Τίς

253 4229 322 4282 ἂν
379 4229 512 4300 πρὸς
557 4229 712 4294 ἀξίαν
771 4231 1110 4301 θαυμάσειε,
1157 4233 1257 4303 τήν
1323 4248 1384 4283 τε
1448 4231 1675 4302 δύναμιν
1735 4232 1825 4284 τοῦ

252 4321 616 4393 Δημιουργοῦ,
653 4323 741 4375 καὶ
774 4322 869 4393 τὴν
907 4323 1220 4394 συμφωνίαν
1261 4322 1370 4375 τῶν
1405 4323 1725 4393 γινομένων,
1754 4323 1828 4386 ὡς

251 4411 443 4481 ἄμαχα
486 4412 581 4463 καὶ
624 4414 872 4483 εἰρηναῖα
901 4414 967 4466 τὰ
1011 4415 1208 4479 πάντα,
1257 4413 1396 4486 πλήν
1434 4430 1498 4482 γε
1530 4413 1829 4484 ἀνθρώπων

251 4502 469 4566 ἀδικίας
493 4520 506 4568 ;

336 4596 585 4668 Ἑστήκει
619 4593 709 4651 οὖν
757 4600 788 4667 ἡ
834 4597 1156 4669 δημιουργία
1201 4598 1481 4669 σύμπασα,
1525 4611 1818 4670 κινουμένη

257 4687 359 4758 μὶν
387 4688 484 4760 τὴν
515 4691 649 4743 ἰδίαν
677 4692 770 4743 καὶ
802 4688 1060 4764 εὔτακτον
1097 4691 1332 4761 κίνησιν,
1356 4692 1608 4762 ἀκίνητον
1634 4693 1690 4745 δέ
1715 4693 1824 4745 διαε-

250 4778 496 4849 τηροῦσα
525 4779 614 4832 τὸν
652 4781 736 4848 ἐφ’
765 4780 930 4850 ἑαυτῇ
963 4779 1056 4832 τοῦ
1098 4781 1455 4851 πεποιηκότος
1483 4780 1666 4850 νόμον.
1714 4781 1822 4832 Καὶ

249 4870 338 4933 τίς
361 4869 427 4923 ἂν
455 4869 678 4933 θέλοιτο,
706 4873 755 4924 εί
785 4870 883 4935 τὰς
921 4872 1198 4942 αἰσθήσεις
1234 4872 1464 4940 ὑγιαίνοι
1492 4872 1590 4941 τῆς
1621 4871 1818 4941 ψυχῆς,

248 4958 456 5014 τούτων
479 4960 650 5024 οὕτως
673 4961 924 5030 ἐχόντων,
964 4962 1056 5015 καὶ
1085 4961 1164 5014 ἐτι
1204 4961 1584 5034 ἀναριθμήτων
1626 4961 1820 5026 ἄλλων,

250 5051 290 5104 ὃ.
321 5052 496 5104 πάντα
526 5052 648 5106 νοῦν
683 5053 1017 5125 ὑπερϐαίνει,
1048 5051 1210 5121 ἄλλην
1252 5053 1350 5123 μὲν
1379 5053 1550 5124 ἀρχὴν
1577 5052 1654 5121 τῷ
1681 5052 1822 5123 λόγῳ

251 5143 478 5207 πλάσαι,
509 5145 815 5216 άντεγεῖραι
846 5145 902 5198 δέ
929 5137 1131 5214 ταύτην
1171 5145 1497 5209 άπεναντίας
1531 5144 1622 5198 τοῦ
1661 5145 1821 5215 μόνου

254 5237 546 5307 ἅγεννήτου
599 5236 766 5300 Θεοῦ;
801 5237 1094 5307 Σύμφωνον
1141 5237 1239 5306 μὲν
1283 5237 1390 5308 γὰρ
1443 5239 1535 5290 καὶ
1579 5237 1822 5308 ἀπαράλ-

250 5325 452 5379 λακτον
480 5327 653 5398 ἀρχὴν
687 5326 1100 5398 ὀνειροπολῆσαι
1130 5327 1402 5396 περιττὸν,
1425 5327 1524 5397 τῆς
1561 5330 1686 5398 μιᾶς
1719 5329 1818 5397 ἀρ-

249 5411 501 5485 κούσης·
550 5416 794 5470 ἐναντίαν
838 5417 896 5470 δὲ
943 5416 1296 5479 ὑποπτεῦσαι,
1348 5417 1521 5488 πάντη
1579 5416 1822 5487 μανικὸν,

254 5510 366 5561 τῶν
397 5507 534 5561 ὅλων
562 5509 1008 5580 συμφωνούντων,
1043 5509 1137 5562 καὶ
1165 5510 1405 5580 ποικιλίᾳ
1437 5511 1533 5580 μὲν
1559 5526 1826 5579 κεκοσμη-

258 5598 462 5669 μένων,
491 5601 652 5672 σοφίᾳ
683 5600 739 5653 δὲ
769 5600 862 5653 τοῦ
901 5602 1222 5671 ποιήσαντος
1262 5601 1320 5653 τὸ
1363 5599 1592 5671 χρηστὸν
1625 5601 1720 5653 καὶ⁵
1764 5601 1826 5652 τὸ

1924 3219 2172 3288 corporis
2225 3237 2239 3273 :
2290 3220 2600 3273 necessaria
2647 3219 2773 3272 item
2820 3227 3014 3273 natura
3061 3225 3485 3293 contrariorum,

1923 3325 2042 3379 qua:
2071 3310 2126 3364 in
2150 3311 2392 3365 auctoris
2428 3310 2845 3365 admirationem
2874 3312 2941 3366 ad
2963 3318 3486 3384 coagmentationem

1923 3401 2084 3455 unius
2130 3408 2316 3472 urget:
2342 3417 2462 3471 qua:
2490 3401 2708 3471 quidem
2734 3417 2843 3455 non
2877 3403 3109 3472 primum
3147 3419 3244 3475 per
3272 3421 3330 3460 se
3370 3407 3486 3461 sola

1923 3497 2213 3552 constituta
2231 3504 2378 3559 sunt,
2403 3502 2563 3564 atque
2580 3494 2653 3548 ita
2670 3495 2916 3550 coierunt
2937 3514 2950 3562 ;
2973 3495 3067 3552 sed
3088 3505 3266 3552 ortum
3283 3500 3488 3568 pariter

1924 3588 2066 3642 inter
2089 3603 2149 3642 se
2183 3587 2447 3657 capientia
2467 3626 2482 3650 ,
2513 3593 2567 3640 et
2599 3587 2759 3640 simul
2789 3594 2847 3640 ut
2875 3586 3018 3641 facta
3045 3595 3194 3654 sunt,
3235 3589 3486 3646 sensibus

1926 3686 2053 3734 sunt
2092 3678 2404 3748 dijudicata.
2447 3676 2580 3731 Cum
2627 3678 2772 3731 enim
2817 3692 3015 3749 corpus
3046 3695 3141 3751 per
3169 3696 3229 3737 se
3254 3681 3483 3746 exstitit,

1925 3773 2067 3827 ratio
2098 3779 2152 3826 et
2186 3787 2340 3826 mens
2370 3771 2662 3840 conjuncta
2694 3781 2746 3825 et
2775 3779 3053 3836 concreta,
3085 3788 3251 3828 sensu
3281 3772 3488 3829 discer-

1924 3864 2027 3918 nit.
2077 3861 2440 3929 Quamobrem
2486 3871 2679 3916 natura
2719 3864 3117 3919 contrariorum
3165 3874 3354 3935 postea
3391 3865 3487 3920 de--

1926 3955 2188 4026 prehensa
2214 3964 2297 4010 est
2329 3969 2492 4010 sensu
2517 3956 2786 4026 corporis,
2821 3957 2964 4027 quod
2990 3974 3056 4012 ex
3089 3959 3224 4028 ipsis
3255 3975 3487 4015 concre-

1927 4052 2041 4099 tum
2095 4052 2149 4099 et
2188 4051 2544 4114 temperatum
2589 4052 2692 4098 est.
2739 4045 2870 4109 Qua:
2917 4044 3134 4114 quidem
3184 4061 3290 4100 non
3336 4045 3488 4117 prius

1928 4145 2078 4200 sunt,
2109 4152 2271 4206 quam
2307 4152 2507 4206 corpus
2547 4137 2722 4206 ipsum
2754 4155 2768 4203 ;
2799 4137 2893 4192 sed
2930 4137 3090 4191 simul
3113 4153 3234 4191 cum
3260 4154 3324 4194 eo
3351 4140 3489 4196 inci~

1929 4229 2082 4298 piunt
2114 4245 2256 4283 esse.
2288 4227 2424 4294 Quis
2458 4229 2618 4298 digne
2649 4243 2712 4282 ac
2739 4237 2996 4294 meretur,
3027 4228 3283 4283 admirari
3312 4240 3492 4300 potest

1928 4328 2251 4392 potestatem
2276 4320 2574 4384 Creatoris,
2608 4330 2663 4374 et
2692 4321 3042 4375 concordiam
3074 4335 3138 4375 ac
3165 4328 3487 4376 concentum

1928 4413 2343 4469 creaturarum?
2363 4429 2523 4482 quam
2556 4414 2611 4467 in
2643 4428 2776 4482 pace
2798 4414 2908 4467 sint
2935 4422 2989 4468 et
3015 4413 3135 4469 sine
3164 4428 3344 4486 pugna
3371 4428 3490 4469 om-

1853 4488 1895 4542 θ
1923 4505 2036 4565 nia,
2061 4514 2279 4572 excepta
2321 4503 2584 4572 injustitia
2612 4503 2888 4558 hominum
2913 4505 2937 4557 ?

1997 4594 2286 4648 Permanet
2329 4595 2494 4665 igitur
2522 4609 2586 4647 ac
2623 4603 2933 4664 perseverat
2970 4594 3148 4648 omnis
3193 4593 3399 4649 fabrica
3429 4594 3494 4648 in

1928 4701 2028 4741 suo
2055 4693 2108 4740 et
2146 4686 2398 4740 ordinato
2430 4694 2600 4749 motu,
2633 4699 2966 4740 conservans
3005 4685 3060 4738 in
3089 4700 3149 4740 se
3178 4684 3482 4740 immutabi-

1928 4779 2032 4834 lem
2061 4778 2233 4849 legem
2267 4778 2526 4834 auctoris.
2563 4776 2765 4848 Ecquis
2792 4778 2939 4841 velit,
2971 4777 3018 4832 si
3062 4793 3257 4833 sensus
3295 4778 3488 4833 anima:

1930 4886 2097 4927 sanos
2142 4870 2360 4936 habeat,
2413 4886 2540 4924 cum
2585 4870 2700 4925 haec
2743 4871 2818 4923 ita
2861 4869 2992 4931 sint,
3020 4869 3075 4921 in
3125 4867 3335 4922 inﬁnita
3381 4869 3486 4922 alia

1928 4977 2050 5032 quae
2091 4975 2307 5016 omnem
2355 4968 2590 5016 mentem
2640 4966 2921 5030 superant,
2968 4957 3114 5013 aliud
3160 4958 3486 5029 principium

1927 5054 2257 5125 cogitatione
2285 5054 2518 5124 ﬁngere,
2543 5061 2596 5108 et
2638 5054 2742 5108 hoc
2775 5053 2877 5108 soli
2903 5050 3012 5106 Deo
3038 5052 3278 5124 ingenito
3314 5067 3489 5122 oppo«

1927 5145 2102 5199 nere?
2157 5144 2397 5199 Concors
2459 5143 2604 5198 enim
2664 5150 2718 5199 et
2763 5141 3107 5198 consentiens
3157 5142 3488 5212 principium

1927 5236 2200 5292 somniare
2253 5251 2654 5305 supervacuum
2695 5242 2799 5298 est,
2834 5249 2958 5289 cum
2998 5250 3165 5290 unum
3207 5234 3489 5302 sulﬁciat;

1925 5328 2260 5382 contrarium
2287 5343 2416 5383 vero
2446 5327 2736 5399 suspicari,
2769 5325 2957 5383 furiosi
2986 5342 3210 5397 prorsus
3237 5336 3338 5391 est,
3363 5342 3486 5381 cum

1926 5420 2183 5475 universa
2231 5421 2376 5474 inter
2427 5435 2488 5476 se
2537 5417 2907 5485 consentiant.
2956 5419 3216 5475 varietate
3267 5417 3484 5490 quidem

1923 5519 2138 5577 ornata,
2173 5512 2230 5567 in
2285 5511 2487 5583 quibus
2529 5510 2792 5582 sapientia
2833 5510 2948 5567 veri
2995 5511 3231 5566 auctoris
3283 5509 3487 5564 factum

1926 5613 2052 5672 est,
2102 5612 2162 5658 ut
2219 5605 2426 5662 sanitas
2479 5614 2532 5662 et
2583 5591 2952 5676 tranquillitas
2995 5619 3115 5658 cum
3174 5601 3493 5658 austeritate

325 5711 440 5793 μοι
480 5713 916 5793 Λαΰόγτῳν.-Εξ
950 5715 1240 5793 interprete
1264 5715 1428 5784 liquet
1475 5714 1561 5770 hic
1593 5715 1794 5786 aliquid
1827 5716 2036 5777 deesse.
2069 5720 2244 5792 (Quod
2275 5738 2376 5780 nos
2404 5721 2744 5780 restituendo
2783 5738 2850 5778 ex
2896 5719 3136 5793 ejusdem
3182 5716 3500 5786 interpretis

243 5785 513 5860 _versionc
537 5785 692 5842 uncis
723 5785 1059 5841 inclusimus.
1099 5784 1278 5856 Enn.)
