  <div class='ocr_page' id='page_1' title='image "/cluster/home/n/w/nwhite01/storage/ocr_20150623/18/hvd.32044073501207/611.png"; bbox 0 0 3984 6212; ppageno 0'>
   <div class='ocr_carea' id='block_1_1' title="bbox 531 382 671 440">
    <p class='ocr_par' dir='ltr' id='par_1_1' title="bbox 531 382 671 440">
     <span class='ocr_line' id='line_1_1' title="bbox 531 382 671 440; baseline -0.029 1"><span class='ocrx_word' id='word_1_1' title='bbox 531 382 671 440; x_wconf 70' lang='grc'><strong>1207</strong></span> 
     </span>
    </p>
   </div>
   <div class='ocr_carea' id='block_1_2' title="bbox 1661 366 2590 427">
    <p class='ocr_par' dir='ltr' id='par_1_2' title="bbox 1661 366 2590 427">
     <span class='ocr_line' id='line_1_2' title="bbox 1661 366 2590 427; baseline -0.004 -1"><span class='ocrx_word' id='word_1_2' title='bbox 1661 372 1796 427; x_wconf 85' lang='lat' dir='ltr'><strong>TITI</strong></span> <span class='ocrx_word' id='word_1_3' title='bbox 1834 369 2258 427; x_wconf 74' lang='lat' dir='ltr'><strong>BOSTRENSIS</strong></span> <span class='ocrx_word' id='word_1_4' title='bbox 2295 366 2590 425; x_wconf 73' lang='lat' dir='ltr'><strong>EPISCOI’I</strong></span> 
     </span>
    </p>
   </div>
   <div class='ocr_carea' id='block_1_3' title="bbox 3607 359 3742 416">
    <p class='ocr_par' dir='ltr' id='par_1_3' title="bbox 3607 359 3742 416">
     <span class='ocr_line' id='line_1_3' title="bbox 3607 359 3742 416; baseline 0.007 -1"><span class='ocrx_word' id='word_1_5' title='bbox 3607 359 3742 416; x_wconf 67' lang='lat' dir='ltr'><strong>nos</strong></span> 
     </span>
    </p>
   </div>
   <div class='ocr_carea' id='block_1_4' title="bbox 531 479 2077 570">
    <p class='ocr_par' dir='ltr' id='par_1_4' title="bbox 531 488 2077 570">
     <span class='ocr_line' id='line_1_4' title="bbox 531 488 2077 570; baseline -0.006 -18"><span class='ocrx_word' id='word_1_6' title='bbox 531 504 785 570; x_wconf 80' lang='lat' dir='ltr'><strong>appareat</strong></span> <span class='ocrx_word' id='word_1_7' title='bbox 813 512 826 557; x_wconf 88' lang='lat'><strong>;</strong></span> <span class='ocrx_word' id='word_1_8' title='bbox 859 496 986 562; x_wconf 82' lang='lat' dir='ltr'><strong>quia</strong></span> <span class='ocrx_word' id='word_1_9' title='bbox 1015 490 1193 544; x_wconf 87' lang='lat' dir='ltr'><strong>omnis</strong></span> <span class='ocrx_word' id='word_1_10' title='bbox 1221 488 1461 544; x_wconf 78' lang='lat' dir='ltr'><strong>suavitas</strong></span> <span class='ocrx_word' id='word_1_11' title='bbox 1490 488 1653 544; x_wconf 90' lang='lat' dir='ltr'><strong>nimis</strong></span> <span class='ocrx_word' id='word_1_12' title='bbox 1684 503 1852 552; x_wconf 89' lang='lat' dir='ltr'><strong>mera,</strong></span> <span class='ocrx_word' id='word_1_13' title='bbox 1884 503 2077 544; x_wconf 72' lang='lat' dir='ltr'><strong>nocens</strong></span> 
     </span>
    </p>
   </div>
   <div class='ocr_carea' id='block_1_5' title="bbox 2179 479 3747 570">
    <p class='ocr_par' dir='ltr' id='par_1_5' title="bbox 2191 479 3747 558">
     <span class='ocr_line' id='line_1_5' title="bbox 2191 479 3747 558; baseline -0.003 -19"><span class='ocrx_word' id='word_1_14' title='bbox 2191 486 2422 558; x_wconf 81' lang='grc' dir='ltr'>γαληνὸν</span> <span class='ocrx_word' id='word_1_15' title='bbox 2468 486 2584 555; x_wconf 85' lang='grc' dir='ltr'>μετ’</span> <span class='ocrx_word' id='word_1_16' title='bbox 2629 481 2939 554; x_wconf 84' lang='grc' dir='ltr'>ὲμϐριθείας</span> <span class='ocrx_word' id='word_1_17' title='bbox 2981 479 3388 551; x_wconf 76' lang='grc' dir='ltr'>ἐμφαινόντων·</span> <span class='ocrx_word' id='word_1_18' title='bbox 3439 480 3515 542; x_wconf 79' lang='grc' dir='ltr'>ὡς</span> <span class='ocrx_word' id='word_1_19' title='bbox 3566 479 3747 535; x_wconf 69' lang='grc' dir='ltr'>ἅπασα</span> 
     </span>
    </p>
   </div>
   <div class='ocr_carea' id='block_1_6' title="bbox 525 581 2085 648">
    <p class='ocr_par' dir='ltr' id='par_1_6' title="bbox 525 581 2085 648">
     <span class='ocr_line' id='line_1_6' title="bbox 525 581 2085 648; baseline -0.009 0"><span class='ocrx_word' id='word_1_20' title='bbox 525 601 613 648; x_wconf 84' lang='lat' dir='ltr'><strong>est</strong></span> <span class='ocrx_word' id='word_1_21' title='bbox 664 597 719 644; x_wconf 90' lang='lat' dir='ltr'><strong>et</strong></span> <span class='ocrx_word' id='word_1_22' title='bbox 767 586 974 639; x_wconf 76' lang='lat' dir='ltr'><strong>ratione</strong></span> <span class='ocrx_word' id='word_1_23' title='bbox 1009 583 1182 637; x_wconf 87' lang='lat' dir='ltr'><strong>aliena</strong></span> <span class='ocrx_word' id='word_1_24' title='bbox 1241 601 1253 634; x_wconf 93' lang='lat'><strong>:</strong></span> <span class='ocrx_word' id='word_1_25' title='bbox 1307 581 1567 636; x_wconf 75' lang='lat' dir='ltr'><strong>severitas</strong></span> <span class='ocrx_word' id='word_1_26' title='bbox 1624 595 1755 636; x_wconf 85' lang='lat' dir='ltr'><strong>vero</strong></span> <span class='ocrx_word' id='word_1_27' title='bbox 1795 590 1849 635; x_wconf 92' lang='lat' dir='ltr'><strong>et</strong></span> <span class='ocrx_word' id='word_1_28' title='bbox 1902 588 2085 634; x_wconf 91' lang='lat' dir='ltr'><strong>auste-</strong></span> 
     </span>
    </p>
   </div>
   <div class='ocr_carea' id='block_1_7' title="bbox 527 672 2086 743">
    <p class='ocr_par' dir='ltr' id='par_1_7' title="bbox 527 672 2086 743">
     <span class='ocr_line' id='line_1_7' title="bbox 527 672 2086 743; baseline -0.007 -8"><span class='ocrx_word' id='word_1_29' title='bbox 527 681 664 736; x_wconf 90' lang='lat' dir='ltr'><strong>ritas</strong></span> <span class='ocrx_word' id='word_1_30' title='bbox 691 678 826 740; x_wconf 88' lang='lat' dir='ltr'><strong>sola,</strong></span> <span class='ocrx_word' id='word_1_31' title='bbox 862 675 1146 732; x_wconf 86' lang='lat' dir='ltr'><strong>suavitatis</strong></span> <span class='ocrx_word' id='word_1_32' title='bbox 1185 689 1400 743; x_wconf 75' lang='lat' dir='ltr'><strong>expers,</strong></span> <span class='ocrx_word' id='word_1_33' title='bbox 1436 672 1503 727; x_wconf 90' lang='lat' dir='ltr'><strong>ad</strong></span> <span class='ocrx_word' id='word_1_34' title='bbox 1540 673 1808 728; x_wconf 80' lang='lat' dir='ltr'><strong>feritatem</strong></span> <span class='ocrx_word' id='word_1_35' title='bbox 1835 681 1888 726; x_wconf 91' lang='lat' dir='ltr'><strong>et</strong></span> <span class='ocrx_word' id='word_1_36' title='bbox 1927 672 2086 725; x_wconf 76' lang='lat' dir='ltr'><strong>inlin-</strong></span> 
     </span>
    </p>
   </div>
   <div class='ocr_carea' id='block_1_8' title="bbox 527 763 2088 838">
    <p class='ocr_par' dir='ltr' id='par_1_8' title="bbox 527 763 2088 838">
     <span class='ocr_line' id='line_1_8' title="bbox 527 763 2088 838; baseline -0.004 -13"><span class='ocrx_word' id='word_1_37' title='bbox 527 774 844 825; x_wconf 83' lang='lat' dir='ltr'><strong>nianitatem</strong></span> <span class='ocrx_word' id='word_1_38' title='bbox 895 775 1120 838; x_wconf 85' lang='lat' dir='ltr'><strong>spectat.</strong></span> <span class='ocrx_word' id='word_1_39' title='bbox 1152 765 1450 835; x_wconf 68' lang='lat' dir='ltr'><strong>Utrumque</strong></span> <span class='ocrx_word' id='word_1_40' title='bbox 1471 773 1648 819; x_wconf 89' lang='lat' dir='ltr'><strong>autem</strong></span> <span class='ocrx_word' id='word_1_41' title='bbox 1673 763 1896 834; x_wconf 78' lang='lat' dir='ltr'><strong>corrigit</strong></span> <span class='ocrx_word' id='word_1_42' title='bbox 1916 771 1968 817; x_wconf 89' lang='lat' dir='ltr'><strong>et</strong></span> <span class='ocrx_word' id='word_1_43' title='bbox 1993 763 2088 818; x_wconf 85' lang='lat' dir='ltr'><strong>de-</strong></span> 
     </span>
    </p>
   </div>
   <div class='ocr_carea' id='block_1_9' title="bbox 529 856 2083 927">
    <p class='ocr_par' dir='ltr' id='par_1_9' title="bbox 529 856 2083 927">
     <span class='ocr_line' id='line_1_9' title="bbox 529 856 2083 927; baseline -0.006 -11"><span class='ocrx_word' id='word_1_44' title='bbox 529 865 712 926; x_wconf 86' lang='lat' dir='ltr'><strong>lectat,</strong></span> <span class='ocrx_word' id='word_1_45' title='bbox 746 861 1012 916; x_wconf 78' lang='lat' dir='ltr'><strong>exltilarat</strong></span> <span class='ocrx_word' id='word_1_46' title='bbox 1039 867 1092 913; x_wconf 90' lang='lat' dir='ltr'><strong>et</strong></span> <span class='ocrx_word' id='word_1_47' title='bbox 1121 858 1358 913; x_wconf 89' lang='lat' dir='ltr'><strong>deterret</strong></span> <span class='ocrx_word' id='word_1_48' title='bbox 1391 876 1404 910; x_wconf 90' lang='lat'><strong>:</strong></span> <span class='ocrx_word' id='word_1_49' title='bbox 1449 856 1714 927; x_wconf 85' lang='lat' dir='ltr'><strong>promittit</strong></span> <span class='ocrx_word' id='word_1_50' title='bbox 1741 856 2083 918; x_wconf 82' lang='lat' dir='ltr'><strong>suavitatem,</strong></span> 
     </span>
    </p>
   </div>
   <div class='ocr_carea' id='block_1_10' title="bbox 529 945 2082 1018">
    <p class='ocr_par' dir='ltr' id='par_1_10' title="bbox 529 945 2082 1018">
     <span class='ocr_line' id='line_1_10' title="bbox 529 945 2082 1018; baseline -0.006 -10"><span class='ocrx_word' id='word_1_51' title='bbox 529 961 581 1008; x_wconf 87' lang='lat' dir='ltr'><strong>et</strong></span> <span class='ocrx_word' id='word_1_52' title='bbox 628 952 864 1006; x_wconf 86' lang='lat' dir='ltr'><strong>minatur</strong></span> <span class='ocrx_word' id='word_1_53' title='bbox 908 957 1168 1004; x_wconf 88' lang='lat' dir='ltr'><strong>terrorem</strong></span> <span class='ocrx_word' id='word_1_54' title='bbox 1214 966 1228 1003; x_wconf 90' lang='lat'><strong>:</strong></span> <span class='ocrx_word' id='word_1_55' title='bbox 1281 947 1554 1018; x_wconf 85' lang='lat' dir='ltr'><strong>protendit</strong></span> <span class='ocrx_word' id='word_1_56' title='bbox 1598 961 1747 1015; x_wconf 89' lang='lat' dir='ltr'><strong>spem</strong></span> <span class='ocrx_word' id='word_1_57' title='bbox 1793 945 2082 1009; x_wconf 92' lang='lat' dir='ltr'><strong>donorum,</strong></span> 
     </span>
    </p>
   </div>
   <div class='ocr_carea' id='block_1_11' title="bbox 529 1039 2082 1112">
    <p class='ocr_par' dir='ltr' id='par_1_11' title="bbox 529 1039 2082 1112">
     <span class='ocr_line' id='line_1_11' title="bbox 529 1039 2082 1112; baseline -0.005 -13"><span class='ocrx_word' id='word_1_58' title='bbox 529 1058 581 1099; x_wconf 89' lang='lat' dir='ltr'><strong>et</strong></span> <span class='ocrx_word' id='word_1_59' title='bbox 619 1041 960 1099; x_wconf 90' lang='lat' dir='ltr'><strong>subostendit</strong></span> <span class='ocrx_word' id='word_1_60' title='bbox 1015 1041 1309 1112; x_wconf 86' lang='lat' dir='ltr'><strong>periculum</strong></span> <span class='ocrx_word' id='word_1_61' title='bbox 1357 1039 1784 1111; x_wconf 87' lang='lat' dir='ltr'><strong>suppliciorum;</strong></span> <span class='ocrx_word' id='word_1_62' title='bbox 1833 1055 1902 1094; x_wconf 89' lang='lat' dir='ltr'><strong>ne</strong></span> <span class='ocrx_word' id='word_1_63' title='bbox 1941 1039 2082 1092; x_wconf 83' lang='lat' dir='ltr'><strong>ratio</strong></span> 
     </span>
    </p>
   </div>
   <div class='ocr_carea' id='block_1_12' title="bbox 527 1130 2086 1206">
    <p class='ocr_par' dir='ltr' id='par_1_12' title="bbox 527 1130 2086 1206">
     <span class='ocr_line' id='line_1_12' title="bbox 527 1130 2086 1206; baseline -0.004 -14"><span class='ocrx_word' id='word_1_64' title='bbox 527 1151 716 1194; x_wconf 89' lang='lat' dir='ltr'><strong>eorum</strong></span> <span class='ocrx_word' id='word_1_65' title='bbox 745 1136 838 1206; x_wconf 85' lang='lat' dir='ltr'><strong>qui</strong></span> <span class='ocrx_word' id='word_1_66' title='bbox 883 1135 937 1189; x_wconf 92' lang='lat' dir='ltr'><strong>in</strong></span> <span class='ocrx_word' id='word_1_67' title='bbox 981 1134 1142 1189; x_wconf 88' lang='lat' dir='ltr'><strong>terris</strong></span> <span class='ocrx_word' id='word_1_68' title='bbox 1172 1141 1478 1198; x_wconf 80' lang='lat' dir='ltr'><strong>versantur,</strong></span> <span class='ocrx_word' id='word_1_69' title='bbox 1512 1131 1740 1186; x_wconf 87' lang='lat' dir='ltr'><strong>mollitia</strong></span> <span class='ocrx_word' id='word_1_70' title='bbox 1779 1139 1835 1186; x_wconf 90' lang='lat' dir='ltr'><strong>et</strong></span> <span class='ocrx_word' id='word_1_71' title='bbox 1867 1130 2086 1185; x_wconf 80' lang='lat' dir='ltr'><strong>laxitate</strong></span> 
     </span>
    </p>
   </div>
   <div class='ocr_carea' id='block_1_13' title="bbox 530 1220 2088 1294">
    <p class='ocr_par' dir='ltr' id='par_1_13' title="bbox 530 1220 2088 1294">
     <span class='ocr_line' id='line_1_13' title="bbox 530 1220 2088 1294; baseline -0.002 -18"><span class='ocrx_word' id='word_1_72' title='bbox 530 1223 871 1294; x_wconf 86' lang='lat' dir='ltr'><strong>propriarum</strong></span> <span class='ocrx_word' id='word_1_73' title='bbox 898 1237 1078 1276; x_wconf 91' lang='lat' dir='ltr'><strong>rerum</strong></span> <span class='ocrx_word' id='word_1_74' title='bbox 1107 1221 1162 1275; x_wconf 88' lang='lat' dir='ltr'><strong>in</strong></span> <span class='ocrx_word' id='word_1_75' title='bbox 1201 1221 1466 1290; x_wconf 84' lang='lat' dir='ltr'><strong>ignaviam</strong></span> <span class='ocrx_word' id='word_1_76' title='bbox 1499 1220 1884 1292; x_wconf 80' lang='lat' dir='ltr'><strong>demergatur;</strong></span> <span class='ocrx_word' id='word_1_77' title='bbox 1913 1235 2088 1290; x_wconf 91' lang='lat' dir='ltr'><strong>neque</strong></span> 
     </span>
    </p>
   </div>
   <div class='ocr_carea' id='block_1_14' title="bbox 530 1296 2082 1384">
    <p class='ocr_par' dir='ltr' id='par_1_14' title="bbox 530 1296 2082 1384">
     <span class='ocr_line' id='line_1_14' title="bbox 530 1296 2082 1384; baseline -0.003 -15"><span class='ocrx_word' id='word_1_78' title='bbox 530 1321 790 1384; x_wconf 84' lang='lat' dir='ltr'><strong>perpetuo</strong></span> <span class='ocrx_word' id='word_1_79' title='bbox 834 1321 978 1368; x_wconf 91' lang='lat' dir='ltr'><strong>metu</strong></span> <span class='ocrx_word' id='word_1_80' title='bbox 1024 1327 1281 1382; x_wconf 89' lang='lat' dir='ltr'><strong>percussa</strong></span> <span class='ocrx_word' id='word_1_81' title='bbox 1321 1327 1462 1367; x_wconf 59' lang='lat' dir='ltr'><strong>caeca</strong></span> <span class='ocrx_word' id='word_1_82' title='bbox 1495 1311 1586 1365; x_wconf 87' lang='lat' dir='ltr'><strong>Iiat</strong></span> <span class='ocrx_word' id='word_1_83' title='bbox 1627 1329 1640 1365; x_wconf 78' lang='grc' dir='ltr'>ε</span> <span class='ocrx_word' id='word_1_84' title='bbox 1675 1311 1767 1367; x_wconf 89' lang='lat' dir='ltr'><strong>sed</strong></span> <span class='ocrx_word' id='word_1_85' title='bbox 1802 1312 1983 1382; x_wconf 88' lang='lat' dir='ltr'><strong>potius</strong></span> <span class='ocrx_word' id='word_1_86' title='bbox 2015 1296 2082 1364; x_wconf 76' lang='lat' dir='ltr'><strong>ex</strong></span> 
     </span>
    </p>
   </div>
   <div class='ocr_carea' id='block_1_15' title="bbox 532 1401 2082 1473">
    <p class='ocr_par' dir='ltr' id='par_1_15' title="bbox 532 1401 2082 1473">
     <span class='ocr_line' id='line_1_15' title="bbox 532 1401 2082 1473; baseline 0 -17"><span class='ocrx_word' id='word_1_87' title='bbox 532 1413 760 1473; x_wconf 89' lang='lat' dir='ltr'><strong>utraque</strong></span> <span class='ocrx_word' id='word_1_88' title='bbox 799 1411 950 1473; x_wconf 79' lang='lat' dir='ltr'><strong>parte</strong></span> <span class='ocrx_word' id='word_1_89' title='bbox 991 1411 1045 1456; x_wconf 90' lang='lat' dir='ltr'><strong>et</strong></span> <span class='ocrx_word' id='word_1_90' title='bbox 1095 1403 1158 1458; x_wconf 91' lang='lat' dir='ltr'><strong>ad</strong></span> <span class='ocrx_word' id='word_1_91' title='bbox 1195 1403 1442 1457; x_wconf 88' lang='lat' dir='ltr'><strong>timorem</strong></span> <span class='ocrx_word' id='word_1_92' title='bbox 1485 1401 1579 1456; x_wconf 87' lang='lat' dir='ltr'><strong>Dei</strong></span> <span class='ocrx_word' id='word_1_93' title='bbox 1623 1409 1677 1456; x_wconf 91' lang='lat' dir='ltr'><strong>et</strong></span> <span class='ocrx_word' id='word_1_94' title='bbox 1719 1401 1787 1455; x_wconf 90' lang='lat' dir='ltr'><strong>ad</strong></span> <span class='ocrx_word' id='word_1_95' title='bbox 1829 1401 2082 1456; x_wconf 86' lang='lat' dir='ltr'><strong>virtutem</strong></span> 
     </span>
    </p>
   </div>
   <div class='ocr_carea' id='block_1_16' title="bbox 531 1495 868 1548">
    <p class='ocr_par' dir='ltr' id='par_1_16' title="bbox 531 1495 868 1548">
     <span class='ocr_line' id='line_1_16' title="bbox 531 1495 868 1548; baseline 0.003 -2"><span class='ocrx_word' id='word_1_96' title='bbox 531 1495 868 1548; x_wconf 84' lang='lat' dir='ltr'><strong>instituatur.</strong></span> 
     </span>
    </p>
   </div>
   <div class='ocr_carea' id='block_1_17' title="bbox 2195 571 3750 650">
    <p class='ocr_par' dir='ltr' id='par_1_17' title="bbox 2195 571 3750 650">
     <span class='ocr_line' id='line_1_17' title="bbox 2195 571 3750 650; baseline -0.004 -19"><span class='ocrx_word' id='word_1_97' title='bbox 2195 578 2292 650; x_wconf 82' lang='grc' dir='ltr'><strong>μὲν</strong></span> <span class='ocrx_word' id='word_1_98' title='bbox 2321 575 2617 648; x_wconf 81' lang='grc' dir='ltr'><strong>χρηστότης</strong></span> <span class='ocrx_word' id='word_1_99' title='bbox 2639 575 2869 644; x_wconf 78' lang='grc' dir='ltr'>ἄκρατος</span> <span class='ocrx_word' id='word_1_100' title='bbox 2896 572 3037 637; x_wconf 89' lang='grc' dir='ltr'>λίαν,</span> <span class='ocrx_word' id='word_1_101' title='bbox 3062 571 3359 642; x_wconf 80' lang='grc' dir='ltr'>ὲπιϐλαϐής</span> <span class='ocrx_word' id='word_1_102' title='bbox 3393 588 3453 623; x_wconf 87' lang='grc' dir='ltr'><strong>τε</strong></span> <span class='ocrx_word' id='word_1_103' title='bbox 3495 571 3590 624; x_wconf 73' lang='grc' dir='ltr'>καὶ</span> <span class='ocrx_word' id='word_1_104' title='bbox 3625 571 3750 625; x_wconf 71' lang='grc' dir='ltr'>ἁλο-</span> 
     </span>
    </p>
   </div>
   <div class='ocr_carea' id='block_1_18' title="bbox 2189 660 3745 738">
    <p class='ocr_par' dir='ltr' id='par_1_18' title="bbox 2189 660 3745 738">
     <span class='ocr_line' id='line_1_18' title="bbox 2189 660 3745 738; baseline -0.005 -17"><span class='ocrx_word' id='word_1_105' title='bbox 2189 682 2316 737; x_wconf 68' lang='grc' dir='ltr'>γος*</span> <span class='ocrx_word' id='word_1_106' title='bbox 2372 666 2655 738; x_wconf 80' lang='grc' dir='ltr'>ἐμϐρίθεια</span> <span class='ocrx_word' id='word_1_107' title='bbox 2707 665 2762 717; x_wconf 83' lang='grc' dir='ltr'>δὲ</span> <span class='ocrx_word' id='word_1_108' title='bbox 2819 665 2911 717; x_wconf 77' lang='grc' dir='ltr'>καὶ</span> <span class='ocrx_word' id='word_1_109' title='bbox 2967 662 3302 738; x_wconf 75' lang='grc' dir='ltr'>αὑστηρότης</span> <span class='ocrx_word' id='word_1_110' title='bbox 3357 660 3479 714; x_wconf 79' lang='grc' dir='ltr'>καθ’</span> <span class='ocrx_word' id='word_1_111' title='bbox 3531 663 3745 731; x_wconf 64' lang='grc' dir='ltr'>ἑαυτὴν,</span> 
     </span>
    </p>
   </div>
   <div class='ocr_carea' id='block_1_19' title="bbox 2195 751 3749 830">
    <p class='ocr_par' dir='ltr' id='par_1_19' title="bbox 2195 751 3749 830">
     <span class='ocr_line' id='line_1_19' title="bbox 2195 751 3749 830; baseline -0.006 -18"><span class='ocrx_word' id='word_1_112' title='bbox 2195 760 2555 830; x_wconf 79' lang='grc' dir='ltr'><strong>χρηστότητος</strong></span> <span class='ocrx_word' id='word_1_113' title='bbox 2597 755 2916 828; x_wconf 80' lang='grc' dir='ltr'><strong>ἀμοιροῦσα,</strong></span> <span class='ocrx_word' id='word_1_114' title='bbox 2955 753 3088 824; x_wconf 74' lang='grc' dir='ltr'>πρὸς</span> <span class='ocrx_word' id='word_1_115' title='bbox 3134 753 3429 822; x_wconf 78' lang='grc' dir='ltr'>ἀγριότητα</span> <span class='ocrx_word' id='word_1_116' title='bbox 3462 751 3554 804; x_wconf 73' lang='grc' dir='ltr'>καὶ</span> <span class='ocrx_word' id='word_1_117' title='bbox 3581 753 3749 804; x_wconf 77' lang='grc' dir='ltr'>ἀπαν-</span> 
     </span>
    </p>
   </div>
   <div class='ocr_carea' id='block_1_20' title="bbox 2195 843 3745 920">
    <p class='ocr_par' dir='ltr' id='par_1_20' title="bbox 2195 843 3745 920">
     <span class='ocr_line' id='line_1_20' title="bbox 2195 843 3745 920; baseline -0.005 -18"><span class='ocrx_word' id='word_1_118' title='bbox 2195 849 2436 920; x_wconf 82' lang='grc' dir='ltr'>θρωπίαν</span> <span class='ocrx_word' id='word_1_119' title='bbox 2477 849 2598 918; x_wconf 82' lang='grc' dir='ltr'><strong>ὁρᾷ.</strong></span> <span class='ocrx_word' id='word_1_120' title='bbox 2661 847 2922 917; x_wconf 83' lang='grc' dir='ltr'>Ἐκάτερα</span> <span class='ocrx_word' id='word_1_121' title='bbox 2945 845 3000 897; x_wconf 80' lang='grc' dir='ltr'>δὲ</span> <span class='ocrx_word' id='word_1_122' title='bbox 3037 843 3272 896; x_wconf 74' lang='grc' dir='ltr'><strong>παιδεύει</strong></span> <span class='ocrx_word' id='word_1_123' title='bbox 3306 860 3365 894; x_wconf 88' lang='grc' dir='ltr'><strong>τε</strong></span> <span class='ocrx_word' id='word_1_124' title='bbox 3409 843 3500 894; x_wconf 74' lang='grc' dir='ltr'><strong>καὶ</strong></span> <span class='ocrx_word' id='word_1_125' title='bbox 3545 843 3745 911; x_wconf 75' lang='grc' dir='ltr'>ἡδύνει,</span> 
     </span>
    </p>
   </div>
   <div class='ocr_carea' id='block_1_21' title="bbox 2193 933 3741 1011">
    <p class='ocr_par' dir='ltr' id='par_1_21' title="bbox 2193 933 3741 1011">
     <span class='ocr_line' id='line_1_21' title="bbox 2193 933 3741 1011; baseline -0.005 -20"><span class='ocrx_word' id='word_1_126' title='bbox 2193 941 2382 1011; x_wconf 82' lang='grc' dir='ltr'>τέρπει</span> <span class='ocrx_word' id='word_1_127' title='bbox 2423 957 2482 991; x_wconf 88' lang='grc' dir='ltr'><strong>τε</strong></span> <span class='ocrx_word' id='word_1_128' title='bbox 2525 939 2616 992; x_wconf 80' lang='grc' dir='ltr'><strong>καὶ</strong></span> <span class='ocrx_word' id='word_1_129' title='bbox 2665 937 2917 1006; x_wconf 73' lang='grc' dir='ltr'>ἐκφοϐεῖο</span> <span class='ocrx_word' id='word_1_130' title='bbox 2961 934 3344 1003; x_wconf 74' lang='grc' dir='ltr'>ἐπαγγέλλεται</span> <span class='ocrx_word' id='word_1_131' title='bbox 3391 933 3741 1003; x_wconf 76' lang='grc' dir='ltr'>χρηστότητα,</span> 
     </span>
    </p>
   </div>
   <div class='ocr_carea' id='block_1_22' title="bbox 2190 1023 3746 1100">
    <p class='ocr_par' dir='ltr' id='par_1_22' title="bbox 2190 1023 3746 1100">
     <span class='ocr_line' id='line_1_22' title="bbox 2190 1023 3746 1100; baseline -0.006 -17"><span class='ocrx_word' id='word_1_132' title='bbox 2190 1031 2282 1083; x_wconf 77' lang='grc' dir='ltr'><strong>καὶ</strong></span> <span class='ocrx_word' id='word_1_133' title='bbox 2313 1029 2523 1083; x_wconf 84' lang='grc' dir='ltr'>ἀπειλεῖ</span> <span class='ocrx_word' id='word_1_134' title='bbox 2569 1029 2802 1100; x_wconf 69' lang='grc' dir='ltr'>φοϐερά·</span> <span class='ocrx_word' id='word_1_135' title='bbox 2854 1027 3122 1100; x_wconf 83' lang='grc' dir='ltr'>προτείνει</span> <span class='ocrx_word' id='word_1_136' title='bbox 3167 1023 3352 1096; x_wconf 80' lang='grc' dir='ltr'>δώρων</span> <span class='ocrx_word' id='word_1_137' title='bbox 3403 1023 3611 1086; x_wconf 76' lang='grc' dir='ltr'>ἐλπίδα,</span> <span class='ocrx_word' id='word_1_138' title='bbox 3652 1023 3746 1074; x_wconf 73' lang='grc' dir='ltr'><strong>καὶ</strong></span> 
     </span>
    </p>
   </div>
   <div class='ocr_carea' id='block_1_23' title="bbox 2196 1115 3744 1194">
    <p class='ocr_par' dir='ltr' id='par_1_23' title="bbox 2196 1115 3744 1194">
     <span class='ocr_line' id='line_1_23' title="bbox 2196 1115 3744 1194; baseline -0.005 -20"><span class='ocrx_word' id='word_1_139' title='bbox 2196 1123 2582 1194; x_wconf 81' lang='grc' dir='ltr'>παραδείκνυσι</span> <span class='ocrx_word' id='word_1_140' title='bbox 2625 1121 2899 1192; x_wconf 82' lang='grc' dir='ltr'><strong>τιμωριῶν</strong></span> <span class='ocrx_word' id='word_1_141' title='bbox 2942 1119 3178 1173; x_wconf 84' lang='grc' dir='ltr'>κίνδυνον</span> <span class='ocrx_word' id='word_1_142' title='bbox 3199 1135 3212 1147; x_wconf 91' lang='grc'><strong>·</strong></span> <span class='ocrx_word' id='word_1_143' title='bbox 3253 1115 3324 1182; x_wconf 80' lang='grc' dir='ltr'>ὡς</span> <span class='ocrx_word' id='word_1_144' title='bbox 3349 1115 3416 1170; x_wconf 69' lang='grc' dir='ltr'>ἂν</span> <span class='ocrx_word' id='word_1_145' title='bbox 3440 1119 3467 1170; x_wconf 84' lang='grc' dir='ltr'><strong>ό</strong></span> <span class='ocrx_word' id='word_1_146' title='bbox 3497 1116 3744 1185; x_wconf 66' lang='grc' dir='ltr'>λογισμὸς</span> 
     </span>
    </p>
   </div>
   <div class='ocr_carea' id='block_1_24' title="bbox 2190 1205 3747 1282">
    <p class='ocr_par' dir='ltr' id='par_1_24' title="bbox 2190 1205 3747 1282">
     <span class='ocr_line' id='line_1_24' title="bbox 2190 1205 3747 1282; baseline -0.005 -17"><span class='ocrx_word' id='word_1_147' title='bbox 2190 1214 2296 1266; x_wconf 89' lang='grc' dir='ltr'><strong>τῶν</strong></span> <span class='ocrx_word' id='word_1_148' title='bbox 2349 1213 2438 1266; x_wconf 72' lang='grc' dir='ltr'>ἐπὶ</span> <span class='ocrx_word' id='word_1_149' title='bbox 2484 1213 2588 1282; x_wconf 84' lang='grc' dir='ltr'><strong>γῆς</strong></span> <span class='ocrx_word' id='word_1_150' title='bbox 2637 1211 3060 1280; x_wconf 81' lang='grc' dir='ltr'>πολιτευομένων</span> <span class='ocrx_word' id='word_1_151' title='bbox 3121 1209 3255 1279; x_wconf 78' lang='grc' dir='ltr'>μήτε</span> <span class='ocrx_word' id='word_1_152' title='bbox 3303 1207 3594 1277; x_wconf 77' lang='grc' dir='ltr'>χαυνότητι</span> <span class='ocrx_word' id='word_1_153' title='bbox 3649 1205 3747 1258; x_wconf 75' lang='grc' dir='ltr'><strong>τῶν</strong></span> 
     </span>
    </p>
   </div>
   <div class='ocr_carea' id='block_1_25' title="bbox 2190 1289 3747 1372">
    <p class='ocr_par' dir='ltr' id='par_1_25' title="bbox 2190 1289 3747 1372">
     <span class='ocr_line' id='line_1_25' title="bbox 2190 1289 3747 1372; baseline -0.005 -18"><span class='ocrx_word' id='word_1_154' title='bbox 2190 1302 2359 1372; x_wconf 73' lang='grc' dir='ltr'>ἡδέων</span> <span class='ocrx_word' id='word_1_155' title='bbox 2391 1289 2799 1372; x_wconf 85' lang='grc' dir='ltr'>καταϐαπτισθῇ</span> <span class='ocrx_word' id='word_1_156' title='bbox 2845 1300 2977 1369; x_wconf 72' lang='grc' dir='ltr'>πρδς</span> <span class='ocrx_word' id='word_1_157' title='bbox 3013 1299 3244 1368; x_wconf 82' lang='grc' dir='ltr'>ἄμετρον</span> <span class='ocrx_word' id='word_1_158' title='bbox 3277 1296 3578 1369; x_wconf 66' lang='grc' dir='ltr'>ῥᾳστώνην,</span> <span class='ocrx_word' id='word_1_159' title='bbox 3618 1298 3747 1366; x_wconf 79' lang='grc' dir='ltr'>μήτε</span> 
     </span>
    </p>
   </div>
   <div class='ocr_carea' id='block_1_26' title="bbox 2189 1387 3744 1462">
    <p class='ocr_par' dir='ltr' id='par_1_26' title="bbox 2189 1387 3744 1462">
     <span class='ocr_line' id='line_1_26' title="bbox 2189 1387 3744 1462; baseline -0.006 -16"><span class='ocrx_word' id='word_1_160' title='bbox 2189 1392 2514 1462; x_wconf 81' lang='grc' dir='ltr'>ἀδιαλείπτῳ</span> <span class='ocrx_word' id='word_1_161' title='bbox 2552 1391 2658 1444; x_wconf 88' lang='grc' dir='ltr'>δέει</span> <span class='ocrx_word' id='word_1_162' title='bbox 2695 1391 2801 1444; x_wconf 88' lang='grc' dir='ltr'><strong>τῶν</strong></span> <span class='ocrx_word' id='word_1_163' title='bbox 2841 1391 3020 1460; x_wconf 75' lang='grc' dir='ltr'>φόϐων</span> <span class='ocrx_word' id='word_1_164' title='bbox 3064 1389 3408 1456; x_wconf 76' lang='grc' dir='ltr'>διεκπλαγεὶς</span> <span class='ocrx_word' id='word_1_165' title='bbox 3449 1387 3707 1458; x_wconf 73' lang='grc' dir='ltr'>πληρωθῇ</span> <span class='ocrx_word' id='word_1_166' title='bbox 3730 1406 3744 1416; x_wconf 89' lang='grc'><strong>·</strong></span> 
     </span>
    </p>
   </div>
   <div class='ocr_carea' id='block_1_27' title="bbox 2189 1478 3750 1555">
    <p class='ocr_par' dir='ltr' id='par_1_27' title="bbox 2189 1478 3750 1555">
     <span class='ocr_line' id='line_1_27' title="bbox 2189 1478 3750 1555; baseline -0.004 -17"><span class='ocrx_word' id='word_1_167' title='bbox 2189 1485 2303 1538; x_wconf 80' lang='grc' dir='ltr'>ἀλλ’</span> <span class='ocrx_word' id='word_1_168' title='bbox 2340 1483 2677 1555; x_wconf 83' lang='grc' dir='ltr'>ἑκατέρωθεν</span> <span class='ocrx_word' id='word_1_169' title='bbox 2725 1485 2957 1554; x_wconf 84' lang='grc' dir='ltr'>μετρίως</span> <span class='ocrx_word' id='word_1_170' title='bbox 2993 1482 3379 1552; x_wconf 73' lang='grc' dir='ltr'><strong>παιδαγωγηθῇ</strong></span> <span class='ocrx_word' id='word_1_171' title='bbox 3421 1481 3557 1552; x_wconf 80' lang='grc' dir='ltr'>πρὸς</span> <span class='ocrx_word' id='word_1_172' title='bbox 3591 1478 3750 1534; x_wconf 58' lang='lat' dir='ltr'><strong>alii-</strong></span> 
     </span>
    </p>
   </div>
   <div class='ocr_carea' id='block_1_28' title="bbox 2191 1577 2775 1650">
    <p class='ocr_par' dir='ltr' id='par_1_28' title="bbox 2191 1577 2775 1650">
     <span class='ocr_line' id='line_1_28' title="bbox 2191 1577 2775 1650; baseline 0.005 -22"><span class='ocrx_word' id='word_1_173' title='bbox 2191 1577 2340 1630; x_wconf 89' lang='grc' dir='ltr'>ϐειάν</span> <span class='ocrx_word' id='word_1_174' title='bbox 2363 1595 2419 1630; x_wconf 91' lang='grc' dir='ltr'><strong>τε</strong></span> <span class='ocrx_word' id='word_1_175' title='bbox 2444 1579 2534 1631; x_wconf 77' lang='grc' dir='ltr'>καὶ</span> <span class='ocrx_word' id='word_1_176' title='bbox 2558 1579 2775 1650; x_wconf 81' lang='grc' dir='ltr'>ἀρετήν.</span> 
     </span>
    </p>
   </div>
   <div class='ocr_carea' id='block_1_29' title="bbox 549 1701 3732 1730">
    <p class='ocr_par' dir='ltr' id='par_1_29' title="bbox 549 1701 3732 1730">
     <span class='ocr_line' id='line_1_29' title="bbox 549 1701 3732 1730; baseline -0.002 -3"><span class='ocrx_word' id='word_1_177' title='bbox 549 1701 3732 1730; x_wconf 61' lang='lat' dir='ltr'>W</span> 
     </span>
    </p>
   </div>
   <div class='ocr_carea' id='block_1_30' title="bbox 1483 1859 2801 1922">
    <p class='ocr_par' dir='ltr' id='par_1_30' title="bbox 1483 1859 2801 1922">
     <span class='ocr_line' id='line_1_30' title="bbox 1483 1859 2801 1922; baseline 0 -4"><span class='ocrx_word' id='word_1_178' title='bbox 1483 1859 1910 1921; x_wconf 70' lang='lat' dir='ltr'><strong>PREFATIO</strong></span> <span class='ocrx_word' id='word_1_179' title='bbox 1952 1861 2034 1922; x_wconf 85' lang='lat' dir='ltr'><strong>IN</strong></span> <span class='ocrx_word' id='word_1_180' title='bbox 2077 1861 2377 1922; x_wconf 80' lang='lat' dir='ltr'><strong>LIBRUM</strong></span> <span class='ocrx_word' id='word_1_181' title='bbox 2420 1859 2801 1920; x_wconf 78' lang='lat' dir='ltr'><strong>TERTIUM.</strong></span> 
     </span>
    </p>
   </div>
   <div class='ocr_carea' id='block_1_31' title="bbox 601 2021 2077 2098">
    <p class='ocr_par' dir='ltr' id='par_1_31' title="bbox 601 2023 2077 2096">
     <span class='ocr_line' id='line_1_31' title="bbox 601 2023 2077 2096; baseline 0 -16"><span class='ocrx_word' id='word_1_182' title='bbox 601 2025 732 2092; x_wconf 69' lang='lat' dir='ltr'><strong>Quae</strong></span> <span class='ocrx_word' id='word_1_183' title='bbox 761 2023 1131 2094; x_wconf 85' lang='lat' dir='ltr'><strong>superioribus</strong></span> <span class='ocrx_word' id='word_1_184' title='bbox 1158 2023 1308 2077; x_wconf 90' lang='lat' dir='ltr'><strong>libris</strong></span> <span class='ocrx_word' id='word_1_185' title='bbox 1337 2030 1451 2077; x_wconf 91' lang='lat' dir='ltr'><strong>tum</strong></span> <span class='ocrx_word' id='word_1_186' title='bbox 1484 2038 1550 2077; x_wconf 79' lang='lat' dir='ltr'><strong>ex</strong></span> <span class='ocrx_word' id='word_1_187' title='bbox 1581 2025 1744 2080; x_wconf 89' lang='lat' dir='ltr'><strong>rebus</strong></span> <span class='ocrx_word' id='word_1_188' title='bbox 1773 2027 1936 2096; x_wconf 86' lang='lat' dir='ltr'><strong>ipsis,</strong></span> <span class='ocrx_word' id='word_1_189' title='bbox 1970 2034 2077 2081; x_wconf 90' lang='lat' dir='ltr'><strong>tum</strong></span> 
     </span>
    </p>
   </div>
   <div class='ocr_carea' id='block_1_32' title="bbox 2179 2021 3754 2098">
    <p class='ocr_par' dir='ltr' id='par_1_32' title="bbox 2256 2021 3754 2098">
     <span class='ocr_line' id='line_1_32' title="bbox 2256 2021 3754 2098; baseline -0.003 -18"><span class='ocrx_word' id='word_1_190' title='bbox 2256 2026 2334 2080; x_wconf 86' lang='grc' dir='ltr'><strong>Τὰ</strong></span> <span class='ocrx_word' id='word_1_191' title='bbox 2367 2027 2467 2098; x_wconf 78' lang='grc' dir='ltr'><strong>μὲν</strong></span> <span class='ocrx_word' id='word_1_192' title='bbox 2493 2021 2585 2080; x_wconf 82' lang='grc' dir='ltr'><strong>οῦν</strong></span> <span class='ocrx_word' id='word_1_193' title='bbox 2608 2025 2876 2097; x_wconf 76' lang='grc' dir='ltr'>ἔμπροθεν</span> <span class='ocrx_word' id='word_1_194' title='bbox 2897 2024 2958 2078; x_wconf 81' lang='grc' dir='ltr'>ἔκ</span> <span class='ocrx_word' id='word_1_195' title='bbox 2984 2041 3042 2077; x_wconf 90' lang='grc' dir='ltr'><strong>τε</strong></span> <span class='ocrx_word' id='word_1_196' title='bbox 3070 2025 3176 2076; x_wconf 88' lang='grc' dir='ltr'><strong>τῶν</strong></span> <span class='ocrx_word' id='word_1_197' title='bbox 3198 2025 3543 2095; x_wconf 74' lang='grc' dir='ltr'>πραγμάτων</span> <span class='ocrx_word' id='word_1_198' title='bbox 3574 2029 3754 2083; x_wconf 72' lang='grc' dir='ltr'>αὐτῶν</span> 
     </span>
    </p>
   </div>
   <div class='ocr_carea' id='block_1_33' title="bbox 532 2105 2087 2183">
    <p class='ocr_par' dir='ltr' id='par_1_33' title="bbox 532 2105 2087 2183">
     <span class='ocr_line' id='line_1_33' title="bbox 532 2105 2087 2183; baseline 0.002 -11"><span class='ocrx_word' id='word_1_199' title='bbox 532 2135 597 2173; x_wconf 80' lang='lat' dir='ltr'><strong>ex</strong></span> <span class='ocrx_word' id='word_1_200' title='bbox 644 2117 1024 2172; x_wconf 88' lang='lat' dir='ltr'><strong>communibus</strong></span> <span class='ocrx_word' id='word_1_201' title='bbox 1072 2105 1387 2171; x_wconf 89' lang='lat' dir='ltr'><strong>notionibus</strong></span> <span class='ocrx_word' id='word_1_202' title='bbox 1434 2115 1579 2170; x_wconf 88' lang='lat' dir='ltr'><strong>dicta</strong></span> <span class='ocrx_word' id='word_1_203' title='bbox 1627 2127 1789 2183; x_wconf 85' lang='lat' dir='ltr'><strong>sunt,</strong></span> <span class='ocrx_word' id='word_1_204' title='bbox 1837 2117 2087 2175; x_wconf 80' lang='lat' dir='ltr'><strong>fortassis</strong></span> 
     </span>
    </p>
   </div>
   <div class='ocr_carea' id='block_1_34' title="bbox 529 2205 2087 2278">
    <p class='ocr_par' dir='ltr' id='par_1_34' title="bbox 529 2205 2087 2278">
     <span class='ocr_line' id='line_1_34' title="bbox 529 2205 2087 2278; baseline 0.001 -18"><span class='ocrx_word' id='word_1_205' title='bbox 529 2209 769 2264; x_wconf 89' lang='lat' dir='ltr'><strong>omnium</strong></span> <span class='ocrx_word' id='word_1_206' title='bbox 819 2208 914 2278; x_wconf 86' lang='lat' dir='ltr'><strong>qui</strong></span> <span class='ocrx_word' id='word_1_207' title='bbox 945 2216 1095 2262; x_wconf 89' lang='lat' dir='ltr'><strong>extra</strong></span> <span class='ocrx_word' id='word_1_208' title='bbox 1127 2205 1424 2262; x_wconf 85' lang='lat' dir='ltr'><strong>Ecclesiam</strong></span> <span class='ocrx_word' id='word_1_209' title='bbox 1471 2215 1633 2271; x_wconf 89' lang='lat' dir='ltr'><strong>sunt,</strong></span> <span class='ocrx_word' id='word_1_210' title='bbox 1684 2219 1916 2264; x_wconf 89' lang='lat' dir='ltr'><strong>mentem</strong></span> <span class='ocrx_word' id='word_1_211' title='bbox 1969 2224 2087 2262; x_wconf 90' lang='lat' dir='ltr'><strong>mu-</strong></span> 
     </span>
    </p>
   </div>
   <div class='ocr_carea' id='block_1_35' title="bbox 531 2295 2087 2371">
    <p class='ocr_par' dir='ltr' id='par_1_35' title="bbox 531 2295 2087 2371">
     <span class='ocr_line' id='line_1_35' title="bbox 531 2295 2087 2371; baseline -0.001 -16"><span class='ocrx_word' id='word_1_212' title='bbox 531 2300 649 2356; x_wconf 89' lang='lat' dir='ltr'><strong>nire</strong></span> <span class='ocrx_word' id='word_1_213' title='bbox 677 2307 937 2371; x_wconf 90' lang='lat' dir='ltr'><strong>possunt,</strong></span> <span class='ocrx_word' id='word_1_214' title='bbox 976 2306 1036 2352; x_wconf 89' lang='lat' dir='ltr'><strong>ut</strong></span> <span class='ocrx_word' id='word_1_215' title='bbox 1065 2297 1457 2367; x_wconf 87' lang='lat' dir='ltr'><strong>blasphemiam</strong></span> <span class='ocrx_word' id='word_1_216' title='bbox 1494 2295 1773 2354; x_wconf 69' lang='lat' dir='ltr'><strong>Manichazi</strong></span> <span class='ocrx_word' id='word_1_217' title='bbox 1809 2299 1863 2353; x_wconf 92' lang='lat' dir='ltr'><strong>in</strong></span> <span class='ocrx_word' id='word_1_218' title='bbox 1900 2310 2087 2354; x_wconf 91' lang='lat' dir='ltr'><strong>aucto-</strong></span> 
     </span>
    </p>
   </div>
   <div class='ocr_carea' id='block_1_36' title="bbox 530 2388 2086 2454">
    <p class='ocr_par' dir='ltr' id='par_1_36' title="bbox 530 2388 2086 2454">
     <span class='ocr_line' id='line_1_36' title="bbox 530 2388 2086 2454; baseline 0.001 -9"><span class='ocrx_word' id='word_1_219' title='bbox 530 2407 645 2446; x_wconf 87' lang='lat' dir='ltr'><strong>rem</strong></span> <span class='ocrx_word' id='word_1_220' title='bbox 693 2390 931 2448; x_wconf 81' lang='lat' dir='ltr'><strong>universi</strong></span> <span class='ocrx_word' id='word_1_221' title='bbox 976 2404 1082 2445; x_wconf 91' lang='lat' dir='ltr'><strong>non</strong></span> <span class='ocrx_word' id='word_1_222' title='bbox 1130 2389 1436 2444; x_wconf 83' lang='lat' dir='ltr'><strong>admittant.</strong></span> <span class='ocrx_word' id='word_1_223' title='bbox 1482 2388 1618 2454; x_wconf 86' lang='lat' dir='ltr'><strong>Quia</strong></span> <span class='ocrx_word' id='word_1_224' title='bbox 1651 2406 1778 2445; x_wconf 88' lang='lat' dir='ltr'><strong>vero</strong></span> <span class='ocrx_word' id='word_1_225' title='bbox 1806 2391 1966 2445; x_wconf 91' lang='lat' dir='ltr'><strong>aliam</strong></span> <span class='ocrx_word' id='word_1_226' title='bbox 1996 2406 2086 2446; x_wconf 85' lang='lat' dir='ltr'><strong>ve-</strong></span> 
     </span>
    </p>
   </div>
   <div class='ocr_carea' id='block_1_37' title="bbox 527 2479 2081 2552">
    <p class='ocr_par' dir='ltr' id='par_1_37' title="bbox 527 2479 2081 2552">
     <span class='ocr_line' id='line_1_37' title="bbox 527 2479 2081 2552; baseline -0.002 -15"><span class='ocrx_word' id='word_1_227' title='bbox 527 2484 800 2540; x_wconf 87' lang='lat' dir='ltr'><strong>nationem</strong></span> <span class='ocrx_word' id='word_1_228' title='bbox 846 2489 1036 2536; x_wconf 90' lang='lat' dir='ltr'><strong>contra</strong></span> <span class='ocrx_word' id='word_1_229' title='bbox 1091 2496 1185 2537; x_wconf 91' lang='lat' dir='ltr'><strong>eos</strong></span> <span class='ocrx_word' id='word_1_230' title='bbox 1223 2481 1316 2552; x_wconf 91' lang='lat' dir='ltr'><strong>qui</strong></span> <span class='ocrx_word' id='word_1_231' title='bbox 1359 2483 1501 2536; x_wconf 91' lang='lat' dir='ltr'><strong>intra</strong></span> <span class='ocrx_word' id='word_1_232' title='bbox 1546 2479 1847 2537; x_wconf 84' lang='lat' dir='ltr'><strong>Ecclesiam</strong></span> <span class='ocrx_word' id='word_1_233' title='bbox 1925 2490 2081 2545; x_wconf 86' lang='lat' dir='ltr'><strong>sunt,</strong></span> 
     </span>
    </p>
   </div>
   <div class='ocr_carea' id='block_1_38' title="bbox 528 2570 2082 2643">
    <p class='ocr_par' dir='ltr' id='par_1_38' title="bbox 528 2570 2082 2643">
     <span class='ocr_line' id='line_1_38' title="bbox 528 2570 2082 2643; baseline -0.001 -17"><span class='ocrx_word' id='word_1_234' title='bbox 528 2587 746 2642; x_wconf 86' lang='lat' dir='ltr'><strong>gravem</strong></span> <span class='ocrx_word' id='word_1_235' title='bbox 773 2571 990 2643; x_wconf 89' lang='lat' dir='ltr'><strong>quidem</strong></span> <span class='ocrx_word' id='word_1_236' title='bbox 1018 2570 1162 2626; x_wconf 89' lang='lat' dir='ltr'><strong>illam</strong></span> <span class='ocrx_word' id='word_1_237' title='bbox 1187 2578 1243 2625; x_wconf 90' lang='lat' dir='ltr'><strong>et</strong></span> <span class='ocrx_word' id='word_1_238' title='bbox 1269 2571 1627 2641; x_wconf 88' lang='lat' dir='ltr'><strong>periculosam</strong></span> <span class='ocrx_word' id='word_1_239' title='bbox 1657 2573 1950 2628; x_wconf 89' lang='lat' dir='ltr'><strong>meditatus</strong></span> <span class='ocrx_word' id='word_1_240' title='bbox 1979 2584 2082 2636; x_wconf 86' lang='lat' dir='ltr'><strong>est,</strong></span> 
     </span>
    </p>
   </div>
   <div class='ocr_carea' id='block_1_39' title="bbox 525 2662 2081 2733">
    <p class='ocr_par' dir='ltr' id='par_1_39' title="bbox 525 2662 2081 2733">
     <span class='ocr_line' id='line_1_39' title="bbox 525 2662 2081 2733; baseline 0.001 -18"><span class='ocrx_word' id='word_1_241' title='bbox 525 2664 770 2733; x_wconf 73' lang='lat' dir='ltr'><strong>qumdam</strong></span> <span class='ocrx_word' id='word_1_242' title='bbox 798 2665 851 2718; x_wconf 91' lang='lat' dir='ltr'><strong>in</strong></span> <span class='ocrx_word' id='word_1_243' title='bbox 875 2663 1170 2733; x_wconf 89' lang='lat' dir='ltr'><strong>Scripturis</strong></span> <span class='ocrx_word' id='word_1_244' title='bbox 1199 2663 1403 2718; x_wconf 83' lang='lat' dir='ltr'><strong>sanctis</strong></span> <span class='ocrx_word' id='word_1_245' title='bbox 1436 2662 1581 2717; x_wconf 90' lang='lat' dir='ltr'><strong>dicta</strong></span> <span class='ocrx_word' id='word_1_246' title='bbox 1611 2663 1677 2717; x_wconf 91' lang='lat' dir='ltr'><strong>ad</strong></span> <span class='ocrx_word' id='word_1_247' title='bbox 1707 2678 1861 2719; x_wconf 90' lang='lat' dir='ltr'><strong>suam</strong></span> <span class='ocrx_word' id='word_1_248' title='bbox 1894 2663 2081 2717; x_wconf 78' lang='lat' dir='ltr'><strong>falsam</strong></span> 
     </span>
    </p>
   </div>
   <div class='ocr_carea' id='block_1_40' title="bbox 527 2754 2082 2825">
    <p class='ocr_par' dir='ltr' id='par_1_40' title="bbox 527 2754 2082 2825">
     <span class='ocr_line' id='line_1_40' title="bbox 527 2754 2082 2825; baseline 0 -17"><span class='ocrx_word' id='word_1_249' title='bbox 527 2757 834 2810; x_wconf 80' lang='lat' dir='ltr'><strong>doctrinam</strong></span> <span class='ocrx_word' id='word_1_250' title='bbox 867 2769 962 2825; x_wconf 86' lang='lat' dir='ltr'><strong>per</strong></span> <span class='ocrx_word' id='word_1_251' title='bbox 992 2755 1099 2808; x_wconf 93' lang='lat' dir='ltr'><strong>vim</strong></span> <span class='ocrx_word' id='word_1_252' title='bbox 1128 2754 1456 2823; x_wconf 87' lang='lat' dir='ltr'><strong>detorquens</strong></span> <span class='ocrx_word' id='word_1_253' title='bbox 1483 2772 1496 2808; x_wconf 92' lang='lat'><strong>:</strong></span> <span class='ocrx_word' id='word_1_254' title='bbox 1532 2761 1746 2824; x_wconf 90' lang='lat' dir='ltr'><strong>tempus</strong></span> <span class='ocrx_word' id='word_1_255' title='bbox 1774 2763 1857 2809; x_wconf 92' lang='lat' dir='ltr'><strong>est</strong></span> <span class='ocrx_word' id='word_1_256' title='bbox 1884 2795 1898 2816; x_wconf 89' lang='lat'><strong>,</strong></span> <span class='ocrx_word' id='word_1_257' title='bbox 1932 2764 1989 2809; x_wconf 92' lang='lat' dir='ltr'><strong>ut</strong></span> <span class='ocrx_word' id='word_1_258' title='bbox 2017 2772 2082 2810; x_wconf 78' lang='lat' dir='ltr'><strong>ex</strong></span> 
     </span>
    </p>
   </div>
   <div class='ocr_carea' id='block_1_41' title="bbox 527 2842 2080 2916">
    <p class='ocr_par' dir='ltr' id='par_1_41' title="bbox 527 2842 2080 2916">
     <span class='ocr_line' id='line_1_41' title="bbox 527 2842 2080 2916; baseline 0.001 -17"><span class='ocrx_word' id='word_1_259' title='bbox 527 2845 726 2901; x_wconf 89' lang='lat' dir='ltr'><strong>divinis</strong></span> <span class='ocrx_word' id='word_1_260' title='bbox 761 2843 1058 2914; x_wconf 90' lang='lat' dir='ltr'><strong>Scripturis</strong></span> <span class='ocrx_word' id='word_1_261' title='bbox 1089 2842 1490 2900; x_wconf 83' lang='lat' dir='ltr'><strong>eonfutationes</strong></span> <span class='ocrx_word' id='word_1_262' title='bbox 1523 2855 1713 2898; x_wconf 88' lang='lat' dir='ltr'><strong>contra</strong></span> <span class='ocrx_word' id='word_1_263' title='bbox 1747 2859 1868 2899; x_wconf 92' lang='lat' dir='ltr'><strong>eum</strong></span> <span class='ocrx_word' id='word_1_264' title='bbox 1911 2847 2080 2916; x_wconf 82' lang='lat' dir='ltr'><strong>agite-</strong></span> 
     </span>
    </p>
   </div>
   <div class='ocr_carea' id='block_1_42' title="bbox 530 2929 2081 3002">
    <p class='ocr_par' dir='ltr' id='par_1_42' title="bbox 530 2929 2081 3002">
     <span class='ocr_line' id='line_1_42' title="bbox 530 2929 2081 3002; baseline 0.001 -16"><span class='ocrx_word' id='word_1_265' title='bbox 530 2946 690 2998; x_wconf 87' lang='lat' dir='ltr'><strong>mus,</strong></span> <span class='ocrx_word' id='word_1_266' title='bbox 725 2931 792 2985; x_wconf 88' lang='lat' dir='ltr'><strong>ad</strong></span> <span class='ocrx_word' id='word_1_267' title='bbox 823 2931 1174 2986; x_wconf 89' lang='lat' dir='ltr'><strong>muniendum</strong></span> <span class='ocrx_word' id='word_1_268' title='bbox 1206 2945 1302 2986; x_wconf 90' lang='lat' dir='ltr'><strong>eos</strong></span> <span class='ocrx_word' id='word_1_269' title='bbox 1331 2933 1422 3002; x_wconf 90' lang='lat' dir='ltr'><strong>qui</strong></span> <span class='ocrx_word' id='word_1_270' title='bbox 1455 2932 1587 3002; x_wconf 91' lang='lat' dir='ltr'><strong>ipsis</strong></span> <span class='ocrx_word' id='word_1_271' title='bbox 1623 2929 1918 3002; x_wconf 85' lang='lat' dir='ltr'><strong>Scripturis</strong></span> <span class='ocrx_word' id='word_1_272' title='bbox 1955 2949 2081 2989; x_wconf 85' lang='lat' dir='ltr'><strong>san-</strong></span> 
     </span>
    </p>
   </div>
   <div class='ocr_carea' id='block_1_43' title="bbox 526 3019 2076 3091">
    <p class='ocr_par' dir='ltr' id='par_1_43' title="bbox 526 3019 2076 3091">
     <span class='ocr_line' id='line_1_43' title="bbox 526 3019 2076 3091; baseline 0.003 -17"><span class='ocrx_word' id='word_1_273' title='bbox 526 3025 628 3077; x_wconf 72' lang='lat' dir='ltr'><strong>ctis</strong></span> <span class='ocrx_word' id='word_1_274' title='bbox 660 3020 910 3085; x_wconf 89' lang='lat' dir='ltr'><strong>credunt,</strong></span> <span class='ocrx_word' id='word_1_275' title='bbox 933 3020 1026 3091; x_wconf 90' lang='lat' dir='ltr'><strong>qui</strong></span> <span class='ocrx_word' id='word_1_276' title='bbox 1053 3019 1304 3077; x_wconf 85' lang='lat' dir='ltr'><strong>absurdis</strong></span> <span class='ocrx_word' id='word_1_277' title='bbox 1333 3030 1387 3076; x_wconf 91' lang='lat' dir='ltr'><strong>et</strong></span> <span class='ocrx_word' id='word_1_278' title='bbox 1415 3021 1863 3090; x_wconf 89' lang='lat' dir='ltr'><strong>improbabilibus</strong></span> <span class='ocrx_word' id='word_1_279' title='bbox 1891 3039 2076 3078; x_wconf 91' lang='lat' dir='ltr'><strong>earnm</strong></span> 
     </span>
    </p>
   </div>
   <div class='ocr_carea' id='block_1_44' title="bbox 527 3113 2076 3185">
    <p class='ocr_par' dir='ltr' id='par_1_44' title="bbox 527 3113 2076 3185">
     <span class='ocr_line' id='line_1_44' title="bbox 527 3113 2076 3185; baseline 0.001 -17"><span class='ocrx_word' id='word_1_280' title='bbox 527 3113 1068 3185; x_wconf 86' lang='lat' dir='ltr'><strong>interpretationibus</strong></span> <span class='ocrx_word' id='word_1_281' title='bbox 1115 3114 1384 3168; x_wconf 91' lang='lat' dir='ltr'><strong>interdum</strong></span> <span class='ocrx_word' id='word_1_282' title='bbox 1436 3114 1506 3170; x_wconf 89' lang='lat' dir='ltr'><strong>ab</strong></span> <span class='ocrx_word' id='word_1_283' title='bbox 1547 3115 1641 3170; x_wconf 92' lang='lat' dir='ltr'><strong>illo</strong></span> <span class='ocrx_word' id='word_1_284' title='bbox 1692 3113 2076 3185; x_wconf 89' lang='lat' dir='ltr'><strong>decipiuntur;</strong></span> 
     </span>
    </p>
   </div>
   <div class='ocr_carea' id='block_1_45' title="bbox 524 3204 2079 3277">
    <p class='ocr_par' dir='ltr' id='par_1_45' title="bbox 524 3204 2079 3277">
     <span class='ocr_line' id='line_1_45' title="bbox 524 3204 2079 3277; baseline 0.002 -17"><span class='ocrx_word' id='word_1_285' title='bbox 524 3206 679 3261; x_wconf 88' lang='lat' dir='ltr'><strong>vario</strong></span> <span class='ocrx_word' id='word_1_286' title='bbox 700 3205 845 3262; x_wconf 87' lang='lat' dir='ltr'><strong>enim</strong></span> <span class='ocrx_word' id='word_1_287' title='bbox 875 3204 1090 3260; x_wconf 84' lang='lat' dir='ltr'><strong>fallendi</strong></span> <span class='ocrx_word' id='word_1_288' title='bbox 1120 3205 1349 3260; x_wconf 82' lang='lat' dir='ltr'><strong>artiﬁcio</strong></span> <span class='ocrx_word' id='word_1_289' title='bbox 1377 3221 1614 3261; x_wconf 88' lang='lat' dir='ltr'><strong>errorem</strong></span> <span class='ocrx_word' id='word_1_290' title='bbox 1644 3221 1801 3277; x_wconf 91' lang='lat' dir='ltr'><strong>quem</strong></span> <span class='ocrx_word' id='word_1_291' title='bbox 1833 3207 2079 3277; x_wconf 73' lang='lat' dir='ltr'><strong>adiutore</strong></span> 
     </span>
    </p>
   </div>
   <div class='ocr_carea' id='block_1_46' title="bbox 524 3299 2078 3369">
    <p class='ocr_par' dir='ltr' id='par_1_46' title="bbox 524 3299 2078 3369">
     <span class='ocr_line' id='line_1_46' title="bbox 524 3299 2078 3369; baseline 0.001 -17"><span class='ocrx_word' id='word_1_292' title='bbox 524 3299 739 3354; x_wconf 88' lang='lat' dir='ltr'><strong>diabolo</strong></span> <span class='ocrx_word' id='word_1_293' title='bbox 761 3299 1081 3369; x_wconf 77' lang='lat' dir='ltr'><strong>excogitavit</strong></span> <span class='ocrx_word' id='word_1_294' title='bbox 1103 3339 1118 3361; x_wconf 84' lang='lat'><strong>,</strong></span> <span class='ocrx_word' id='word_1_295' title='bbox 1157 3299 1372 3354; x_wconf 86' lang='lat' dir='ltr'><strong>ﬁrmare</strong></span> <span class='ocrx_word' id='word_1_296' title='bbox 1399 3299 1630 3365; x_wconf 88' lang='lat' dir='ltr'><strong>nititur;</strong></span> <span class='ocrx_word' id='word_1_297' title='bbox 1671 3299 1814 3369; x_wconf 90' lang='lat' dir='ltr'><strong>apud</strong></span> <span class='ocrx_word' id='word_1_298' title='bbox 1849 3299 2078 3369; x_wconf 81' lang='lat' dir='ltr'><strong>gentiles</strong></span> 
     </span>
    </p>
   </div>
   <div class='ocr_carea' id='block_1_47' title="bbox 2188 2113 3751 2186">
    <p class='ocr_par' dir='ltr' id='par_1_47' title="bbox 2188 2113 3751 2186">
     <span class='ocr_line' id='line_1_47' title="bbox 2188 2113 3751 2186; baseline 0.002 -17"><span class='ocrx_word' id='word_1_299' title='bbox 2188 2119 2280 2170; x_wconf 81' lang='grc' dir='ltr'><strong>καὶ</strong></span> <span class='ocrx_word' id='word_1_300' title='bbox 2300 2116 2410 2169; x_wconf 87' lang='grc' dir='ltr'><strong>τῶν</strong></span> <span class='ocrx_word' id='word_1_301' title='bbox 2427 2116 2620 2169; x_wconf 84' lang='grc' dir='ltr'>κοινῶν</span> <span class='ocrx_word' id='word_1_302' title='bbox 2645 2115 2986 2186; x_wconf 78' lang='grc' dir='ltr'>ἐννοιῶνεῐρη</span> <span class='ocrx_word' id='word_1_303' title='bbox 2995 2113 3149 2183; x_wconf 89' lang='grc' dir='ltr'>μένα,</span> <span class='ocrx_word' id='word_1_304' title='bbox 3176 2113 3391 2168; x_wconf 83' lang='grc' dir='ltr'>πάντων</span> <span class='ocrx_word' id='word_1_305' title='bbox 3413 2113 3481 2167; x_wconf 84' lang='grc' dir='ltr'><strong>ἂν</strong></span> <span class='ocrx_word' id='word_1_306' title='bbox 3506 2118 3641 2181; x_wconf 77' lang='grc' dir='ltr'>ἴσως</span> <span class='ocrx_word' id='word_1_307' title='bbox 3662 2119 3751 2172; x_wconf 68' lang='grc' dir='ltr'>καὶ</span> 
     </span>
    </p>
   </div>
   <div class='ocr_carea' id='block_1_48' title="bbox 2185 2204 3750 2279">
    <p class='ocr_par' dir='ltr' id='par_1_48' title="bbox 2185 2204 3750 2279">
     <span class='ocr_line' id='line_1_48' title="bbox 2185 2204 3750 2279; baseline -0.001 -16"><span class='ocrx_word' id='word_1_308' title='bbox 2185 2209 2292 2263; x_wconf 89' lang='grc' dir='ltr'><strong>τῶν</strong></span> <span class='ocrx_word' id='word_1_309' title='bbox 2317 2209 2471 2270; x_wconf 80' lang='grc' dir='ltr'>ἐκτὸς</span> <span class='ocrx_word' id='word_1_310' title='bbox 2483 2208 2579 2278; x_wconf 84' lang='grc' dir='ltr'><strong>τῆς</strong></span> <span class='ocrx_word' id='word_1_311' title='bbox 2595 2206 2913 2277; x_wconf 85' lang='grc' dir='ltr'>Ἐκκλησίας</span> <span class='ocrx_word' id='word_1_312' title='bbox 2935 2205 3023 2257; x_wconf 82' lang='grc' dir='ltr'><strong>τὸν</strong></span> <span class='ocrx_word' id='word_1_313' title='bbox 3038 2204 3158 2259; x_wconf 89' lang='grc' dir='ltr'>νοῦν</span> <span class='ocrx_word' id='word_1_314' title='bbox 3171 2205 3547 2274; x_wconf 76' lang='grc' dir='ltr'>ἁσφαλίσαιτο,</span> <span class='ocrx_word' id='word_1_315' title='bbox 3581 2210 3750 2279; x_wconf 76' lang='grc' dir='ltr'>μηδι-</span> 
     </span>
    </p>
   </div>
   <div class='ocr_carea' id='block_1_49' title="bbox 2188 2296 3755 2372">
    <p class='ocr_par' dir='ltr' id='par_1_49' title="bbox 2188 2296 3755 2372">
     <span class='ocr_line' id='line_1_49' title="bbox 2188 2296 3755 2372; baseline -0.002 -19"><span class='ocrx_word' id='word_1_316' title='bbox 2188 2301 2300 2372; x_wconf 81' lang='grc' dir='ltr'><strong>μῶς</strong></span> <span class='ocrx_word' id='word_1_317' title='bbox 2339 2298 2656 2371; x_wconf 77' lang='grc' dir='ltr'>προσίεσθαι</span> <span class='ocrx_word' id='word_1_318' title='bbox 2679 2297 2769 2350; x_wconf 86' lang='grc' dir='ltr'><strong>τοῦ</strong></span> <span class='ocrx_word' id='word_1_319' title='bbox 2791 2297 3061 2358; x_wconf 86' lang='grc' dir='ltr'>Μάνεντος</span> <span class='ocrx_word' id='word_1_320' title='bbox 3083 2296 3179 2366; x_wconf 78' lang='grc' dir='ltr'>τὴν</span> <span class='ocrx_word' id='word_1_321' title='bbox 3205 2296 3344 2348; x_wconf 88' lang='grc' dir='ltr'><strong>κατά</strong></span> <span class='ocrx_word' id='word_1_322' title='bbox 3365 2296 3462 2348; x_wconf 84' lang='grc' dir='ltr'><strong>τοῦ</strong></span> <span class='ocrx_word' id='word_1_323' title='bbox 3488 2301 3755 2369; x_wconf 76' lang='grc' dir='ltr'>Δημιουρ-</span> 
     </span>
    </p>
   </div>
   <div class='ocr_carea' id='block_1_50' title="bbox 2185 2386 3750 2461">
    <p class='ocr_par' dir='ltr' id='par_1_50' title="bbox 2185 2386 3750 2461">
     <span class='ocr_line' id='line_1_50' title="bbox 2185 2386 3750 2461; baseline -0.002 -16"><span class='ocrx_word' id='word_1_324' title='bbox 2185 2393 2281 2461; x_wconf 93' lang='grc' dir='ltr'><strong>γοῦ</strong></span> <span class='ocrx_word' id='word_1_325' title='bbox 2311 2392 2418 2444; x_wconf 86' lang='grc' dir='ltr'><strong>τῶν</strong></span> <span class='ocrx_word' id='word_1_326' title='bbox 2453 2390 2589 2444; x_wconf 80' lang='grc' dir='ltr'>ὅλων</span> <span class='ocrx_word' id='word_1_327' title='bbox 2617 2389 2980 2460; x_wconf 79' lang='grc' dir='ltr'>βλασφημίαν.</span> <span class='ocrx_word' id='word_1_328' title='bbox 3024 2388 3234 2458; x_wconf 77' lang='grc' dir='ltr'>Ἐπειδὴ</span> <span class='ocrx_word' id='word_1_329' title='bbox 3263 2387 3320 2440; x_wconf 80' lang='grc' dir='ltr'>δὲ</span> <span class='ocrx_word' id='word_1_330' title='bbox 3352 2386 3532 2459; x_wconf 75' lang='grc' dir='ltr'>θήραν</span> <span class='ocrx_word' id='word_1_331' title='bbox 3563 2391 3750 2460; x_wconf 79' lang='grc' dir='ltr'>ἑτέραν</span> 
     </span>
    </p>
   </div>
   <div class='ocr_carea' id='block_1_51' title="bbox 2185 2482 3747 2554">
    <p class='ocr_par' dir='ltr' id='par_1_51' title="bbox 2185 2482 3747 2554">
     <span class='ocr_line' id='line_1_51' title="bbox 2185 2482 3747 2554; baseline -0.001 -15"><span class='ocrx_word' id='word_1_332' title='bbox 2185 2485 2322 2539; x_wconf 86' lang='grc' dir='ltr'>κατά</span> <span class='ocrx_word' id='word_1_333' title='bbox 2352 2483 2457 2538; x_wconf 90' lang='grc' dir='ltr'><strong>τῶν</strong></span> <span class='ocrx_word' id='word_1_334' title='bbox 2491 2485 2599 2537; x_wconf 86' lang='grc' dir='ltr'><strong>ἀπὸ</strong></span> <span class='ocrx_word' id='word_1_335' title='bbox 2625 2484 2724 2554; x_wconf 80' lang='grc' dir='ltr'>τῆς</span> <span class='ocrx_word' id='word_1_336' title='bbox 2752 2482 3070 2552; x_wconf 82' lang='grc' dir='ltr'>Ἐκκλησίας</span> <span class='ocrx_word' id='word_1_337' title='bbox 3107 2482 3440 2553; x_wconf 79' lang='grc' dir='ltr'>μεμελέτηκε</span> <span class='ocrx_word' id='word_1_338' title='bbox 3485 2483 3668 2554; x_wconf 75' lang='grc' dir='ltr'>δεινήν</span> <span class='ocrx_word' id='word_1_339' title='bbox 3691 2501 3747 2537; x_wconf 90' lang='grc' dir='ltr'><strong>τε</strong></span> 
     </span>
    </p>
   </div>
   <div class='ocr_carea' id='block_1_52' title="bbox 2185 2573 3749 2647">
    <p class='ocr_par' dir='ltr' id='par_1_52' title="bbox 2185 2573 3749 2647">
     <span class='ocr_line' id='line_1_52' title="bbox 2185 2573 3749 2647; baseline -0.001 -17"><span class='ocrx_word' id='word_1_340' title='bbox 2185 2579 2279 2632; x_wconf 75' lang='grc' dir='ltr'><strong>καὶ</strong></span> <span class='ocrx_word' id='word_1_341' title='bbox 2309 2575 2571 2647; x_wconf 77' lang='grc' dir='ltr'>χαλεπὴν,</span> <span class='ocrx_word' id='word_1_342' title='bbox 2592 2577 2777 2647; x_wconf 78' lang='grc' dir='ltr'>ρἠεις</span> <span class='ocrx_word' id='word_1_343' title='bbox 2804 2573 2954 2638; x_wconf 87' lang='grc' dir='ltr'>τινάς</span> <span class='ocrx_word' id='word_1_344' title='bbox 2986 2575 3091 2627; x_wconf 87' lang='grc' dir='ltr'><strong>τῶν</strong></span> <span class='ocrx_word' id='word_1_345' title='bbox 3111 2574 3279 2642; x_wconf 84' lang='grc' dir='ltr'>ἁγίων</span> <span class='ocrx_word' id='word_1_346' title='bbox 3313 2575 3550 2644; x_wconf 50' lang='grc' dir='ltr'>Γρασῶν</span> <span class='ocrx_word' id='word_1_347' title='bbox 3575 2576 3749 2629; x_wconf 81' lang='grc' dir='ltr'>ἐκϐια-</span> 
     </span>
    </p>
   </div>
   <div class='ocr_carea' id='block_1_53' title="bbox 2183 2665 3741 2739">
    <p class='ocr_par' dir='ltr' id='par_1_53' title="bbox 2183 2665 3741 2739">
     <span class='ocr_line' id='line_1_53' title="bbox 2183 2665 3741 2739; baseline -0.001 -17"><span class='ocrx_word' id='word_1_348' title='bbox 2183 2667 2404 2739; x_wconf 78' lang='grc' dir='ltr'>ζόμενος</span> <span class='ocrx_word' id='word_1_349' title='bbox 2450 2668 2584 2738; x_wconf 76' lang='grc' dir='ltr'>πρὸς</span> <span class='ocrx_word' id='word_1_350' title='bbox 2630 2668 2728 2738; x_wconf 75' lang='grc' dir='ltr'><strong>τὴν</strong></span> <span class='ocrx_word' id='word_1_351' title='bbox 2779 2665 2940 2719; x_wconf 74' lang='grc' dir='ltr'>αὑτοῦ</span> <span class='ocrx_word' id='word_1_352' title='bbox 2981 2665 3364 2734; x_wconf 64' lang='grc' dir='ltr'>ψευδολογίαν·</span> <span class='ocrx_word' id='word_1_353' title='bbox 3407 2666 3529 2738; x_wconf 89' lang='grc' dir='ltr'><strong>ῶρα</strong></span> <span class='ocrx_word' id='word_1_354' title='bbox 3551 2667 3614 2737; x_wconf 81' lang='grc' dir='ltr'>δὴ</span> <span class='ocrx_word' id='word_1_355' title='bbox 3651 2669 3741 2721; x_wconf 77' lang='grc' dir='ltr'>καὶ</span> 
     </span>
    </p>
   </div>
   <div class='ocr_carea' id='block_1_54' title="bbox 2180 2756 3739 2827">
    <p class='ocr_par' dir='ltr' id='par_1_54' title="bbox 2180 2756 3739 2827">
     <span class='ocr_line' id='line_1_54' title="bbox 2180 2756 3739 2827; baseline -0.003 -15"><span class='ocrx_word' id='word_1_356' title='bbox 2180 2760 2306 2823; x_wconf 82' lang='grc' dir='ltr'>τοῦς</span> <span class='ocrx_word' id='word_1_357' title='bbox 2339 2758 2444 2812; x_wconf 81' lang='grc' dir='ltr'><strong>ἀπὸ</strong></span> <span class='ocrx_word' id='word_1_358' title='bbox 2474 2758 2580 2811; x_wconf 87' lang='grc' dir='ltr'><strong>τῶν</strong></span> <span class='ocrx_word' id='word_1_359' title='bbox 2608 2757 2765 2811; x_wconf 87' lang='grc' dir='ltr'>θείων</span> <span class='ocrx_word' id='word_1_360' title='bbox 2791 2757 3018 2827; x_wconf 71' lang='grc' dir='ltr'>Γραφῶν</span> <span class='ocrx_word' id='word_1_361' title='bbox 3047 2756 3296 2826; x_wconf 79' lang='grc' dir='ltr'>ἐλέγχους</span> <span class='ocrx_word' id='word_1_362' title='bbox 3325 2759 3450 2809; x_wconf 76' lang='grc' dir='ltr'>κατ’</span> <span class='ocrx_word' id='word_1_363' title='bbox 3487 2757 3644 2811; x_wconf 74' lang='grc' dir='ltr'>αὗτοῦ</span> <span class='ocrx_word' id='word_1_364' title='bbox 3665 2775 3739 2810; x_wconf 89' lang='grc' dir='ltr'>κι-</span> 
     </span>
    </p>
   </div>
   <div class='ocr_carea' id='block_1_55' title="bbox 2183 2846 3740 2920">
    <p class='ocr_par' dir='ltr' id='par_1_55' title="bbox 2183 2846 3740 2920">
     <span class='ocr_line' id='line_1_55' title="bbox 2183 2846 3740 2920; baseline -0.002 -18"><span class='ocrx_word' id='word_1_365' title='bbox 2183 2850 2364 2919; x_wconf 80' lang='grc' dir='ltr'>νῆσαι,</span> <span class='ocrx_word' id='word_1_366' title='bbox 2382 2849 2517 2920; x_wconf 75' lang='grc' dir='ltr'>πρὸς</span> <span class='ocrx_word' id='word_1_367' title='bbox 2545 2847 2839 2916; x_wconf 80' lang='grc' dir='ltr'>ἀσφάλειαν</span> <span class='ocrx_word' id='word_1_368' title='bbox 2861 2846 2967 2898; x_wconf 81' lang='grc' dir='ltr'><strong>τῶν</strong></span> <span class='ocrx_word' id='word_1_369' title='bbox 2995 2847 3351 2900; x_wconf 86' lang='grc' dir='ltr'>πιστευόντων</span> <span class='ocrx_word' id='word_1_370' title='bbox 3384 2849 3500 2910; x_wconf 79' lang='grc' dir='ltr'>ταῖς</span> <span class='ocrx_word' id='word_1_371' title='bbox 3524 2848 3740 2900; x_wconf 72' lang='grc' dir='ltr'>ἀλλοκό-</span> 
     </span>
    </p>
   </div>
   <div class='ocr_carea' id='block_1_56' title="bbox 2178 2937 3743 3009">
    <p class='ocr_par' dir='ltr' id='par_1_56' title="bbox 2178 2937 3743 3009">
     <span class='ocr_line' id='line_1_56' title="bbox 2178 2937 3743 3009; baseline -0.003 -15"><span class='ocrx_word' id='word_1_372' title='bbox 2178 2959 2289 3006; x_wconf 86' lang='grc' dir='ltr'>τοις</span> <span class='ocrx_word' id='word_1_373' title='bbox 2310 2943 2402 2996; x_wconf 67' lang='grc' dir='ltr'>κα),</span> <span class='ocrx_word' id='word_1_374' title='bbox 2425 2942 2542 2995; x_wconf 89' lang='grc' dir='ltr'>λίαν</span> <span class='ocrx_word' id='word_1_375' title='bbox 2567 2938 2844 3001; x_wconf 82' lang='grc' dir='ltr'>ἀπιθάνοις</span> <span class='ocrx_word' id='word_1_376' title='bbox 2870 2938 3180 3009; x_wconf 78' lang='grc' dir='ltr'>ἑρμηνείαις</span> <span class='ocrx_word' id='word_1_377' title='bbox 3203 2937 3347 2991; x_wconf 78' lang='grc' dir='ltr'>ἔστιν</span> <span class='ocrx_word' id='word_1_378' title='bbox 3367 2939 3454 2991; x_wconf 77' lang='grc' dir='ltr'><strong>ὅτε</strong></span> <span class='ocrx_word' id='word_1_379' title='bbox 3479 2939 3614 3009; x_wconf 71' lang='grc' dir='ltr'>πρὸς</span> <span class='ocrx_word' id='word_1_380' title='bbox 3636 2939 3743 2991; x_wconf 88' lang='grc' dir='ltr'><strong>τῶν</strong></span> 
     </span>
    </p>
   </div>
   <div class='ocr_carea' id='block_1_57' title="bbox 2179 3031 3747 3103">
    <p class='ocr_par' dir='ltr' id='par_1_57' title="bbox 2179 3031 3747 3103">
     <span class='ocr_line' id='line_1_57' title="bbox 2179 3031 3747 3103; baseline -0.003 -16"><span class='ocrx_word' id='word_1_381' title='bbox 2179 3034 2384 3087; x_wconf 83' lang='grc' dir='ltr'>ἐκείνου</span> <span class='ocrx_word' id='word_1_382' title='bbox 2433 3033 2822 3103; x_wconf 81' lang='grc' dir='ltr'>πλανωμένων·</span> <span class='ocrx_word' id='word_1_383' title='bbox 2856 3032 3113 3094; x_wconf 83' lang='grc' dir='ltr'>ποικίλως</span> <span class='ocrx_word' id='word_1_384' title='bbox 3157 3032 3265 3102; x_wconf 85' lang='grc' dir='ltr'><strong>γάρ</strong></span> <span class='ocrx_word' id='word_1_385' title='bbox 3317 3031 3641 3100; x_wconf 69' lang='grc' dir='ltr'>μεθοδεὺων,</span> <span class='ocrx_word' id='word_1_386' title='bbox 3679 3032 3747 3100; x_wconf 70' lang='grc' dir='ltr'>ἦν</span> 
     </span>
    </p>
   </div>
   <div class='ocr_carea' id='block_1_58' title="bbox 2178 3121 3745 3192">
    <p class='ocr_par' dir='ltr' id='par_1_58' title="bbox 2178 3121 3745 3192">
     <span class='ocr_line' id='line_1_58' title="bbox 2178 3121 3745 3192; baseline 0 -18"><span class='ocrx_word' id='word_1_387' title='bbox 2178 3122 2435 3190; x_wconf 79' lang='grc' dir='ltr'>ἐπενόησε</span> <span class='ocrx_word' id='word_1_388' title='bbox 2491 3121 2774 3192; x_wconf 74' lang='grc' dir='ltr'>συνεργείᾳ</span> <span class='ocrx_word' id='word_1_389' title='bbox 2823 3121 2916 3174; x_wconf 91' lang='grc' dir='ltr'><strong>τοῦ</strong></span> <span class='ocrx_word' id='word_1_390' title='bbox 2963 3121 3206 3174; x_wconf 86' lang='grc' dir='ltr'>διαϐόλου</span> <span class='ocrx_word' id='word_1_391' title='bbox 3252 3121 3470 3190; x_wconf 80' lang='grc' dir='ltr'>πλάνην,</span> <span class='ocrx_word' id='word_1_392' title='bbox 3531 3121 3745 3190; x_wconf 75' lang='grc' dir='ltr'>ἰσχύειν</span> 
     </span>
    </p>
   </div>
   <div class='ocr_carea' id='block_1_59' title="bbox 2178 3212 3745 3285">
    <p class='ocr_par' dir='ltr' id='par_1_59' title="bbox 2178 3212 3745 3285">
     <span class='ocr_line' id='line_1_59' title="bbox 2178 3212 3745 3285; baseline -0.001 -19"><span class='ocrx_word' id='word_1_393' title='bbox 2178 3216 2467 3285; x_wconf 70' lang='grc' dir='ltr'><strong>ἐπιχειρεῖ⁸</strong></span> <span class='ocrx_word' id='word_1_394' title='bbox 2510 3215 2636 3284; x_wconf 81' lang='grc' dir='ltr'>παρ’</span> <span class='ocrx_word' id='word_1_395' title='bbox 2668 3213 2888 3283; x_wconf 86' lang='grc' dir='ltr'>Ἕλλησι</span> <span class='ocrx_word' id='word_1_396' title='bbox 2936 3214 3032 3284; x_wconf 82' lang='grc' dir='ltr'>μὲν</span> <span class='ocrx_word' id='word_1_397' title='bbox 3073 3213 3134 3266; x_wconf 83' lang='grc' dir='ltr'><strong>οὐ</strong></span> <span class='ocrx_word' id='word_1_398' title='bbox 3174 3213 3243 3266; x_wconf 85' lang='grc' dir='ltr'><strong>τά</strong></span> <span class='ocrx_word' id='word_1_399' title='bbox 3275 3213 3482 3265; x_wconf 77' lang='grc' dir='ltr'>ἐκείνων</span> <span class='ocrx_word' id='word_1_400' title='bbox 3499 3212 3745 3282; x_wconf 77' lang='grc' dir='ltr'>ἀνατρέ-</span> 
     </span>
    </p>
   </div>
   <div class='ocr_carea' id='block_1_60' title="bbox 2179 3304 3746 3375">
    <p class='ocr_par' dir='ltr' id='par_1_60' title="bbox 2179 3304 3746 3375">
     <span class='ocr_line' id='line_1_60' title="bbox 2179 3304 3746 3375; baseline 0 -17"><span class='ocrx_word' id='word_1_401' title='bbox 2179 3323 2313 3368; x_wconf 83' lang='grc' dir='ltr'>πων,</span> <span class='ocrx_word' id='word_1_402' title='bbox 2329 3304 2396 3358; x_wconf 86' lang='grc' dir='ltr'>τὰ</span> <span class='ocrx_word' id='word_1_403' title='bbox 2418 3305 2473 3358; x_wconf 79' lang='grc' dir='ltr'>δὲ</span> <span class='ocrx_word' id='word_1_404' title='bbox 2506 3305 2707 3359; x_wconf 80' lang='grc' dir='ltr'>ἐλάττω</span> <span class='ocrx_word' id='word_1_405' title='bbox 2733 3304 2877 3358; x_wconf 86' lang='grc' dir='ltr'><strong>κακά</strong></span> <span class='ocrx_word' id='word_1_406' title='bbox 2899 3305 3032 3375; x_wconf 80' lang='grc' dir='ltr'>πρὸς</span> <span class='ocrx_word' id='word_1_407' title='bbox 3055 3304 3547 3375; x_wconf 72' lang='grc' dir='ltr'>μείζονα-ἀσεϐείας</span> <span class='ocrx_word' id='word_1_408' title='bbox 3565 3304 3746 3372; x_wconf 79' lang='grc' dir='ltr'>ϐγκον</span> 
     </span>
    </p>
   </div>
   <div class='ocr_carea' id='block_1_61' title="bbox 525 3365 2077 3470">
    <p class='ocr_par' dir='ltr' id='par_1_61' title="bbox 525 3388 2077 3460">
     <span class='ocr_line' id='line_1_61' title="bbox 525 3388 2077 3460; baseline -0.001 -16"><span class='ocrx_word' id='word_1_409' title='bbox 525 3390 739 3460; x_wconf 81' lang='lat' dir='ltr'><strong>quidem</strong></span> <span class='ocrx_word' id='word_1_410' title='bbox 773 3405 883 3446; x_wconf 87' lang='lat' dir='ltr'><strong>non</strong></span> <span class='ocrx_word' id='word_1_411' title='bbox 933 3389 1185 3444; x_wconf 82' lang='lat' dir='ltr'><strong>refellens</strong></span> <span class='ocrx_word' id='word_1_412' title='bbox 1220 3389 1434 3444; x_wconf 91' lang='lat' dir='ltr'><strong>illorum</strong></span> <span class='ocrx_word' id='word_1_413' title='bbox 1467 3388 1754 3460; x_wconf 86' lang='lat' dir='ltr'><strong>dogmata:</strong></span> <span class='ocrx_word' id='word_1_414' title='bbox 1793 3404 1914 3460; x_wconf 65' lang='lat' dir='ltr'><strong>qua:</strong></span> <span class='ocrx_word' id='word_1_415' title='bbox 1951 3405 2077 3444; x_wconf 86' lang='lat' dir='ltr'><strong>vero</strong></span> 
     </span>
    </p>
   </div>
   <div class='ocr_carea' id='block_1_62' title="bbox 2179 3365 3604 3470">
    <p class='ocr_par' dir='ltr' id='par_1_62' title="bbox 2180 3365 3604 3470">
     <span class='ocr_line' id='line_1_62' title="bbox 2180 3365 3604 3470; baseline 0 -20"><span class='ocrx_word' id='word_1_416' title='bbox 2180 3365 2432 3468; x_wconf 73' lang='grc' dir='ltr'>ἐξαίρων.</span> <span class='ocrx_word' id='word_1_417' title='bbox 2467 3397 2896 3470; x_wconf 87' lang='grc' dir='ltr'>κακοηθέστερον</span> <span class='ocrx_word' id='word_1_418' title='bbox 2937 3365 3284 3470; x_wconf 42' lang='grc' dir='ltr'>ίελληνισμὸν</span> <span class='ocrx_word' id='word_1_419' title='bbox 3307 3399 3604 3469; x_wconf 67' lang='grc' dir='ltr'>ὲφηγεῖται.</span> 
     </span>
    </p>
   </div>
   <div class='ocr_carea' id='block_1_63' title="bbox 523 3478 2080 3548">
    <p class='ocr_par' dir='ltr' id='par_1_63' title="bbox 523 3478 2080 3548">
     <span class='ocr_line' id='line_1_63' title="bbox 523 3478 2080 3548; baseline 0 -14"><span class='ocrx_word' id='word_1_420' title='bbox 523 3480 734 3534; x_wconf 91' lang='lat' dir='ltr'><strong>minora</strong></span> <span class='ocrx_word' id='word_1_421' title='bbox 764 3479 903 3534; x_wconf 86' lang='lat' dir='ltr'><strong>mala</strong></span> <span class='ocrx_word' id='word_1_422' title='bbox 939 3487 1098 3542; x_wconf 91' lang='lat' dir='ltr'><strong>sunt,</strong></span> <span class='ocrx_word' id='word_1_423' title='bbox 1138 3479 1190 3533; x_wconf 90' lang='lat' dir='ltr'><strong>in</strong></span> <span class='ocrx_word' id='word_1_424' title='bbox 1241 3479 1499 3548; x_wconf 87' lang='lat' dir='ltr'><strong>majorem</strong></span> <span class='ocrx_word' id='word_1_425' title='bbox 1545 3478 1742 3533; x_wconf 90' lang='lat' dir='ltr'><strong>molem</strong></span> <span class='ocrx_word' id='word_1_426' title='bbox 1791 3479 2080 3548; x_wconf 89' lang='lat' dir='ltr'><strong>impietatis</strong></span> 
     </span>
    </p>
   </div>
   <div class='ocr_carea' id='block_1_64' title="bbox 523 3568 2006 3638">
    <p class='ocr_par' dir='ltr' id='par_1_64' title="bbox 523 3568 2006 3638">
     <span class='ocr_line' id='line_1_64' title="bbox 523 3568 2006 3638; baseline 0.001 -15"><span class='ocrx_word' id='word_1_427' title='bbox 523 3569 785 3624; x_wconf 78' lang='lat' dir='ltr'><strong>extollens</strong></span> <span class='ocrx_word' id='word_1_428' title='bbox 804 3607 820 3634; x_wconf 90' lang='lat'><strong>,</strong></span> <span class='ocrx_word' id='word_1_429' title='bbox 848 3569 1242 3638; x_wconf 87' lang='lat' dir='ltr'><strong>perversiorem</strong></span> <span class='ocrx_word' id='word_1_430' title='bbox 1272 3568 1660 3626; x_wconf 81' lang='lat' dir='ltr'><strong>Hellenismum</strong></span> <span class='ocrx_word' id='word_1_431' title='bbox 1692 3570 2006 3625; x_wconf 91' lang='lat' dir='ltr'><strong>introducit.</strong></span> 
     </span>
    </p>
   </div>
   <div class='ocr_carea' id='block_1_65' title="bbox 592 3658 2078 3730">
    <p class='ocr_par' dir='ltr' id='par_1_65' title="bbox 592 3658 2078 3730">
     <span class='ocr_line' id='line_1_65' title="bbox 592 3658 2078 3730; baseline 0.001 -18"><span class='ocrx_word' id='word_1_432' title='bbox 592 3658 799 3726; x_wconf 86' lang='lat' dir='ltr'><strong>Quibus</strong></span> <span class='ocrx_word' id='word_1_433' title='bbox 842 3659 955 3715; x_wconf 78' lang='lat' dir='ltr'><strong>fere</strong></span> <span class='ocrx_word' id='word_1_434' title='bbox 998 3660 1065 3714; x_wconf 88' lang='lat' dir='ltr'><strong>ad</strong></span> <span class='ocrx_word' id='word_1_435' title='bbox 1110 3661 1292 3714; x_wconf 87' lang='lat' dir='ltr'><strong>omnia</strong></span> <span class='ocrx_word' id='word_1_436' title='bbox 1321 3659 1591 3715; x_wconf 91' lang='lat' dir='ltr'><strong>consimili</strong></span> <span class='ocrx_word' id='word_1_437' title='bbox 1625 3661 1879 3730; x_wconf 89' lang='lat' dir='ltr'><strong>opinione</strong></span> <span class='ocrx_word' id='word_1_438' title='bbox 1905 3663 2078 3715; x_wconf 85' lang='lat' dir='ltr'><strong>mala-</strong></span> 
     </span>
    </p>
   </div>
   <div class='ocr_carea' id='block_1_66' title="bbox 521 3749 2078 3815">
    <p class='ocr_par' dir='ltr' id='par_1_66' title="bbox 521 3749 2078 3815">
     <span class='ocr_line' id='line_1_66' title="bbox 521 3749 2078 3815; baseline -0.001 -9"><span class='ocrx_word' id='word_1_439' title='bbox 521 3764 643 3806; x_wconf 81' lang='lat' dir='ltr'><strong>runt</strong></span> <span class='ocrx_word' id='word_1_440' title='bbox 671 3756 726 3806; x_wconf 85' lang='lat' dir='ltr'><strong>et</strong></span> <span class='ocrx_word' id='word_1_441' title='bbox 754 3749 1014 3805; x_wconf 83' lang='lat' dir='ltr'><strong>falsarum</strong></span> <span class='ocrx_word' id='word_1_442' title='bbox 1043 3749 1409 3806; x_wconf 87' lang='lat' dir='ltr'><strong>doctrinarum</strong></span> <span class='ocrx_word' id='word_1_443' title='bbox 1437 3750 1864 3815; x_wconf 82' lang='lat' dir='ltr'><strong>circumvectus,</strong></span> <span class='ocrx_word' id='word_1_444' title='bbox 1893 3765 2078 3806; x_wconf 86' lang='lat' dir='ltr'><strong>acces-</strong></span> 
     </span>
    </p>
   </div>
   <div class='ocr_carea' id='block_1_67' title="bbox 522 3840 2075 3911">
    <p class='ocr_par' dir='ltr' id='par_1_67' title="bbox 522 3840 2075 3911">
     <span class='ocr_line' id='line_1_67' title="bbox 522 3840 2075 3911; baseline -0.002 -12"><span class='ocrx_word' id='word_1_445' title='bbox 522 3841 728 3899; x_wconf 88' lang='lat' dir='ltr'><strong>sionem</strong></span> <span class='ocrx_word' id='word_1_446' title='bbox 761 3840 1039 3897; x_wconf 90' lang='lat' dir='ltr'><strong>Iictionum</strong></span> <span class='ocrx_word' id='word_1_447' title='bbox 1066 3857 1287 3898; x_wconf 86' lang='lat' dir='ltr'><strong>suarqu</strong></span> <span class='ocrx_word' id='word_1_448' title='bbox 1316 3841 1557 3896; x_wconf 89' lang='lat' dir='ltr'><strong>immittit</strong></span> <span class='ocrx_word' id='word_1_449' title='bbox 1586 3859 1599 3895; x_wconf 90' lang='lat'>:</span> <span class='ocrx_word' id='word_1_450' title='bbox 1633 3841 1776 3911; x_wconf 89' lang='lat' dir='ltr'><strong>apud</strong></span> <span class='ocrx_word' id='word_1_451' title='bbox 1813 3840 2075 3898; x_wconf 85' lang='lat' dir='ltr'><strong>Christia-</strong></span> 
     </span>
    </p>
   </div>
   <div class='ocr_carea' id='block_1_68' title="bbox 525 3928 2075 4004">
    <p class='ocr_par' dir='ltr' id='par_1_68' title="bbox 525 3928 2075 4004">
     <span class='ocr_line' id='line_1_68' title="bbox 525 3928 2075 4004; baseline 0.001 -16"><span class='ocrx_word' id='word_1_452' title='bbox 525 3947 625 3990; x_wconf 92' lang='lat' dir='ltr'><strong>nos</strong></span> <span class='ocrx_word' id='word_1_453' title='bbox 657 3948 784 3989; x_wconf 90' lang='lat' dir='ltr'><strong>vero</strong></span> <span class='ocrx_word' id='word_1_454' title='bbox 812 3933 1020 3989; x_wconf 91' lang='lat' dir='ltr'><strong>scilicet</strong></span> <span class='ocrx_word' id='word_1_455' title='bbox 1050 3948 1170 4004; x_wconf 65' lang='lat' dir='ltr'><strong>qua:</strong></span> <span class='ocrx_word' id='word_1_456' title='bbox 1197 3928 1631 3989; x_wconf 84' lang='lat' dir='ltr'><strong>Christianorum</strong></span> <span class='ocrx_word' id='word_1_457' title='bbox 1664 3944 1825 3999; x_wconf 91' lang='lat' dir='ltr'><strong>sunt,</strong></span> <span class='ocrx_word' id='word_1_458' title='bbox 1857 3949 2075 4004; x_wconf 81' lang='lat' dir='ltr'><strong>aggres-</strong></span> 
     </span>
    </p>
   </div>
   <div class='ocr_carea' id='block_1_69' title="bbox 525 4023 2070 4095">
    <p class='ocr_par' dir='ltr' id='par_1_69' title="bbox 525 4023 2070 4095">
     <span class='ocr_line' id='line_1_69' title="bbox 525 4023 2070 4095; baseline -0.003 -14"><span class='ocrx_word' id='word_1_459' title='bbox 525 4040 620 4081; x_wconf 88' lang='lat' dir='ltr'><strong>sus</strong></span> <span class='ocrx_word' id='word_1_460' title='bbox 641 4063 657 4088; x_wconf 85' lang='lat'><strong>,</strong></span> <span class='ocrx_word' id='word_1_461' title='bbox 687 4033 742 4080; x_wconf 90' lang='lat' dir='ltr'><strong>et</strong></span> <span class='ocrx_word' id='word_1_462' title='bbox 769 4024 1145 4095; x_wconf 81' lang='lat' dir='ltr'><strong>probabilitate</strong></span> <span class='ocrx_word' id='word_1_463' title='bbox 1170 4023 1408 4081; x_wconf 88' lang='lat' dir='ltr'><strong>nominis</strong></span> <span class='ocrx_word' id='word_1_464' title='bbox 1437 4023 1641 4080; x_wconf 90' lang='lat' dir='ltr'><strong>Christi</strong></span> <span class='ocrx_word' id='word_1_465' title='bbox 1665 4065 1680 4092; x_wconf 90' lang='lat'><strong>,</strong></span> <span class='ocrx_word' id='word_1_466' title='bbox 1703 4032 1758 4080; x_wconf 88' lang='lat' dir='ltr'><strong>et</strong></span> <span class='ocrx_word' id='word_1_467' title='bbox 1786 4025 2070 4079; x_wconf 87' lang='lat' dir='ltr'><strong>verborum</strong></span> 
     </span>
    </p>
   </div>
   <div class='ocr_carea' id='block_1_70' title="bbox 525 4114 2071 4188">
    <p class='ocr_par' dir='ltr' id='par_1_70' title="bbox 525 4114 2071 4188">
     <span class='ocr_line' id='line_1_70' title="bbox 525 4114 2071 4188; baseline -0.002 -17"><span class='ocrx_word' id='word_1_468' title='bbox 525 4115 816 4186; x_wconf 77' lang='lat' dir='ltr'><strong>Scriptura:</strong></span> <span class='ocrx_word' id='word_1_469' title='bbox 837 4157 852 4182; x_wconf 93' lang='lat'><strong>,</strong></span> <span class='ocrx_word' id='word_1_470' title='bbox 878 4124 932 4172; x_wconf 89' lang='lat' dir='ltr'><strong>et</strong></span> <span class='ocrx_word' id='word_1_471' title='bbox 959 4116 1236 4171; x_wconf 65' lang='lat' dir='ltr'><strong>modestiae</strong></span> <span class='ocrx_word' id='word_1_472' title='bbox 1264 4117 1442 4187; x_wconf 88' lang='lat' dir='ltr'><strong>specie</strong></span> <span class='ocrx_word' id='word_1_473' title='bbox 1462 4155 1477 4182; x_wconf 94' lang='lat'><strong>,</strong></span> <span class='ocrx_word' id='word_1_474' title='bbox 1510 4116 1696 4188; x_wconf 89' lang='lat' dir='ltr'><strong>lupum</strong></span> <span class='ocrx_word' id='word_1_475' title='bbox 1727 4115 1944 4186; x_wconf 89' lang='lat' dir='ltr'><strong>quidem</strong></span> <span class='ocrx_word' id='word_1_476' title='bbox 1981 4114 2071 4184; x_wconf 90' lang='lat' dir='ltr'><strong>qui</strong></span> 
     </span>
    </p>
   </div>
   <div class='ocr_carea' id='block_1_71' title="bbox 519 4208 2073 4280">
    <p class='ocr_par' dir='ltr' id='par_1_71' title="bbox 519 4208 2073 4280">
     <span class='ocr_line' id='line_1_71' title="bbox 519 4208 2073 4280; baseline 0 -16"><span class='ocrx_word' id='word_1_477' title='bbox 519 4216 602 4265; x_wconf 91' lang='lat' dir='ltr'><strong>est</strong></span> <span class='ocrx_word' id='word_1_478' title='bbox 628 4210 778 4280; x_wconf 90' lang='lat' dir='ltr'><strong>ipse,</strong></span> <span class='ocrx_word' id='word_1_479' title='bbox 819 4209 968 4264; x_wconf 90' lang='lat' dir='ltr'><strong>intus</strong></span> <span class='ocrx_word' id='word_1_480' title='bbox 1003 4208 1168 4279; x_wconf 82' lang='lat' dir='ltr'><strong>tegit,</strong></span> <span class='ocrx_word' id='word_1_481' title='bbox 1197 4209 1392 4279; x_wconf 88' lang='lat' dir='ltr'><strong>pellem</strong></span> <span class='ocrx_word' id='word_1_482' title='bbox 1424 4224 1552 4265; x_wconf 90' lang='lat' dir='ltr'><strong>vero</strong></span> <span class='ocrx_word' id='word_1_483' title='bbox 1579 4209 1698 4264; x_wconf 87' lang='lat' dir='ltr'><strong>ovis</strong></span> <span class='ocrx_word' id='word_1_484' title='bbox 1731 4208 2073 4264; x_wconf 75' lang='lat' dir='ltr'><strong>extrinsecus</strong></span> 
     </span>
    </p>
   </div>
   <div class='ocr_carea' id='block_1_72' title="bbox 518 4299 2073 4371">
    <p class='ocr_par' dir='ltr' id='par_1_72' title="bbox 518 4299 2073 4371">
     <span class='ocr_line' id='line_1_72' title="bbox 518 4299 2073 4371; baseline -0.004 -14"><span class='ocrx_word' id='word_1_485' title='bbox 518 4300 777 4367; x_wconf 87' lang='lat' dir='ltr'><strong>indutus,</strong></span> <span class='ocrx_word' id='word_1_486' title='bbox 810 4299 1039 4357; x_wconf 75' lang='lat' dir='ltr'><strong>edicitur</strong></span> <span class='ocrx_word' id='word_1_487' title='bbox 1074 4300 1208 4358; x_wconf 81' lang='lat' dir='ltr'><strong>falsa</strong></span> <span class='ocrx_word' id='word_1_488' title='bbox 1243 4301 1395 4357; x_wconf 87' lang='lat' dir='ltr'><strong>stella</strong></span> <span class='ocrx_word' id='word_1_489' title='bbox 1424 4301 1608 4371; x_wconf 88' lang='lat' dir='ltr'><strong>gregi:</strong></span> <span class='ocrx_word' id='word_1_490' title='bbox 1647 4310 1808 4370; x_wconf 89' lang='lat' dir='ltr'><strong>atque</strong></span> <span class='ocrx_word' id='word_1_491' title='bbox 1851 4300 1924 4352; x_wconf 89' lang='lat' dir='ltr'><strong>ita</strong></span> <span class='ocrx_word' id='word_1_492' title='bbox 1971 4299 2073 4352; x_wconf 84' lang='lat' dir='ltr'><strong>im-</strong></span> 
     </span>
    </p>
   </div>
   <div class='ocr_carea' id='block_1_73' title="bbox 517 4393 2073 4464">
    <p class='ocr_par' dir='ltr' id='par_1_73' title="bbox 517 4393 2073 4464">
     <span class='ocr_line' id='line_1_73' title="bbox 517 4393 2073 4464; baseline -0.001 -16"><span class='ocrx_word' id='word_1_493' title='bbox 517 4394 961 4464; x_wconf 89' lang='lat' dir='ltr'><strong>prudentioribus</strong></span> <span class='ocrx_word' id='word_1_494' title='bbox 985 4401 1038 4450; x_wconf 92' lang='lat' dir='ltr'><strong>et</strong></span> <span class='ocrx_word' id='word_1_495' title='bbox 1069 4394 1248 4460; x_wconf 84' lang='lat' dir='ltr'><strong>minus</strong></span> <span class='ocrx_word' id='word_1_496' title='bbox 1276 4395 1514 4450; x_wconf 88' lang='lat' dir='ltr'><strong>cordatis</strong></span> <span class='ocrx_word' id='word_1_497' title='bbox 1538 4402 1698 4451; x_wconf 90' lang='lat' dir='ltr'><strong>nocet</strong></span> <span class='ocrx_word' id='word_1_498' title='bbox 1715 4433 1730 4458; x_wconf 92' lang='lat'><strong>,</strong></span> <span class='ocrx_word' id='word_1_499' title='bbox 1757 4393 1846 4448; x_wconf 91' lang='lat' dir='ltr'><strong>cui</strong></span> <span class='ocrx_word' id='word_1_500' title='bbox 1879 4409 2073 4464; x_wconf 88' lang='lat' dir='ltr'><strong>propo-</strong></span> 
     </span>
    </p>
   </div>
   <div class='ocr_carea' id='block_1_74' title="bbox 518 4485 2071 4556">
    <p class='ocr_par' dir='ltr' id='par_1_74' title="bbox 518 4485 2071 4556">
     <span class='ocr_line' id='line_1_74' title="bbox 518 4485 2071 4556; baseline -0.001 -16"><span class='ocrx_word' id='word_1_501' title='bbox 518 4486 680 4541; x_wconf 91' lang='lat' dir='ltr'><strong>situm</strong></span> <span class='ocrx_word' id='word_1_502' title='bbox 706 4491 822 4551; x_wconf 81' lang='lat' dir='ltr'><strong>est,</strong></span> <span class='ocrx_word' id='word_1_503' title='bbox 851 4486 1178 4556; x_wconf 88' lang='lat' dir='ltr'><strong>impietatem</strong></span> <span class='ocrx_word' id='word_1_504' title='bbox 1205 4486 1438 4541; x_wconf 82' lang='lat' dir='ltr'><strong>maxime</strong></span> <span class='ocrx_word' id='word_1_505' title='bbox 1463 4485 1705 4540; x_wconf 90' lang='lat' dir='ltr'><strong>omnium</strong></span> <span class='ocrx_word' id='word_1_506' title='bbox 1733 4499 1927 4541; x_wconf 87' lang='lat' dir='ltr'><strong>novam</strong></span> <span class='ocrx_word' id='word_1_507' title='bbox 1957 4493 2071 4539; x_wconf 93' lang='lat' dir='ltr'><strong>tum</strong></span> 
     </span>
    </p>
   </div>
   <div class='ocr_carea' id='block_1_75' title="bbox 518 4575 2072 4647">
    <p class='ocr_par' dir='ltr' id='par_1_75' title="bbox 518 4575 2072 4647">
     <span class='ocr_line' id='line_1_75' title="bbox 518 4575 2072 4647; baseline -0.003 -14"><span class='ocrx_word' id='word_1_508' title='bbox 518 4594 549 4633; x_wconf 91' lang='lat' dir='ltr'><strong>a</strong></span> <span class='ocrx_word' id='word_1_509' title='bbox 581 4592 673 4644; x_wconf 86' lang='lat' dir='ltr'><strong>se,</strong></span> <span class='ocrx_word' id='word_1_510' title='bbox 703 4585 818 4632; x_wconf 92' lang='lat' dir='ltr'><strong>tum</strong></span> <span class='ocrx_word' id='word_1_511' title='bbox 849 4578 918 4632; x_wconf 90' lang='lat' dir='ltr'><strong>ab</strong></span> <span class='ocrx_word' id='word_1_512' title='bbox 946 4577 1068 4632; x_wconf 88' lang='lat' dir='ltr'><strong>aliis</strong></span> <span class='ocrx_word' id='word_1_513' title='bbox 1096 4577 1367 4647; x_wconf 91' lang='lat' dir='ltr'><strong>colligere.</strong></span> <span class='ocrx_word' id='word_1_514' title='bbox 1404 4575 1471 4632; x_wconf 90' lang='lat' dir='ltr'><strong>Ut</strong></span> <span class='ocrx_word' id='word_1_515' title='bbox 1499 4584 1678 4633; x_wconf 91' lang='lat' dir='ltr'><strong>autem</strong></span> <span class='ocrx_word' id='word_1_516' title='bbox 1706 4577 1888 4632; x_wconf 90' lang='lat' dir='ltr'><strong>nullus</strong></span> <span class='ocrx_word' id='word_1_517' title='bbox 1913 4575 2072 4631; x_wconf 88' lang='lat' dir='ltr'><strong>Chri-</strong></span> 
     </span>
    </p>
   </div>
   <div class='ocr_carea' id='block_1_76' title="bbox 514 4669 2144 4758">
    <p class='ocr_par' dir='ltr' id='par_1_76' title="bbox 514 4669 2144 4758">
     <span class='ocr_line' id='line_1_76' title="bbox 514 4669 2144 4758; baseline -0.004 -32"><span class='ocrx_word' id='word_1_518' title='bbox 514 4669 723 4726; x_wconf 88' lang='lat' dir='ltr'><strong>stianus</strong></span> <span class='ocrx_word' id='word_1_519' title='bbox 748 4669 1041 4725; x_wconf 90' lang='lat' dir='ltr'><strong>novitatem</strong></span> <span class='ocrx_word' id='word_1_520' title='bbox 1071 4684 1258 4724; x_wconf 89' lang='lat' dir='ltr'><strong>eorum</strong></span> <span class='ocrx_word' id='word_1_521' title='bbox 1293 4669 1557 4725; x_wconf 89' lang='lat' dir='ltr'><strong>malorum</strong></span> <span class='ocrx_word' id='word_1_522' title='bbox 1586 4684 1707 4739; x_wconf 69' lang='lat' dir='ltr'><strong>quae</strong></span> <span class='ocrx_word' id='word_1_523' title='bbox 1737 4669 2066 4738; x_wconf 86' lang='lat' dir='ltr'><strong>collegisset,</strong></span> <span class='ocrx_word' id='word_1_524' title='bbox 2103 4704 2144 4758; x_wconf 67' lang='grc' dir='ltr'>υ</span> 
     </span>
    </p>
   </div>
   <div class='ocr_carea' id='block_1_77' title="bbox 512 4759 2067 4832">
    <p class='ocr_par' dir='ltr' id='par_1_77' title="bbox 512 4759 2067 4832">
     <span class='ocr_line' id='line_1_77' title="bbox 512 4759 2067 4832; baseline -0.001 -18"><span class='ocrx_word' id='word_1_525' title='bbox 512 4761 813 4832; x_wconf 80' lang='lat' dir='ltr'><strong>expendere</strong></span> <span class='ocrx_word' id='word_1_526' title='bbox 845 4763 1034 4818; x_wconf 88' lang='lat' dir='ltr'><strong>saltem</strong></span> <span class='ocrx_word' id='word_1_527' title='bbox 1068 4769 1121 4817; x_wconf 92' lang='lat' dir='ltr'><strong>et</strong></span> <span class='ocrx_word' id='word_1_528' title='bbox 1149 4761 1498 4817; x_wconf 86' lang='lat' dir='ltr'><strong>considerare</strong></span> <span class='ocrx_word' id='word_1_529' title='bbox 1531 4759 1934 4831; x_wconf 85' lang='lat' dir='ltr'><strong>aggrederetur,</strong></span> <span class='ocrx_word' id='word_1_530' title='bbox 1966 4759 2067 4814; x_wconf 62' lang='lat' dir='ltr'><strong>Pa.</strong></span> 
     </span>
    </p>
   </div>
   <div class='ocr_carea' id='block_1_78' title="bbox 513 4850 2066 4923">
    <p class='ocr_par' dir='ltr' id='par_1_78' title="bbox 513 4850 2066 4923">
     <span class='ocr_line' id='line_1_78' title="bbox 513 4850 2066 4923; baseline -0.002 -15"><span class='ocrx_word' id='word_1_531' title='bbox 513 4853 772 4909; x_wconf 88' lang='lat' dir='ltr'><strong>racletum</strong></span> <span class='ocrx_word' id='word_1_532' title='bbox 799 4869 857 4910; x_wconf 90' lang='lat' dir='ltr'><strong>se</strong></span> <span class='ocrx_word' id='word_1_533' title='bbox 886 4852 1207 4923; x_wconf 87' lang='lat' dir='ltr'><strong>appellavit,</strong></span> <span class='ocrx_word' id='word_1_534' title='bbox 1238 4868 1340 4907; x_wconf 92' lang='lat' dir='ltr'><strong>usu</strong></span> <span class='ocrx_word' id='word_1_535' title='bbox 1370 4851 1606 4906; x_wconf 90' lang='lat' dir='ltr'><strong>nominis</strong></span> <span class='ocrx_word' id='word_1_536' title='bbox 1624 4890 1640 4914; x_wconf 91' lang='lat'><strong>,</strong></span> <span class='ocrx_word' id='word_1_537' title='bbox 1667 4850 1808 4920; x_wconf 92' lang='lat' dir='ltr'><strong>quod</strong></span> <span class='ocrx_word' id='word_1_538' title='bbox 1839 4865 1946 4906; x_wconf 90' lang='lat' dir='ltr'><strong>non</strong></span> <span class='ocrx_word' id='word_1_539' title='bbox 1974 4867 2066 4906; x_wconf 87' lang='lat' dir='ltr'><strong>so-</strong></span> 
     </span>
    </p>
   </div>
   <div class='ocr_carea' id='block_1_79' title="bbox 511 4941 2068 5014">
    <p class='ocr_par' dir='ltr' id='par_1_79' title="bbox 511 4941 2068 5014">
     <span class='ocr_line' id='line_1_79' title="bbox 511 4941 2068 5014; baseline -0.001 -16"><span class='ocrx_word' id='word_1_540' title='bbox 511 4945 621 4998; x_wconf 88' lang='lat' dir='ltr'><strong>lum</strong></span> <span class='ocrx_word' id='word_1_541' title='bbox 655 4959 818 5014; x_wconf 90' lang='lat' dir='ltr'><strong>supra</strong></span> <span class='ocrx_word' id='word_1_542' title='bbox 855 4943 1156 5011; x_wconf 87' lang='lat' dir='ltr'><strong>hominem,</strong></span> <span class='ocrx_word' id='word_1_543' title='bbox 1193 4945 1287 4998; x_wconf 92' lang='lat' dir='ltr'><strong>sed</strong></span> <span class='ocrx_word' id='word_1_544' title='bbox 1322 4957 1485 5013; x_wconf 88' lang='lat' dir='ltr'><strong>supra</strong></span> <span class='ocrx_word' id='word_1_545' title='bbox 1512 4943 1759 5012; x_wconf 88' lang='lat' dir='ltr'><strong>angelum</strong></span> <span class='ocrx_word' id='word_1_546' title='bbox 1790 4953 1893 5009; x_wconf 85' lang='lat' dir='ltr'><strong>est,</strong></span> <span class='ocrx_word' id='word_1_547' title='bbox 1913 4941 2068 4996; x_wconf 82' lang='lat' dir='ltr'><strong>falla-</strong></span> 
     </span>
    </p>
   </div>
   <div class='ocr_carea' id='block_1_80' title="bbox 509 5033 2066 5108">
    <p class='ocr_par' dir='ltr' id='par_1_80' title="bbox 509 5033 2066 5108">
     <span class='ocr_line' id='line_1_80' title="bbox 509 5033 2066 5108; baseline -0.001 -18"><span class='ocrx_word' id='word_1_548' title='bbox 509 5037 649 5092; x_wconf 83' lang='lat' dir='ltr'><strong>ciam</strong></span> <span class='ocrx_word' id='word_1_549' title='bbox 693 5052 847 5093; x_wconf 89' lang='lat' dir='ltr'><strong>suam</strong></span> <span class='ocrx_word' id='word_1_550' title='bbox 889 5047 1074 5108; x_wconf 84' lang='lat' dir='ltr'><strong>tegens</strong></span> <span class='ocrx_word' id='word_1_551' title='bbox 1113 5051 1178 5090; x_wconf 87' lang='lat' dir='ltr'><strong>ac</strong></span> <span class='ocrx_word' id='word_1_552' title='bbox 1221 5033 1615 5101; x_wconf 89' lang='lat' dir='ltr'><strong>dissimulans;</strong></span> <span class='ocrx_word' id='word_1_553' title='bbox 1649 5042 1708 5087; x_wconf 95' lang='lat' dir='ltr'><strong>ut</strong></span> <span class='ocrx_word' id='word_1_554' title='bbox 1743 5033 2066 5088; x_wconf 87' lang='lat' dir='ltr'><strong>auctoritate</strong></span> 
     </span>
    </p>
   </div>
   <div class='ocr_carea' id='block_1_81' title="bbox 510 5124 2068 5199">
    <p class='ocr_par' dir='ltr' id='par_1_81' title="bbox 510 5124 2068 5199">
     <span class='ocr_line' id='line_1_81' title="bbox 510 5124 2068 5199; baseline -0.003 -17"><span class='ocrx_word' id='word_1_555' title='bbox 510 5128 886 5198; x_wconf 84' lang='lat' dir='ltr'><strong>appellationis</strong></span> <span class='ocrx_word' id='word_1_556' title='bbox 910 5128 1196 5199; x_wconf 78' lang='lat' dir='ltr'><strong>probabili,</strong></span> <span class='ocrx_word' id='word_1_557' title='bbox 1223 5127 1472 5182; x_wconf 85' lang='lat' dir='ltr'><strong>homines</strong></span> <span class='ocrx_word' id='word_1_558' title='bbox 1489 5125 1690 5196; x_wconf 89' lang='lat' dir='ltr'><strong>alioqui</strong></span> <span class='ocrx_word' id='word_1_559' title='bbox 1718 5124 1892 5188; x_wconf 91' lang='lat' dir='ltr'><strong>stulti,</strong></span> <span class='ocrx_word' id='word_1_560' title='bbox 1914 5124 2068 5179; x_wconf 89' lang='lat' dir='ltr'><strong>nullo</strong></span> 
     </span>
    </p>
   </div>
   <div class='ocr_carea' id='block_1_82' title="bbox 511 5215 2057 5290">
    <p class='ocr_par' dir='ltr' id='par_1_82' title="bbox 511 5215 2057 5290">
     <span class='ocr_line' id='line_1_82' title="bbox 511 5215 2057 5290; baseline -0.002 -18"><span class='ocrx_word' id='word_1_561' title='bbox 511 5219 755 5276; x_wconf 91' lang='lat' dir='ltr'><strong>adhibito</strong></span> <span class='ocrx_word' id='word_1_562' title='bbox 794 5219 1037 5290; x_wconf 87' lang='lat' dir='ltr'><strong>judicio,</strong></span> <span class='ocrx_word' id='word_1_563' title='bbox 1065 5235 1187 5290; x_wconf 75' lang='lat' dir='ltr'><strong>qua:</strong></span> <span class='ocrx_word' id='word_1_564' title='bbox 1227 5218 1389 5283; x_wconf 90' lang='lat' dir='ltr'><strong>dicit,</strong></span> <span class='ocrx_word' id='word_1_565' title='bbox 1434 5217 1910 5287; x_wconf 86' lang='lat' dir='ltr'><strong>amplecterentur.</strong></span> <span class='ocrx_word' id='word_1_566' title='bbox 1942 5215 2057 5270; x_wconf 54' lang='lat' dir='ltr'><strong>Ali-</strong></span> 
     </span>
    </p>
   </div>
   <div class='ocr_carea' id='block_1_83' title="bbox 509 5305 2061 5380">
    <p class='ocr_par' dir='ltr' id='par_1_83' title="bbox 509 5305 2061 5380">
     <span class='ocr_line' id='line_1_83' title="bbox 509 5305 2061 5380; baseline -0.003 -17"><span class='ocrx_word' id='word_1_567' title='bbox 509 5307 724 5379; x_wconf 87' lang='lat' dir='ltr'><strong>quando</strong></span> <span class='ocrx_word' id='word_1_568' title='bbox 748 5310 910 5365; x_wconf 89' lang='lat' dir='ltr'><strong>etiam</strong></span> <span class='ocrx_word' id='word_1_569' title='bbox 937 5320 1191 5380; x_wconf 88' lang='lat' dir='ltr'><strong>tanquam</strong></span> <span class='ocrx_word' id='word_1_570' title='bbox 1220 5308 1494 5380; x_wconf 90' lang='lat' dir='ltr'><strong>apostolus</strong></span> <span class='ocrx_word' id='word_1_571' title='bbox 1520 5305 1646 5364; x_wconf 78' lang='lat' dir='ltr'><strong>Jesu</strong></span> <span class='ocrx_word' id='word_1_572' title='bbox 1669 5307 1906 5371; x_wconf 88' lang='lat' dir='ltr'><strong>Christi,</strong></span> <span class='ocrx_word' id='word_1_573' title='bbox 1936 5307 2061 5361; x_wconf 87' lang='lat' dir='ltr'><strong>bar-</strong></span> 
     </span>
    </p>
   </div>
   <div class='ocr_carea' id='block_1_84' title="bbox 509 5399 2064 5472">
    <p class='ocr_par' dir='ltr' id='par_1_84' title="bbox 509 5399 2064 5472">
     <span class='ocr_line' id='line_1_84' title="bbox 509 5399 2064 5472; baseline -0.001 -19"><span class='ocrx_word' id='word_1_574' title='bbox 509 5399 656 5456; x_wconf 84' lang='lat' dir='ltr'><strong>haris</strong></span> <span class='ocrx_word' id='word_1_575' title='bbox 685 5416 914 5472; x_wconf 87' lang='lat' dir='ltr'><strong>genere,</strong></span> <span class='ocrx_word' id='word_1_576' title='bbox 945 5400 1088 5456; x_wconf 88' lang='lat' dir='ltr'><strong>idem</strong></span> <span class='ocrx_word' id='word_1_577' title='bbox 1117 5415 1312 5471; x_wconf 89' lang='lat' dir='ltr'><strong>genere</strong></span> <span class='ocrx_word' id='word_1_578' title='bbox 1343 5408 1398 5456; x_wconf 94' lang='lat' dir='ltr'><strong>et</strong></span> <span class='ocrx_word' id='word_1_579' title='bbox 1427 5406 1606 5454; x_wconf 90' lang='lat' dir='ltr'><strong>mente</strong></span> <span class='ocrx_word' id='word_1_580' title='bbox 1655 5399 1920 5455; x_wconf 89' lang='lat' dir='ltr'><strong>barbarus</strong></span> <span class='ocrx_word' id='word_1_581' title='bbox 1963 5399 2064 5453; x_wconf 85' lang='lat' dir='ltr'><strong>im-</strong></span> 
     </span>
    </p>
   </div>
   <div class='ocr_carea' id='block_1_85' title="bbox 510 5490 1989 5565">
    <p class='ocr_par' dir='ltr' id='par_1_85' title="bbox 510 5490 1989 5565">
     <span class='ocr_line' id='line_1_85' title="bbox 510 5490 1989 5565; baseline 0.001 -21"><span class='ocrx_word' id='word_1_582' title='bbox 510 5491 762 5560; x_wconf 83' lang='lat' dir='ltr'><strong>pietatem</strong></span> <span class='ocrx_word' id='word_1_583' title='bbox 801 5509 894 5564; x_wconf 86' lang='lat' dir='ltr'><strong>per</strong></span> <span class='ocrx_word' id='word_1_584' title='bbox 925 5494 1182 5565; x_wconf 81' lang='lat' dir='ltr'><strong>epistolas</strong></span> <span class='ocrx_word' id='word_1_585' title='bbox 1209 5491 1390 5548; x_wconf 89' lang='lat' dir='ltr'><strong>tradit.</strong></span> <span class='ocrx_word' id='word_1_586' title='bbox 1429 5490 1532 5546; x_wconf 85' lang='lat' dir='ltr'><strong>Sed</strong></span> <span class='ocrx_word' id='word_1_587' title='bbox 1565 5490 1632 5546; x_wconf 89' lang='lat' dir='ltr'><strong>de</strong></span> <span class='ocrx_word' id='word_1_588' title='bbox 1662 5491 1748 5547; x_wconf 91' lang='lat' dir='ltr'><strong>his</strong></span> <span class='ocrx_word' id='word_1_589' title='bbox 1781 5499 1989 5562; x_wconf 87' lang='lat' dir='ltr'><strong>postea.</strong></span> 
     </span>
    </p>
   </div>
   <div class='ocr_carea' id='block_1_86' title="bbox 579 5580 2061 5656">
    <p class='ocr_par' dir='ltr' id='par_1_86' title="bbox 579 5580 2061 5656">
     <span class='ocr_line' id='line_1_86' title="bbox 579 5580 2061 5656; baseline 0.002 -22"><span class='ocrx_word' id='word_1_590' title='bbox 579 5580 656 5636; x_wconf 79' lang='lat' dir='ltr'><strong>Ex</strong></span> <span class='ocrx_word' id='word_1_591' title='bbox 686 5583 1010 5656; x_wconf 89' lang='lat' dir='ltr'><strong>Scripturis,</strong></span> <span class='ocrx_word' id='word_1_592' title='bbox 1034 5599 1154 5656; x_wconf 66' lang='lat' dir='ltr'><strong>quae</strong></span> <span class='ocrx_word' id='word_1_593' title='bbox 1173 5590 1299 5641; x_wconf 92' lang='lat' dir='ltr'><strong>sunt</strong></span> <span class='ocrx_word' id='word_1_594' title='bbox 1322 5581 1534 5640; x_wconf 79' lang='lat' dir='ltr'><strong>Veteris</strong></span> <span class='ocrx_word' id='word_1_595' title='bbox 1555 5580 1882 5639; x_wconf 87' lang='lat' dir='ltr'><strong>Testamenti</strong></span> <span class='ocrx_word' id='word_1_596' title='bbox 1900 5623 1915 5648; x_wconf 93' lang='lat'><strong>,</strong></span> <span class='ocrx_word' id='word_1_597' title='bbox 1940 5583 2061 5637; x_wconf 88' lang='lat' dir='ltr'><strong>illas</strong></span> 
     </span>
    </p>
   </div>
   <div class='ocr_carea' id='block_1_87' title="bbox 511 5673 2062 5746">
    <p class='ocr_par' dir='ltr' id='par_1_87' title="bbox 511 5673 2062 5746">
     <span class='ocr_line' id='line_1_87' title="bbox 511 5673 2062 5746; baseline 0.001 -19"><span class='ocrx_word' id='word_1_598' title='bbox 511 5673 736 5730; x_wconf 87' lang='lat' dir='ltr'><strong>ascribit</strong></span> <span class='ocrx_word' id='word_1_599' title='bbox 752 5677 1022 5746; x_wconf 64' lang='lat' dir='ltr'><strong>nequitiae,</strong></span> <span class='ocrx_word' id='word_1_600' title='bbox 1046 5691 1209 5746; x_wconf 81' lang='lat' dir='ltr'><strong>quam</strong></span> <span class='ocrx_word' id='word_1_601' title='bbox 1233 5683 1418 5742; x_wconf 89' lang='lat' dir='ltr'><strong>vocat,</strong></span> <span class='ocrx_word' id='word_1_602' title='bbox 1440 5677 1611 5746; x_wconf 85' lang='lat' dir='ltr'><strong>legem</strong></span> <span class='ocrx_word' id='word_1_603' title='bbox 1634 5676 1841 5730; x_wconf 87' lang='lat' dir='ltr'><strong>scilicet</strong></span> <span class='ocrx_word' id='word_1_604' title='bbox 1861 5684 1914 5728; x_wconf 79' lang='lat' dir='ltr'><strong>et</strong></span> <span class='ocrx_word' id='word_1_605' title='bbox 1935 5690 2062 5744; x_wconf 83' lang='lat' dir='ltr'><strong>pro-</strong></span> 
     </span>
    </p>
   </div>
   <div class='ocr_carea' id='block_1_88' title="bbox 511 5765 2061 5844">
    <p class='ocr_par' dir='ltr' id='par_1_88' title="bbox 511 5765 2061 5844">
     <span class='ocr_line' id='line_1_88' title="bbox 511 5765 2061 5844; baseline -0.001 -22"><span class='ocrx_word' id='word_1_606' title='bbox 511 5767 702 5844; x_wconf 85' lang='lat' dir='ltr'><strong>phetas</strong></span> <span class='ocrx_word' id='word_1_607' title='bbox 725 5784 738 5826; x_wconf 63' lang='lat'>1</span> <span class='ocrx_word' id='word_1_608' title='bbox 774 5765 1059 5837; x_wconf 85' lang='lat' dir='ltr'><strong>Evangelia</strong></span> <span class='ocrx_word' id='word_1_609' title='bbox 1095 5781 1220 5822; x_wconf 82' lang='lat' dir='ltr'><strong>vero</strong></span> <span class='ocrx_word' id='word_1_610' title='bbox 1247 5775 1298 5822; x_wconf 88' lang='lat' dir='ltr'><strong>et</strong></span> <span class='ocrx_word' id='word_1_611' title='bbox 1333 5768 1540 5837; x_wconf 86' lang='lat' dir='ltr'><strong>reliqua</strong></span> <span class='ocrx_word' id='word_1_612' title='bbox 1587 5765 1717 5823; x_wconf 76' lang='lat' dir='ltr'><strong>Novi</strong></span> <span class='ocrx_word' id='word_1_613' title='bbox 1754 5765 2061 5824; x_wconf 83' lang='lat' dir='ltr'><strong>Testamen-</strong></span> 
     </span>
    </p>
   </div>
   <div class='ocr_carea' id='block_1_89' title="bbox 2247 3655 3733 3736">
    <p class='ocr_par' dir='ltr' id='par_1_89' title="bbox 2247 3655 3733 3736">
     <span class='ocr_line' id='line_1_89' title="bbox 2247 3655 3733 3736; baseline 0.004 -25"><span class='ocrx_word' id='word_1_614' title='bbox 2247 3655 2341 3722; x_wconf 76' lang='grc' dir='ltr'><strong>Οἷς</strong></span> <span class='ocrx_word' id='word_1_615' title='bbox 2368 3660 2550 3730; x_wconf 85' lang='grc' dir='ltr'>σχεδὸν</span> <span class='ocrx_word' id='word_1_616' title='bbox 2580 3661 2716 3732; x_wconf 81' lang='grc' dir='ltr'>πρὸς</span> <span class='ocrx_word' id='word_1_617' title='bbox 2747 3662 2962 3716; x_wconf 75' lang='grc' dir='ltr'>ἃπασαν</span> <span class='ocrx_word' id='word_1_618' title='bbox 3006 3663 3529 3736; x_wconf 87' lang='grc' dir='ltr'>συμπεριαγόμενος,</span> <span class='ocrx_word' id='word_1_619' title='bbox 3553 3666 3733 3734; x_wconf 76' lang='grc' dir='ltr'>φασὶν,</span> 
     </span>
    </p>
   </div>
   <div class='ocr_carea' id='block_1_90' title="bbox 2172 3750 3737 3828">
    <p class='ocr_par' dir='ltr' id='par_1_90' title="bbox 2172 3750 3737 3828">
     <span class='ocr_line' id='line_1_90' title="bbox 2172 3750 3737 3828; baseline 0.003 -23"><span class='ocrx_word' id='word_1_620' title='bbox 2172 3750 2422 3823; x_wconf 79' lang='grc' dir='ltr'>ὁμοδοξία</span> <span class='ocrx_word' id='word_1_621' title='bbox 2464 3753 2648 3806; x_wconf 82' lang='grc' dir='ltr'>κακῶν</span> <span class='ocrx_word' id='word_1_622' title='bbox 2681 3754 2959 3825; x_wconf 80' lang='grc' dir='ltr'>σφαλερῶν</span> <span class='ocrx_word' id='word_1_623' title='bbox 2991 3755 3322 3826; x_wconf 82' lang='grc' dir='ltr'>μαθημάτων</span> <span class='ocrx_word' id='word_1_624' title='bbox 3353 3756 3453 3827; x_wconf 74' lang='grc' dir='ltr'>τὴν</span> <span class='ocrx_word' id='word_1_625' title='bbox 3496 3757 3737 3828; x_wconf 79' lang='grc' dir='ltr'>προσθή-</span> 
     </span>
    </p>
   </div>
   <div class='ocr_carea' id='block_1_91' title="bbox 2173 3843 3738 3918">
    <p class='ocr_par' dir='ltr' id='par_1_91' title="bbox 2173 3843 3738 3918">
     <span class='ocr_line' id='line_1_91' title="bbox 2173 3843 3738 3918; baseline 0.001 -19"><span class='ocrx_word' id='word_1_626' title='bbox 2173 3863 2278 3916; x_wconf 88' lang='grc' dir='ltr'><strong>κην</strong></span> <span class='ocrx_word' id='word_1_627' title='bbox 2325 3845 2430 3898; x_wconf 87' lang='grc' dir='ltr'><strong>τῶν</strong></span> <span class='ocrx_word' id='word_1_628' title='bbox 2474 3843 2668 3898; x_wconf 81' lang='grc' dir='ltr'>ἑαυτοῦ</span> <span class='ocrx_word' id='word_1_629' title='bbox 2709 3845 3038 3916; x_wconf 83' lang='grc' dir='ltr'>πλασμάτων</span> <span class='ocrx_word' id='word_1_630' title='bbox 3065 3844 3466 3916; x_wconf 83' lang='grc' dir='ltr'>παρεμϐάλλει’</span> <span class='ocrx_word' id='word_1_631' title='bbox 3503 3846 3654 3918; x_wconf 72' lang='grc' dir='ltr'>παρὰ</span> <span class='ocrx_word' id='word_1_632' title='bbox 3680 3848 3738 3901; x_wconf 77' lang='grc' dir='ltr'>δὲ</span> 
     </span>
    </p>
   </div>
   <div class='ocr_carea' id='block_1_92' title="bbox 2172 3936 3738 4010">
    <p class='ocr_par' dir='ltr' id='par_1_92' title="bbox 2172 3936 3738 4010">
     <span class='ocr_line' id='line_1_92' title="bbox 2172 3936 3738 4010; baseline 0.001 -19"><span class='ocrx_word' id='word_1_633' title='bbox 2172 3939 2513 4010; x_wconf 86' lang='grc' dir='ltr'>Χριστιανοῖς</span> <span class='ocrx_word' id='word_1_634' title='bbox 2553 3938 2620 3990; x_wconf 79' lang='grc' dir='ltr'>τὰ</span> <span class='ocrx_word' id='word_1_635' title='bbox 2649 3937 2984 4004; x_wconf 86' lang='grc' dir='ltr'>Χριστιανῶν</span> <span class='ocrx_word' id='word_1_636' title='bbox 3017 3936 3176 4006; x_wconf 85' lang='grc' dir='ltr'>δῆθεν</span> <span class='ocrx_word' id='word_1_637' title='bbox 3207 3939 3421 4008; x_wconf 85' lang='grc' dir='ltr'>μετιὼν,</span> <span class='ocrx_word' id='word_1_638' title='bbox 3450 3941 3544 3992; x_wconf 80' lang='grc' dir='ltr'>καὶ</span> <span class='ocrx_word' id='word_1_639' title='bbox 3577 3940 3738 3992; x_wconf 82' lang='grc' dir='ltr'>πιθα-</span> 
     </span>
    </p>
   </div>
   <div class='ocr_carea' id='block_1_93' title="bbox 2172 4029 3730 4102">
    <p class='ocr_par' dir='ltr' id='par_1_93' title="bbox 2172 4029 3730 4102">
     <span class='ocr_line' id='line_1_93' title="bbox 2172 4029 3730 4102; baseline 0 -20"><span class='ocrx_word' id='word_1_640' title='bbox 2172 4030 2349 4100; x_wconf 88' lang='grc' dir='ltr'>νότητι</span> <span class='ocrx_word' id='word_1_641' title='bbox 2372 4029 2630 4100; x_wconf 83' lang='grc' dir='ltr'>ὀνόματός</span> <span class='ocrx_word' id='word_1_642' title='bbox 2651 4047 2709 4082; x_wconf 88' lang='grc' dir='ltr'><strong>τε</strong></span> <span class='ocrx_word' id='word_1_643' title='bbox 2735 4029 2966 4102; x_wconf 81' lang='grc' dir='ltr'>Χριστοῦ</span> <span class='ocrx_word' id='word_1_644' title='bbox 2994 4030 3087 4081; x_wconf 76' lang='grc' dir='ltr'><strong>καὶ</strong></span> <span class='ocrx_word' id='word_1_645' title='bbox 3114 4030 3369 4100; x_wconf 80' lang='grc' dir='ltr'>ῥημάτων</span> <span class='ocrx_word' id='word_1_646' title='bbox 3387 4030 3480 4098; x_wconf 80' lang='grc' dir='ltr'>τῆς</span> <span class='ocrx_word' id='word_1_647' title='bbox 3505 4030 3730 4099; x_wconf 66' lang='grc' dir='ltr'>Γραφῆς</span> 
     </span>
    </p>
   </div>
   <div class='ocr_carea' id='block_1_94' title="bbox 2175 4119 3722 4191">
    <p class='ocr_par' dir='ltr' id='par_1_94' title="bbox 2175 4119 3722 4191">
     <span class='ocr_line' id='line_1_94' title="bbox 2175 4119 3722 4191; baseline 0.001 -21"><span class='ocrx_word' id='word_1_648' title='bbox 2175 4121 2470 4184; x_wconf 77' lang='grc' dir='ltr'>ἐπιεικείας</span> <span class='ocrx_word' id='word_1_649' title='bbox 2492 4119 2746 4191; x_wconf 79' lang='grc' dir='ltr'>ὲμιράσει,</span> <span class='ocrx_word' id='word_1_650' title='bbox 2778 4121 2868 4172; x_wconf 85' lang='grc' dir='ltr'><strong>τὸν</strong></span> <span class='ocrx_word' id='word_1_651' title='bbox 2888 4121 2984 4190; x_wconf 79' lang='grc' dir='ltr'>μὲν</span> <span class='ocrx_word' id='word_1_652' title='bbox 3016 4120 3196 4184; x_wconf 80' lang='grc' dir='ltr'>λύκον,</span> <span class='ocrx_word' id='word_1_653' title='bbox 3219 4122 3351 4190; x_wconf 82' lang='grc' dir='ltr'>ὅπερ</span> <span class='ocrx_word' id='word_1_654' title='bbox 3369 4121 3523 4183; x_wconf 69' lang='grc' dir='ltr'>αὑτός</span> <span class='ocrx_word' id='word_1_655' title='bbox 3544 4122 3722 4183; x_wconf 76' lang='grc' dir='ltr'>ἐστιν,</span> 
     </span>
    </p>
   </div>
   <div class='ocr_carea' id='block_1_95' title="bbox 2172 4211 3814 4281">
    <p class='ocr_par' dir='ltr' id='par_1_95' title="bbox 2172 4211 3814 4281">
     <span class='ocr_line' id='line_1_95' title="bbox 2172 4211 3814 4281; baseline 0 -17"><span class='ocrx_word' id='word_1_656' title='bbox 2172 4211 2380 4265; x_wconf 82' lang='grc' dir='ltr'>ἔνδοθεν</span> <span class='ocrx_word' id='word_1_657' title='bbox 2423 4212 2657 4274; x_wconf 87' lang='grc' dir='ltr'>σκέπων,</span> <span class='ocrx_word' id='word_1_658' title='bbox 2685 4213 2747 4265; x_wconf 87' lang='grc' dir='ltr'>τὸ</span> <span class='ocrx_word' id='word_1_659' title='bbox 2767 4212 2824 4266; x_wconf 83' lang='grc' dir='ltr'>δὲ</span> <span class='ocrx_word' id='word_1_660' title='bbox 2857 4211 3044 4264; x_wconf 83' lang='grc' dir='ltr'>κώδιον</span> <span class='ocrx_word' id='word_1_661' title='bbox 3076 4211 3272 4278; x_wconf 75' lang='grc' dir='ltr'>ἔξωθεν</span> <span class='ocrx_word' id='word_1_662' title='bbox 3304 4211 3722 4281; x_wconf 77' lang='grc' dir='ltr'>περιτιθέμενος,</span> <span class='ocrx_word' id='word_1_663' title='bbox 3797 4228 3814 4241; x_wconf 74' lang='grc' dir='ltr'><strong>ο</strong></span> 
     </span>
    </p>
   </div>
   <div class='ocr_carea' id='block_1_96' title="bbox 2171 4300 3728 4373">
    <p class='ocr_par' dir='ltr' id='par_1_96' title="bbox 2171 4300 3728 4373">
     <span class='ocr_line' id='line_1_96' title="bbox 2171 4300 3728 4373; baseline -0.001 -18"><span class='ocrx_word' id='word_1_664' title='bbox 2171 4303 2352 4373; x_wconf 84' lang='grc' dir='ltr'>ἀπάτη</span> <span class='ocrx_word' id='word_1_665' title='bbox 2401 4302 2626 4373; x_wconf 81' lang='grc' dir='ltr'>ἀστέρος</span> <span class='ocrx_word' id='word_1_666' title='bbox 2674 4301 2752 4371; x_wconf 80' lang='grc' dir='ltr'><strong>τῷ</strong></span> <span class='ocrx_word' id='word_1_667' title='bbox 2804 4302 3037 4372; x_wconf 82' lang='grc' dir='ltr'>ποιμνίῳ</span> <span class='ocrx_word' id='word_1_668' title='bbox 3075 4302 3346 4369; x_wconf 86' lang='grc' dir='ltr'>γίγνεται·</span> <span class='ocrx_word' id='word_1_669' title='bbox 3377 4301 3466 4354; x_wconf 69' lang='grc' dir='ltr'><strong>καὶ</strong></span> <span class='ocrx_word' id='word_1_670' title='bbox 3488 4300 3630 4353; x_wconf 82' lang='grc' dir='ltr'>οῦτω</span> <span class='ocrx_word' id='word_1_671' title='bbox 3659 4301 3728 4373; x_wconf 76' lang='grc' dir='ltr'>δὴ</span> 
     </span>
    </p>
   </div>
   <div class='ocr_carea' id='block_1_97' title="bbox 2169 4390 3732 4466">
    <p class='ocr_par' dir='ltr' id='par_1_97' title="bbox 2169 4390 3732 4466">
     <span class='ocr_line' id='line_1_97' title="bbox 2169 4390 3732 4466; baseline -0.003 -18"><span class='ocrx_word' id='word_1_672' title='bbox 2169 4397 2294 4458; x_wconf 76' lang='grc' dir='ltr'>τοὺς</span> <span class='ocrx_word' id='word_1_673' title='bbox 2322 4390 2482 4466; x_wconf 85' lang='grc' dir='ltr'>ἦττον</span> <span class='ocrx_word' id='word_1_674' title='bbox 2502 4394 2775 4464; x_wconf 76' lang='grc' dir='ltr'>ἔμφρονας</span> <span class='ocrx_word' id='word_1_675' title='bbox 2796 4392 3156 4462; x_wconf 83' lang='grc' dir='ltr'>καταλάμπει,</span> <span class='ocrx_word' id='word_1_676' title='bbox 3192 4394 3285 4445; x_wconf 76' lang='grc' dir='ltr'><strong>καὶ</strong></span> <span class='ocrx_word' id='word_1_677' title='bbox 3312 4392 3375 4463; x_wconf 75' lang='grc' dir='ltr'>δὴ</span> <span class='ocrx_word' id='word_1_678' title='bbox 3403 4391 3732 4462; x_wconf 83' lang='grc' dir='ltr'>προθέμενος</span> 
     </span>
    </p>
   </div>
   <div class='ocr_carea' id='block_1_98' title="bbox 2171 4483 3736 4558">
    <p class='ocr_par' dir='ltr' id='par_1_98' title="bbox 2171 4483 3736 4558">
     <span class='ocr_line' id='line_1_98' title="bbox 2171 4483 3736 4558; baseline -0.001 -17"><span class='ocrx_word' id='word_1_679' title='bbox 2171 4491 2491 4558; x_wconf 84' lang='grc' dir='ltr'>καινοτάτην</span> <span class='ocrx_word' id='word_1_680' title='bbox 2516 4486 2766 4540; x_wconf 86' lang='grc' dir='ltr'>ἀσέϐειαν</span> <span class='ocrx_word' id='word_1_681' title='bbox 2790 4484 3137 4556; x_wconf 81' lang='grc' dir='ltr'>ὲρανίσασθαι</span> <span class='ocrx_word' id='word_1_682' title='bbox 3172 4485 3302 4555; x_wconf 83' lang='grc' dir='ltr'>παρ’</span> <span class='ocrx_word' id='word_1_683' title='bbox 3323 4483 3519 4537; x_wconf 75' lang='grc' dir='ltr'>ἑαυτοῦ</span> <span class='ocrx_word' id='word_1_684' title='bbox 3548 4501 3610 4536; x_wconf 91' lang='grc' dir='ltr'><strong>τε</strong></span> <span class='ocrx_word' id='word_1_685' title='bbox 3643 4486 3736 4539; x_wconf 73' lang='grc' dir='ltr'>καὶ</span> 
     </span>
    </p>
   </div>
   <div class='ocr_carea' id='block_1_99' title="bbox 2170 4572 3734 4645">
    <p class='ocr_par' dir='ltr' id='par_1_99' title="bbox 2170 4572 3734 4645">
     <span class='ocr_line' id='line_1_99' title="bbox 2170 4572 3734 4645; baseline -0.001 -18"><span class='ocrx_word' id='word_1_686' title='bbox 2170 4575 2298 4645; x_wconf 82' lang='grc' dir='ltr'>παρ’</span> <span class='ocrx_word' id='word_1_687' title='bbox 2335 4573 2528 4629; x_wconf 83' lang='grc' dir='ltr'>ἀλλων.</span> <span class='ocrx_word' id='word_1_688' title='bbox 2569 4573 2656 4636; x_wconf 83' lang='grc' dir='ltr'>Ὠς</span> <span class='ocrx_word' id='word_1_689' title='bbox 2680 4573 2746 4626; x_wconf 83' lang='grc' dir='ltr'><strong>ἂν</strong></span> <span class='ocrx_word' id='word_1_690' title='bbox 2780 4573 2967 4642; x_wconf 72' lang='grc' dir='ltr'>μηδεὶς</span> <span class='ocrx_word' id='word_1_691' title='bbox 2992 4572 3098 4625; x_wconf 91' lang='grc' dir='ltr'><strong>τῶν</strong></span> <span class='ocrx_word' id='word_1_692' title='bbox 3130 4572 3468 4644; x_wconf 85' lang='grc' dir='ltr'>Χριστιανῶν</span> <span class='ocrx_word' id='word_1_693' title='bbox 3493 4575 3734 4641; x_wconf 51' lang='lat' dir='ltr'><strong>Empto-</strong></span> 
     </span>
    </p>
   </div>
   <div class='ocr_carea' id='block_1_100' title="bbox 2171 4662 3734 4735">
    <p class='ocr_par' dir='ltr' id='par_1_100' title="bbox 2171 4662 3734 4735">
     <span class='ocr_line' id='line_1_100' title="bbox 2171 4662 3734 4735; baseline -0.001 -17"><span class='ocrx_word' id='word_1_694' title='bbox 2171 4665 2341 4718; x_wconf 86' lang='grc' dir='ltr'>κότων</span> <span class='ocrx_word' id='word_1_695' title='bbox 2383 4663 2652 4731; x_wconf 76' lang='grc' dir='ltr'>ἐξετάζειν</span> <span class='ocrx_word' id='word_1_696' title='bbox 2687 4662 2819 4732; x_wconf 80' lang='grc' dir='ltr'>γοῦν</span> <span class='ocrx_word' id='word_1_697' title='bbox 2848 4662 3149 4733; x_wconf 81' lang='grc' dir='ltr'>ἐπιχειροίη</span> <span class='ocrx_word' id='word_1_698' title='bbox 3186 4663 3286 4734; x_wconf 73' lang='grc' dir='ltr'>τὴν</span> <span class='ocrx_word' id='word_1_699' title='bbox 3311 4663 3604 4735; x_wconf 83' lang='grc' dir='ltr'>καινότητα</span> <span class='ocrx_word' id='word_1_700' title='bbox 3627 4665 3734 4717; x_wconf 86' lang='grc' dir='ltr'><strong>τῶν</strong></span> 
     </span>
    </p>
   </div>
   <div class='ocr_carea' id='block_1_101' title="bbox 2174 4753 3735 4827">
    <p class='ocr_par' dir='ltr' id='par_1_101' title="bbox 2174 4753 3735 4827">
     <span class='ocr_line' id='line_1_101' title="bbox 2174 4753 3735 4827; baseline 0 -18"><span class='ocrx_word' id='word_1_701' title='bbox 2174 4756 2550 4827; x_wconf 76' lang='grc' dir='ltr'>ἠρανισμένων</span> <span class='ocrx_word' id='word_1_702' title='bbox 2591 4756 2682 4808; x_wconf 77' lang='grc' dir='ltr'>ὑπ’</span> <span class='ocrx_word' id='word_1_703' title='bbox 2715 4754 2877 4809; x_wconf 81' lang='grc' dir='ltr'>αὑτοῦ</span> <span class='ocrx_word' id='word_1_704' title='bbox 2905 4754 3111 4818; x_wconf 87' lang='grc' dir='ltr'>κακῶν,</span> <span class='ocrx_word' id='word_1_705' title='bbox 3137 4753 3491 4825; x_wconf 81' lang='grc' dir='ltr'>Παράκλητον</span> <span class='ocrx_word' id='word_1_706' title='bbox 3515 4758 3735 4826; x_wconf 53' lang='grc' dir='ltr'>προσθεῖ.</span> 
     </span>
    </p>
   </div>
   <div class='ocr_carea' id='block_1_102' title="bbox 2171 4843 3734 4916">
    <p class='ocr_par' dir='ltr' id='par_1_102' title="bbox 2171 4843 3734 4916">
     <span class='ocr_line' id='line_1_102' title="bbox 2171 4843 3734 4916; baseline 0 -18"><span class='ocrx_word' id='word_1_707' title='bbox 2171 4863 2270 4898; x_wconf 90' lang='grc' dir='ltr'><strong>πεν</strong></span> <span class='ocrx_word' id='word_1_708' title='bbox 2300 4845 2508 4908; x_wconf 86' lang='grc' dir='ltr'>ἑαυτὸν,</span> <span class='ocrx_word' id='word_1_709' title='bbox 2533 4845 2790 4915; x_wconf 83' lang='grc' dir='ltr'>ὀνόματος</span> <span class='ocrx_word' id='word_1_710' title='bbox 2811 4845 2910 4914; x_wconf 84' lang='grc' dir='ltr'>οὐχ</span> <span class='ocrx_word' id='word_1_711' title='bbox 2934 4843 3072 4914; x_wconf 79' lang='grc' dir='ltr'>ὑπὲρ</span> <span class='ocrx_word' id='word_1_712' title='bbox 3089 4843 3372 4915; x_wconf 76' lang='grc' dir='ltr'>ἄνθρωπον</span> <span class='ocrx_word' id='word_1_713' title='bbox 3393 4845 3574 4916; x_wconf 89' lang='grc' dir='ltr'>μόνον,</span> <span class='ocrx_word' id='word_1_714' title='bbox 3599 4845 3734 4898; x_wconf 80' lang='grc' dir='ltr'><strong>ἀλλά</strong></span> 
     </span>
    </p>
   </div>
   <div class='ocr_carea' id='block_1_103' title="bbox 2169 4935 3731 5008">
    <p class='ocr_par' dir='ltr' id='par_1_103' title="bbox 2169 4935 3731 5008">
     <span class='ocr_line' id='line_1_103' title="bbox 2169 4935 3731 5008; baseline 0.001 -18"><span class='ocrx_word' id='word_1_715' title='bbox 2169 4939 2260 4991; x_wconf 76' lang='grc' dir='ltr'><strong>καὶ</strong></span> <span class='ocrx_word' id='word_1_716' title='bbox 2303 4936 2442 5008; x_wconf 83' lang='grc' dir='ltr'>ὑπὲρ</span> <span class='ocrx_word' id='word_1_717' title='bbox 2473 4935 2718 5005; x_wconf 80' lang='grc' dir='ltr'>ἄγγελον,</span> <span class='ocrx_word' id='word_1_718' title='bbox 2741 4938 2929 5008; x_wconf 78' lang='grc' dir='ltr'>χρήσει</span> <span class='ocrx_word' id='word_1_719' title='bbox 2961 4936 3022 4989; x_wconf 86' lang='grc' dir='ltr'>τὺ</span> <span class='ocrx_word' id='word_1_720' title='bbox 3057 4936 3329 5007; x_wconf 83' lang='grc' dir='ltr'>ἀπατηλὸν</span> <span class='ocrx_word' id='word_1_721' title='bbox 3363 4937 3615 4991; x_wconf 76' lang='grc' dir='ltr'>σκέπωνο</span> <span class='ocrx_word' id='word_1_722' title='bbox 3644 4939 3731 4992; x_wconf 80' lang='grc' dir='ltr'>ἵνα</span> 
     </span>
    </p>
   </div>
   <div class='ocr_carea' id='block_1_104' title="bbox 2166 5027 3729 5100">
    <p class='ocr_par' dir='ltr' id='par_1_104' title="bbox 2166 5027 3729 5100">
     <span class='ocr_line' id='line_1_104' title="bbox 2166 5027 3729 5100; baseline 0.001 -19"><span class='ocrx_word' id='word_1_723' title='bbox 2166 5028 2244 5099; x_wconf 83' lang='grc' dir='ltr'>τῷ</span> <span class='ocrx_word' id='word_1_724' title='bbox 2296 5027 2590 5099; x_wconf 78' lang='grc' dir='ltr'>ἀξιοπίστῳ</span> <span class='ocrx_word' id='word_1_725' title='bbox 2643 5029 2742 5099; x_wconf 81' lang='grc' dir='ltr'><strong>τῆς</strong></span> <span class='ocrx_word' id='word_1_726' title='bbox 2793 5029 3157 5100; x_wconf 89' lang='grc' dir='ltr'>προσηγορίας</span> <span class='ocrx_word' id='word_1_727' title='bbox 3204 5028 3530 5099; x_wconf 84' lang='grc' dir='ltr'>άδιακρίτως</span> <span class='ocrx_word' id='word_1_728' title='bbox 3549 5032 3602 5083; x_wconf 73' lang='grc' dir='ltr'>οἱ</span> <span class='ocrx_word' id='word_1_729' title='bbox 3638 5029 3729 5083; x_wconf 80' lang='grc' dir='ltr'>καὶ</span> 
     </span>
    </p>
   </div>
   <div class='ocr_carea' id='block_1_105' title="bbox 2166 5118 3728 5189">
    <p class='ocr_par' dir='ltr' id='par_1_105' title="bbox 2166 5118 3728 5189">
     <span class='ocr_line' id='line_1_105' title="bbox 2166 5118 3728 5189; baseline 0.001 -16"><span class='ocrx_word' id='word_1_730' title='bbox 2166 5119 2338 5182; x_wconf 77' lang='grc' dir='ltr'>ἄλλως</span> <span class='ocrx_word' id='word_1_731' title='bbox 2371 5119 2586 5189; x_wconf 89' lang='grc' dir='ltr'>ἀνόητοι</span> <span class='ocrx_word' id='word_1_732' title='bbox 2635 5118 2894 5189; x_wconf 84' lang='grc' dir='ltr'>δέχωνται</span> <span class='ocrx_word' id='word_1_733' title='bbox 2936 5118 3004 5172; x_wconf 85' lang='grc' dir='ltr'><strong>τά</strong></span> <span class='ocrx_word' id='word_1_734' title='bbox 3042 5119 3326 5187; x_wconf 88' lang='grc' dir='ltr'>λεγόμενα.</span> <span class='ocrx_word' id='word_1_735' title='bbox 3369 5121 3524 5174; x_wconf 83' lang='grc' dir='ltr'>Ἐστι</span> <span class='ocrx_word' id='word_1_736' title='bbox 3558 5120 3607 5172; x_wconf 75' lang='grc' dir='ltr'>δ’</span> <span class='ocrx_word' id='word_1_737' title='bbox 3641 5123 3728 5174; x_wconf 81' lang='grc' dir='ltr'>ὅτε</span> 
     </span>
    </p>
   </div>
   <div class='ocr_carea' id='block_1_106' title="bbox 2167 5207 3729 5280">
    <p class='ocr_par' dir='ltr' id='par_1_106' title="bbox 2167 5207 3729 5280">
     <span class='ocr_line' id='line_1_106' title="bbox 2167 5207 3729 5280; baseline 0 -17"><span class='ocrx_word' id='word_1_738' title='bbox 2167 5209 2260 5263; x_wconf 61' lang='grc' dir='ltr'><strong>καλ¹</strong></span> <span class='ocrx_word' id='word_1_739' title='bbox 2284 5209 2358 5273; x_wconf 87' lang='grc' dir='ltr'>ὡς</span> <span class='ocrx_word' id='word_1_740' title='bbox 2385 5207 2676 5271; x_wconf 81' lang='grc' dir='ltr'>ἀπόστολος</span> <span class='ocrx_word' id='word_1_741' title='bbox 2715 5208 2885 5278; x_wconf 85' lang='grc' dir='ltr'>Ἰησοῦ</span> <span class='ocrx_word' id='word_1_742' title='bbox 2914 5209 3148 5279; x_wconf 85' lang='grc' dir='ltr'>Χριστοῦ</span> <span class='ocrx_word' id='word_1_743' title='bbox 3175 5208 3469 5280; x_wconf 85' lang='grc' dir='ltr'>βαρϐάροις</span> <span class='ocrx_word' id='word_1_744' title='bbox 3493 5209 3552 5262; x_wconf 82' lang='grc' dir='ltr'>τὸ</span> <span class='ocrx_word' id='word_1_745' title='bbox 3575 5211 3729 5277; x_wconf 82' lang='grc' dir='ltr'>γένος</span> 
     </span>
    </p>
   </div>
   <div class='ocr_carea' id='block_1_107' title="bbox 2164 5298 3727 5375">
    <p class='ocr_par' dir='ltr' id='par_1_107' title="bbox 2164 5298 3727 5375">
     <span class='ocr_line' id='line_1_107' title="bbox 2164 5298 3727 5375; baseline -0.004 -17"><span class='ocrx_word' id='word_1_746' title='bbox 2164 5309 2193 5358; x_wconf 85' lang='grc' dir='ltr'><strong>ὁ</strong></span> <span class='ocrx_word' id='word_1_747' title='bbox 2227 5303 2496 5375; x_wconf 89' lang='grc' dir='ltr'>βάρϐαρος</span> <span class='ocrx_word' id='word_1_748' title='bbox 2525 5303 2618 5355; x_wconf 73' lang='grc' dir='ltr'>καὶ</span> <span class='ocrx_word' id='word_1_749' title='bbox 2653 5301 2806 5369; x_wconf 87' lang='grc' dir='ltr'>γένος</span> <span class='ocrx_word' id='word_1_750' title='bbox 2840 5300 2932 5353; x_wconf 75' lang='grc' dir='ltr'>καὶ</span> <span class='ocrx_word' id='word_1_751' title='bbox 2959 5298 3181 5369; x_wconf 83' lang='grc' dir='ltr'>γνώμην</span> <span class='ocrx_word' id='word_1_752' title='bbox 3203 5299 3299 5370; x_wconf 81' lang='grc' dir='ltr'>τὴν</span> <span class='ocrx_word' id='word_1_753' title='bbox 3321 5299 3577 5354; x_wconf 83' lang='grc' dir='ltr'>ἀσέϐειαν</span> <span class='ocrx_word' id='word_1_754' title='bbox 3613 5301 3727 5352; x_wconf 75' lang='grc' dir='ltr'>επι-</span> 
     </span>
    </p>
   </div>
   <div class='ocr_carea' id='block_1_108' title="bbox 2163 5389 3316 5463">
    <p class='ocr_par' dir='ltr' id='par_1_108' title="bbox 2163 5389 3316 5463">
     <span class='ocr_line' id='line_1_108' title="bbox 2163 5389 3316 5463; baseline -0.007 -13"><span class='ocrx_word' id='word_1_755' title='bbox 2163 5395 2391 5450; x_wconf 88' lang='grc' dir='ltr'>στέλλει.</span> <span class='ocrx_word' id='word_1_756' title='bbox 2422 5392 2531 5448; x_wconf 75' lang='lat' dir='ltr'><strong>Ka’t</strong></span> <span class='ocrx_word' id='word_1_757' title='bbox 2563 5393 2690 5463; x_wconf 77' lang='grc' dir='ltr'>περὶ</span> <span class='ocrx_word' id='word_1_758' title='bbox 2721 5391 2819 5462; x_wconf 79' lang='grc' dir='ltr'>μὲν</span> <span class='ocrx_word' id='word_1_759' title='bbox 2847 5391 3051 5444; x_wconf 79' lang='grc' dir='ltr'>τούτων</span> <span class='ocrx_word' id='word_1_760' title='bbox 3074 5389 3316 5459; x_wconf 81' lang='grc' dir='ltr'>ὕστερον.</span> 
     </span>
    </p>
   </div>
   <div class='ocr_carea' id='block_1_109' title="bbox 2228 5562 3710 5640">
    <p class='ocr_par' dir='ltr' id='par_1_109' title="bbox 2228 5562 3710 5640">
     <span class='ocr_line' id='line_1_109' title="bbox 2228 5562 3710 5640; baseline -0.006 -14"><span class='ocrx_word' id='word_1_761' title='bbox 2228 5571 2348 5626; x_wconf 84' lang='grc' dir='ltr'>Τῶν</span> <span class='ocrx_word' id='word_1_762' title='bbox 2379 5570 2434 5623; x_wconf 87' lang='grc' dir='ltr'>δὲ</span> <span class='ocrx_word' id='word_1_763' title='bbox 2462 5569 2691 5640; x_wconf 78' lang='grc' dir='ltr'>Γραφῶν</span> <span class='ocrx_word' id='word_1_764' title='bbox 2718 5567 2814 5630; x_wconf 84' lang='grc' dir='ltr'><strong>τάς</strong></span> <span class='ocrx_word' id='word_1_765' title='bbox 2838 5565 2936 5637; x_wconf 82' lang='grc' dir='ltr'>μὲν</span> <span class='ocrx_word' id='word_1_766' title='bbox 2965 5562 3320 5636; x_wconf 73' lang='grc' dir='ltr'>παλαιοτέρας</span> <span class='ocrx_word' id='word_1_767' title='bbox 3344 5565 3629 5634; x_wconf 82' lang='grc' dir='ltr'>ἀνατίθησι</span> <span class='ocrx_word' id='word_1_768' title='bbox 3650 5565 3710 5634; x_wconf 77' lang='grc' dir='ltr'>τῇ</span> 
     </span>
    </p>
   </div>
   <div class='ocr_carea' id='block_1_110' title="bbox 2163 5654 3710 5736">
    <p class='ocr_par' dir='ltr' id='par_1_110' title="bbox 2163 5654 3710 5736">
     <span class='ocr_line' id='line_1_110' title="bbox 2163 5654 3710 5736; baseline -0.006 -18"><span class='ocrx_word' id='word_1_769' title='bbox 2163 5664 2296 5736; x_wconf 84' lang='grc' dir='ltr'>πρὸς</span> <span class='ocrx_word' id='word_1_770' title='bbox 2335 5661 2497 5716; x_wconf 79' lang='grc' dir='ltr'>αὐτοῦ</span> <span class='ocrx_word' id='word_1_771' title='bbox 2530 5660 2791 5733; x_wconf 84' lang='grc' dir='ltr'>λεγομένῃ</span> <span class='ocrx_word' id='word_1_772' title='bbox 2813 5659 2997 5728; x_wconf 71' lang='grc' dir='ltr'>κακία,</span> <span class='ocrx_word' id='word_1_773' title='bbox 3020 5658 3180 5727; x_wconf 82' lang='grc' dir='ltr'>νόμον</span> <span class='ocrx_word' id='word_1_774' title='bbox 3206 5674 3263 5710; x_wconf 89' lang='grc' dir='ltr'><strong>τε</strong></span> <span class='ocrx_word' id='word_1_775' title='bbox 3289 5658 3382 5710; x_wconf 78' lang='grc' dir='ltr'><strong>καὶ</strong></span> <span class='ocrx_word' id='word_1_776' title='bbox 3403 5654 3710 5728; x_wconf 64' lang='grc' dir='ltr'>προφήτας·</span> 
     </span>
    </p>
   </div>
   <div class='ocr_carea' id='block_1_111' title="bbox 2163 5750 3720 5829">
    <p class='ocr_par' dir='ltr' id='par_1_111' title="bbox 2163 5750 3720 5829">
     <span class='ocr_line' id='line_1_111' title="bbox 2163 5750 3720 5829; baseline -0.008 -13"><span class='ocrx_word' id='word_1_777' title='bbox 2163 5762 2228 5817; x_wconf 76' lang='grc' dir='ltr'><strong>τά</strong></span> <span class='ocrx_word' id='word_1_778' title='bbox 2253 5761 2308 5816; x_wconf 75' lang='grc' dir='ltr'>δὲ</span> <span class='ocrx_word' id='word_1_779' title='bbox 2336 5760 2640 5829; x_wconf 74' lang='grc' dir='ltr'>Εὑαγγέλια</span> <span class='ocrx_word' id='word_1_780' title='bbox 2683 5758 2776 5812; x_wconf 66' lang='grc' dir='ltr'><strong>καὶ</strong></span> <span class='ocrx_word' id='word_1_781' title='bbox 2806 5756 2870 5811; x_wconf 83' lang='grc' dir='ltr'>τὰ</span> <span class='ocrx_word' id='word_1_782' title='bbox 2914 5755 3077 5810; x_wconf 79' lang='grc' dir='ltr'>λοιπά</span> <span class='ocrx_word' id='word_1_783' title='bbox 3101 5755 3197 5826; x_wconf 77' lang='grc' dir='ltr'><strong>τῆς</strong></span> <span class='ocrx_word' id='word_1_784' title='bbox 3218 5753 3423 5826; x_wconf 81' lang='grc' dir='ltr'>Καινῆς</span> <span class='ocrx_word' id='word_1_785' title='bbox 3445 5750 3720 5820; x_wconf 79' lang='grc' dir='ltr'>Διαθήκης</span> 
     </span>
    </p>
   </div>
  </div>
