3984 6212
247 356 394 414 1209

1340 366 1702 426 ADVERSUS
1740 370 2161 435 MANICHASOS
2197 379 2323 436 LIB.
2359 380 2440 439 111.

3341 395 3478 451 ﬁlo

253 468 548 542 μαθήματα
583 469 728 542 παρά
755 472 852 543 μὲν
883 474 976 528 τοῦ
1000 475 1225 544 ἀγαθοῦ,
1248 478 1322 544 ὡς
1350 479 1539 546 οίεται,
1573 484 1816 540 δεδόσθαι

1922 490 1958 544 ti
1989 506 2018 546 a
2048 493 2192 549 bono
2223 495 2348 550 data
2375 511 2497 553 esse
2520 495 2674 564 dicit,
2693 503 2748 554 ut
2777 506 2948 570 putat.
2985 500 3087 557 Sed
3113 518 3210 560 nec
3228 505 3340 561 haec
3360 511 3481 579 qui-
3572 547 3577 553 .

253 562 438 630 φησιν.
464 563 594 615 Οὑδέ
634 563 804 618 ταῦτα
861 565 966 637 μὴν
1013 570 1041 622 ό
1083 569 1183 639 τῆς
1219 569 1568 644 βλασφημίας
1597 578 1822 650 εὑρετὴς

252 656 634 728 διισχυρίζεται
685 657 752 710 δι’
798 658 920 713 ὅλου
973 661 1295 733 καθαρεύειν
1343 665 1468 732 τοῦ,
1512 666 1589 731 ῶς
1636 686 1819 739 φησιν,

252 750 491 810 ἐναντίου
513 750 667 804 Θεοῦσ
684 753 1006 826 ἐνυπάρχειν
1031 757 1086 810 δὲ
1114 759 1208 812 καὶ
1231 759 1456 826 τούτοις,
1476 761 1662 836 ὥσπερ
1683 767 1823 820 κατὰ

251 858 370 894 τινα
411 841 579 912 μίξιν,
611 843 782 898 πολλά
815 847 916 917 τῆς
955 848 1043 900 ὑπ’
1077 850 1240 902 αὐτοῦ
1287 852 1622 925 καλουμένης
1661 856 1816 930 ὕλης·

251 932 348 986 καὶ
377 934 592 1003 χρῆναι,
627 935 798 989 ταῦτα
832 938 1167 1009 περιελόντα,
1205 942 1338 1012 μόνα
1373 945 1493 998 καθ’
1525 947 1692 1002 ἐαυτά
1723 967 1824 1002 κα-

249 1024 516 1090 ταλιπεῖν,
550 1025 585 1080 ἃ
608 1030 674 1098 τῇ
698 1027 790 1081 τοῦ
816 1029 1020 1097 ἀγαθοῦ
1052 1033 1225 1104 μερίδι
1253 1033 1544 1104 λογίζεται.

321 1117 477 1172 Οῦτω
500 1118 611 1171 τῶν
644 1119 811 1188 ἁγίων
838 1121 1066 1192 Γραφῶν
1095 1124 1190 1193 τὴν
1211 1124 1510 1198 διόρθωσιν,
1529 1130 1602 1194 ὼς
1629 1129 1819 1195 οἴεται,

250 1207 375 1262 καθ’
393 1209 583 1264 ἐαυτὸν
612 1212 1140 1282 μεταχειριζόμενος,
1175 1216 1265 1268 καὶ
1300 1218 1384 1271 διὰ
1408 1219 1563 1274 τοῦτο
1593 1222 1822 1292 μάλιστα

248 1299 464 1369 τολμῶν
517 1300 872 1371 Παράκλητος
931 1298 1068 1358 εἷναι
1112 1306 1310 1371 δοκεῖν,
1352 1309 1420 1362 τά
1468 1312 1564 1381 μὲν
1607 1312 1822 1366 πλείονα

251 1391 600 1461 περιγράφει,
643 1392 848 1463 βραχέα
883 1395 975 1448 καὶ
1003 1396 1334 1458 καταλιπὼν,
1367 1401 1582 1472 καὶτῆς
1615 1403 1822 1474 Καινῆς

245 1480 527 1554 Διαθήκης
569 1483 835 1539 ποθοῦντα
877 1485 986 1541 τῶν
1029 1489 1303 1556 συγγενῶν
1349 1491 1520 1560 λόγων
1550 1492 1647 1564 τὴν
1683 1511 1822 1566 συμ-

248 1574 478 1644 φωνίαν.

322 1664 503 1717 Οῗεται
536 1667 634 1736 μὲν
659 1668 840 1739 πᾶσαν
861 1669 1156 1738 ἀσφάλειαν
1174 1672 1285 1741 (49)
1306 1675 1721 1744 περιτεθεῖσθαι,
1749 1677 1824 1742 ὡς

251 1755 393 1826 μόνα
415 1755 478 1827 δὴ
499 1757 566 1811 τὰ
589 1758 860 1829 δυνάμενα
891 1762 1302 1832 προσέλκεσθαι,
1331 1767 1463 1838 πρὸς
1488 1767 1523 1821 ἀ
1544 1769 1824 1839 τερατεύε-

245 1861 337 1898 ται
368 1845 770 1912 καταλελοιπώς
791 1866 806 1880 ’
844 1850 996 1903 οὐδὲν
1021 1851 1078 1904 δέ
1105 1847 1265 1925 ἦττον
1295 1856 1388 1908 καὶ
1429 1854 1600 1909 ταῦτα
1636 1857 1822 1926 σαφῶς
1856 1847 1894 1901 Β

246 1935 415 1989 αὐτοῦ
460 1935 720 2010 διελέγχει
771 1939 868 2010 τὴν
921 1942 1158 2014 ἄμετρον
1213 1946 1428 2016 μανίαν,
1462 1947 1556 2013 ὡς,
1604 1951 1818 2004 ἐπειδὰν

244 2027 380 2098 περὶ
407 2028 547 2083 αὒτά
570 2030 816 2104 γένηται,
847 2033 981 2087 Θεοῦ
1017 2036 1366 2108 παρέχοντος,
1392 2038 1551 2103 δείξει
1584 2040 1768 2110 σαφῶς
1791 2045 1818 2096 ὁ

241 2117 426 2188 λόγος.

318 2211 566 2264 Δεικτέον
587 2210 642 2265 δέ
667 2212 903 2283 πρῶτον,
919 2215 1066 2280 ὅπως
1085 2216 1274 2285 ἄλογον
1298 2223 1528 2274 ποιεῖται
1555 2221 1652 2292 τὴν
1681 2223 1821 2278 κατά

239 2301 356 2354 τῶν
397 2302 764 2375 ἀρχαιοτέρων
805 2306 977 2374 ἁγίων
1027 2307 1256 2379 Γραφῶν
1303 2309 1665 2383 βλασφημίαν,
1718 2333 1819 2368 πα-

239 2393 542 2466 λαιοτέροις
577 2397 676 2467 μὲν
709 2397 874 2452 αὑτοῦ
904 2404 1160 2470 πονηροῖς
1200 2403 1424 2475 ἀνδράσι
1468 2406 1558 2458 καὶ
1587 2406 1693 2458 ἀπὸ
1720 2410 1818 2478 τῆς

251 2485 586 2557 Ἐκκλησίας
623 2488 1056 2560 ἀποκηρυχθεῖσι
1104 2493 1243 2547 κατά
1273 2495 1429 2549 τοῦτο
1463 2498 1816 2569 συνενεχθεὶς,

236 2578 314 2647 τῇ
361 2577 406 2630 δ’
437 2578 660 2649 ἀσεϐείᾳ
693 2581 900 2645 πάντας
952 2585 1193 2650 ἐκείνους
1226 2587 1708 2660 ὑπερϐαλλόμενος.
1757 2592 1818 2645 Εἰ

240 2669 351 2739 μὲν
375 2665 490 2734 οῦν,
528 2670 776 2743 καθάπερ
803 2672 1062 2745 Ἕλληνες
1089 2678 1372 2732 ἀπιποῦσι
1402 2681 1676 2746 παντελῶς
1701 2687 1818 2747 ταῖς

238 2759 510 2829 ἱστορίαις
558 2759 665 2814 τῶν
721 2762 973 2831 Γραφῶν,
1020 2765 1162 2820 οὕτω
1196 2767 1260 2838 δὴ
1295 2771 1541 2834 κάκεῖνος
1578 2772 1818 2826 ἀπιστῶν

241 2850 472 2920 ἐφασκε,
507 2852 824 2925 μηδαμῶςῆ
854 2855 930 2919 ὡς
961 2855 1116 2927 ἔτυχε
1151 2858 1218 2911 τὰ
1247 2860 1432 2914 αὐτόθι
1466 2862 1819 2934 ἱστορούμενα

242 2945 550 3012 γεγονέναι,
574 2944 685 2999 οὔτ’
717 2946 784 3000 ἂν
833 2949 992 3018 ἡμεῖς
1020 2966 1072 3004 τι
1103 2950 1237 3021 πρὸς
1267 2952 1426 3005 αὐτὸν
1461 2954 1590 3025 περὶ
1617 2955 1819 3009 τούτων

242 3032 563 3105 ἐκινοῦμεν,
615 3032 724 3088 οὔτ’
765 3035 831 3090 ἂν
884 3035 1044 3100 αὐτὸς
1094 3037 1262 3108 μείζω
1330 3037 1419 3091 τὸν
1474 3038 1689 3111 ἔλεγχον
1731 3041 1820 3095 διὰ

242 3122 449 3177 τούτων
476 3125 789 3196 ὑπέμεινεν.

1925 584 2047 640 dem
2085 586 2188 642 iste
2225 588 2480 642 inventor
2507 588 2858 660 blasphemia:
2882 592 3110 648 aﬂirmat
3133 611 3253 652 esse
3275 613 3339 652 ex
3367 607 3483 656 toto

1921 694 1952 731 a
2004 680 2279 733 contrario
2323 679 2418 734 Dei
2457 696 2626 736 vacua
2673 691 2727 736 et
2768 699 2936 753 pura,
2982 685 3075 740 sed
3125 701 3246 742 esse
3295 687 3351 742 in
3396 691 3483 748 his

1923 769 2093 823 multa
2140 785 2170 824 a
2215 771 2476 834 materia,
2526 787 2688 841 quam
2736 782 2926 838 vocat,
2969 775 3235 844 admista,
3269 789 3483 848 oporte-

1927 874 2094 928 reque
2128 860 2214 916 his
2247 861 2444 918 ablatis
2477 864 2592 918 sola
2627 865 2966 935 relinquere,
3001 883 3122 937 qua:
3164 869 3231 924 ad
3275 879 3480 940 partem

1921 950 2048 1006 boni
2083 959 2297 1022 reputat
2323 955 2614 1022 pertinere.

1995 1123 2088 1180 Sic
2133 1127 2526 1182 correctionem
2573 1136 2884 1184 sanctarum
2935 1129 3370 1201 Scripturarum,
3422 1138 3484 1186 ut

1927 1218 2201 1288 Opinatur,
2237 1219 2387 1275 solus
2419 1221 2738 1290 aggrediens
2758 1261 2772 1286 ,
2801 1229 2853 1277 et
2887 1222 2989 1276 hac
3019 1222 3362 1292 potissimum
3393 1237 3484 1276 ra-

1924 1310 2070 1366 tione
2100 1325 2268 1366 ausus
2294 1311 2463 1366 videri
2498 1311 2844 1379 Paracletus,
2875 1314 3105 1384 plurima
3136 1315 3351 1385 quidem
3379 1315 3484 1368 tol-

1926 1403 2023 1467 lit,
2072 1418 2265 1473 pauca:
2291 1419 2418 1460 vero
2463 1403 2596 1459 Novi
2641 1404 2975 1461 Testamenti
3024 1408 3316 1478 relinquit,
3361 1423 3486 1477 quae

1925 1504 2250 1550 concentum
2285 1511 2349 1549 ac
2381 1495 2729 1551 concordiam
2761 1513 2884 1552 cum
2925 1499 3171 1569 cognatis
3213 1500 3484 1554 sermoni-

1924 1585 2025 1643 bus
2061 1587 2390 1642 desiderant.

1991 1677 2152 1734 Putat
2182 1680 2401 1750 quidem
2426 1695 2639 1737 omnem
2671 1681 3060 1752 blasphemiam
3090 1682 3171 1737 eis
3201 1682 3486 1752 imposuis-

1925 1784 1983 1824 se
2007 1809 2021 1833 ,
2061 1776 2119 1822 ut
2152 1770 2245 1840 qui
2282 1771 2372 1824 illa
2402 1771 2576 1826 solum
2610 1772 2918 1842 reliquerit,
2951 1788 3072 1841 qua:
3102 1771 3170 1825 ad
3205 1771 3293 1824 illa
3329 1787 3487 1826 nion~

1925 1870 2038 1915 stra
2068 1878 2189 1932 qua:
2221 1861 2409 1932 tingit,
2442 1863 2581 1916 trahi
2622 1863 2835 1932 possint
2864 1882 2877 1917 :
2925 1862 3092 1917 nihilo
3129 1876 3260 1917 vero
3303 1862 3486 1918 minus

1923 1954 2085 2008 etiam
2119 1954 2236 2009 haec
2267 1954 2440 2025 ipsius
2468 1957 2792 2020 amentiam,
2833 1964 2887 2010 et
2928 1954 3164 2010 furorem
3211 1969 3483 2009 summum

1923 2052 2260 2116 coarguunt,
2297 2055 2356 2101 ut
2380 2047 2603 2116 juvante
2638 2047 2745 2102 Deo
2773 2056 2956 2117 aperte
2982 2045 3282 2116 disputatio
3302 2085 3318 2110 ,
3353 2059 3481 2100 cum

1925 2140 1978 2193 in
2010 2140 2088 2194 eis
2122 2138 2451 2204 versabitur,
2489 2138 2723 2194 docebit.

1995 2231 2398 2288 Ostendendum
2430 2233 2592 2303 igitur
2624 2233 2798 2304 primo
2824 2239 2908 2288 est
2936 2246 3096 2302 quam
3126 2228 3405 2284 dementer
3430 2227 3487 2283 in

1924 2335 2142 2382 sanctas
2170 2323 2480 2394 Scripturas
2506 2333 2716 2380 veteres
2741 2324 3089 2394 blasphemus
3111 2329 3224 2386 est,
3252 2334 3488 2376 consen-

1925 2418 2065 2472 tiens
2107 2417 2371 2472 hactenus
2412 2431 2534 2470 cum
2585 2431 2645 2472 se
2678 2415 3106 2487 antiquioribus,
3137 2413 3272 2469 viris
3305 2411 3490 2482 pravis

1924 2509 2071 2563 etab
2100 2507 2342 2562 Ecclesia
2380 2507 2567 2578 ejectis
2593 2550 2607 2574 ,
2653 2509 2929 2580 impietate
2972 2520 3101 2562 vero
3128 2519 3318 2560 omnes
3366 2503 3488 2558 illos

1926 2614 2213 2669 superans.
2251 2597 2310 2653 Si
2345 2600 2512 2670 igitur
2543 2600 2686 2655 sicut
2713 2599 2939 2670 gentiles
2966 2597 3211 2653 historiis
3239 2594 3489 2666 Scriptu-

1923 2706 2110 2745 rarum
2137 2691 2354 2761 penitus
2381 2707 2487 2746 non
2519 2691 2780 2756 credunt,
2814 2689 2893 2745 sic
2921 2690 3082 2745 etiam
3115 2687 3205 2743 ille
3231 2702 3336 2743 non
3363 2701 3488 2741 cre-

1925 2782 2060 2837 dens
2087 2782 2388 2852 Scripturis
2409 2824 2424 2849 ,
2449 2797 2792 2852 nequaquam
2824 2791 2917 2835 aut
2945 2779 3168 2836 fortuito
3195 2777 3338 2834 iacta
3365 2791 3489 2833 esse

1925 2890 2044 2945 quae
2070 2875 2125 2928 in
2153 2876 2233 2930 eis
2257 2886 2568 2938 narrantur,
2600 2873 2823 2936 diceret,
2856 2888 3032 2943 neque
3063 2886 3164 2927 nos
3192 2869 3487 2942 quidquam

1924 2973 2114 3021 contra
2137 2981 2261 3022 eum
2289 2966 2355 3021 de
2377 2965 2463 3020 his
2485 2965 2887 3035 disputaremus
2910 3003 2925 3030 ,
2952 2977 3054 3019 nec
3081 2963 3200 3032 ipse
3226 2961 3485 3032 majorem

1923 3057 2362 3116 confutationem,
2381 3071 2477 3127 per
2512 3055 2625 3110 haec
2661 3055 2888 3110 subiret.
3343 3071 3352 3080 ·

331 3218 480 3272 Ἐπεὶ
498 3218 554 3272 δὲ
579 3219 677 3290 τὴν
715 3220 812 3290 μὲν
833 3220 1088 3292 ἀλήθειαν
1121 3221 1300 3284 αὐτοῖς
1321 3220 1413 3274 τοῦ
1445 3223 1630 3286 Ὀντος
1658 3239 1817 3291 γεγο-

1997 3234 2101 3292 Sed
2137 3234 2265 3305 quia
2300 3233 2581 3288 veritatem
2622 3230 2716 3286 Dei
2751 3231 2806 3284 in
2837 3230 2918 3286 eis
2961 3229 3129 3284 fuisse
3169 3234 3482 3290 attestatur,

245 3311 398 3366 νέναι
427 3311 841 3384 προσομολογεῖ,
881 3312 1058 3366 αἰτίαν
1098 3311 1155 3364 δὲ
1189 3313 1392 3366 τούτων
1425 3309 1560 3367 εἶναι
1602 3314 1696 3385 τὴν
1744 3314 1817 3385 μὴ

241 3399 408 3459 οὖσαν
440 3403 636 3456 κακίαν
661 3403 811 3471 φησί’
835 3403 975 3472 ξφέρε
1005 3403 1097 3455 καὶ
1119 3402 1212 3454 νῦν
1247 3403 1638 3474 ἀποδείξωμεν,
1672 3406 1819 3468 ὅπως

243 3495 342 3558 τὰς
368 3493 607 3565 μεγάλας
629 3492 905 3562 ἐνεργείας
941 3493 1244 3562 ἀνατίθησι,
1274 3493 1369 3546 καὶ
1389 3494 1457 3546 τὰ
1481 3495 1650 3566 μείζω
1682 3495 1816 3548 θαύ-

247 3601 392 3655 ματα
434 3586 500 3654 τῇ
555 3582 946 3653 διαϐαλλομένῃ
992 3582 1127 3654 πρὸς
1161 3583 1324 3637 αὐτοῦ
1358 3585 1526 3657 κακίᾳ
1560 3585 1634 3658 μὴ
1658 3586 1815 3652 νοῶν,

245 3675 342 3728 ἅτε
375 3672 438 3744 δὴ
468 3673 558 3726 τὸν
586 3672 842 3744 λογισμὸν
876 3672 1222 3742 τυφλὼττων,
1249 3673 1348 3738 τὰς
1393 3674 1727 3746 παραδόξους
1760 3678 1816 3730 ἐν

242 3769 364 3828 ταῖς
406 3765 670 3835 ἱστορίαις
720 3764 814 3817 τοῦ
863 3764 997 3818 Θεοῦ
1040 3765 1135 3819 τοῦ
1167 3765 1499 3838 δημιουργοῦ
1541 3767 1650 3822 τῶν
1681 3768 1816 3822 ὅλων

243 3856 576 3926 οἰκονομίας.

311 3949 448 4020 Φησὶ
479 3947 535 4002 δὲ
561 3947 696 4020 πρὸς
720 3946 863 4013 λέξιν
887 3947 1056 4018 αὐτὴν
1086 3948 1363 4021 ἐκεῖνος,ῆ
1394 3950 1580 4022 ἕτερός
1604 3969 1687 4015 τις
1710 3952 1815 4006 τῶν

240 4039 339 4092 ἀπ’
367 4037 596 4104 ἐκείνου,
622 4037 931 4110 ἐπιγράψας
953 4038 1013 4091 τὸ
1033 4038 1322 4108 κεφάλαιον
1347 4043 1592 4112 περὶτῆς
1611 4042 1816 4113 ἀνθρω⁶

244 4134 408 4204 πίνης
435 4131 903 4203 πρωτοπλαστίαςο
933 4131 1171 4200 Ἐπειδὴ
1203 4131 1307 4205 γὰρ
1332 4132 1606 4204 ἔγνωσαν
1636 4136 1690 4188 οἱ
1717 4134 1817 4203 ἅρ-

244 4241 478 4294 χοντες,
516 4224 597 4290 ὡς
641 4224 709 4277 ἐκ
761 4223 866 4278 τοῦ
913 4222 1320 4292 παραιρεῖσθαι
1349 4223 1415 4278 τὸ
1449 4223 1815 4291 ἁπαξαπλῶς

242 4321 536 4388 ἐμπίπτον
561 4320 648 4385 εἰς
676 4317 896 4384 αὐτοὺς
919 4317 1101 4387 μέρος
1132 4317 1240 4371 τοῦ
1272 4316 1484 4387 φωτὸς,
1508 4318 1694 4386 ταχὺς
1720 4319 1812 4372 ἐπ’

241 4411 462 4479 αὐτοὺς
491 4413 525 4465 ό
557 4410 808 4477 θάνατος
849 4409 980 4478 ἥξει
1001 4427 1015 4440 ·
1060 4409 1174 4477 τὴν
1213 4411 1299 4475 εἰς
1328 4410 1401 4463 τὰ
1433 4409 1675 4479 σώματα
1704 4409 1814 4478 τῆς

241 4503 450 4573 ψυχῆς
499 4501 752 4558 κάθοδον
799 4501 1245 4571 ἐμηχανήσατο,
1285 4501 1650 4571 ἀναδραμεῖν
1694 4503 1811 4571 μὲν

241 4596 436 4664 αὐτὴν
457 4595 734 4665 μηδόλως
767 4594 1109 4662 ζητοῦντες,
1143 4594 1523 4647 ἀνελθοῦσαν
1552 4592 1621 4646 δὲ
1655 4593 1810 4662 μηδὲ

240 4686 352 4755 τῆς
377 4685 603 4739 ἄνωθεν
625 4683 859 4751 λήξεως
877 4683 1055 4747 ἀξίαν
1087 4683 1492 4752 εὑρίσκεσθαι,
1519 4682 1808 4752 μιάσματι

241 4779 354 4848 τῆς
383 4777 608 4848 σαρκὸς
634 4777 1026 4846 ἀνεχομένην.

313 4871 426 4925 Καὶ
461 4873 575 4942 μετ’
603 4870 778 4938 ὀλίγαο
813 4868 907 4922 Διὸ
951 4867 1203 4933 ἕκαστος
1234 4865 1454 4931 αὐτῶν,
1488 4867 1620 4936 φησὶ
1641 4907 1654 4930 ,
1690 4866 1808 4919 τῶν

242 4961 352 5030 τῆς
383 4962 536 5029 ὕλης
569 4961 894 5030 ἀρχόντων,
937 4958 1009 5012 ὂν
1041 4960 1261 5028 τρόπον
1285 4959 1664 5027 προείπομεν,
1699 4957 1806 5027 τῆς

242 5051 566 5122 γενομένης
621 5050 911 5119 κινήσεως
959 5050 1184 5113 ἕνεκεν,
1225 5050 1321 5103 καὶ
1367 5049 1475 5104 τοῦ
1514 5048 1810 5118 φανέντος

244 5146 478 5215 πρῶτον
507 5144 605 5198 ἐπὶ
633 5143 746 5210 τὴν
773 5144 1076 5210 λύτρωσιν
1107 5141 1217 5210 τῆς
1246 5141 1472 5211 ψυχῆς,
1489 5139 1600 5209 τῆς
1628 5141 1810 5208 θύρας

243 5236 478 5307 πρῶτον
515 5235 877 5304 ἁνοιγείσης,
913 5235 1013 5286 ὑπ’
1055 5232 1404 5299 ἐκπλήξεως
1428 5233 1590 5286 ἄκων
1627 5248 1806 5286 κατα-

1924 3342 2144 3383 causam
2177 3340 2305 3382 vero
2334 3325 2526 3378 horum
2559 3339 2681 3378 esse
2725 3322 2800 3376 ait
2832 3321 3124 3391 nequitiam
3145 3359 3160 3383 ,
3197 3335 3317 3390 quae
3349 3317 3487 3372 nihil

1923 3431 2006 3476 est
2038 3461 2053 3486 ,
2089 3434 2186 3490 age
2207 3459 2220 3482 ,
2253 3417 2546 3472 doceamus
2578 3429 2720 3469 nunc
2742 3453 2756 3476 ,
2792 3412 3064 3482 quomodo
3097 3423 3486 3483 magnaopera

1924 3527 1986 3566 ac
2021 3511 2193 3582 magis
2225 3507 2544 3564 admiranda
2577 3507 2832 3578 nequitiae
2863 3519 3024 3574 quam
3059 3503 3175 3573 ipse
3223 3505 3485 3565 accusat,

1923 3602 2208 3669 attribuit;
2261 3600 2460 3671 quippe
2512 3599 2602 3668 qui
2652 3610 2794 3651 caeca
2845 3593 3056 3648 ratione
3089 3607 3197 3646 non
3231 3587 3487 3658 intelligit

1921 3695 2268 3750 admirabiles
2326 3691 2416 3746 Dei
2470 3689 2734 3746 creatoris
2785 3687 3162 3742 universorum
3214 3683 3485 3755 guberna-

1922 3790 2098 3845 tiones
2128 3803 2190 3842 ac
2220 3785 2588 3858 providentias
2609 3824 2626 3852 ,
2660 3797 2781 3854 qua:
2814 3781 2868 3835 in
2897 3778 3145 3834 historiis
3176 3777 3448 3833 feruntur.

1989 3949 2078 4000 Ait
2109 3945 2274 4016 igitur
2306 3943 2370 3998 ad
2402 3943 2628 3998 verbum
2671 3940 2784 3997 sive
2831 3939 2920 3993 ille
2945 3977 2961 4002 ,
2992 3936 3106 3992 sive
3151 3935 3291 3991 alius
3328 3933 3480 4004 quis-

1920 4036 2064 4106 piam
2092 4035 2212 4104 ejus
2239 4034 2559 4104 discipul‘us.
2593 4032 2685 4102 qui
2712 4039 2874 4101 caput
2905 4027 3184 4099 inscripsit
3211 4025 3278 4081 de
3303 4025 3476 4096 prima

1919 4127 2244 4182 formatione
2276 4126 2512 4180 humana
2541 4143 2554 4179 :
2591 4123 2730 4189 Quia
2760 4130 3105 4192 cognoverunt
3141 4120 3479 4190 magistratus

1919 4218 2178 4282 materiae,
2223 4216 2381 4287 quod,
2419 4216 2466 4270 si
2495 4216 2706 4269 omnino
2730 4231 2855 4284 pars
2898 4213 3110 4267 luminis
3132 4210 3269 4283 quod
3312 4213 3364 4263 in
3393 4226 3478 4263 eos

1919 4310 2124 4374 incidit,
2160 4310 2370 4363 omnino
2402 4309 2718 4378 auferretur,
2739 4323 2878 4360 mors
2906 4308 2980 4360 eis
3008 4305 3297 4360 adventura
3322 4316 3476 4367 esset,

1919 4403 2207 4457 machinati
2234 4412 2356 4456 sunt
2387 4402 2690 4456 descensum
2730 4401 2922 4454 anima:
2961 4399 3016 4453 in
3058 4413 3278 4466 corpora
3303 4413 3322 4451 :
3363 4412 3479 4468 qute

1918 4494 2125 4564 quidem
2171 4511 2233 4548 ne
2275 4494 2385 4546 ullo
2445 4493 2598 4546 modo
2638 4491 2862 4554 rediret,
2906 4489 3042 4544 unde
3099 4489 3476 4552 descendisset,

1913 4587 2013 4655 ipsi
2042 4594 2323 4648 curarent,
2352 4602 2556 4639 reversa
2581 4601 2698 4638 vero
2719 4627 2733 4652 ,
2763 4593 2821 4638 ut
2843 4600 2945 4637 non
2977 4584 3291 4652 reperiretur
3318 4581 3478 4652 digna

1913 4677 2235 4730 habitatione
2264 4691 2483 4744 supera,
2511 4685 2687 4743 utpote
2733 4675 2970 4744 foeditate
3005 4673 3180 4727 carnis
3207 4674 3478 4744 inquinata

1912 4780 1959 4823 et
1987 4769 2212 4838 polluta.

1984 4860 2050 4914 Et
2092 4860 2254 4932 paulo
2302 4867 2461 4930 post:
2513 4856 2862 4923 Quamobrem
2900 4855 3252 4926 unusquisque
3295 4871 3477 4908 eorum

1913 4955 2003 5024 qui
2034 4963 2156 5008 sunt
2195 4955 2541 5024 magistratus
2567 4951 2805 5005 materia:
2827 4991 2842 5015 ,
2870 4951 3003 5003 sicut
3033 4949 3263 5002 diximus
3292 4949 3438 5015 prius
3457 4987 3478 5010 ,

1910 5055 2120 5116 propter
2149 5056 2349 5099 motum
2385 5045 2616 5114 factum,
2645 5054 2695 5096 et
2721 5052 2928 5111 propter
2965 5057 3082 5094 eum
3122 5040 3209 5110 qui
3247 5040 3475 5107 primum

1909 5139 2154 5210 apparuit
2202 5137 2270 5190 ad
2313 5137 2715 5204 redemptionem
2766 5136 2990 5196 animm,
3025 5133 3198 5202 janua
3246 5132 3473 5196 primum

1911 5241 2096 5299 aperta
2121 5269 2136 5294 ,
2159 5246 2269 5298 prie
2292 5238 2490 5283 terrore
2521 5229 2714 5282 invitus
2739 5227 2961 5280 dimissa
2991 5227 3180 5278 virtute
3203 5239 3314 5277 σοιιε
3338 5224 3390 5276 in
3414 5239 3476 5276 eo

244 5327 483 5397 πέμψας
509 5324 622 5395 τὴν
645 5326 714 5378 ὲν
741 5322 900 5389 αὐτῷ
927 5323 1200 5392 δύναμιν,
1215 5323 1562 5392 ἐμόρφωσεν
1593 5323 1809 5376 ἑαυτὸν

1922 5331 2055 5386 ενοι,
2101 5321 2350 5390 formavit
2395 5322 2621 5389 seipsum
2665 5320 2733 5372 ad
2774 5318 3062 5372 venandum
3120 5316 3373 5378 animum,
3421 5324 3469 5367 et

244 5420 330 5485 εις
351 5415 580 5487 θήραμα
613 5414 718 5484 τῆς
744 5413 967 5484 ψυχῆς,
999 5414 1095 5468 καὶ
1119 5415 1350 5483 μίμημα
1391 5413 1578 5469 αὑτοῦ
1617 5413 1804 5468 ἔπλα-

244 5526 357 5564 σεν
409 5511 508 5563 ἐπὶ
561 5508 670 5577 τῆς
726 5507 858 5578 τῆς,
899 5507 1004 5561 τοῦ
1051 5504 1576 5572 δυσαποσπάστως
1641 5506 1806 5575 ἔχειν

247 5600 548 5669 ἠνάγκασε
586 5598 689 5664 τὰς
721 5598 922 5668 ψυχὰς
947 5595 1490 5665 κατακηλουμένας.
1519 5595 1628 5649 Καὶ
1657 5595 1806 5650 πλά-

320 5756 425 5829 (49)
478 5752 845 5824 Ἀσφάλειαν.
877 5753 1045 5810 Aliter
1079 5751 1290 5824 legebat
1325 5750 1614 5820 interpres.

1912 5413 2260 5466 imitationem
2303 5412 2388 5466 sui
2436 5411 2602 5479 ﬁnxit.
2631 5410 2686 5462 in
2736 5419 2908 5471 terra,
2956 5404 3217 5477 coegitque
3262 5406 3470 5458 animos

1913 5502 2163 5556 delinitas
2184 5541 2198 5560 .
2231 5511 2288 5554 ut
2323 5501 2530 5570 difﬁcile
2571 5499 2634 5552 ab
2675 5515 2736 5552 ea
2778 5498 3070 5552 imitatione
3101 5496 3466 5549 abstraheret:-

1916 5605 2021 5648 tur.
2057 5595 2132 5649 Ac
2167 5594 2392 5662 primum
2425 5593 2630 5662 quidem
2661 5593 2830 5648 Adam
2875 5590 2938 5644 ab
2973 5591 3047 5644 eis
3082 5593 3374 5659 formatus.
3406 5602 3471 5641 ac
