4022 6208
498 285 652 419 εειι

1654 340 1787 396 TlTl
1822 338 2248 398 BO‘TRENSIS
2282 336 2592 396 EPISCOPI

3608 337 3763 392 ιειε

509 450 668 522 ﬁctas
712 460 792 506 est
839 452 1243 507 instrumentum
1288 456 1596 527 cupiditatis
1627 468 1675 513 et
1715 477 1835 515 esca
1875 462 2079 515 anima-

2196 474 2303 528 γμα
2331 455 2531 511 αὐτῶν
2559 453 2691 509 ἐστι
2718 453 2954 524 πρῶτον
2978 456 3012 508 ό
3047 451 3250 525 Ἀδὰμ,
3268 455 3526 526 ὄργανον
3553 454 3751 509 ἐπιθυ-

502 556 631 600 νυηι
658 559 686 597 e
713 542 838 596 celo
870 540 1292 599 descendentium
1318 557 1369 602 et
1399 549 1642 603 machina
1670 550 1739 604 ad
1762 546 2077 607 tradendum

2196 551 2314 615 ιίας
2350 549 2451 602 καὶ
2484 546 2699 616 δέλεαρ
2755 546 2876 600 τῶν
2927 547 3155 603 ἀνωθεν
3186 546 3402 617 ψυχῶν
3437 547 3539 602 καί
3565 549 3753 617 μηχά-

507 653 600 693 eas
630 637 683 689 in
714 651 957 706 corpora.

584 746 826 802 Primum
856 758 1036 805 autem
1067 751 1527 808 considerandum
1554 761 1640 809 est
1660 794 1676 818 ,
1703 763 1963 825 quantam
1991 769 2083 811 sa-

511 837 774 908 pientiam
811 840 1068 910 Opinione
1105 858 1206 898 sua
1246 845 1473 899 ascribit
1516 851 1571 899 et
1621 852 1916 901 attestatur
1966 862 2083 900 ma-

514 931 837 1000 gistratibus
880 933 1156 1000 materiae,
1201 950 1364 1006 quam
1398 936 1623 990 omnino
1663 936 1731 991 de
1772 937 2083 1007 ignorantia

516 1022 845 1078 condemnat
873 1032 928 1080 et
957 1026 1263 1096 vituperat,
1313 1033 1573 1099 tanquam
1616 1029 1939 1085 machinatis
1987 1045 2085 1101 per

516 1128 738 1169 carnem
769 1116 1093 1174 descensum
1127 1120 1321 1175 anima:
1358 1119 1426 1175 ad
1477 1136 1595 1182 eos,
1623 1137 1692 1177 ne
1738 1122 2086 1191 privarentur

516 1205 722 1263 lumine
751 1207 832 1263 eis
864 1209 1131 1274 admisto,
1164 1212 1255 1281 qui
1283 1227 1476 1268 rursus
1505 1213 1684 1268 redire
1713 1218 1948 1268 animam
1975 1229 2083 1269 non

516 1295 792 1367 sinerent;
829 1301 914 1355 sin
949 1318 1081 1357 vero
1120 1304 1354 1368 rediret,
1400 1304 1621 1375 indigna
1657 1321 1894 1375 superna
1931 1307 2083 1361 habi-

517 1387 724 1443 tatione
755 1395 1015 1459 tanquam
1068 1391 1323 1447 sordibus
1359 1394 1543 1449 carnis
1584 1395 1791 1463 polluta
1837 1395 2086 1450 declara-

517 1487 692 1545 rctur,
716 1482 874 1551 quasi
898 1498 1006 1537 non
1033 1494 1216 1554 posset
1249 1484 1394 1541 Deus
1417 1486 1652 1540 animam
1683 1502 1712 1540 a
1751 1504 1812 1542 se
1844 1497 2083 1543 creatam

520 1572 729 1642 integre
791 1588 1024 1641 servare.
1072 1576 1250 1631 victus
1322 1578 1590 1633 machinis
1670 1562 2084 1650 magistratuum

518 1665 777 1721 materia.
817 1666 895 1720 Ac
931 1666 998 1723 de
1039 1668 1125 1725 bis
1186 1669 1406 1740 quidem
1465 1671 1643 1727 adhuc
1677 1671 1860 1729 dicere
1903 1689 2084 1727 annon

517 1762 603 1811 est
637 1757 925 1813 ridiculum
956 1761 980 1813 ?

589 1867 727 1935 Quia
757 1886 885 1927 vero
945 1871 1041 1937 ait,
1093 1872 1327 1943 primum
1368 1875 1514 1945 quod
1568 1875 1917 1946 magistratus
1973 1893 2088 1931 ma-

518 1962 670 2017 teriae
700 1961 1093 2031 formaverunt,
1126 1981 1249 2022 esse
1288 1966 1457 2023 Adam
1488 1968 1907 2024 instrumentum
1936 1971 2088 2040 cupi-

520 2053 727 2117 ditatis,
751 2062 803 2108 et
833 2070 1012 2110 escam
1039 2073 1398 2127 supernarum
1422 2059 1723 2113 animarum
1755 2077 1766 2111 :
1798 2060 2089 2116 didicimus

520 2143 650 2198 hinc
682 2148 830 2201 clare
873 2162 996 2202 eum
1036 2147 1239 2211 dieare,
1268 2164 1389 2204 esse
1420 2151 1693 2206 hominem
1738 2150 2026 2205 formatum
2057 2168 2087 2205 a

520 2235 772 2298 materia,
800 2252 920 2306 quae
953 2237 1175 2292 minime
1212 2248 1316 2301 est,
1342 2240 1433 2309 qui
1468 2241 1704 2295 materiae
1736 2251 1788 2295 et
1832 2242 2091 2311 nequith

521 2326 726 2397 ubique
752 2329 873 2398 plus
904 2330 1092 2384 tribuit
1129 2332 1475 2387 simulatione
1511 2334 1896 2388 accusationis.
1934 2332 2090 2388 Nunc

521 2426 705 2471 autem
744 2421 915 2490 ipsam
962 2420 1092 2475 dicit
1147 2422 1420 2476 hominem
1475 2423 1692 2490 fecisse,
1741 2426 1939 2479 animal
1979 2442 2095 2479 out-

521 2510 672 2563 nium
723 2512 1038 2567 animalium
1096 2528 1216 2584 qua:
1264 2514 1318 2568 in
1374 2515 1575 2569 mundo
1624 2531 1885 2587 corporeo
1940 2526 2085 2581 sunt,

521 2603 1033 2670 praestantissimum
1075 2619 1137 2658 ac
1186 2606 1421 2660 maxime
1468 2607 1697 2677 regium,
1753 2615 1940 2677 utpote
1996 2624 2089 2661 ra-

521 2686 671 2741 tione
702 2689 981 2757 prteditum
1027 2698 1081 2744 et
1122 2690 1441 2748 admirabile
1480 2703 1594 2748 tum
1630 2697 1842 2750 ratione
1884 2705 2092 2753 natura:

523 2786 639 2832 tum
681 2780 944 2835 institutis
976 2790 1139 2851 atque
1164 2785 1676 2847 exercitationibus.
1721 2787 2088 2853 Quaestione":

524 2878 704 2923 autem
734 2870 886 2940 ponit
914 2871 982 2926 de
1016 2874 1271 2929 universo
1303 2876 1505 2929 mundo
1525 2918 1539 2937 ,
1571 2893 1741 2946 quare
1772 2878 1946 2933 factus
1971 2880 2093 2934 est?

596 2961 671 3017 De
701 2963 919 3026 homine
948 2972 1150 3031 autem,
1175 2965 1302 3020 dum
1331 2968 1520 3021 nititur
1557 2968 1951 3033 demonstrare,
1982 2985 2090 3025 non

523 3060 711 3110 esse‘a
742 3054 852 3111 Deo
889 3055 1199 3123 formatum,
1250 3067 1428 3113 movet
1462 3060 1596 3115 alias
1624 3061 1955 3130 quaestiones
1993 3061 2089 3117 deo

2175 655 2334 709 νημα
2360 637 2467 693 τοῦ
2498 638 2686 704 αὐτὰς
2711 640 2798 705 εις
2820 637 3062 708 σώματα
3087 639 3397 708 ἐμπίπτειν

2244 748 2553 820 Σκοπητέον
2586 750 2683 820 μὲν
2714 749 2779 822 δὴ
2809 748 3044 822 πριῖιτον,
3084 750 3216 819 ὅσην
3249 751 3438 820 σοφίαν
3466 767 3751 823 προσμαρ-

2178 843 2332 914 τυρεῖ
2373 844 2498 904 τοῖς
2538 841 2816 912 ἄρχουσιν,
2850 841 2926 906 ὡς
2973 840 3163 904 οῐεται,
3214 844 3313 912 τῆς
3355 839 3511 911 ὕλης,
3549 841 3620 911 ἢν
3668 844 3752 894 ἐπ’

2178 934 2371 1004 ἀγνοίᾳ.
2398 933 2576 1004 πάντη
2608 933 2850 998 κακίζειο
2882 933 2977 997 ὡς,
3010 934 3095 986 ἵνα
3154 933 3227 1005 μὴ
3282 930 3625 1004 ἀφαιρεθῶσι
3662 932 3752 985 τοῦ

2180 1023 2574 1095 προσμιγέντος
2599 1024 2782 1087 αὐτοῖς
2805 1022 2980 1092 φωτὸς
3009 1023 3486 1095 μεμηχανημένοις
3511 1020 3603 1075 διά
3627 1038 3755 1093 σαρ-

2180 1114 2276 1177 κὸς
2299 1115 2400 1187 τὴν
2447 1116 2529 1178 είς
2561 1114 2757 1178 αὐτοὺς
2785 1114 3009 1168 κάθοδον
3042 1118 3139 1185 τῆς
3164 1114 3342 1185 ψυχῆς
3360 1154 3375 1177 ,
3420 1113 3753 1185 ἀναδραμεῖν

2185 1207 2283 1277 μὲν
2315 1203 2470 1271 αὖθις
2500 1207 2670 1278 αὐτὴν
2699 1207 2799 1260 οὐκ
2828 1205 3021 1270 ἐῶντες
3042 1224 3056 1237 ·
3089 1207 3136 1258 εἰ
3181 1205 3239 1259 δὲ
3284 1206 3378 1259 καὶ
3429 1206 3757 1277 ἀναδρὰμοι,

2184 1297 2408 1364 ἀναξίαν
2438 1297 2833 1367 ἀποφαίνεσθαι
2860 1299 2965 1352 τῶν
2996 1298 3109 1352 ἄνω
3143 1296 3521 1369 μεμιασμένην
3558 1299 3753 1370 σαρκί·

2181 1388 2257 1450 ὡς
2287 1385 2544 1441 ἀδύνατον
2578 1383 2719 1441 εἶναι
2755 1389 2929 1458 πάντη
2960 1388 3038 1459 τῷ
3058 1387 3246 1458 ἀγαθῷ
3273 1388 3373 1461 τὴν
3402 1390 3534 1461 παρ’
3563 1390 3758 1444 ἑαυτοῦ

2181 1480 2358 1552 ψυχὴν
2408 1481 2701 1553 ὁλόκληρον
2744 1480 3127 1544 διασώσασθαι,
3163 1483 3282 1545 ταῖς
3331 1485 3602 1554 μηχαναῖς
3646 1484 3759 1535 τῶν

2183 1573 2459 1643 ἀρχόντων
2488 1574 2586 1645 τῆς
2616 1564 2748 1644 ῦλης
2780 1574 3103 1644 ἡττώμενον.
3132 1575 3241 1629 Καὶ
3272 1576 3401 1645 περὶ
3433 1575 3534 1646 μὲν
3554 1575 3760 1630 τούτων

2185 1663 2264 1717 ἔτι
2288 1664 2380 1718 καὶ
2407 1664 2584 1734 λέγειν
2610 1664 2725 1728 πῶς
2762 1664 2836 1736 μὴ
2869 1665 3038 1733 γέλως
3067 1661 3133 1737 ﬁ;

2274 1865 2426 1918 Ἐπεὶ
2450 1864 2507 1917 δέ
2536 1882 2720 1936 φησιν,
2745 1865 2827 1919 ὅτι
2859 1862 3084 1936 πλάσμα
3111 1864 3325 1937 πρῶτόν
3358 1866 3477 1917 ἐστι
3520 1863 3628 1917 15w
3660 1865 3766 1935 ἁρ-

2190 1956 2389 2026 χόντων
2431 1955 2532 2025 τῆς
2565 1956 2697 2027 ῦλης
2735 1959 2763 2010 ὁ
2810 1956 3000 2027 Ἀδάμ,
3042 1956 3271 2027 ὄργανον
3321 1957 3625 2027 ἐπιθυμίας
3672 1958 3769 2010 καὶ

2187 2048 2375 2120 δέλεαρ
2414 2048 2523 2101 τῶν
2566 2049 2770 2103 ἄνωθεν
2802 2049 3014 2119 ψυχῶν·
3049 2049 3187 2112 τέως
3222 2048 3648 2120 μεμαθήκαμεν,
3685 2050 3767 2102 ὅτι

2191 2138 2376 2209 σαφῶς
2406 2138 2710 2192 πεπλάσθαι
2746 2140 2882 2211 πρὸς
2910 2139 3009 2209 τῆς
3058 2140 3132 2211 μὴ
3162 2139 3328 2211 οὔσης
3378 2140 3512 2213 ὕλης
3538 2142 3633 2194 τὸν
3678 2143 3771 2197 ἂν·

2190 2231 2402 2303 θρωπον
2431 2231 2598 2301 λέγει,
2630 2235 2658 2286 ὁ
2698 2231 2969 2303 πανταχοῦ
3008 2236 3073 2305 τῇ
3110 2232 3214 2307 ὕλῃ
3260 2236 3357 2288 καὶ
3385 2237 3451 2305 τῇ
3496 2234 3673 2305 κακία
3708 2250 3769 2288 το

2192 2323 2350 2380 πλέον
2386 2323 2565 2393 νέμων
2624 2327 2980 2395 προσποιήσει
3047 2324 3324 2396 διαϐολῆς.
3381 2326 3495 2378 Καὶ¹
3556 2325 3657 2379 νῦν
3704 2327 3767 2397 δὴ

2191 2415 2474 2486 ἄνθρωπον
2508 2416 2676 2485 αὐτὴν
2711 2416 3064 2486 πεποιηκέναι
3103 2415 3272 2485 λέγει,
3304 2417 3367 2469 τὸ
3397 2415 3765 2486 βασιλικώτα-

2190 2521 2279 2559 τον
2313 2506 2405 2559 καὶ
2455 2505 2827 2578 ἀρχικώτατον
2869 2507 3082 2560 πάντων
3114 2507 3179 2580 δὴ
3221 2507 3330 2561 τῶν
3374 2509 3436 2561 ὲν
3472 2508 3556 2579 τῷ
3584 2526 3770 2580 σωμα-

2190 2599 2327 2671 τικῷ
2355 2600 2542 2671 κόσμῳ
2578 2598 2752 2667 ζώων,
2790 2599 2885 2655 ἆτε
2927 2599 2992 2671 δὴ
3039 2600 3196 2670 μόνον
3248 2599 3469 2670 λογικὸν
3498 2602 3763 2672 ὑπάρχον,

2192 2694 2285 2746 καὶ
2309 2692 2610 2763 Θαυμάσιον
2646 2691 2723 2763 τῷ
2753 2710 2810 2746 τε
2855 2691 3098 2763 λογισμῷ
3127 2692 3224 2763 τῆς
3259 2691 3480 2761 φύσεως
3522 2694 3614 2747 καὶ
3650 2696 3767 2757 τοῖς

2192 2781 2636 2851 ἐπιτηδεύμασιν.
2706 2781 3004 2850 Ἐπαπορεῖ
3073 2781 3171 2853 μὲν
3241 2782 3305 2851 δὴ
3352 2784 3452 2836 καὶ
3496 2784 3620 2850 περὶ
3663 2782 3764 2836 τοῦ

2194 2874 2393 2937 παντὸς
2422 2874 2646 2945 κόσμου,
2670 2874 2763 2928 τοῦ
2798 2874 2957 2947 χάριν
2988 2875 3226 2948 ἐγένετο.

2262 2966 2396 3039 Περὶ
2441 2966 2498 3020 δὲ
2558 2966 2843 3039 ἀνθρώπου
2895 2967 3157 3022 δεικνύειν
3201 2968 3519 3041 ἐπιχειρῶν,
3552 2969 3630 3033 ὼς
3670 2968 3774 3024 οῦκ

2192 3054 2307 3108 ἔστι
2343 3055 2564 3125 πλάσμα
2611 3056 2769 3121 Θεοῦ,
2814 3059 2955 3110 κινεῖ
3003 3058 3103 3128 μὲν
3155 3058 3398 3129 ἀνοήτως
3441 3058 3533 3111 καὶ
3577 3059 3771 3127 ἕτερα.

528 3149 1099 3216 tuenteszQuomodo,
1146 3151 1344 3222 inquit,
1396 3152 1540 3207 dedit
1585 3154 1723 3208 Deus
1768 3154 1896 3208 Λάιε
1938 3173 2090 3209 man-

2196 3145 2323 3212 Πῶς
2360 3146 2429 3200 δὲ
2470 3148 2570 3201 καὶ
2619 3148 2881 3216 ἐντολὴν
2911 3147 3137 3213 ἐδίδου,
3169 3150 3367 3219 φησὶν,
3417 3152 3450 3202 ό
3481 3149 3626 3215 Θεὸς
3686 3149 3776 3216 τῷ

526 3237 751 3296 datum?
779 3240 1006 3295 alterum
1036 3242 1175 3296 enim
1212 3258 1277 3297 ex
1317 3242 1520 3298 duobus
1572 3262 1775 3300 necesse
1817 3255 1895 3300 est
1937 3261 1954 3299 :
2002 3256 2092 3300 aut

527 3333 867 3404 cognoscebat
916 3335 1054 3405 quod
1098 3347 1529 3407 transgressurus
1578 3350 1734 3402 esset,
1778 3349 1827 3394 et
1870 3341 1945 3393 sic
1991 3358 2095 3395 non

528 3424 704 3479 solum
730 3426 937 3495 frustra
970 3437 1018 3480 et
1047 3428 1285 3482 inaniter
1311 3428 1478 3492 dedit,
1504 3430 1592 3484 sed
1621 3432 1728 3499 ipse
1754 3442 1828 3486 est
1854 3432 1910 3485 in
1940 3433 2096 3501 culpa

527 3526 580 3571 et
638 3534 755 3571 reus
803 3520 1004 3587 peccati
1053 3520 1197 3574 illius
1231 3538 1249 3575 :
1304 3531 1394 3575 aut
1444 3523 1489 3577 si
1541 3522 1753 3575 dicatur
1803 3524 2094 3592 ignorasse,

527 3624 735 3664 necesse
767 3620 844 3665 est
874 3609 1066 3674 dicere,
1104 3612 1265 3666 Deum
1296 3613 1596 3684 ignorantia
1622 3615 1900 3681 pra'ditum
1930 3633 2041 3670 esse
2077 3634 2095 3671 :

528 3709 590 3755 ut
621 3702 732 3771 jam
763 3704 1077 3758 mandatum
1116 3705 1333 3775 quidem
1369 3722 1397 3758 a
1431 3707 1692 3776 nequitia.
1728 3714 1785 3760 ut
1815 3708 2092 3778 opinatur,

528 3793 714 3848 datum
759 3795 921 3850 fuerit
960 3797 1027 3849 ad
1077 3797 1442 3851 insidiandum
1497 3797 1724 3860 homini,
1776 3807 1823 3853 et
1875 3814 1983 3853 non
2028 3799 2094 3853 ad

530 3884 696 3939 adium
744 3902 903 3941 usum
941 3905 953 3940 :
992 3886 1237 3954 adjutum
1283 3903 1412 3942 vero
1456 3902 1780 3957 magnopere
1822 3888 2013 3952 fuisse,
2042 3898 2096 3944 et

528 3977 820 4033 liberatum
858 3978 1154 4042 hominem,
1182 3995 1305 4034 cum
1336 3979 1567 4034 credidit
1602 3981 1834 4057 consilio
1872 3996 2097 4050 serpen—

532 4070 623 4135 tis,
654 4086 815 4140 quem
857 4071 1105 4141 angelum
1143 4070 1236 4125 Dei
1269 4087 1392 4127 esse
1420 4070 1684 4126 decernit.
1713 4070 1897 4126 Circus
1934 4072 2095 4135 enim,

529 4160 729 4231 inquit,
765 4170 900 4215 erat.
935 4160 1067 4215 Cum
1107 4169 1281 4216 autem
1328 4172 1589 4232 gustasset
1625 4163 1858 4227 vetitum,
1908 4180 2098 4233 cogno-

529 4253 602 4307 vit
636 4270 691 4307 se
722 4269 834 4307 esse
878 4252 1095 4317 nudum,
1138 4263 1184 4307 et
1226 4262 1519 4323 tegumenta
1561 4255 1767 4308 invento
1806 4270 1930 4308 usus
1972 4266 2096 4318 est;

529 4346 866 4416 cognouitque
922 4343 1113 4398 bonum
1154 4355 1202 4398 et
1251 4345 1473 4399 malum.
1524 4343 1614 4399 Sic
1660 4362 1908 4415 magnam
1965 4348 2098 4414 cepit

512 4434 838 4489 utilitatem.

602 4545 898 4613 Quomodo.
938 4546 1148 4615 inquit,
1185 4545 1351 4600 Deum
1381 4546 1559 4612 decet,
1593 4557 1649 4600 ut
1673 4546 1815 4601 dicat
1855 4563 1873 4602 :
1912 4568 1931 4599 ι
1967 4548 2100 4604 Ecce

532 4636 705 4692 Adam
755 4635 929 4707 factus
976 4644 1054 4691 est
1093 4646 1348 4703 tanquam
1402 4652 1540 4690 unus
1586 4652 1650 4691 ex
1711 4637 1883 4701 nobis,
1931 4639 2098 4694 sciens

532 4726 725 4783 bonum
750 4737 801 4783 et
828 4728 1029 4782 malum
1061 4729 1195 4783 ¹¹⁶¹⁶.
1242 4727 1397 4782 Nunc
1431 4738 1605 4783 autem
1637 4746 1700 4783 ne
1747 4730 1883 4799 forte
1924 4732 2100 4785 mittat

533 4835 748 4876 manum
782 4837 954 4886 suam,
985 4828 1035 4873 et
1077 4829 1252 4875 sumat
1280 4821 1441 4875 etiam
1484 4822 1546 4875 de
1585 4821 1726 4890 tigno
1772 4823 1909 4883 vitae,
1938 4831 1987 4875 et
2014 4839 2103 4876 co-

533 4909 730 4973 medat,
755 4919 804 4965 et
861 4911 997 4965 vivat
1028 4910 1083 4962 in
1118 4910 1419 4963 wternum.’
1453 4928 1471 4961 ι
1501 4910 1563 4964 Si
1598 4911 1735 4963 enim
1776 4920 1979 4978 poterat
2020 4929 2097 4967 re-

531 5019 783 5074 cuperare
830 5001 1307 5066 immortalitatem,
1335 5001 1544 5056 invidus
1573 5002 1697 5069 fuit,
1731 5004 1819 5073 qui
1844 5019 1909 5058 ex
1935 5022 2101 5074 para-

532 5095 650 5151 diso
708 5095 875 5150 virum
924 5094 1114 5164 ejecit,
1158 5102 1209 5147 et
1266 5109 1300 5146 a
1345 5094 1750 5163 participatione
1800 5095 1929 5166 ligni
1982 5097 2101 5151 vitae

532 5187 799 5250 exclusit,
852 5203 953 5258 quo
1014 5186 1334 5257 participato
1382 5201 1586 5256 semper
1646 5187 2102 5243 immortalitatem

535 5280 725 5335 habere
752 5287 975 5349 poterat.

609 5436 726 5468 ¹¹·¹⁶
764 5436 900 5492 Gen.
938 5451 1032 5502 ιιι,
1065 5436 1157 5493 22.

609 5589 722 5663 (ῧθ)
762 5594 982 5660 Παραϐ.
1031 5591 1241 5663 Omisit
1283 5591 1552 5663 lnterprcs
1601 5592 1712 5645 haec
1758 5590 1939 5663 verba,
1985 5605 2105 5660 qua:

539 5659 645 5714 Titi
686 5659 1062 5727 argumentum
1110 5662 1408 5716 coniiciunt
1431 5659 1457 5716 ἐ
1494 5662 1624 5716 Cum
1656 5659 2107 5729 transgrederetur

539 5729 848 5788 mandatum
879 5730 996 5788 Dei.
1029 5734 1115 5799 qui
1144 5733 1311 5799 ipsum
1347 5743 1496 5786 tanta
1530 5750 1644 5787 cum
1677 5731 1937 5800 sapientia
1962 5747 2107 5786 crea~

2207 3239 2410 3308 Ἆδὰμς
2434 3239 2604 3293 δυοῖν
2632 3240 2730 3294 καὶ
2759 3239 3031 3309 θάτερον,
3052 3241 3091 3310 ἢ
3119 3241 3443 3312 ἐγίνωσκεν
3467 3242 3549 3307 ὡς
3574 3257 3775 3312 παρει-

2195 3332 2437 3401 ϐήσεται
2460 3374 2474 3396 ,
2504 3332 2601 3386 καί
2630 3335 2702 3388 οὑ
2742 3332 2946 3403 μάτην
2971 3335 3164 3404 μόνον
3196 3334 3400 3388 ἐδίδου
3419 3373 3434 3397 ,
3473 3334 3639 3389 ἀλλὰ
3669 3335 3773 3390 καὶ

2193 3426 2380 3491 αἴτιος
2413 3427 2598 3481 αὑτοῦ
2624 3442 2636 3455 ⁸
2677 3425 2716 3495 ἣ
2750 3427 3086 3497 ἀγνοοῦντα
3121 3426 3343 3496 λέγειν,
3387 3427 3622 3497 ἀνάγκη
3662 3429 3774 3482 τὸν

2197 3519 2344 3572 Θεὸν
2372 3519 2585 3588 ἀγνοίᾳ
2619 3519 3110 3587 περιϐεϐλῆσθαι·
3145 3520 3221 3583 ὡς
3249 3519 3349 3591 τὴν
3374 3519 3596 3591 ἐντολὴν
3623 3519 3770 3574 δεδό-

2197 3608 2318 3661 σθαι
2366 3609 2482 3679 μὲν,
2511 3610 2591 3673 εἰς
2628 3610 2916 3679 ὲπιὸουλὴν
2956 3610 3012 3663 δὲ
3039 3610 3133 3664 τοῦ
3166 3610 3457 3685 ἀνθρώπου
3488 3612 3627 3684 πρὸς
3670 3613 3772 3683 τῆς

2196 3701 2420 3765 κακίας,
2451 3701 2527 3764 ὡς
2557 3700 2727 3754 οἴεται
2747 3740 2762 3765 ,
2797 3701 2892 3754 καὶ
2939 3701 3154 3765 οὐδενὸς
3199 3701 3419 3770 ἑτέρου·
3452 3702 3777 3771 ὠφελῆσθαι

2195 3794 2252 3847 δὲ
2281 3793 2349 3846 τά
2386 3792 2614 3865 μέγιστα
2649 3794 2743 3847 καὶ
2771 3792 3176 3864 ἠλευθερῶσθαι
3202 3793 3293 3846 τὸν
3322 3793 3608 3864 ἄνθρωπον
3646 3811 3773 3848 πει-

2196 3884 2390 3938 σθέντα
2438 3884 2715 3956 συμϐουλῇ
2746 3883 2840 3937 τοῦ
2885 3884 3081 3952 δφεως,
3133 3883 3191 3937 δν
3228 3883 3462 3952 ἄγγελον
3502 3878 3642 3937 εἶναι
3676 3882 3771 3936 τοῦ

2196 3974 2400 4044 ἀγαθοῦ
2432 3976 2723 4048 διορίζεται
2742 3993 2757 4009 ·
2789 3977 3024 4047 Τυφλὸς
3049 3975 3165 4047 μὲν
3187 3977 3297 4047 γὰρ
3317 3973 3414 4047 ἦν,
3443 3976 3573 4047 φησί
3589 3993 3604 4006 ·
3626 3994 3769 4046 τευ-

2196 4067 2460 4137 σάμενος
2492 4067 2561 4121 δὲ
2606 4068 2711 4122 τοῦ
2751 4068 3282 4139 ἀπηγηρευμένου,
3326 4064 3473 4122 εἶδεν
3513 4067 3759 4130 ἑαυτὸν,

2198 4160 2287 4212 ὅτι
2319 4159 2543 4230 γυμνὸς
2564 4156 2644 4230 ἦν
2661 4175 2676 4189 ο
2703 4160 2803 4216 καί
2825 4159 3020 4230 σκέπῃ
3044 4159 3119 4229 τῇ
3141 4162 3439 4229 εὐρεθείσῃ
3466 4159 3761 4229 κατεχρή-

2197 4266 2347 4303 σατο
2366 4267 2380 4281 ’
2417 4252 2513 4305 καί
2543 4250 2694 4321 ἔγνω
2723 4253 2984 4323 τάγαθόν
3010 4269 3074 4306 τε
3107 4252 3206 4306 καί
3238 4252 3304 4307 τὸ
3336 4253 3531 4306 κακόν.
3557 4251 3764 4318 οὕτως

2194 4339 2460 4409 μάλιστα
2503 4340 2831 4410 ὠφέληται,
2874 4342 3297 4422 παραϐεϐηκὼς
3323 4343 3434 4414 (50)
3475 4341 3540 4397 τὸ
3572 4344 3771 4411 πρόσ-

2200 4448 2391 4500 ταγμα
2422 4431 2527 4485 τοῦ
2559 4432 2890 4501 ἐπιϐούλως
2922 4434 3291 4502 πλάσαντος.

2271 4544 2403 4613 Πῶς
2431 4545 2519 4611 δὲ,
2542 4548 2700 4618 φησὶ,
2722 4548 2935 4618 πρέποι
2963 4549 3085 4615 Θεῷ
3105 4549 3308 4621 λέγειν
3326 4568 3338 4580 ·
3362 4569 3379 4601 ι
3417 4550 3566 4605 Ἰδοὺ
3603 4549 3780 4618 Ἀδὰμ

2202 4637 2447 4708 γέγονεν
2472 4639 2553 4707 ὼς
2577 4636 2665 4705 εἷς
2685 4641 2754 4705 ἐξ
2790 4641 2957 4711 ἡμῶν
2983 4642 3089 4696 τοῦ
3118 4640 3439 4712 γινώσκειν
3458 4642 3662 4696 καλὸν
3682 4642 3777 4695 καὶ

2203 4732 2470 4800 πονηρόν
2486 4749 2503 4797 ;
2520 4732 2630 4787 Καὶ
2646 4733 2763 4787 νῦν
2772 4734 3009 4803 μήποτε
3024 4735 3294 4801 ἐκτείνας
3312 4734 3428 4802 τὴν
3437 4735 3615 4804 χεῷα
3625 4734 3777 4802 λάϐῃ

2203 4820 2309 4874 τοῦ
2322 4819 2512 4885 ξύλου
2540 4821 2649 4891 τῆς
2661 4821 2829 4891 ζωῆς.
2855 4825 2951 4877 καὶ
2966 4823 3152 4894 φάγῃ,
3176 4825 3279 4879 καί
3308 4824 3553 4890 ζήσεται
3566 4830 3663 4893 εὶς
3677 4825 3777 4878 τὸν

2203 4906 2405 4966 αἰῶνα.
2443 4915 2546 4967 ι-Ει
2576 4916 2685 4984 γὰρ
2706 4914 2858 4984 ἐνῆν
2890 4917 3233 4971 ἀθανασίαν
3257 4917 3619 4982 ἀπολαϐεῖν,
3645 4921 3780 4988 φθο-

2205 5005 2379 5072 νερὸς
2399 5004 2469 5058 δὲ
2491 5009 2523 5059 d
2554 5005 2896 5070 ἐξελαύνων
2921 5009 3025 5063 τοῦ
3047 5007 3416 5077 παραδείσου
3433 5009 3546 5063 τὸν
3568 5010 3776 5078 ἄνδρα·

2207 5096 2305 5148 καὶ
2338 5097 2675 5152 ἀποκλείων
2713 5098 2873 5166 αὐτῷ
2910 5100 3026 5169 τὴν
3055 5102 3387 5171 μετουσίαν
3433 5102 3545 5156 τοῦ
3592 5102 3779 5167 ξύλου

2209 5187 2319 5256 τῆς
2368 5189 2548 5259 ζωῆς,
2582 5188 2654 5248 οὗ
2698 5195 2966 5264 μετέχων
3014 5198 3082 5262 ἐς
3144 5196 3236 5251 ἀεὶ
3291 5197 3407 5266 τὴν
3439 5198 3782 5253 ἀθανασίαν

2211 5280 2375 5349 ἔχειν
2404 5278 2531 5350 οἶός
2565 5302 2628 5339 τε
2664 5283 2762 5357 ἦν.

2211 5600 2376 5645 uerat.
2409 5588 2804 5666 Ridctdscilicet
2828 5591 2982 5648 Titus
3005 5592 3352 5666 Manichmos.
3371 5596 3464 5666 qui
3490 5598 3781 5653 utilitatem

2214 5680 2276 5717 cx
2310 5671 2533 5733 peccato
2559 5664 2780 5719 lluxissc
2814 5667 3182 5721 autumabant.
3225 5663 3408 5719 Busa.“
