4022 6208
284 348 428 409 1215

1296 363 1665 424 ADVERSUS
1701 367 2124 427 MAMCHEOS
2161 373 2290 428 LIB.
2330 374 2419 431 !ll.

3372 387 3523 463 seu

300 511 3493 568 ___________________________,

1403 688 1757 779 LIBER
1830 692 2381 786 TERTIUS.

722 964 851 1020 CAP.
889 964 931 1021 1.
972 966 1255 1023 Manichtei
1296 968 1451 1023 Vetus
1485 969 1875 1026 Testamentum
1902 973 2343 1027 calumniantur:
2375 971 2658 1044 Evangelia
2682 977 3082 1036 circumcidunt.

368 1079 822 1152 Ἐξεργασώμεθα
844 1082 901 1136 δὲ
922 1085 1015 1138 καὶ
1032 1084 1123 1137 τὸν
1146 1086 1272 1157 περὶ
1294 1086 1384 1139 τὸν
1411 1088 1573 1158 νόμον
1597 1068 1848 1162 μετρίως,

2023 1089 2314 1163 Postquam
2357 1099 2537 1147 autem
2578 1093 2645 1150 de
2681 1097 2949 1168 principio
2976 1101 3213 1159 breviter
3249 1105 3519 1165 disserui-

283 1176 365 1239 εἰς
408 1176 500 1228 τὸν
534 1177 660 1246 περὶ
703 1176 801 1247 τῆς
832 1176 1004 1247 ἀρχῆς
1033 1178 1375 1249 κεκινημένοι
1418 1178 1576 1247 λόγον
1604 1197 1618 1211 ·
1661 1180 1851 1233 ἀποδέ-

284 1266 477 1337 χεσθαι
524 1265 632 1336 γὰρ
675 1266 989 1337 νενομίκασι
1039 1268 1101 1321 τὸ
1150 1268 1508 1337 Εὑαγγέλιοψ
1542 1270 1850 1341 μέμφεσθαι

283 1358 340 1412 δὲ
371 1358 738 1412 ἐσπουδάκασι
790 1357 867 1430 τῷ
897 1359 1046 1430 νόμῳ
1077 1360 1170 1413 καὶ
1216 1362 1329 1423 τοῖς
1383 1366 1687 1434 προφήταις
1708 1380 1721 1393 ⁸
1757 1363 1851 1417 καὶ

283 1450 463 1503 πᾶσαν
492 1448 591 1521 μὲν
620 1448 1008 1521 διαϐεϐλήκασι
1054 1450 1153 1522 τὴν
1195 1451 1439 1506 Παλαιὰν
1462 1495 1475 1519 ,
1513 1455 1760 1526 τιμήσειν
1792 1454 1849 1507 δὲ

283 1540 678 1612 ύπονενοήκασι
704 1541 772 1594 τὰ
799 1542 1127 1611 Εὑαγγέλια,
1165 1542 1617 1616 σχηματιζόμενοι
1654 1545 1848 1616 μᾶλλον

281 1633 381 1704 τὴν
417 1632 525 1687 τῶν
573 1634 919 1703 Εύαγγελίων
967 1635 1162 1706 τιμήν·
1215 1637 1303 1691 ἵνα
1334 1637 1423 1691 τὸν
1477 1638 1848 1710 σχηματισμὸν

279 1722 475 1796 δέλεαρ
506 1722 616 1777 τῶν
661 1724 1034 1795 ἀπατωμένων
1075 1725 1331 1783 λάϐωσιν.
1363 1729 1496 1782 Οὐδὲ
1528 1727 1635 1800 γὰρ
1664 1729 1847 1800 ἐπειδὴ

286 1813 649 1868 συντέθεινται
677 1817 790 1879 τοῖς
826 1816 1194 1886 Εὑαγγελίοις,
1235 1819 1400 1891 τιμᾷν
1433 1818 1749 1890 ὁμολογοῦσι
1781 1819 1849 1873 τὰ

281 1904 624 1975 Εύαγγέλιαο
672 1906 787 1960 ἀλλ’
850 1906 1037 1979 ἐπειδὴ
1084 1909 1369 1979 τετίμηται
1418 1909 1478 1963 τὸ
1530 1910 1698 1981 ὄνομα
1752 1910 1845 1964 τοῦ

298 1997 499 2070 Ἰησοῦ.
556 1999 1001 2071 προσποιοῦνται·
1049 2000 1155 2054 ἔδει
1194 2000 1302 2071 γάρ
1347 2001 1574 2066 αὐτοὺς,
1624 2002 1737 2070 εῐγε
1778 2001 1885 2079 τδι⁸

288 2087 598 2157 Εὐαγγέλια
654 2087 875 2159 ἐτίμων,
914 2089 988 2160 μὴ
1036 2089 1378 2160 περιτέμνειν
1415 2089 1480 2143 τά
1524 2091 1843 2159 Εὑαγγέλια,

286 2179 361 2252 μὴ
395 2180 532 2254 μέρη
565 2179 672 2233 τῶν
706 2179 1050 2250 Εύαγγελίων
1071 2180 1365 2249 ὲξυφελείν,
1395 2181 1469 2253 μὴ
1494 2182 1652 2253 ἕτερα
1681 2200 1848 2255 προσ-

282 2272 473 2337 θεῖναι,
520 2274 655 2344 μήτε
702 2272 842 2343 λόγῳ
891 2273 1027 2343 μήτε
1060 2272 1166 2345 ἰδίᾳ
1207 2272 1399 2345 γνώμῃ
1427 2275 1494 2328 τά
1542 2274 1845 2343 Εὐαγγέλια

280 2365 674 2434 προσγράφειν.
693 2364 825 2417 Οὐδὲ
848 2364 1070 2432 γλῶσσα
1090 2364 1203 2435 ἔχει
1225 2365 1292 2419 τὰ
1316 2366 1622 2434 Εὐαγγέλια
1650 2366 1838 2431 ταῦτα,

279 2457 376 2509 καὶ
432 2454 733 2524 ἀναγνώσει
795 2456 1221 2527 παραπέμπουσι
1245 2473 1258 2488 ο
1319 2459 1841 2529 προσγεγραφήκασι
1872 2437 1915 2491 Β

279 2546 412 2615 γοῦν
437 2547 536 2600 ὅσα
589 2546 972 2617 βεϐούληνται,
1013 2547 1108 2600 καὶ
1150 2547 1494 2614 ἐξυφείλαντο
1532 2549 1630 2602 ὅσα
1661 2548 1845 2620 κεκρί-

279 2655 409 2695 κασι
432 2655 446 2670 ⁶
480 2640 574 2692 καὶ
612 2638 796 2692 λοιπὸν
840 2638 1084 2709 ὀνόματι,
1110 2642 1204 2693 καὶ
1246 2641 1304 2694 ὲν
1336 2640 1507 2712 τούτῳ
1537 2640 1840 2710 ψεύδονται,

279 2727 504 2782 καλοῦσι
554 2728 615 2780 τὸ
667 2728 1019 2798 Εὑαγγέλιον,
1060 2729 1119 2783 τὸ
1158 2728 1315 2801 σῶμα
1362 2729 1455 2782 τοῦ
1512 2728 1842 2799 Εὐαγγελίου

284 2820 363 2894 μὴ
400 2821 763 2893 τετηρηκότες
797 2821 976 2894 σῶμα,
1025 2822 1138 2876 ἀλλ’
1176 2824 1357 2894 ἕτερον
1388 2823 1547 2893 σῶμα
1580 2822 1842 2895 γραμμά-

276 2931 411 2978 των,
458 2915 615 2986 μέχρι
655 2914 753 2969 τοῦ
802 2916 1065 2987 ὀνόματος
1109 2916 1202 2970 τοῦ
1250 2917 1577 2987 Εὐαγγελίου
1622 2917 1843 2986 φθάνον,

280 3008 641 3078 πεποιηκότες
665 3012 784 3072 ταῖς
824 3010 981 3073 ἰδίαις
1012 3009 1313 3080 βουλήσεσι.
1351 3011 1549 3074 Μεῖζον
1598 3010 1705 3079 γὰρ
1737 3009 1843 3063 τῶν

281 3099 458 3154 ἀλλων
482 3098 589 3170 (51)
621 3100 919 3170 ἡτιμάκασι
952 3100 1020 3153 τὰ
1064 3100 1367 3168 Εὐαγγέλια
1386 3117 1400 3131 ·
1431 3102 1480 3152 oi
1522 3101 1619 3170 μὲν
1643 3099 1750 3171 γὰρ
1781 3100 1841 3152 ού

280 3189 545 3261 δέχονται,
589 3190 682 3244 καὶ
727 3190 803 3261 μὴ
846 3190 1125 3262 δεχόμενοι
1155 3190 1214 3242 ού
1251 3190 1667 3260 διαφθείρουσιν,
1711 3191 1845 3245 ἀλλά

281 3281 442 3353 μόνον
482 3280 845 3347 ἀποσείονται,
896 3281 958 3334 οὐ
1022 3281 1121 3352 μὲν
1175 3282 1268 3335 καὶ
1325 3281 1682 3352 ὲμὸατεύουσι
1733 3285 1844 3345 τοῖς

275 3374 629 3445 γράμμασιν⁹
660 3375 710 3427 οἱ
740 3372 797 3426 δὲ
828 3372 1106 3445 εἰληφέναι
1142 3374 1441 3438 δοκοῦντες,
1471 3375 1841 3437 ὲνεϐἀτευσαν,

277 3466 668 3538 ἐνεχόρευσαν,
731 3467 1169 3538 ὲνεκαπήλευσαν
1220 3469 1333 3530 τοῖς
1381 3467 1705 3538 γράμμασιν
1752 3470 1846 3523 καὶ

276 3559 492 3631 γοήτων
516 3558 654 3631 ἔργα
678 3560 773 3613 καὶ
807 3558 1062 3630 πονηρῶν
1089 3558 1430 3631 δεδράκασιν.
1470 3559 1696 3611 Ἐκεῖνοι
1727 3559 1849 3628 ἠπί-

276 3669 506 3723 στησαν,
536 3651 664 3723 ψιλῇ
691 3653 757 3723 τῇ
815 3651 1043 3722 ἀπιστίᾳ
1074 3650 1400 3722 κέχρηνται·
1435 3650 1471 3705 ἃ
1511 3651 1585 3722 μὴ
1628 3652 1846 3711 πιστεύ-

274 3759 421 3806 ουσι,
470 3742 815 3814 φιλολογῆσαι
866 3744 966 3796 οὐκ
1014 3743 1333 3813 ἠνέσχοντο·
1393 3738 1557 3808 οῦτοι,
1592 3746 1650 3798 ἐν
1689 3744 1845 3819 μέσῳ
1872 3767 1913 3821 ς

275 3833 577 3903 γενόμενοι,
608 3833 754 3887 λύειν
787 3834 885 3905 τὴν
922 3834 1186 3905 ἁρμονίαν
1234 3836 1711 3906 ἐπικεχειρήκασι·
1744 3854 1840 3891 κα-

275 3924 494 3979 ταλύειν
525 3924 616 3978 τὸν
655 3925 857 3997 ῥυθμὸν
901 3926 1265 3997 τετολμήκασι
1310 3927 1694 3997 τεχνασμένοις
1740 3946 1844 3999 μα-

276 4015 538 4088 θήμασιν,
564 4018 821 4073 ὑπόθεσιν
848 4020 1062 4090 ἀπάτης
1095 4020 1157 4073 τὸ
1182 4019 1352 4089 ὄνομα
1383 4019 1477 4073 τοῦ
1504 4021 1837 4090 Εὐαγγελίσυ

276 4110 772 4179 παρεσκευακότες.
801 4111 866 4163 Εἰ
895 4109 1003 4181 γὰρ
1033 4110 1251 4181 ᾔδεισαν
1281 4110 1342 4163 τὸ
1363 4111 1715 4180 Εύαγγέλιον,
1741 4110 1841 4164 οὐκ

274 4197 506 4268 ἠγνόουν
530 4199 619 4253 τὸν
648 4200 809 4270 νόμον
829 4217 843 4231 ο
874 4203 921 4253 εί
965 4200 1023 4253 δὲ
1073 4201 1344 4272 ἠγνόησαν
1376 4202 1466 4256 τὸν
1507 4202 1689 4272 νόμον,
1725 4201 1841 4267 πῶς

276 4290 372 4344 τὸν
407 4290 611 4363 Ἰησοῦν
636 4291 1028 4363 παρεδέξαντο;
1057 4291 1178 4363 δίχα
1208 4291 1318 4364 γὰρ
1349 4292 1514 4364 νόμου
1549 4293 1753 4365 Ἰησοῦς
1778 4294 1838 4348 ού

277 4380 795 4453 παραλαμϐάνεται·
829 4383 859 4436 ό
901 4383 1009 4456 γὰρ
1037 4384 1097 4436 τὸ
1140 4382 1293 4447 τέλος
1332 4383 1509 4438 ποθῶν
1534 4384 1631 4453 τὴν
1662 4385 1834 4456 ἀρχὴν

276 4474 733 4545 στεριεργόιξεται⁹
793 4477 821 4529 ὁ
863 4476 920 4529 δὲ
963 4476 1063 4546 τῆς
1120 4476 1293 4548 ἀρχῆς
1338 4477 1618 4548 γινόμενος
1677 4479 1842 4549 ὑπερ-

271 4567 453 4640 όπτης
481 4566 803 4633 κενοπαθεῖ,
848 4567 1138 4637 κενολογεῖ,
1171 4567 1306 4639 πρὸς
1360 4567 1511 4632 τέλος
1540 4567 1718 4637 ἄφιξιν
1743 4570 1843 4624 οὐκ

272 4656 414 4729 ἔχει.

1953 1198 2096 1247 mus,
2135 1191 2532 1254 pertractemus
2572 1190 2926 1257 quaestionem
2971 1194 3037 1250 de
3066 1195 3184 1267 lege
3214 1215 3228 1253 :
3263 1198 3518 1257 decreve-

1949 1286 2078 1330 runt
2119 1277 2263 1331 enim
2329 1278 2582 1350 amplecti
2634 1281 3028 1355 Evangelium;
3062 1287 3232 1359 legem
3278 1307 3410 1347 vero
3461 1302 3517 1349 et

1948 1369 2242 1439 prophetas
2272 1371 2668 1438 reprehendere
2707 1376 3053 1431 studuerunt.
3078 1378 3162 1434 Ae
3190 1388 3364 1435 totum
3393 1383 3521 1453 qui-

1949 1457 2071 1513 dem
2118 1458 2285 1516 Vetus
2324 1460 2731 1527 Testamentum
2776 1466 3094 1521 calumniati
3140 1478 3296 1537 sunt,
3336 1470 3521 1527 Evan-

1947 1552 2083 1623 gelia
2136 1569 2266 1609 vero
2313 1554 2581 1611 honorare
2632 1572 2690 1612 se
2754 1559 3017 1627 suspicati
3062 1569 3211 1625 sunt,
3255 1561 3517 1620 honorim

1949 1646 2129 1717 potius
2165 1647 2575 1719 Evangeliorum
2609 1650 2932 1707 simulantes
2964 1670 2979 1720 ;
3023 1662 3083 1708 ut
3112 1661 3256 1709 esset
3286 1655 3522 1711 simula-

1948 1739 2027 1794 tio
2104 1739 2522 1795 invitamentum
2582 1756 2770 1796 eorum
2821 1758 2960 1813 quos
3021 1744 3358 1815 deciperent.
3404 1744 3519 1804 Nec

1946 1829 2091 1883 enim
2152 1830 2278 1899 quia
2323 1832 2699 1886 assentiuntur
2752 1832 3078 1904 Evangeliis,
3132 1843 3404 1893 honorare
3456 1852 3517 1892 se

1948 1919 2240 1990 Evangelia
2288 1922 2617 1983 conﬁtentur
2649 1941 2662 1976 :
2696 1925 2825 1993 quin
2857 1926 3038 1994 potius
3075 1926 3202 1995 quia
3245 1926 3516 1983 honorant

1947 2025 2141 2064 nomen
2164 2010 2314 2075 Jesu,
2347 2013 2551 2084 lingunt
2575 2014 2833 2070 honorem
2860 2014 3277 2086 Evangeliorum
3310 2032 3324 2071 :
3354 2033 3513 2087 opor‘

1945 2103 2093 2157 tebat
2134 2112 2313 2159 autem
2342 2121 2457 2168 eos,
2492 2108 2534 2161 si
2568 2107 2787 2177 quidem
2828 2107 3118 2179 Evangelia
3150 2109 3516 2176 honorabant,-

1943 2210 2052 2249 non
2088 2196 2477 2252 circumcidere
2501 2199 2788 2269 Evangelia
2815 2218 2831 2266 ;
2871 2216 2982 2254 non
3012 2201 3228 2255 demere
3255 2202 3320 2256 de
3343 2199 3513 2256 Eval.

1945 2283 2123 2353 geliis,
2158 2299 2265 2337 non
2301 2286 2405 2338 alia
2441 2302 2736 2356 apponere,
2772 2304 2947 2358 neque
2986 2289 3169 2344 verbis
3201 2299 3253 2343 et
3292 2291 3516 2360 propria

1945 2374 2212 2428 sententia
2266 2374 2554 2446 Evangelia
2604 2378 2898 2433 ascribere.
2964 2377 3075 2432 Nec
3131 2381 3275 2433 enim
3319 2394 3510 2434 eorum

1944 2464 2125 2534 lingua
2174 2465 2286 2521 haec
2331 2466 2615 2537 Evangelia
2662 2468 2854 2533 habet,
2896 2474 2948 2523 et
2987 2476 3174 2523 eorum
3225 2470 3508 2525 lectionem

1945 2560 2382 2627 praetermittunt.
2420 2560 2809 2630 Ascripserunt
2834 2561 3019 2632 itaque
3047 2577 3383 2632 quaecunque
3415 2576 3511 2615 vo-

1945 2648 2187 2714 luerunt,
2221 2659 2275 2705 et
2317 2652 2667 2706 detraxerunt
2712 2668 3049 2723 qrisecunque
3079 2654 3460 2722 judicaverunt
3490 2669 3510 2707 :

1944 2748 2000 2794 et
2034 2748 2223 2810 postea
2277 2741 2498 2797 nomine
2532 2743 2804 2812 appellant
2849 2739 3136 2813 Evangelia
3177 2743 3270 2811 qui
3311 2754 3511 2810 corpus

1945 2827 2223 2899 Evangelii
2255 2846 2363 2883 non
2402 2840 2778 2893 servaverunt,
2801 2831 2894 2885 sed
2929 2833 3107 2901 potius
3135 2829 3280 2884 aliud
3306 2843 3509 2899 corpus

1944 2922 2271 2981 litterarum.
2300 2922 2445 2992 quod
2480 2938 2651 2992 usque
2676 2922 2742 2975 ad
2767 2938 2962 2979 nomen
2989 2931 3197 2978 tantum
3233 2921 3511 2992 Evangelii

1947 3014 2226 3083 pertingit,
2273 3014 2494 3084 propria
2542 3016 2814 3071 voluntate
2864 3016 3128 3071 fecerunt.
3173 3014 3303 3069 Plus
3362 3013 3509 3083 enim

1948 3118 2110 3173 quam
2135 3104 2364 3173 gentiles
2399 3103 2686 3173 Evangelia
2715 3104 3187 3159 inhonoraverunt
3222 3123 3236 3159 :
3276 3103 3355 3157 illi
3398 3119 3510 3157 non

1946 3194 2217 3264 recipiunt
2239 3234 2253 3257 ,
2282 3202 2335 3249 et
2362 3210 2470 3248 non
2504 3194 2816 3264 recipiendo
2846 3212 2953 3251 non
2982 3202 3377 3265 corrumpunt,
3412 3194 3511 3251 sed

1945 3291 2120 3343 solum
2173 3288 2429 3357 rejiciunt
2456 3326 2471 3350 ,
2523 3302 2634 3341 non
2681 3294 2862 3341 tamen
2906 3289 3115 3342 caleant
3161 3288 3415 3343 litteras:
3451 3286 3512 3340 1ιὶ

1948 3395 2076 3433 vero
2103 3393 2227 3432 cum
2268 3379 2541 3448 recepisse
2569 3379 2914 3443 videbantur,
2946 3378 3312 3440 calcaverunt,
3338 3377 3511 3432 insul-

1948 3478 2130 3531 tarunt
2165 3478 2220 3525 et
2260 3470 2702 3526 adulteraverunt
2733 3471 2980 3535 litteras;
3029 3478 3081 3522 et
3112 3469 3255 3538 quod
3291 3470 3510 3538 prasti-

1945 3561 2185 3631 giatores
2237 3570 2290 3617 et
2346 3562 2579 3633 improbi
2644 3560 2870 3623 faciunt,
2946 3560 3212 3614 fecerunt.
3263 3559 3341 3613 Illi
3397 3575 3509 3614 non

1947 3653 2298 3709 crediderunt
2339 3654 2534 3716 solum,
2565 3661 2619 3707 et
2647 3653 2849 3723 quibus
2894 3666 3000 3705 non
3035 3648 3406 3715 crediderunt,
3440 3647 3513 3705 de

1945 3746 2025 3800 eis
2062 3762 2089 3799 a
2118 3761 2176 3799 se
2201 3745 2393 3803 disseri
2428 3760 2534 3799 non
2568 3746 2847 3815 patiuntur
2880 3761 2893 3797 :
2928 3742 2981 3796 hi
3016 3756 3141 3797 vero
3181 3741 3235 3794 in
3266 3740 3510 3795 medium

1946 3837 2276 3908 prodeuntes
2315 3835 2494 3889 conati
2526 3843 2654 3891 sunt
2688 3840 3011 3889 concentum
3038 3832 3248 3888 solvere
3276 3848 3291 3899 ;
3318 3829 3510 3885 modu-

1945 3930 2199 3984 lationem
2249 3928 2512 3984 doctrinis
2564 3927 2798 3983 artilicio
2843 3925 3123 3981 fabricatis
3156 3924 3348 3979 tollere
3387 3920 3509 3978 ausi

1942 4029 2090 4088 sunt,
2121 4029 2424 4092 praeparato
2448 4021 2664 4075 nomine
2693 4018 2989 4090 Evangelii,
3021 4023 3082 4071 ut
3106 4022 3252 4071 esset
3281 4013 3513 4070 fallacia:

1941 4128 2129 4169 causa.
2179 4110 2236 4166 Si
2274 4112 2417 4167 enim
2466 4110 2812 4182 Evangelium
2873 4107 3276 4179 cognovissent,
3333 4105 3509 4175 legem

1944 4222 2054 4262 non
2113 4205 2456 4276 ignorassent
2498 4223 2512 4259 :
2570 4202 2716 4275 quod
2767 4202 2813 4257 si
2862 4202 3029 4272 legem
3074 4198 3509 4270 ignoraverunt,

1945 4298 2217 4370 quomodo
2247 4296 2431 4352 Iesum
2473 4295 2836 4366 receperunt?
2876 4294 2993 4350 sine
3034 4293 3150 4363 lege
3179 4292 3323 4347 enim
3347 4288 3512 4345 Chri-

1946 4397 2066 4446 stus
2084 4405 2193 4445 non
2226 4389 2485 4459 recipitur
2518 4408 2531 4443 :
2561 4402 2686 4443 nam
2717 4387 2811 4457 qui
2837 4385 2997 4441 linem
3029 4383 3321 4447 desiderat,
3352 4381 3507 4453 prin-

1946 4482 2147 4553 cipium
2198 4480 2486 4551 investigat
2519 4498 2533 4535 :
2569 4488 2758 4534 contra
2802 4493 2953 4541 vero,
2990 4477 3082 4548 qui
3128 4484 3212 4531 est
3254 4472 3508 4546 principii

1948 4579 2307 4643 contemptor,
2336 4585 2510 4627 vanus
2534 4576 2638 4636 est,
2660 4584 2799 4624 vane
2821 4567 3081 4638 loquitur,
3107 4582 3215 4621 non
3236 4570 3412 4636 potest
3447 4560 3507 4616 in

1952 4660 2111 4718 tinem
2140 4662 2391 4741 evadere.

1361 4769 1496 4827 CAP.
1535 4770 1602 4827 11.
1644 4771 1747 4827 Lex
1777 4773 2075 4826 necessaria
2102 4772 2440 4827 Christianis.

349 4884 414 4938 Ei
437 4882 494 4936 δὲ
520 4880 693 4949 τέλος
715 4883 903 4951 νόμου
920 4882 1190 4951 Χριστὸς,
1218 4883 1582 4955 ματαιοπονοῦ
1592 4902 1664 4947 σι,
1686 4884 1851 4956 νόμου

273 4975 382 5051 μὲν
412 4974 647 5046 φυγάδες
670 4974 838 5043 ὄντες,
856 4974 1062 5047 Ἰησοῦν
1085 4975 1142 5029 δὲ
1166 4974 1849 5046 είδέναιὲπαγγελλόμενοι.

273 5070 346 5123 Εἰ
379 5068 453 5140 μὴ
482 5069 646 5138 νόμος
678 5065 922 5139 λαλήσει,
944 5060 973 5120 ό
1010 5066 1212 5139 Κύριος
1250 5068 1349 5121 οὐκ
1391 5069 1840 5137 ἐπιγινώσκεταιο

2022 4883 2079 4939 Si
2110 4892 2295 4939 autem
2323 4885 2445 4954 ﬁnis
2475 4883 2603 4954 tegis
2634 4888 2718 4939 est
2753 4880 2995 4937 Christus
3028 4878 3091 4942 “,
3123 4877 3325 4933 frustra
3354 4877 3505 4933 labo-

1948 4983 2073 5030 rant
2126 4975 2219 5045 qui
2261 4975 2429 5045 legem
2485 4974 2718 5044 l‘ugiunt,
2761 4981 2816 5027 et
2868 4969 3229 5042 cognitionem
3274 4966 3403 5023 Jesu
3445 4984 3507 5025 se

1949 5067 2147 5120 habere
2167 5065 2509 5136 proﬁtentur.
2542 5064 2661 5120 Nisi
2694 5065 2776 5120 lex
2806 5064 3079 5134 loquatur,
3106 5059 3368 5115 Dominus
3395 5075 3506 5115 non

273 5162 313 5231 ἡ
344 5159 452 5230 γὰρ
476 5159 654 5230 σιωπὴ
681 5157 775 5211 τοῦ
801 5159 991 5229 νόμου,
1016 5158 1206 5226 ἀγνοια
1232 5157 1324 5211 τοῦ
1346 5176 1414 5231 κη
1425 5160 1745 5232 ρυττομένου
1765 5175 1779 5190 ⁸
1806 5162 1840 5232 ή

1950 5159 2269 5230 agnoscitur
2310 5177 2324 5213 :
2358 5159 2701 5213 taciturnitas
2735 5156 2879 5212 enim
2918 5155 3072 5226 legis,
3113 5152 3380 5225 ignoratio
3421 5160 3506 5207 est

270 5253 335 5305 δὲ
358 5251 453 5305 τοῦ
468 5251 633 5323 νόμου
659 5251 916 5321 μάθησις,
935 5251 1229 5318 ἐπίγνωσις
1254 5250 1351 5306 τοῦ
1372 5253 1842 5326 προκαταγγέλλο-

280 5342 466 5414 μένου.
496 5342 561 5396 Et
595 5342 703 5415 γὰρ
739 5342 1020 5407 Μωῦσέως
1054 5343 1270 5414 ἢκουον,
1314 5345 1597 5401 ἐπίστευον
1642 5348 1722 5410 εἰς
1754 5346 1843 5399 τὸν

275 5432 708 5506 παρεληλυθότα.
726 5433 939 5507 Ἀμέλει
971 5436 1031 5487 οὐ
1054 5433 1368 5490 πιστεύεται
1399 5438 1428 5489 ὁ
1458 5437 1841 5510 ἐγηγερμένος,

352 5595 399 5631 ³⁸
430 5595 592 5654 Rom.
622 5614 689 5663 ι,
721 5596 775 5651 4.

353 5751 465 5823 (51)
509 5752 757 5809 Ἀλλων.
788 5749 1057 5839 Interpres
1086 5749 1296 5822 legebat
1322 5745 1505 5802 ἐθνῶν.

1949 5250 2225 5325 ριέεάὶοιηὶ
2262 5270 2275 5305 :
2330 5265 2524 5306 rursus
2566 5265 2693 5306 vero
2734 5250 2971 5320 cognitio
2998 5246 3153 5317 legis,
3194 5244 3385 5299 notitia
3423 5251 3507 5300 est

1947 5344 2311 5417 praenuntiati.
2356 5342 2413 5398 Si
2457 5345 2599 5399 enim
2645 5342 2880 5415 Moysem
2926 5340 3195 5403 audirent,
3223 5335 3507 5393 crederent

1950 5439 2006 5495 in
2052 5453 2175 5495 eum
2231 5437 2326 5509 qui
2367 5435 2535 5493 venit.
2585 5433 2726 5493 Sane
2761 5433 2980 5505 quidem
3022 5446 3196 5503 neque
3243 5428 3508 5487 suscitato
