3984 6212
541 374 681 430 1215

1651 366 1791 423 Tl'l'l
1832 367 2263 426 BOSTRENSIS
2300 366 2609 426 EPISCOPI

3641 368 3779 425 ηις

537 493 804 554 creditur,
859 489 966 546 nisi
1015 490 1101 546 lex
1142 488 1303 546 [idem
1347 489 1512 545 l'aciat
1546 490 1917 547 audientibus.
1962 491 2028 547 Et
2069 507 2093 548 s

2216 491 2266 544 εί
2307 490 2383 562 μὴ
2411 490 2593 544 πίστιν
2616 489 2648 542 6
2678 486 2841 559 νόμος
2867 487 2977 551 τοῖς
3008 485 3299 540 ἀκούουσιν
3326 483 3640 556 ἐμποιήσῃ.
3664 485 3782 539 Κᾶν

535 583 755 655 quidam
789 581 973 638 dicat:
1005 580 1158 636 Mitte
1199 580 1487 646 Lazarum,
1530 591 1588 635 ut
1622 586 1827 636 nuntiet
1852 582 2113 652 fratribus

536 676 688 740 meis,
725 691 787 728 ne
810 684 861 729 et
911 674 1013 745 ipsi
1061 675 1270 729 veniant
1315 676 1368 728 in
1411 674 1549 728 hunc
1597 674 1770 729 locum
1815 677 2111 741 tormenti;

534 773 591 821 et
620 764 985 836 respondente
1000 764 1271 821 Abraham
1298 785 1313 820 :
1343 763 1551 819 Habent
1570 764 1807 836 Moysem
1835 779 1883 820 et
1899 767 2111 837 prophe-

533 867 639 924 tas,
673 858 853 916 dicat:
885 858 1012 914 Nisi
1041 860 1158 931 quis
1196 874 1261 915 ea:
1301 859 1528 915 mortuis
1569 868 1829 931 resurgat,
1864 877 1968 915 non
1996 878 2113 916 cre-

529 949 691 1016 dent;
764 951 949 1007 audiet
977 962 1155 1007 tamen
1184 952 1287 1007 iste
1317 970 1331 1007 :
1372 950 1433 1005 Si
1465 949 1702 1023 Moysem
1739 961 1789 1006 et
1832 953 2109 1021 prophetas

532 1057 634 1096 non
678 1042 992 1110 audierunt,
1048 1060 1208 1114 neque
1252 1044 1298 1098 si
1337 1044 1452 1114 quis
1501 1060 1534 1097 a
1578 1045 1799 1099 mortuis
1845 1053 2108 1116 resurgat,

530 1129 747 1184 audient
780 1132 845 1185 ιτ.
880 1128 925 1186 0
960 1148 1071 1187 rem
1102 1132 1327 1187 miram!
1366 1149 1544 1204 neque
1574 1136 1619 1189 si
1650 1135 1775 1206 quis
1815 1150 1845 1188 a
1876 1135 2108 1191 mortuis

529 1218 797 1278 excitatus
851 1224 1101 1278 nuntium
1159 1223 1368 1292 afferat,
1435 1226 1486 1281 ei
1539 1227 1781 1282 creditur
1832 1229 1950 1283 sine
1991 1227 2109 1298 lege

527 1323 583 1369 et
603 1316 899 1387 prophetis,
924 1317 1033 1372 imo
1056 1334 1230 1388 neque
1259 1318 1695 1377 DominusJesns
1725 1321 1990 1392 apostolis
2019 1336 2111 1392 ap-

528 1423 719 1479 parere
752 1409 920 1465 voluit
951 1413 1391 1483 transﬁguratus,
1436 1413 1541 1470 nisi
1579 1413 1840 1471 adhibitis
1891 1415 2008 1486 lege
2051 1421 2108 1470 et

527 1498 812 1570 prophetis
840 1510 936 1567 ;.et
972 1501 1065 1572 qui
1101 1503 1275 1572 potuit
1304 1499 1679 1560 testimonium
1709 1521 1739 1560 a
1762 1504 1921 1561 Patre
1942 1506 2104 1573 ferre,

528 1607 637 1648 non
686 1592 1037 1650 inhonoravh
1089 1597 1497 1652 consortionem
1551 1608 1865 1654 sanctorum
1917 1600 2104 1668 :quin

2210 584 2319 655 γάρ
2345 600 2429 648 τις
2460 581 2614 656 λέγῃ,
2633 580 2881 649 Πέμψον
2896 577 3293 647 Λάζὶιρον,τνα
3311 577 3639 646 ἀναγγείλῃ
3665 577 3781 643 τοῖς

2208 674 2496 745 ἀδελφοῖς
2522 692 2642 745 μου
2667 673 2755 743 μὴ
2784 670 2986 726 ἐλθεῖν
3016 673 3104 737 εις
3125 669 3241 739 τὴν
3277 667 3425 723 ὁδὸν
3458 667 3572 738 τῆς
3590 669 3783 733 ﬂacci-

2208 786 2320 824 νου
2343 770 2565 837 ταύτης
2585 784 2601 800 ·
2640 768 2735 820 καὶ
2771 765 3019 834 λέγοντος
3063 762 3332 835 Ἀϐραὰμ,
3370 763 3618 831 Ἔχουσι
3651 763 3781 817 Διω-

2207 862 2322 916 σέα
2366 860 2467 916 καὶ
2514 858 2657 926 τοὺς
2688 856 3031 929 προφήτας,
3083 856 3246 927 εἴπῃ·
3298 855 3437 909 Ἐὰν
3456 853 3537 924 μή
3588 871 3676 920 τις
3706 854 3779 908 ἐκ

2206 955 2434 1024 νεκρῶν
2457 952 2724 1021 ἀναστῇ,
2747 954 2820 1007 οὐ
2841 950 2928 1021 μὴ
2958 950 3422 1003 πιστεύσουσιν·
3468 946 3774 1009 ἀκούσεται,

2209 1053 2278 1105 Et
2309 1047 2565 1116 Μωσέως
2591 1046 2691 1103 καὶ
2723 1044 2843 1100 τῶν
2863 1040 3183 1114 προφητῶν
3196 1043 3306 1096 οὑκ
3325 1038 3778 1109 ἦκουσανβύδὲ

2205 1142 2313 1197 ἐάν
2361 1160 2451 1209 τις
2480 1141 2549 1196 ἐκ
2580 1138 2811 1210 νεκρῶν
2838 1134 3106 1205 ἀναστῇ,
3136 1135 3524 1190 ἀκούσονται.
3584 1131 3773 1185 Βαϐαίί

2203 1234 2327 1289 οὔτε
2385 1233 2494 1306 γὰρ
2537 1235 2571 1304 ή
2618 1231 2713 1286 τοῦ
2756 1228 3125 1302 ἐγηγερμένου
3185 1223 3537 1296 παραγγελία
3584 1225 3655 1293 τῇ
3693 1221 3776 1275 τοῦ

2205 1327 2367 1398 νόμου
2402 1327 2498 1380 καὶ⁹
2526 1324 2634 1379 τῶν
2660 1321 2956 1395 προφητῶν
2979 1318 3187 1391 (52)....
3216 1319 3245 1372 ό
3289 1316 3499 1388 Ἰησοῦς
3527 1315 3659 1386 δίχα
3685 1313 3776 1385 τῆς

2207 1419 2491 1483 συνουσίας
2556 1417 2737 1473 αὐτῶν
2789 1415 2911 1469 οὐδὲ
2955 1415 3071 1477 τοῖς
3125 1410 3450 1473 ἀποστόλοις
3492 1406 3780 1477 φαίνεσθαι

2202 1511 2399 1585 ἠξίωσε
2420 1526 2435 1541 ο
2471 1511 2565 1567 καὶ
2614 1510 2911 1582 δυνάμενος
2958 1506 3065 1561 ὑπὸ
3093 1504 3188 1560 τοῦ
3232 1503 3452 1576 [ἰατρὸς
3481 1504 3776 1573 μαρτυρεῖ.

2205 1604 2352 1670 σθαι,
2382 1605 2484 1660 οὐκ
2524 1603 2759 1675 ἠτίμασε
2799 1600 2896 1674 τὴν
2932 1598 3215 1654 συνουσίαν
3254 1598 3362 1651 τῶν
3407 1597 3618 1667 ἁγίων·
3646 1596 3780 1650 ἀλλά
3896 1635 3909 1657 ,

526 1683 709 1756 potius
752 1700 878 1740 cum
914 1686 1076 1743 vellet
1119 1689 1482 1744 certissimam
1513 1689 1673 1745 ﬁdem
1713 1690 1767 1745 in
1805 1700 2093 1761 conspecw

2200 1699 2321 1760 ταῖς
2376 1696 2529 1766 ὄψεσι
2604 1694 2713 1748 τῶν
2766 1691 3078 1748 ἀποστόλων
3131 1690 3312 1744 πίστιν
3374 1688 3779 1761 ἀκριϐεστάτην

526 1777 899 1846 apostolorum
932 1777 1134 1844 facere,
1168 1780 1313 1850 quod
1357 1780 1413 1836 in
1454 1789 1694 1837 montem
1734 1798 1830 1837 eos
1869 1782 2093 1839 adduce-

2198 1788 2527 1860 βουλόμενος
2567 1785 2966 1859 παρασχέσθαι,
2998 1785 3073 1848 ὡς
3103 1783 3305 1854 ἀνῆγεν
3339 1784 3401 1836 ἐν
3428 1782 3501 1853 τῷ
3533 1781 3653 1854 όρει
3680 1783 3780 1837 καὶ

524 1872 641 1938 bat,
692 1879 746 1927 et
803 1874 1321 1945 transﬂgurabatur,
1374 1878 1700 1933 ostendebat
1748 1874 1984 1950 Moysem
2044 1889 2093 1935 et

2205 1878 2633 1951 αετεμορφοῦτο,
2675 1877 2912 1951 ἐδείκνυε
2955 1874 3196 1929 Μωῦσέα
3241 1874 3338 1928 καὶ
3375 1873 3588 1937 Ἠλίαν,
3615 1874 3708 1927 ἶνα
3740 1874 3783 1943 ἡ

524 1960 698 2017 Etiam
720 2004 736 2029 ,
769 1971 830 2019 ut
866 1966 1185 2022 testimonio
1228 1975 1375 2023 esset
1411 1970 1751 2025 consociatio
1790 1972 2093 2029 sanctitatis

2199 1969 2455 2029 συνουσία
2495 1969 2595 2040 τῆς
2626 1967 2912 2039 ἁγιότητος
2946 1964 3173 2037 γένηται
3203 1965 3516 2043 μαρτυρία·
3551 1964 3650 2018 καὶ
3693 1964 3781 2019 ἶνα

522 2054 742 2111 illorqu
781 2076 794 2112 :
832 2066 888 2113 et
916 2067 976 2113 ut
1007 2060 1055 2114 is
1081 2059 1172 2129 qui
1200 2058 1388 2117 Iesum
1424 2063 1639 2132 recipit,
1672 2063 1853 2119 socios
1882 2066 2002 2133 ejus
2029 2082 2093 2123 ne

2197 2065 2229 2117 6
2254 2063 2543 2134 δεχόμενος
2578 2061 2670 2114 τὸν
2707 2059 2912 2131 Ἰησοῦν
2938 2058 3062 2118 τοὺς
3099 2058 3355 2122 συνόντας
3391 2058 3468 2128 μὴ
3508 2057 3777 2131 ἀτιμάσῃ,

520 2148 850 2219 dedecoret;
890 2167 959 2208 ne
987 2153 1035 2208 si
1062 2153 1184 2223 ejus
1230 2155 1524 2224 stipatores
1560 2161 1616 2210 et
1647 2155 1931 2212 ministros
1968 2173 2097 2228 par-

518 2242 765 2311 vil'aciat,
796 2260 978 2318 regem
1014 2245 1194 2317 ipsum
1225 2248 1537 2305 inhonoret.

2200 2157 2288 2209 ἵνα
2334 2156 2430 2227 μὴ,
2464 2155 2590 2217 τοὺς
2629 2151 2958 2224 δορυφόρους
3000 2149 3094 2202 καὶ
3142 2149 3424 2221 ὑπηρέτας
3464 2149 3777 2214 εὐτελίζων,

2202 2249 2364 2303 αὐτὸν
2391 2245 2674 2317 ἀτιμάζων
2702 2240 2735 2283 δ’
2766 2244 2856 2297 τὸν
2893 2242 3132 2296 ϐασιλέα.

1644 2398 1772 2458 Car.
1804 2400 1894 2459 lll.
1925 2402 2113 2476 Legem
2140 2404 2356 2473 perfecit
2388 2401 2655 2458 Christus.

586 2539 1065 2612 Deniqueatantam
1087 2556 1277 2597 curam
1305 2541 1441 2613 legis
1470 2547 1526 2598 et
1551 2541 1942 2613 prophetarum
1969 2541 2091 2597 Sal-

2254 2541 2532 2613 Τοσαύτην
2567 2538 2698 2610 γοῦν
2729 2537 3043 2609 ἐπιμέλειαν
3070 2536 3163 2590 τοῦ
3186 2536 3350 2607 νόμου
3379 2537 3478 2591 καὶ
3507 2538 3621 2590 τῶν
3645 2555 3773 2609 προ-

516 2639 673 2687 vator
697 2632 911 2697 habuit,
944 2641 1001 2687 ut
1030 2632 1166 2688 nihil
1189 2648 1257 2688 ex
1288 2635 1404 2706 lege
1428 2648 1539 2689 non
1559 2632 1887 2703 perfecerit;
1907 2636 2090 2689 omnia

2194 2635 2369 2706 φητῶν
2396 2632 2689 2702 πεποίηται
2714 2633 2743 2684 6
2773 2629 2982 2701 Σωτὴρ,
3008 2630 3083 2693 ὡς
3124 2628 3292 2701 μηδὲν
3329 2627 3528 2691 ἀτελὲς
3556 2630 3776 2698 ποιῆσαι

516 2732 698 2778 autem
730 2738 852 2794 quae
884 2726 1089 2794 scripta
1132 2734 1309 2790 erant,
1337 2726 1655 2794 patraverit,
1686 2725 2088 2796 clamarctque:

2194 2726 2279 2781 τοῦ
2301 2727 2465 2797 νόμου
2485 2742 2499 2755 ·
2525 2724 2701 2778 πάντα
2727 2722 2784 2776 δὲ
2813 2722 2994 2776 ἀνύειν
3020 2721 3090 2775 τά
3112 2721 3496 2793 γεγραμμένα,
3530 2720 3658 2791 βοᾷν
3685 2722 3772 2785 δέ,

517 2813 644 2870 Νοη
672 2816 785 2869 veni
811 2815 1009 2869 solvere
1034 2814 1218 2884 legem,
1253 2816 1342 2870 sed
1367 2815 1704 2884 adimplere"
1737 2833 1752 2880 ;
1786 2816 2092 2886 ingredere-

2194 2822 2303 2875 ῡύκ
2339 2819 2530 2888 ἦλθον
2570 2816 2907 2871 καταλῦσαι
2944 2814 3052 2869 τόν
3082 2817 3291 2884 νόμον,
3326 2813 3500 2869 ἀλλὰ
3540 2812 3774 2881 πληρῶ-

514 2911 608 2957 tur
634 2911 816 2959 autem
840 2903 896 2957 in
937 2903 1222 2972 templum,
1253 2910 1309 2958 et
1351 2910 1542 2974 turpes
1572 2902 1701 2959 'nde
1739 2901 2093 2957 administra-

515 2997 692 3049 tiones
720 2994 918 3049 domus
948 2992 1045 3048 Dei
1073 2992 1322 3062 eiecerit,
1352 3000 1414 3048 ut
1446 2993 1683 3050 reddens
1725 2994 1948 3050 domum
1992 3011 2091 3066 pu-

514 3099 656 3149 ram,
685 3097 744 3138 re
775 3084 892 3153 ipsa
925 3081 1244 3153 plenissime
1272 3084 1628 3153 persuaderet
1654 3100 1715 3142 se
1753 3102 1978 3142 suarum
2027 3102 2093 3142 ac

512 3189 864 3251 paternarum
914 3194 1097 3235 rerum
1131 3180 1578 3249 procurationem
1623 3181 1929 3251 suspicere.
1967 3180 2095 3237 Cla-

514 3282 627 3326 mat
652 3271 798 3328 enim
830 3270 1067 3326 :Domus
1102 3270 1286 3325 Patris
1332 3271 1433 3326 mei
1487 3271 1676 3327 domus
1706 3273 1964 3327 orationis
2005 3288 2096 3327 vo-

2191 2927 2315 2976 σαι,
2352 2911 2575 2965 εἰσιέναι
2602 2909 2660 2963 δὲ
2691 2911 2749 2963 ἐν
2788 2908 2866 2979 τῷ
2899 2906 3048 2979 ἱερῷ,
3083 2908 3179 2962 καὶ
3222 2905 3321 2969 τὰς
3366 2905 3602 2968 ἀτόπους
3629 2907 3775 2958 οἰκο-

2192 3005 2384 3076 νομίας
2410 3002 2648 3071 ἐξωθεῖν,
2682 3003 2789 3065 ἵνα,
2823 3001 2911 3054 τὸν
2943 2994 3089 3053 οἷκον
3118 2998 3357 3071 καθαρὸν
3396 2997 3657 3060 ἀποδοὺς,
3690 2997 3777 3050 πί-

2195 3114 2311 3151 στιν
2343 3094 2742 3169 ἀκριὸεστάτην
2775 3091 2850 3164 τῷ
2907 3090 3193 3163 πράγματι
3234 3090 3509 3162 παράσχῃ,
3562 3089 3647 3152 ὡς
3695 3090 3776 3141 οι-

2193 3186 2358 3239 κείων
2400 3184 2495 3239 καὶ
2527 3183 2794 3255 πατρῴων
2824 3181 3214 3253 ἐπιμελόμενος
3254 3181 3607 3253 πραγμάτων.
3664 3182 3779 3252 Bo;

2196 3277 2335 3349 γάρ·
2378 3276 2440 3330 '0
2479 3272 2642 3341 οἶκος
2680 3274 2785 3328 τοῦ
2826 3274 3045 3343 Πατρός
3086 3291 3206 3343 μου
3237 3270 3391 3339 οἶκος
3412 3272 3781 3341 προσευχῆς

511 3362 761 3427 rabitur;
802 3379 891 3417 vos
938 3373 1113 3417 autem
1167 3362 1370 3433 fecistis
1408 3379 1526 3418 eam
1563 3361 1868 3431 speluncam
1921 3365 2092 3417 tatro-

2195 3366 2562 3435 κληθήσεται
2580 3382 2593 3395 ·
2640 3362 2808 3434 ὑμεῖς
2861 3362 2931 3416 δὲ
2976 3364 3164 3417 αὑτὸν
3204 3361 3559 3428 πεποιήκατε
3597 3359 3774 3431 σπή-

513 3456 707 3509 num".
737 3454 802 3509 Et
834 3455 962 3524 quia
993 3462 1124 3511 sunt
1157 3454 1384 3510 inﬁnitae
1412 3453 1712 3524 Scriptura;
1744 3454 1946 3525 quibus
1975 3455 2089 3510 illo-

512 3562 635 3603 rum
670 3548 906 3604 absurda
931 3548 1117 3619 opinio
1143 3549 1399 3621 redargui
1420 3553 1633 3619 potest;
1665 3562 1767 3605 nos
1791 3564 1861 3603 ne
1878 3548 2088 3619 prolixe

512 3637 820 3694 scribentes
840 3638 1041 3694 librum
1066 3640 1122 3694 in
1144 3640 1365 3711 longum
1390 3638 1779 3711 producamus,
1810 3641 2089 3710 permitte-

510 3744 636 3785 mus
665 3729 788 3785 aliis
819 3730 899 3784 uti
931 3730 1227 3787 verborum
1261 3731 1527 3802 analogiis
1570 3752 1583 3787 :
1617 3745 1720 3787 nos
1749 3739 1929 3787 autem
1963 3731 2087 3787 breo

510 3821 678 3876 vitate
723 3821 829 3887 usi,
876 3821 945 3876 ad
992 3837 1056 3877 ea
1100 3836 1222 3892 quae
1273 3831 1466 3877 contra
1514 3822 1828 3893 Scripturas
1872 3824 2082 3886 dicunt,

510 3927 821 3983 pergemus.
857 3910 1208 3984 Recipientes
1254 3913 1609 3986 Evangelium
1658 3930 1765 3967 non
1815 3916 2086 3981 recipiunt

508 4002 706 4073 legem,
749 4003 878 4074 quia
928 4020 1038 4059 non
1092 4012 1263 4060 totum
1298 4015 1353 4061 et
1406 4006 1674 4077 integrum
1733 4006 2084 4078 Evangelium

507 4093 823 4165 recipiunt;
857 4096 1061 4167 alioqui
1097 4098 1266 4169 legem
1301 4100 1632 4169 reciperent,
1678 4100 1725 4154 si
1762 4101 2081 4155 universum

509 4187 866 4261 Evangelium
897 4200 1144 4246 tenerent
1170 4211 1184 4246 :
1216 4208 1359 4247 nunc
1383 4201 1562 4248 autem
1595 4196 1769 4263 primo
1788 4194 2082 4262 cauponati

508 4279 886 4354 Evangelium,
905 4295 1270 4340 consentanec
1287 4287 1457 4355 legem
1482 4302 1588 4340 non
1621 4287 1913 4356 recipiunt.
1938 4287 2084 4341 Con-

508 4376 807 4432 vincuntur
838 4376 1005 4448 igitur
1051 4393 1157 4432 non
1185 4387 1370 4433 tenere
1400 4382 1590 4450 legem,
1643 4388 1866 4449 propter
1916 4380 2084 4433 latro-

509 4469 713 4525 cinium
743 4470 797 4525 in
829 4469 1143 4541 Evangelio.
1190 4470 1247 4525 Si
1284 4480 1463 4525 autem
1500 4469 1795 4541 Evangelia
1834 4472 2084 4528 testimo-

508 4562 660 4616 nium
682 4563 947 4629 tribuunt,
972 4571 1025 4616 et
1050 4564 1219 4634 legem
1252 4580 1359 4618 non
1388 4565 1679 4630 honorant,
1707 4567 2081 4623 testimonium

509 4654 847 4709 inbonorant
881 4674 894 4709 :
934 4672 1041 4709 non
1069 4657 1179 4723 jam
1213 4659 1357 4711 enim
1387 4666 1470 4713 est
1508 4659 1611 4713 hoc
1642 4660 1816 4731 legem
1850 4660 2081 4717 inhono-

2188 3465 2362 3516 λαιον
2390 3457 2655 3531 λῃστῶν.
2690 3457 2802 3510 Καὶ
2831 3454 3016 3525 ἐπειδὴ
3055 3455 3223 3528 μυρία
3255 3457 3373 3511 ἐστὶ
3413 3456 3571 3524 λόγια
3604 3454 3779 3508 δυνά-

2192 3570 2328 3625 μενα
2350 3553 2619 3607 δυσωπεῖν
2641 3552 2739 3624 τὴν
2765 3551 2966 3607 ἄτοπον
2996 3549 3218 3606 ἐκείνων
3237 3549 3416 3614 δόξαν,
3443 3549 3631 3619 ημεῇ,
3684 3548 3777 3603 ἵνα

2192 3647 2267 3719 μὴ
2300 3646 2479 3716 λόγοις
2515 3646 2726 3700 πλείοσι
2774 3645 3042 3718 χρώμενοι
3080 3647 3162 3708 είς
3204 3643 3383 3715 μῆκος
3413 3642 3776 3713 ἐξαγάγωμεν

2187 3740 2279 3794 τὸν
2306 3740 2482 3809 λόγον,
2506 3743 2621 3803 τοῖς
2651 3740 2750 3812 μὲν
2782 3739 2959 3804 ἀλλοις
2991 3736 3369 3810 ἐπιτρέψωμεν
3412 3738 3537 3799 ταῖς
3578 3737 3777 3791 ἀναλο-

2187 3833 2333 3901 γίαις
2374 3833 2483 3886 τῶν
2524 3833 2784 3905 ῥημάτων
2814 3833 3081 3906 χρῆσθαι·
3116 3833 3282 3903 ἡμεῖς
3327 3829 3408 3895 δὲ,
3442 3829 3777 3901 συμμέτρως

2188 3926 2532 3998 χρησόμενοι,
2561 3927 2699 3999 πρὸς
2732 3926 2901 3991 αὐτὰς
2948 3924 3047 3990 τὰς
3094 3923 3395 3987 ἀντιθέσεις
3437 3922 3548 3976 τῶν
3573 3923 3774 3991 λογίων

2187 4019 2630 4090 χωρήσωμεν.Τὸ
2645 4018 2974 4089 Εὐαγγέλιον
3002 4017 3450 4092 παραδεχόμενοι,
3478 4016 3572 4069 τὸν
3597 4017 3772 4085 νόμον

2186 4103 2247 4155 οὐ
2283 4104 2708 4176 παραδέχονται·
2749 4107 2869 4160 οὐδὲ
2911 4106 3021 4177 γὰρ
3046 4106 3168 4160 οὐδὲ
3203 4105 3483 4177 ὁλόκληρον
3506 4105 3570 4157 τὸ
3599 4105 3766 4173 ἅγιον

2185 4193 2514 4263 Εὐαγγέλιον
2556 4195 2984 4267 παραδέχονται·
3028 4196 3062 4266 ἢ
3096 4195 3206 4267 γὰρ
3239 4194 3305 4249 ἂν
3336 4196 3428 4247 καὶ
3460 4192 3552 4245 τὸν
3585 4192 3770 4263 νόμον

2186 4286 2507 4357 ἐλάμὸανον,
2536 4289 2586 4342 εί
2609 4288 2900 4361 ὀλόκληρον
2926 4288 2988 4341 τὸ
3019 4287 3342 4356 Εὑαγγέλιον
3368 4285 3629 4356 ἐδέχοντο·
3659 4283 3769 4338 νῦν

2184 4377 2240 4430 δὲ
2272 4378 2486 4448 πρῶτον
2517 4380 2578 4434 τὸ
2599 4380 2930 4451 Εὐαγγέλιω
2979 4379 3418 4452 καπηλεύσαντες
3451 4377 3586 4447 (53),
3621 4377 3767 4431 εἰκό-

2184 4484 2292 4532 τως
2317 4468 2408 4524 τὸν
2436 4471 2599 4541 νόμον
2625 4473 2688 4526 οὐ
2726 4472 3136 4546 παραδέχονται.
3185 4472 3528 4543 Ἑλέγχονται
3557 4465 3653 4524 οὖν
3678 4470 3768 4524 διὰ

2184 4561 2247 4615 τὸ
2283 4562 2695 4635 λελῃστευκέναι
2744 4565 2807 4619 τὸ
2844 4565 3191 4635 Εὐαγγέλιον.
3225 4565 3291 4619 Ei
3332 4564 3394 4617 δὲ
3428 4564 3491 4617 τὸ
3518 4562 3762 4631 Εὐαγγέ-

2186 4650 2297 4705 λιον
2330 4657 2615 4725 μαρτυρεῖ,
2655 4656 2751 4709 καὶ
2790 4656 2851 4710 οὐ
2886 4656 3090 4728 τιμῶσι
3126 4656 3215 4710 τὸν
3247 4656 3431 4726 νόμον,
3454 4655 3763 4725 ὴτιμάκασι

507 4761 653 4811 rare,
690 4747 785 4802 sed
808 4748 988 4817 potius
1023 4763 1129 4802 non
1164 4749 1387 4805 credere
1423 4752 1645 4806 testanti
1680 4768 1695 4806 :
1723 4766 1789 4807 ac
1829 4753 1874 4808 si
1906 4768 2077 4808 unum

2194 4745 2277 4818 τὴν
2310 4747 2640 4818 μαρτυρίαν·
2666 4747 2850 4802 οὐκέτι
2880 4748 2988 4819 γάρ
3015 4749 3049 4819 η
3079 4746 3271 4819 ἀτιμία
3305 4745 3401 4801 τοῦ
3430 4749 3620 4817 νόμου,
3648 4746 3761 4798 ἀλλ’

506 4841 727 4913 quidem
763 4842 1115 4915 Evangelinm
1150 4852 1465 4910 testaretur,
1501 4847 1651 4903 aliud
1682 4864 1811 4906 vero
1849 4858 2076 4917 taceret,

507 4940 564 4988 et
609 4934 773 4991 unius
810 4940 1020 4989 tantum
1054 4933 1404 4992 dedccoratio
1446 4948 1623 5007 esset;
1673 4954 1783 4995 non
1836 4949 2080 4999 tacerent

507 5022 617 5079 alia
650 5023 957 5096 Evangelia,
982 5041 1103 5098 qua:
1131 5026 1604 5085 dedecorationem
1631 5030 1795 5088 unius
1824 5046 2077 5089 commuo

509 5131 633 5173 nem
665 5116 953 5174 ducerent.

2180 4841 2215 4910 ἡ
2268 4839 2494 4894 ἀπιστία
2546 4839 2639 4894 τοῦ
2690 4841 3118 4915 μαρτυροῦντος·
3165 4841 3259 4896 καὶ
3309 4842 3359 4894 εί
3403 4840 3502 4911 μὲν
3553 4839 3611 4893 ἐν
3656 4840 3765 4892 τῶν

2181 4932 2532 5001 Εὑαγγελίων
2562 4931 2879 5007 ἐμαρτύρει,
2913 4932 3099 5004 ἓτερον
3130 4932 3187 4986 δὲ
3231 4930 3465 4996 ἐσιώπα,
3507 4928 3605 4984 καὶ
3641 4929 3761 4983 καθ’

2181 5026 2301 5089 ἑνὸς
2336 5027 2495 5097 μόνον
2537 5026 2783 5097 ἐγίγνετο
2827 5028 2861 5098 η
2905 5027 3127 5098 ἀτιμία·
3179 5026 3281 5080 οὐκ
3333 5025 3400 5079 ἂν
3440 5022 3658 5077 ἐσιιὶιπα
3694 5019 3760 5076 τὰ

2180 5117 2315 5173 ἀλλα
2342 5120 2668 5190 Εὑαγγέλια,
2699 5119 2880 5190 κοινὴν
2927 5120 3148 5191 ἀτιμίαν
3187 5119 3287 5189 τὴν
3328 5116 3422 5171 τοῦ
3475 5117 3596 5180 ἐνὸς
3644 5117 3755 5169 ἀτι-

2182 5210 2312 5282 μίαν
2340 5212 2477 5283 ήγού
2485 5229 2642 5283 μενα.

582 5381 625 5415 ⁸⁷
662 5380 798 5439 Luc.
837 5398 955 5449 xw,
983 5382 1163 5440 28-3l.
1242 5384 1287 5417 ⁸⁸
1323 5384 1512 5442 Matth.
1549 5403 1604 5452 ν,
1643 5387 1729 5441 i7.
1807 5387 1850 5419 ¹⁹
1876 5384 2079 5459 Matth.

2194 5403 2239 5451 ι,
2277 5386 2384 5453 15;
2420 5386 2587 5441 Marc.
2626 5403 2678 5442 xu
2702 5427 2717 5453 ,
2754 5386 2815 5440 l7
2847 5404 2861 5452 ;
2900 5385 3030 5441 Luc.
3069 5402 3183 5449 xix,
3218 5383 3308 5439 46.

636 5559 692 5630 2)
734 5558 858 5615 Τῶν
878 5575 1056 5686 προὶρ.
1080 5560 1258 5644 γειιιο
1289 5561 1484 5645 desunt
1513 5562 1721 5646 aliquot
1750 5563 1805 5617 in
1832 5562 2071 5628 Graecis;

636 5646 854 5685 sensum
882 5647 993 5686 mm
1016 5642 1123 5686 evrt
1148 5631 1453 5686 Tumanus
1483 5641 1705 5686 ootune.
1736 5634 1895 5686 BASN.

511 5631 619 5701 sed
632 5646 854 5701 sensum
882 5631 1123 5701 implevit
1148 5631 1453 5689 Turrianus
1483 5631 1705 5701 optime.
1736 5634 1895 5689 BASN.

584 5700 696 5775 (5,”)
736 5700 971 5775 Κςιξτηελζ
995 5701 1075 5755 Illi
1101 5712 1481 5775 cauponantur
1510 5700 1879 5775 Evangelium,
1905 5702 1998 5774 qui
2022 5704 2073 5757 in

510 5770 749 5829 tabulam
792 5769 925 5824 illud
958 5769 1285 5834 vertuntfet
1330 5772 1567 5844 cogitata
1607 5769 1704 5829 stfa
1739 5789 1863 5830 cum
1896 5769 2068 5846 gratia

2180 5563 2433 5619 miscent.
2464 5560 2557 5617 Sic
2590 5561 2861 5620 Theodor.
2905 5562 2950 5619 ll
2991 5562 3120 5620 Cor.
3152 5579 3211 5633 ιι,
3242 5563 3330 5629 l7,
3361 5565 3752 5633 interpretatur

2179 5634 2745 5706 cauponariverbum.
2781 5633 2949 5690 Tuan.
2975 5665 3045 5675 —
3076 5633 3133 5706 lin
3159 5632 3347 5706 Graeco
3369 5632 3761 5706 καπηλεύσανομ

2183 5721 2293 5768 τες,
2329 5719 2434 5760 vos
2458 5703 2693 5760 deducta
2729 5720 2757 5758 a
2793 5705 3192 5774 mercatoribus
3224 5705 3313 5774 qui
3344 5703 3559 5774 merces
3595 5704 3753 5763 adui-

2178 5782 2355 5832 terant
2388 5782 2441 5832 et
2475 5780 2827 5845 prostitnnnt.
2861 5773 3075 5834 Pollux.
3105 5772 3380 5831 Onomast.
3416 5772 3500 5830 ln.
