3984 6212
214 232 362 289 1217

1227 227 1595 285 ADVERSUS
1632 228 2053 286 MANICHA-ZOS
2089 230 2217 287 LIB.
2257 230 2345 288 lll.

3306 227 3456 293 t3“

1054 345 1178 401 Cir.
1214 344 1303 401 IV.
1329 344 1441 400 Lex
1463 357 1513 401 et
1538 347 1881 419 Evangelium
1903 345 1967 401 de
2002 346 2214 402 Christo
2256 346 2607 402 consentiunt.

287 467 353 522 El
407 464 464 520 δί
513 462 733 533 Μάρκος
785 462 959 531 λέγει’
1024 462 1191 532 Ἀρχὴ
1246 463 1355 519 τοῦ
1414 464 1780 534 Εῠαττελίου

1952 463 2013 520 Si
2046 479 2176 519 vero
2214 462 2431 519 Marcus
2477 462 2593 516 ait:
2623 458 2954 528 Principium
3011 459 3281 534 Evangelii
3315 464 3447 520 .lesu

227 555 424 623 Ἰησοῦ
452 550 729 621 Χριστοῦ,
767 550 962 617 καθὼς
995 552 1315 621 γέγραπται
1361 553 1433 607 ἐν
1467 552 1668 621 Ἡσαΐᾳ
1705 552 1786 619 τῷ

201 642 520 715 ,προφήτῃο
562 642 591 695 6
638 641 698 696 δὲ
750 641 1056 707 Ματθαῖος’
1096 644 1312 711 Βίϐλος
1350 644 1639 715 γενέσεως
1678 646 1784 713 Ἰη-

212 736 331 791 σοῦ
374 735 655 805 Χριστοῦ,
702 734 835 790 υἱοῦ
884 736 1078 803 Δαόὶδ,
1116 736 1249 792 υἱοῦ
1287 737 1558 808 Ἀϐραάμ·
1617 740 1710 793 καὶ¹
1755 741 1785 794 6

204 829 314 899 ,μὲν
349 827 667 899 προπάτορα
693 827 790 899 τῆς
814 827 952 881 κατὰ
995 827 1171 897 σάρκα
1215 829 1517 900 γεννήσεως
1544 825 1652 884 οἶδε
1693 831 1783 885 τὸν

226 915 496 988 Ἀϐραὰμ,
532 917 625 969 καὶ
672 918 807 988 τιμᾷ
858 916 948 969 τὸν
994 917 1188 970 Δαὸίὸ·
1237 918 1267 971 6
1315 917 1373 971 δὲ
1423 919 1679 973 συνάπτει
1723 921 1784 975 τὸ

203 1007 541 1079 Ἑύαγγέλιον
566 1008 645 1079 τῷ
665 1008 846 1081 νόμῳ·
880 1009 974 1061 καὶ⁴
1010 1008 1102 1062 τοῦ
1132 1009 1461 1078 Εὐαγγελίου
1494 1011 1665 1082 ἀρχὴν
1692 1012 1783 1066 τὸν

202 1097 378 1170 νόμον
402 1099 653 1171 νενόηκεν
674 1116 688 1129 ·
725 1097 975 1169 ἀληθεύει
1006 1101 1035 1152 6
1066 1099 1257 1173 Σωτὴρ
1292 1100 1463 1169 λέγων
1484 1118 1497 1131 ο
1538 1103 1598 1156 '0
1626 1100 1781 1172 ὑμᾶς

210 1192 440 1247 ἀθετῶν
473 1191 578 1263 ἐμὲ
619 1191 847 1247 ἀθετεῖ·
888 1192 1067 1246 οὐκέτι
1113 1191 1220 1262 γὰρ
1271 1192 1430 1265 μέχρι
1477 1193 1567 1247 τοῦ
1616 1194 1779 1265 νόμου

212 1283 425 1337 τσταται
456 1285 488 1355 ἡ
519 1284 729 1354 ἀτιμία,
769 1282 885 1337 ἀλλ’
924 1284 1010 1337 ἐπ’
1040 1284 1202 1339 αὐτὸν
1234 1283 1509 1338 ἀναϐαίνει
1557 1285 1647 1339 τὸν
1671 1288 1783 1340 Σω-

209 1375 374 1446 τῆρα.
408 1376 517 1429 Καὶ
543 1376 593 1429 οἱ
628 1375 725 1446 μὲν
739 1374 977 1429 Ἰουδαῖοι
1022 1375 1384 1430 ἀκουέτωσαν’
1414 1378 1483 1430 El
1521 1376 1780 1444 Μωσέως

206 1467 482 1535 ἠκούετε,
509 1468 757 1537 ἠκούετε
783 1467 859 1522 ἃν
881 1467 1025 1537 ἐμοῦ
1042 1483 1055 1497 ο
1086 1468 1219 1536 περὶ
1249 1468 1356 1537 γὰρ
1383 1466 1529 1537 ἐμοῦ
1552 1469 1780 1536 ἐκεῖνος

204 1557 473 1627 ἔγραψεν
491 1575 507 1591 ’
541 1560 589 1611 οἱ
615 1558 671 1612 δὲ
704 1560 989 1629 Μανιχαίοι
1014 1559 1355 1613 ἀκουέτωσαν
1374 1577 1385 1591 ·
1433 1563 1503 1614 El
1532 1561 1639 1615 τοῦ
1661 1562 1779 1614 Εὐ-

205 1651 493 1722 αγτελίου
523 1651 787 1720 ἠκούετε,
822 1651 929 1705 τοῦ
960 1652 1145 1721 νόμου
1185 1652 1459 1720 ἠκούετε·
1511 1652 1643 1722 περὶ
1670 1654 1779 1723 γὰρ

204 1742 315 1797 τοῦ
348 1742 534 1813 νόμου
560 1742 627 1797 τὸ
656 1742 1020 1812 Εὑαγτέλιον
1054 1741 1458 1813 τετράφηκεν·
1492 1744 1606 1798 ἀλλ’
1651 1746 1780 1798 Ἰου-

1885 554 2105 620 Christi,
2129 554 2264 609 sicut
2293 553 2547 621 scriptum
2576 560 2652 604 est
2684 552 2737 605 in
2761 548 2911 603 Isaia
2940 549 3239 619 propheta"
3264 569 3279 620 ;
3312 552 3448 610 Mai.

1885 645 2057 702 thteus
2084 653 2263 699 autem
2305 663 2318 698 :
2363 643 2518 698 Liber
2543 642 2892 715 generationis
2927 639 3056 695 Jesu
3080 641 3301 711 Christi,
3343 645 3447 712 ﬁlii

1882 735 2074 800 David,
2116 736 2217 806 ﬁlii
2270 735 2700 803 Abraham“;et
2729 735 2816 789 hic
2871 734 3089 805 quidem
3134 738 3449 807 progenito-

1884 845 1995 883 rem
2024 828 2154 884 Jesu
2180 830 2479 885 secundum
2516 844 2737 883 carnem
2774 828 2878 885 scit
2909 844 3033 885 esse
3064 829 3360 895 Abraham,
3392 839 3446 886 et

1882 919 2052 975 David
2102 920 2363 987 honorat;
2420 920 2701 990 conjungit
2749 919 3101 990 Evangelium
3132 935 3256 974 cum
3304 921 3441 991 lege,

1880 1021 1934 1066 et
1963 1012 2134 1082 legem
2159 1013 2409 1082 cognovit
2434 1027 2555 1067 esse
2594 1012 2922 1082 principium
2956 1012 3269 1084 Evangelii;
3307 1011 3444 1068 fate-

1881 1110 1973 1158 tur
1996 1119 2180 1158 verum
2210 1102 2484 1165 Salvator,
2523 1119 2643 1158 cum
2676 1104 2753 1158 ait
2787 1123 2801 1158 :
2829 1104 2934 1171 Qui
2953 1121 3041 1159 vos
3095 1106 3313 1174 spernit,
3362 1122 3444 1162 me

1881 1196 2147 1263 spernit",
2180 1210 2285 1248 non
2316 1195 2458 1247 enim
2506 1210 2680 1264 usque
2732 1193 2785 1248 in
2824 1195 2994 1264 legem
3054 1197 3235 1249 evadit
3278 1196 3445 1252 dede-

1882 1304 2000 1350 cus,
2034 1296 2087 1341 et
2118 1288 2189 1341 ibi
2225 1288 2444 1352 residet,
2470 1286 2565 1342 sed
2598 1288 2651 1341 in
2675 1288 2851 1357 ipsum
2872 1286 3208 1342 Salvatorem
3240 1289 3443 1343 redun-

1881 1377 1993 1431 dat.
2026 1377 2103 1431 Ae
2141 1375 2314 1430 Judaei
2366 1378 2582 1447 quidem
2630 1375 2855 1430 audiant
2888 1396 2900 1430 :
2938 1375 2998 1430 Si
3021 1375 3256 1447 Hoysem
3285 1378 3442 1434 audi-

1881 1470 2026 1529 retis,
2061 1467 2316 1522 audiretis
2346 1468 2519 1537 utique
2550 1482 2659 1530 me;
2681 1467 2744 1521 de
2775 1484 2854 1521 me
2885 1467 3022 1521 enim
3044 1469 3253 1535 scripsit
3278 1469 3438 1523 ille”.

1880 1560 2164 1614 Manichaai
2222 1574 2343 1614 vero
2390 1559 2610 1613 audiant
2642 1577 2655 1613 :
2682 1558 2740 1613 Si
2785 1558 3125 1629 Evangelium
3162 1559 3437 1625 audiretis,

1878 1660 1926 1703 et
1960 1648 2121 1719 legem
2151 1647 2440 1711 audiretis;
2470 1646 2533 1701 de
2554 1647 2660 1717 lege
2679 1647 2815 1701 enim
2838 1648 3047 1717 scripsit
3072 1646 3436 1719 Evangelium.

1884 1736 2279 1796 VerumJudaii
2321 1738 2539 1811 quidem
2581 1738 2700 1793 velo
2743 1740 2917 1793 oculis
2960 1740 3223 1806 adhibito,
3262 1756 3440 1812 neque

202 1826 347 1882 δαῖοι
381 1810 499 1900 μὲν,
528 1810 1196 1901 κάλυμμα-λαμϐάνοντες,
1226 1810 1345 1885 οὐδὲ
1368 1831 1459 1886 τὸν
1488 1833 1652 1907 νόμον
1690 1851 1777 1888 νε-

1880 1834 2049 1903 legem
2077 1810 2481 1895 intellexerunt,
2514 1844 2688 1902 neque
2715 1831 3029 1887 nuntiatum
3075 1810 3437 1904 agnoverunt.

200 1919 489 1992 νοήκασιν,
525 1919 644 1974 οὐδὲ
687 1919 777 1975 τὸν
828 1921 1323 1994 καταγγελλόμενον
1353 1922 1695 1993 ἐπέγνωσαν·
1727 1925 1776 1979 ol

200 2009 260 2064 δὲ
292 2010 612 2083 αἱρεσιῶται
636 2012 942 2084 ὀφθαλμοὺς
969 2012 1179 2085 ἔχουσιν
1223 2014 1285 2068 οὐ
1319 2014 1633 2086 βλέποντας,
1663 2010 1777 2070 ὦτα

204 2102 424 2172 ἔχουσιν
454 2103 553 2157 οὐκ
582 2103 843 2158 ἀκούοντα
865 2121 879 2136 ⁸
914 2104 1004 2159 διὰ
1042 2106 1105 2159 τὸ
1143 2105 1218 2178 μὴ
1257 2107 1575 2179 παρακύψαι
1604 2109 1682 2173 εἰς
1709 2108 1778 2163 τὰ

197 2194 535 2263 Εὐαγγέλια,
581 2196 660 2266 τῷ
708 2195 857 2268 νόμῳ
902 2195 1271 2268 ἐμαχέσαντοο
1316 2198 1421 2253 ἰδοὺ
1449 2199 1557 2271 γὰρ
1597 2201 1627 2253 6
1678 2200 1778 2271 μὲν

211 2284 473 2356 Ἰωάννης
511 2285 609 2359 βοᾷ
624 2304 639 2317 ’
686 2287 946 2357 Ἐγένετο
985 2287 1292 2357 ἄνθρωπος
1323 2290 1777 2362 ἀπεσταλμένος

203 2376 371 2445 παρὰ
404 2377 572 2444 Θεοῦ,
612 2377 800 2450 ὄνομα
824 2380 984 2447 αὐτῷ
1021 2380 1317 2449 Ἰωάννηςο
1369 2379 1546 2450 οὗτος
1591 2380 1779 2454 ἦλθεν

202 2470 291 2535 εις
334 2470 687 2541 μαρτυρίαν,
718 2488 817 2526 ινα
841 2473 1197 2543 μαρτυρήσῃ
1238 2474 1370 2545 περι
1412 2475 1519 2530 τοῦ
1562 2479 1773 2546 φωτός.

205 2559 329 2618 Οἵδε
351 2562 444 2615 τὸν
474 2563 746 2637 μάρτυρα,
779 2566 873 2619 καὶ
899 2560 1006 2619 οἶδε
1048 2566 1139 2619 τὸν
1170 2566 1608 2639 μαρτυρούμενον
1628 2584 1645 2602 ο
1682 2568 1777 2621 καὶ

204 2655 296 2709 τδν
329 2655 582 2728 μάρτυρα
620 2656 958 2729 προγράφει·
995 2658 1058 2711 '0
1102 2659 1284 2727 νόμος
1328 2658 1427 2711 καὶ
1462 2660 1517 2712 οι
1553 2657 1777 2729 προφῆ-

207 2761 299 2800 ται
315 2745 533 2817 μέχρις
566 2745 852 2801 Ἰωάννου.
891 2744 1098 2801 Οὐκοῦν
1129 2749 1158 2801 6
1193 2748 1442 2820 Ἰωάννης
1487 2751 1771 2820 μαρτυρεῖ,

206 2840 300 2894 καὶ
331 2841 361 2893 6
393 2840 556 2910 νόμος
585 2839 819 2912 μάρτυρ,
853 2839 947 2893 καὶ
982 2842 1333 2913 μαρτυρεῖται
1361 2841 1391 2893 6
1416 2840 1596 2913 νόμος.

279 2932 422 3003 Ὅρα
455 2930 638 3001 ἡλίκον
665 2932 923 3003 ἀτόπημα
949 2933 984 3003 ἡ
1028 2932 1156 3003 περὶ
1189 2933 1286 2996 τὰς
1318 2932 1617 3005 μαρτυρίας
1644 2932 1772 2987 ἀπι-

208 3022 330 3077 στία
361 3022 585 3095 νομίζει.
616 3023 725 3077 Καὶ
746 3022 970 3078 τοιαῦτα
994 3024 1197 3078 τούτων
1219 3023 1625 3096 φθεγξαμένων,
1654 3023 1773 3077 οὐδὲ

1880 1922 2130 1979 Ηειτειίοἰ
2167 1937 2296 1977 vero
2327 1924 2517 1977 oculos
2551 1923 2755 1979 habent
2795 1939 2991 1991 eiecos,
3026 1934 3081 1981 et
3123 1939 3285 1983 aures
3316 1940 3440 1983 sur-

1877 2016 1976 2072 das
2008 2034 2020 2070 :
2058 2016 2185 2087 quia
2212 2031 2323 2071 non
2351 2017 2737 2087 introspiciunt
2769 2017 2822 2073 in
2852 2016 3228 2089 Evangelium,
3264 2020 3438 2090 legem

1877 2116 2347 2179 oppugnaverunt.
2384 2106 2623 2165 Joannes
2656 2110 2801 2165 enim
2835 2110 3036 2164 clamat
3067 2128 3081 2165 :
3112 2108 3242 2164 Fuit
3285 2111 3438 2164 Iiomo

1876 2200 2071 2254 missus
2103 2216 2136 2253 a
2171 2194 2301 2265 Deo,
2332 2201 2420 2253 cui
2439 2216 2625 2254 nomen
2650 2198 3013 2256 erataloannes
3045 2217 3065 2255 :
3084 2200 3181 2275 .ltic
3219 2202 3354 2257 venit
3384 2204 3443 2258 iis

1878 2294 2251 2360 testimonium,
2280 2302 2337 2347 ut
2366 2294 2722 2349 testimonium
2750 2293 3040 2365 perhiberet
3060 2293 3125 2348 de
3170 2293 3434 2348 lumine“.

1875 2384 2142 2458 Cognovit
2202 2392 2417 2453 testem,
2462 2393 2517 2443 et
2570 2385 2827 2457 cognovit
2868 2386 2937 2442 de
2971 2401 3080 2457 quo
3126 2393 3246 2441 erat
3286 2387 3440 2441 testi-

1876 2477 2143 2543 monium,
2166 2482 2222 2533 et
2247 2485 2439 2533 testem
2464 2478 2765 2549 praescribit
2798 2478 3049 2550 inquiens
3083 2496 3098 2533 :
3128 2475 3238 2531 Lex
3254 2488 3302 2532 et
3316 2493 3441 2547 pro-

1872 2568 2039 2637 phette
2062 2584 2223 2640 usque
2252 2568 2321 2623 ad
2344 2567 2672 2625 Joannem".
2703 2568 2941 2626 Joannes
2972 2570 3137 2641 igitur
3167 2578 3396 2627 testatur
3416 2609 3436 2638 ,

1871 2665 1927 2715 et
1955 2659 2041 2715 lex
2079 2660 2236 2717 testis
2269 2670 2391 2727 est,
2425 2669 2479 2716 et
2504 2662 2874 2718 testimonium
2896 2663 3002 2734 legi
3024 2662 3364 2735 perhibetur.

1951 2928 2108 2996 Vide,
2139 2942 2250 2984 non
2279 2927 2502 2985 credere
2535 2928 2886 2992 testimoniis,
2913 2934 3178 2999 quantum
3210 2928 3438 2986 absurdi

1872 3022 2082 3079 aﬂ‘erat.
2117 3020 2294 3091 Atque
2326 3021 2379 3075 hi
2414 3020 2631 3092 quidem
2657 3034 2779 3075 cuin
2806 3018 2937 3075 talia
2971 3019 3230 3085 dixerint,
3259 3035 3441 3092 neque

204 3117 235 3169 6
261 3115 476 3178 Λουκᾶς
509 3117 715 3188 σιωπᾷ·
744 3116 877 3188 φησὶ
922 3115 1030 3188 γὰρ
1075 3116 1173 3188 τὴν
1222 3116 1388 3188 αὐτὴν
1430 3116 1611 3187 φωνὴν
1639 3116 1771 3186 (54),

1877 3114 2050 3171 Lucas
2089 3112 2244 3181 silet;
2286 3112 2476 3167 eadem
2525 3111 2671 3167 enim
2705 3126 2840 3168 voce
2876 3126 3010 3169 usus
3058 3118 3166 3177 est,
3208 3117 3263 3167 et
3310 3112 3440 3168 aliis

206 3205 299 3259 καὶ
324 3203 534 3277 συνῳδὰ
559 3208 670 3270 τοῖς
699 3205 875 3270 ἄλλοις
902 3207 1217 3277 φθέγγεται,
1248 3209 1341 3261 καὶ
1366 3207 1650 3277 διηγεῖται,
1689 3207 1772 3259 ὅτι

206 3295 329 3368 ἄρτι
360 3296 457 3368 μὲν
480 3297 511 3350 6
536 3296 773 3368 Γαϐριὴλ
798 3301 866 3368 τῇ
898 3298 1086 3369 Μαρίᾳ
1120 3297 1306 3367 φανεὶς
1344 3297 1495 3367 ἠφίει
1526 3296 1773 3369 οὐράνιον

205 3387 519 3459 ἀσπασμὸν,
545 3386 716 3457 λέγων
735 3404 748 3418 ε
783 3388 975 3455 Χαῖρε,
1010 3388 1464 3457 κεχαριτωμένη,
1494 3391 1527 3442 d
1562 3389 1773 3455 Κύριος

201 3477 351 3548 μετὰ
375 3477 523 3533 σοῦ·
558 3478 637 3544 ὠς
668 3477 737 3531 δὲ
771 3478 969 3545 ἐκείνη
1009 3478 1106 3532 ἐπὶ
1139 3478 1219 3543 τῷ
1243 3478 1400 3548 λόγῳ
1430 3477 1773 3547 ἐταράττπο

206 3570 310 3647 καὶ⁴
331 3568 681 3639 διελογίζετο
709 3569 779 3623 ἐν
826 3569 1012 3638 ἑαυτῇ
1060 3571 1347 3640 λέγουσα,
1381 3570 1647 3637 ποταπὸς
1678 3572 1771 3640 ειη

206 3662 241 3712 ό
275 3659 599 3730 ἀσπασμὸς
632 3656 839 3727 οὗτος·
874 3660 1077 3731 ἔλεγε·
1110 3660 1206 3729 Μὴ
1254 3661 1459 3730 φοϐοῦ,
1497 3662 1767 3731 Μαριάμ·

202 3745 378 3819 εὗρες
419 3752 529 3821 γὰρ
572 3751 748 3823 χάριν
784 3746 1046 3808 ’ἐνώπιον
1099 3752 1206 3808 τοῦ
1263 3754 1411 3808 Θεοῦ
1427 3768 1441 3784 ⁸
1499 3755 1598 3809 καὶ
1642 3756 1772 3809 ιδοὺ

204 3841 505 3911 συλλήψῃ
537 3842 608 3897 ἐν
634 3843 868 3913 γαστρὶ,
922 3842 1025 3897 καὶ
1066 3841 1207 3913 τέξῃ
1242 3843 1406 3909 υἱὸν,
1449 3844 1549 3899 καί
1598 3844 1774 3900 καλέ-

205 3947 335 4000 σεις
356 3933 422 3987 τὸ
456 3933 643 4003 ὄνομα
673 3935 858 3989 αὑτοῦ
885 3934 1137 4004 Ἰησοῦν.
1160 3931 1347 4002 Οὗτος
1372 3935 1541 3991 ἔσται
1564 3936 1769 4009 μένας,

205 4026 303 4081 και
340 4026 471 4093 Υἱὸς
508 4027 790 4097 Ὑψίστου
822 4025 1216 4095 κληθήσεται·
1258 4028 1354 4082 καὶ
1392 4027 1569 4085 δώσει
1611 4029 1770 4095 αὐτῷ

204 4119 417 4187 Κύριος
438 4116 547 4171 τὸν
576 4118 791 4185 θρόνον
821 4118 999 4172 Δαϐὶδ
1024 4117 1132 4173 τοῦ
1169 4119 1390 4187 πατρὸς
1426 4118 1641 4174 αὐτοῦ’
1671 4120 1771 4174 καὶ

202 4204 559 4272 ,ϐασιλεύσει
588 4209 675 4275 εις
703 4208 847 4275 τοὺς
892 4208 1138 4276 αιῶνας·
1190 4210 1289 4264 καὶ
1316 4209 1424 4278 τῆς
1452 4211 1773 4279 βασιλείας

204 4299 389 4354 αὑτοῦ
436 4301 547 4355 οὐκ
585 4299 756 4354 ἔσται
808 4300 1000 4367 τέλος.
1044 4301 1156 4355 Kal
1199 4303 1424 4372 τιμᾶται
1461 4303 1643 4368 Δαόὶδ,
1681 4304 1773 4357 καὶ

203 4392 383 4464 πατὴρ
413 4392 751 4462 ὁμολογεῖται
786 4394 1056 4466 Σωτῆρος.
1104 4394 1199 4446 καὶ
1244 4395 1393 4465 μένει
1424 4397 1456 4467 ὴ
1487 4397 1647 4469 ἀρχὴ,
1678 4397 1773 4450 καὶ

1872 3207 2219 3279 evangelistis
2248 3218 2492 3260 consona
2532 3205 2774 3275 loquitur
2800 3212 3116 3276 nari-atque,
3148 3204 3294 3275 quod
3329 3204 3438 3259 Ga-

1870 3299 2006 3355 briel
2048 3296 2266 3369 quidem
2297 3297 2548 3368 apparuit
2574 3296 2774 3360 Marias,
2810 3305 2864 3351 et
2909 3297 3186 3353 caelestem
3229 3298 3438 3353 saluta-

1871 3390 2071 3445 tionem
2094 3390 2144 3444 ei
2179 3388 2384 3452 attulit,
2412 3387 2666 3458 inquiens
2694 3406 2707 3441 :
2736 3388 2859 3451 Ave,
2896 3388 3073 3458 gratia
3101 3387 3277 3456 plena,
3331 3388 3434 3442 Do-

1870 3483 2042 3536 minus
2072 3489 2259 3535 tecum.
2300 3477 2432 3545 Qua:
2462 3494 2578 3533 cum
2607 3479 2864 3545 audisset,
2898 3478 3113 3532 turbata
3136 3488 3213 3533 est
3236 3480 3289 3532 in
3318 3495 3433 3533 ser-

1871 3588 2024 3628 mone
2053 3572 2189 3641 ejus,
2238 3580 2288 3625 et
2315 3570 2601 3641 cogitabat,
2642 3568 2815 3641 qualis
2849 3578 2984 3623 esset
3011 3570 3116 3623 ista
3151 3569 3429 3623 salutatio.

1872 3663 1941 3717 Et
1967 3664 2042 3717 ait
2075 3661 2288 3734 angelus
2306 3655 2357 3716 ei
2379 3678 2397 3715 :
2422 3660 2505 3716 Ne
2552 3661 2758 3727 timeas,
2816 3659 3015 3723 Μανία,
3037 3660 3278 3715 invenisti
3295 3661 3435 3715 enim

1869 3754 2099 3825 gratiam
2127 3753 2264 3821 apud
2290 3750 2456 3805 Deum
2486 3766 2505 3804 :
2529 3766 2643 3805 ecce
2670 3750 2927 3816 concipies
2962 3751 3017 3804 in
3036 3759 3207 3813 utero,
3255 3759 3304 3804 et
3332 3765 3429 3819 pa-

1870 3845 1973 3900 ries
1994 3845 2187 3915 ﬁlium,
2223 3852 2273 3898 et
2310 3841 2517 3898 vocabis
2563 3857 2748 3896 nomen
2786 3842 2899 3911 ejus
2949 3839 3154 3895 Iesum.
3184 3840 3286 3895 Hic
3330 3842 3438 3895 erit

1874 3952 2116 4007 magnus,
2153 3944 2201 3989 et
2233 3932 2409 3988 Filius
2443 3932 2704 3986 Altissimi
2744 3932 3011 3985 vocabitur
3040 3949 3060 3986 :
3084 3939 3133 3985 et
3164 3930 3310 3985 dabit
3346 3930 3435 3986 illi

1871 4025 2130 4080 Dominus
2184 4024 2356 4079 sedem
2389 4022 2559 4077 David
2600 4023 2769 4092 patris
2801 4022 2915 4092 ejus
2947 4037 2964 4075 :
2993 4030 3043 4076 et
3090 4021 3327 4093 regnabit
3375 4022 3433 4076 iit
3468 4044 3474 4051 ·

1870 4118 2025 4172 domo
2045 4115 2209 4170 Jacob
2248 4116 2302 4169 in
2331 4123 2615 4169 internum:
2639 4122 2688 4168 et
2702 4114 2845 4185 regni
2872 4113 2985 4184 ejus
3002 4130 3104 4168 non
3118 4115 3216 4168 erit
3235 4115 3433 4184 finis“.

1871 4207 2182 4263 Honoratur
2212 4204 2402 4271 David,
2439 4212 2492 4260 et
2515 4214 2668 4275 pater
2696 4205 2816 4275 ejus
2844 4219 2968 4261 esse
3003 4205 3344 4267 conceditur,
3372 4213 3431 4259 et

1873 4307 1983 4356 stat
2038 4314 2103 4354 ac
2155 4296 2318 4353 durat
2359 4296 2699 4368 principatus
2751 4295 2892 4366 ejus,
2930 4294 3274 4366 traditurque
3322 4293 3437 4347 Do-

1874 4390 2045 4454 mino,
2068 4397 2122 4444 et
2172 4387 2333 4443 ﬁnem
2381 4401 2491 4443 non
2530 4386 2717 4453 habet,
2760 4386 2919 4456 cujus
2958 4385 3125 4457 gloria
3172 4395 3431 4456 perpetua

204 4483 554 4554 παραδίδοται
591 4484 668 4555 τῷ
701 4484 917 4555 Κυρίῳ,
964 4486 1057 4538 καὶ
1100 4485 1251 4548 τέλος
1293 4486 1353 4538 οὐ
1400 4486 1631 4557 δέχεται,
1669 4489 1768 4558 τῆς

1877 4492 1972 4539 est.
2004 4484 2181 4553 Atque
2230 4482 2345 4536 haec
2393 4479 2609 4552 quidem
2646 4487 2775 4536 sunt
2816 4478 3081 4549 principia
3112 4476 3433 4548 Evangelia—

202 4575 376 4648 ἀρχῆς
411 4577 468 4629 ὲν
510 4574 587 4647 τῷ
627 4574 964 4647 ἀτελευτήτῳ
1002 4577 1417 4647 σεμνυνομένης.
1454 4578 1563 4631 Καὶ
1596 4577 1765 4632 ταῦτα

1877 4591 1987 4630 rum
2021 4594 2034 4629 :
2069 4574 2355 4646 Oportebat
2383 4573 2549 4640 enim,
2597 4579 2655 4627 nt
2684 4587 2752 4628 ex
2789 4571 3074 4642 principiis
3119 4584 3434 4626 sermonem

206 4665 301 4735 μὲν
328 4667 388 4719 αἱ
418 4665 526 4718 τῶν
566 4665 908 4736 Εὑαγγελίων
950 4667 1115 4737 ἀρχαί
1136 4680 1150 4696 ⁸
1192 4667 1298 4720 ἔδει
1332 4668 1439 4738 γὰρ
1477 4670 1626 4739 ἡμᾶς
1660 4670 1768 4723 ἀπὸ

1877 4672 2195 4720 texeremus.
2223 4662 2355 4719 Post
2380 4676 2524 4734 quae,
2572 4660 2667 4732 qui
2704 4675 2845 4732 pone
2892 4660 3194 4731 gradiatur,
3231 4672 3430 4713 conse-

199 4755 309 4809 τῶν
352 4755 535 4828 ἀρχῶν
579 4757 669 4810 τὸν
698 4757 854 4827 λόγον
887 4759 1105 4828 ὑφᾶναι,
1140 4757 1207 4811 ἵν’
1239 4757 1400 4823 οὕτω,
1429 4759 1655 4812 κατόπιν
1687 4777 1771 4823 τις

205 4846 431 4917 βαδίζων
458 4848 550 4901 τοῦ
581 4849 761 4917 λόγου,
795 4850 889 4903 καὶ
925 4851 1021 4923 τὴν
1050 4849 1370 4905 ἀκολουθίαν
1415 4851 1508 4904 καὶ
1541 4851 1639 4923 τὴν
1671 4853 1768 4924 ἀρ-

208 4945 394 5012 μονίαν
443 4943 549 4997 τῶν
600 4942 771 5013 λόγων
813 4943 1049 5014 κατανοῇ
1094 4942 1155 5008 ἐξ
1194 4943 1329 4997 ὅλων
1374 4943 1483 4997 τῶν
1522 4945 1765 5016 Εὐαγγε-

205 5034 354 5094 λίων.

284 5128 502 5201 Ἐπειδὴ
530 5128 589 5183 δὲ
619 5128 711 5183 καὶ
750 5131 784 5201 ἠ
821 5128 1147 5201 ἅποστολικὴ
1179 5130 1420 5184 διακονία
1446 5131 1766 5204 χαρακτῆρα

211 5219 367 5286 σώζει
395 5222 774 5293 εὐαγγελικδν,
803 5222 897 5277 καὶ
926 5224 955 5276 6
986 5221 1197 5287 Παῦλος
1230 5218 1358 5290 οἶδε,
1393 5224 1486 5278 καὶ
1513 5225 1612 5295 τὴν
1647 5223 1765 5279 δια-

1869 4744 2141 4812 cutionem
2190 4764 2246 4811 et
2295 4761 2621 4810 concentum
2676 4767 2991 4809 sermonum
3042 4767 3110 4807 ex
3156 4751 3436 4807 universis

1869 4845 2178 4919 Evangeliis
2200 4846 2487 4917 intelligat.

1936 5134 2073 5201 Quia
2104 5149 2231 5190 vero
2269 5136 2435 5190 etiam
2470 5135 2701 5205 apostoli
2748 5134 2982 5189 ministri
3014 5132 3288 5203 Evangelii
3324 5138 3434 5202 sty-

1864 5226 1975 5281 luni
2018 5228 2387 5300 evangelicum
2427 5235 2667 5292 servant,
2712 5237 2766 5283 et
2808 5225 3009 5283 Paulus
3053 5238 3271 5299 quoque
3302 5237 3430 5278 eum

277 5376 324 5449 ’ξ
360 5375 530 5434 llarc.
557 5391 612 5449 _l.
645 5377 705 5449 l.
771 5377 817 5412 “
855 5376 1044 5434 Matth.
1079 5393 1130 5444 i,
1169 5378 1222 5433 1.
1295 5380 1340 5411 ¹¹
1378 5377 1511 5435 Luc.
1546 5395 1615 5446 τ,
1655 5377 1740 5433 16.

1897 5377 2056 5438 Joan.
2094 5397 2147 5448 ν,
2183 5380 2274 5441 46.
2348 5384 2395 5416 ’δ
2430 5381 2588 5438 Joan.
2623 5397 2675 5449 i,
2706 5379 2761 5448 6,
2795 5381 2845 5435 7.
2920 5383 2966 5414 "
3004 5378 3137 5439 Luc.
3173 5394 3301 5444 xvr,
3334 5375 3430 5433 16.

214 5444 259 5477 ⁸⁸
294 5444 427 5503 Luc.
462 5464 514 5515 i,
547 5446 735 5504 28-55.

281 5566 390 5636 (51)
435 5569 553 5639 Τὴν
575 5566 766 5637 αὐτὴν
785 5567 1011 5637 φωνήν.
1049 5567 1248 5624 Eadem
1275 5581 1425 5635 voce,
1455 5566 1628 5638 patris
1688 5567 1794 5623 sciti

1877 5575 1915 5639 t,
1971 5567 2102 5639 quia
2164 5565 2332 5623 David
2368 5546 2576 5637 patrem
2605 5562 2809 5621 Christi
2847 5561 3063 5618 vocavit
3114 5558 3257 5617 sicut
3289 5554 3433 5611 και.»

217 5633 399 5693 tbmus.
439 5633 608 5695 Tutin.
