3984 6212
519 264 657 323 1219

1632 260 1767 317 TITI
1805 258 2231 317 BOSTBENSIS
2270 256 2573 314 EPISCOI’I

3616 256 3755 315 £220

514 383 690 449 novit,
722 391 775 438 ct
807 381 1166 438 ministerium
1212 384 1528 454 passionum
1568 397 1792 437 suarum
1833 381 1887 436 in
1926 392 2075 451 parte

2180 380 2363 433 κονίαν
2391 376 2580 433 ἑαυτοῦ
2613 374 2721 429 τῶν
2747 374 3083 447 παθημάτων
3124 376 3184 429 ἐν
3226 374 3383 446 μέρει
3419 373 3751 443 Εὐαγγελίου

464 469 478 510 )
512 472 790 546 Evangelii
816 474 1037 531 metitur
1054 475 1134 541 ’7;
1189 475 1266 529 ait
1294 475 1436 530 enim
1468 493 1481 529 :
1517 475 1812 531 Secundum
1850 473 2084 545 Evange-

513 566 646 621 lium
664 582 834 619 meum
859 580 951 633 per
980 563 1159 620 Jesum
1190 564 1532 632 Christum",
1575 583 1677 623 nos
1720 583 1898 637 neque
1934 571 2085 638 prin-

510 665 656 735 cipia
685 662 931 733 Apostoli
977 665 1458 733 praetermittemus
1489 683 1501 719 :
1537 664 1670 734 quin
1717 664 1808 718 illa
1845 679 2086 720 comme-

511 769 788 809 moremus
820 762 878 809 ut
904 770 1095 810 omnes
1116 753 1444 826 Scripturas,
1465 765 1518 810 et
1537 756 1799 827 principia
1834 756 2082 827 Scriptu-

508 859 695 898 rarum
748 852 1147 913 percurrentes,
1187 861 1293 901 una
1341 862 1530 901 eorum
1587 861 1720 902 voce
1760 847 1930 918 legem
1966 848 2084 904 dis-

509 949 824 1003 pensemus.
872 934 1133 992 Scribens
1166 937 1332 1007 igitur
1359 936 1600 993 Hebraeis
1634 938 1715 993 sic
1750 938 1826 992 ait
1863 958 1876 993 :
1905 939 2087 993 Multi-

510 1027 709 1096 fariam
743 1027 1021 1099 multisque
1056 1028 1226 1083 modis
1254 1028 1380 1083 olim
1428 1028 1565 1084 Deus
1603 1030 1815 1102 loquens
1839 1032 2080 1102 patribus

508 1117 565 1170 in
583 1117 868 1185 prophetis,
894 1119 1169 1173 novissime
1197 1119 1385 1174 diebus
1425 1122 1543 1175 istis
1572 1121 1775 1176 loeutus
1813 1131 1892 1177 est
1932 1124 2081 1178 nobis

510 1206 564 1258 in
594 1204 755 1270 Filio,
783 1224 932 1277 quem
972 1210 1243 1263 constituit
1283 1211 1536 1265 Itazredem
1579 1213 1961 1279 universorum,
1992 1230 2084 1283 per

509 1313 659 1366 quem
692 1309 741 1353 et
762 1300 960 1354 saecula
990 1300 1181 1370 fecit”.
1217 1301 1331 1357 lloc
1363 1304 1417 1357 in
1444 1305 1562 1359 loco
1589 1303 1805 1361 Patrem
1833 1305 1957 1360 Filii
1985 1322 2081 1361 co-

508 1391 716 1458 gnovit.
781 1403 834 1447 et
873 1392 1083 1449 Patrem
1122 1394 1243 1449 Filii
1280 1407 1641 1466 cOgnoscens,
1694 1414 1804 1453 non
1849 1401 2083 1469 partitur

508 1497 649 1546 rem,
679 1500 786 1539 non
824 1493 966 1543 tacet
995 1487 1062 1541 de
1091 1488 1352 1559 antiquis,
1399 1506 1505 1543 non
1535 1491 1760 1546 ascribit
1785 1491 1922 1547 alios
1963 1507 2085 1563 pro-

508 1574 722 1641 phetas,
775 1576 870 1631 sed
924 1576 1087 1634 Deum
1143 1579 1553 1649 prophetarum,
1589 1590 1641 1635 et
1682 1580 1897 1636 Patrem
1931 1579 2077 1639 Filii.

504 1660 710 1719 Paulus
746 1680 852 1719 non
883 1667 1115 1736 partitus
1146 1676 1251 1733 est,
1287 1686 1463 1740 neque
1505 1670 1723 1738 divisit;
1759 1671 1869 1726 imo
1906 1680 2081 1727 totum

2185 475 2403 543 μετρεῖ·
2460 470 2592 542 φησὶ
2630 468 2758 541 γάρο
2804 468 2963 522 Κατὰ
3004 467 3073 521 τὸ
3116 465 3489 537 Εὑαγγέλιόν
3514 481 3641 536 μου
3666 465 3760 520 διὰ

2194 562 2388 632 Ἰησοῦ
2427 559 2683 631 Χριστοῦ
2702 575 2717 589 ο
2754 559 2914 629 ἡμεῖς
2945 558 3077 629 μηδὲ
3113 557 3213 622 τὰς
3256 558 3435 631 ἀρχὰς
3462 556 3560 611 τοῦ
3601 558 3760 612 Ἀπο-

2182 654 2368 709 στὸλου
2405 647 2827 726 παραλείψωμεν
2849 692 2864 715 ,
2920 649 3055 704 ἀλλά
3101 651 3371 711 κάκείνων
3411 652 3493 715 εἰς
3541 653 3759 723 μνήμην

2181 745 2453 816 ἔλθωμεν,
2501 746 2609 807 ἵνα,
2652 744 2829 807 πάσας
2869 742 2968 804 τὰς
3011 742 3233 814 Pompa;
3275 745 3370 797 καὶ
3417 744 3598 814 ἀρχὰς
3654 745 3759 797 τῶν

2181 837 2411 909 Γραφῶν
2435 836 2812 909 παρελθόντες,
2855 838 2922 906 τῇ
2969 836 3246 908 ὁμοφωνία
3288 836 3384 890 τοῦ
3421 838 3587 907 νόμου
3617 840 3756 891 οἰκο-

2181 929 2524 999 νομήσωμεν.
2550 927 2783 998 Γράφων
2827 925 2924 997 μὲν
2970 928 3082 989 τοῖς
3121 925 3414 996 Ἑϐραίοις,
3459 926 3626 990 οὕτως
3664 927 3753 979 λέ-

2181 1033 2296 1086 γει’
2338 1017 2694 1087 Πολυμερῶς
2740 1019 2840 1073 καί
2880 1019 3271 1087 πολυτρόπως
3306 1017 3498 1072 πάλαι
3542 1022 3575 1072 ό
3615 1021 3752 1085 Θεὸς

2179 1108 2462 1176 λαλήσας
2499 1109 2621 1176 τοῖς
2653 1109 2950 1179 πατράσιν
2981 1109 3052 1162 ἐν
3089 1108 3214 1174 τοῖς
3259 1109 3623 1178 προφήταις,
3666 1111 3750 1162 ἐπ’

2179 1200 2452 1270 ἐσχάτων
2479 1202 2597 1255 τῶν
2636 1203 2869 1272 ἡμερῶν
2909 1204 3134 1256 τούτων
3168 1201 3478 1270 ἐλάλησεν
3515 1202 3666 1272 ἡμῖν
3693 1204 3757 1255 ἐν

2189 1291 2319 1357 Υίῷ,
2355 1292 2426 1346 ὃν
2457 1293 2632 1362 ἔθηκε
2663 1297 3038 1362 κληρονόμον
3086 1294 3345 1357 πάντων,
3409 1293 3485 1345 δι’
3540 1289 3619 1349 οὗ
3665 1294 3757 1346 καί

2180 1383 2429 1451 ἐποίησε
2457 1385 2595 1449 τοὺς
2625 1383 2847 1451 αἰῶνας
2864 1402 2877 1415 ·
2914 1383 3144 1439 ἐνταῦθα
3176 1385 3396 1455 Πατέρα
3422 1380 3567 1438 οἶδεν
3594 1385 3721 1437 Tia-3
3739 1402 3755 1414 ·

2182 1481 2274 1533 καὶ
2311 1479 2529 1551 Πατέρα
2575 1480 2931 1551 ἐπιστάμενος
2983 1479 3127 1542 Υίοῦ,
3153 1479 3214 1531 οὐ
3255 1478 3466 1550 μερίζει
3512 1478 3575 1530 τὸ
3619 1481 3758 1550 ττρὶ-

2180 1588 2315 1642 γμα,
2348 1570 2410 1623 οὑ
2441 1572 2620 1641 σιωπᾷ
2659 1572 2785 1642 περὶ
2820 1570 2927 1623 τῶν
2956 1569 3215 1633 παλαιῶν,
3246 1570 3305 1623 οὐ
3335 1571 3627 1641 προφήτας
3652 1571 3759 1623 ἐτέ-

2186 1678 2307 1733 ρους
2339 1662 2697 1734 προσγράιρει,
2739 1661 2873 1715 ἀλλά
2906 1661 3035 1715 Θεὸν
3064 1662 3378 1733 προφητῶν,
3413 1664 3507 1715 καὶ
3535 1663 3757 1733 Πατέρα

509 1756 788 1825 praedicat,
804 1757 954 1810 illum
988 1758 1207 1828 quidem
1230 1775 1260 1813 a
1295 1761 1572 1832 prophetis
1594 1763 1901 1828 adoratum,
1923 1763 2068 1818 hunc

2179 1752 2308 1806 Υἰοῦ
2330 1770 2345 1786 ·
2379 1756 2473 1807 καὶ
2510 1757 2539 1807 6
2569 1754 2667 1825 μὲν
2698 1752 2907 1817 Παῦλος
2943 1755 3003 1807 οὐ
3038 1754 3352 1825 μεμέρικεν,
3381 1753 3503 1806 οὔτε
3531 1755 3753 1838 διεῖλενν

505 1863 638 1904 vero
667 1857 824 1919 partu
855 1849 1094 1917 editum;
1142 1859 1305 1922 atque
1366 1852 1529 1923 hujus
1567 1854 1789 1924 quidem
1830 1855 2068 1923 Patrem,

502 1939 604 2010 qui
633 1940 755 1997 illos
787 1941 975 1997 habuit
1026 1944 1363 2010 adoratores,
1390 1953 1444 2000 et
1489 1946 1593 2001 sibi
1640 1934 1935 2019 supplices.
1974 1951 2076 2007 Cui

500 2033 652 2087 enim
686 2035 960 2104 supplices
984 2043 1112 2090 sunt
1141 2037 1218 2091 illi
1245 2038 1541 2109 prophetae,
1582 2040 1744 2110 hujus
1786 2040 1955 2099 Filius
1994 2054 2077 2099 est

504 2123 780 2181 Christus.
815 2124 872 2180 Si
901 2136 1078 2182 autem
1107 2126 1305 2183 Filium
1344 2131 1605 2198 bonoras,
1657 2148 1753 2188 eos
1774 2150 1930 2199 .vero
1980 2137 2075 2206 qui

506 2216 655 2271 Patri
675 2218 1002 2289 supplicant,
1023 2235 1254 2276 accusas
1274 2234 1329 2277 et
1344 2224 1607 2279 conviciis
1638 2225 1952 2292 insectaris,
1978 2244 2073 2285 ore

498 2307 667 2363 el'l‘ers
703 2324 824 2379 qua:
848 2309 929 2365 vis
968 2327 981 2363 :
1012 2309 1523 2377 succensctFilius;
1567 2328 1675 2366 non
1708 2314 1911 2382 patitur
1936 2330 2073 2369 con-

500 2402 730 2459 tumelia
765 2401 976 2457 Patrem
1008 2401 1158 2461 allici.
1221 2399 1279 2456 Si
1312 2403 1459 2458 enim
1493 2402 1653 2461 Pater
1685 2404 1809 2460 Filii
1842 2406 2075 2462 inhono-

506 2495 775 2550 rationem
805 2508 959 2548 suam
989 2493 1161 2557 ducit,
1211 2502 1417 2563 quanto
1452 2495 1624 2567 magis
1673 2494 1845 2551 Filius
1881 2505 2074 2554 contu-

504 2586 719 2641 meliam
751 2585 931 2641 Patris
953 2587 1214 2641 vilitatem
1247 2601 1403 2641 suam
1432 2602 1554 2643 esse
1584 2588 1896 2658 reputabit?

2177 1843 2291 1899 ἀλλ’
2342 1844 2439 1898 ἕνα
2485 1845 2517 1915 ἢ
2562 1843 2654 1896 τὸν
2698 1844 2858 1897 αὑτὸν
2913 1843 3190 1916 κηρύττει,
3244 1844 3333 1897 (π’
3382 1845 3599 1897 ἐκείνων
3652 1846 3756 1915 μὲν

2178 1934 2638 2009 προπυνηθὲντα,
2689 1935 2874 1990 τοῦτον
2920 1936 2977 1989 δὲ
3025 1934 3394 1990 τεκνωθένταο
3427 1937 3524 1989 καὶ
3564 1937 3757 1989 τούτου

2180 2028 2278 2101 μὲν
2300 2029 2613 2101 γεννήτορα,
2641 2028 2868 2091 ἐκείνοις
2892 2028 2955 2080 δὲ’
2971 2031 3368 2099 προσκυνηταίς
3392 2030 3488 2080 καὶ
3514 2029 3759 2092 οίκέταις

2178 2120 2551 2192 χρησάμενον*
2584 2111 2646 2174 οὗ
2676 2119 2784 2189 γάρ
2814 2121 2947 2172 εἰσιν
2982 2120 3186 2172 οίκέται
3209 2120 3259 2172 οἱ
3284 2120 3599 2189 προφῆται,
3630 2120 3757 2173 τού-

2179 2229 2271 2265 του
2302 2211 2452 2264 ἐστὶν
2472 2211 2598 2274 Υἱὸς
2620 2211 2648 2263 6
2686 2209 2937 2282 Χριστός.
2966 2210 3027 2264 El
3055 2209 3110 2262 δὲ
3139 2210 3230 2263 τὸν
3261 2210 3387 2262 Υἱὸν
3413 2213 3602 2282 τιμᾷς,
3630 2213 3760 2275 τοὺς

2175 2302 2231 2355 δὲ
2286 2301 2499 2365 οἰκέτας
2539 2301 2841 2365 διαϐάλλεις
2890 2302 2985 2354 καὶ⁸
3044 2301 3334 2369 λοιδορεῖς,
3385 2303 3467 2373 τῷ
3523 2303 3757 2373 στόματι

2176 2394 2385 2466 φθέγγῃ
2420 2393 2457 2448 ὃ.
2492 2392 2702 2463 βούλει*
2741 2394 2894 2463 ὁρᾷς,
2935 2394 3021 2446 ὅτι
3059 2393 3354 2461 ἀγανακτεῖ
3392 2396 3422 2448 6
3464 2394 3626 2456 Υῐὸςο
3658 2397 3757 2448 οὐκ

2176 2486 2425 2556 ἀνέχεται
2463 2485 2674 2557 Πατρὸς
2713 2485 3087 2557 ὑδριζομένου.
3125 2488 3188 2540 Ei
3228 2486 3336 2557 γὰρ
3368 2488 3398 2539 6
3434 2487 3630 2559 Πατὴρ
3660 2488 3758 2558 τῇ

2173 2576 2269 2631 τοῦ
2312 2578 2440 2631 Υίοῦ
2490 2577 2713 2649 ἀτιμίαν
2761 2576 2895 2630 ίδίαν
2944 2577 3164 2648 ἀτιμίαν
3208 2577 3553 2646 λελόγισται,
3606 2579 3757 2648 πόσῳ

2185 2670 2383 2742 μᾶλλον
2419 2672 2447 2725 6
2480 2669 2607 2734 Υίδς
2632 2668 2727 2741 τὴν
2761 2669 2855 2723 τοῦ
2897 2669 3108 2741 Πατρὸς
3135 2669 3291 2741 ὕϐριν
3317 2669 3455 2724 ίδίαν
3478 2671 3757 2725 εὺτέλειαν

2181 2761 2437 2829 λογιεῖται
2460 2780 2474 2829 ;

2184 2781 2474 2832 Αογιειται;

1098 2853 1227 2907 Car.
1267 2850 1332 2906 γ.
1375 2852 1551 2908 Varii:
1576 2853 1799 2908 Itwreses
1822 2854 1966 2908 circa
1999 2856 2189 2927 legem.
2214 2858 2343 2914 Tres
2381 2856 2616 2913 hwretici
2646 2856 2807 2928 legem
2832 2858 3144 2925 vituperant.

577 2969 683 3027 Sed
733 2979 792 3024 ut
839 2970 1043 3026 sensim
1100 2977 1406 3040 pergentes,
1448 2969 1711 3040 paulatim
1762 2970 1830 3026 ad
1877 2970 2073 3026 erube-

2249 2972 2366 3026 Ἵνα
2412 2971 2468 3025 δὲ
2508 2972 2621 3037 καί,
2669 2971 2783 3026 κατ’
2820 2972 2997 3040 ὀλίγον
3043 2970 3352 3041 φοιτῶντες,
3394 2972 3540 3026 κατά
3575 2973 3755 3045 βραχῦ

507 3064 768 3119 scendum
800 3062 1211 3132 compellamus,
1249 3060 1330 3116 sic
1369 3060 1747 3132 aggrediemur
1782 3075 2074 3132 argumen-

2175 3064 2607 3135 δυσωπήσωμεν,
2633 3062 2806 3127 οὕτως
2839 3062 3262 3135 ὲπιχειρίσωμεν
3289 3080 3304 3093 ’
3330 3063 3391 3115 Εἰ
3430 3063 3567 3117 Θεοῦ
3604 3067 3637 3117 ὁ
3671 3068 3761 3119 νό-

502 3158 609 3210 tari
641 3175 654 3211 :
693 3153 748 3209 Si
786 3154 881 3209 Dei
913 3161 997 3208 est
1020 3153 1128 3212 lex.
1176 3166 1347 3222 quare
1376 3151 1545 3223 legem
1574 3166 1685 3207 nou
1715 3152 1942 3207 tenent?
1976 3149 2074 3207 Sin

2183 3174 2301 3228 μος,
2336 3156 2477 3210 διατί
2518 3157 2577 3209 οὐ
2623 3157 3013 3228 παραδέχονται
3055 3156 3148 3209 τδν
3186 3156 3380 3226 νόμον;
3419 3157 3483 3209 Ei
3531 3156 3590 3210 δὲ
3637 3158 3757 3211 διας

504 3264 635 3304 vero
685 3250 857 3318 legem
899 3245 1232 3312 criminaris,
1284 3244 1442 3314 cujus
1499 3244 1664 3299 verba
1722 3259 1785 3299 ac
1830 3258 1935 3299 vox
1989 3244 2075 3299 lex

2176 3245 2389 3312 ϐάλλεις
2432 3247 2522 3301 τὸν
2566 3248 2747 3319 νόμον,
2797 3249 2940 3312 τίνος
2987 3249 3208 3319 ῥήματα
3249 3248 3333 3303 καὶ
3379 3248 3530 3320 φωνὴ
3584 3251 3618 3303 6
3662 3253 3751 3305 v6-

503 3341 631 3396 θειῖ
659 3340 815 3408 cujus
850 3346 1136 3407 potestate,
1177 3351 1299 3408 quas
1340 3336 1542 3407 scripta
1583 3343 1734 3400 sunt,
1780 3336 1957 3391 locuta
1989 3343 2074 3390 est

2176 3354 2315 3409 μος;
2362 3336 2507 3402 τίνος
2552 3338 2779 3408 δυνάμει
2825 3337 2895 3391 τὰ
2933 3338 3298 3411 γεγραμμένα
3334 3339 3481 3409 παρά
3527 3337 3622 3393 τοῦ
3661 3343 3758 3394 νό-

505 3433 636 3488 lex?
666 3430 763 3485 llic
784 3431 995 3500 partitae
1038 3439 1167 3484 sunt
1191 3430 1427 3484 haereses
1456 3468 1471 3493 ,
1512 3443 1613 3483 nec
1631 3428 1744 3498 jam
1765 3442 1874 3482 uno
1911 3427 2072 3481 modo

2176 3448 2277 3501 μου
2303 3429 2626 3503 λελάληται;
2667 3431 2928 3485 Ἐνταῦοα
2974 3430 3083 3502 γὰρ
3126 3431 3182 3483 αἱ
3219 3430 3454 3501 αἱρέσεις
3485 3431 3756 3505 διαιροῦν⁴

504 3524 957 3587 sermocinantes,
983 3523 1078 3579 sed
1123 3522 1227 3577 sibi
1277 3528 1641 3592 repugnantes
1683 3539 1696 3574 :
1730 3534 1794 3574 ac
1844 3517 2074 3575 Valenti-

2175 3541 2280 3589 ται,
2339 3526 2432 3577 καὶ
2482 3524 2665 3578 οὐκέτι
2721 3526 2879 3596 ὃμοια
2939 3522 3307 3591 διαλέγονται*
3361 3524 3478 3578 ἀλλ’
3528 3526 3755 3591 intui;

502 3618 651 3672 niani
690 3617 907 3687 quidem
941 3616 1041 3683 sic,
1068 3614 1349 3669 Manicbmi
1379 3630 1507 3670 vero
1526 3614 1704 3682 aliter,
1751 3629 1911 3671 secus
1934 3613 2073 3669 Mar-

2175 3617 2472 3687 μαχόμενα·
2506 3617 2599 3669 καὶ
2642 3614 3069 3670 Οὑαλεντινιανοὶ
3124 3615 3219 3686 μὲν
3262 3608 3364 3670 ὧδε
3387 3657 3403 3682 ,
3456 3618 3754 3690 Μανιχαῖοι

501 3711 649 3766 cion.
686 3708 876 3779 Sputa,
904 3724 1013 3763 non
1033 3709 1196 3763 verba
1224 3707 1601 3763 testimonium
1630 3717 1758 3765 sunt
1784 3715 1975 3763 contra
1998 3708 2072 3764 le-

2175 3703 2307 3773 ὦδε,
2340 3706 2563 3780 ἑτέρωθι
2607 3709 2665 3761 δὲ
2710 3709 2995 3781 Μαρκίων.
3048 3707 3367 3780 Πτύσματα,
3404 3715 3500 3763 καὶ
3552 3713 3615 3765 οὐ
3660 3715 3756 3784 61'3-

502 3817 646 3874 gem.
692 3799 1059 3856 Valentiniani
1084 3799 1325 3870 quidem,
1383 3796 1597 3865 Justus,
1649 3799 1925 3870 inquiunt,
1953 3810 2071 3856 erat

2175 3818 2317 3871 ματα
2368 3800 2509 3853 κατά
2556 3798 2650 3853 τοῦ
2693 3800 2857 3872 νόμου
2907 3800 3278 3873 μαρτυροῦσι·
3328 3804 3422 3856 καὶ
3462 3804 3756 3859 Οὖαλεντι-

501 3894 645 3950 Deus
677 3892 831 3964 legis;
866 3900 1060 3947 etcum
1079 3892 1267 3960 justus
1282 3895 1571 3953 esset,non
1594 3897 1712 3945 erat
1731 3888 1894 3946 Pater
1914 3889 2065 3945 Filii.

2175 3891 2338 3946 νιανοὶ
2377 3891 2495 3963 μὲν,
2545 3891 2786 3957 Δίκαιος,
2820 3893 3001 3961 φασὶν,
3042 3888 3109 3963 ἦν
3152 3896 3181 3947 6
3217 3889 3307 3947 τοῦ
3357 3896 3524 3966 νόμου
3573 3897 3707 3962 Θεός
3733 3915 3747 3926 ”

498 3985 679 4051 Jesus,
728 3984 1000 4056 inquiunt,
1030 3984 1224 4049 bonus,
1265 3983 1441 4037 bonus
1466 3990 1645 4036 autem
1677 3989 1732 4037 et
1766 3980 1967 4048 Pater;
2003 3998 2069 4037 ac

2175 3984 2263 4038 καὶ
2307 3984 2510 4050 δίκαιος
2555 3983 2664 4050 ὢν,
2707 3984 2769 4038 οὐ
2827 3982 3014 4056 Πατὴρ
3060 3980 3129 4058 ἦν
3178 3986 3274 4040 τοῦ
3314 3986 3462 4041 Υίοῦ.
3512 3989 3745 4059 Ἰησοῦς,

498 4077 661 4135 Pater
693 4078 912 4149 quidem
933 4077 1110 4132 bonus
1138 4092 1154 4142 ;
1181 4083 1236 4131 et
1261 4075 1461 4130 bonum
1495 4074 1640 4145 quod
1667 4074 1908 4146 genitum
1939 4083 2021 4129 est
2049 4091 2065 4141 ;

2175 4078 2371 4147 φασὶν,
2428 4077 2661 4147 ἀγαθός·
2730 4076 2934 4145 ἀγαθὸς
2975 4075 3033 4129 δὲ
3088 4076 3183 4132 καὶ
3231 4078 3261 4130 6
3300 4077 3522 4149 Πατὴρο
3562 4078 3654 4131 καὶ
3708 4082 3745 4132 ὁ

500 4173 643 4229 Deus
670 4181 800 4228 vero
846 4170 981 4241 legis
1042 4169 1244 4239 justus.
1310 4166 1511 4223 Taliter
1562 4166 1892 4222 disserentes
1952 4180 2060 4219 non

2175 4172 2268 4243 μὲν
2305 4170 2399 4225 τοῦ
2438 4169 2568 4224 Υίοῦ
2615 4170 2805 4242 Πατὴρ
2851 4168 3087 4239 ἀγαθὸς,
3126 4169 3222 4224 καί⁵
3268 4169 3456 4239 ἀγαθὸν
3495 4180 3555 4223 το
3601 4187 3741 4240 γεν-

499 4266 897 4329 intellexerunt,
915 4264 1130 4334 qualem
1148 4260 1521 4317 habitudinem
1540 4260 1733 4314 habeat
1758 4258 1967 4328 justum
1997 4257 2066 4312 ad

2175 4263 2425 4336 νώμενον,
2460 4266 2488 4318 6
2518 4264 2575 4318 δὲ
2598 4262 2692 4317 τοῦ
2724 4263 2889 4335 νόμου
2917 4262 3141 4327 δίκαιος⁸
3179 4264 3275 4317 καὶ
3300 4262 3516 4317 τοιαῦτα
3546 4263 3738 4316 διαλε-

496 4360 731 4425 bonum;
763 4372 940 4427 neque
987 4355 1055 4411 de
1103 4370 1169 4410 eo
1199 4354 1605 4425 cogitaverunt,
1652 4351 1798 4421 quod
1851 4351 1897 4406 si
1933 4350 2064 4421 quid

2175 4356 2404 4427 γόμενοι,
2439 4355 2555 4410 οἵαν
2585 4356 2769 4426 σχέσιν
2800 4355 2862 4409 τὸ
2892 4355 3095 4410 δίκαιον
3130 4356 3265 4427 πρὸς
3299 4355 3361 4409 τὺ
3393 4355 3589 4423 ἀγαθὸν
3618 4355 3743 4427 εχει

491 4452 729 4523 justum,
757 4458 841 4505 est
867 4458 921 4505 et
951 4448 1188 4512 bonum;
1218 4455 1272 4501 et
1324 4446 1372 4500 si
1423 4444 1552 4516 quid
1606 4444 1809 4499 bonum
1830 4482 1846 4509 ,
1894 4450 1980 4498 est
2013 4453 2066 4498 et

490 4544 727 4615 justum.
752 4543 888 4598 Cum
915 4550 1094 4597 autem
1126 4539 1436 4609 hujusmodi
1467 4538 1827 4610 cogitationes
1873 4535 2060 4591 conci-

494 4643 626 4706 pere
651 4649 761 4690 non
791 4635 1083 4704 potuerint,
1111 4633 1215 4687 hoc
1259 4631 1436 4686 solum
1476 4646 1571 4687 eos
1602 4629 2007 4700 interrogemus
2044 4646 2058 4683 :

498 4724 557 4783 Si
580 4728 763 4798 justus
788 4734 872 4781 est
898 4724 1041 4779 Deus
1070 4724 1223 4793 legis,
1257 4729 1442 4777 etnon
1473 4728 1558 4777 est
1592 4718 1753 4775 Pater
1775 4718 1923 4783 Filii,
1947 4733 2059 4774 non

493 4822 582 4873 est
612 4815 797 4885 justus
823 4813 982 4870 Jesus
1009 4830 1022 4866 :
1057 4819 1111 4867 et
1147 4809 1420 4881 quomodo
1446 4808 1718 4879 justitiam
1753 4823 1782 4861 a
1807 4806 1945 4861 Filio
1974 4822 2064 4861 re-

494 4910 801 4982 quirimus?
826 4908 873 4964 si
907 4922 1015 4961 non
1036 4913 1120 4961 est
1143 4904 1356 4975 genitus
1390 4917 1420 4955 a
1443 4902 1616 4972 justo,
1653 4900 1930 4971 quomodo
1966 4898 2060 4969 ju-

2097 4424 2142 4481 D
2167 4424 2536 4519 οὐννενοήκασι
2556 4464 2569 4477 ·
2597 4424 2693 4502 καὶ
2721 4449 2823 4513 ὃτι,
2855 4448 2909 4500 εἰ
2931 4465 2983 4500 τι
3010 4424 3238 4512 δίκαιον,
3269 4448 3365 4500 καὶ
3392 4448 3618 4516 ἀγαθὸν,
3646 4424 3745 4502 καὶ

2167 4537 2222 4592 εἴ
2244 4555 2297 4591 τι
2329 4537 2552 4607 ἀγαθὸν,
2571 4537 2797 4607 δίκαιον,
2828 4537 2932 4591 οὐδ’
2960 4538 3016 4589 ὲν
3047 4537 3316 4609 φαντασίᾳ
3342 4537 3620 4609 εἰλήφασι.
3648 4540 3743 4611 Μὴ

2165 4628 2449 4700 δυνάμενοι
2485 4628 2542 4681 δὲ
2582 4628 2837 4691 τοιαύτας
2868 4630 3167 4698 φαντασίας
3188 4628 3355 4699 ἔχειν,
3392 4630 3553 4685 τοῦτο
3581 4632 3744 4702 μόνον

2166 4718 2581 4790 ἐρωτάσθωσαν·
2607 4718 2670 4772 Εἰ
2704 4718 2908 4784 δίκαιος
2947 4723 2975 4775 6
3008 4718 3102 4773 τοῦ
3131 4720 3295 4791 νόμου
3329 4721 3484 4785 Θεὸς,
3521 4724 3619 4776 καὶ
3641 4724 3742 4776 οὐκ

2165 4807 2280 4861 ἐστι
2313 4810 2501 4882 Πατὴρ
2534 4808 2625 4863 τοῦ
2648 4809 2799 4874 Υίοῦ,
2828 4811 2930 4864 οὐκ
2960 4809 3074 4863 ἔστι
3096 4810 3299 4875 δίκαιος
3325 4814 3355 4865 6
3394 4812 3625 4884 Ἰησοῦςο
3648 4816 3742 4867 καὶ

2162 4900 2281 4965 πῶς
2320 4902 2417 4974 τὴν
2459 4900 2799 4972 δικαιοσύνην
2830 4902 2939 4956 ἀπὸ
2968 4901 3061 4955 τοῦ
3094 4901 3222 4955 Υίοῦ
3256 4902 3635 4973 ἀπαιτοῦμενς
3680 4906 3741 4957 Ei

492 5000 673 5057 dicat?
702 4997 975 5070 quomodo
999 4996 1205 5066 judicio
1245 4993 1526 5049 decernit?
1579 4991 1851 5062 quomodo
1910 4996 2061 5044 co'm-

2175 4992 2221 5044 >6
2251 4991 2569 5063 γεγέννηται
2602 4991 2710 5045 ἀπὸ
2739 4992 2832 5045 τοῦ
2861 4991 3091 5055 δικαίου,
3121 4992 3239 5052 πῶς
3266 4994 3480 5065 κρίνεις
3512 4994 3634 5057 πῶς
3665 4993 3743 5046 δι-

490 5090 722 5146 miasum
745 5097 829 5144 est
852 5087 902 5142 ei
938 5101 970 5141 a
1013 5085 1172 5141 Patre
1200 5082 1471 5139 tribunal?
1521 5080 1798 5154 quomodo
1836 5079 2057 5135 unicui-

2175 5081 2352 5148 ιάζεις
2389 5083 2503 5146 πῶς
2530 5084 2591 5135 τὸ
2622 5083 2772 5154 βῆμα
2801 5084 3197 5155 ἐγκεχείρισται
3224 5084 3334 5137 ἀπὸ
3358 5084 3456 5138 τοῦ
3492 5086 3738 5153 Πατρὸςς

489 5196 598 5252 que
624 5179 803 5236 reddit
830 5178 1132 5235 secundum
1160 5191 1324 5246 opera
1351 5175 1487 5230 sua?
1542 5173 1814 5245 quomodo
1864 5187 2054 5227 verum

2175 5173 2278 5237 πῶς
2297 5175 2511 5245 ἑκάστῳ
2535 5174 2822 5228 ἀποδίδωσι
2850 5176 2985 5246 πρὸς
3013 5174 3049 5228 ἃ.
3070 5173 3304 5249 inpage;
3335 5174 3452 5238 πῶς
3480 5174 3737 5244 ἀληθείει

489 5280 574 5328 cst
601 5270 745 5344 quod
769 5270 845 5324 ait
875 5267 1113 5325 Paulus:
1163 5266 1241 5322 Iis
1287 5267 1377 5337 qui
1409 5267 1690 5321 secundum
1738 5265 2049 5334 patientiam

2175 5261 2393 5329 Παῦλος,
2436 5263 2629 5333 λέγων,
2685 5266 2811 5332 Τοῖς
2847 5265 2965 5335 μὲν
3013 5266 3141 5321 καθ’
3193 5266 3512 5337 ὑπομονὴν
3561 5268 3735 5336 ἔργον

492 5361 612 5418 boni
651 5362 820 5431 operis
859 5360 1086 5432 gloriam
1127 5368 1176 5414 et
1218 5357 1464 5412 honorem
1513 5366 1564 5412 et
1610 5355 2053 5425 incorruptionem

2175 5354 2382 5424 ὶγαθοῦ
2409 5351 2650 5423 ζητοῦσι
2674 5355 2826 5425 ζωὴν
2852 5355 3110 5412 αἰώνιον
3141 5356 3252 5430 (55)
3278 5359 3308 5411 6
3349 5357 3483 5420 Θεὸς
3541 5374 3730 5427 συνερ-

558 5518 604 5550 ³⁷
639 5519 851 5576 Coloss.
888 5536 936 5583 ι,
968 5516 1059 5572 24.
1135 5516 1181 5550 ⁸⁸
1220 5515 1375 5573 Rom.
1412 5531 1487 5582 ιι,
1524 5512 1611 5569 16.
1688 5514 1734 5546 ⁸⁸
1774 5511 1937 5571 Hebr.
2001 5529 2057 5577 ι,
2093 5511 2143 5577 1,
2178 5510 2235 5564 2.

557 5630 667 5703 (55)
710 5631 775 5687 '0
789 5634 931 5701 Θεὸς
956 5632 1239 5703 συνεργεῖ
1259 5635 1345 5698 εις
1372 5631 1616 5703 ἀγαθόν.
1650 5629 1705 5683 In
1731 5637 1878 5703 textu
1901 5626 2041 5681 Pau-

2175 5641 2209 5680 ιιι
2240 5641 2372 5703 sane
2391 5625 2613 5703 legebat
2647 5625 2935 5703 interpres.
2967 5624 3122 5703 Quin
3154 5626 3573 5703 et_i_mportun_a
3608 5628 3732 5703 huic

485 5714 597 5760 uno
631 5695 787 5760 Rom.
831 5695 1042 5761 u.'7-9.
1090 5695 1198 5758 non
1231 5695 1446 5759 exstant
1488 5702 1596 5755 haec
1633 5701 1797 5756 verba
1826 5718 1839 5755 :
1868 5713 2041 5767 neque
2152 5698 2273 5753 loco
2318 5695 2592 5752 videntur.
2647 5695 2891 5769 Apostoli
2934 5699 3082 5756 enim
3117 5698 3300 5754 verbis
3322 5695 3731 5769 ‘pramittenda
