4022 6208
261 152 395 209 «1221

1306 153 1669 210 ADVERSUS
1705 153 2128 212 MANICHEOS
2151 154 2278 211 LIB.
2308 155 2397 211 Ill.

3348 159 3488 216 1223

249 273 348 342 γεῖ
376 270 456 334 εἱς
479 269 553 323 τὺ-
571 269 803 338 ἀγαθόν·
847 269 968 336 τοῖς
997 268 1065 322 δὲ
1090 269 1158 334 ἐξ
1186 269 1435 338 ἐριθείας
1463 271 1824 341 πειθομένοις

1929 282 2169 343 quierunt
2193 311 2208 333 .
2265 274 2426 327 vitam
2458 280 2754 328 aeternam:
2788 276 2853 330 iis
2899 284 3073 328 autem
3118 275 3209 345 qui
3258 284 3382 329 sunt
3421 294 3487 331 ea:

174 339 187 369 ἓ
251 339 330 433 τῇ
358 362 581 429 ἀδικίᾳ,
604 360 747 432 ὀργὴ
772 360 868 415 καὶ
890 362 1093 431 θυμός·
1117 364 1322 432 θλίψις
1342 363 1441 416 καὶ
1463 339 1824 434 στενοχωρία

246 458 355 511 ἐπὶ
384 455 591 511 πᾶσαν
608 453 819 522 ψυχὴν
844 453 1177 522 ἀνθρώπου.
1198 455 1304 509 τοῦ
1326 453 1823 525 κατεργαζομένου

252 549 323 602 τὸ
351 548 541 603 κακόν
558 563 576 607 ;
603 546 835 599 Λέλυται
862 545 970 617 γὰρ
1001 546 1067 600 τὰ
1095 548 1329 619 ῥήματα,
1363 549 1410 600 εί
1435 549 1462 600 6
1490 545 1584 599 τοῦ
1613 545 1822 599 δικαίου

252 640 380 708 ὅρος
405 641 485 709 τῷ
508 636 621 707 Υίῷ
644 638 745 690 οὐκ
770 636 1093 692 ἀποδίδοται.
1126 640 1188 691 Εἰ
1209 638 1266 691 δὲ
1287 639 1524 709 τιμωρία
1560 640 1658 709 μὲν
1684 637 1826 690 κατὰ

254 731 366 783 τῶν
397 730 735 783 ἐπταικότων
768 732 962 792 κεῖται,
996 731 1090 783 καὶ
1124 730 1319 803 μέτρον
1349 731 1617 802 τιμωρίας
1658 732 1690 801 ἡ
1728 729 1823 783 τοῦ

249 820 467 873 δικαίου
499 819 793 872 ἐπιστασία
817 818 1078 887 γίγνεται·
1112 821 1267 890 τιμαὶ⁴
1292 820 1348 873 δὲ
1371 820 1464 874 καὶ
1495 820 1693 890 δωρεαὶ
1713 822 1825 883 τοῖς

260 910 637 983 εὐδοκιμοῦσιν
656 911 1130 982 ἀποταμιεύονται·
1155 914 1249 967 καὶ⁹
1274 914 1402 966 σταθ
1412 913 1618 983 μίζεται
1639 914 1671 984 ἠ
1691 912 1824 983 τιμὴ

252 1006 326 1074 τῇ
358 1003 454 1056 τοῦ
480 1003 688 1056 δικαίου
717 1003 1010 1073 ἐπικρίσει·
1045 1003 1160 1067 πῶς
1186 1004 1603 1067 διαστέλλονται,
1633 1003 1728 1057 καὶ
1760 1004 1822 1056 οὐ

262 1093 637 1147 συστέλλονται
660 1093 755 1164 τὴν
790 1094 1146 1165 προπέτειαν;
1176 1094 1240 1147 Εἰ
1266 1093 1322 1147 δὲ
1345 1094 1373 1144 6
1395 1092 1699 1164 Μονογενὴς
1726 1093 1825 1163 μὲν

254 1186 519 1249 τοιοῦτος,
534 1184 593 1238 ού
604 1183 840 1248 τοιοῦτος
853 1184 907 1237 δὲ
923 1187 950 1238 6
961 1187 1110 1256 Πατή
1119 1199 1170 1256 ρ·
1182 1185 1358 1239 οὐκέτι
1371 1185 1552 1255 ὅμοιος
1568 1184 1628 1249 ἐξ
1641 1185 1824 1254 ὁμοίου

262 1276 604 1345 γεγέννηται·
657 1274 838 1328 οὐκέτι
873 1274 1034 1329 εἰκὼν
1064 1275 1157 1328 τοῦ
1208 1277 1613 1347 γεγεννηκότος·
1642 1276 1823 1329 οὐκέτι

260 1366 584 1437 χαρακτήρ·
614 1366 795 1420 οὐκέτι
827 1368 1206 1439 ἀπαύγασμα·
1231 1370 1413 1423 οὐκέτι
1443 1372 1471 1422 6
1504 1369 1712 1440 βλέπων
1734 1368 1824 1421 τὸν

262 1461 389 1513 Υἱὸν
420 1459 604 1529 βλέπει
632 1459 721 1512 τὸν
753 1460 991 1531 Πατέρα,
1025 1460 1141 1529 εἴγε
1179 1461 1252 1533 μὴ
1281 1462 1397 1515 ὅσα
1435 1462 1559 1528 ἔχει
1601 1464 1632 1514 ό
1671 1458 1820 1525 Υἱὸς,

263 1550 386 1620 ἔχει
418 1553 450 1604 ό
488 1548 700 1620 Πατήρ·
735 1551 828 1603 καὶ
860 1550 956 1622 βοᾷ
993 1554 1022 1605 6
1060 1551 1246 1623 Σωτὴρ
1283 1553 1341 1605 ὲν
1375 1550 1453 1622 τῷ
1491 1550 1819 1619 Εὐαγγελίῳ·

1931 362 2275 425 contentione,
2306 372 2355 416 et
2380 363 2470 432 qui
2493 379 2604 417 non
2636 365 2973 432 acquiescant
3012 364 3241 428 veritati,
3270 362 3490 418 credunt

1930 464 2103 508 autem
2129 454 2417 524 iniquitati,
2448 455 2532 507 ira
2555 463 2605 509 et
2639 455 2933 525 indignatio
2956 470 2975 508 :
3004 455 3279 511 tribulatio
3307 468 3357 511 et
3388 475 3492 512 an-

1927 546 2104 615 gustia
2152 546 2206 599 in
2268 562 2468 598 onmem
2517 546 2747 599 animam
2803 546 3028 601 hominis
3078 548 3342 615 operantis
3370 565 3490 604 ma-

1930 637 2037 690 lum
2064 637 2146 689 ὀἳ
2180 636 2366 691 Soluta
2386 635 2531 691 enim
2560 644 2688 692 sunt
2720 644 2774 692 et
2793 647 3131 695 evanuerunt
3160 639 3277 694 haec
3301 639 3489 703 verba,

1929 730 1976 784 si
2010 729 2251 784 deﬁnitio
2278 729 2413 798 justi
2443 742 2550 783 non
2586 730 3032 784 accommodatur
3054 738 3109 785 et
3133 731 3382 787 redditur
3402 730 3494 785 Fi-

1929 820 2022 879 lio.
2062 819 2118 874 Si
2167 827 2346 874 autem
2396 820 2465 874 iis
2493 821 2587 888 qui
2615 818 2982 889 deliquerunt,
3016 822 3371 876 constitutum
3407 831 3494 877 est

1929 911 2278 982 supplicium,
2307 920 2361 966 et
2407 911 2589 980 justus
2635 913 2729 981 qui
2765 921 2979 982 praest,
3017 914 3344 984 supplicium
3379 931 3493 970 me-

1931 1004 2094 1066 titur;
2144 1004 2337 1057 contra
2385 1018 2514 1057 vero
2552 1004 2789 1059 honores
2821 1010 2876 1058 et
2930 1018 3157 1059 munera
3203 1012 3493 1060 servantur

1927 1095 2067 1149 bene
2093 1094 2339 1158 meritis,
2391 1103 2444 1147 et
2488 1093 2665 1148 honor
2704 1093 2916 1148 delectu
2977 1108 3041 1147 ac
3099 1093 3492 1164 dijudicatione

1923 1187 2057 1256 justi
2084 1184 2412 1253 ponderatur
2441 1202 2455 1238 :
2487 1184 2761 1254 quomodo
2784 1201 2893 1239 non
2919 1185 3231 1240 discindunt
3260 1195 3314 1242 et
3338 1201 3493 1243 com-

1930 1274 2170 1343 primunt
2200 1273 2595 1343 petulantiam?
2631 1273 2689 1327 Si
2741 1281 2922 1329 autem
2972 1275 3096 1331 talis
3142 1278 3360 1347 quidem
3404 1287 3492 1333 est

1931 1365 2279 1435 Unigenitus,
2317 1365 2477 1420 Pater
2498 1380 2628 1419 vero
2658 1380 2769 1420 non
2819 1374 2903 1421 est
2949 1366 3105 1433 talis;
3142 1384 3250 1422 non
3282 1368 3391 1439 jam
3423 1386 3494 1426 ex

1929 1459 2091 1515 simili
2114 1459 2309 1514 similis
2338 1460 2552 1529 genitus
2587 1467 2672 1514 est
2699 1476 2714 1513 :
2745 1473 2854 1513 non
2876 1458 2988 1527 jam
3013 1466 3099 1513 est
3127 1460 3300 1531 imago
3346 1462 3487 1531 ejus,

1930 1554 2020 1620 qui
2047 1551 2269 1621 genuit;
2300 1567 2404 1604 non
2438 1551 2610 1620 ﬁgura
2632 1590 2648 1614 ,
2691 1565 2800 1604 non
2833 1550 3079 1619 splendor
3112 1552 3150 1583 ³¹
3189 1569 3203 1604 :
3236 1567 3344 1607 non
3378 1552 3490 1621 jam

264 1640 454 1711 Πάτερ
481 1642 691 1708 δίκαιε,
725 1642 823 1695 καὶ
849 1645 880 1696 ό
913 1644 1138 1712 κόσμος
1170 1659 1244 1696 σε
1275 1645 1385 1696 οὐκ
1420 1644 1591 1713 ἔγνω,
1614 1641 1729 1711 ἐγὼ
1758 1642 1824 1695 δέ

1928 1642 2017 1713 qui
2049 1642 2195 1696 videt
2223 1640 2419 1694 Filium
2449 1681 2464 1705 ,
2502 1641 2646 1696 videt
2676 1639 2916 1703 Patrem,
2954 1640 3001 1696 si
3019 1632 3142 1695 'non
3175 1658 3493 1713 quaecunque

264 1750 339 1788 σε
372 1734 582 1804 ἔγνων.
619 1733 683 1786 Τί
716 1734 1042 1805 πράξωμενς
1092 1735 1236 1789 νῶτα
1278 1734 1455 1805 δῶμεν
1499 1734 1576 1804 τῷ
1623 1734 1824 1807 ῥήματι

1928 1733 2078 1788 habet
2102 1731 2297 1797 Filius,
2332 1732 2483 1786 habet
2512 1736 2673 1786 Pater
2724 1733 2768 1802 ’ξ
2794 1750 2808 1786 :
2840 1741 2894 1787 et
2925 1733 3123 1787 clamat
3157 1732 3409 1787 Salvator
3435 1734 3490 1788 in

264 1826 359 1880 τοῦ
390 1827 667 1898 Σωτῆροςς
712 1827 1110 1899 ἀπιστήσομεν;
1146 1827 1223 1898 τῷ
1248 1825 1647 1899 γεγραμμένῳ;
1692 1826 1725 1896 ἢ
1766 1824 1824 1878 τὸ

1928 1824 2221 1895 Evangelio
2251 1842 2266 1879 :
2302 1823 2347 1880 0
2371 1823 2534 1878 Pater
2553 1824 2718 1894 juste,
2750 1824 2977 1878 mundus
3004 1835 3053 1879 te
3082 1842 3187 1879 non
3211 1828 3373 1889 novit,
3398 1843 3492 1898 ego

270 1923 370 1993 μὲν
391 1921 540 1991 ῥῆμα
571 1919 937 1990 θαυμάσομεν·
982 1920 1078 1990 τῆς
1105 1919 1213 1990 γὰρ
1239 1918 1492 1989 ἀληθείας
1520 1918 1635 1971 ἐστὶ
1658 1919 1824 1988 ῥῆμα.

1929 1934 2046 1972 uero
2077 1926 2123 1971 te
2148 1917 2264 1971 novi
2288 1916 2355 1971 ³².
2391 1915 2534 1982 Quid
2577 1916 2835 1987 agemus?
2869 1924 3018 1987 terga
3080 1917 3273 1972 demus
3324 1919 3492 1974 verbo

268 2011 652 2075 Οὐαλεντίνους
678 2013 735 2065 δὲ
762 2012 837 2075 ὡς
871 2012 1179 2085 μεμηνότας
1202 2012 1294 2064 καὶ
1323 2010 1709 2081 δαιμονιῶντας
1729 2008 1824 2076 ἔξω

1932 2007 2252 2073 Salvatoris,
2285 2024 2355 2064 ne
2383 2008 2672 2065 credamus
2703 2010 2947 2080 scripto:
2981 2020 3075 2064 aut
3107 2011 3402 2068 habeamus
3438 2012 3493 2067 in

263 2106 375 2160 τῶν
406 2106 722 2179 θεοπρεπῶν
750 2107 843 2161 καὶ
872 2106 1028 2176 ἱερῶν
1059 2105 1343 2176 συνεδρίων
1376 2107 1680 2177 στήσωμεν.

1932 2101 2293 2156 admiratione
2321 2100 2585 2157 verbum?
2647 2108 2731 2156 est
2784 2102 2928 2157 enim
2968 2103 3195 2157 verbum
3227 2104 3490 2160 veritatis.

265 2198 585 2255 Valentincs
637 2215 767 2255 vero
802 2208 1059 2270 tanquam
1100 2200 1437 2257 insanientes
1476 2210 1527 2256 et
1564 2215 1594 2254 a
1649 2199 1893 2255 daemone
1929 2205 2083 2253 actos
2135 2204 2292 2253 extra
2342 2205 2643 2253 conventus
2692 2211 2757 2251 ac
2812 2196 3098 2254 confessus
3162 2207 3382 2254 sanctos
3436 2207 3494 2255 et

263 2294 437 2351 Deum
468 2295 723 2351 decentes
758 2295 1167 2351 collocabimus.

346 2389 486 2443 Ἀλλ’
515 2389 701 2462 ἐπειδὴ
724 2390 923 2444 ἄτοπόν
949 2408 1003 2443 τι
1026 2390 1307 2463 πάσχομεν
1330 2391 1420 2445 τὸν
1442 2392 1583 2447 κατὰ
1607 2393 1717 2447 τῶν
1740 2392 1826 2446 αἱ-

265 2480 538 2554 ρεσιωτῶν
576 2479 905 2551 μηκύνοντες
947 2478 1124 2548 λόγον,
1171 2479 1245 2550 μὴ
1274 2478 1477 2551 ταύτης
1505 2480 1603 2551 τῆς
1632 2479 1826 2533 ὑποθέ-

266 2591 404 2636 σεως
431 2574 578 2644 ἡμᾶς
606 2571 888 2643 ἑλκούσης,
923 2570 1383 2643 ἀνακαλεσώμεθα
1412 2573 1506 2627 τὸν
1531 2572 1707 2643 λόγον,
1732 2573 1827 2627 καὶ

264 2667 358 2719 ὲπι
382 2664 478 2736 τὴν
506 2664 869 2735 ὑποκειμένην
893 2664 1144 2719 ὑπόθεσιν
1165 2668 1520 2736 χωρήσωμεν·
1543 2666 1637 2719 καὶ
1654 2664 1827 2719 ταῦτα

261 2755 359 2810 τοῦ
388 2755 694 2819 λυσιτελοῦς
720 2756 905 2809 ἕνεκεν
944 2757 1289 2827 ἐσκεμμένοι,
1325 2757 1411 2810 ἵνα
1452 2758 1586 2828 μήτε
1616 2749 1768 2820 οὗτος
1797 2758 1826 2810 6

246 2846 419 2916 λόγος
451 2847 625 2918 πάντη
660 2847 1063 2918 σεσιωπημένος
1093 2850 1222 2918 ἡμῖν
1257 2848 1493 2922 ὑπάρχῃ·
1526 2846 1825 2920 τριχῆ³γὰρ

262 2940 299 3010 ή
328 2939 558 3009 πονηρία
583 2939 881 3011 διῃρημένη
909 2939 1051 2993 κατὰ
1079 2939 1171 2992 τοῦ
1199 2939 1362 3009 νόμου
1393 2938 1708 3008 ἐφθέγξατο·
1733 2938 1825 2992 καὶ

2001 2385 2106 2441 Sed
2131 2383 2260 2456 quia
2288 2383 2494 2454 aliquid
2524 2383 2838 2439 indecorum
2886 2385 3043 2441 nobis
3075 2387 3306 2452 accidit,
3359 2387 3490 2444 dum

1930 2492 2237 2535 sermonem
2288 2486 2479 2533 contra
2537 2477 2820 2533 haereticos
2875 2478 3033 2549 longe
3084 2480 3488 2549 protrahimus,

1928 2586 2053 2625 cum
2085 2584 2187 2625 nos
2227 2570 2502 2640 negotium
2551 2578 2864 2639 susceptum
2908 2585 3019 2626 non
3056 2587 3122 2625 eo
3155 2572 3367 2638 trahat;
3402 2588 3491 2627 re-

1927 2678 2183 2718 vocemus
2210 2677 2540 2725 sermonem,
2569 2670 2623 2716 et
2651 2662 2718 2715 ad
2771 2662 3110 2732 propositum
3156 2671 3211 2718 et
3267 2666 3492 2718 institu-

1931 2762 2045 2809 tum
2073 2770 2362 2825 pergamus
2392 2772 2404 2808 :
2448 2753 2532 2808 his
2566 2753 2830 2814 hactenus
2874 2754 3079 2809 utiliter
3109 2756 3489 2821 consideratis,

1929 2854 1990 2901 ut
2018 2861 2196 2902 sermo
2224 2845 2291 2901 de
2322 2846 2444 2902 istis
2480 2862 2589 2901 non
2617 2847 2838 2901 omnino
2870 2847 3027 2903 nobis
3055 2849 3360 2917 praeteritus
3392 2850 3487 2903 sit.

1929 2936 2226 3008 Tripartita
2252 2938 2394 2992 enim
2432 2938 2672 3008 nequitia
2708 2947 2898 2993 contra
2928 2940 3097 3009 legem
3142 2940 3320 2993 locuta
3366 2948 3485 3003 est,

260 3030 552 3095 τοσαύταις
574 3031 891 3102 χρησαμένη
914 3030 1241 3103 διαιρέσεσι,
1264 3030 1537 3092 τοσούτοις
1565 3029 1824 3102 κέχρηται

1928 3030 2151 3084 totidem
2188 3029 2452 3084 ministris
2472 3038 2527 3084 et
2554 3030 2824 3100 praefectis
2857 3029 3210 3100 blasphemiae
3240 3046 3358 3094 usa,
3385 3030 3493 3085 Va-

260 3122 355 3175 xa.‘
390 3122 500 3185 τοῖς
527 3123 822 3193 ὑπηρέταις
850 3122 944 3175 καὶ
969 3121 1297 3193 προστάταις
1331 3124 1429 3192 τῆς
1463 3120 1828 3192 βλασφημίας,

260 3212 514 3285 ᾑρημένη
545 3215 670 3277 τοῦς
695 3214 1031 3285 ὑπηρετῆσαι
1060 3213 1405 3283 δυναμένους·
1441 3214 1533 3266 καὶ
1569 3212 1655 3265 διὰ
1685 3213 1828 3265 Οὐα-

261 3303 499 3357 λεντίνου
530 3304 627 3374 μὲν
663 3303 978 3375 σμικρύνειν
1012 3302 1102 3355 τὸν
1137 3301 1319 3372 νόμον,
1353 3302 1446 3355 καὶ
1473 3301 1726 3372 χωρίζειν
1766 3300 1827 3354 τὸ

262 3397 611 3466 Εὐαγγέλιον·
644 3397 732 3451 διὰ
764 3397 821 3450 δὲ
856 3395 1176 3467 Μαρκίωνος
1201 3393 1550 3465 ὲκτρώματός
1576 3411 1719 3457 τινος
1751 3391 1828 3447 εῖ-

1930 3121 2135 3176 lentino
2197 3119 2414 3190 quidem
2473 3120 2541 3173 ad
2589 3121 2935 3176 minuendam
2987 3130 3041 3177 et
3090 3122 3489 3178 extenuandam

1929 3211 2121 3281 legem,
2150 3221 2202 3265 et
2227 3209 2587 3278 separandum
2617 3209 3004 3282 Evangelium;
3047 3212 3326 3269 Marcione
3360 3228 3490 3270 vero

1928 3302 1996 3356 ad
2027 3302 2368 3370 tradendum,
2399 3317 2522 3358 esse
2569 3301 2913 3373 Scripturam
2971 3304 3108 3374 legis
3146 3306 3487 3360 abortionem

1925 3395 2249 3467 quamdam;
2302 3395 2595 3450 Manichato
2623 3404 2802 3450 autem
2843 3394 2911 3450 ad
2942 3395 3337 3459 mentiendum,
3368 3410 3490 3451 esse

260 3506 352 3542 ναι
369 3490 467 3559 τὴν
489 3488 583 3542 τοῦ
606 3490 768 3560 νόμου
791 3489 1030 3559 Γραφήν·
1058 3486 1146 3541 διὰ
1164 3487 1220 3540 δὲ
1247 3486 1565 3558 Μανιχαίου,
1589 3486 1823 3559 πονηροῦ

1928 3486 2094 3557 legem
2124 3486 2410 3557 cujusdam
2447 3487 2596 3553 mali,
2618 3485 2906 3556 splendore
2931 3487 3171 3542 carentis
3196 3494 3249 3541 et
3276 3500 3341 3541 ex
3368 3492 3484 3541 toto

258 3594 428 3642 τινος,
463 3577 755 3647 ἀφεγγοῦς,
772 3577 890 3631 ὅλον
919 3579 1159 3641 σκότους·
1200 3575 1423 3629 τοιαῦτα
1446 3574 1554 3646 γὰρ
1578 3576 1823 3648 πράττει·

1922 3578 2269 3632 tenebricosi.
2304 3577 2455 3631 Talia
2474 3578 2620 3632 enim
2649 3577 2779 3648 agit,
2802 3578 2932 3632 talia
2964 3577 3132 3632 verba
3170 3576 3482 3647 componit;

258 3667 484 3721 τοιαῦτα
507 3670 750 3742 ῥημάτια
772 3668 1071 3739 συντίθησι·
1096 3666 1399 3721 κενολεκτεῖ
1417 3666 1503 3719 διὰ
1527 3666 1824 3731 συνθέσεως

1928 3683 2063 3723 vana
2098 3669 2374 3739 loquitur;
2427 3684 2586 3725 aures
2614 3669 2779 3723 rudes
2812 3680 2866 3723 et
2917 3669 3302 3723 inexercitatas
3329 3684 3483 3723 com-

261 3761 503 3834 ῥήματα,
533 3761 920 3832 καταπλήττων
954 3758 1122 3822 ἀκοὰς
1139 3757 1534 3829 ἀγυμνάστους.

1928 3761 2200 3830 positione
2224 3762 2512 3816 verborum
2538 3761 2596 3815 in
2628 3760 3040 3815 admirationem
3066 3758 3376 3816 traducens.

678 3882 806 3937 Car.
836 3880 924 3936 Vl.
954 3883 1035 3936 An
1065 3880 1315 3935 adventus
1341 3877 1474 3932 Filii
1501 3877 1598 3933 Dei
1622 3878 1851 3933 dwmoni
1871 3884 2127 3951 cognitus.
2154 3884 2367 3954 Angelis
2397 3884 2662 3955 incognita
2691 3882 2789 3937 Dei
2822 3882 3066 3937 consilia.

330 3997 424 4050 Διὸ
446 3994 666 4049 τοιαῦτα
705 3993 977 4064 ἐρωτῆσαι
1011 3992 1108 4045 δεῖ·
1143 3993 1206 4044 El
1232 3991 1261 4043 6
1295 3990 1526 4062 πονηρὸς
1551 3991 1640 4044 τὸν
1664 3991 1826 4062 νόμον

254 4089 520 4161 ἔγραψεν,
551 4090 578 4141 6
602 4087 848 4158 ἀφεγγὴς
864 4088 1085 4147 ἐκεῖνος,
1117 4083 1341 4137 καθόλου
1375 4083 1469 4137 καὶ
1496 4082 1668 4136 διόλου
1704 4083 1827 4136 σκό-

254 4199 354 4246 τος
394 4180 490 4246 ὢν,
538 4180 655 4244 πῶς
695 4179 811 4250 ᾔδει
843 4178 1051 4231 ἒλευσιν
1092 4177 1297 4249 Ἰησοῦ;
1346 4176 1460 4240 πῶς
1491 4176 1604 4248 ᾔδει
1642 4175 1824 4244 ἄφιξιν

2003 3995 2364 4063 Quamobrem
2385 3996 2693 4067 percontari
2710 4005 2921 4067 oportet
2944 4017 2956 4052 :
2979 3996 3036 4052 Si
3059 3997 3235 4054 malus
3250 3997 3340 4054 ille
3367 3998 3487 4054 sine.

1931 4085 2239 4154 Splendore,
2264 4096 2317 4143 et
2337 4097 2481 4144 totus
2498 4096 2629 4142 etex
2645 4097 2759 4142 toto
2780 4089 3035 4153 tenebrae,
3057 4090 3225 4161 legem
3245 4091 3487 4161 scripsit,

1931 4177 2205 4246 quomodo
2243 4181 2497 4250 cognovit
2521 4180 2811 4235 adventum
2854 4179 3015 4235 Filii?
3058 4180 3330 4252 quomodo
3362 4198 3488 4238 eunt

256 4273 462 4341 αὐτούς
488 4272 624 4336 πῶς,
657 4273 820 4343 μήπω
868 4269 977 4323 τῶν
1018 4269 1354 4343 πραγμάτων
1401 4267 1820 4340 πεπραγμένων,

1931 4264 2161 4321 adesse?
2197 4268 2470 4337 quomodo
2516 4269 2640 4324 ante
2690 4277 2942 4325 eventum
2997 4285 3180 4325 rerum
3224 4270 3492 4326 intellexit

260 4366 495 4436 συνῆκεν
531 4364 567 4417 ἃ
609 4363 963 4417 ἐϐουλεύσατο
992 4365 1021 4416 6
1056 4363 1205 4425 Θεὸς,
1241 4363 1335 4414 καὶ
1372 4358 1822 4432 προκατήγγειλε,

254 4458 357 4512 καὶ
390 4456 763 4528 προεδήλωσε;
789 4456 1022 4529 Φανεραὶ
1049 4453 1157 4524 γὰρ
1187 4456 1242 4507 αἱ
1272 4454 1365 4508 τοῦ
1392 4453 1554 4524 νόμου
1587 4453 1819 4524 Γραφαὶ,

254 4549 465 4602 ἄνωθεν
513 4547 882 4619 μαρτυροῦσαι
925 4548 1023 4619 τὴν
1064 4547 1243 4616 ἄφιξιν
1279 4545 1373 4599 τοῦ
1421 4544 1570 4597 Υἱοῦ.
1622 4545 1684 4598 El
1727 4544 1824 4615 μὲν

250 4637 371 4709 γὰρ
401 4636 634 4710 ἐροῦσιν,
673 4640 732 4692 'O
760 4639 920 4709 νόμος
943 4639 1042 4692 οὐκ
1078 4639 1361 4709 ἐδήλωσεν,
1395 4637 1517 4690 οὔτε
1552 4636 1825 4707 προφῆται

254 4732 669 4799 προεσήμαναν,
696 4729 836 4783 κατὰ
862 4730 967 4783 τῶν
990 4729 1274 4801 προφανῶν
1301 4728 1654 4798 φθεγγόμενοι
1681 4726 1827 4795 ἐλεγ-

254 4816 585 4890 χθήσονται·
624 4819 721 4889 οὐχ
749 4817 905 4890 ἡμῶν
953 4818 1256 4872 πλεκόντων
1283 4820 1373 4871 τὸν
1423 4817 1661 4887 ἔλεγχον,
1710 4815 1823 4870 ἀλλ’

252 4908 442 4962 αὐτῶν
473 4908 580 4962 τῶν
623 4908 968 4979 Εὐαγγελίων
1008 4909 1249 4982 φανερῶς
1291 4909 1695 4980 φθεγγομένων,
1730 4910 1823 4963 καὶ

251 5002 376 5055 ἂνω
407 4999 501 5053 καὶ
531 5000 681 5054 κάτω
710 5000 971 5071 βοώντων·
1002 5001 1079 5072 πῆ
1111 5002 1206 5071 μὲν
1236 5002 1321 5054 ἵνα
1355 5000 1610 5073 πληρωθῇ
1642 5001 1703 5054 τὸ
1728 5004 1824 5073 ῥη-

254 5093 357 5146 θὲν
388 5093 474 5146 διὰ
508 5093 728 5147 Ἡσαΐου
775 5092 869 5146 τοῦ
920 5094 1215 5164 προφήτου,
1252 5092 1330 5158 πῆ
1377 5093 1453 5145 δέ·
1481 5095 1602 5148 Οὐκ
1632 5089 1821 5164 ἦλθον

252 5183 599 5239 καταλῦσαι
638 5187 746 5239 τόν
782 5185 988 5255 νόμον,
1026 5184 1186 5238 ἀλλὰ
1213 5182 1542 5253 πληρῶσαι.
1576 5186 1637 5239 El
1669 5186 1725 5239 δὲ
1752 5187 1816 5239 ὲκ

1929 4374 2049 4429 qua:
2079 4358 2218 4415 Deus
2251 4361 2478 4416 consilia
2501 4372 2751 4432 ceperat,
2805 4371 2861 4417 et
2886 4363 3269 4437 praenuntiavit
3315 4378 3401 4425 ea,
3431 4371 3489 4420 et

1928 4454 2214 4524 praedixit?
2264 4454 2563 4511 Manifesta:
2603 4456 2747 4510 enim
2803 4463 2930 4510 sunt
2978 4453 3274 4525 Scriptum
3304 4455 3437 4525 legis
3465 4495 3486 4520 ,

1928 4562 2048 4616 qua:
2071 4561 2100 4600 a
2131 4545 2399 4617 principio
2431 4547 2721 4602 adventum
2750 4544 2870 4600 Filii
2901 4552 3191 4602 testantur.
3253 4545 3308 4600 Si
3340 4547 3485 4601 enim

1929 4640 2110 4694 dicent
2135 4647 2323 4695 contra
2348 4654 2411 4695 ea
2438 4655 2559 4710 quae
2588 4640 2641 4693 in
2670 4638 2960 4695 manifesto
2996 4647 3145 4700 sunt,
3179 4639 3486 4709 loquentes,

1929 4745 2037 4785 non
2056 4731 2452 4802 prmnuntiasse
2482 4732 2865 4802 legem,neque
2895 4730 3187 4802 prophetas
3209 4730 3489 4802 praesigni-

1932 4822 2157 4891 ticasse;
2188 4824 2582 4894 redarguentur
2614 4840 2721 4879 non
2753 4840 2783 4878 a
2818 4824 2976 4879 nobis
3003 4822 3206 4879 nostris
3239 4822 3489 4882 confuta-

1931 4915 2192 4980 tionibus,
2210 4916 2303 4971 sed
2333 4916 2402 4970 ab
2425 4916 2557 4985 ipsis
2570 4914 2875 4986 Evangeliis
2892 4915 3096 4985 apertis
3111 4915 3327 4983 verbis;
3359 4930 3488 4971 cum

1930 5005 2127 5074 ubique
2143 5005 2400 5069 clamant,
2418 5019 2565 5058 nunc
2589 5004 2827 5073 quidem,
2853 5010 2909 5057 ut
2938 5004 3225 5073 impleatur
3245 5002 3389 5073 quod
3412 5004 3494 5057 di-

1925 5102 2072 5147 ctum
2111 5102 2195 5148 est
2226 5109 2321 5163 per
2367 5093 2559 5149 Isaiam
2597 5094 2937 5164 pr0pbetam,
2973 5109 3118 5149 nunc
3161 5108 3289 5149 vero
3324 5092 3491 5149 :Non

1926 5186 2038 5240 verti
2056 5185 2250 5239 solvere
2276 5185 2456 5254 legem,
2476 5185 2566 5239 sed
2584 5185 2793 5253 implere
2808 5184 2871 5241 ³³.
2894 5182 2951 5239 Si
2974 5194 3100 5241 vero
3121 5200 3186 5240 ex
3203 5184 3290 5242 his
3304 5201 3407 5242 con
3418 5186 3494 5240 vi-

335 5340 382 5370 ”
415 5337 575 5395 Rom.
612 5354 684 5406 ιι,
724 5337 834 5396 7-9.
909 5338 952 5371 ³¹
991 5336 1153 5395 Hebr.
1188 5354 1240 5405 ι,
1271 5338 1325 5393 5.
1401 5297 1636 5395 "'Joan.
1670 5354 1816 5405 xvn,

1928 5381 1940 5395 .
2017 5339 2062 5370 ⁸³
2098 5337 2288 5394 Matth.
2324 5356 2377 5405 v,
2419 5340 2504 5395 17.

251 5510 384 5569 qua
414 5495 575 5567 paulo
613 5502 735 5551 ante
774 5507 961 5565 auctor
982 5494 1115 5550 dixit
1147 5513 1159 5550 :
1203 5493 1472 5560 Quomodo
1504 5494 1776 5564 unicuique
1811 5494 1981 5549 reddit
2002 5494 2283 5552 secundum
2308 5511 2464 5567 opera
2486 5511 2582 5551 sua
2601 5498 2625 5552 ?
2646 5526 2713 5538 —
2731 5495 2808 5554 Iis
2835 5501 2925 5571 qui
2948 5498 3256 5567 secundum,
3284 5508 3394 5557 etc.
