3984 6212
511 230 651 290 ιεεδ

1667 220 1804 276 TITI
1843 218 2268 278 BOSTRENSIS
2297 217 2603 277 EPISCOPI

3605 225 3744 282 1224

507 345 584 401 cti
616 341 981 403 consentiunt,
1003 338 1130 410 quid
1160 338 1226 392 ad
1253 337 1353 392 hoc
1383 337 1826 407 respondebunt?
1853 337 1911 393 Si
1944 340 2074 392 enim

2180 336 2370 390 τούτου
2407 336 2590 405 σαφῶς
2634 334 2973 407 ἐλεγχόμενοι
3023 337 3375 400 συντίθενται,
3422 338 3478 390 τί
3521 338 3745 411 ἀποκρι-

510 451 658 492 nemo
674 432 964 501 novit,qute
979 438 1098 485 sunt
1120 429 1362 495 hominis,
1389 431 1490 482 nisi
1512 429 1743 498 Spiritus
1761 429 1856 483 Dei
1885 430 1930 460 "‘
1949 447 1963 495 ;
1981 431 2074 499 qui

507 535 690 582 autem
713 525 880 594 legem
908 521 1150 591 scripsit,
1167 521 1318 574 novit
1334 536 1455 589 qua:
1466 529 1622 575 erant
1651 521 1705 573 in
1725 519 1852 584 Deo,
1868 529 1922 575 et
1937 523 2076 576 scie-

506 617 602 674 bat
622 629 960 687 quacunque
978 611 1118 668 Deus
1135 613 1366 679 volebat,
1380 621 1433 668 et
1449 613 1654 667 idcirco
1675 613 1895 683 scripsit
1917 629 2076 669 accu-

506 717 623 762 rate
649 716 700 760 et
715 706 969 766 scienter,
1001 713 1118 760 erat
1137 705 1372 774 igiturex
1399 703 1527 767 Deo,
1544 713 1595 757 et
1624 703 1764 758 Deus
1790 713 1839 758 et
1868 705 1921 758 in
1945 705 2073 769 Deo;

505 810 559 852 et
588 797 708 851 ideo
731 811 1069 867 quacunque
1097 795 1313 849 volebat
1331 794 1492 859 Deus,
1528 796 1743 850 locutus
1772 806 1874 862 est,
1894 799 2074 852 sciens

506 905 628 962 qua:
655 889 709 943 in
736 889 846 943 Deo
863 896 1044 950 erant,
1077 895 1130 942 et
1156 903 1262 940 non
1305 887 1582 957 ignorans.
1609 885 1666 940 Si
1701 894 1883 943 autem
1914 904 2074 944 nemo

505 994 602 1035 cor
633 986 884 1034 nostrum
942 978 1113 1042 novit,
1157 978 1250 1033 sed
1286 978 1435 1034 solus
1491 979 1640 1034 novit
1680 980 1773 1049 qui
1829 979 1883 1034 id
1925 978 2069 1044 fecit,

505 1079 562 1126 et
589 1073 721 1126 latet
758 1085 854 1124 cor
880 1076 1127 1124 nostrum
1158 1070 1317 1132 alios,
1342 1085 1456 1125 non
1491 1076 1668 1140 potest
1691 1078 1872 1125 tamen
1905 1071 2074 1127 latere

505 1161 698 1218 Deum.
732 1162 862 1227 Qua:
887 1168 1066 1214 autem
1094 1161 1308 1214 volebat
1341 1161 1504 1224 Deus,
1534 1176 1645 1215 non
1672 1161 1955 1232 ignorabat
1979 1179 2075 1218 ne-

503 1254 702 1324 quitia,
739 1253 832 1308 sed
866 1253 1106 1318 sciebat;
1163 1259 1218 1306 et
1280 1252 1368 1306 hic
1415 1252 1635 1322 quidem
1669 1253 1926 1319 volebat,
1982 1255 2071 1308 illa

508 1361 634 1401 vero
663 1347 1026 1416 cognoscebat
1053 1389 1064 1399 .
1095 1347 1368 1415 quomodo
1399 1363 1508 1402 non
1531 1347 1784 1402 tribuunt
1818 1350 2074 1418 nequitiae

507 1451 761 1505 magnam
822 1435 1270 1505 amplitudinem,
1304 1452 1466 1506 quam
1515 1451 1625 1491 non
1675 1439 1852 1508 potuit
1897 1439 2074 1494 celare

507 1527 652 1583 Deus
685 1531 750 1584 de
785 1529 1032 1582 consiliis
1075 1535 1129 1582 et
1174 1530 1450 1584 voluntate
1486 1530 1620 1585 sua?
1663 1530 1932 1600 quomodo
1964 1546 2072 1585 non

507 1618 800 1673 detrahunt
834 1616 943 1672 Deo
967 1659 982 1682 ,
1014 1619 1106 1688 qui
1155 1634 1261 1673 non
1302 1620 1476 1689 potuit
1509 1619 1685 1674 celare
1732 1621 2072 1690 nequitiam?

2173 432 2423 492 νοῦνται;
2455 430 2524 481 El
2549 429 2658 497 γὰρ
2688 425 2887 492 οὐδεὶς
2916 426 3036 481 οἶδε
3067 427 3138 481 τὰ
3167 428 3274 482 τοῦ
3300 429 3466 492 Θεοῦ,
3503 432 3552 482 εί
3575 431 3660 498 μὴ
3683 432 3753 483 τὸ

2172 518 2416 587 Πνεῦμα
2443 516 2546 570 τοῦ
2577 517 2746 582 Θεοῦ,
2777 519 2804 570 6
2830 517 2885 569 δὲ
2920 518 3078 588 νόμον
3105 519 3330 589 γράφων
3362 519 3478 590 ᾔδει
3501 520 3574 573 τὰ
3599 521 3659 573 ἐν
3675 521 3752 591 τῷ

2173 610 2310 680 Θεῷ,
2351 611 2445 662 καί
2486 610 2754 679 ἠπίστατο
2804 610 2904 663 ὅσα
2955 610 3202 663 ἐϐούλετο
3247 612 3275 663 6
3322 611 3478 674 Θεὸς,
3526 612 3623 667 καὶ
3658 605 3750 665 6d

2173 700 2328 754 τοῦτο
2373 701 2721 771 γεγράφηκεν
2772 699 2830 764 ἐξ
2875 701 3195 766 ἐπιστασίας
3237 703 3329 755 καί
3372 701 3685 773 ἐπιστήμης
3718 705 3748 755 6

2173 793 2414 864 γράφων·
2445 791 2560 859 ἄρα
2593 789 2740 844 Θεοῦ
2767 787 2854 861 ἦν,
2903 791 3001 843 καὶ
3029 792 3171 856 Θεὸς
3189 786 3274 862 ἦν,
3305 795 3400 846 καί
3431 793 3503 844 ἐν·
3523 791 3596 858 τῷ
3623 793 3745 858 Θεῷ

2171 881 2257 956 ἦν·
2287 886 2376 937 καὶ
2406 885 2495 938 διὰ
2515 883 2672 936 τοῦτο
2692 884 2792 936 ὅσα
2814 882 3062 936 ἐϐούλετο
3083 885 3110 937 6
3137 885 3266 948 Θεὸς
3295 884 3575 955 λελάληκε,
3601 878 3738 938 νοῶν

2173 977 2242 1031 τὰ
2271 979 2328 1030 ὲν
2354 977 2432 1047 τῷ
2464 975 2602 1045 Θεῷ,
2645 975 2739 1028 καὶ
2770 976 2871 1028 οὐκ
2899 976 3126 1044 ἀγνοῶν.
3159 977 3223 1029 Εἰ
3257 977 3315 1030 δὲ
3340 978 3444 1047 τὴν
3471 977 3738 1048 ἡμετέραν

2174 1069 2398 1140 καρδίαν
2435 1063 2572 1121 οἶδεν
2608 1068 2802 1131 οὐδεὶς,
2845 1068 3004 1138 μόνος
3035 1068 3089 1120 δὲ
3124 1063 3258 1120 οἶδεν
3293 1070 3322 1121 6
3355 1070 3616 1139 Ποιητής·
3649 1070 3741 1122 καί

2173 1161 2421 1216 λανθάνει
2451 1162 2547 1232 μὲν
2577 1163 2818 1232 ἡμετέρα
2852 1163 3047 1232 καρδία
3077 1165 3203 1226 τοὺς
3236 1163 3450 1226 ἄλλους,
3487 1166 3550 1216 ού
3584 1165 3741 1217 δύνα-

2172 1272 2260 1308 ται
2289 1254 2344 1306 δὲ
2376 1254 2652 1307 λανθάνειν
2685 1253 2777 1307 τὸν
2809 1254 2958 1307 Θεύν·
2988 1254 3023 1307 ἃ
3051 1255 3108 1307 δὲ
3135 1255 3380 1308 ἐϐούλετο
3409 1258 3436 1308 6
3461 1255 3621 1319 Θεὸς,
3652 1258 3743 1308 οὐκ

2173 1347 2357 1416 ἠγνόει
2384 1348 2416 1417 ὴ
2444 1346 2692 1416 πονηρία,
2728 1346 2842 1398 ἀλλ’
2870 1346 3002 1416 ᾔδει·
3033 1348 3124 1400 καὶ
3142 1340 3295 1410 οὗτος
3319 1347 3417 1416 μὲν
3448 1346 3560 1416 (56)
3589 1348 3742 1401 ἐδου-

2172 1437 2374 1501 λεύετο,
2408 1437 2590 1506 ἐκείνη
2616 1437 2671 1489 δὲ
2703 1437 2842 1507 ⁴ᾔδει·
2873 1436 2989 1500 πῶς
3015 1438 3076 1489 ού
3111 1438 3249 1506 μέγα
3284 1437 3516 1508 μέγεθος
3545 1438 3741 1490 διδόασι

2171 1529 2236 1601 τῇ
2266 1530 2520 1600 πονηρίᾳ,
2540 1528 2811 1599 δυναμένῃ
2839 1528 2970 1599 μηδὲ
2992 1529 3088 1600 τὴν
3116 1529 3308 1600 βουλὴν
3331 1529 3426 1582 τοῦ
3450 1529 3588 1581 Θεοῦ
3614 1532 3743 1581 από-

2173 1637 2377 1692 κρυφον
2416 1619 2594 1692 ἔχεινς
2642 1620 2758 1684 πῶς
2801 1621 2858 1675 δὲ
2898 1623 2956 1674 ού
3001 1621 3341 1675 διαϐάλλουσι
3371 1622 3465 1698 τον
3491 1622 3642 1683 Θεὸν,
3670 1623 3744 1691 μὴ

507 1707 585 1761 Ac
624 1707 864 1762 ridemus
896 1707 1115 1777 quidem
1157 1710 1329 1770 viros.
1359 1711 1452 1780 qui
1483 1727 1607 1766 cum
1642 1711 1848 1780 aliquid
1881 1720 2072 1766 contra

2177 1713 2466 1784 δυνάμενον
2521 1713 2653 1784 μήτε
2701 1713 2963 1782 πονηρίαν
3010 1712 3300 1782 κρύπτεινς
3343 1713 3452 1766 Καὶ
3496 1713 3746 1782 γελῶμεν

508 1798 694 1854 hostes
716 1799 1015 1854 moliuntur
1040 1809 1094 1854 et
1115 1801 1498 1856 machinantur
1519 1843 1534 1867 ,
1586 1802 1873 1857 consilium
1906 1817 2073 1856 exco-

509 1892 735 1962 gitatum
760 1893 816 1946 in
839 1899 1084 1961 apertum
1116 1891 1372 1948 eﬂ‘erunt.

579 1983 682 2049 Qui
703 1983 830 2038 talia
864 1983 1182 2052 loquuntur,
1213 1993 1269 2039 et
1300 1984 1614 2054 hujusmodi
1644 2001 1948 2044 sermonem
1993 2003 2078 2045 se-

510 2082 657 2137 runt,
690 2090 798 2129 non
826 2074 1010 2130 vident
1041 2076 1220 2131 facere
1258 2092 1350 2142 se,
1409 2085 1466 2131 ut
1503 2079 1740 2134 ludibrio
1794 2083 1866 2136 sit
1897 2081 2072 2148 Deus;

507 2165 755 2237 quicum
791 2165 984 2222 militet
1013 2176 1273 2237 tanquam
1331 2169 1441 2224 dux
1497 2171 1771 2226 exercitus
1815 2172 2076 2227 adversus

511 2259 828 2329 nequitiam,
863 2258 1092 2313 consilia
1123 2275 1222 2314 sua
1262 2275 1368 2314 non
1414 2261 1625 2316 occulte
1659 2264 1978 2330 servaverit,
2007 2280 2076 2319 ne

512 2350 766 2421 nequitia:
823 2350 1162 2420 pateﬁerent.
1207 2351 1362 2417 Quod
1391 2352 1440 2408 si
1483 2353 1682 2408 divinze
1723 2361 1778 2409 et
1821 2356 2077 2426 angelica:

511 2451 808 2513 potestates
855 2457 966 2497 non
1026 2451 1255 2512 possunt
1305 2444 1640 2516 intelligere,
1688 2447 1819 2518 quid
1861 2449 2076 2504 consilii

512 2534 688 2603 capiat
718 2531 896 2600 Pater,
930 2534 1189 2605 solusque
1229 2535 1400 2593 Filius
1439 2535 1714 2609 intelligit,
1744 2547 1798 2593 et
1819 2547 2073 2594 enarrat:

513 2625 678 2681 Deum
701 2642 848 2680 nemo
872 2625 1002 2680 vidit
1031 2643 1260 2697 unquam
1287 2643 1306 2681 :
1340 2630 1634 2700 unigenitus
1665 2628 1840 2684 Filius
1865 2631 1956 2702 qui
1999 2640 2078 2685 est

511 2719 566 2772 in
594 2719 713 2772 sinu
747 2716 961 2784 Patris,
1015 2721 1124 2789 ipse
1161 2723 1426 2776 enarravit
1475 2722 1518 2752 ³⁵
1550 2741 1563 2776 :
1599 2722 1870 2792 quomodo
1924 2723 2078 2777 mala:

510 2816 808 2880 potestates
844 2825 909 2864 ea
941 2825 1062 2880 qua:
1091 2814 1145 2864 in
1179 2809 1288 2865 Deo
1321 2816 1497 2876 erant,
1531 2817 1923 2881 cognoverunt,
1951 2827 2076 2866 cum

511 2916 690 2971 neque
713 2901 911 2956 divinae
942 2908 1239 2970 potestates
1264 2903 1377 2956 haec
1407 2903 1550 2957 scire
1584 2903 1816 2972 possint,
1858 2904 1963 2958 nisi
2011 2920 2072 2959 ea

2177 1805 2276 1876 μὲν
2304 1806 2429 1868 τοὺς
2451 1805 2670 1876 ἄνδρας,
2724 1805 2816 1857 ὅτε
2849 1822 2902 1857 τι
2930 1806 3254 1876 πράττοντες
3288 1805 3428 1858 κατᾶ
3452 1805 3556 1856 τῶν
3581 1805 3745 1857 πολε-

2177 1899 2332 1969 μίων,
2364 1897 2674 1970 εὐφώρατον
2709 1895 2922 1949 ποιοῦσι
2950 1897 3010 1949 τὸ
3041 1898 3282 1967 σκέμμα.

2245 1987 2496 2040 Τοιοῦτον
2515 1987 2568 2039 δὲ
2592 1987 2878 2049 πλέκοντες
2897 1986 3070 2054 λόγον,
3094 1987 3190 2056 οὐχ
3207 1986 3430 2056 ὁρῶσιν,
3445 1987 3527 2038 ὅτι
3553 1986 3751 2056 χλεύην

2175 2083 2311 2135 κατὰ
2337 2079 2430 2134 τοῦ
2457 2079 2590 2133 Θεοῦ
2621 2079 2994 2143 σκευάζουσιν·
3021 2079 3099 2130 ὅτι
3129 2076 3450 2148 στρατηγῶν
3481 2077 3631 2130 κατά
3653 2078 3750 2147 τῆς

2176 2174 2439 2244 πονηρίας
2485 2175 2512 2225 6
2551 2170 2702 2236 Θεὸς,
2740 2169 2809 2222 τὰ
2855 2169 3142 2238 σκέμματα
3188 2168 3258 2221 τὰ
3303 2168 3411 2221 [δια
3460 2167 3647 2238 ἀφανῆ
3692 2170 3752 2221 οὗ

2173 2266 2491 2336 τετήρηκεν·
2543 2264 2657 2316 ἀλλ’
2701 2257 2847 2334 εἶχεν
2892 2261 3029 2316 αὐτὰ
3075 2260 3360 2332 εύφὼρατα
3404 2264 3470 2331 τῇ
3513 2263 3753 2331 πονηρία

2175 2359 2452 2428 γινόμενα.
2496 2355 2558 2408 Εἰ
2590 2356 2645 2409 δὲ
2681 2356 2774 2408 καὶ
2800 2357 2856 2408 αἱ
2897 2355 3032 2407 θεῖαι
3061 2353 3316 2424 δυνάμεις
3342 2355 3435 2406 καὶ
3461 2353 3757 2421 ἀγγελικαὶ

2175 2449 2234 2502 ού
2273 2448 2525 2502 δύνανται
2570 2447 2760 2516 νοῆσαι
2807 2446 2860 2499 τί
2909 2445 3214 2516 βουλεύεται
3255 2448 3284 2498 6
3329 2445 3542 2516 Πατὴρ,
3593 2445 3751 2515 μόνου

2176 2539 2418 2603 νοοῦντος
2461 2540 2552 2592 καὶ
2593 2539 2957 2610 ἐξηγουμένου
3008 2537 3102 2590 τοῦ
3154 2537 3306 2589 Υἰοῦ·
3357 2538 3509 2591 Θεὸν
3553 2536 3755 2602 οὐδεὶς

2175 2632 2395 2700 ἑώρακε
2417 2631 2680 2684 πώποτε·
2718 2635 2751 2685 ό
2780 2628 3114 2699 μονογενὴς
3142 2627 3294 2694 Υἱὸς,
3331 2631 3364 2682 ό
3403 2626 3488 2680 ὢν
3520 2631 3612 2694 εἰς
3650 2627 3758 2680 τὸν

2177 2727 2406 2779 κόλπον
2444 2723 2547 2778 τοῦ
2587 2722 2838 2790 Πατρὸς,
2880 2721 3108 2787 ἐκεῖνος
3143 2719 3506 2790 ἐξηγήσατο·
3545 2718 3666 2781 πῶς
3697 2721 3749 2771 αξ

2178 2816 2408 2887 πονηραὶ
2440 2815 2696 2885 δυνάμεις
2727 2813 2948 2885 ᾔδεισαν
2983 2811 3053 2865 τὰ
3093 2813 3151 2864 ὲν
3187 2810 3263 2881 τῷ
3295 2810 3445 2880 Θεῷ;
3482 2809 3604 2862 οὐδὲ
3637 2809 3751 2860 τῶν

2177 2908 2333 2961 Οείων
2361 2908 2640 2978 δυνάμεων
2677 2905 2846 2959 ταῦτα
2873 2905 3183 2977 δυναμένων
3216 2903 3434 2966 εἰδέναι,
3464 2903 3513 2954 εἰ
3542 2901 3616 2972 μὴ
3644 2917 3754 2952 πα-

511 2994 758 3048 tradente
785 3002 839 3048 et
866 3001 1156 3047 enarrante
1185 2991 1479 3063 Unigenito
1509 2992 1762 3048 discant?
1790 2992 1944 3060 Quod
1976 3009 2074 3049 au-

2183 3001 2392 3073 ράδοσις
2425 2999 2760 3070 μαθημάτων
2795 3001 2858 3051 ὲκ
2903 2998 3003 3068 τῆς
3045 2997 3137 3050 τοῦ
3179 2995 3518 3064 Μονογενοῦς
3556 2994 3755 3065 ἐξηγη-

512 3094 620 3141 tem
657 3086 778 3154 ipsa
821 3086 904 3140 lex
953 3085 1136 3138 omnia
1163 3100 1284 3154 qua:
1312 3084 1383 3140 ad
1412 3084 1702 3140 adventum
1737 3086 1856 3155 ejus
1911 3090 2078 3158 perti-

514 3182 664 3240 nent,
700 3174 851 3244 prius
905 3184 1126 3228 narret:
1167 3172 1334 3235 Ecce,
1382 3171 1595 3242 inquit,
1632 3171 1786 3242 Virgo
1839 3173 1894 3226 in
1931 3183 2077 3227 utero

509 3266 836 3343 lubebit,“
882 3266 1053 3333 pariet
1102 3263 1300 3318 Filium
1350 3265 1417 3320 ⁸⁸.
1453 3265 1608 3320 Alius
1667 3265 1929 3336 propheta
1967 3281 2076 3320 non

515 3356 730 3428 ignorat
762 3362 937 3410 'ocum
971 3373 982 3409 :
1025 3353 1094 3407 Et
1143 3363 1199 3408 tu
1268 3353 1553 3419 Bethleem,
1594 3365 1734 3408 terra
1784 3353 1962 3420 Juda,
1995 3372 2079 3408 ne-

508 3460 777 3515 quaquam
823 3445 1043 3498 minima
1091 3461 1143 3497 es
1179 3445 1232 3497 in
1295 3445 1616 3514 principibus
1649 3444 1794 3498 Juda
1820 3446 1885 3499 ³⁷.
1925 3445 2078 3502 Alius

515 3536 694 3590 locum
729 3535 936 3598 dciinit,
979 3536 1069 3591 ubi
1110 3535 1323 3605 positus
1351 3552 1365 3588 :
1393 3534 1645 3604 Cognovit
1691 3534 1780 3590 bos
1812 3553 2079 3604 possesso-

515 3645 623 3683 rem
650 3638 897 3691 suum,et
928 3630 1107 3683 asinus
1157 3645 1386 3699 prwsepe
1434 3627 1634 3682 domini
1685 3629 1770 3682 sui
1812 3628 1876 3683 ⁸⁸.
1926 3628 2078 3683 Alius

2180 3109 2316 3155 σεως
2341 3091 2644 3165 παραδοθῇ;
2679 3091 2800 3144 Ὅτι
2826 3091 2883 3144 δὲ
2915 3089 3075 3153 αὐτὸς
3107 3090 3134 3142 6
3160 3088 3320 3157 νόμος
3352 3088 3527 3140 πάντα
3557 3086 3630 3138 τά
3657 3087 3756 3154 τῆς

2178 3183 2412 3254 ἀφίξεως
2441 3184 2604 3236 αὑτοῦ
2635 3181 2920 3254 προλαϐὼν
2950 3183 3241 3252 διηγεῖται·
3281 3178 3416 3232 Ἰδοὺ
3441 3178 3479 3243 ἠ
3513 3179 3752 3244 Παρθέ-

2177 3294 2284 3342 νος
2305 3277 2374 3329 ἐν
2404 3275 2611 3346 γαστρὶ
2646 3275 2790 3338 ἕξει,
2839 3273 2939 3326 καί
2975 3273 3204 3337 τέξεται
3252 3271 3408 3323 fids"
3455 3269 3649 3340 ’ἔτερος
3691 3269 3755 3321 δὲ

2179 3369 2458 3441 προφήτης
2497 3368 2588 3421 τὸν
2626 3368 2788 3421 τόπον
2827 3368 2924 3420 ούκ
2963 3367 3165 3434 ἀγνοεῖ·
3207 3364 3312 3418 Kal
3338 3363 3439 3424 σὺ,
3477 3361 3752 3430 Βηθλεὲμ

2190 3460 2393 3526 Ἰούδα,
2436 3459 2709 3529 οὐδαμῶς
2754 3459 3044 3528 ἐλαχίστη
3085 3453 3142 3510 εἰ
3181 3456 3250 3509 ἐν
3294 3454 3416 3520 τοῖς
3463 3455 3756 3522 ἡγεμόσιν

2189 3553 2393 3607 Ἰούδα·
2417 3552 2602 3624 ἕτερος
2630 3553 2726 3606 κοιλ⁵
2748 3552 2838 3605 τὸν
2858 3553 2982 3624 ὅρον
3008 3549 3106 3620 τῆς
3130 3549 3351 3610 θέσεως·
3389 3549 3579 3617 Ἐτνω
3591 3546 3753 3611 ,Βοῦς

2176 3645 2284 3699 τὸν
2314 3645 2713 3714 κτησάμενον,
2750 3644 2850 3698 καί
2888 3643 3025 3709 ὄνος
3062 3641 3176 3711 τὴν
3218 3640 3455 3710 φατι-ην
3498 3640 3607 3693 τοῦ
3652 3658 3756 3691 κυ-

515 3721 697 3792 fugam
735 3721 806 3775 in.
830 3719 1145 3792 Egyptum,
1179 3730 1232 3777 et
1281 3723 1512 3777 reditum
1550 3736 1618 3776 ex
1668 3719 1902 3791 Egypto
1937 3741 1951 3776 :
1997 3721 2074 3776 Ea:

2177 3737 2306 3805 ρίου
2345 3736 2547 3792 αὑτοῦ·
2589 3737 2773 3808 ἕτερος
2814 3737 2870 3788 δὲ
2907 3736 3001 3788 καὶ
3031 3735 3130 3807 τὴν
3157 3734 3236 3796 εἰς
3266 3733 3539 3799 Αἴγυπτον
3573 3732 3750 3800 φυγὴν

514 3811 749 3883 Egypto
779 3815 953 3868 vocavi
988 3811 1188 3867 Filium
1214 3831 1384 3868 meum
1416 3814 1481 3868 ³⁸.
1507 3813 1662 3868 Alius
1688 3813 2075 3869 habitationem

515 3905 570 3957 in
604 3911 761 3958 aetate
793 3903 987 3973 puerili
1019 3923 1032 3958 :
1086 3903 1248 3957 Terra
1281 3902 1521 3958 Zabulon
1550 3913 1598 3958 et
1632 3912 1770 3957 terra
1804 3902 2076 3972 Nephtha-

513 3998 631 4062 lim,
662 3999 800 4052 viam
827 3999 988 4050 maris
1015 3997 1161 4050 ultra
1189 3995 1479 4050 Iordanem
1499 4011 1518 4049 ε
1535 3997 1777 4065 popuius,
1811 3999 1900 4068 qui
1927 3997 2073 4052 sede-

511 4090 603 4144 bat
644 4091 700 4144 in
730 4090 974 4154 tenebris,
999 4089 1125 4144 vidit
1159 4088 1325 4142 lucem
1351 4102 1595 4156 magnam
1626 4089 1692 4143 ‘°.
1726 4090 1878 4142 Alius
1914 4091 2074 4144 etiam

511 4181 912 4238 Praecursorem
965 4197 1075 4236 non
1126 4183 1376 4251 ignorat:
1432 4181 1542 4236 Vox
1587 4182 1865 4236 clamantis
1907 4183 1958 4235 in
1986 4181 2076 4234 de-

513 4287 685 4331 serto:
724 4275 920 4330 Parate
965 4276 1102 4330 viam
1153 4273 1406 4338 Domini,
1446 4284 1615 4328 rectas
1661 4274 1819 4343 facite
1861 4274 2074 4328 semitas

2177 3828 2269 3880 καὶ
2297 3827 2392 3897 τὴν
2417 3827 2508 3880 ἀπ’
2539 3827 2815 3895 Αἰγύπτου
2847 3827 3119 3880 ἐπάνοδον·
3167 3823 3261 3887 Ἐξ
3291 3825 3594 3891 Αἰγύπτου
3613 3821 3751 3874 ἐλά-

2174 3923 2329 3974 λεσα
2354 3920 2459 3973 τὸν
2490 3921 2623 3973 Υὶόν
2644 3937 2780 3989 μου·
2808 3919 2964 3982 ἄλλος
2991 3919 3087 3990 τὴν
3112 3919 3323 3987 οἴκησιν
3347 3917 3446 3986 τὴν
3470 3915 3528 3966 ὲν
3553 3915 3619 3982 τῇ
3651 3914 3748 3981 νέα

2175 4011 2359 4084 ἡλικίᾳ
2385 4011 2532 4081 αύτῷ
2555 4011 2890 4082 γενηθεῖσαν·
2925 4009 3013 4080 Γῆ
3051 4009 3386 4066 Ζαϐουλὼν,
3412 4004 3488 4073 γῆ
3511 4006 3746 4071 Nefari-

2175 4104 2331 4173 λείμ,
2359 4104 2502 4157 ὁδὸν
2523 4103 2838 4169 θαλάσσης
2857 4102 3044 4171 πέραν
3065 4101 3168 4154 τοῦ
3200 4098 3502 4167 Ἰορδάνου·
3530 4098 3563 4147 d
3583 4096 3742 4158 λα’ς-

2177 4197 2210 4248 ό
2241 4194 2572 4264 καθήμενος
2596 4195 2664 4246 ἐι·
2691 4194 2892 4246 σκότει
2924 4191 3048 4260 φῶς
3076 4189 3196 4243 εἶδε
3224 4190 3370 4258 μέγα
3391 4203 3406 4217 ·
3461 4186 3641 4254 ἕτερος
3673 4183 3736 4235 δὲ

2177 4287 2271 4340 καὶ
2298 4285 2388 4339 τὸν
2417 4287 2725 4357 Πρόδρομον
2752 4285 2851 4337 ούκ
2874 4285 3071 4352 ἀγνοεῖ·
3095 4279 3267 4348 Φωνὴ
3287 4276 3541 4343 ,βοῶντος
3566 4275 3637 4326 ἐν·
3659 4271 3736 4340 τῇ

505 4369 626 4438 ejus
652 4369 716 4424 “.
760 4366 1000 4437 Denique
1053 4368 1099 4421 si
1135 4366 1260 4439 quis
1290 4367 1447 4422 vellet
1498 4367 1809 4438 prophetias
1851 4383 1914 4422 ex
1954 4367 2069 4436 lege

2177 4378 2382 4447 ἐρήμῳ·
2419 4376 2794 4447 Ἑτοιμάσατε
2814 4375 2925 4444 τὴν
2945 4375 3086 4428 ὁδὸν
3112 4373 3217 4426 τοῦ
3240 4370 3474 4438 Κυρίου·
3503 4366 3742 4429 εὐθείας

506 4460 789 4530 colligere,
833 4467 1005 4512 totum
1044 4457 1398 4528 Evangelium
1441 4472 1767 4528 componere
1800 4458 2074 4514 videretur

511 4549 925 4604 conscribendis
980 4548 1144 4605 rebus
1191 4550 1247 4604 in
1293 4565 1359 4606 eo
1387 4549 1554 4620 gestis
1587 4549 1916 4620 propheticis
1954 4567 2075 4605 vcr-

512 4640 620 4705 bis,
661 4655 890 4695 narrans
923 4639 1197 4703 studiose,
1241 4648 1294 4695 et
1338 4639 1614 4710 φιλολόγος
1657 4656 1763 4695 nou
1795 4642 1914 4696 sine
1965 4643 2074 4711 spi-

508 4731 620 4785 ritu
650 4731 768 4801 ejus
797 4731 1136 4803 disciplinas,
1169 4731 1289 4802 ejus
1316 4731 1613 4796 doctrinas,
1639 4731 1758 4800 ejus
1781 4733 2071 4802 baptisma,

506 4821 634 4892 ejus
663 4822 957 4888 miracula,
1010 4822 1275 4892 judicium
1313 4822 1548 4887 factum,
1585 4823 1947 4892 proditionem
1978 4824 2074 4878 Ju-

511 4916 614 4978 ἀει,
651 4930 770 4985 quae
801 4915 854 4969 in
891 4915 1134 4986 patibulo
1168 4914 1330 4979 facta,
1363 4914 1454 4980 fel,
1482 4925 1693 4971 acetum
1729 4919 1783 4972 in
1817 4920 1906 4974 siti
1941 4935 2073 4990 por-

511 5011 742 5070 rectum,
763 5005 934 5074 ipsam
959 5005 1292 5075 sepulturam
1317 5013 1374 5060 et
1394 5014 1824 5076 monumentum,
1844 5009 2074 5064 descen-

511 5111 635 5150 sum
674 5097 741 5151 ad
784 5096 988 5153 inferos
1011 5137 1026 5164 ,
1074 5098 1247 5169 ipsam
1280 5101 1756 5169 resurrectionem,
1791 5112 1846 5159 et
1882 5105 1950 5160 ad
1980 5121 2075 5161 ex-

509 5197 747 5246 tremum
787 5193 1236 5263 assumptionem.
1269 5191 1425 5247 Tunc
1462 5193 1609 5248 enim
1638 5235 1654 5261 ,
1706 5198 1851 5267 quod
1883 5214 2074 5269 super-

508 5287 620 5349 est,
652 5283 945 5342 clamabit:
976 5285 1166 5340 Tollite
1193 5294 1396 5355 portas,
1440 5286 1720 5356 principes,
1749 5298 1950 5345 vestras
1975 5332 1991 5358 ,
2024 5299 2074 5344 et

580 5436 634 5473 ⁸⁵
669 5439 828 5496 Rom.
865 5457 937 5506 ιι,
973 5442 1062 5497 il.

516 5510 563 5543 ⁸⁸
598 5509 705 5568 lsa.
741 5527 829 5578 ix,
867 5513 919 5576 1,
953 5512 1006 5567 2.

1175 5441 1218 5473 ³⁸
1257 5440 1412 5497 Joan.
1450 5456 1500 5505 ι,
1536 5441 1622 5497 18.

1112 5512 1153 5542 ⁸⁸
1195 5512 1300 5567 lsa.
1338 5527 1439 5573 XL,
1477 5512 1528 5566 5.

1734 5444 1778 5476 ⁸⁸
1814 5445 1916 5501 lsa.
1953 5461 2061 5510 vn,
2098 5445 2186 5503 14.

2175 4468 2392 4523 ποιεῖτε
2424 4468 2564 4534 τοὺς
2593 4468 2828 4537 τρίϐους
2867 4465 3071 4520 αὑτοῦ.
3121 4465 3229 4516 Καὶ
3271 4463 3408 4524 ὅλως
3448 4461 3496 4512 εἰ
3541 4457 3741 4526 βουλη-

2176 4561 2290 4633 Θείη
2314 4579 2416 4625 τις,
2443 4561 2831 4630 ἀναλεγόμενος
2859 4558 2956 4622 τὰς
2985 4561 3046 4611 ἐκ
3071 4556 3162 4610 τοῦ
3191 4556 3354 4624 νόμου
3384 4550 3740 4622 προφητείας,

2172 4653 2293 4706 ὅλον
2331 4653 2394 4705 τὸ
2438 4652 2762 4720 Εὑαγγέλιον
2801 4649 3098 4709 συνθεῖναι,
3134 4647 3200 4700 τὰ
3238 4641 3340 4698 ὧδε
3377 4641 3742 4712 πεπραγμένα

2178 4745 2385 4814 ῥήμασι
2418 4745 2768 4815 προφητικοίς
2803 4740 3149 4812 συγγράψων,
3186 4739 3481 4806 φανήσεται
3515 4732 3743 4802 φιλομα-

2180 4832 2279 4903 θής
2307 4850 2391 4896 τις
2420 4833 2512 4886 καὶ
2543 4832 2834 4901 φιλολόγος,
2869 4833 2940 4902 μὴ
2965 4831 3082 4901 δίχα
3105 4827 3407 4896 πνεύματος
3437 4823 3740 4894 ἐξηγούμε-

2179 4941 2267 4988 νος
2311 4923 2649 4994 παιδεύματα
2670 4923 2854 4980 αύτοῦ.
2880 4920 3219 4981 διδασκαλίας
3243 4915 3428 4980 αὑτοῦ,
3457 4915 3742 4984 βάπτισμα

2176 5017 2359 5080 αὐτοῦ,
2401 5017 2638 5088 σημείων
2683 5015 3032 5078 ἐπιτελέσεις,
3073 5013 3132 5065 τὸ
3169 5008 3388 5079 γεγονὸς
3418 5009 3615 5076 κρῖμα,
3648 5005 3741 5073 τὴν

2175 5109 2460 5181 προδοσίαν
2486 5109 2578 5162 τοῦ
2617 5108 2805 5172 Ἰούδα,
2831 5109 2928 5178 τὴν
2955 5108 3046 5160 ἐπὶ
3075 5105 3166 5158 τοῦ
3200 5102 3374 5174 ἰκρίου
3403 5097 3736 5166 οἰκονομίαν,

2173 5200 2270 5272 τὴν
2296 5200 2457 5270 χολὴν
2478 5201 2571 5253 καί
2591 5201 2650 5253 τὸ
2671 5201 2788 5266 ὅξος
2815 5200 2874 5252 τὸ
2893 5201 2948 5251 ὲν
2977 5197 3102 5268 δίψῃ
3131 5191 3411 5262 δεδομένον
3441 5187 3617 5260 αὐτῷ,
3643 5189 3735 5254 τὴν

2175 5291 2347 5363 ταφὴν
2382 5291 2550 5363 αὐτὴν
2580 5293 2673 5346 καὶ
2699 5292 2759 5344 τὸ
2793 5292 3070 5362 μνημεῖον,
3104 5287 3198 5358 τὴν
3221 5283 3532 5354 οἰκονομίαν
3551 5281 3655 5350 τὴν
3681 5280 3732 5330 ἑν

3307 5440 3348 5472 ³⁹
3388 5436 3517 5494 Ose.
3553 5451 3648 5502 x1,
3680 5431 3727 5487 la

2298 5447 2342 5480 "
2382 5446 2543 5505 Micb.
2581 5465 2633 5518 ν,
2668 5447 2724 5504 2.
2838 5446 2882 5480 ³⁸
2919 5447 3022 5502 lsa.
3061 5460 3113 5513 ι,
3149 5443 3201 5499 5.

490 5709 498 5730 δ
592 5645 706 5718 (56)
759 5646 1148 5703 Ἐϐουλεύετο.
1181 5643 1453 5716 lnterpres
1489 5645 1685 5716 legisse
1710 5643 1923 5701 videtur
1963 5642 2227 5697 ὲὸούλετο.
