4022 6208
251 334 385 394 I223

1293 286 1662 389 onsnsus
1702 329 2123 389 MANICIIEOS
2164 329 2293 389 LIB.
2319 328 2412 385 ιιι.

3330 317 3470 378 1226

206 438 209 441 ’
247 457 322 527 τῷ
366 453 487 526 ᾄδῃ,
518 450 615 522 τὴν
647 449 860 520 ἔγερσιν
892 447 1079 519 αὐτὴν,
1124 449 1182 502 τὸ
1224 449 1529 503 τελευταῖον
1574 448 1670 502 καὶ
1709 447 1807 520 τὴν

1922 448 2202 513 ιιευαηιὶπὶ,
2250 454 2416 517 porta:
2463 441 2735 500 teternales
2757 482 2771 507 ,
2811 448 2862 494 et
2925 437 3163 493 introibit
3222 453 3316 494 rex
3364 440 3478 511 glo-

248 545 527 618 ἀνάληψιν·
556 542 678 596 me
704 540 812 612 γὰρ
839 539 1022 593 λοιπὸν
1051 541 1142 594 καὶ
1176 539 1444 613 βοήσεται·
1472 541 1809 617 Ἀρατειπύ-

242 640 377 702 .tac,
425 638 477 688 oi
523 631 831 701 ἄρχοντες,
883 628 1068 699 ὑμῶν,
1118 632 1217 685 καὶ
1267 631 1579 699 ἐπάρθητε,
1625 633 1810 684 πύλαι

243 724 485 782 αὶώνιοι,
515 723 615 776 καὶ
639 722 1045 776 εἰσελεύσεται
1081 724 1113 775 ό
1145 722 1443 789 βασιλεὺς
1468 720 1575 790 τῆς
1607 721 1806 789 δόξης·

246 816 365 870 τότε
402 812 560 868 τοῦτο
596 814 891 888 προσθήσει
919 815 1014 869 καὶ
1042 815 1102 868 τὸ
1132 814 1510 888 γεγραμμένον
1541 813 1691 886 παρὰ
1716 812 1809 867 τοῦ

245 905 430 959 Δαὸίδο
458 895 645 960 Εἶπεν
680 908 713 959 ὁ
750 906 964 975 Κύριος
997 906 1077 974 τῷ
1116 910 1309 976 Κυρίῳ
1339 924 1479 976 μου·
1510 905 1707 959 Κάθου
1743 905 1812 958 ἐκ

246 996 460 1062 δεξιῶν
485 1015 625 1067 μου,
656 997 767 1064 ἕως
793 996 870 1052 ἂν
893 999 975 1054 θῶ
996 999 1137 1065 τοὺς
1166 1000 1418 1069 ἐχθρούς
1447 1014 1562 1052 σου
1590 996 1814 1053 ὑποπό-

247 1088 381 1142 διον
414 1088 533 1142 τῶν
571 1087 773 1143 ποδῶν
800 1105 937 1144 σου.
977 1091 1038 1143 Εἰ
1077 1085 1170 1145 οὖν
1198 1092 1226 1143 6
1255 1090 1417 1160 νόμος
1449 1088 1621 1151 οὕτως
1654 1087 1812 1160 ἠκρί-

249 1181 392 1236 ϐωσε
413 1181 509 1253 τὴν
530 1180 711 1251 ἄφιξιν
733 1182 828 1236 τοῦ
856 1182 987 1236 Υἱοῦ
1013 1183 1107 1236 καὶ
1139 1182 1409 1256 μακρόθεν
1430 1180 1810 1254 προήγγειλεν,

246 1269 431 1324 οὐκέτι
479 1270 838 1335 διαϐάλλεται,
883 1271 1063 1326 οὐκέτι
1105 1272 1248 1343 ἄλλῳ
1288 1272 1714 1344 προσγράφεται.
1757 1272 1815 1325 '0

247 1362 512 1433 γεννήσας
554 1363 942 1436 προελάλησεν·
983 1366 1011 1418 6
1049 1363 1474 1435 βουλευσάμενος
1509 1363 1650 1435 λόγῳ
1690 1380 1817 1435 προ-

248 1451 407 1506 έλαϐε
428 1451 499 1506 τὰ
522 1453 843 1525 πράγματα’
868 1453 1000 1518 Θεὸς
1024 1454 1298 1525 ἐγέννησεο
1330 1453 1463 1516 Θεὸς
1484 1452 1649 1521 λέγει⁸
1687 1454 1816 1517 Υἱός

243 1558 362 1611 μου
389 1543 448 1596 εἷ
470 1543 573 1609 σὺ,
609 1543 724 1614 ἐγὼ
752 1544 1020 1615 σήμερον
1063 1543 1392 1615 γεγέννηκά
1421 1559 1515 1599 σε.
1548 1543 1680 1607 Θεὸς
1714 1544 1817 1597 ἀπ-

250 1636 456 1699 έστειλε
475 1652 489 1665 ’
525 1637 658 1702 Θεὸς
692 1638 780 1692 διὰ
802 1640 1045 1703 Μωσέως
1071 1639 1322 1709 ἐλάλησε·
1340 1635 1659 1707 Προφήτην
1676 1634 1818 1705 ὑμῖν

249 1727 579 1796 ἀναστήσει
603 1730 816 1800 Κύριος
837 1733 870 1785 ό
896 1730 1038 1797 Θεὸς
1075 1732 1141 1785 ἐκ
1177 1729 1292 1784 τῶν
1316 1729 1593 1798 ἀδελφῶν
1628 1726 1812 1797 ὑμῶν’

1910 542 2005 595 τίω
2025 541 2105 605 ἰ¹;
2151 548 2281 593 tunc
2312 536 2569 607 adjunget
2602 534 2726 598 hoc,
2751 532 2894 603 quod
2929 548 2961 587 a
3008 530 3176 586 David
3209 531 3472 601 scriptum

1909 641 2029 690 est:
2064 632 2214 686 Dixit
2276 630 2532 685 Dominus
2587 626 2811 681 Domino
2853 641 2965 680 meo
2991 664 3006 690 ,
3048 623 3236 680 Sedea
3274 623 3476 679 dextris

1912 726 2061 790 meis,
2091 723 2252 778 donec
2296 738 2490 792 ponam
2523 720 2761 774 inimicos
2805 728 2924 773 tuos
2960 716 3245 771 scabellum
3289 716 3477 785 pedum

1914 825 2122 868 tuorum
2144 813 2209 869 ⁸³.
2262 812 2318 866 Si
2347 812 2512 883 igitur
2549 811 2635 865 lex
2680 810 2817 865 adeo
2867 809 3153 879 diligenter
3180 807 3475 863 adventum

1912 905 2035 959 Filii
2056 903 2368 975 descripsit,
2392 912 2447 958 et
2471 903 2767 974 longinquo
2797 911 3038 971 tempore
3065 909 3357 971 antequam
3385 914 3477 956 res

1912 997 2212 1062 evenirent,
2244 1010 2339 1052 eas
2374 995 2796 1065 praenuntiavit,
2854 1009 2966 1050 non
2991 992 3104 1062 jam
3140 999 3436 1048 accusatur
3459 1032 3474 1058 ,

1914 1105 2022 1145 non
2048 1091 2167 1161 jam
2217 1088 2372 1143 alteri
2425 1088 2740 1144 ascribitur.
2776 1085 2881 1153 Qui
2926 1085 3113 1157 genuit
3144 1126 3160 1148 ,
3208 1083 3476 1157 prmdixit.

1913 1185 2017 1252 Qui
2049 1183 2392 1247 deliberavit,
2417 1182 2508 1238 r'es
2538 1181 2688 1236 dicto
2715 1174 3053 1250 anticipavit.
3091 1177 3236 1235 Deus
3265 1177 3479 1250 genuit.

1916 1279 2059 1334 Deus
2086 1276 2217 1332 dicit
2251 1295 2264 1331 :
2297 1273 2472 1329 Filius
2505 1288 2734 1328 meuscs
2759 1281 2837 1335 tu,
2868 1286 2958 1341 ego
2983 1271 3134 1326 hodie
3155 1270 3306 1341 genui
3330 1280 3379 1325 te
3410 1270 3480 1322 δι.

1916 1368 2062 1424 Deus
2091 1367 2237 1422 misit
2267 1381 2372 1420 me.
2403 1364 2546 1420 Deus
2576 1378 2671 1434 per
2693 1361 2931 1435 Moysem
2956 1362 3168 1418 locutus
3194 1370 3315 1417 est:
3348 1361 3486 1416 Pro-

1916 1462 2120 1531 pbetam
2139 1458 2281 1514 vobis
2299 1456 2575 1512 suscitabit
2596 1456 2853 1510 Dominus
2875 1454 3011 1510 Deus
3037 1470 3103 1508 ea:
3125 1455 3382 1525 fratribus
3412 1471 3488 1510 re-

1917 1551 2081 1614 stris;
2114 1551 2283 1620 ipsum
2317 1546 2545 1601 audietis
2566 1586 2581 1611 ,
2612 1561 2932 1616 quwcunque
2972 1544 3212 1615 loquetur
3232 1542 3376 1599 vobis
3417 1543 3485 1599 “.

1920 1641 1995 1696 De
2019 1640 2086 1695 iis
2117 1639 2253 1710 ipsis
2287 1637 2543 1693 omnibus
2583 1636 2724 1693 Deus
2756 1636 3110 1704 deliberavit;
3155 1642 3362 1692 etcum
3392 1635 3489 1692 de-

1922 1732 2227 1797 liberasset,
2247 1745 2358 1786 non
2387 1729 2595 1795 tacuit;
2623 1728 2915 1784 consilium
2944 1743 3007 1783 ac
3035 1728 3485 1784 deliberationem

250 1820 436 1874 αὑτοῦ
466 1821 803 1875 ἀκούσεσθε
837 1821 1054 1887 πάντα,
1090 1821 1206 1876 ὅσα
1237 1822 1345 1876 ἐὰν
1369 1819 1618 1889 λαλήσῃ
1654 1818 1814 1889 ὑμῖν.

1922 1820 2323 1893 praenuntiavit,
2354 1835 2451 1891 per
2486 1818 2848 1890 praenuntiata
2890 1817 3049 1873 iidem
3100 1817 3349 1875 faciens:
3392 1816 3492 1873 Vo-

263 1908 323 1964 '0
352 1911 486 1977 Θεὸς
510 1912 886 1980 ἐϐουλεύσατο,
908 1915 1002 1967 καὶ
1026 1918 1054 1968 6
1081 1914 1506 1986 βουλευσάμενος
1528 1914 1628 1967 οὐκ
1652 1911 1813 1967 ἐσιών

251 2018 413 2074 πησε⁶
462 2004 558 2074 τὴν
590 2004 781 2077 βουλὴν
813 2009 1177 2079 προεμήνυσε,
1226 2007 1408 2062 πίστιν
1453 2006 1694 2079 ἐμποιῶν
1731 2006 1816 2061 διὰ

248 2094 360 2149 τῶν
393 2098 861 2168 προμηνυθέντων⁸
890 2100 1188 2166 Καλεῖται,
1221 2100 1354 2171 φησὶ
1380 2099 1507 2171 γὰρ,
1534 2098 1601 2153 τὸ
1629 2099 1817 2169 ὄνομα

1924 1921 2096 1976 catur,
2131 1908 2341 1980 inquit,
2386 1923 2573 1963 nomen
2606 1907 2741 1977 ejus,
2773 1904 2955 1978 Magni
2986 1906 3197 1962 consilii
3228 1906 3446 1978 angelus
3469 1949 3485 1974 ,

1925 2001 2276 2069 admirabilis,
2303 2000 2665 2064 consiliarius,
2682 2001 2921 2070 princeps
2947 2001 3119 2071 pacis,
3147 2009 3298 2068 pater
3320 1999 3493 2070 futuri

1922 2096 2102 2151 swculi
2135 2094 2198 2148 “.
2238 2094 2415 2164 Atque
2435 2095 2550 2149 haec
2571 2093 2788 2165 quidem
2814 2092 3119 2149 confutatio
3145 2093 3227 2149 sic
3252 2094 3434 2148 habet.

247 2187 436 2243 αὐτοῦ
457 2189 733 2259 Μεγάλης
767 2191 1008 2261 βουλῆς
1063 2193 1338 2263 ἄγγελος,
1375 2191 1735 2261 θαυμαστὸς,
1794 2191 2178 2259 σύμϐουλος,.
2200 2188 2401 2256 ἅρχων
2451 2185 2713 2255 εἰρήνης,
2767 2184 2965 2254 πατὴρ
3011 2185 3117 2241 τοῦ
3157 2185 3493 2256 μέλλοντος

247 2275 482 2348 αἰῶνος.
516 2283 626 2337 Καὶ
652 2281 890 2349 τοιοῦτος
918 2287 1013 2357 μὲν
1036 2288 1065 2339 6
1091 2285 1329 2347 τοιοῦτος
1358 2285 1594 2356 ἔλεγχος.

1497 2419 1626 2474 Car.
1660 2417 1773 2473 VII.
1805 2415 1914 2470 Leo:
1939 2414 2073 2468 bona
2093 2412 2241 2482 jubet

336 2538 549 2610 Ἐπειδὴ
574 2537 632 2591 δὲ
655 2536 734 2606 τῷ
762 2535 982 2609 πονηρῷ
1007 2536 1419 2609 προσγράφουσι
1441 2536 1530 2588 τὸν
1563 2534 1746 2606 νόμον,
1771 2534 1823 2586 τί

249 2633 510 2705 φήσουσιν
538 2627 633 2682 ὲάν
674 2644 759 2691 τις
790 2625 968 2679 αὐτῶν
1001 2624 1291 2698 πεύσηται,
1325 2625 1374 2677 εί
1406 2625 1434 2677 6
1467 2624 1699 2697 πονηρὸς
1722 2642 1821 2678 πο-

253 2724 392 2797 νηρὰ
416 2721 690 2794 παραινεῖ,
721 2718 817 2773 καὶ
841 2717 902 2772 οὐ
931 2717 1150 2773 δύναται
1175 2717 1249 2789 μὴ
1277 2718 1561 2791 παραινεῖν
1586 2712 1818 2787 πονήρα,

253 2815 435 2868 εἴποτε
469 2814 563 2866 καὶ
594 2809 735 2865 καλὰ
762 2808 1101 2882 παραινέσει,
1130 2808 1225 2863 καὶ
1260 2807 1444 2877 ἀγαθὰ
1483 2805 1819 2879 συμϐουλεύ-

254 2924 376 2971 σει;
416 2906 479 2959 Εἰ
517 2904 613 2976 μὲν
640 2903 750 2974 γὰρ
796 2900 1032 2974 ἐροῦσιν,
1067 2902 1149 2954 ὃτι
1193 2900 1403 2970 πέφυκε
1441 2899 1584 2954 καλὰ
1619 2916 1819 2973 παραι-

251 3001 388 3062 νεῖν,
416 2996 513 3049 καὶ
546 2994 722 3064 ἀγαθὰ
748 2992 1155 3065 συμϐουλεύειν,
1176 2993 1360 3048 λύουσι
1390 2993 1549 3048 πάλιν
1585 2992 1674 3047 τὸν
1698 2993 1824 3048 ἑαυ-

253 3087 365 3141 τῶν
388 3087 543 3158 ὅρον·
579 3082 758 3138 οὐκέτι
787 3082 896 3155 γὰρ
937 3083 1174 3154 πονηρὸς
1203 3084 1232 3136 6
1270 3083 1345 3154 μὴ
1375 3086 1586 3155 πονηρά
1624 3100 1826 3154 παραι-

1999 2527 2137 2595 Quia
2173 2542 2300 2583 vero
2352 2528 2523 2599 legem
2575 2528 2880 2584 attribuunt
2920 2532 3086 2596 malo,
3121 2533 3253 2603 quid
3290 2535 3492 2593 dicturi

1930 2628 2078 2685 sunt,
2107 2620 2154 2675 si
2190 2620 2315 2691 quis
2343 2635 2438 2676 eos
2469 2628 2841 2691 percontetur,
2873 2621 2922 2676 si
2961 2623 3138 2680 malus
3179 2626 3319 2682 mala
3363 2644 3496 2684 sus-

1928 2714 2059 2780 det;
2088 2720 2141 2767 et
2189 2728 2298 2767 non
2321 2719 2503 2783 potest
2541 2727 2651 2768 non
2690 2713 2923 2770 suadere
2966 2716 3106 2769 mala
3134 2734 3150 2785 ;
3182 2718 3227 2773 si
3258 2720 3498 2789 quando-

1928 2821 2034 2877 que
2079 2806 2221 2861 bona
2270 2805 2541 2873 suadebit,
2576 2805 2741 2862 etiam
2782 2806 2925 2864 bona
2964 2809 3192 2865 consilia
3221 2810 3408 2867 dabit?
3437 2792 3498 2870 Si

1927 2901 2072 2955 enim
2127 2898 2333 2963 dicant,
2391 2905 2577 2970 aptum
2637 2913 2762 2955 esse
2802 2906 2998 2955 natura
3042 2901 3110 2956 ad
3153 2902 3497 2961 suadendum

1928 2991 2094 3057 bona,
2132 2991 2199 3046 ad
2236 2991 2476 3046 dandum
2517 2991 2659 3047 bona
2705 2992 2956 3057 consilia,
2990 3008 3182 3050 rursus
3225 2994 3498 3053 deﬁnitio—

1930 3098 2055 3139 nem
2090 3098 2246 3139 suam
2288 3082 2524 3137 solvunt.
2570 3080 2689 3137 Non
2722 3083 2866 3138 enim
2899 3084 3014 3154 jam
3061 3086 3238 3143 malus
3268 3099 3375 3154 est,
3402 3089 3498 3160 qui

253 3178 391 3233 νῶν·
441 3176 623 3232 οὐκέτι
667 3175 903 3248 πονηρὸς
950 3177 980 3230 6
1020 3174 1199 3244 ἀγαθὰ
1241 3174 1642 3247 συμϐουλεύων.
1673 3175 1735 3228 Ei
1768 3175 1820 3229 δὲ

1931 3174 2074 3231 bona
2103 3175 2195 3229 dat
2220 3173 2471 3230 consilia.
2515 3170 2611 3228 Sin
2648 3182 2829 3230 autem
2873 3175 3023 3230 nulla
3067 3176 3209 3232 bona
3243 3181 3500 3238 voluntas

251 3268 478 3341 οὐδεμία
502 3268 814 3342 προαίρεσις
841 3267 1019 3339 ἀγαθὴ
1044 3268 1153 3321 ἀπὸ
1174 3271 1410 3341 πονηροῦ
1440 3267 1823 3340 προσέρχεται,

255 3360 417 3425 ποίας
440 3360 644 3427 τάξεως
693 3359 907 3431 ἐροῦσιν
947 3359 1159 3423 ὲκείνας
1199 3359 1298 3423 τὰς
1332 3359 1711 3431 παραινέσειςο
1744 3360 1826 3414 Οὐ

254 3454 610 3525 πορνεύσεις
628 3470 642 3483 ο
672 3454 744 3506 οὐ
755 3452 1100 3522 μοιχεύσεις
1119 3470 1132 3482 ·
1171 3453 1243 3506 οὐ
1277 3452 1555 3521 κλέψεις*
1592 3453 1663 3506 οὐ
1689 3454 1830 3521 ψευ-

253 3542 757 3613 δομαρτυρήσεις;
805 3543 972 3606 Ποίας
1025 3540 1233 3607 τάξεως
1287 3542 1501 3613 ἐροῦσιν
1553 3544 1729 3596 ἐκεῖνο
1767 3542 1828 3596 τὸ

253 3635 667 3716 γεγραμμένονυ
723 3637 804 3690 Οὐ
853 3634 1127 3703 ποιήσεις
1175 3635 1412 3702 σεαυτῷ
1455 3636 1700 3702 εἴδωλα,
1752 3637 1826 3690 οὐ

253 3724 481 3791 παντὸς
502 3727 779 3796 ὁμοίωμα,
801 3726 937 3780 οὔτε
954 3724 1070 3780 ὅσα
1085 3725 1155 3779 ἐν
1168 3724 1248 3791 τῷ
1272 3722 1523 3793 οὐρανῷ,
1551 3724 1690 3779 οὔτε
1711 3723 1829 3778 ὅσα

251 3815 325 3870 ἐν
358 3812 434 3885 τῇ
457 3814 554 3886 γῇ,
598 3817 735 3871 οὔτε
764 3817 881 3871 ὅσα
909 3816 979 3871 ὲν
1002 3815 1128 3883 τοῖς
1158 3814 1375 3879 ὕδασι;
1406 3815 1573 3878 Ποίας
1614 3813 1828 3886 μερίδος

253 3909 488 3981 φήσουσι
525 3908 594 3963 τὰ
639 3909 1064 3981 προστάγματα·
1118 3910 1239 3963 Οὐκ
1288 3906 1679 3977 ἐπιθυμήσεις
1721 3905 1826 3960 τοῦ

244 4000 403 4069 ,βοὸς
429 4001 535 4056 τοῦ
568 4000 834 4076 ἀδελφοῦ
877 4016 1013 4067 σου,
1046 4001 1084 4069 ἢ
1118 4000 1224 4055 τοῦ
1267 3998 1608 4069 ὑποζυγίου,
1636 3998 1676 4067 ἢ
1716 3996 1829 4066 τῆς

251 4092 561 4162 γυναικὸς,
596 4093 634 4163 ἢ
679 4093 903 4160 παντὸς
934 4091 1226 4160 κτήνους;
1253 4092 1316 4145 Εἰ
1363 4090 1460 4162 μὲν
1500 4088 1607 4162 γὰρ
1656 4088 1829 4157 σεμνὰ

251 4185 353 4238 καί⁵
381 4184 498 4239 θεῖα
538 4186 633 4239 καὶ
675 4186 913 4258 ὲράσμια
950 4185 1019 4239 τὰ
1060 4183 1283 4240 τοιαῦτα
1314 4185 1596 4256 φήσουσιν,
1639 4184 1828 4255 ἐντρα-

250 4280 516 4349 πήσονται
546 4277 651 4332 ὑπὸ
676 4277 784 4331 τῶν
815 4278 1188 4350 παραινέσεων
1219 4277 1281 4332 τὸ
1315 4276 1541 4349 μέγεθος
1562 4275 1653 4330 τοῦ
1689 4293 1826 4347 συμ-

249 4368 674 4434 ϐεϐουλευκότος
704 4371 1062 4442 ἠγνοηκότες·
1093 4372 1140 4424 εί
1173 4371 1231 4425 δὲ
1265 4368 1440 4441 φαῦλα
1474 4368 1612 4423 αὐτὰ
1643 4368 1826 4442 ἐροῦσι

248 4463 354 4516 καὶ
373 4462 787 4536 διαϐεϐλημένα,
817 4463 909 4518 καὶ
938 4462 1139 4533 φαῦλόν
1168 4463 1284 4517 ἐστι
1318 4463 1379 4516 τὸ
1419 4462 1493 4535 μὴ
1523 4462 1823 4538 πορνεύειν,

246 4554 352 4608 καὶ
377 4553 577 4624 φαῦλόν
601 4556 715 4609 ἐστι
742 4556 803 4609 τὸ
834 4557 908 4629 μὴ
944 4556 1228 4629 ἐπιθυμεῖν
1255 4556 1566 4626 ἀλλοτρίων,
1592 4555 1686 4609 καὶ
1714 4572 1824 4609 τοις

166 4713 173 4719 θ
245 4646 398 4702 αὔτα
429 4647 545 4701 ἐστι
584 4648 652 4703 τὰ
686 4649 891 4719 φαῦλα·
935 4650 1125 4704 σκόπει
1164 4645 1252 4704 οἷα
1288 4650 1571 4722 νοήσουσιν
1610 4648 1820 4717 ἀγαθάο

248 4742 485 4809 σκόπει,
524 4743 605 4797 ὅτι
628 4744 942 4815 προαγωγοί
973 4746 1077 4798 εἰσι
1114 4743 1221 4799 τῶν
1252 4741 1473 4815 ἡδονῶν,
1506 4743 1598 4796 καὶ
1628 4742 1823 4815 πρόξε-

244 4850 336 4891 νοι
355 4835 464 4888 τῶν
491 4835 741 4901 εἰδώλων,
774 4837 866 4892 καὶ
903 4838 1133 4909 αἰσχρᾶς
1160 4836 1455 4907 ἐπιθυμίας
1487 4835 1706 4909 εὑρεταί
1725 4852 1739 4867 ·
1775 4838 1824 4890 οἱ

241 4926 363 4999 γὰρ
385 4927 475 4982 τὸν
509 4930 672 5001 νόμον
703 4930 1073 4996 διαϐάλλοντες
1105 4931 1245 5002 ὑπὲρ
1285 4930 1511 5003 ἀνομίας
1556 4928 1824 5002 πρεσϐεύ-

240 5038 421 5076 ουσιν.

322 5203 387 5255 Ui
414 5202 503 5258 τὸν
536 5204 699 5276 νόμον
740 5206 831 5261 τὸν
857 5206 956 5271 τὰς
990 5205 1182 5275 ἡδονὰς
1219 5205 1569 5279 ἀναιροῦντα,
1600 5206 1690 5259 τὸν
1724 5206 1821 5279 τὴν

234 5293 468 5366 ἀπάτην
501 5297 853 5364 καταλύοντα,
884 5298 974 5353 τὸν
999 5298 1413 5372 δεισιδαιμονίαν
1443 5298 1822 5372 καταργοῦντα

234 5386 739 5460 ἑξοστρακίζοντες,
781 5390 835 5445 τί
872 5390 1136 5465 ἓτερον,ἢ
1179 5390 1524 5456 είσοικίζουσι
1569 5391 1666 5456 τὰς
1697 5390 1821 5464 ἠδο-

231 5478 347 5545 νὰς
368 5481 462 5535 καὶ
488 5483 801 5557 εἰσφέρουσι
830 5484 927 5549 τὰς
950 5484 1273 5557 ὲπιθυμίας;
1312 5487 1427 5540 Ἰνα
1453 5489 1485 5557 ἡ
1520 5486 1676 5558 ἡδονὴ
1701 5485 1823 5540 ἀνέ-

1926 3284 1993 3325 ac
2034 3268 2356 3325 deliberatio
2395 3284 2426 3322 a
2469 3268 2613 3324 malo
2661 3268 3051 3340 proficiscitur,
3088 3271 3247 3342 cujus
3286 3274 3501 3331 ordinis

1927 3362 2110 3417 dicent
2160 3376 2283 3417 esse
2337 3360 2460 3416 illas
2507 3360 2795 3418 suasiones
2838 3376 2901 3417 ac
2944 3362 3273 3421 monitiones
3317 3386 3329 3420 :
3373 3364 3499 3422 Non

1927 3453 2311 3527 fornicaberis;
2352 3471 2456 3510 non
2500 3452 2864 3517 adulterabis;
2902 3471 3005 3509 non
3043 3455 3247 3525 furtum
3290 3456 3497 3527 facies;

1936 3566 2042 3604 non
2088 3549 2286 3621 falsum
2347 3548 2699 3604 testimonium
2763 3544 2902 3603 dices
2948 3548 3014 3603 ".
3068 3548 3239 3617 Cujus
3287 3549 3499 3606 ordinis

1927 3642 2112 3698 dicent
2153 3656 2277 3698 esse
2304 3641 2461 3704 illud,
2500 3641 2644 3711 quod
2693 3641 2956 3712 scriptum
2992 3651 3077 3697 est
3117 3660 3133 3697 :
3171 3639 3294 3695 Non
3334 3641 3498 3713 facies

1929 3733 2022 3786 tibi
2042 3732 2207 3800 idola,
2240 3748 2330 3787 nec
2358 3732 2521 3787 ullius
2548 3731 2966 3799 similitudinem,
2998 3749 3157 3803 neque
3181 3750 3498 3806 qua'cunque

1928 3826 1981 3879 in
2027 3825 2176 3888 coelo,
2217 3841 2378 3893 neque
2420 3840 2738 3895 quaecunque
2767 3825 2821 3878 in
2852 3835 3012 3891 terra,
3057 3842 3219 3896 neque
3253 3843 3500 3898 qua’cun-

1927 3931 2024 3987 que
2051 3915 2107 3969 in
2138 3916 2290 3986 aquis
2314 3913 2396 3967 "1'
2416 3912 2588 3983 Cujus
2621 3913 2791 3984 partis
2826 3929 2948 3971 esse
2980 3915 3069 3969 illa
3099 3915 3298 3970 dicturi
3324 3923 3453 3972 sunt
3481 3932 3494 3969 :

1930 4006 2053 4062 Non
2091 4008 2423 4077 concupisces
2475 4005 2649 4061 bovem
2688 4005 2877 4076 fratris
2920 4007 3019 4071 tui,
3057 4016 3149 4060 aut
3197 4007 3493 4079 subjugale,

1928 4109 2020 4154 aut
2054 4116 2291 4165 uxorem,
2333 4109 2425 4154 aut
2465 4116 2615 4154 omne
2652 4098 2946 4170 iumentum
2981 4099 3070 4153 ‘9?
3108 4098 3166 4154 Si
3199 4100 3344 4156 enim
3381 4100 3499 4156 haec

1930 4190 2158 4247 honesta
2196 4198 2250 4247 et
2296 4190 2480 4246 divina
2532 4199 2696 4262 atque
2749 4188 3005 4244 amabilia
3058 4203 3182 4245 esse
3236 4188 3498 4251 dixerint,

1928 4284 2061 4356 ipsa
2085 4284 2417 4340 monitiones
2444 4282 2698 4350 efﬁcient,
2723 4290 2783 4338 ut
2812 4298 2871 4339 se
2899 4282 3003 4354 ipsi
3029 4282 3377 4349 erubescant,
3405 4283 3500 4353 qui

1928 4376 2339 4448 amplitudinem
2376 4376 2497 4447 ejus
2543 4377 2638 4448 qui
2673 4376 2920 4441 monuit,
2956 4376 3367 4449 ignoraverunt.
3401 4372 3500 4432 Sin

1928 4486 2057 4528 vero
2078 4469 2315 4526 dixerint
2339 4483 2506 4540 prava
2534 4486 2657 4526 esse
2683 4470 2798 4526 haec
2824 4478 2879 4525 et
2922 4468 2978 4525 in
3008 4468 3257 4537 crimine,
3288 4475 3344 4525 et
3375 4482 3502 4539 pra-
3554 4500 3558 4505 -

1857 4591 1903 4647 υ
1930 4578 2056 4619 vum
2088 4570 2173 4619 est
2210 4576 2319 4617 non
2359 4563 2621 4630 scortari,
2652 4570 2708 4619 et
2740 4577 2966 4634 pravum
3011 4577 3076 4616 ac
3116 4561 3373 4617 vitiosum
3414 4566 3502 4616 est

1932 4670 2041 4711 non
2084 4656 2475 4726 concupiscere
2518 4655 2711 4715 aliena.
2751 4664 2805 4711 et
2848 4653 3161 4726 huju‘smodi
3192 4661 3343 4720 sunt,
3377 4668 3502 4725 qua

1932 4749 2073 4803 mala
2115 4755 2262 4816 sunt,
2295 4749 2538 4816 adverte,
2566 4749 2753 4821 qualia
2785 4748 2930 4803 bona
2974 4762 3100 4804 esse
3145 4745 3498 4817 intelligunt;

1931 4849 1986 4898 et
2009 4843 2282 4914 quomodo
2314 4844 2700 4916 prostitutores
2729 4850 2860 4900 sunt
2889 4842 3250 4913 voluptatum,
3285 4846 3341 4896 et
3362 4853 3500 4895 con-

1937 4935 2218 4993 ciliatores
2240 4936 2531 5003 idolorum,
2557 4950 2621 4992 ac
2649 4936 2889 5007 turpium
2919 4934 3278 5006 cupiditatum
3304 4932 3498 4990 inven-

1932 5033 2099 5082 tores.
2135 5024 2241 5093 Qui
2279 5026 2423 5082 enim
2462 5025 2637 5098 legem
2673 5031 2969 5091 accusant,
3000 5039 3102 5096 pro
3138 5024 3269 5081 vitio
3312 5037 3346 5079 a
3383 5024 3503 5096 lege

1931 5117 2111 5174 alieno
2142 5118 2347 5174 obeunt
2378 5118 2724 5187 legationem.

1999 5205 2103 5274 Qui
2144 5205 2315 5278 legem
2339 5246 2353 5269 ,
2387 5220 2509 5277 qua:
2541 5207 2845 5277 voluptates
2868 5203 3042 5270 tollit,
3074 5218 3197 5276 quas
3227 5201 3498 5258 fallaciam

1926 5299 2139 5362 evertit,
2168 5314 2292 5371 quae
2331 5299 2777 5370 superstitionem
2825 5297 3169 5371 exstinguit,
3218 5295 3497 5368 relegant,

1929 5391 2060 5464 quid
2095 5391 2242 5447 aliud
2276 5391 2484 5447 faciunt
2514 5406 2679 5464 quam
2720 5392 3027 5462 voluptates
3066 5390 3291 5447 domum
3330 5390 3505 5443 intrm

1928 5486 2156 5554 ducunt,
2194 5496 2248 5543 et
2286 5485 2613 5558 cupiditates
2655 5484 2981 5541 accersunt?
3012 5482 3083 5540 Ut
3125 5492 3306 5541 autem
3349 5483 3504 5536 volu-

318 5657 365 5691 δ’
394 5657 551 5733 R83]:
584 5660 843 5733 nun].
914 5660 965 5733 ξ’
1003 5660 1147 5733 Psal.
1187 5677 1274 5718 cui
1302 5704 1318 5727 ,
1354 5662 1402 5715 I.
1482 5662 1528 5695 “
1565 5660 1711 5717 Psal.
1736 5654 1808 5728 ἰι,
1847 5664 1894 5720 7.
1976 5670 2020 5703 ⁸³
2063 5665 2220 5725 Deut.
2257 5683 2421 5732 xvm,
2461 5666 2548 5733 I5,
2588 5663 2673 5721 I8.
2752 5665 2796 5698 “
2835 5663 2941 5723 lsa.
2979 5681 3070 5732 Ix,
3106 5664 3160 5720 6.
3239 5663 3284 5702 ⁸⁷
3328 5660 3501 5718 Exod.

229 5743 349 5796 υ,
385 5728 575 5784 ιιι-16.
648 5730 695 5762 ⁸⁸
737 5730 865 5787 ibid.
899 5730 952 5786 4.
1030 5732 1073 5765 ⁴⁹
1115 5733 1243 5787 ibid.
1284 5734 1370 5788 i7.

570 5822 842 5884 ΡΑτιιοι..
889 5824 1005 5887 Gn.
1058 5824 1285 5887 XVIII.

3104 5822 3186 5883 39
