3984 6212
273 306 413 364 1229

1322 291 1690 351 Αενιῑιιδυε
1722 289 2146 350 MANICHIEOS
2176 291 2306 347 LIB.
2350 292 2436 349 lll.

3355 293 3496 351 12⁸50

273 423 366 479 λον
400 421 619 493 γνώμην
647 418 744 475 καὶ
778 416 1345 490 παρακεχαραγμένην
1368 414 1687 487 ἐσχηκότας.
1713 411 1837 465 Ὅτι

1951 423 2067 465 vero
2117 408 2522 486 accusationem
2567 424 2599 464 a
2636 409 2754 481 lege
2804 408 3216 478 transferamus,
3259 428 3499 484 quorum

275 516 377 588 μὲν
419 508 510 568 οῦν
547 511 669 566 οὐδὲ
698 511 756 565 ἓν
791 511 978 585 μόριον
1013 510 1210 573 κακίας
1253 505 1665 578 ὲπεσπαρμένον
1702 504 1835 575 ἔχει,

169 644 180 653 .
269 604 393 659 οὐδὲ
446 602 629 674 μόριον
674 601 869 666 κακίας
916 598 1250 672 ἀφῃρηκὼς,
1309 597 1494 670 ἑτέρου
1546 594 1833 665 ὲφείσατο·

269 693 407 749 ἀλλά
429 693 665 766 καθαρὸς
689 693 787 765 μὲν
811 695 841 748 6
867 693 1030 763 νόμος
1054 692 1149 746 καὶ
1177 692 1350 760 ἅγιος,
1383 689 1477 743 καὶ
1493 685 1627 742 Θεοῦ
1652 686 1836 757 νόμος,

266 788 299 843 6
330 786 543 851 Παῦλος
574 786 672 859 βοᾷ
692 804 706 818 ·
735 786 874 839 ὥστε
908 787 969 839 '0
996 784 1115 856 μὲν
1133 785 1315 854 νόμος
1345 782 1531 851 ἅγιος,
1557 781 1655 835 καί
1678 780 1716 847 ἡ
1739 778 1836 834 ὲν-

265 879 422 950 τολὴ
461 879 617 951 ἁγία,
646 878 746 933 καί
773 878 991 943 δικαία,
1040 876 1139 931 καί
1165 874 1388 947 ἀγαθή·
1430 874 1542 938 καὶ,
1584 872 1840 942 Οἴδαμεν

265 971 402 1043 τὰρ,
428 971 520 1026 ὅτι
562 973 595 1025 ό
632 970 749 1041 μὲν
775 970 958 1040 νόμος
995 967 1397 1038 πνευματικός
1431 966 1595 1021 ἐστι·
1631 963 1692 1017 τὸ
1732 962 1840 1034 γάρ

264 1064 449 1134 ἅγιον,
493 1062 588 1117 καὶ
624 1061 1005 1135 πνευματικὸν,
1035 1063 1131 1116 καὶ⁵
1163 1060 1365 1131 ἀγαθὸν
1406 1059 1585 1129 πάσης
1616 1055 1842 1119 ἀτοπίας

264 1155 616 1220 ἀπολέλυται,
637 1156 731 1211 καὶ
749 1155 971 1227 οὐδεμιᾷ
986 1154 1187 1226 ἀτοπίᾳ
1219 1152 1501 1223 ἀνέχεται·
1525 1148 1842 1221 σεμνύνεται

265 1251 393 1313 ταῖς
438 1249 679 1320 ἀρεταῖς,
708 1247 801 1302 καὶ
836 1246 1138 1317 διαλέγεται
1170 1245 1248 1317 τῷ
1289 1243 1440 1316 Θεῷ·
1474 1245 1509 1315 ή
1552 1241 1661 1315 γὰρ
1706 1240 1843 1312 πρὸς

265 1339 362 1394 τὸν
386 1339 518 1395 Θεὸν
550 1339 730 1412 ὁμιλία
772 1338 938 1409 ἄλλης
975 1339 1072 1409 μὲν
1098 1337 1303 1403 τάξεως
1330 1337 1431 1390 οὐκ
1463 1334 1732 1405 ἀνέχεται,
1774 1333 1841 1403 τῇ

265 1434 327 1488 δὲ
377 1432 474 1487 τοῦ
515 1434 827 1505 Πνεύματος
873 1431 1188 1505 ῥυθμίζεται
1239 1429 1551 1501 ἐπιστασίᾳ·
1602 1427 1845 1496 Πνεῦμα

264 1525 383 1594 τὰρ
429 1528 464 1579 ό
505 1525 668 1593 Θεὸς,
695 1525 793 1580 καί
832 1524 974 1592 τοὺς
1020 1521 1513 1596 προσκυνοῦντας
1556 1519 1744 1574 αὐτὸν
1771 1518 1844 1571 ἐν

265 1616 565 1685 πνεύματι
595 1617 691 1671 καί
725 1617 973 1686 ἀληθείᾳ
998 1616 1092 1671 δεῖ
1126 1608 1845 1686 προσκυνεῖν.,Πνευμάτι-

266 1708 367 1772 κὸς
386 1708 445 1763 δὲ
478 1709 553 1762 ὣν
576 1710 605 1764 6
630 1709 812 1781 νόμος,
836 1708 934 1780 τὴν
954 1707 1088 1780 πρὸς
1113 1706 1247 1762 Θεὸν
1268 1706 1480 1778 ὁμιλίαν
1504 1700 1846 1774 παρασκευά-

266 1796 384 1864 ζει·
414 1799 512 1854 καὶ
551 1801 600 1854 εί
628 1799 849 1854 δύναται
888 1803 917 1855 6
962 1798 1328 1872 πνευματικὸς
1351 1797 1419 1851 τά
1447 1796 1544 1868 μὲν
1563 1794 1696 1849 ἀλλα
1719 1795 1841 1864 x9!-

1951 1789 2452 1846 sermocinationem
2496 1805 2620 1846 cum
2679 1791 2792 1848 Deo
2842 1802 2998 1864 parat
3055 1813 3070 1863 ;

264 1911 377 1962 ναι,
413 1892 579 1958 αὐτὸς
599 1892 655 1947 δὲ
685 1893 776 1946 ὑπ’
806 1892 1017 1956 οὐδενὸς
1048 1891 1424 1961 ἀνακρίνεται·
1460 1889 1613 1957 πόσῳ
1642 1884 1841 1957 μᾶλλον

261 1988 293 2041 6
311 1986 483 2058 νόμος
510 1988 538 2041 6
566 1985 948 2057 πνευματικὸς,
980 1983 1143 2047 αὐτὸς
1176 1983 1273 2055 μὲν
1296 1981 1510 2035 πάντων
1539 1979 1646 2033 τῶν
1668 1975 1842 2031 ἀλλων

259 2078 392 2141 τοὺς
412 2075 610 2145 λόγους
634 2075 918 2146 ἀνακρῖναι
954 2074 1196 2140 δύναται,
1228 2070 1387 2135 αὐτὸς
1427 2069 1484 2123 δὲ
1516 2068 1610 2123 ὑπ’
1633 2065 1844 2130 οὐδενὸς

256 2165 700 2239 ἀνακριθήσεται
714 2179 733 2233 ;

1939 501 2206 556 sententia
2231 499 2537 556 adulterina
2571 511 2626 556 et
2666 500 2961 571 depravata
2995 509 3102 558 est.
3137 501 3296 568 Quod
3331 506 3499 577 igitur

1938 592 2141 647 nullam
2176 600 2386 664 partem
2415 593 2533 649 vitii
2566 593 2648 649 lex
2681 593 2842 649 habet
2872 594 3276 662 inseminatam,
3322 613 3501 669 neque

1940 691 2146 754 partem
2176 685 2400 742 abstulit
2430 686 2622 751 aliam,
2664 694 2718 742 et
2753 686 2847 742 alii
2889 688 3149 758 pepercit,
3192 688 3288 745 sed
3319 692 3501 761 potius

1938 791 2074 847 pura
2106 785 2191 833 est
2218 778 2303 833 lex
2336 786 2391 833 et
2424 789 2633 847 sancta,
2664 787 2718 834 et
2747 778 2841 836 Dei
2870 781 2991 849 lex;
3019 779 3220 837 Paulus
3251 783 3451 838 clamat
3483 802 3498 838 :

1939 867 2048 923 Lex
2071 868 2276 938 quidem
2298 881 2505 938 sancta,
2532 882 2582 927 et
2612 872 2919 927 mandatum
2944 886 3184 929 sanctum
3203 882 3253 930 et
3269 874 3499 944 justum,

1938 974 1988 1019 et
2013 963 2204 1019 bonum
2239 965 2286 998 "
2318 983 2334 1033 ;
2376 976 2430 1022 et
2467 984 2480 1021 :
2525 965 2734 1023 Scimus
2776 970 2935 1036 enim,
2969 969 3109 1029 quod
3138 968 3222 1022 lea:
3256 968 3504 1037 spiritua-

1943 1056 2008 1112 lis
2043 1067 2122 1113 est
2164 1058 2210 1093 ³³
2246 1077 2260 1114 :
2307 1058 2454 1129 quod
2487 1059 2632 1115 enim
2675 1067 2925 1117 sanctum
2959 1067 3064 1125 est,
3102 1067 3158 1116 et
3197 1061 3501 1132 spirituale,

1941 1155 1996 1202 et
2040 1148 2264 1214 bonum,
2310 1149 2380 1205 ab
2422 1151 2572 1206 omni
2611 1153 2949 1222 turpitudine
2988 1153 3280 1209 liberatum
3313 1163 3419 1222 est,
3449 1160 3507 1210 et

1944 1241 2092 1295 nulla
2139 1242 2300 1311 culpa
2346 1241 2400 1296 in
2447 1257 2514 1297 eo
2550 1244 2738 1309 haeret,
2783 1244 3153 1315 gloriaturque
3184 1245 3504 1311 virtutibus,

1944 1338 2145 1385 etcum
2191 1330 2302 1388 Deo
2338 1333 2598 1402 loquitur.
2629 1335 3027 1391 Sermocinatio
3055 1336 3202 1390 enim
3236 1352 3359 1393 cum
3394 1337 3505 1394 Deo

1944 1437 2052 1477 non
2085 1422 2307 1492 patitur,
2339 1431 2399 1477 ut
2436 1424 2662 1480 alterius
2699 1425 2912 1481 ordinis
2941 1426 3014 1481 sit
3043 1466 3058 1490 ,
3105 1428 3199 1482 sed
3231 1429 3505 1495 guberna-

1946 1512 2093 1568 tione
2137 1512 2374 1583 Spiritus
2416 1516 2590 1569 sancti
2627 1524 2997 1587 temperatur;
3042 1517 3184 1572 Deus
3221 1520 3358 1573 enim
3398 1521 3508 1591 spi-

1946 1605 2082 1659 ritus
2123 1614 2241 1671 est,
2271 1617 2320 1660 et
2345 1607 2433 1677 qui
2470 1623 2587 1661 eum
2619 1607 2866 1673 adorant,
2906 1610 2959 1664 in
2993 1612 3182 1677 spiritu
3213 1621 3261 1665 et
3293 1613 3508 1668 veritate

1947 1707 2148 1767 oportet
2188 1698 2411 1753 adorare
2439 1700 2507 1756 “.
2541 1698 2651 1757 Lex
2684 1710 2864 1757 autem
2912 1718 3035 1758 cum
3079 1705 3376 1774 spiritualis
3413 1710 3505 1771 sit,

3129 1804 3183 1851 et
3230 1798 3274 1852 si
3327 1807 3507 1868 potest

1949 1879 2249 1950 spiritualis
2309 1883 2413 1937 alia
2464 1883 2682 1954 quidem
2738 1884 3015 1955 judicare,
3066 1887 3181 1959 ipse
3241 1897 3420 1945 autem
3473 1904 3506 1944 a

1948 1972 2166 2028 nemine
2210 1973 2490 2042 iudicatur
2532 1994 2545 2030 :
2617 1988 2820 2046 quanto
2860 1978 3033 2048 magis
3081 1979 3165 2034 lex
3208 1980 3510 2051 spiritualis

1950 2067 2128 2130 potest
2154 2061 2372 2132 quidem
2408 2064 2635 2120 aliorum
2664 2066 2906 2121 omnium
2933 2084 3213 2126 sermones
3238 2071 3508 2142 judicare,

1953 2154 2070 2225 ipsa
2098 2170 2228 2211 vero
2257 2170 2287 2210 a
2324 2157 2540 2212 nemine
2560 2157 2929 2228 judicabitur?

1224 2259 1354 2339 Cn.
1385 2280 1475 2338 ιι.
1507 2279 1617 2335 Lex
1638 2293 1846 2335 omnem
1868 2275 1982 2332 vitii
2009 2277 2227 2345 speciem
2257 2276 2495 2334 abstulit.

334 2401 474 2456 Ὅτι
495 2400 552 2455 δὲ
581 2399 676 2453 καὶ
702 2399 807 2453 πᾶν
847 2391 987 2461 εἶδος
1030 2394 1228 2460 κακίας
1261 2394 1463 2460 ἀνεῖλε,
1511 2392 1608 2447 καὶ
1637 2390 1758 2446 οὐδὲ
1788 2389 1846 2443 ἓν

261 2497 470 2571 μόριον
521 2493 798 2565 παρεῖδεν,
844 2490 958 2545 ἀλλ’
1004 2487 1264 2561 ἐπεξῆλθε
1316 2488 1424 2541 πᾶν
1470 2480 1609 2549 εἶδος
1648 2483 1848 2546 κακίας

257 2585 542 2661 ἀναιρῶν,
577 2583 917 2647 ἀνακόπτων,
947 2580 1104 2653 δῆλον
1131 2581 1198 2634 ὲκ
1224 2578 1333 2634 τῶν
1366 2578 1495 2651 περὶ
1525 2576 1623 2647 τῆς
1652 2574 1849 2640 κακίας

256 2683 442 2755 ὅρων,
466 2677 746 2751 τεσσάρων
775 2674 932 2730 είδῶν
957 2673 1123 2728 όντων
1161 2672 1261 2745 τῆς
1293 2672 1511 2736 κακίας,
1540 2668 1849 2742 ἀφροσύνης

258 2781 362 2830 καὶ⁵
390 2768 718 2833 ἀκολασίας,
756 2769 850 2822 καὶ
894 2765 1113 2831 δειλίας,
1162 2764 1259 2819 καὶ
1285 2763 1517 2835 ἀδικίας.
1552 2763 1615 2816 Εί
1662 2760 1760 2831 μέν
1793 2777 1847 2813 τι

261 2866 486 2936 φαυλον
509 2861 593 2935 είη
625 2863 654 2915 6
687 2860 851 2932 νόμος
892 2854 1269 2929 σεσιωπηκὼς,
1301 2854 1495 2927 ἀτελὴς
1514 2853 1543 2907 6
1571 2853 1732 2925 νόμος
1752 2869 1765 2882 ·
1798 2851 1848 2905 εί

265 2957 331 3012 δὲ
376 2952 643 3024 ἐπεξῆλθε
695 2953 789 3007 καὶ
834 2948 1259 3024 ὲπεξεργάσατο,
1304 2949 1411 3003 πᾶν
1462 2944 1600 3011 εἶδος
1649 2944 1849 3009 κακίας

270 3045 648 3122 προαναιρῶν,
689 3044 914 3107 εἰκότως
946 3044 980 3115 ή
1025 3043 1191 3097 κακία
1238 3040 1580 3096 συστέλλεται
1610 3037 1716 3093 ὑπὸ
1752 3035 1848 3091 τοῦ

2021 2385 2177 2455 Quod
2226 2397 2407 2447 autem
2455 2406 2671 2447 omnem
2716 2393 2954 2463 speciem
2996 2393 3115 2450 vitii
3157 2397 3416 2463 sustulit,
3456 2404 3513 2454 et

1950 2483 2155 2538 nullam
2186 2491 2395 2555 partem
2421 2485 2772 2555 praetermisit
2798 2496 2893 2541 aut
2921 2486 3178 2557 neglexit,
3202 2489 3296 2545 sed
3330 2490 3514 2561 potius

1950 2589 2112 2632 omne
2142 2590 2315 2647 genus
2340 2575 2459 2631 vitii
2483 2575 2820 2646 vindicavit,
2864 2578 3064 2636 tollens
3101 2587 3157 2636 et
3186 2581 3514 2639 exscindens

1948 2667 2124 2733 illud;
2179 2676 2396 2725 constat
2435 2683 2503 2724 ex
2545 2669 2756 2741 legibus
2791 2685 2856 2726 ac
2894 2673 3097 2743 regulis
3120 2671 3188 2729 de
3217 2672 3352 2730 vitio
3383 2690 3516 2733 mn-

1953 2757 2182 2823 stitutis,
2215 2759 2376 2830 cujus
2409 2766 2541 2816 sunt
2581 2761 2792 2832 species
2834 2770 3092 2834 quatuor,
3123 2764 3514 2836 imprudentia,

1954 2853 2412 2925 intemperantia,
2452 2853 2761 2922 timiditas,
2817 2866 2869 2913 et
2921 2856 3214 2928 injustitia.
3278 2858 3336 2915 Si
3386 2861 3519 2933 quid

1955 2956 2134 3003 autem
2166 2948 2321 3017 pravi
2361 2948 2444 3004 lex
2486 2948 2822 3016 reticuisset,
2850 2949 3165 3020 imperfecta
3200 2960 3345 3008 esset
3376 2953 3464 3008 lex
3500 2972 3514 3008 :

1958 3038 2046 3095 sin
2093 3054 2224 3095 vero
2270 3047 2332 3094 ut
2371 3055 2562 3099 omnes
2615 3043 2825 3113 species
2870 3043 3126 3115 nequitia:
3173 3046 3517 3117 praecideret,

271 3140 470 3212 νόμου,
513 3138 648 3211 μηδὲ
696 3136 945 3208 λείψανον
983 3134 1127 3206 ἔχειν
1165 3131 1649 3205 συγκεχωρημένη.
1678 3130 1846 3184 Ὅπου

1956 3145 2051 3186 eas
2099 3130 2400 3187 vindicavit
2445 3139 2501 3188 et
2547 3133 2903 3190 retractavit:
2953 3136 3202 3207 sequitur
3249 3138 3441 3194 vitium
3488 3156 3520 3194 a

271 3231 415 3303 γοῦν
450 3228 620 3302 ίσχύει
658 3219 843 3299 νόμος,
872 3227 966 3281 καὶ
1003 3229 1071 3297 τῇ
1103 3223 1281 3278 πειθοῖ
1310 3224 1378 3277 τά
1409 3222 1575 3293 νεῦρα
1619 3220 1852 3283 δίδωσιν,

273 3324 407 3380 οὐδὲ
465 3320 645 3377 νοτίδα
683 3319 883 3382 κακίας
934 3317 1081 3371 ἔστιν
1124 3316 1334 3387 εὑρεῖν·
1367 3316 1503 3368 ὅπου
1548 3313 1605 3367 δὲ
1653 3313 1851 3377 ἀτονεῖ,

270 3412 633 3487 περιέρχεται
655 3411 690 3481 ή
726 3406 956 3479 πονηρία
980 3404 1310 3459 σκυλεύουσα
1327 3405 1422 3458 καὶ
1445 3402 1853 3474 κατανεμομένη

270 3506 370 3559 ἐπ’
397 3501 647 3569 ἐξουσίας
673 3499 982 3570 βαδίζουσα,
1012 3497 1090 3570 τῷ
1112 3495 1407 3567 ἀφυλάκτῳ
1432 3495 1533 3566 τῆς
1551 3494 1730 3567 ψυχῆς
1755 3494 1854 3566 τήν

269 3591 534 3661 ἐξουσίαν
562 3590 859 3663 εὑραμένη.
891 3587 998 3661 Βοᾷ
1025 3588 1134 3661 γάρ
1157 3589 1186 3642 6
1206 3587 1368 3659 νόμος
1388 3604 1400 3617 ·
1419 3588 1496 3640 Et
1521 3588 1556 3641 ὁ
1576 3586 1726 3650 λαός
1735 3602 1854 3654 μου

267 3683 517 3758 ἠκουσέ
534 3700 674 3755 μου,
718 3681 964 3752 Ἰσραὴλ
989 3680 1119 3748 ταῖς
1138 3679 1300 3747 ὁδοῖς
1325 3697 1444 3749 μου
1470 3680 1523 3733 εί
1543 3677 1853 3746 ἐπορεύθη,

268 3780 349 3835 ἐν
376 3777 463 3844 τῷ
483 3775 696 3848 μηδενὶ
715 3774 791 3829 ἂν
815 3774 955 3841 τοὺς
977 3772 1227 3843 ἐχθροὺς
1249 3769 1445 3826 αὐτῶν
1463 3770 1852 3824 ἐταπείνωσα·

268 3872 368 3926 ὅτε
394 3867 506 3942 γὰρ
538 3868 710 3923 πείθει
742 3867 925 3939 νόμος,
966 3864 1170 3937 ἄνευρα
1211 3863 1419 3934 γίνεται
1447 3861 1517 3917 τά
1549 3860 1717 3927 κακά,
1755 3880 1856 3934 χα-

275 3964 384 4037 μαὶ
417 3962 666 4032 κείμενα,
691 3961 785 4014 καὶ
806 3959 939 4031 μηδὲ
967 3958 1282 4029 ἀντωπῆσαι
1297 3959 1362 4028 τῇ
1384 3956 1528 4029 ψυχῇ
1558 3956 1852 4026 δυνάμενα.

270 4057 342 4111 Εί
378 4052 496 4127 γὰρ
530 4054 759 4124 λύχνος
806 4051 928 4117 τοῖς
963 4052 1109 4105 ποσί
1140 4067 1259 4121 μου
1287 4053 1320 4104 ό
1356 4051 1539 4119 νόμος
1574 4065 1711 4117 σου,
1760 4049 1856 4103 καί

270 4145 411 4218 φῶς
446 4143 577 4211 ταῖς
619 4144 838 4213 τρίϐοις
859 4160 1000 4213 μου,
1040 4142 1147 4198 πᾶν
1186 4139 1247 4194 τὸ
1276 4140 1610 4212 πρόσκομμα
1652 4138 1856 4210 ἀνῄρη-

267 4255 391 4303 ται,
429 4234 844 4307 πεφωτισμένης
879 4234 975 4288 καὶ
1017 4231 1271 4303 διαυγοῦς
1296 4231 1396 4302 τῆς
1436 4231 1663 4303 καρδίας
1700 4232 1855 4303 εὑρε-

269 4329 501 4401 θείσης·
530 4327 633 4382 κᾶν
655 4327 766 4399 γὰρ
784 4326 883 4396 τὴν
907 4324 1033 4380 νέαν
1056 4325 1270 4397 εκείνην
1298 4324 1392 4379 καὶ
1424 4322 1715 4396 ὀλισθηρὰν
1756 4322 1855 4395 ἔχῃ

265 4417 523 4491 ἡλικίαν,
542 4415 786 4488 φυλακὴν
811 4415 866 4468 δὲ
890 4414 999 4471 τῶν
1030 4415 1289 4488 ῥημάτων
1313 4415 1550 4488 τηρήσῃ,
1578 4414 1853 4469 ἀδιάπτω-

264 4487 368 4575 τος
399 4507 662 4564 διατελῶν
692 4487 973 4579 βοήσεται·
1022 4487 1116 4558 Ἐν
1153 4506 1267 4559 τίνι
1306 4487 1663 4573 κατορθώσει
1707 4503 1849 4558 νεώ-
1883 4487 1926 4542 Ῑ)

262 4617 453 4669 τερος
481 4597 594 4667 τὴν
634 4596 778 4652 ὀδόν
805 4595 1026 4660 αὑτοῦ;
1066 4595 1137 4650 ἐν
1170 4593 1250 4660 τῷ
1295 4594 1677 4663 φυλάξασθαι
1708 4594 1850 4661 τοὺς

261 4694 504 4763 λόγους
534 4704 672 4743 σου.
711 4689 949 4760 Δύναμιν
980 4687 1036 4741 δὲ
1070 4687 1162 4741 τοῦ
1206 4687 1473 4759 μηδέποτε
1522 4687 1850 4757 σφάλλεσθαι

262 4780 649 4855 πορισάμενος
674 4778 872 4850 ἐαυτῷ,
898 4777 977 4849 τῷ
1004 4776 1263 4850 κρύπτειν
1289 4777 1387 4841 τάς
1420 4776 1513 4830 τοῦ
1554 4777 1720 4849 νόμου
1748 4796 1853 4850 μα-

262 4875 468 4947 θήσεις
503 4873 561 4926 ὲν
608 4874 675 4943 τῇ
722 4870 948 4943 διανοίᾳ,
996 4869 1183 4942 φησίν·
1231 4871 1332 4924 Ἐν
1380 4868 1455 4939 τῇ
1483 4870 1697 4940 καρδίῃ
1731 4889 1850 4943 μου

259 4966 518 5037 ἔκρυψα
545 4963 616 5018 τὰ
636 4962 811 5035 λόγιά
834 4977 970 5026 σου,
1008 4961 1164 5028 ὅπως
1194 4960 1270 5017 ἂν
1297 4962 1377 5033 μὴ
1423 4961 1660 5033 ἁμάρτω
1690 4977 1809 5019 σοι.

338 5139 463 5196 Καὶ
491 5138 632 5193 οὕτω
662 5139 751 5193 τὸν
774 5138 934 5211 νόμον
961 5137 1078 5191 ἀντὶ
1100 5136 1333 5209 φρουροῦ
1357 5137 1452 5191 καὶ
1490 5137 1728 5209 φύλακος
1755 5139 1847 5194 θές

262 5249 465 5305 μενος,
498 5235 715 5304 συνήσει
744 5229 859 5294 πῶς
882 5230 1109 5286 ἕκαστον
1135 5228 1241 5283 τῶν
1264 5229 1493 5284 είδὼλων
1513 5231 1612 5304 τῆς
1646 5233 1845 5299 κακίας

259 5327 293 5378 ὁ
333 5324 506 5393 νόμος
543 5320 863 5375 ἀπελαύνει·
893 5317 1209 5373 ἀπελαύνων
1244 5318 1341 5390 μὲν
1369 5319 1467 5391 τὴν
1509 5321 1843 5393 ἀφροσύνην,

257 5410 358 5465 διὰ
393 5409 491 5463 τοῦ
535 5409 781 5478 λέγοντος
822 5408 1177 5481 γράμματος·
1212 5407 1307 5477 Μὴ
1354 5411 1591 5478 γίνεσθε
1635 5411 1711 5478 ὡς
1745 5413 1843 5467 ἵπ-

259 5515 387 5570 πος
422 5500 522 5555 καί
536 5502 803 5572 ἡμίονος,
825 5499 914 5568 οἷς
932 5504 1044 5556 οὐκ
1064 5501 1196 5556 ἐστι
1217 5503 1469 5570 σύνεσις
1486 5520 1500 5534 ·
1526 5501 1843 5578 ἐξοστρακί-

222 5644 234 5667 ι
261 5719 311 5735 ﬂ
344 5647 398 5735 Ἰ
425 5642 592 5735 ﬁo“):
624 5658 741 5735 νηῇ
760 5642 846 5735 12,
888 5644 965 5735 "'
1003 5643 1256 5735 ιαμβι.
1332 5644 1376 5677 ⁵⁸
1414 5642 1571 5700 Joan.
1606 5662 1680 5711 tv,
1717 5646 1806 5702 24.

1969 5652 2112 5713 Psal.
2151 5674 2313 5729 Lxxx,
2356 5662 2437 5717 lt.
2517 5665 2561 5697 ⁵⁸
2599 5664 2745 5723 Psal.
2778 5680 2968 5735 cxvm,
3004 5664 3125 5722 505.

201 5674 213 5699 δ
345 5674 392 5680 ⁷-
433 5674 589 5700 ιιυιιι.
631 5674 723 5708 VII,
762 5674 846 5703 με.
923 5674 933 5676 ν
1004 5674 1133 5698 ΙυΙυο
1170 5674 1195 5696 ι

260 5719 313 5751 ⁵⁸
358 5715 496 5772 ibid.
539 5716 622 5770 ll.
696 5714 741 5747 ⁵⁹
781 5712 923 5771 Psal.
964 5730 1109 5783 XXXI,
1145 5714 1198 5769 9.

1954 3222 2073 3291 lege
2104 3223 2345 3278 coerceri
2375 3230 2431 3278 et
2459 3223 2706 3294 reprimi,
2741 3241 2863 3296 qua:
2894 3241 3068 3298 neque
3108 3228 3367 3300 reliquias
3398 3231 3520 3301 ejus

1953 3312 2181 3383 patitur.
2222 3312 2329 3369 Ubi
2372 3313 2537 3386 igitur
2576 3316 2721 3372 valet
2759 3324 2814 3373 et
2856 3317 3000 3389 viget
3040 3320 3149 3386 lex,
3177 3328 3233 3377 et
3273 3325 3518 3380 suasioni

1954 3419 2153 3461 nervos
2188 3404 2432 3473 adhibet,
2477 3405 2553 3461 ibi
2596 3422 2775 3478 neque
2807 3407 3004 3466 humor
3045 3410 3161 3466 vitii
3198 3415 3470 3484 reperitur
3502 3435 3518 3471 :

1967 3496 2061 3552 ubi
2098 3505 2279 3554 autem
2316 3496 2649 3565 debilitatur,
2686 3498 3003 3557 obambulat
3041 3503 3282 3574 nequitia
3311 3508 3522 3577 compi-

1955 3588 2075 3647 lans
2111 3598 2166 3647 et
2202 3591 2522 3661 depascens,
2564 3592 2792 3650 licenter
2835 3594 3110 3665 gradiens,
3141 3604 3195 3653 et
3243 3598 3521 3654 licentiam

1954 3689 2116 3737 nacta
2146 3695 2365 3754 propter
2394 3684 2695 3740 custodiam
2730 3687 2927 3743 animas
2952 3689 3274 3761 neglectam.
3311 3690 3522 3748 Clamat

1956 3771 2101 3826 enim
2135 3773 2219 3828 lex
2264 3792 2276 3827 :
2327 3772 2390 3828 Si
2427 3775 2650 3843 populus
2689 3793 2834 3833 meus
2860 3777 3092 3835 audisset
3128 3797 3229 3846 me,
3259 3780 3434 3839 Israel
3462 3784 3521 3838 in

1956 3864 2052 3918 viis
2092 3865 2220 3919 meis
2267 3865 2313 3920 si
2359 3864 2718 3934 ambulassct,
2763 3884 2860 3939 pro
2901 3872 3065 3927 nihilo
3116 3872 3360 3931 inimicos
3403 3875 3520 3947 ejus

1955 3955 2316 4012 Itumiliassem
2367 3959 2436 4015 ⁸⁸.
2481 3960 2618 4016 Cum
2656 3962 2802 4019 enim
2839 3962 2926 4019 lex
2967 3964 3280 4034 persuadet,
3324 3983 3521 4027 nervos

1956 4047 2213 4102 amittunt
2262 4048 2393 4104 vitia
2454 4049 2608 4107 humi
2652 4052 2925 4123 iacentia,
2973 4071 3093 4127 quae
3135 4073 3235 4116 nec
3281 4061 3521 4118 animam

1956 4153 2021 4194 ex
2052 4138 2280 4196 adverso
2309 4141 2509 4197 intueri
2534 4153 2785 4215 possunt.
2809 4144 2868 4202 Si
2893 4149 3037 4203 enim
3063 4149 3278 4207 (uerna
3303 4154 3520 4223 pedibus

1956 4232 2083 4286 meis
2109 4232 2192 4286 lea:
2221 4243 2333 4296 tua,
2360 4243 2409 4289 et
2430 4235 2608 4293 lumen
2634 4239 2835 4296 semitis
2858 4241 2987 4296 meis
3013 4241 3084 4306 ⁸⁸,
3138 4244 3319 4302 omnis
3347 4246 3520 4304 oil‘en-

1956 4322 2039 4378 sio
2084 4324 2300 4379 sublata
2346 4333 2451 4393 est,
2499 4328 2804 4387 illuminato
2846 4333 3012 4389 corde
3050 4342 3105 4390 et
3157 4337 3518 4407 splendente;

1956 4414 2061 4469 etsi
2106 4415 2254 4470 enim
2307 4419 2431 4489 quis
2474 4427 2635 4478 tetate
2693 4422 2785 4477 illa
2853 4424 3237 4484 adolescentiae
3308 4430 3518 4486 lubrica

1956 4505 2049 4570 sit,
2090 4507 2396 4564 custodiam
2439 4522 2620 4569 tamen
2664 4514 2955 4572 verborum
3000 4527 3287 4576 conservet
3333 4537 3521 4592 perse-

1954 4611 2150 4651 verans
2191 4609 2427 4665 erectus,
2476 4602 2733 4658 clamabit
2778 4623 2793 4659 :
2837 4603 2905 4660 In
2934 4622 3035 4678 quo
3079 4609 3293 4679 corrigit
3340 4611 3521 4665 adole-

1965 4690 2197 4744 scentior
2262 4693 2401 4748 viam
2466 4700 2667 4752 suam?
2726 4699 2779 4752 in
2849 4699 3187 4755 custodiendo
3258 4718 3518 4760 sermones

1955 4789 2072 4835 tuos
2121 4782 2190 4838 ".
2252 4783 2421 4842 David
2489 4790 2817 4860 comparatis
2870 4791 2975 4848 sibi
3023 4792 3234 4851 viribus
3284 4794 3351 4849 ad
3406 4811 3517 4853 non

1954 4872 2268 4943 labentium,
2302 4879 2552 4936 abdendo
2582 4881 2636 4936 in
2668 4891 2849 4939 mente
2881 4883 3202 4956 disciplinas
3227 4885 3362 4959 legis
3391 4887 3519 4943 aie-

1953 4962 2047 5019 hat
2088 4984 2101 5019 :
2149 4965 2216 5021 In
2259 4969 2415 5025 corde
2457 4988 2569 5028 meo
2614 4972 2865 5032 abscondi
2902 4976 3112 5033 eloauia
3159 4987 3271 5044 tua,
3312 4986 3369 5032 ut
3412 4995 3518 5035 non

1950 5071 2152 5126 peccem
2180 5060 2274 5115 tibi
2301 5062 2367 5119 ⁸⁸.

2021 5151 2198 5222 Atque
2240 5154 2313 5208 ita
2339 5154 2432 5225 qui
2461 5156 2631 5227 legem
2663 5172 2761 5226 pro
2802 5158 3032 5215 custode
3060 5159 3389 5227 adhibuerit,
3422 5163 3515 5216 in-

1951 5240 2174 5313 telligit.
2226 5247 2499 5315 quomodo
2550 5248 2638 5303 lex
2669 5248 2913 5321 singulas
2947 5251 3158 5322 species
3188 5253 3304 5306 vitii
3348 5253 3518 5324 abigit

1952 5336 2006 5385 et
2036 5329 2205 5401 ejicit.
2258 5334 2681 5406 lmprudentiam
2729 5336 2947 5407 quidem
2995 5355 3091 5410 per
3134 5338 3512 5411 Scripturam,

1949 5436 2071 5490 quae
2092 5424 2168 5477 ait
2191 5443 2205 5479 :
2232 5424 2411 5486 Nolite
2442 5429 2559 5497 ﬁeri
2589 5429 2724 5484 sicut
2742 5446 2901 5501 equus
2916 5439 2966 5485 et
2986 5431 3184 5500 mulus,
3205 5431 3391 5503 quibus
3409 5450 3514 5488 non

1948 5523 2024 5566 est
2044 5514 2335 5574 intellectus
2366 5519 2433 5575 ".
2487 5520 2854 5579 Timiditatem
2876 5538 3005 5579 vero
3026 5538 3123 5595 per
3145 5522 3510 5597 Scripturam,

3202 5666 3246 5700 ⁸⁷
3287 5666 3421 5727 ibid.
3456 5667 3513 5729 θ
