3984 6212
536 333 672 392 1231

1675 331 1806 386 TITI
1847 331 2268 390 BOSTRENSIS
2304 332 2611 389 EPISCOPI

3615 336 3747 391 1‘52

528 464 649 524 qua:
679 446 859 503 dicit:
895 457 976 499 ιη
1024 446 1295 509 tmmeris,
1353 461 1473 500 cum
1503 446 1660 518 .dives
1699 448 1871 517 factus
1927 450 2069 520 fuerit

2187 449 2294 515 ζων
2338 449 2394 503 δὲ
2446 450 2547 521 τὴν
2590 448 2789 502 δειλίαν
2834 449 2923 503 διὰ
2974 448 3069 505 τοῦ
3115 450 3366 520 λέγοντος
3411 448 3629 519 λογίου·
3656 454 3751 521 Μὴ

525 542 678 598 homo
710 540 755 570 "
800 555 813 591 :
866 552 928 591 ne
985 535 1457 606 timeas'probrum
1507 537 1806 605 hominum,
1856 552 1903 595 et
1950 543 2083 597 uitu-

525 631 790 703 peratione
835 644 1016 683 eorum
1070 645 1133 682 ne
1184 630 1411 684 uincaris
1453 636 1472 682 :
1523 640 1573 684 et
1618 632 1740 686 time
1776 631 1985 699 Deum,
2035 643 2084 688 et

524 722 718 779 valebis
745 732 765 784 ,'
791 730 999 791 propter
1025 722 1194 790 ipsum
1223 730 1395 777 autem
1419 740 1481 777 ne
1507 724 1671 778 alium
1689 724 1892 780 timeas.
1924 725 2084 780 Timi-

523 817 696 872 ditate
728 815 818 870 hic
855 815 1025 886 ejecta
1064 824 1116 869 et
1151 820 1399 879 extrusa,
1431 822 1486 870 et
1512 816 1711 871 robore
1741 816 1997 887 imposito
2018 831 2082 872 ac

525 906 842 963 fortitudine
888 906 1155 971 immissa,
1187 905 1269 961 lex
1304 907 1541 962 clamat:
1589 906 1779 963 Justus
1830 919 2081 981 tanquam

523 1000 602 1054 leo
630 996 1050 1068 conﬁdit",qui
1086 1010 1192 1049 non
1239 996 1389 1050 timet
1435 1010 1607 1067 neque
1646 996 1830 1052 horret
1874 997 2081 1067 jumen-

521 1102 661 1149 tum.
701 1090 922 1145 Duabus
971 1088 1216 1158 partibus
1266 1088 1384 1143 vitii
1431 1089 1681 1154 sublatis,
1715 1089 2077 1159 imprudentia

522 1192 577 1237 et
606 1180 916 1243 timiditate,
939 1180 1100 1235 simul
1118 1179 1259 1234 tollit
1284 1179 1778 1250 intemperantiam,
1792 1181 2075 1254 inquiens:

524 1270 649 1326 Non
671 1270 1036 1342 fornicaberis,
1059 1285 1160 1323 non
1182 1267 1514 1323 mwcltaberis
1532 1270 1599 1325 “.
1623 1269 1729 1326 Ubi
1754 1271 2079 1326 cohibentur

520 1364 975 1435 perturbationes,
1004 1361 1216 1417 frenum
1273 1362 1644 1432 temperantiae
1681 1362 1738 1418 in
1788 1372 1970 1420 mente
1992 1381 2077 1421 re-

521 1458 761 1527 peritur;
800 1471 862 1511 ac
894 1455 1069 1510 tribus
1093 1453 1408 1517 exstinctis,
1465 1455 1765 1527 exstinguit
1791 1457 1954 1513 etiam
1992 1458 2077 1514 in-

515 1550 786 1618 iustitiam
819 1565 833 1601 :
868 1547 990 1603 Non
1016 1548 1176 1618 facies
1215 1546 1311 1600 tibi
1332 1545 1565 1616 pondera
1596 1563 1758 1618 parva
1777 1560 1831 1606 et
1849 1568 2073 1623 magna;

516 1640 744 1709 pondera
763 1641 916 1711 justa
941 1654 990 1699 et
1017 1646 1243 1717 aquatio
1264 1647 1372 1701 sint
1400 1645 1496 1701 tibi
1518 1646 1583 1702 ⁸³.

2186 540 2393 609 φοϐοῦ,
2423 540 2569 595 ὅταν
2597 539 2913 610 πλουτήσῃ
2932 541 3261 609 ἅνθρωπος,
3283 540 3369 611 μὴ
3388 539 3579 611 φοϐοῦ
3607 543 3755 597 tiret-

2185 631 2404 701 δισμὸν
2444 631 2787 700 ἀνθρώπων,
2821 632 2917 686 καί
2958 633 3038 699 τῷ
3079 633 3397 704 φαυνῑισμῷ
3428 634 3633 688 αὐτῶν
3664 636 3751 704 μὴ

2181 722 2369 791 ήττῶ·
2402 723 2499 777 καί
2531 724 2720 793 φοϐοῦ
2759 725 2868 779 τὸν
2902 727 3069 789 Θεὸν,
3105 726 3201 780 καὶ
3242 727 3548 795 ίσχύσειςν
3579 727 3753 793 πλὴν

2180 813 2366 869 αὐτοῦ
2389 816 2476 884 μὴ
2505 815 2694 885 φοϐοῦ
2724 816 2932 872 ἄλλον.
2978 818 3235 871 Ἐνταῦθα
3274 818 3383 889 γὰρ
3410 820 3511 890 τὴν
3549 818 3750 872 δειλίαν

2179 907 2624 976 ἀποσεισάμενος,
2665 907 2762 961 καὶ
2802 909 2901 979 τὴν
2934 906 3126 979 ῥώμην
3167 908 3371 974 ἐνθεὶς,
3397 910 3493 962 καὶ
3521 910 3620 982 τὴν
3652 912 3745 965 ἀν-

2179 1000 2360 1071 δρείαν
2387 1000 2657 1072 ἐμϐαλὼν,
2694 999 2796 1072 βοᾷ
2816 1016 2831 1030 ’
2865 1000 3099 1067 Δίκαιος
3137 1001 3213 1066 ὡς
3243 1000 3402 1055 λέων
3439 1000 3743 1066 πέποιθεν,

2179 1094 2256 1158 ὡς
2295 1095 2356 1146 οὐ
2404 1094 2683 1165 φοϐεῖται,
2718 1093 2838 1146 οὐδὲ
2883 1091 3218 1164 καταπτήσει
3259 1093 3477 1163 κτῆνος.
3528 1094 3643 1146 Καὶ
3681 1094 3747 1148 τα

2175 1187 2270 1240 δύο
2314 1186 2426 1255 είδη
2474 1185 2573 1256 τῆς
2614 1185 2813 1249 κακίας
2850 1182 3177 1256 ἀνῃρηκὼς,
3205 1183 3519 1256 ἀφροσύνην
3562 1201 3625 1237 τε
3659 1186 3746 1238 καὶ

2175 1278 2398 1343 δειλίαν,
2450 1280 2760 1347 συναναιρεῖ
2801 1277 2895 1331 καὶ
2928 1276 3027 1349 τὴν
3059 1276 3351 1330 ἀκολασίαν
3370 1317 3385 1339 ,
3416 1275 3627 1344 λέγων’
3668 1279 3745 1329 Οὐ

2176 1372 2528 1442 πορνεύσεις
2549 1409 2563 1434 ,
2604 1371 2676 1423 οὐ
2716 1369 3083 1439 μοιχεύσεις.
3130 1368 3297 1421 Ὅπου
3344 1366 3415 1420 τά
3460 1366 3606 1437 πάθη
3650 1383 3743 1419 σν-

2177 1464 2485 1527 στέλλεται,
2516 1461 2729 1534 χαλινὺς
2764 1460 3115 1533 σωφροσύνης
3152 1461 3211 1513 ἐν
3247 1463 3313 1531 τῇ
3357 1458 3569 1527 διανοίᾳ
3596 1459 3745 1528 εὑρί-

2175 1571 2365 1610 σκεται
2389 1571 2402 1584 ·
2434 1554 2529 1606 καὶ
2559 1550 2668 1605 τῶν
2690 1550 2855 1622 τριῶν
2886 1550 3361 1625 συνανῃρημένων,
3398 1551 3613 1620 ἀναιρεῖ
3648 1549 3741 1602 καὶ

2171 1632 2271 1714 τὴν
2302 1642 2515 1697 ἀδικίαν
2534 1656 2549 1670 ⁸
2581 1643 2664 1695 Οὐ
2697 1639 2969 1707 ποιήσεις
2999 1638 3233 1705 σεαυτῷ
3264 1640 3525 1709 σταθμία
3556 1639 3744 1709 μικρά

2172 1735 2271 1790 καί
2285 1732 2518 1805 μεγάλα
2541 1749 2555 1764 ⁸
2577 1733 2836 1801 σταθμία
2860 1731 3059 1786 δίκαια
3073 1732 3169 1787 καί
3195 1733 3301 1787 ῑσα
3323 1732 3596 1786 ἔστωσαν
3611 1747 3733 1787 σοι.

583 1905 758 1975 Atque
780 1903 853 1957 ita
875 1902 1105 1974 singulis
1127 1903 1375 1974 partibus
1396 1902 1649 1975 nequitiae
1675 1901 1888 1968 deletis,
1917 1900 2069 1957 solu-

2240 1887 2349 1943 Καὶ
2380 1885 2544 1950 οὕτω,
2575 1882 2683 1939 τῶν
2719 1886 2818 1957 τῆς
2847 1884 3044 1948 κακίας
3086 1885 3469 1957 ἀνῃρημένων,
3500 1886 3538 1955 ἡ
3568 1902 3741 1955 πονη-

512 2004 567 2050 ta
588 2003 672 2050 est
692 1994 957 2064 nequitia,
982 2009 1103 2065 quae
1136 2010 1242 2050 non
1283 2002 1462 2065 potest
1490 1995 1724 2065 amplius
1749 1993 2068 2051 obambula-

514 2087 656 2141 rein
691 2094 887 2141 mente.
917 2085 1065 2152 Quas
1102 2087 1266 2158 igitur
1303 2085 1421 2142 vitii
1450 2086 1658 2156 species
1687 2102 1797 2141 non
1846 2086 2067 2142 sustulit

512 2176 632 2231 lex?
662 2191 800 2247 quas
827 2184 1011 2247 partes
1038 2179 1334 2249 voluptatis
1369 2193 1476 2235 non
1498 2177 1805 2234 destruxit?
1835 2192 1971 2249 quas
1996 2177 2067 2231 tio

513 2265 806 2333 miditates,
828 2281 965 2337 quas
1012 2266 1406 2338 imprudentias
1451 2283 1560 2323 non
1593 2283 1769 2339 usque
1794 2268 1930 2324 adeo
1956 2267 2069 2323 vin-

512 2357 714 2413 dicavit
748 2358 944 2415 tollens
984 2359 1337 2428 voluptatem,
1364 2367 1423 2414 ut
1465 2360 1628 2416 etiam
1665 2374 1853 2415 curam
1883 2360 2068 2415 oculo-

511 2464 633 2504 rum
668 2449 938 2514 habuerit,
970 2451 1235 2507 auditioni
1266 2468 1372 2508 non
1404 2453 1727 2524 pepercerit,
1750 2462 1804 2508 et
1827 2453 2070 2524 linguam

508 2556 618 2597 non
654 2542 990 2613 neglexerit?
1015 2541 1180 2598 Posui
1204 2545 1342 2599 enim
1382 2545 1548 2599 oculis
1589 2546 1719 2599 meis
1749 2546 2064 2612 custodiam,

508 2644 560 2689 et
584 2649 685 2688 non
716 2634 1005 2703 intelligam
1047 2650 1202 2703 super
1223 2636 1469 2706 virginem
1513 2636 1581 2690 “.
1632 2634 1863 2691 Sanctus
1895 2651 2067 2706 usque

425 2761 432 2770 -
510 2726 579 2782 ad
625 2740 809 2781 curam
863 2726 1145 2780 oculorum
1198 2726 1477 2797 procedit,
1536 2742 1603 2781 ne
1650 2727 1898 2797 voluptas
1948 2729 2067 2782 ani-

507 2832 652 2873 mam
684 2817 950 2882 titillans,
999 2832 1118 2872 eam
1154 2818 1219 2871 ad
1263 2819 1758 2887 concupiscendum
1809 2818 2061 2875 adducat.

507 2906 663 2963 Alius
689 2916 912 2963 sanctus
942 2908 1212 2963 clamabat
1243 2926 1256 2961 :
1301 2906 1384 2963 Ne
1412 2909 1802 2980 circumspicias
1835 2912 2066 2981 pulchri-

510 2999 741 3053 tudinem
770 2999 1015 3065 alienam,
1050 3016 1111 3054 ne
1133 2999 1369 3069 voluptas
1391 3018 1508 3054 cum
1536 3002 1842 3057 vestibulum
1873 3005 2066 3059 anima:

509 3089 722 3159 ceperit,
751 3102 890 3157 spem
919 3089 1180 3160 ingressus
1222 3090 1502 3159 concipiat,
1533 3092 1766 3160 quinimo
1820 3110 1853 3146 a
1880 3092 2064 3163 januis

2175 1981 2263 2055 ρία
2305 1978 2553 2040 λέλυται,
2591 1976 2786 2048 μηκέτι
2843 1974 3175 2047 ἐμϐατεῦσαι
3219 1978 3285 2046 τῇ
3322 1975 3535 2046 διανοίᾳ
3578 1976 3743 2028 δυνα-

2174 2072 2330 2144 μένη.
2364 2072 2500 2125 Ποῖα
2524 2066 2618 2125 οὖν
2647 2070 2749 2142 ἤδη
2776 2069 3001 2132 ἀτοπίας
3035 2068 3135 2121 οὐκ
3182 2066 3452 2139 ἀνῄρησεν
3477 2071 3508 2120 ό
3540 2068 3744 2137 νόμοςς

2171 2166 2300 2217 ποία
2337 2162 2478 2235 μέρη
2515 2161 2711 2233 ἡδονῆς
2755 2161 2816 2213 οὐ
2848 2159 3068 2226 λέλυκε;
3107 2158 3265 2221 ποίας
3300 2158 3534 2224 δειλίας,
3579 2158 3746 2222 ποίας

2169 2251 2478 2325 ἀφροσύνας
2522 2252 2621 2304 οὐκ
2668 2250 2761 2303 ἐπὶ
2804 2247 3055 2302 τοσοῦτον
3093 2246 3353 2317 ἐπεξῆλθε
3398 2247 3499 2317 τὴν
3544 2247 3747 2319 ἡδονὴν

2169 2345 2406 2417 ἀναιρῶν
2427 2384 2442 2410 ,
2469 2344 2545 2408 ὡς
2582 2343 2676 2396 καὶ
2702 2342 2809 2395 τῶν
2839 2340 3104 2413 ὀμμάτων
3149 2339 3587 2410 ὲπιμελήσασθαι
3605 2381 3622 2403 ,
3652 2341 3749 2394 καὶ

2167 2438 2266 2509 τῆς
2296 2439 2465 2509 ἀκοῆς
2507 2435 2580 2507 μὴ
2613 2434 2921 2504 φείσασθαι,
2952 2433 3046 2487 καὶ
3082 2431 3183 2503 τῆς
3224 2431 3481 2501 γλώσσης
3507 2433 3585 2503 μὴ
3611 2434 3747 2502 ημεο

2168 2529 2389 2602 ληκέναι
2413 2544 2428 2595 ;
2475 2527 2728 2598 Ἐθέμην
2764 2527 2873 2598 γὰρ
2900 2525 3025 2592 τοῖς
3056 2523 3381 2594 ὀφθαλμοῖς
3396 2542 3523 2594 μου
3549 2527 3748 2593 φυλα-

2170 2620 2309 2691 κὴν,
2346 2621 2444 2676 καὶ
2484 2622 2555 2675 οὐ
2594 2619 2680 2690 μὴ
2709 2618 2962 2687 συνήσω
2992 2618 3092 2671 ἐπὶ
3134 2616 3454 2686 παρθένον.
3499 2618 3557 2671 '0
3590 2617 3746 2685 ἅγιος

2175 2711 2335 2784 μέχρι
2372 2709 2481 2763 τῶν
2521 2709 2783 2781 ὀμμάτων
2831 2708 3018 2777 φθάνει
3041 2725 3056 2739 ο
3101 2709 3186 2763 ἵνα
3223 2706 3298 2778 μὴ
3337 2707 3744 2776 γαργαλίζουσα

2169 2802 2268 2875 τὴν
2303 2801 2481 2873 ψυχὴν
2527 2801 2690 2872 ἡδονὴ
2731 2800 2812 2863 εἰς
2858 2800 3144 2870 σκελισμὸν
3181 2801 3280 2871 τῆς
3320 2798 3614 2869 ἐπιθυμίας
3645 2798 3745 2851 ἀν.

2169 2893 2371 2965 αγάγῃ.
2417 2894 2641 2968 Ἕτερος
2672 2892 2779 2946 τῶν
2829 2893 2995 2961 ἁγίων
3031 2892 3194 2945 ἐϐόα·
3236 2890 3333 2959 Μὴ
3376 2891 3743 2959 περιόλέπῃς

2170 2987 2397 3053 κάλλος
2434 2988 2773 3055 ἀλλότριον,
2803 2986 2902 3039 ἵνα
2938 2984 3021 3056 μὴ
3060 2983 3271 3052 ἡδονὴ,
3301 2983 3460 3053 μηδὲ
3493 2985 3569 3037 τὰ
3600 2983 3744 3051 πρό-

2168 3082 2323 3147 θυμα
2364 3078 2475 3148 τῆς
2498 3076 2704 3148 ψυχῆς
2747 3077 3040 3142 λαϐοῦσα,
3081 3076 3301 3132 ἐλπίδα
3338 3073 3447 3143 τῆς
3492 3073 3743 3127 εἰσόδου

510 3179 719 3249 repulsa
750 3159 988 3235 insidias
1028 3196 1154 3234 suos
1202 3180 1433 3251 desperet
1464 3159 1933 3254 “.Progrediens
1964 3201 2066 3241 au-

2170 3169 2437 3239 λαμόάνῃ
2458 3187 2473 3201 ο
2499 3168 2659 3222 ἀλλὰ
2680 3167 2775 3221 καί
2803 3164 2921 3220 τῶν
2947 3165 3141 3234 θυρῶν
3169 3161 3527 3219 ἀπειαθεῖσα
3550 3159 3745 3215 ἀνέλ-

510 3281 618 3327 tem
648 3270 716 3325 ad
748 3285 908 3326 aures
956 3279 1011 3325 et
1065 3272 1131 3326 ad
1166 3271 1418 3342 linguas,
1466 3272 1656 3343 vigiles
1704 3281 1759 3329 et
1816 3276 2067 3333 custodes

510 3362 765 3417 membris
791 3361 1054 3432 praefecit,
1085 3376 1192 3417 non
1224 3361 1422 3417 cedens
1466 3363 1585 3418 loco
1634 3378 1765 3429 suo,
1812 3365 1941 3436 quin
1971 3380 2069 3436 po—

509 3456 619 3510 tius
645 3455 881 3510 clamat:
919 3454 1089 3520 Pone,
1129 3453 1349 3508 Domine
1368 3495 1383 3522 ,
1411 3454 1707 3510 custodiam
1734 3458 1816 3511 ori
1847 3475 1958 3513 meo
1988 3459 2064 3526 “;

509 3563 578 3604 ue
607 3562 788 3604 sermo
809 3547 984 3616 turpis
1006 3547 1125 3602 sine
1152 3548 1382 3602 utilitate
1414 3549 1650 3605 emissus
1674 3590 1689 3616 ,
1747 3550 2068 3606 invitamen-

507 3650 623 3696 tum
658 3640 954 3711 voluptatis
992 3639 1169 3709 turpia
1222 3639 1465 3711 loquenti
1520 3641 1797 3713 adjungal.
1849 3641 2065 3699 Habens

510 3744 769 3806 praeterea
808 3748 995 3788 curam
1032 3732 1341 3788 lumborum
1367 3772 1382 3797 ,
1426 3734 1781 3804 praedicavit,
1811 3750 1880 3791 ne
1913 3750 2066 3793 mens

510 3827 619 3882 huc
649 3835 702 3883 et
737 3827 871 3881 illuc
902 3827 1099 3897 agitata
1130 3827 1306 3881 vincta
1348 3836 1511 3885 esset.
1564 3826 1826 3898 Praecepit
1876 3828 2062 3884 enim:

510 3916 600 3973 Sic
620 3916 897 3971 comedetis
918 3915 1133 3986 pascha,
1160 3915 1323 3969 lumbi
1343 3919 1502 3971 vestri
1525 3928 1675 3972 erunt
1694 3918 1961 3988 pra’cincti
1988 3917 2061 3968 "t

509 4022 580 4065 ne
606 4009 653 4065 si
685 4008 926 4063 membra
954 4008 1188 4064 habeant
1239 4007 1527 4077 discincta,
1556 4009 1702 4065 facili
1758 4018 1909 4065 motu
1942 4024 2067 4082 pre-

508 4099 744 4156 hendere
775 4098 1081 4170 possimus;
1135 4113 1328 4155 rursus
1369 4116 1498 4156 vero
1544 4101 1599 4156 in
1628 4102 1710 4157 sic
1755 4100 2066 4173 praeinctis

508 4188 771 4259 optimum
806 4188 1054 4244 ordinem
1097 4188 1166 4244 ad
1213 4203 1303 4245 res
1335 4190 1597 4252 gerendas
1639 4200 1694 4246 et
1740 4191 1809 4246 ad
1849 4192 2064 4260 negotia

508 4280 865 4351 reperiamus.

2167 3277 2384 3317 πίσινον
2424 3259 2539 3328 τὴν
2574 3257 2905 3326 ἐπιϐουλὴν
2953 3256 3084 3326 ἔχῃ.
3129 3255 3344 3309 Φθάνων
3385 3253 3441 3307 δὲ
3487 3252 3583 3304 ἐπὶ
3628 3250 3742 3314 τὰς

2167 3353 2337 3416 ἀκοὰς
2364 3353 2459 3406 καὶ
2488 3353 2566 3417 είς
2599 3352 2698 3415 τὰς
2729 3349 3003 3419 γλώττας,
3043 3347 3313 3421 φρουροὺς
3355 3345 3448 3398 καὶ
3482 3344 3744 3412 φύλακας

2166 3448 2258 3502 καὶ
2300 3449 2411 3509 τοῖς
2460 3443 2676 3516 μέλεσιν
2729 3441 2996 3514 ἐπέθηκε,
3028 3440 3191 3493 τόπον
3241 3436 3371 3490 ἴδιον
3416 3437 3494 3507 μὴ
3534 3435 3739 3497 διδοὺς,

2165 3539 2278 3594 ἀλλ’
2302 3538 2432 3591 ἐϐόα
2449 3554 2463 3567 ο
2501 3536 2640 3601 Θοῦ,
2668 3537 2866 3605 Κύριε,
2897 3531 3180 3603 φυλακὴν
3207 3528 3289 3595 τῷ
3314 3528 3567 3598 στόματί
3585 3543 3707 3597 μου
3723 3543 3738 3554 °

2165 3631 2253 3685 ἵνα
2284 3628 2416 3702 μηδὲ
2449 3626 2648 3691 ἄτοπος
2683 3626 2840 3695 λόγος
2878 3625 3000 3695 δίχα
3038 3622 3132 3676 τοῦ
3164 3620 3444 3691 ὠφελίμου
3484 3618 3745 3691 προεξελ-

2166 3722 2273 3777 θὼν
2303 3722 2494 3792 ἡδονῆς
2527 3719 2716 3791 δέλεαρ
2748 3718 2826 3789 τῷ
2855 3717 2924 3771 τὰ
2970 3714 3168 3786 αἰσχρά
3210 3712 3570 3782 φθεγγομένῳ
3607 3726 3744 3781 προ-

2165 3815 2383 3887 ξενήσῃ.
2421 3810 2838 3883 Ἐπιμελόμενος
2890 3807 2948 3861 δὲ
2985 3807 3079 3861 καὶ
3119 3804 3220 3874 τῆς
3252 3802 3492 3873 ὀσφύος,
3528 3801 3625 3855 τοῦ
3664 3800 3744 3871 μὴ

2164 3899 2264 3960 ὧδε
2312 3905 2471 3959 κάκεῖ
2524 3901 2826 3955 σεισθεῖσαν
2866 3898 2965 3970 τὴν
3010 3898 3247 3951 διάνοιαν
3300 3894 3529 3964 δεσμίαν
3573 3889 3738 3957 εἶναι,

2165 3996 2530 4068 προενοήσατο
2561 3989 2954 4063 παραγγέλλων
2971 4002 2987 4019 ο
3027 3987 3189 4041 Οὕτω
3226 3982 3486 4053 sedat-scrtis
3519 3979 3589 4032 τὸ
3615 3978 3741 4032 .τά-

2165 4102 2289 4158 σχα
2307 4125 2322 4151 ,
2356 4088 2416 4141 αι
2449 4083 2675 4153 ὀσφύες
2709 4080 2877 4151 ὑμῶν
2923 4074 3370 4148 περιεζωσμέναι
3393 4088 3406 4101 ·
3457 4071 3538 4122 ἵνα
3587 4068 3737 4138 μηδὲ

2163 4179 2232 4235 τὰ
2265 4178 2398 4251 μέλη
2440 4176 2656 4241 ἀζωστα
2696 4174 2908 4246 ἔχοντες
2942 4174 3008 4242 τῇ
3054 4169 3214 4241 ῥᾳδία
3257 4167 3455 4235 κινήσει
3493 4177 3734 4215 κατεπιο

2165 4271 2533 4343 χειρήσωμεν,
2558 4266 2671 4321 ἀλλ’
2700 4265 2842 4319 οὕτω
2882 4260 3231 4332 διεζωσμένοι
3269 4256 3413 4321 τάξιν
3448 4254 3545 4324 τὴν
3582 4251 3734 4323 πρὸς

2166 4364 2235 4418 τὰ
2255 4361 2553 4434 πράγματα
2585 4357 2815 4431 ἀρίστην
2838 4354 3147 4430 εὑρώμεθα.
3676 4377 3689 4387 -

577 4485 661 4542 Ad
690 4486 838 4542 hunc
868 4487 1087 4543 modum
1116 4487 1363 4558 partibus
1392 4487 1689 4559 voluptatis
1715 4489 1964 4554 sublatis,
2007 4489 2062 4545 in

2234 4496 2345 4553 Καὶ
2368 4495 2510 4550 οὕτω
2533 4494 2641 4548 τῶν
2679 4492 2834 4547 εἰδῶν
2872 4491 2974 4560 τῆς
3012 4489 3205 4562 ἡδονῆς
3246 4483 3738 4559 προανῃρημένων,

510 4580 718 4651 species
745 4581 997 4635 vitiorum
1029 4584 1199 4652 partis
1228 4582 1436 4638 ratione
1472 4583 1731 4653 prteditae,
1761 4590 1815 4639 et
1854 4583 1907 4639 in
1942 4598 2065 4654 spe-

508 4671 621 4725 cies
658 4669 936 4739 injustitiae
983 4672 1200 4727 invasit.
1243 4671 1300 4727 Si
1348 4672 1493 4728 enim
1545 4675 1733 4731 tollere
1775 4690 1895 4746 quae
1937 4682 2066 4731 sunt

506 4760 755 4826 alterius,
790 4771 842 4817 et
866 4778 960 4833 per
989 4764 1095 4818 vim
1125 4763 1316 4818 tollere
1360 4770 1414 4818 et
1457 4764 1630 4819 invito
1665 4765 1887 4822 domino
1910 4808 1925 4832 ,
1976 4767 2064 4821 in-

501 4852 714 4922 justitia
744 4860 862 4921 est;
888 4860 942 4909 et
970 4854 1246 4909 tollentem
1279 4867 1399 4923 quae
1426 4854 1601 4910 aliena
1630 4862 1796 4922 sunt,
1845 4854 1975 4911 dare
2001 4870 2066 4911 ea

506 4945 902 5012 meretricibus,
940 4946 1024 5002 vel
1061 4946 1339 5003 luxuriose
1365 4962 1711 5013 consumere,
1745 4946 1955 5018 species
1979 4947 2065 5002 in-

502 5038 731 5108 justitiaa
769 5049 890 5096 est:
925 5039 1165 5110 injustus
1196 5045 1281 5095 est
1303 5078 1319 5105 ,
1366 5039 1461 5110 qui
1495 5039 1754 5095 honorent
1810 5037 1921 5094 Deo
1961 5038 2070 5094 eri-

510 5131 686 5200 piens,
716 5132 877 5203 lignis
916 5140 970 5187 et
1000 5131 1338 5189 daemonibus
1366 5146 1487 5187 eum
1524 5131 1779 5196 adhibet,
1810 5137 1865 5186 et
1895 5130 2069 5186 hono-

510 5237 623 5276 rem
654 5221 749 5278 Dei
780 5223 1074 5288 consumit,
1104 5230 1158 5279 et
1186 5222 1242 5277 in
1274 5216 1456 5279 men'te
1482 5222 1795 5278 luxuriosus
1820 5229 1924 5278 est.
1958 5221 2069 5278 Nec

507 5315 653 5369 enim
687 5315 759 5369 ita
786 5317 1063 5372 luxuriose
1090 5316 1245 5381 vivit,
1287 5315 1378 5386 qui
1410 5330 1543 5389 opes
1574 5314 1871 5377 consumit,
1904 5321 1963 5367 ut
1982 5320 2068 5368 est

509 5405 766 5476 injustus,
800 5407 894 5479 qui
928 5422 1154 5479 magnas
1182 5413 1236 5464 et
1266 5406 1544 5462 aliluentes
1592 5405 1813 5461 divitias
1846 5403 2067 5460 honoris

510 5493 606 5550 Dei
630 5511 697 5553 ex
729 5500 914 5554 animo
937 5498 1117 5556 delet:
1147 5498 1388 5570 quandiu
1412 5498 1554 5554 enim
1588 5498 1789 5553 divitia:
1810 5496 2066 5569 cognitio-

2165 4588 2426 4661 ἐπεξῆλθε
2460 4587 2553 4641 καὶ
2586 4586 2726 4641 κατά
2756 4583 2863 4638 τῶν
2893 4582 3047 4636 εἱδῶν
3066 4583 3164 4652 τῆς
3193 4578 3449 4641 διανοίας,
3475 4577 3573 4630 καὶ
3597 4574 3743 4629 κατὰ

2166 4680 2273 4735 τῶν
2305 4680 2461 4735 εἰδῶν
2492 4680 2591 4751 τῆς
2627 4677 2861 4740 ἀδικίας.
2896 4676 2961 4729 Εἰ
2989 4674 3099 4746 γὰρ
3120 4673 3182 4726 τὸ
3213 4670 3284 4725 τά
3307 4670 3499 4740 ἐτέρου
3530 4667 3737 4725 λαϐεῖν.

2166 4773 2262 4828 καὶ⁴
2295 4773 2385 4845 βίᾳ
2407 4771 2608 4837 λαϐεῖν,
2635 4770 2730 4824 καὶ
2762 4768 2984 4831 ἄκοντος
3012 4764 3214 4829 λαϐεῖν,
3250 4761 3434 4815 ἀδικία
3453 4759 3610 4813 ἐστί’
3646 4757 3744 4810 καὶ

2167 4863 2256 4918 τὸν
2284 4862 2514 4917 λαϐόντα
2550 4861 2617 4915 τὰ
2656 4859 2843 4930 ἐτέρου
2906 4856 2941 4928 ἢ
2997 4854 3244 4933 ἐταίραις
3274 4851 3471 4905 διδόναι
3490 4888 3508 4915 ,
3537 4849 3575 4922 ἢ
3604 4846 3743 4901 ἀσώ-

2171 4969 2279 5017 τως
2316 4950 2756 5021 καταδαπανῆσαι
2776 4992 2791 5013 ,
2818 4944 2956 5012 εἶδός
3005 4947 3151 5000 ἐστιν
3192 4942 3434 5006 ἀδικίας·
3480 4940 3669 5003 ἄδικος
3711 4939 3745 4990 ὁ

2170 5042 2270 5114 τὴν
2294 5040 2457 5113 τιμὴν
2483 5040 2577 5094 τοῦ
2605 5038 2738 5093 Θεοῦ
2763 5036 3033 5109 ἀφαιρῶν,
3069 5034 3246 5102 ξύλοις
3273 5032 3329 5086 δὲ
3360 5031 3455 5085 καὶ
3485 5029 3744 5100 δαίμοσιν

2171 5133 2340 5204 αὐτὴν
2370 5131 2648 5196 ἀποδιδοὺς
2671 5169 2687 5195 ,
2717 5131 2811 5184 καὶ
2848 5125 3243 5184 καταδαπανῶν
3272 5124 3370 5196 τὴν
3412 5122 3616 5193 τιμὴν,
3647 5118 3740 5174 καὶ

2169 5223 2571 5294 ἀσωτευόμενος
2601 5223 2657 5276 ἐν
2682 5225 2747 5294 τῇ
2778 5220 3014 5291 διανοίας
3038 5219 3173 5273 Οὐδὲ
3196 5215 3302 5288 γὰρ
3336 5213 3509 5279 οὕτως
3535 5214 3739 5276 ἄσωτος

2170 5313 2199 5366 δ
2222 5311 2612 5366 καταδαπανῶν
2641 5312 2739 5383 τὴν
2766 5310 2971 5377 οὐσίαν,
3004 5310 3077 5373 ὼς
3102 5308 3285 5371 ἄδικος
3310 5307 3339 5360 ό
3370 5305 3469 5378 τὴν
3496 5300 3737 5375 μεγάλην

2173 5404 2508 5476 περιουσίαν,
2546 5404 2644 5474 τὴν
2693 5403 2859 5476 τιμὴν
2906 5401 3001 5456 τοῦ
3044 5399 3180 5455 Θεοῦ
3216 5399 3325 5454 ἀπὸ
3367 5398 3469 5470 τῆς
3502 5393 3736 5453 διανοίας

2172 5494 2539 5566 ἐξαφανίζων
2574 5497 2657 5564 ἐφ’
2689 5497 2812 5551 ὅσον
2855 5493 2966 5567 γὰρ
3006 5492 3330 5564 συνέστηκεν
3369 5492 3407 5562 ἡ
3454 5484 3737 5560 περιουσία

580 5673 627 5706 ω
663 5671 809 5730 Psal.
848 5690 1034 5736 vam,
1073 5676 1160 5728 l7.
1234 5677 1276 5708 ⁶¹
1319 5674 1478 5728 Prov.
1510 5688 1704 5738 xxvm,
1740 5674 1793 5729 l.
1867 5673 1911 5704 “
1953 5669 2069 5726 Exoi

2170 5685 2271 5739 xx,
2308 5671 2410 5738 14,
2449 5673 2536 5730 15.
2612 5673 2659 5707 ⁸³
2696 5671 2874 5731 Levit.
2910 5687 3025 5739 xix,
3058 5671 3164 5737 55,
3196 5668 3266 5726 36
3365 5669 3412 5701 ⁸⁸
3446 5664 3555 5723 Job
3586 5679 3737 5727 xxxi.

511 5744 567 5801 1.
639 5745 685 5777 ⁸⁸
724 5742 889 5797 Eccli.
933 5760 1020 5807 Ix,
1054 5744 1119 5807 8,
1157 5744 1209 5796 9.
1287 5746 1331 5776 “
1368 5743 1513 5798 Psal.
1548 5758 1683 5810 ch,
1718 5743 1770 5798 3.
1848 5742 1891 5774 ⁸⁷
1933 5740 2099 5799 Exod.
2134 5756 2251 5809 xu,
2288 5741 2377 5798 ll.
