3984 6212
274 254 416 312 1233

1299 270 1668 332 ADVERSUS
1707 276 2131 336 ΜΔΝΙΕΗιΕΟδ
2167 279 2296 337 LIB.
2340 281 2432 338 lii.

3354 288 3496 346 ηδε

265 376 371 474 τῆς
387 378 661 474 *γνώσεως
689 384 754 453 τῇ
802 383 978 457 ψυχῇ,
1011 388 1045 457 ἡ
1092 388 1227 460 πρὸς
1281 392 1371 445 τὸν
1427 393 1560 448 Θεὸν
1602 396 1838 462 διάθεσις

1943 398 2028 454 nis
2056 398 2149 455 Dei
2177 400 2230 454 in
2254 401 2435 455 animo
2470 409 2810 470 permanent,
2838 403 3129 474 respondet
3149 404 3204 458 in
3226 418 3291 461 ea
3312 406 3494 462 chari-

266 467 603 527 ἀποδίδοται.
640 472 806 527 Ὀταν
837 475 893 530 δὲ
927 479 1074 532 πᾶσα
1112 484 1457 558 καταπονηθῇ
1510 491 1601 543 καὶ
1644 508 1838 549 καταν-

266 558 455 632 αλωθῇ
488 565 582 617 καὶ
611 564 930 641 πτωχεύσῃ,
952 570 1071 624 τότε
1098 571 1282 628 λοιπὸν
1315 575 1414 647 τὴν
1441 580 1648 634 ἐκείνου
1673 584 1837 657 τιμὴν

265 652 351 714 είς
394 651 527 717 ξύλα
573 658 666 711 καὶ
714 659 908 732 τέχνην
961 665 1276 736 καταφέρει.
1329 669 1427 723 Διά
1473 672 1633 727 τοῦτο
1672 651 1767 729 καὶ
1792 651 1839 731 ’δ

279 744 605 838 Ϊᾼπόστολος
632 750 731 821 τὴν
764 752 978 810 ἀδικίαν
1002 755 1416 831 δεισιδαιμονίαν
1454 763 1835 838 ἐπιστάμενος,

264 834 425 905 ἔλεγε
445 855 459 870 σ
495 842 603 894 Kal
632 841 745 912 τὴν
767 847 1147 915 πλεονεξίαν,
1175 849 1308 918 ἥτις
1326 851 1496 909 ἐστὶν
1529 834 1839 915 εἰδώλολα-

264 944 459 997 τρεια.

352 1108 509 1163 Ἐπεὶ
537 1106 630 1165 οὖν
655 1114 752 1185 τῆς
783 1115 995 1182 ἀδικίας
1023 1121 1081 1173 τὸ
1113 1122 1491 1192 χαλεπώτατόν
1525 1130 1640 1183 ἐστι
1673 1144 1838 1203 μερος

264 1197 300 1267 ἠ
343 1201 428 1293 είς
455 1200 587 1293 eam
618 1205 827 1272 ἄγνοια,
864 1207 1171 1283 βραχυτέρα
1200 1214 1255 1268 δέ
1288 1217 1434 1271 ἐστιν
1468 1220 1507 1290 ἠ
1531 1222 1610 1285 είς
1633 1197 1840 1293 ἀνθρω-

264 1289 410 1381 ποὺς
447 1291 824 1364 πλημμέλεια·
866 1301 959 1353 καὶ
994 1303 1073 1366 είς
1113 1302 1207 1357 δύο
1238 1289 1521 1379 διαιρεῖται
1557 1314 1590 1381 ή
1634 1289 1838 1379 ἀδικία,

263 1380 347 1441 είς
383 1398 444 1433 τε
480 1383 574 1454 τὴν
613 1386 693 1449 είς
721 1386 850 1441 Θεὸν
891 1390 1111 1459 ἄγνοιαν
1141 1396 1233 1449 καὶ
1269 1398 1367 1469 τὴν
1403 1402 1484 1463 είς
1519 1402 1839 1476 ἀνθρώπους

264 1470 684 1569 πλημμέλειαν
729 1482 1069 1553 γραφόμενος
1106 1489 1135 1540 ὁ
1173 1490 1334 1559 νόμος
1384 1470 1707 1567 ἀμφοτέραν
1750 1499 1842 1569 ἧρ-

266 1558 423 1655 εατο.
469 1567 578 1621 Καὶ
611 1571 825 1641 πρῶτον
860 1575 959 1644 μὲν
1002 1576 1127 1649 βοᾷ·
1166 1558 1248 1634 Οὐ
1292 1558 1567 1650 ποιήσεις
1599 1558 1841 1655 ’σεαυτῷ

261 1653 509 1752 εῑδωλα,
538 1663 761 1730 παντὸς
796 1667 1055 1738 ὁμοίωμα
1074 1686 1087 1699 ο
1122 1672 1207 1726 ἵνα
1234 1674 1327 1744 μὴ,
1361 1675 1458 1748 τὴν
1486 1678 1580 1732 τοῦ
1620 1653 1840 1752 πεποιη-

1939 497 2025 545 tas
2061 505 2187 561 erga
2219 489 2408 546 Deum.
2457 490 2594 547 Cum
2624 499 2805 548 autem
2830 509 3019 550 omnes
3046 494 3247 550 divitia
3270 497 3497 568 dilapsa

1937 590 1991 636 et
2013 591 2348 653 consumpta
2373 590 2521 651 sunt,
2548 593 2604 638 et
2633 584 2701 639 ad
2731 584 2967 655 inopiam
3002 587 3221 642 redacta
3255 596 3340 645 est
3372 591 3497 645 ani-

1938 688 2059 741 ma;
2095 674 2421 745 relinquitur
2449 682 2598 743 tunc,
2625 686 2685 731 ut
2705 677 2966 732 honorem
2998 677 3090 733 Dei
3118 679 3279 750 lignis
3306 689 3361 736 et
3387 682 3494 738 arti

1937 766 2160 835 pictoris
2188 774 2244 821 et
2275 768 2567 838 sculptoris
2589 767 2815 825 delerat.
2846 769 3001 826 Unde
3028 771 3344 842 Apostolus,
3368 788 3491 829 cum

1937 857 2102 914 sciret
2142 861 2309 930 ipsam
2340 861 2657 930 iniustitiam
2704 877 2828 919 esse
2872 864 3139 918 culturam
3180 863 3329 920 falsa
3372 867 3495 921 reli-

1938 952 2135 1022 gionis,
2165 952 2339 1008 dixit:
2373 951 2440 1007 Et
2466 955 2766 1019 avaritiam,
2798 972 2914 1026 qua
2943 966 3021 1011 est
3054 958 3312 1012 idolorum
3342 961 3498 1015 servi-

1940 1054 2021 1098 tus
2049 1043 2114 1098 ⁸⁸.

2008 1132 2151 1204 Ergo
2177 1135 2305 1205 quia
2339 1136 2609 1191 teterrima
2634 1151 2759 1207 pars
2787 1137 3067 1205 iniustitia
3085 1145 3169 1193 est
3191 1138 3495 1210 ignorantia

1939 1224 1992 1278 in
2018 1223 2212 1290 Deum,
2244 1225 2416 1282 levius
2447 1235 2626 1282 autem
2656 1235 2738 1282 est
2760 1227 3019 1282 delictum
3050 1229 3104 1281 in
3131 1228 3416 1295 homines;
3440 1237 3497 1284 et

1939 1314 1994 1368 in
2019 1323 2201 1385 partes
2232 1315 2368 1372 duas
2398 1316 2661 1371 dividitur
2693 1316 2957 1386 iniustitia
2978 1356 2993 1381 ,
3046 1318 3103 1372 in
3132 1318 3495 1388 ignorantiam

1939 1406 1993 1460 in
2021 1405 2187 1462 Deum
2212 1447 2227 1471 ,
2281 1417 2336 1462 et
2371 1409 2427 1462 in
2450 1408 2705 1463 delictum
2744 1410 2798 1463 in
2827 1410 3112 1466 homines:
3147 1411 3216 1466 ab
3251 1412 3497 1481 utrisque

1940 1497 2264 1568 principium
2295 1499 2525 1569 sumpsit
2552 1500 2637 1554 lex
2660 1500 2884 1571 scripta.
2912 1501 2989 1555 Ac
3014 1501 3247 1571 primum
3277 1500 3496 1571 quidem

1940 1590 2181 1644 clamat:
2240 1588 2363 1645 Non
2417 1590 2577 1660 facies
2635 1592 2730 1647 tibi
2788 1591 2919 1647 idoli
2975 1593 3135 1647 ullius
3191 1592 3497 1648 similitudi-

1941 1697 2053 1735 nem
2077 1683 2151 1749 ⁶⁹;
2183 1697 2251 1737 ne
2275 1683 2485 1739 scilicet
2525 1683 2569 1740 si
2620 1683 2676 1737 in
2708 1684 2965 1739 honorem
2993 1685 3111 1753 ejus
3143 1685 3234 1755 qui
3272 1694 3321 1740 te
3347 1682 3495 1751 fecit,

265 1746 434 1811 κότος
459 1751 621 1822 τιμὴν
643 1760 1170 1833 κατασωτευόμενος,
1199 1768 1377 1822 πᾶσαν
1400 1746 1569 1843 ἀρδην
1599 1746 1838 1843 διαφθείί-

1940 1773 2253 1829 luxuriosus
2279 1775 2379 1838 sis,
2417 1785 2588 1830 totum
2635 1775 2891 1831 honorem
2930 1775 3021 1831 Dei
3056 1776 3302 1832 funditus
3351 1777 3500 1833 labe-

267 1855 372 1910 ρῃς
393 1857 407 1869 ·
437 1843 757 1912 ἐχαλέπαινε
792 1849 845 1903 δὲ
884 1853 1108 1919 είκότως
1142 1858 1235 1910 καὶ
1270 1860 1395 1931 περὶ
1433 1861 1526 1916 τοῦ
1570 1862 1719 1929 λαοῦ,
1750 1866 1839 1920 ὅτε

264 1937 678 2005 μοσχοποιήσας
720 1937 883 1994 ἐδὸαο
916 1939 1090 1999 Οὗτοι
1130 1949 1185 2001 οι
1222 1949 1346 2003 θεοί
1387 1966 1523 2018 σου,
1571 1955 1835 2025 Ἰσραὴλ,

258 2021 490 2121 cicere;
528 2026 824 2098 ἐξήγαγον
872 2048 945 2087 σε
996 2035 1066 2089 ἐκ
1104 2036 1217 2107 γῆς
1259 2043 1580 2111 Αἰγύπτου.

260 2114 509 2214 γὰρ-τὰς
537 2121 630 2174 τοῦ
663 2124 951 2195 εὐεργέτου
988 2128 1194 2201 δωρεὰς
1226 2134 1308 2205 τῷ
1339 2137 1412 2210 μὴ
1444 2124 1726 2214 δυναμένῳ
1758 2114 1841 2196 κιζ

258 2206 499 2307 νηθῆναι
528 2215 991 2307 προσαπένειμαν,
1032 2225 1123 2276 καὶ
1153 2219 1221 2296 ἦν
1252 2206 1430 2282 ἀδικία
1461 2206 1836 2307 χαλεπωτάτη,

256 2296 358 2368 τὴν
427 2305 742 2373 περιουσίαν
802 2309 901 2381 τῆς
954 2313 1273 2385 εὐεργεσίας
1329 2320 1421 2374 τοῦ
1484 2326 1839 2396 πεποιηκότος

254 2390 438 2486 τεχνῃ
470 2397 563 2449 καὶ
605 2396 885 2470 γλύμματι
917 2403 1221 2463 ἀποδιδόναι
1250 2427 1263 2440 ·
1301 2414 1395 2466 καὶ
1427 2414 1460 2485 ἠ
1494 2390 1720 2486 ἀληθεία
1760 2390 1842 2472 κεζ

255 2482 508 2577 κίνηται,
538 2488 631 2541 καὶ
662 2491 691 2543 δ
726 2491 887 2563 νόμος
910 2495 1236 2569 γέγραπται,
1268 2503 1361 2557 καὶ
1396 2482 1639 2577 ὴνάδικία
1675 2509 1843 2563 κεκὼ-

255 2573 448 2641 λυται,
496 2580 589 2633 καὶ
628 2582 656 2635 ὁ
701 2584 984 2653 μανθάνων
1033 2590 1368 2651 ἐπαιδεύετο.
1409 2599 1520 2651 Καὶ
1564 2599 1704 2654 οὕτω
1746 2604 1839 2657 τοῦ

256 2663 446 2766 θυμοῦ
481 2669 832 2766 τῆς-ἀδικίας
859 2684 1392 2755 προαναιρουμένου,
1427 2690 1522 2744 καὶ
1565 2692 1665 2764 τὴν
1706 2695 1841 2766 πρὸς

255 2755 553 2828 ἄνθρωπον
585 2763 796 2819 ἀδικίαν
817 2771 1114 2827 συνανείλε.

328 2851 453 2951 Κριὶ
479 2853 705 2951 πρῶτα.-
718 2857 816 2926 μὲν
860 2859 1038 2932 ἔρωτα
1089 2868 1384 2939 χρημάτων
1428 2873 1740 2942 ἐγγενέσθαι
1772 2882 1838 2951 τῇ

440 2942 500 2995 οὑ
532 2944 848 3017 βεϐούληται
868 2968 881 2981 ·
916 2953 1037 3007 ἐπεὶ
1062 2954 1200 3027 ἔρως
1222 2939 1518 3031 χρημάτών
1547 2964 1715 3020 τίκτει
1743 2939 1841 3034 τάξ

266 3030 519 3131 ἀδικίας,
536 3037 628 3089 καὶ
654 3040 862 3131 iri-pb;
890 3045 955 3097 τὰ
984 3048 1239 3118 χρήματα
1265 3030 1529 3125 ἐπιθυμία
1555 3062 1717 3131 γεννᾷ
1742 3030 1841 3127 τὰς

272 3118 606 3219 ’πλεονεξίαςῗ
654 3126 715 3179 Ἡ
768 3129 877 3202 γάρ
911 3133 1033 3204 ῥίζα
1078 3137 1186 3191 τῶν
1224 3118 1599 3199 κακῶν-ἐστιν
1647 3118 1842 3219 ήθφιλῖ-

200 3250 205 3255 .
269 3214 509 3314 αργυρία
533 3233 545 3246 ·
578 3216 791 3274 ἔσονται
810 3223 867 3276 δὲ
896 3226 1077 3281 κλάδοι
1112 3231 1204 3284 καὶ
1228 3232 1429 3298 κλῶνες
1457 3236 1557 3307 τῆς
1588 3214 1843 3314 φιλοχρη-

272 3305 472 3401 ματίας
496 3346 510 3370 ,
546 3310 602 3361 al
650 3312 885 3378 ἀδικίαι,
920 3319 976 3370 al
1014 3320 1347 3387 πλεονεξίαν
1397 3328 1491 3380 καὶ
1515 3305 1843 3401 ἐπειδὴ-ἀπὸ

269 3394 702 3495 φιλοχρηματίας
740 3402 965 3475 ἄρχεται
992 3411 1024 3478 ἡ
1064 3409 1363 3479 πλεονεξία,
1395 3417 1487 3469 καὶ¹
1514 3394 1845 3495 ἀδικία-προ·

269 3486 697 3597 καταλαμϐάνει,
724 3502 1062 3568 προαναιρεῖ,
1086 3506 1523 3574 προαπαγγέλλει
1539 3528 1552 3539 ·
1576 3486 1842 3582 Πλοῦτος
1879 3582 1889 3597 .

268 3574 381 3676 ea»:
420 3576 552 3646 ῥέῃ,
595 3580 681 3650 μὴ
722 3587 1117 3651 προστίθεσθε
1178 3594 1428 3661 καρδίαν
1445 3614 1457 3627 ·
1513 3599 1597 3653 ἵνα
1646 3601 1720 3674 μὴ
1764 3574 1843 3676 alii

272 3665 506 3769 ρεύματι
535 3671 640 3726 τῶν
674 3677 971 3747 χρημάτων
1005 3684 1337 3754 συρρέουσαν
1367 3688 1463 3760 τὴν
1499 3665 1734 3749 διάνοιαν
1764 3665 1841 3769 “rei;

271 3758 491 3857 ῥευστῷ-
511 3764 753 3835 χρήματι
787 3766 1059 3843 λαμϐάνῃ.
1093 3775 1157 3827 El
1196 3775 1305 3849 γὰρ
1348 3758 1433 3851 psi
1461 3782 1530 3836 τά
1561 3758 1836 3857 χρήματα,

270 3849 365 3902 καὶ
401 3854 587 3907 στάσιν
625 3857 724 3910 οὐκ
764 3859 898 3930 ἔχει,
936 3864 1158 3929 εἰκότως
1199 3849 1515 3926 ἀνθίσταται
1554 3849 1837 3950 {iam},

268 3942 369 4013 τὴν
398 3944 601 4038 οίκείαν
630 3949 817 4002 στάσιν
852 3952 928 4023 τῷ
974 3956 1185 4028 ρευστῷ
1223 3960 1463 4032 χρήματι
1499 3942 1586 4037 μὴ’
1608 3942 1841 4038 διαφθεί-

272 4034 470 4128 ρουσζα·
507 4038 599 4090 καὶ
628 4042 814 4115 ἐπειδὴ
838 4084 852 4107 ,
892 4046 967 4117 πὴ
1010 4048 1110 4118 μὲν
1142 4051 1175 4121 ἠ
1211 4034 1610 4128 φιλοχρηματία
1644 4034 1836 4126 λυπεῖ,

270 4124 362 4223 τιὴΔ
393 4124 512 4223 se},
539 4129 808 4223 ιριλοδοξία
837 4136 1050 4191 συλῶσα
1075 4141 1173 4213 τὴν
1204 4124 1471 4211 διάνοιαν,
1501 4149 1580 4221 τῷ
1607 4152 1711 4223 νέῳ

267 4213 488 4307 ἀνθηρῷ
516 4219 614 4290 τῆς
641 4221 796 4295 δόξης
827 4226 1106 4296 ἐσχεδίασε
1135 4234 1229 4286 καὶ
1252 4233 1408 4289 τοῦτο
1434 4237 1495 4291 τό
1519 4213 1718 4307 iidem"
1749 4240 1839 4299 Εἷ-

266 4304 377 4402 δον
406 4306 513 4361 τὸν
539 4311 727 4382 ἀσεϐῆ
769 4316 1159 4387 ἐπαιρόμενον
1204 4326 1300 4378 καὶ
1342 4304 1838 4402 ὐπερυψούμενον

265 4395 347 4487 ᾡς
372 4397 479 4464 τὰς
515 4398 763 4471 κέδρους
803 4406 908 4461 τοῦ
940 4412 1195 4467 Λιϐάνου
1218 4429 1232 4442 ·
1256 4416 1352 4469 καὶ
1383 4395 1710 4487 πῲῆᾷθῶ,
1734 4425 1833 4479 καί

267 4485 399 4586 ιδρὺ
442 4491 553 4586 οὐκ
753 4496 841 4550 ἴνα
869 4499 1108 4573 μηδεμιᾷ
1153 4504 1304 4577 ἀκμῇ
1340 4485 1534 4579 ῥᾳδίὼς
1587 4485 1837 4586 μαραινο-

267 4576 407 4652 μένῃ
435 4580 718 4677 θπηγμένη
748 4587 780 4656 ἠ
809 4587 1015 4642 διάνοια
1041 4592 1102 4645 τὸ
1134 4576 1351 4667 ἑαυτῆςή
1372 4576 1600 4669 μέγεθος
1633 4576 1837 4677 πιπρά-

266 4684 400 4743 σκῃ·
438 4670 550 4723 ἀλλ’
578 4674 678 4727 ὑπε
689 4677 997 4746 ρκύπτουσα
1034 4682 1205 4739 ταῦτα
1232 4687 1327 4740 τοῦ
1352 4689 1552 4762 ἔρωτος
1580 4695 1679 4765 τῆς
1712 4696 1836 4769 ἀλη-

264 4759 418 4824 θείας
456 4762 665 4838 ἔχηται.
697 4770 806 4825 Καὶ
839 4772 926 4827 διὰ
966 4774 1124 4829 τοῦτο
1159 4776 1255 4850 τὴν
1298 4759 1647 4856 συμμετρίαν
1668 4759 1828 4861 τιμᾷ,

265 4853 359 4948 καὶ
387 4853 487 4925 τὴν
515 4857 724 4913 ἀδικίαν
751 4862 943 4929 ἐξωθεῖ
963 4883 975 4895 ·
1009 4868 1100 4921 καὶ
1132 4868 1202 4923 τὰ
1234 4870 1351 4926 θεῖα
1381 4853 1663 4948 οἰκητήρια
1691 4853 1828 4934 air;-

261 4942 448 4999 δίδωσι
476 4952 588 5014 τοῖς
608 4951 707 5022 τὴν
736 4958 1470 5034 συμμετρίανηετηρηκόσιν.

335 5039 447 5092 Καὶ
485 5039 656 5107 οὕτως
863 5050 1069 5118 Κύριε,
1107 5053 1198 5120 τις
1240 5057 1590 5125 παροικήσεε
1632 5061 1703 5113 ἐν
1747 5063 1828 5129 τῷ

263 5130 611 5223 σκηνώματι
662 5150 819 5202 σου;
867 5140 905 5209 ἢ
949 5144 1040 5209 τίς
1093 5147 1543 5216 κατασκηνώσει
1591 5153 1661 5205 ἐν
1707 5152 1828 5223 ὄρει

264 5221 412 5314 αγίῳ
429 5239 575 5291 σου;
604 5222 1007 5300 Πορευᾶμενος
1031 5234 1287 5307 ἄμωμος,
1326 5240 1420 5293 καί
1446 5221 1829 5314 ἐργαζόμειρος

266 5312 659 5403 δικαιοσύνην
679 5338 693 5353 ο
726 5323 933 5379 λαλῶν
958 5329 1246 5397 ἀλήθειαν
1273 5333 1344 5385 ἐν
1364 5334 1574 5403 καρδίᾳ
1611 5312 1795 5392 αὐτοῦ
1811 5356 1823 5369 ·

268 5402 392 5473 ἵνα,
425 5413 531 5464 πᾶν
577 5408 715 5478 εἶδος
754 5416 1183 5491 φιλοχρηματίας
1228 5402 1507 5497 ἐξορὶσάςι
1556 5428 1716 5481 τόπον
1763 5432 1826 5501 τῇ

344 5593 388 5666 ε·
429 5593 626 5666 Epites.
663 5616 714 5661 v.
750 5602 803 5656 5.

270 5663 319 5699 "
349 5663 492 5724 Psal'.
530 5683 638 5739 xlv,
678 5671 785 5726 1-5.

884 5605 923 5635 ⁸⁹
963 5603 1130 5661 Exod.
1171 5623 1273 5669 xx,
1311 5607 1362 5663 4.
1450 5610 1496 5641 ⁷ο
1535 5608 1705 5664 Exod.
1747 5627 1933 5679 “xu,
1975 5616 2025 5670 4.

1942 1863 2130 1921 facias.
2180 1864 2354 1923 Iratus
2392 1874 2475 1923 est
2517 1876 2695 1922 autem
2729 1867 2928 1938 populo
2960 1868 3141 1938 iuste,
3189 1884 3313 1924 cum
3355 1868 3499 1924 facto

1939 1955 2109 2009 vitulo
2136 1956 2404 2010 clamabat
2430 1975 2443 2011 :
2476 1955 2551 2010 Hi
2571 1966 2693 2011 sunt
2721 1957 2798 2010 dii
2823 1959 2901 2011 tui
2919 1998 2933 2016 .
2972 1956 3164 2025 Israel,
3186 1959 3274 2029 qui
3300 1966 3348 2011 te
3370 1956 3499 2011 edu-

1937 2054 2127 2100 xerunt
2153 2061 2217 2100 ea:
2241 2055 2381 2099 terra
2413 2043 2630 2117 Egypti
2659 2046 2725 2102 "°.
2783 2046 2991 2119 Etenim
3036 2047 3161 2117 quia
3216 2046 3357 2101 dona
3402 2044 3499 2101 Dei

1940 2137 2018 2191 illi
2048 2136 2401 2208 assignabant
2446 2145 2500 2191 et
2527 2137 2918 2204 attribuebant,
2945 2137 3037 2208 qui
3070 2152 3286 2192 movere
3306 2151 3365 2192 se
3388 2149 3497 2192 non

1941 2234 2176 2297 poterat,
2207 2233 2433 2296 eratque
2490 2224 2915 2297 ﬂagitiosissima
2975 2227 3239 2296 iniustitia
3280 2225 3499 2281 divitias

1941 2317 2327 2374 beneﬁciorum
2368 2316 2454 2373 sui
2481 2318 2721 2373 auctoris
2757 2318 2860 2371 arti
2913 2325 2967 2372 et
3011 2317 3303 2389 sculptura
3347 2317 3503 2374 attri-

1941 2411 2106 2466 buere
2134 2429 2147 2464 ε
2192 2409 2395 2465 idcirco
2432 2413 2633 2468 veritas
2663 2414 2915 2475 excitata,
2958 2421 3025 2483 et_
3049 2413 3133 2469 lex
3166 2413 3368 2484 scripta
3395 2453 3410 2480 ,
3444 2420 3502 2470 et

1942 2500 2208 2571 iniustitia
2247 2503 2414 2557 vetita
2440 2511 2557 2568 est,
2606 2512 2659 2559 et
2697 2504 2790 2575 qui
2833 2504 3097 2567 discebat.
3124 2504 3499 2562 erndiebatur.

1941 2592 2116 2662 Atque
2148 2592 2220 2647 ita
2262 2594 2473 2649 sublata
2511 2596 2662 2666 prius
2711 2596 3014 2666 iniustitia,
3071 2612 3194 2667 qua
3236 2597 3373 2653 iram
3404 2596 3501 2654 Dei

1942 2686 2295 2754 provocavit,
2347 2686 2671 2757 iniustitiam
2706 2703 2923 2759 quoque
2956 2687 3009 2742 in
3040 2686 3315 2745 hominem
3362 2704 3489 2746 sus-

1941 2774 2083 2829 tulit.

2009 2866 2087 2920 Ac
2128 2867 2359 2937 primum
2388 2869 2606 2940 quidem
2642 2870 2838 2936 noluit,
2878 2880 2937 2928 ut
2983 2887 3139 2927 amor
3185 2870 3501 2927 divitiarum

1943 2958 1996 3011 in
2027 2959 2207 3013 anima
2239 2960 2534 3030 insideret;
2583 2964 2838 3031 quoniam
2876 2978 3030 3017 amor
3057 2960 3369 3019 divitiarum
3399 2979 3500 3037 pa-

1942 3051 2012 3105 rit
2040 3052 2359 3122 iniustitias,
2390 3061 2443 3110 et
2471 3055 2740 3125 cupiditas
2767 3055 2995 3111 habendi
3039 3055 3257 3111 divitias
3279 3066 3502 3128 generat

1942 3143 2242 3198 avaritiam.
2277 3143 2450 3200 Radix
2474 3147 2618 3199 enim
2653 3148 2916 3201 malorum
2949 3159 3030 3202 est
3061 3149 3335 3219 cupiditas
3365 3148 3503 3202 divi-

1942 3234 2172 3298 tiarum;
2210 3245 2372 3289 erunt
2415 3244 2593 3291 autem
2653 3238 2786 3291 rami
2831 3250 2884 3292 ct
2937 3240 3140 3295 surculi
3188 3242 3502 3311 cupiditatis

1942 3324 2297 3391 pecuniarum
2324 3364 2338 3386 ,
2375 3323 2644 3394 iniustitia
2673 3339 2726 3382 et
2757 3329 2980 3381 avaritia
3013 3348 3026 3383 :
3076 3336 3130 3384 et
3166 3332 3421 3400 quoniam
3469 3348 3500 3385 a

1942 3414 2235 3484 cupiditate
2265 3418 2614 3486 pecuniarum
2648 3420 2838 3490 incipit
2862 3420 3082 3474 avaritia
3113 3429 3166 3474 et
3196 3422 3498 3492 iniustitia,

1942 3517 2280 3579 praoccnpat
2310 3508 2416 3574 lex,
2449 3511 2599 3581 prius
2624 3515 2783 3575 tollit,
2813 3512 2965 3583 prius
3013 3511 3297 3568 denuntiat
3330 3533 3343 3568 :
3406 3515 3501 3569 Di-

1942 3599 2079 3653 vitia:
2108 3602 2154 3654 si
2204 3602 2454 3673 aﬂiuant,
2505 3604 2663 3658 nolite
2711 3622 2800 3659 cur
2838 3622 3093 3675 apponere
3120 3606 3207 3660 ἰε
3258 3622 3326 3659 ne
3363 3606 3501 3660 divi-

1940 3691 2027 3745 tia
2048 3700 2280 3747 mentem
2318 3708 2441 3748 cum
2464 3694 2608 3750 ﬂuxu
2638 3696 2947 3751 divitiarum
2986 3694 3369 3761 conﬂuentem,
3401 3696 3502 3751 ﬂu-

1941 3783 2024 3839 xis
2050 3783 2256 3842 divitiis
2293 3786 2529 3858 capiant.
2587 3787 2644 3843 Si
2674 3791 2817 3845 enim
2865 3804 2996 3861 opes
3025 3788 3241 3855 ﬂuunt,
3266 3798 3351 3847 .et
3390 3806 3498 3845 non

1940 3885 2118 3934 stant:
2158 3880 2353 3937 merito
2387 3883 2592 3939 resistit
2634 3900 2809 3950 mens,
2836 3901 2958 3957 qua
2985 3894 3183 3943 statum
3209 3904 3366 3944 suum
3398 3888 3504 3943 ﬂu-

1940 3970 2024 4025 xis
2057 3972 2262 4029 divitiis
2296 3990 2401 4029 non
2434 3976 2595 4032 violat
2626 3994 2639 4043 ;
2684 3989 2739 4034 et
2794 3981 2921 4051 quia
2976 3989 3087 4035 tum
3120 3984 3345 4039 avaritia
3381 4001 3501 4040 ino-

1939 4060 2075 4114 lesta
2104 4071 2208 4127 est,
2243 4071 2356 4119 tum
2387 4068 2656 4139 cupiditas
2684 4070 2868 4141 gloria
2900 4072 3058 4143 cuius
3090 4072 3189 4129 ﬂos
3220 4074 3274 4129 in
3318 4075 3497 4131 anima

1940 4154 2234 4224 pradatur,
2266 4159 2522 4225 erudivit,
2552 4162 2805 4234 inquiens
2836 4185 2849 4221 :
2906 4165 3024 4220 Vidi
3057 4167 3274 4237 impium
3319 4184 3500 4233 super-

1937 4246 2252 4312 exaltatum,
2284 4260 2334 4305 et
2349 4251 2605 4308 eleuatum
2632 4257 2769 4310 sicut
2794 4257 2973 4313 cedro:
2989 4257 3180 4313 Libani
3201 4276 3220 4315 :
3254 4263 3497 4325 transivi,

1937 4347 1986 4392 et
2006 4355 2119 4394 ecce
2139 4356 2241 4395 non
2262 4352 2376 4397 erat
2405 4345 2468 4397 "’.
2513 4344 2582 4400 Ut
2613 4363 2767 4404 mens
2796 4349 2929 4404 nulli
2976 4351 3160 4422 gloria
3200 4353 3500 4423 quamlibet

1939 4446 2147 4503 magna
2177 4431 2333 4490 facile
2370 4435 2711 4495 ﬂaccescenti
2745 4442 3171 4511 magnitudinem
3191 4459 3345 4500 suam
3382 4445 3500 4501 ille-

1941 4528 2028 4575 cta
2054 4522 2284 4592 vendat;
2316 4527 2446 4595 quin
2487 4529 2667 4598 potius
2708 4545 2872 4600 supra
2927 4531 3042 4587 hac
3074 4534 3257 4589 omnia
3304 4549 3363 4591 se
3393 4535 3497 4589 eri-

1939 4628 2072 4682 gens
2099 4628 2283 4670 amore
2333 4618 2572 4675 veritatis
2601 4628 2868 4675 teneatur.
2923 4620 3131 4679 Idcirco
3162 4625 3498 4680 moderatio-

1937 4718 2061 4758 nem
2084 4703 2337 4771 honorat,
2366 4717 2420 4764 et
2450 4709 2774 4780 iniustitiam
2804 4714 3046 4785 expellit,
3071 4722 3125 4771 et
3164 4715 3346 4771 divina
3378 4719 3496 4773 loca

1936 4794 2003 4848 ad
2051 4795 2405 4854 habitandum
2453 4803 2700 4873 rependit
2744 4813 2798 4860 et
2827 4807 3071 4879 assignat
3109 4807 3206 4871 iis,
3257 4810 3350 4880 qui
3381 4826 3495 4865 mo-

1933 4890 2162 4946 destiam
2193 4906 2561 4952 servaverunt.

2005 5068 2104 5148 Sic_
2126 5079 2304 5126 autem
2338 5073 2534 5128 clamat
2563 5092 2576 5128 :
2614 5074 2857 5139 Domine,
2884 5077 2999 5148 quis
3042 5077 3299 5131 habitabit
3328 5080 3380 5132 in
3406 5091 3493 5137 la-

1931 5145 2213 5217 bernaculo
2241 5172 2350 5226 tuo,
2374 5174 2421 5218 et
2459 5165 2513 5218 iu
2541 5177 2713 5221 monte
2741 5145 2925 5223 sancto
2955 5172 3086 5226 tuo?
3110 5169 3215 5236 Qui
3260 5171 3491 5240 ingredi-

1932 5262 2016 5306 tur
2036 5254 2147 5309 sine
2170 5255 2411 5317 macula.
2445 5267 2494 5310 et
2519 5267 2769 5327 operatur
2801 5259 3105 5331 justitiam:
3147 5263 3237 5332 qui
3264 5262 3496 5333 loquitur

1931 5342 2198 5397 veritatem
2229 5346 2281 5397 in
2312 5345 2464 5400 corde
2504 5363 2599 5401 suo
2629 5347 2713 5415 7‘;
2766 5356 2825 5403 ut
2866 5352 3014 5404 omni
3047 5352 3224 5421 specie
3256 5354 3497 5407 avaritia:

1932 5432 2190 5503 relegata,
2223 5435 2400 5489 locum
2427 5436 2708 5506 iniustitia
2735 5454 2845 5494 non
2874 5440 3188 5511 relinquat:
3227 5450 3387 5514 atque
3417 5446 3486 5497 ita

2135 5617 2173 5647 ⁷¹
2220 5615 2360 5673 Psal.
2402 5635 2488 5673 ιιι
2514 5660 2527 5686 ,
2563 5619 2647 5673 Η.
2760 5621 2803 5651 ⁷²
2843 5618 2985 5676 Psal.
3024 5636 3218 5686 xxxvi,
3256 5621 3355 5687 55,
3399 5620 3485 5677 ὢ.
