3984 6212
460 251 595 309 1235

1567 254 1701 311 TITI
1741 253 2160 312 BOSTRENSIS
2191 252 2494 311 EPISCOPI

3530 255 3658 313 1256

455 385 670 429 omnem
700 371 935 442 speciem
967 370 1247 442 iniustitiae
1296 374 1517 431 sustulit
1545 375 1651 431 lex.
1683 374 1893 433 Idcirco
1919 378 2013 449 qui

2119 379 2295 451 ἀδικία
2342 376 2416 447 μὴ
2458 371 2706 445 παρέχῃ·
2744 372 2836 425 καὶ
2872 370 3012 426 οὑτω
3052 372 3160 425 πᾶν
3192 367 3331 435 εἶδος
3370 370 3670 437 ἐπεξελθὼν

454 461 754 522 coeundum
783 461 952 531 legem
1000 462 1283 532 loquitur,
1330 479 1429 534 pro
1475 465 1701 522 veritate
1747 467 2006 537 loquitur.

451 556 660 614 Idcirco
713 554 807 625 qui
865 563 993 609 sunt
1038 554 1272 624 operarii
1314 556 1556 611 veritatis
1580 597 1596 621 ,
1649 573 1757 613 non
1813 573 2015 614 excan-

450 648 698 708 descunt.
731 658 855 700 cum
880 643 965 699 lex
998 643 1264 701 adversus
1295 645 1488 700 vitium
1513 647 1773 718 loquitur.
1808 647 2014 719 Loque-

452 738 613 792 batur
641 735 933 806 aliquando
969 734 1233 794 Dominus
1276 737 1540 796 adversus
1568 742 1882 806 avaritiam;
1912 758 2011 797 ex-

451 827 849 897 asperabantur
876 826 1083 892 Judaei,
1132 839 1187 882 et
1236 831 1462 886 moleste
1516 830 1809 889 ferebant:
1860 847 2012 888 amor

450 918 595 973 enim
620 917 931 974 divitiarqu
957 933 1180 989 asperos
1208 927 1262 975 et
1302 921 1473 976 duros
1493 937 1588 978 eos
1622 923 1881 980 adversus
1931 925 2014 980 lo-

450 1017 701 1079 quentem
732 1008 1017 1064 alliciebat.
1062 1008 1140 1064 lta
1190 1010 1435 1082 profecto
1474 1021 1577 1077 est,
1609 1028 1733 1068 cum
1765 1015 2014 1087 paedago-

449 1118 550 1171 gus
583 1116 706 1156 cum
733 1116 899 1172 puero
930 1101 1127 1172 ignavo
1156 1114 1213 1157 et
1240 1104 1395 1174 pigro
1423 1105 1664 1172 disserit,
1686 1106 1814 1162 odio
1844 1106 2010 1163 habe-

450 1204 540 1248 tur
565 1195 634 1249 ab
666 1209 732 1249 eo
762 1210 923 1265 quem
970 1196 1210 1250 instruit.
1252 1194 1441 1253 Omnis
1479 1198 1624 1252 enim
1679 1200 1775 1269 qui
1830 1211 2014 1256 motus

450 1285 828 1341 adolescentiae
870 1300 905 1339 a
943 1286 1153 1340 ratione
1198 1301 1421 1344 aversos
1461 1288 1753 1357 exscindit,
1784 1290 1840 1344 in
1888 1290 2014 1348 odio

448 1385 532 1433 est
564 1388 782 1449 propter
814 1393 1054 1434 amorem
1085 1379 1420 1448 voluptatum
1449 1399 1462 1435 :
1509 1380 1581 1435 ob
1621 1381 1763 1436 hanc
1790 1396 2013 1437 causam

450 1471 538 1525 lex
567 1470 622 1524 in
647 1471 829 1526 odium
856 1472 1006 1526 venit
1055 1471 1347 1528 haereticis.
1380 1472 1517 1539 Quia
1555 1482 1746 1529 contra
1798 1486 2015 1546 pertur-

449 1560 696 1616 bationes
720 1561 991 1625 tendebat,
1021 1573 1211 1619 contra
1262 1572 1486 1634 peccata
1527 1565 1858 1632 ambulabat,
1890 1582 2015 1622 con-

449 1659 535 1707 tra
565 1652 814 1708 adamata
841 1653 1174 1720 disserebat,
1229 1672 1340 1712 rem
1373 1672 1529 1728 aaquo
1564 1658 1747 1714 animo
1786 1675 1893 1715 non
1926 1673 2013 1715 tu-

449 1741 650 1797 lerunt.

2109 471 2319 528 ἀνεῖλεν
2344 470 2373 521 6
2400 466 2579 537 νόμος.
2620 463 2719 518 Διά
2743 462 2901 517 τοῦτο
2929 464 2959 516 δ
2986 463 3125 517 κατά
3172 464 3337 534 νόμον
3373 463 3682 534 φθεγγόμε.

2110 582 2198 629 νος
2221 562 2362 633 ὑπὲρ
2390 557 2647 630 ἀληθείας
2685 555 3007 626 φθέγγεται·
3038 554 3127 609 διὰ
3150 554 3312 608 τοῦτο
3338 557 3388 608 ot
3421 555 3520 625 τῆς
3547 556 3684 628 ἀλη-

2112 656 2263 718 θείας
2290 650 2515 720 ἐργάται
2537 647 2639 700 οὑκ
2662 646 3025 715 ἀγανακτοῦσι
3052 645 3128 717 τῷ
3149 645 3297 716 νόμῳ
3317 645 3460 700 κατά
3481 648 3683 711 maria;

2113 742 2483 817 φθεγγομένῳ.
2541 737 2749 793 Ἐλάλει
2804 737 2934 790 ποτὲ
2977 736 3117 789 κατά
3170 734 3604 807 φιλοχρηματίας
3649 739 3681 790 ὁ

2111 838 2330 909 Σωτήρο
2364 832 2725 905 έτραχύνοντο
2766 831 2816 884 οἱ
2852 829 3092 883 Ἰουδαῖοι
3117 845 3132 858 ·
3168 830 3201 900 ἡ
3243 828 3353 900 γάρ
3392 830 3546 898 φιλία
3572 829 3677 883 τῶν

2111 928 2409 1000 χρημάτων
2435 922 2747 996 τραχύτητα
2784 921 2926 974 κατά
2958 919 3053 973 τοῦ
3093 918 3336 987 λέγοντος
3370 920 3672 991 εἰργάζετο.

2112 1019 2330 1090 Ἀμέλει
2368 1019 2497 1071 ὅταν
2530 1013 2874 1083 παιδαγωγὸς
2911 1012 3137 1084 ῥαθύμῳ
3165 1010 3314 1066 παιδὶ
3343 1012 3475 1082 περὶ
3522 1012 3669 1082 ρᾳθυς

2115 1111 2244 1183 μίας
2275 1108 2614 1180 διαλέγηται,
2653 1107 2888 1177 μισεῖται
2926 1102 3076 1172 παρὰ
3108 1102 3202 1158 τοῦ
3233 1102 3681 1173 παιδαῃαγουρέ-

2111 1220 2202 1256 νου
2222 1220 2236 1233 ·
2266 1203 2374 1266 πᾶς
2395 1201 2502 1272 γάρ
2529 1201 2561 1253 6
2595 1199 2693 1269 τῆς
2726 1198 2852 1260 νέας
2877 1195 3091 1268 ἡλικίας
3118 1195 3179 1250 τὸ
3206 1195 3372 1259 πάθος
3399 1195 3688 1248 ἐκκόπτων

2116 1297 2355 1367 μισεῖται
2384 1293 2474 1348 διὰ
2511 1293 2613 1365 τὴν
2637 1290 2819 1361 φιλίαν
2855 1291 2964 1344 τῶν
2990 1288 3190 1362 ἡδονῶν
3213 1306 3227 1319 ·
3258 1288 3347 1342 διά
3391 1286 3553 1341 τοῦτο
3589 1303 3686 1357 με-

2115 1389 2343 1460 μίσηται
2379 1386 2539 1459 παρά
2563 1385 2673 1440 τῶν
2704 1384 3036 1457 αἱρεσιωτῶν
3071 1386 3100 1437 6
3132 1382 3311 1453 νόμος.
3340 1381 3494 1434 Ἐπεὶ
3538 1380 3682 1433 κατά

2109 1480 2218 1535 τῶν
2251 1479 2438 1534 παθῶν
2463 1477 2681 1551 ἐχώρει.
2709 1476 2849 1531 κατά
2868 1475 2977 1529 τῶν
3006 1473 3415 1547 ἁμαρτημάτων
3442 1472 3677 1537 easeas,

2113 1572 2252 1627 κατά
2294 1569 2399 1628 τῶν
2447 1570 2788 1642 φιλουμένων
2824 1567 3089 1636 διελέγετο
3114 1586 3126 1596 ⁸
3171 1568 3272 1620 οὑκ
3334 1567 3573 1637 ἤνεγκαν
3618 1565 3682 1618 τὶ

2114 1665 2367 1736 πρᾶγμα.

659 1858 786 1914 Car.
826 1858 892 1915 Χ.
928 1860 1146 1915 Omnem
1171 1864 1389 1931 speciem
1421 1865 1626 1920 virtutis
1654 1865 1738 1920 (ex
1762 1868 1970 1938 exponit
2004 1884 2022 1921 :
2053 1868 2405 1937 prudentiam,
2427 1864 2757 1935 pudicitiam,
2789 1861 3169 1930 fortitudinem,
3191 1856 3480 1927 justitiam.

521 1975 590 2032 Ut
615 1986 793 2033 autem
824 1993 1004 2034 sermo
1028 1987 1082 2035 et
1113 1980 1410 2051 diSputatio
1441 1995 1627 2041 nostra
1671 1986 2010 2056 amplissima

448 2067 540 2133 sit,
582 2075 635 2122 et
665 2070 845 2125 scelus
876 2069 1098 2126 hatresis
1127 2088 1247 2142 qum
1274 2073 1476 2142 injuste
1501 2076 1567 2128 ad
1597 2076 1766 2146 legem
1801 2077 2010 2146 vitupe-

446 2158 672 2213 randam
728 2176 786 2215 se
845 2162 1095 2222 contulit.
1146 2173 1403 2235 appareat
1440 2185 1453 2221 :
1485 2181 1593 2221 non
1641 2168 1815 2223 solum
1862 2168 2008 2238 quod

446 2265 638 2307 omnes
677 2253 887 2322 species
937 2261 991 2309 et
1023 2253 1224 2310 formas
1263 2256 1380 2312 vitii
1439 2259 1684 2326 sustulit,
1728 2259 2007 2325 dicamus,

447 2342 543 2397 sed
566 2342 859 2400 reddamus
889 2345 1114 2417 insuper
1129 2362 1458 2414 sermonem,
1474 2350 1618 2421 quod
1649 2364 1864 2404 omnem
1887 2365 2012 2420 spe-

446 2433 584 2488 ciem
615 2433 832 2491 virtutis
855 2437 936 2492 lex
968 2445 1189 2493 enarrat
1212 2446 1267 2495 et
1298 2440 1543 2512 exponit.
1579 2439 1636 2495 Si
1661 2440 1803 2496 enim
1830 2440 2013 2495 omnia

443 2523 575 2576 vitia
612 2523 695 2578 lex
732 2527 1061 2592 sustulisset,
1097 2544 1204 2583 non
1238 2538 1418 2585 autem
1455 2545 1644 2586 omnes
1677 2530 1908 2586 virtutes
1938 2530 2018 2585 in-

445 2616 727 2681 seruisset,
762 2634 953 2674 manca
987 2632 1132 2677 esset
1162 2622 1269 2686 lex,
1303 2624 1493 2679 relicta
1521 2624 1783 2679 virtutum
1810 2632 2019 2679 exstru-

443 2708 803 2779 ctione;qua:
835 2710 1054 2781 quidem
1098 2711 1281 2766 omnia
1332 2712 1467 2767 vitia
1511 2728 1637 2768 cum
1689 2714 2007 2786 relegasset,

442 2816 555 2857 non
582 2801 695 2872 jam
728 2818 918 2859 omnes
965 2804 1194 2861 virtutes
1232 2804 1425 2860 animae
1466 2804 1864 2876 despondisset.
1910 2803 2008 2860 Sin

445 2909 577 2949 vero
606 2896 661 2949 in
698 2896 1066 2965 disputatione
1089 2904 1278 2951 nostra
1301 2906 1561 2968 apparent
1589 2899 1732 2969 apud
1763 2900 1932 2970 legem
1953 2908 2009 2955 et

2188 1986 2305 2039 Ἵνα
2345 1984 2401 2038 δὲ
2441 1982 2518 2037 ἔτι
2556 1980 3120 2053 μεγαλοπρεπέστατα
3151 1975 3415 2045 γένωνται
3453 1974 3591 2043 ἡμῖν
3630 1972 3689 2025 οἱ

2115 2078 2292 2147 λόγοι,
2340 2075 2434 2130 καὶ
2472 2077 2612 2145 φανῇ
2641 2075 2675 2144 ἡ
2713 2071 2819 2126 τῶν
2847 2070 3110 2144 αἱρέσεων
3140 2068 3335 2121 ἀτοπία
3355 2106 3371 2133 ,
3404 2065 3550 2120 κατά
3586 2065 3686 2119 τοῦ

2114 2170 2277 2241 νόμου
2317 2167 2514 2230 ἀδίκως
2546 2164 2875 2237 βεόαδικυῖα,
2923 2162 2997 2235 μὴ
3042 2161 3198 2234 μόνον
3249 2161 3329 2214 ὃτι
3387 2161 3494 2213 πᾶν
3540 2155 3689 2218 εἶδος

2115 2259 2312 2323 κακίας
2356 2257 2561 2312 ἀνεῖλεν
2611 2258 2640 2311 6
2684 2255 2873 2326 νόμος,
2906 2251 3341 2324 προσγράφωμεν
3391 2250 3469 2321 τῷ
3513 2249 3686 2320 λόγῳο

2116 2352 2228 2407 ἀλλ’
2260 2353 2342 2405 ὅτι
2371 2350 2465 2403 καὶ
2489 2350 2595 2403 πᾶν
2616 2343 2752 2411 εἶδος
2782 2346 2981 2418 ἀρετῆς
3008 2345 3295 2415 ὑφηγεῖται
3326 2341 3421 2395 καὶ
3463 2341 3703 2412 ἐξηγεῖο

2117 2462 2227 2505 ται,
2267 2440 2692 2513 προσαποδῶμεν
2730 2438 3033 2510 τῇνὸμιλίᾳ.
3077 2438 3140 2490 Et
3184 2436 3281 2507 μὲν
3316 2434 3427 2507 γὰρ
3455 2433 3561 2498 τὰς
3587 2452 3693 2488 κα-

2121 2533 2243 2597 κίας
2271 2532 2449 2596 πάσας
2471 2530 2675 2586 ἀνεῖλεν
2696 2530 2724 2583 ὁ
2752 2530 2939 2600 νόμος,
2966 2529 3027 2581 οὑ
3060 2528 3235 2592 πάσας
3274 2527 3330 2581 δὲ
3353 2528 3452 2591 τὰς
3484 2526 3693 2598 ἀρετὰς

2121 2625 2394 2697 ἐνέθηκεν,
2420 2622 2661 2678 ἐνέλιπεν
2680 2623 2709 2675 6
2738 2621 2918 2691 νόμος,
2946 2619 3259 2690 λειπόμενος
3292 2618 3391 2690 τὴν
3411 2618 3523 2671 τῶν
3554 2617 3695 2690 ἀρετ

2115 2718 2224 2771 τῶν
2255 2715 2621 2786 κατασκευηνσ
2669 2714 2763 2767 καὶ
2796 2711 2896 2775 τὰς
2928 2710 3025 2781 μὲν
3048 2711 3245 2774 κακίας
3288 2711 3470 2772 πάσας
3511 2708 3689 2779 ἐξορί-

2116 2824 2234 2872 σας,
2266 2806 2459 2878 μηκέτι
2485 2804 2543 2859 δὲ
2570 2803 2669 2867 τὰς
2693 2801 2892 2875 ἀρετὰς
2920 2801 3098 2864 πάσας
3119 2803 3188 2871 τῇ
3209 2799 3353 2870 ψυχῇ
3387 2797 3683 2869 μνηστευό-

2116 2914 2293 2969 μενος.
2326 2896 2452 2949 Ἐἀν
2490 2895 2545 2949 δὲ
2578 2894 2730 2967 παρὰ
2757 2894 2852 2948 τοῦ
2896 2893 3055 2962 λόγου
3095 2893 3256 2962 φανῇ,
3300 2892 3383 2944 ὅτι
3423 2889 3572 2961 παρά
3593 2888 3677 2958 τῷ

445 2983 740 3055 prophetas
782 2999 972 3040 omnes
1033 2986 1264 3041 virtutes
1314 2987 1523 3057 positae,
1570 3001 1750 3043 annon
1797 2996 2011 3059 oportet

2119 2989 2260 3060 νόμῳ
2300 2989 2394 3042 καὶ
2430 2990 2541 3051 τοῖς
2587 2986 2891 3059 προφήταις
2918 2985 3087 3038 πᾶσαι
3112 2984 3330 3059 ,κεῖνται
3370 2982 3425 3034 αί
3460 2980 3689 3051 ἀρεταὶ,

445 3076 618 3147 legem
674 3074 768 3130 Dei
814 3075 1076 3131 admirari
1106 3086 1160 3132 et
1204 3077 1497 3149 amplecti?
1537 3077 1677 3134 Cum
1705 3080 1850 3135 enim
1906 3082 2017 3136 sint

446 3177 678 3239 quatuor
708 3169 959 3234 virtutes,
987 3169 1295 3238 prudentia,
1326 3174 1709 3242 temperantia,
1758 3172 2019 3231 fortitudo

450 3269 505 3315 et
533 3261 775 3330 justitia:
809 3276 998 3316 omnes
1020 3262 1249 3320 virtutes
1297 3263 1440 3333 apud
1474 3264 1645 3335 legem
1697 3276 2014 3321 cernuntur.

448 3349 605 3406 Unde
636 3353 731 3423 qui
764 3353 876 3407 vult
910 3368 1032 3409 esse
1079 3362 1433 3423 temperatus,
1488 3354 1652 3411 habet
1692 3357 1747 3409 iu
1779 3356 1894 3427 lege
1936 3355 2020 3410 di-

446 3444 707 3514 sciplinas
741 3464 753 3500 :
788 3446 878 3516 qui
910 3445 1091 3501 studet
1120 3454 1177 3500 ut
1208 3447 1278 3502 sit
1309 3446 1567 3517 prudens,
1611 3447 1865 3503 adhibitis
1887 3447 2017 3503 sub—

452 3535 609 3593 sidiis
650 3536 807 3605 legis,
852 3538 1110 3608 praeclare
1158 3554 1217 3594 se
1261 3538 1316 3594 in
1355 3539 1520 3595 rebus
1567 3546 1716 3609 geret
1747 3558 1760 3592 :
1791 3538 2019 3609 quivult

449 3646 573 3687 esse
599 3629 775 3694 fortis,
808 3619 1048 3686 instruat
1103 3647 1161 3688 se
1220 3632 1506 3703 praeceptis
1553 3631 1687 3702 legis
1722 3632 1855 3702 :qui
1904 3631 2019 3685 vult

445 3724 717 3793 justitiam
747 3724 989 3794 assequi,
1025 3724 1238 3795 pondus
1288 3724 1517 3794 iustitia:
1539 3731 1743 3787 teneat,
1788 3730 1842 3778 et
1883 3723 2017 3779 nihil

452 3802 719 3886 ἰηπαιωιὲ
768 3814 949 3882 faciet,
1011 3814 1217 3872 faciens
1257 3817 1438 3871 omnia
1472 3815 1538 3871 ad
1572 3815 2018 3888 perpendiculum

447 3908 676 3978 justitia:
713 3927 726 3964 :
767 3916 820 3964 et
849 3909 942 3979 qui
963 3908 1140 3965 factus
1168 3917 1251 3966 est
1273 3910 1545 3981 particeps
1575 3909 1896 3979 prudentia},
1930 3909 2017 3965 di—

452 4009 539 4056 cat
568 4020 582 4056 :
608 4001 869 4057 Dominus
906 4001 1091 4057 docuit
1136 4017 1221 4057 me
1270 4002 1614 4073 sapientiam,
1647 4009 1700 4058 et
1737 4001 2021 4072 prudentia

456 4095 694 4150 hominis
723 4110 832 4149 non
863 4104 947 4150 est
980 4095 1035 4149 in
1061 4110 1148 4150 me
1172 4112 1187 4161 ;
1222 4102 1280 4149 ut
1308 4095 1409 4150 hac
1438 4094 1560 4149 ficta
1587 4104 1641 4151 et
1667 4101 1882 4150 errante
1910 4095 2020 4164 eje-

455 4189 542 4237 cta
596 4192 651 4237 et
711 4184 1015 4254 repudiata,
1080 4184 1338 4253 optimam
1408 4194 1461 4238 et
1516 4183 1752 4239 divinam
1817 4184 2020 4254 ample-

452 4282 649 4331 ctatur.

523 4448 805 4504 Pudicitize
836 4465 964 4505 vero
994 4453 1239 4522 exempla
1269 4452 1478 4507 infinita
1522 4454 1775 4524 reperiet,
1824 4454 1914 4524 qui
1951 4456 2021 4510 le-

449 4542 627 4613 gendo
667 4550 894 4612 quaeret,
932 4551 989 4597 ut
1017 4546 1261 4614 exempla
1310 4544 1585 4615 pudicitiae
1638 4546 1929 4616 exprimat,
1966 4553 2020 4600 et

450 4636 673 4707 antiqua
697 4638 942 4708 exempla
971 4638 1039 4692 ad
1091 4639 1489 4694 firmamentum
1539 4647 1592 4695 et
1646 4640 1814 4695 robur
1854 4641 2023 4695 casti-

449 4730 580 4785 tatis
638 4732 1073 4802 complectatur:
1105 4741 1165 4786 ut
1198 4733 1340 4788 illius
1387 4733 1745 4789 adolescentis
1793 4733 1849 4788 in
1901 4734 2021 4804 ipso

449 4817 582 4874 flore
610 4822 808 4885 aetatis,
849 4822 941 4891 qui
984 4820 1085 4875 fuit
1135 4837 1166 4875 a
1229 4821 1489 4879 fratribus
1549 4821 1801 4879 venditus
1851 4830 1906 4878 et
1952 4822 2019 4881 ab

452 4909 709 4984 Egyptio
738 4922 990 4984 emptus;
1022 4913 1117 4983 qui
1144 4913 1448 4969 libertatem
1486 4916 1733 4986 corporis
1768 4914 2015 4978 mutavit,

452 5005 751 5062 libertatem
784 5023 913 5062 vero
963 5008 1155 5063 animas
1206 5008 1592 5063 immutabilem
1647 5007 2017 5074 conservavit;

452 5095 545 5162 qui
575 5096 725 5151 exuit
749 5099 992 5167 pallium,
1020 5115 1086 5154 ne
1133 5100 1395 5171 pudicitia
1428 5111 1758 5169 exucretur;
1814 5103 1901 5156 cui
1933 5102 2018 5156 vis

452 5185 666 5253 quidem
687 5188 916 5257 .pallium
942 5189 1185 5254 abstulit,
1233 5191 1537 5248 necessitas
1576 5207 1702 5247 vero
1758 5208 1863 5247 non
1906 5193 2018 5246 eri-

452 5276 568 5345 puit
599 5279 937 5344 castitatem;
984 5281 1076 5350 qui
1110 5281 1299 5335 maluit
1328 5284 1510 5354 afﬂigi,
1562 5299 1723 5353 quam
1776 5285 1829 5337 in
1871 5300 2019 5337 mor-

455 5369 579 5422 lmm
621 5372 915 5440 voluptatis
941 5374 1219 5440 incidere;
1253 5376 1442 5429 maluit
1488 5392 1610 5431 esse
1654 5377 1707 5430 in
1762 5376 2017 5442 vinculis,

451 5476 613 5527 quam
658 5465 777 5533 capi
831 5466 1137 5537 voluptate;
1189 5469 1281 5538 qui
1318 5468 1577 5523 invidiam
1630 5469 1770 5540 turpi
1816 5469 2019 5524 actioni

447 5556 891 5627 praeposuit;qui
925 5559 1247 5625 existimari,
1284 5568 1339 5616 et
1372 5576 1482 5616 non
1511 5576 1633 5616 csse
1660 5561 1826 5615 voluit
1867 5577 2021 5615 :me-

446 5642 553 5717 lius
613 5648 756 5699 cnim
810 5648 1113 5716 judicavit,
1147 5651 1337 5707 haberi
1386 5651 1582 5722 turpis,
1624 5667 1784 5723 quam
1831 5658 2020 5707 ρδδινιι

2118 3081 2236 3145 πῶς
2263 3081 2324 3134 οὑ
2347 3078 2644 3152 θαυμάζειν
2669 3079 2748 3132 δεῖ
2777 3078 2872 3132 καὶ
2907 3074 3263 3147 ἀποδέχεσθαι
3302 3074 3391 3127 τὸν
3422 3072 3516 3126 τοῦ
3544 3070 3687 3125 Θεοῦ

2118 3174 2279 3246 νόμον
2294 3189 2310 3239 ;
2327 3171 2612 3243 Τεττάρων
2635 3170 2743 3241 γὰρ
2765 3167 2940 3223 οὐσῶν
2961 3166 3194 3239 ἀρετῶν,
3223 3164 3547 3236 φρονήσεως,
3571 3178 3685 3213 σω-
3772 3227 3785 3234 ἦ

2119 3263 2407 3337 φροσὺνης,
2451 3259 2700 3331 ἀνδρείας
2740 3258 2832 3349 κέλ).
2862 3255 3221 3326 δικαιοσύνης.
3265 3253 3390 3349 ὅλαιΪ
3594 3249 3679 3320 τῷ

2117 3358 2267 3428 νόμῳ
2315 3353 2594 3424 φαίνονται
2631 3353 2686 3404 αί
2717 3342 2928 3423 ἀρεταί.
2977 3347 3076 3401 Διά
3102 3346 3259 3399 τοῦτο
3294 3347 3322 3398 6
3360 3342 3682 3428 βουλόμενος

2118 3427 2256 3499 εἶναι
2297 3442 2525 3515 σώφρων
2564 3441 2676 3512 ἔχει
2718 3439 2788 3492 τά
2826 3436 3150 3510 μαθήματαο
3187 3437 3215 3488 6
3267 3433 3508 3487 σπεύδων
3545 3427 3682 3484 εἶναι

2118 3537 2401 3610 φρόνιμος,
2424 3533 2521 3598 τὰς
2545 3530 2798 3603 ἀφορμὰς
2814 3527 2907 3582 τοῦ
2940 3528 3103 3598 νόμου
3133 3523 3333 3587 λαϐὼν,
3373 3520 3691 3593 ἀριστεύσει

2118 3631 2176 3684 ἐν
2207 3628 2286 3700 τῷ
2308 3626 2590 3700 πράγματι
2609 3640 2621 3653 ·
2654 3625 2682 3676 ὁ
2723 3620 3039 3693 βουλόμενος
3071 3613 3208 3670 εἶναι
3260 3614 3507 3686 ἀνδρεῖος
3536 3612 3687 3665 ἀλει-

2119 3722 2300 3792 φέσθω
2328 3723 2446 3783 ταῖς
2490 3714 2897 3789 παραγγελίαις·
2937 3714 2965 3766 6
2998 3708 3305 3774 σπουδάζων
3343 3704 3691 3772 δικαιοσύνης

2118 3814 2357 3884 ἅψασθαι
2377 3812 2437 3866 τὸ
2473 3809 2733 3880 σταθμίον
2752 3808 2852 3878 τῆς
2878 3804 3219 3874 δικαιοσύνης
3260 3800 3564 3873 κρατείτω,
3594 3797 3697 3851 καὶ

2118 3905 2267 3960 οὐδὲν
2293 3904 2473 3958 ἄνισον
2495 3900 2712 3974 πράξει,
2756 3897 2981 3969 σταθμῷ
3025 3893 3370 3965 δικαιοσύνης
3405 3891 3475 3945 τὰ
3512 3890 3691 3944 πάντα

2119 3998 2370 4069 πράττων
2389 4013 2401 4026 ·
2431 3994 2523 4049 καὶ
2548 3993 2860 4064 φρονήσεως
2890 3988 2988 4060 μὲν
3023 3989 3079 4040 ἐν
3105 3982 3316 4057 μεθέξει
3347 3982 3683 4051 γιγνόμενος,

2117 4089 2322 4158 λεγέτω
2346 4104 2357 4117 ·
2400 4087 2455 4141 '0
2487 4085 2617 4149 Θεὸς
2659 4081 2867 4147 ἐδίδαξέ
2904 4098 2971 4152 με
3010 4080 3240 4149 σοφίαν,
3292 4077 3381 4130 καὶ
3421 4073 3683 4146 φρόνησις

2119 4179 2416 4252 ἀνθρώπων
2462 4178 2562 4231 οὑκ
2598 4175 2744 4229 ἐστιν
2765 4176 2822 4227 ἐν
2858 4172 2999 4245 ἐμοί·
3042 4172 3149 4234 ἵνα,
3176 4170 3276 4242 τὴν
3303 4164 3676 4235 πεπλασμένην

2119 4267 2320 4338 ταύτην
2371 4267 2466 4319 καὶ
2516 4262 2935 4336 πεπλανημένην
2972 4259 3273 4332 ὲξωθήσας,
3313 4257 3407 4329 τὴν
3448 4254 3687 4326 ἀρίστην.

2047 4368 2091 4423 Ι)
2122 4362 2213 4414 καὶ
2244 4359 2392 4413 θείαν
2421 4359 2752 4429 ἀσπάσηται.

2189 4453 2545 4527 Σωφροσύνης
2572 4454 2629 4507 δὲ
2668 4451 3035 4521 ὑποδείγματα
3064 4447 3232 4521 μυρία
3262 4446 3483 4518 εὑρήσει
3511 4440 3697 4513 ζητῶν

2120 4551 2149 4603 6
2186 4547 2594 4618 ἀναγινώσκων,
2620 4544 2686 4598 τὰ
2702 4544 3072 4613 ὑποδείγματα
3087 4538 3357 4601 ἐκτυπῶν,
3380 4536 3472 4591 καὶ
3501 4533 3689 4602 ἀλειμ-

2123 4662 2199 4715 μα
2242 4640 2590 4713 σωφροσύνης
2632 4638 2700 4692 τά
2748 4636 2953 4691 παλαιά
2994 4633 3364 4703 ὑποδείγματα
3401 4628 3689 4699 δεχόμενος

2118 4735 2211 4789 τὸν
2248 4734 2461 4788 νεανίαν
2494 4734 2694 4786 ἐκεῖνον
2738 4730 2829 4785 τὸν
2847 4730 3100 4800 ἀκμαῖον,
3128 4726 3220 4779 τὸν
3258 4724 3366 4778 ἀπὸ
3384 4721 3496 4775 τῶν
3533 4718 3689 4774 ἀδελ-

2121 4826 2235 4896 φῶν
2282 4825 2581 4895 δεδομένον,
2628 4823 2723 4877 καὶ
2749 4821 2857 4875 ἀπὸ
2881 4819 2973 4874 τοῦ
3018 4817 3315 4887 Αἰγυπτίου
3358 4812 3686 4885 ἐωνημένον,

2119 4917 2209 4971 τὸν
2236 4916 2334 4987 τὴν
2375 4914 2682 4987 ἐλευθερίαν
2715 4913 2812 4984 τῆς
2848 4911 3023 4982 ψυχῆς
3049 4909 3333 4980 διετήρησε
3365 4905 3691 4973 διατετηρηο

2121 5008 2279 5062 κόταο
2312 5008 2400 5061 τὸν
2430 5006 2831 5075 ἀποδυσάμενον
2858 5001 2924 5055 τὰ
2962 5000 3191 5071 ἱμάτια,
3214 4997 3297 5050 ἵνα
3334 4995 3408 5066 μὴ
3432 4993 3533 5065 τὴν
3579 5008 3690 5047 σω-

2122 5098 2390 5171 φροσύνην
2416 5097 2746 5167 ἀποδύσηται
2765 5112 2778 5124 ·
2808 5094 2897 5147 τὸν
2926 5093 3015 5164 βίᾳ
3053 5091 3153 5162 μὲν
3194 5091 3262 5143 τά
3302 5087 3494 5159 ίμάτια
3525 5084 3693 5152 ἀφαι-

2123 5192 2367 5263 ρεθέντα,
2393 5194 2468 5263 ἐξ,
2480 5189 2720 5259 ἀνάγκης
2742 5186 2798 5241 δὲ
2834 5184 3181 5257 σωφροσύνης
3209 5182 3283 5253 μὴ
3309 5176 3694 5233 ἀποσπασθέν-

2120 5301 2219 5338 ταο
2253 5285 2343 5337 τὸν
2379 5283 2567 5337 παθεῖν
2595 5281 2867 5351 ἑλόμενον,
2897 5279 2981 5330 ῖνα
3019 5275 3095 5346 μὴ
3122 5273 3199 5344 τῷ
3235 5271 3395 5325 πάθει
3425 5270 3527 5339 τῆς
3559 5268 3689 5340 ἠδο-

2121 5375 2218 5445 νῆς
2254 5374 2391 5444 πέσῃ
2412 5391 2424 5403 ·
2456 5373 2547 5425 τὸν
2577 5372 2696 5425 ἀντὶ
2717 5367 2920 5432 πάθους
2951 5368 3047 5437 τῆς
3080 5365 3272 5435 ἡδονῆς
3312 5364 3369 5414 ἐν
3398 5360 3550 5425 τάξει
3580 5358 3689 5410 τῶν

2121 5467 2353 5537 δεσμίων
2382 5464 2641 5535 γεγονότα
2659 5481 2672 5494 ·
2704 5463 2793 5515 τὸν
2816 5460 3065 5531 ἑλόμενον
3089 5456 3369 5527 δεσμώτην
3398 5450 3558 5515 εἶναι,
3602 5451 3688 5502 ἴνα

2125 5560 2200 5631 μὴ
2220 5559 2436 5630 δέσμιος
2475 5558 2571 5628 τῆς
2610 5555 2803 5627 ἡδονῆς
2842 5552 3071 5626 εὑρεθῇ·
3106 5550 3197 5603 τὸν
3237 5547 3427 5617 φθόνον
3467 5546 3570 5615 τῆς
3604 5544 3688 5631 at.

2126 5628 2292 5724 σχρᾶς
2319 5628 2570 5721 πράξεως
2597 5644 2981 5718 προκρίνανταο
3002 5641 3088 5697 τὸν
3112 5639 3426 5711 νομισθῆναι
3461 5635 3490 5688 ὃ
3515 5633 3595 5704 μὴ
3622 5628 3693 5703 ἦν
