  <div class='ocr_page' id='page_1' title='image "/cluster/home/n/w/nwhite01/storage/ocr_20150623/18/hvd.32044073501207/626.png"; bbox 0 0 4022 6208; ppageno 0'>
   <div class='ocr_carea' id='block_1_1' title="bbox 324 155 459 213">
    <p class='ocr_par' dir='ltr' id='par_1_1' title="bbox 324 155 459 213">
     <span class='ocr_line' id='line_1_1' title="bbox 324 155 459 213; baseline -0.015 -2"><span class='ocrx_word' id='word_1_1' title='bbox 324 155 459 213; x_wconf 72' lang='grc'><strong>1257</strong></span> 
     </span>
    </p>
   </div>
   <div class='ocr_carea' id='block_1_2' title="bbox 1333 156 2455 217">
    <p class='ocr_par' dir='ltr' id='par_1_2' title="bbox 1333 156 2455 217">
     <span class='ocr_line' id='line_1_2' title="bbox 1333 156 2455 217; baseline 0.008 -9"><span class='ocrx_word' id='word_1_2' title='bbox 1333 156 1707 214; x_wconf 82' lang='lat' dir='ltr'><strong>ADVERSUS</strong></span> <span class='ocrx_word' id='word_1_3' title='bbox 1746 157 2175 217; x_wconf 64' lang='lat' dir='ltr'><strong>MANICHA‘JOS</strong></span> <span class='ocrx_word' id='word_1_4' title='bbox 2212 160 2340 215; x_wconf 73' lang='lat' dir='ltr'><strong>UB.</strong></span> <span class='ocrx_word' id='word_1_5' title='bbox 2368 161 2455 217; x_wconf 74' lang='grc' dir='ltr'><strong>ΙΙΙ.</strong></span> 
     </span>
    </p>
   </div>
   <div class='ocr_carea' id='block_1_3' title="bbox 3407 161 3548 218">
    <p class='ocr_par' dir='ltr' id='par_1_3' title="bbox 3407 161 3548 218">
     <span class='ocr_line' id='line_1_3' title="bbox 3407 161 3548 218; baseline 0.021 -3"><span class='ocrx_word' id='word_1_6' title='bbox 3407 161 3548 218; x_wconf 69' lang='grc'><strong>1238</strong></span> 
     </span>
    </p>
   </div>
   <div class='ocr_carea' id='block_1_4' title="bbox 316 268 1887 345">
    <p class='ocr_par' dir='ltr' id='par_1_4' title="bbox 316 268 1885 345">
     <span class='ocr_line' id='line_1_4' title="bbox 316 268 1885 345; baseline 0 -20"><span class='ocrx_word' id='word_1_7' title='bbox 316 271 675 345; x_wconf 76' lang='grc' dir='ltr'><strong>βουληθέντα·</strong></span> <span class='ocrx_word' id='word_1_8' title='bbox 729 268 944 325; x_wconf 87' lang='grc' dir='ltr'>κάλλιον</span> <span class='ocrx_word' id='word_1_9' title='bbox 979 269 1087 341; x_wconf 81' lang='grc' dir='ltr'><strong>γάρ</strong></span> <span class='ocrx_word' id='word_1_10' title='bbox 1135 268 1417 339; x_wconf 76' lang='grc' dir='ltr'><strong>ἐλογίσατο</strong></span> <span class='ocrx_word' id='word_1_11' title='bbox 1464 270 1526 324; x_wconf 81' lang='grc' dir='ltr'>τὸ</span> <span class='ocrx_word' id='word_1_12' title='bbox 1567 271 1885 343; x_wconf 81' lang='grc' dir='ltr'>νομισθῆναι</span> 
     </span>
    </p>
   </div>
   <div class='ocr_carea' id='block_1_5' title="bbox 1989 268 3549 345">
    <p class='ocr_par' dir='ltr' id='par_1_5' title="bbox 1989 274 3549 345">
     <span class='ocr_line' id='line_1_5' title="bbox 1989 274 3549 345; baseline 0.006 -17"><span class='ocrx_word' id='word_1_13' title='bbox 1989 274 2153 330; x_wconf 97' lang='lat' dir='ltr'><strong>latere</strong></span> <span class='ocrx_word' id='word_1_14' title='bbox 2186 295 2197 329; x_wconf 94' lang='lat'>:</span> <span class='ocrx_word' id='word_1_15' title='bbox 2252 276 2298 331; x_wconf 99' lang='lat' dir='ltr'><strong>si</strong></span> <span class='ocrx_word' id='word_1_16' title='bbox 2325 275 2473 331; x_wconf 91' lang='lat' dir='ltr'><strong>enim</strong></span> <span class='ocrx_word' id='word_1_17' title='bbox 2505 285 2649 332; x_wconf 83' lang='lat' dir='ltr'><strong>esset</strong></span> <span class='ocrx_word' id='word_1_18' title='bbox 2678 286 2732 334; x_wconf 92' lang='lat' dir='ltr'><strong>et</strong></span> <span class='ocrx_word' id='word_1_19' title='bbox 2788 280 2997 345; x_wconf 89' lang='lat' dir='ltr'><strong>lateret,</strong></span> <span class='ocrx_word' id='word_1_20' title='bbox 3042 281 3315 336; x_wconf 90' lang='lat' dir='ltr'><strong>metuebat</strong></span> <span class='ocrx_word' id='word_1_21' title='bbox 3356 289 3549 338; x_wconf 83' lang='lat' dir='ltr'><strong>testem</strong></span> 
     </span>
    </p>
   </div>
   <div class='ocr_carea' id='block_1_6' title="bbox 313 359 1886 437">
    <p class='ocr_par' dir='ltr' id='par_1_6' title="bbox 313 359 1886 437">
     <span class='ocr_line' id='line_1_6' title="bbox 313 359 1886 437; baseline -0.003 -17"><span class='ocrx_word' id='word_1_22' title='bbox 313 365 562 437; x_wconf 78' lang='grc' dir='ltr'>αἰσχρὸν,</span> <span class='ocrx_word' id='word_1_23' title='bbox 592 364 625 435; x_wconf 85' lang='grc' dir='ltr'><strong>ῆ</strong></span> <span class='ocrx_word' id='word_1_24' title='bbox 661 359 800 416; x_wconf 74' lang='grc' dir='ltr'>εἶναι</span> <span class='ocrx_word' id='word_1_25' title='bbox 832 361 926 415; x_wconf 83' lang='grc' dir='ltr'>καὶ</span> <span class='ocrx_word' id='word_1_26' title='bbox 970 360 1295 415; x_wconf 73' lang='grc' dir='ltr'><strong>λανθάνειν·</strong></span> <span class='ocrx_word' id='word_1_27' title='bbox 1339 362 1621 432; x_wconf 81' lang='grc' dir='ltr'>γινόμενος</span> <span class='ocrx_word' id='word_1_28' title='bbox 1654 362 1763 434; x_wconf 87' lang='grc' dir='ltr'><strong>γὰρ</strong></span> <span class='ocrx_word' id='word_1_29' title='bbox 1791 364 1886 418; x_wconf 81' lang='grc' dir='ltr'>καὶ</span> 
     </span>
    </p>
   </div>
   <div class='ocr_carea' id='block_1_7' title="bbox 310 450 1886 523">
    <p class='ocr_par' dir='ltr' id='par_1_7' title="bbox 310 450 1886 523">
     <span class='ocr_line' id='line_1_7' title="bbox 310 450 1886 523; baseline -0.003 -15"><span class='ocrx_word' id='word_1_30' title='bbox 310 452 609 516; x_wconf 78' lang='grc' dir='ltr'>λανθάνων,</span> <span class='ocrx_word' id='word_1_31' title='bbox 646 452 829 506; x_wconf 83' lang='grc' dir='ltr'>ἐδεδίει</span> <span class='ocrx_word' id='word_1_32' title='bbox 877 452 1128 523; x_wconf 88' lang='grc' dir='ltr'>μάρτυρα</span> <span class='ocrx_word' id='word_1_33' title='bbox 1177 451 1268 505; x_wconf 82' lang='grc' dir='ltr'>τὸν</span> <span class='ocrx_word' id='word_1_34' title='bbox 1306 450 1438 504; x_wconf 87' lang='grc' dir='ltr'>Θεόν</span> <span class='ocrx_word' id='word_1_35' title='bbox 1457 467 1470 479; x_wconf 93' lang='grc'><strong>·</strong></span> <span class='ocrx_word' id='word_1_36' title='bbox 1506 451 1781 521; x_wconf 78' lang='grc' dir='ltr'>νομισθεὶς</span> <span class='ocrx_word' id='word_1_37' title='bbox 1808 450 1886 515; x_wconf 83' lang='grc' dir='ltr'><strong>δέ,</strong></span> 
     </span>
    </p>
   </div>
   <div class='ocr_carea' id='block_1_8' title="bbox 312 543 1885 617">
    <p class='ocr_par' dir='ltr' id='par_1_8' title="bbox 312 543 1885 617">
     <span class='ocr_line' id='line_1_8' title="bbox 312 543 1885 617; baseline -0.001 -18"><span class='ocrx_word' id='word_1_38' title='bbox 312 547 535 617; x_wconf 78' lang='grc' dir='ltr'>ἠρκεῖτο</span> <span class='ocrx_word' id='word_1_39' title='bbox 579 543 660 614; x_wconf 87' lang='grc' dir='ltr'>τῷ</span> <span class='ocrx_word' id='word_1_40' title='bbox 715 545 926 615; x_wconf 79' lang='grc' dir='ltr'>ἐπόπτῃ</span> <span class='ocrx_word' id='word_1_41' title='bbox 970 543 1331 617; x_wconf 74' lang='grc' dir='ltr'><strong>μαρτυροῦντι</strong></span> <span class='ocrx_word' id='word_1_42' title='bbox 1374 547 1487 607; x_wconf 85' lang='grc' dir='ltr'>τοῖς</span> <span class='ocrx_word' id='word_1_43' title='bbox 1524 544 1885 615; x_wconf 87' lang='grc' dir='ltr'>γιγνομένοις.</span> 
     </span>
    </p>
   </div>
   <div class='ocr_carea' id='block_1_9' title="bbox 310 633 1627 706">
    <p class='ocr_par' dir='ltr' id='par_1_9' title="bbox 310 633 1627 706">
     <span class='ocr_line' id='line_1_9' title="bbox 310 633 1627 706; baseline -0.001 -17"><span class='ocrx_word' id='word_1_44' title='bbox 310 634 424 690; x_wconf 79' lang='lat' dir='ltr'><strong>Kal</strong></span> <span class='ocrx_word' id='word_1_45' title='bbox 455 636 556 704; x_wconf 81' lang='grc' dir='ltr'><strong>τῆς</strong></span> <span class='ocrx_word' id='word_1_46' title='bbox 593 633 695 703; x_wconf 85' lang='grc' dir='ltr'>μὲν</span> <span class='ocrx_word' id='word_1_47' title='bbox 733 633 1088 706; x_wconf 75' lang='grc' dir='ltr'><strong>σωφροσύνης</strong></span> <span class='ocrx_word' id='word_1_48' title='bbox 1118 634 1420 705; x_wconf 80' lang='grc' dir='ltr'>ὑπόδειγμα</span> <span class='ocrx_word' id='word_1_49' title='bbox 1449 634 1627 688; x_wconf 80' lang='grc' dir='ltr'>τοῦτο.</span> 
     </span>
    </p>
   </div>
   <div class='ocr_carea' id='block_1_10' title="bbox 381 724 1889 798">
    <p class='ocr_par' dir='ltr' id='par_1_10' title="bbox 381 724 1889 798">
     <span class='ocr_line' id='line_1_10' title="bbox 381 724 1889 798; baseline 0.001 -19"><span class='ocrx_word' id='word_1_50' title='bbox 381 724 496 793; x_wconf 86' lang='grc' dir='ltr'><strong>Τῆς</strong></span> <span class='ocrx_word' id='word_1_51' title='bbox 535 724 593 777; x_wconf 87' lang='grc' dir='ltr'><strong>δέ</strong></span> <span class='ocrx_word' id='word_1_52' title='bbox 622 724 873 795; x_wconf 82' lang='grc' dir='ltr'><strong>ἀνδρείας</strong></span> <span class='ocrx_word' id='word_1_53' title='bbox 907 726 1077 780; x_wconf 82' lang='grc' dir='ltr'>πολλὰ</span> <span class='ocrx_word' id='word_1_54' title='bbox 1108 728 1205 798; x_wconf 81' lang='grc' dir='ltr'>μὲν</span> <span class='ocrx_word' id='word_1_55' title='bbox 1233 727 1326 780; x_wconf 76' lang='grc' dir='ltr'>καὶ</span> <span class='ocrx_word' id='word_1_56' title='bbox 1357 726 1513 791; x_wconf 81' lang='grc' dir='ltr'>ἄλλα,</span> <span class='ocrx_word' id='word_1_57' title='bbox 1536 726 1717 780; x_wconf 77' lang='grc' dir='ltr'>ἱκανὸν</span> <span class='ocrx_word' id='word_1_58' title='bbox 1742 726 1799 778; x_wconf 82' lang='grc' dir='ltr'>δὲ</span> <span class='ocrx_word' id='word_1_59' title='bbox 1826 728 1889 780; x_wconf 83' lang='grc' dir='ltr'>τὸ</span> 
     </span>
    </p>
   </div>
   <div class='ocr_carea' id='block_1_11' title="bbox 310 810 1887 887">
    <p class='ocr_par' dir='ltr' id='par_1_11' title="bbox 310 810 1887 887">
     <span class='ocr_line' id='line_1_11' title="bbox 310 810 1887 887; baseline 0 -20"><span class='ocrx_word' id='word_1_60' title='bbox 310 814 408 886; x_wconf 75' lang='grc' dir='ltr'><strong>τῆς</strong></span> <span class='ocrx_word' id='word_1_61' title='bbox 440 813 653 878; x_wconf 77' lang='grc' dir='ltr'>Ἰουδὶθ,</span> <span class='ocrx_word' id='word_1_62' title='bbox 686 815 769 868; x_wconf 84' lang='grc' dir='ltr'>ὅτι</span> <span class='ocrx_word' id='word_1_63' title='bbox 806 814 1030 884; x_wconf 91' lang='grc' dir='ltr'>γύναιον</span> <span class='ocrx_word' id='word_1_64' title='bbox 1073 812 1173 887; x_wconf 82' lang='grc' dir='ltr'>ἦν,</span> <span class='ocrx_word' id='word_1_65' title='bbox 1227 816 1321 868; x_wconf 71' lang='grc' dir='ltr'>καὶ</span> <span class='ocrx_word' id='word_1_66' title='bbox 1366 814 1592 878; x_wconf 85' lang='grc' dir='ltr'>ἀσθενὲς</span> <span class='ocrx_word' id='word_1_67' title='bbox 1642 810 1744 885; x_wconf 77' lang='grc' dir='ltr'>ἦν,</span> <span class='ocrx_word' id='word_1_68' title='bbox 1792 814 1887 867; x_wconf 78' lang='grc' dir='ltr'>καὶ</span> 
     </span>
    </p>
   </div>
   <div class='ocr_carea' id='block_1_12' title="bbox 310 897 1887 976">
    <p class='ocr_par' dir='ltr' id='par_1_12' title="bbox 310 897 1887 976">
     <span class='ocr_line' id='line_1_12' title="bbox 310 897 1887 976; baseline 0 -19"><span class='ocrx_word' id='word_1_69' title='bbox 310 902 543 974; x_wconf 73' lang='grc' dir='ltr'>ἄτολμον</span> <span class='ocrx_word' id='word_1_70' title='bbox 572 897 663 975; x_wconf 80' lang='grc' dir='ltr'>ἦν,</span> <span class='ocrx_word' id='word_1_71' title='bbox 713 905 834 957; x_wconf 57' lang='grc' dir='ltr'><strong>ἐπεὶ⁵</strong></span> <span class='ocrx_word' id='word_1_72' title='bbox 878 904 1098 973; x_wconf 88' lang='grc' dir='ltr'>γύναιον</span> <span class='ocrx_word' id='word_1_73' title='bbox 1133 900 1219 976; x_wconf 80' lang='grc' dir='ltr'>ἦν.</span> <span class='ocrx_word' id='word_1_74' title='bbox 1255 902 1527 973; x_wconf 80' lang='grc' dir='ltr'>Εὐτολμον</span> <span class='ocrx_word' id='word_1_75' title='bbox 1561 904 1619 957; x_wconf 76' lang='grc' dir='ltr'>δὲ</span> <span class='ocrx_word' id='word_1_76' title='bbox 1670 903 1763 956; x_wconf 77' lang='grc' dir='ltr'>καὶ</span> <span class='ocrx_word' id='word_1_77' title='bbox 1795 904 1887 957; x_wconf 89' lang='grc' dir='ltr'>ἀν-</span> 
     </span>
    </p>
   </div>
   <div class='ocr_carea' id='block_1_13' title="bbox 312 993 1885 1069">
    <p class='ocr_par' dir='ltr' id='par_1_13' title="bbox 312 993 1885 1069">
     <span class='ocr_line' id='line_1_13' title="bbox 312 993 1885 1069; baseline -0.001 -19"><span class='ocrx_word' id='word_1_78' title='bbox 312 995 513 1069; x_wconf 87' lang='grc' dir='ltr'>δρεῖον,</span> <span class='ocrx_word' id='word_1_79' title='bbox 544 996 665 1050; x_wconf 70' lang='grc' dir='ltr'>ἐπεὶ</span> <span class='ocrx_word' id='word_1_80' title='bbox 688 998 876 1051; x_wconf 84' lang='grc' dir='ltr'>πιστὸν</span> <span class='ocrx_word' id='word_1_81' title='bbox 906 993 974 1069; x_wconf 80' lang='grc' dir='ltr'>ἦν</span> <span class='ocrx_word' id='word_1_82' title='bbox 992 1014 1006 1028; x_wconf 97' lang='grc'><strong>·</strong></span> <span class='ocrx_word' id='word_1_83' title='bbox 1035 999 1117 1052; x_wconf 84' lang='grc' dir='ltr'><strong>δτι</strong></span> <span class='ocrx_word' id='word_1_84' title='bbox 1151 996 1219 1051; x_wconf 82' lang='grc' dir='ltr'>τὰ</span> <span class='ocrx_word' id='word_1_85' title='bbox 1244 995 1485 1052; x_wconf 88' lang='grc' dir='ltr'>ἀδύνατα</span> <span class='ocrx_word' id='word_1_86' title='bbox 1506 999 1622 1060; x_wconf 86' lang='grc' dir='ltr'>ταῖς</span> <span class='ocrx_word' id='word_1_87' title='bbox 1660 995 1885 1066; x_wconf 90' lang='grc' dir='ltr'>προσδο-</span> 
     </span>
    </p>
   </div>
   <div class='ocr_carea' id='block_1_14' title="bbox 315 1087 1882 1163">
    <p class='ocr_par' dir='ltr' id='par_1_14' title="bbox 315 1087 1882 1163">
     <span class='ocr_line' id='line_1_14' title="bbox 315 1087 1882 1163; baseline -0.002 -19"><span class='ocrx_word' id='word_1_88' title='bbox 315 1089 467 1153; x_wconf 88' lang='grc' dir='ltr'>κίαις</span> <span class='ocrx_word' id='word_1_89' title='bbox 497 1088 605 1143; x_wconf 85' lang='grc' dir='ltr'>τῶν</span> <span class='ocrx_word' id='word_1_90' title='bbox 629 1088 928 1163; x_wconf 82' lang='grc' dir='ltr'>ἀνθρώπων</span> <span class='ocrx_word' id='word_1_91' title='bbox 957 1090 1157 1146; x_wconf 85' lang='grc' dir='ltr'>δυνατά</span> <span class='ocrx_word' id='word_1_92' title='bbox 1185 1093 1249 1161; x_wconf 78' lang='grc' dir='ltr'>τῇ</span> <span class='ocrx_word' id='word_1_93' title='bbox 1276 1089 1495 1161; x_wconf 78' lang='grc' dir='ltr'>ἀνδρείᾳ</span> <span class='ocrx_word' id='word_1_94' title='bbox 1528 1087 1882 1143; x_wconf 86' lang='grc' dir='ltr'>ἀποδέδωκεν·</span> 
     </span>
    </p>
   </div>
   <div class='ocr_carea' id='block_1_15' title="bbox 315 1179 1885 1253">
    <p class='ocr_par' dir='ltr' id='par_1_15' title="bbox 315 1179 1885 1253">
     <span class='ocr_line' id='line_1_15' title="bbox 315 1179 1885 1253; baseline -0.001 -20"><span class='ocrx_word' id='word_1_95' title='bbox 315 1181 399 1241; x_wconf 79' lang='grc' dir='ltr'>ὅτι</span> <span class='ocrx_word' id='word_1_96' title='bbox 438 1179 508 1234; x_wconf 88' lang='grc' dir='ltr'><strong>τά</strong></span> <span class='ocrx_word' id='word_1_97' title='bbox 540 1180 917 1253; x_wconf 78' lang='grc' dir='ltr'><strong>ἀπροσδόκητα</strong></span> <span class='ocrx_word' id='word_1_98' title='bbox 959 1182 1038 1245; x_wconf 87' lang='grc' dir='ltr'><strong>είς</strong></span> <span class='ocrx_word' id='word_1_99' title='bbox 1087 1180 1268 1235; x_wconf 91' lang='grc' dir='ltr'>πίστιν</span> <span class='ocrx_word' id='word_1_100' title='bbox 1310 1180 1402 1234; x_wconf 75' lang='grc' dir='ltr'>καὶ</span> <span class='ocrx_word' id='word_1_101' title='bbox 1451 1179 1643 1234; x_wconf 87' lang='grc' dir='ltr'>ἐλπίδα</span> <span class='ocrx_word' id='word_1_102' title='bbox 1678 1180 1885 1250; x_wconf 80' lang='grc' dir='ltr'>ῆγαγεν</span> 
     </span>
    </p>
   </div>
   <div class='ocr_carea' id='block_1_16' title="bbox 314 1267 1886 1344">
    <p class='ocr_par' dir='ltr' id='par_1_16' title="bbox 314 1267 1886 1344">
     <span class='ocr_line' id='line_1_16' title="bbox 314 1267 1886 1344; baseline -0.002 -19"><span class='ocrx_word' id='word_1_103' title='bbox 314 1270 536 1344; x_wconf 89' lang='grc' dir='ltr'>ἀνδρεία</span> <span class='ocrx_word' id='word_1_104' title='bbox 566 1270 745 1325; x_wconf 79' lang='grc' dir='ltr'>πίστει</span> <span class='ocrx_word' id='word_1_105' title='bbox 791 1274 1122 1344; x_wconf 88' lang='grc' dir='ltr'>κεκερακυῖα</span> <span class='ocrx_word' id='word_1_106' title='bbox 1140 1288 1155 1303; x_wconf 95' lang='grc'><strong>·</strong></span> <span class='ocrx_word' id='word_1_107' title='bbox 1183 1271 1254 1325; x_wconf 84' lang='grc' dir='ltr'>τὰ</span> <span class='ocrx_word' id='word_1_108' title='bbox 1281 1271 1389 1344; x_wconf 90' lang='grc' dir='ltr'><strong>γάρ</strong></span> <span class='ocrx_word' id='word_1_109' title='bbox 1408 1271 1585 1341; x_wconf 88' lang='grc' dir='ltr'>τειχία</span> <span class='ocrx_word' id='word_1_110' title='bbox 1620 1267 1886 1340; x_wconf 81' lang='grc' dir='ltr'>ἀνεῴγον-</span> 
     </span>
    </p>
   </div>
   <div class='ocr_carea' id='block_1_17' title="bbox 312 1361 1885 1435">
    <p class='ocr_par' dir='ltr' id='par_1_17' title="bbox 312 1361 1885 1435">
     <span class='ocr_line' id='line_1_17' title="bbox 312 1361 1885 1435; baseline 0 -19"><span class='ocrx_word' id='word_1_111' title='bbox 312 1380 403 1429; x_wconf 87' lang='grc' dir='ltr'><strong>το,</strong></span> <span class='ocrx_word' id='word_1_112' title='bbox 440 1363 535 1417; x_wconf 79' lang='grc' dir='ltr'>καὶ</span> <span class='ocrx_word' id='word_1_113' title='bbox 566 1361 712 1434; x_wconf 72' lang='grc' dir='ltr'>ἐξῄει</span> <span class='ocrx_word' id='word_1_114' title='bbox 742 1365 776 1435; x_wconf 78' lang='grc' dir='ltr'>ἠ</span> <span class='ocrx_word' id='word_1_115' title='bbox 812 1365 1026 1428; x_wconf 79' lang='grc' dir='ltr'>νεᾶνις·</span> <span class='ocrx_word' id='word_1_116' title='bbox 1071 1364 1164 1418; x_wconf 75' lang='grc' dir='ltr'>καὶ</span> <span class='ocrx_word' id='word_1_117' title='bbox 1204 1362 1338 1435; x_wconf 90' lang='grc' dir='ltr'><strong>μετά</strong></span> <span class='ocrx_word' id='word_1_118' title='bbox 1381 1363 1672 1434; x_wconf 82' lang='grc' dir='ltr'>παιδίσκης</span> <span class='ocrx_word' id='word_1_119' title='bbox 1720 1363 1885 1433; x_wconf 86' lang='grc' dir='ltr'>μόνης</span> 
     </span>
    </p>
   </div>
   <div class='ocr_carea' id='block_1_18' title="bbox 312 1452 1885 1526">
    <p class='ocr_par' dir='ltr' id='par_1_18' title="bbox 312 1452 1885 1526">
     <span class='ocr_line' id='line_1_18' title="bbox 312 1452 1885 1526; baseline -0.001 -18"><span class='ocrx_word' id='word_1_120' title='bbox 312 1454 481 1526; x_wconf 63' lang='grc' dir='ltr'>ἐξῄει,</span> <span class='ocrx_word' id='word_1_121' title='bbox 524 1456 584 1508; x_wconf 89' lang='grc' dir='ltr'>οὐ</span> <span class='ocrx_word' id='word_1_122' title='bbox 628 1455 688 1509; x_wconf 74' lang='grc' dir='ltr'><strong>τὸ</strong></span> <span class='ocrx_word' id='word_1_123' title='bbox 716 1454 953 1509; x_wconf 78' lang='grc' dir='ltr'>ὕποπτον</span> <span class='ocrx_word' id='word_1_124' title='bbox 992 1455 1084 1509; x_wconf 80' lang='grc' dir='ltr'>τοῦ</span> <span class='ocrx_word' id='word_1_125' title='bbox 1124 1455 1352 1519; x_wconf 86' lang='grc' dir='ltr'>κάλ-λους</span> <span class='ocrx_word' id='word_1_126' title='bbox 1399 1454 1672 1518; x_wconf 80' lang='grc' dir='ltr'>δειλιῶσα,</span> <span class='ocrx_word' id='word_1_127' title='bbox 1715 1454 1775 1506; x_wconf 92' lang='grc' dir='ltr'><strong>οὐ</strong></span> <span class='ocrx_word' id='word_1_128' title='bbox 1816 1452 1885 1506; x_wconf 89' lang='grc' dir='ltr'><strong>τά</strong></span> 
     </span>
    </p>
   </div>
   <div class='ocr_carea' id='block_1_19' title="bbox 314 1545 1883 1619">
    <p class='ocr_par' dir='ltr' id='par_1_19' title="bbox 314 1545 1883 1619">
     <span class='ocr_line' id='line_1_19' title="bbox 314 1545 1883 1619; baseline 0.001 -20"><span class='ocrx_word' id='word_1_129' title='bbox 314 1546 443 1619; x_wconf 79' lang='grc' dir='ltr'>ξίφη</span> <span class='ocrx_word' id='word_1_130' title='bbox 475 1546 845 1619; x_wconf 88' lang='grc' dir='ltr'>εὐλαϐουμένη</span> <span class='ocrx_word' id='word_1_131' title='bbox 866 1587 880 1612; x_wconf 95' lang='grc'><strong>,</strong></span> <span class='ocrx_word' id='word_1_132' title='bbox 914 1547 975 1600; x_wconf 92' lang='grc' dir='ltr'><strong>οὐ</strong></span> <span class='ocrx_word' id='word_1_133' title='bbox 1006 1546 1300 1619; x_wconf 90' lang='grc' dir='ltr'>φοϐηθεῖσα</span> <span class='ocrx_word' id='word_1_134' title='bbox 1349 1547 1423 1617; x_wconf 82' lang='grc' dir='ltr'>μὴ</span> <span class='ocrx_word' id='word_1_135' title='bbox 1466 1545 1761 1617; x_wconf 81' lang='grc' dir='ltr'>λαγνεύσῃ,</span> <span class='ocrx_word' id='word_1_136' title='bbox 1809 1545 1883 1615; x_wconf 82' lang='grc' dir='ltr'>μὴ</span> 
     </span>
    </p>
   </div>
   <div class='ocr_carea' id='block_1_20' title="bbox 1988 363 3550 434">
    <p class='ocr_par' dir='ltr' id='par_1_20' title="bbox 1988 363 3550 434">
     <span class='ocr_line' id='line_1_20' title="bbox 1988 363 3550 434; baseline 0.006 -16"><span class='ocrx_word' id='word_1_137' title='bbox 1988 363 2189 433; x_wconf 88' lang='lat' dir='ltr'><strong>Deum;</strong></span> <span class='ocrx_word' id='word_1_138' title='bbox 2213 366 2297 423; x_wconf 93' lang='lat' dir='ltr'><strong>sin</strong></span> <span class='ocrx_word' id='word_1_139' title='bbox 2318 382 2445 422; x_wconf 87' lang='lat' dir='ltr'><strong>vero</strong></span> <span class='ocrx_word' id='word_1_140' title='bbox 2468 367 2780 434; x_wconf 79' lang='lat' dir='ltr'><strong>haberetur,</strong></span> <span class='ocrx_word' id='word_1_141' title='bbox 2798 376 3089 425; x_wconf 86' lang='lat' dir='ltr'><strong>contentus</strong></span> <span class='ocrx_word' id='word_1_142' title='bbox 3103 378 3222 425; x_wconf 88' lang='lat' dir='ltr'><strong>erat</strong></span> <span class='ocrx_word' id='word_1_143' title='bbox 3246 379 3384 427; x_wconf 83' lang='lat' dir='ltr'><strong>teste</strong></span> <span class='ocrx_word' id='word_1_144' title='bbox 3407 370 3550 427; x_wconf 71' lang='lat' dir='ltr'><strong>farta</strong></span> 
     </span>
    </p>
   </div>
   <div class='ocr_carea' id='block_1_21' title="bbox 1988 457 3551 532">
    <p class='ocr_par' dir='ltr' id='par_1_21' title="bbox 1988 457 3551 532">
     <span class='ocr_line' id='line_1_21' title="bbox 1988 457 3551 532; baseline 0.005 -21"><span class='ocrx_word' id='word_1_145' title='bbox 1988 457 2345 528; x_wconf 86' lang='lat' dir='ltr'><strong>inspectante.</strong></span> <span class='ocrx_word' id='word_1_146' title='bbox 2427 458 2603 530; x_wconf 86' lang='lat' dir='ltr'><strong>Atque</strong></span> <span class='ocrx_word' id='word_1_147' title='bbox 2675 461 2954 531; x_wconf 78' lang='lat' dir='ltr'><strong>pudicitia:</strong></span> <span class='ocrx_word' id='word_1_148' title='bbox 3018 460 3236 532; x_wconf 85' lang='lat' dir='ltr'><strong>quidem</strong></span> <span class='ocrx_word' id='word_1_149' title='bbox 3305 463 3409 519; x_wconf 85' lang='lat' dir='ltr'><strong>hoc</strong></span> <span class='ocrx_word' id='word_1_150' title='bbox 3478 464 3551 519; x_wconf 77' lang='lat' dir='ltr'><strong>sit</strong></span> 
     </span>
    </p>
   </div>
   <div class='ocr_carea' id='block_1_22' title="bbox 1986 552 2314 621">
    <p class='ocr_par' dir='ltr' id='par_1_22' title="bbox 1986 552 2314 621">
     <span class='ocr_line' id='line_1_22' title="bbox 1986 552 2314 621; baseline 0.003 -15"><span class='ocrx_word' id='word_1_151' title='bbox 1986 552 2314 621; x_wconf 89' lang='lat' dir='ltr'><strong>exemplum.</strong></span> 
     </span>
    </p>
   </div>
   <div class='ocr_carea' id='block_1_23' title="bbox 2058 726 3549 799">
    <p class='ocr_par' dir='ltr' id='par_1_23' title="bbox 2058 726 3549 799">
     <span class='ocr_line' id='line_1_23' title="bbox 2058 726 3549 799; baseline 0.002 -19"><span class='ocrx_word' id='word_1_152' title='bbox 2058 726 2416 783; x_wconf 87' lang='lat' dir='ltr'><strong>Fortitudinis</strong></span> <span class='ocrx_word' id='word_1_153' title='bbox 2446 742 2576 783; x_wconf 87' lang='lat' dir='ltr'><strong>vero</strong></span> <span class='ocrx_word' id='word_1_154' title='bbox 2612 727 2779 782; x_wconf 91' lang='lat' dir='ltr'><strong>multa</strong></span> <span class='ocrx_word' id='word_1_155' title='bbox 2831 728 3049 799; x_wconf 85' lang='lat' dir='ltr'><strong>quidem</strong></span> <span class='ocrx_word' id='word_1_156' title='bbox 3088 736 3221 785; x_wconf 85' lang='lat' dir='ltr'><strong>sunt</strong></span> <span class='ocrx_word' id='word_1_157' title='bbox 3249 727 3376 793; x_wconf 87' lang='lat' dir='ltr'><strong>alia,</strong></span> <span class='ocrx_word' id='word_1_158' title='bbox 3418 727 3549 783; x_wconf 76' lang='lat' dir='ltr'><strong>satis</strong></span> 
     </span>
    </p>
   </div>
   <div class='ocr_carea' id='block_1_24' title="bbox 1985 817 3551 892">
    <p class='ocr_par' dir='ltr' id='par_1_24' title="bbox 1985 817 3551 892">
     <span class='ocr_line' id='line_1_24' title="bbox 1985 817 3551 892; baseline 0.003 -20"><span class='ocrx_word' id='word_1_159' title='bbox 1985 834 2116 874; x_wconf 87' lang='lat' dir='ltr'><strong>vero</strong></span> <span class='ocrx_word' id='word_1_160' title='bbox 2142 834 2289 875; x_wconf 91' lang='lat' dir='ltr'><strong>nunc</strong></span> <span class='ocrx_word' id='word_1_161' title='bbox 2315 820 2388 873; x_wconf 90' lang='lat' dir='ltr'><strong>sit</strong></span> <span class='ocrx_word' id='word_1_162' title='bbox 2416 819 2547 874; x_wconf 92' lang='lat' dir='ltr'><strong>illud</strong></span> <span class='ocrx_word' id='word_1_163' title='bbox 2583 817 2789 886; x_wconf 90' lang='lat' dir='ltr'><strong>Judith,</strong></span> <span class='ocrx_word' id='word_1_164' title='bbox 2820 836 2942 892; x_wconf 74' lang='lat' dir='ltr'><strong>quae</strong></span> <span class='ocrx_word' id='word_1_165' title='bbox 2972 821 3289 877; x_wconf 85' lang='lat' dir='ltr'><strong>muliercula</strong></span> <span class='ocrx_word' id='word_1_166' title='bbox 3334 829 3473 881; x_wconf 88' lang='lat' dir='ltr'><strong>erat,</strong></span> <span class='ocrx_word' id='word_1_167' title='bbox 3495 829 3551 876; x_wconf 83' lang='lat' dir='ltr'><strong>et</strong></span> 
     </span>
    </p>
   </div>
   <div class='ocr_carea' id='block_1_25' title="bbox 1987 910 3551 984">
    <p class='ocr_par' dir='ltr' id='par_1_25' title="bbox 1987 910 3551 984">
     <span class='ocr_line' id='line_1_25' title="bbox 1987 910 3551 984; baseline 0.001 -20"><span class='ocrx_word' id='word_1_168' title='bbox 1987 910 2202 966; x_wconf 74' lang='lat' dir='ltr'><strong>infirma</strong></span> <span class='ocrx_word' id='word_1_169' title='bbox 2234 922 2371 978; x_wconf 87' lang='lat' dir='ltr'><strong>erat,</strong></span> <span class='ocrx_word' id='word_1_170' title='bbox 2418 923 2470 966; x_wconf 90' lang='lat' dir='ltr'><strong>et</strong></span> <span class='ocrx_word' id='word_1_171' title='bbox 2504 928 2612 967; x_wconf 91' lang='lat' dir='ltr'><strong>non</strong></span> <span class='ocrx_word' id='word_1_172' title='bbox 2659 913 2835 968; x_wconf 81' lang='lat' dir='ltr'><strong>audax</strong></span> <span class='ocrx_word' id='word_1_173' title='bbox 2878 921 3017 979; x_wconf 89' lang='lat' dir='ltr'><strong>erat,</strong></span> <span class='ocrx_word' id='word_1_174' title='bbox 3060 913 3187 984; x_wconf 88' lang='lat' dir='ltr'><strong>quia</strong></span> <span class='ocrx_word' id='word_1_175' title='bbox 3232 912 3551 968; x_wconf 85' lang='lat' dir='ltr'><strong>muliercula</strong></span> 
     </span>
    </p>
   </div>
   <div class='ocr_carea' id='block_1_26' title="bbox 1985 1002 3551 1079">
    <p class='ocr_par' dir='ltr' id='par_1_26' title="bbox 1985 1002 3551 1079">
     <span class='ocr_line' id='line_1_26' title="bbox 1985 1002 3551 1079; baseline -0.001 -21"><span class='ocrx_word' id='word_1_176' title='bbox 1985 1010 2125 1058; x_wconf 89' lang='lat' dir='ltr'><strong>erat.</strong></span> <span class='ocrx_word' id='word_1_177' title='bbox 2151 1002 2339 1079; x_wconf 84' lang='lat' dir='ltr'><strong>Audax</strong></span> <span class='ocrx_word' id='word_1_178' title='bbox 2362 1011 2552 1058; x_wconf 83' lang='lat' dir='ltr'><strong>tamen</strong></span> <span class='ocrx_word' id='word_1_179' title='bbox 2585 1004 2686 1058; x_wconf 91' lang='lat' dir='ltr'><strong>fuit</strong></span> <span class='ocrx_word' id='word_1_180' title='bbox 2714 1012 2769 1060; x_wconf 91' lang='lat' dir='ltr'><strong>et</strong></span> <span class='ocrx_word' id='word_1_181' title='bbox 2806 1003 2983 1070; x_wconf 92' lang='lat' dir='ltr'><strong>fortis,</strong></span> <span class='ocrx_word' id='word_1_182' title='bbox 3023 1006 3149 1075; x_wconf 88' lang='lat' dir='ltr'><strong>quia</strong></span> <span class='ocrx_word' id='word_1_183' title='bbox 3199 1002 3458 1059; x_wconf 85' lang='lat' dir='ltr'><strong>credibile</strong></span> <span class='ocrx_word' id='word_1_184' title='bbox 3497 1003 3551 1057; x_wconf 92' lang='lat' dir='ltr'><strong>ei</strong></span> 
     </span>
    </p>
   </div>
   <div class='ocr_carea' id='block_1_27' title="bbox 1985 1092 3552 1164">
    <p class='ocr_par' dir='ltr' id='par_1_27' title="bbox 1985 1092 3552 1164">
     <span class='ocr_line' id='line_1_27' title="bbox 1985 1092 3552 1164; baseline 0.002 -17"><span class='ocrx_word' id='word_1_185' title='bbox 1985 1092 2106 1155; x_wconf 86' lang='lat' dir='ltr'><strong>fuit.</strong></span> <span class='ocrx_word' id='word_1_186' title='bbox 2137 1108 2258 1164; x_wconf 65' lang='lat' dir='ltr'><strong>quae</strong></span> <span class='ocrx_word' id='word_1_187' title='bbox 2310 1096 2716 1164; x_wconf 82' lang='lat' dir='ltr'><strong>exspectatione</strong></span> <span class='ocrx_word' id='word_1_188' title='bbox 2774 1096 3054 1151; x_wconf 87' lang='lat' dir='ltr'><strong>hominum</strong></span> <span class='ocrx_word' id='word_1_189' title='bbox 3112 1094 3225 1151; x_wconf 85' lang='lat' dir='ltr'><strong>fieri</strong></span> <span class='ocrx_word' id='word_1_190' title='bbox 3276 1110 3384 1149; x_wconf 92' lang='lat' dir='ltr'><strong>non</strong></span> <span class='ocrx_word' id='word_1_191' title='bbox 3433 1108 3552 1164; x_wconf 51' lang='lat' dir='ltr'><strong>pos.</strong></span> 
     </span>
    </p>
   </div>
   <div class='ocr_carea' id='block_1_28' title="bbox 1984 1184 3554 1257">
    <p class='ocr_par' dir='ltr' id='par_1_28' title="bbox 1984 1184 3554 1257">
     <span class='ocr_line' id='line_1_28' title="bbox 1984 1184 3554 1257; baseline -0.002 -19"><span class='ocrx_word' id='word_1_192' title='bbox 1984 1191 2133 1247; x_wconf 83' lang='lat' dir='ltr'><strong>sunt,</strong></span> <span class='ocrx_word' id='word_1_193' title='bbox 2152 1200 2312 1254; x_wconf 88' lang='lat' dir='ltr'><strong>posse</strong></span> <span class='ocrx_word' id='word_1_194' title='bbox 2344 1184 2693 1253; x_wconf 73' lang='lat' dir='ltr'><strong>fortitudine;</strong></span> <span class='ocrx_word' id='word_1_195' title='bbox 2723 1202 2845 1257; x_wconf 62' lang='lat' dir='ltr'><strong>quae</strong></span> <span class='ocrx_word' id='word_1_196' title='bbox 2867 1202 2990 1242; x_wconf 91' lang='lat' dir='ltr'><strong>cum</strong></span> <span class='ocrx_word' id='word_1_197' title='bbox 3021 1186 3124 1242; x_wconf 89' lang='lat' dir='ltr'><strong>tide</strong></span> <span class='ocrx_word' id='word_1_198' title='bbox 3146 1186 3308 1242; x_wconf 89' lang='lat' dir='ltr'><strong>mista</strong></span> <span class='ocrx_word' id='word_1_199' title='bbox 3333 1200 3400 1241; x_wconf 90' lang='lat' dir='ltr'><strong>ac</strong></span> <span class='ocrx_word' id='word_1_200' title='bbox 3421 1194 3554 1241; x_wconf 60' lang='lat' dir='ltr'><strong>tem.</strong></span> 
     </span>
    </p>
   </div>
   <div class='ocr_carea' id='block_1_29' title="bbox 1985 1275 3553 1347">
    <p class='ocr_par' dir='ltr' id='par_1_29' title="bbox 1985 1275 3553 1347">
     <span class='ocr_line' id='line_1_29' title="bbox 1985 1275 3553 1347; baseline 0 -17"><span class='ocrx_word' id='word_1_201' title='bbox 1985 1284 2193 1345; x_wconf 88' lang='lat' dir='ltr'><strong>perata,</strong></span> <span class='ocrx_word' id='word_1_202' title='bbox 2224 1277 2292 1331; x_wconf 88' lang='lat' dir='ltr'><strong>ad</strong></span> <span class='ocrx_word' id='word_1_203' title='bbox 2324 1276 2482 1331; x_wconf 87' lang='lat' dir='ltr'><strong>fidem</strong></span> <span class='ocrx_word' id='word_1_204' title='bbox 2529 1285 2583 1332; x_wconf 86' lang='lat' dir='ltr'><strong>et</strong></span> <span class='ocrx_word' id='word_1_205' title='bbox 2617 1293 2766 1347; x_wconf 87' lang='lat' dir='ltr'><strong>spem</strong></span> <span class='ocrx_word' id='word_1_206' title='bbox 2801 1277 3027 1332; x_wconf 86' lang='lat' dir='ltr'><strong>adduxit</strong></span> <span class='ocrx_word' id='word_1_207' title='bbox 3066 1278 3339 1347; x_wconf 84' lang='lat' dir='ltr'><strong>insperata</strong></span> <span class='ocrx_word' id='word_1_208' title='bbox 3370 1275 3553 1332; x_wconf 85' lang='lat' dir='ltr'><strong>:muri</strong></span> 
     </span>
    </p>
   </div>
   <div class='ocr_carea' id='block_1_30' title="bbox 1985 1364 3549 1435">
    <p class='ocr_par' dir='ltr' id='par_1_30' title="bbox 1985 1364 3549 1435">
     <span class='ocr_line' id='line_1_30' title="bbox 1985 1364 3549 1435; baseline 0 -16"><span class='ocrx_word' id='word_1_209' title='bbox 1985 1364 2131 1420; x_wconf 91' lang='lat' dir='ltr'><strong>enim</strong></span> <span class='ocrx_word' id='word_1_210' title='bbox 2164 1366 2335 1435; x_wconf 87' lang='lat' dir='ltr'><strong>aperti</strong></span> <span class='ocrx_word' id='word_1_211' title='bbox 2370 1374 2522 1428; x_wconf 88' lang='lat' dir='ltr'><strong>sunt,</strong></span> <span class='ocrx_word' id='word_1_212' title='bbox 2552 1372 2608 1421; x_wconf 90' lang='lat' dir='ltr'><strong>et</strong></span> <span class='ocrx_word' id='word_1_213' title='bbox 2636 1366 2805 1421; x_wconf 80' lang='lat' dir='ltr'><strong>exivit</strong></span> <span class='ocrx_word' id='word_1_214' title='bbox 2848 1366 3277 1431; x_wconf 87' lang='lat' dir='ltr'><strong>adolescentula,</strong></span> <span class='ocrx_word' id='word_1_215' title='bbox 3318 1373 3373 1421; x_wconf 93' lang='lat' dir='ltr'><strong>et</strong></span> <span class='ocrx_word' id='word_1_216' title='bbox 3423 1380 3549 1420; x_wconf 89' lang='lat' dir='ltr'><strong>cum</strong></span> 
     </span>
    </p>
   </div>
   <div class='ocr_carea' id='block_1_31' title="bbox 1988 1454 3547 1525">
    <p class='ocr_par' dir='ltr' id='par_1_31' title="bbox 1988 1454 3547 1525">
     <span class='ocr_line' id='line_1_31' title="bbox 1988 1454 3547 1525; baseline 0.001 -17"><span class='ocrx_word' id='word_1_217' title='bbox 1988 1454 2104 1508; x_wconf 91' lang='lat' dir='ltr'><strong>sola</strong></span> <span class='ocrx_word' id='word_1_218' title='bbox 2145 1454 2343 1508; x_wconf 88' lang='lat' dir='ltr'><strong>ancilla</strong></span> <span class='ocrx_word' id='word_1_219' title='bbox 2388 1455 2579 1520; x_wconf 84' lang='lat' dir='ltr'><strong>exivit,</strong></span> <span class='ocrx_word' id='word_1_220' title='bbox 2628 1469 2738 1509; x_wconf 82' lang='lat' dir='ltr'><strong>non</strong></span> <span class='ocrx_word' id='word_1_221' title='bbox 2801 1454 3104 1511; x_wconf 79' lang='lat' dir='ltr'><strong>formidans</strong></span> <span class='ocrx_word' id='word_1_222' title='bbox 3133 1454 3280 1525; x_wconf 77' lang='lat' dir='ltr'><strong>quad</strong></span> <span class='ocrx_word' id='word_1_223' title='bbox 3326 1464 3445 1511; x_wconf 90' lang='lat' dir='ltr'><strong>erat</strong></span> <span class='ocrx_word' id='word_1_224' title='bbox 3489 1455 3547 1510; x_wconf 92' lang='lat' dir='ltr'><strong>in</strong></span> 
     </span>
    </p>
   </div>
   <div class='ocr_carea' id='block_1_32' title="bbox 1988 1544 3549 1616">
    <p class='ocr_par' dir='ltr' id='par_1_32' title="bbox 1988 1544 3549 1616">
     <span class='ocr_line' id='line_1_32' title="bbox 1988 1544 3549 1616; baseline 0.002 -18"><span class='ocrx_word' id='word_1_225' title='bbox 1988 1544 2394 1615; x_wconf 84' lang='lat' dir='ltr'><strong>pulchritudine</strong></span> <span class='ocrx_word' id='word_1_226' title='bbox 2422 1555 2772 1615; x_wconf 84' lang='lat' dir='ltr'><strong>suspectum;</strong></span> <span class='ocrx_word' id='word_1_227' title='bbox 2796 1556 3168 1601; x_wconf 85' lang='lat' dir='ltr'><strong>nonmetuens</strong></span> <span class='ocrx_word' id='word_1_228' title='bbox 3182 1544 3411 1616; x_wconf 87' lang='lat' dir='ltr'><strong>gladios,</strong></span> <span class='ocrx_word' id='word_1_229' title='bbox 3438 1560 3549 1601; x_wconf 89' lang='lat' dir='ltr'><strong>non</strong></span> 
     </span>
    </p>
   </div>
   <div class='ocr_carea' id='block_1_33' title="bbox 314 1632 1887 1711">
    <p class='ocr_par' dir='ltr' id='par_1_33' title="bbox 314 1635 1887 1711">
     <span class='ocr_line' id='line_1_33' title="bbox 314 1635 1887 1711; baseline -0.003 -20"><span class='ocrx_word' id='word_1_230' title='bbox 314 1638 407 1711; x_wconf 79' lang='grc' dir='ltr'><strong>βίᾳ</strong></span> <span class='ocrx_word' id='word_1_231' title='bbox 433 1638 725 1693; x_wconf 84' lang='grc' dir='ltr'>ἀκολασίαν</span> <span class='ocrx_word' id='word_1_232' title='bbox 751 1637 1018 1710; x_wconf 79' lang='grc' dir='ltr'>ὑπομείνῃ</span> <span class='ocrx_word' id='word_1_233' title='bbox 1039 1654 1051 1668; x_wconf 90' lang='grc'><strong>·</strong></span> <span class='ocrx_word' id='word_1_234' title='bbox 1088 1640 1162 1711; x_wconf 84' lang='grc' dir='ltr'>μὴ</span> <span class='ocrx_word' id='word_1_235' title='bbox 1195 1637 1447 1693; x_wconf 86' lang='grc' dir='ltr'>δειλιῶσα</span> <span class='ocrx_word' id='word_1_236' title='bbox 1484 1638 1556 1709; x_wconf 79' lang='grc' dir='ltr'>μή</span> <span class='ocrx_word' id='word_1_237' title='bbox 1590 1655 1643 1690; x_wconf 91' lang='grc' dir='ltr'><strong>τι</strong></span> <span class='ocrx_word' id='word_1_238' title='bbox 1680 1636 1787 1690; x_wconf 84' lang='grc' dir='ltr'>ἀπὸ</span> <span class='ocrx_word' id='word_1_239' title='bbox 1811 1635 1887 1700; x_wconf 79' lang='grc' dir='ltr'><strong>ξί-</strong></span> 
     </span>
    </p>
   </div>
   <div class='ocr_carea' id='block_1_34' title="bbox 1989 1632 3549 1711">
    <p class='ocr_par' dir='ltr' id='par_1_34' title="bbox 1989 1632 3549 1705">
     <span class='ocr_line' id='line_1_34' title="bbox 1989 1632 3549 1705; baseline 0.003 -17"><span class='ocrx_word' id='word_1_240' title='bbox 1989 1634 2184 1689; x_wconf 90' lang='lat' dir='ltr'><strong>timens</strong></span> <span class='ocrx_word' id='word_1_241' title='bbox 2213 1649 2281 1689; x_wconf 92' lang='lat' dir='ltr'><strong>ne</strong></span> <span class='ocrx_word' id='word_1_242' title='bbox 2320 1634 2375 1689; x_wconf 91' lang='lat' dir='ltr'><strong>in</strong></span> <span class='ocrx_word' id='word_1_243' title='bbox 2402 1634 2629 1690; x_wconf 88' lang='lat' dir='ltr'><strong>libidine</strong></span> <span class='ocrx_word' id='word_1_244' title='bbox 2650 1643 2832 1703; x_wconf 68' lang='lat' dir='ltr'><strong>esset,</strong></span> <span class='ocrx_word' id='word_1_245' title='bbox 2857 1651 2927 1691; x_wconf 91' lang='lat' dir='ltr'><strong>ne</strong></span> <span class='ocrx_word' id='word_1_246' title='bbox 2953 1636 3036 1691; x_wconf 87' lang='lat' dir='ltr'><strong>vis</strong></span> <span class='ocrx_word' id='word_1_247' title='bbox 3058 1634 3353 1691; x_wconf 80' lang='lat' dir='ltr'><strong>inferretur</strong></span> <span class='ocrx_word' id='word_1_248' title='bbox 3388 1632 3549 1705; x_wconf 87' lang='lat' dir='ltr'><strong>pudi-</strong></span> 
     </span>
    </p>
   </div>
   <div class='ocr_carea' id='block_1_35' title="bbox 314 1726 1888 1800">
    <p class='ocr_par' dir='ltr' id='par_1_35' title="bbox 314 1726 1888 1800">
     <span class='ocr_line' id='line_1_35' title="bbox 314 1726 1888 1800; baseline -0.004 -15"><span class='ocrx_word' id='word_1_249' title='bbox 314 1747 446 1800; x_wconf 85' lang='grc' dir='ltr'>φους</span> <span class='ocrx_word' id='word_1_250' title='bbox 466 1729 774 1795; x_wconf 80' lang='grc' dir='ltr'>ὲξαπίναιον</span> <span class='ocrx_word' id='word_1_251' title='bbox 803 1728 982 1800; x_wconf 84' lang='grc' dir='ltr'><strong>πάθῃ·</strong></span> <span class='ocrx_word' id='word_1_252' title='bbox 1023 1727 1160 1783; x_wconf 89' lang='grc' dir='ltr'><strong>ἀλλά</strong></span> <span class='ocrx_word' id='word_1_253' title='bbox 1190 1728 1251 1781; x_wconf 81' lang='grc' dir='ltr'>τὸ</span> <span class='ocrx_word' id='word_1_254' title='bbox 1286 1728 1384 1798; x_wconf 80' lang='grc' dir='ltr'>μὲν</span> <span class='ocrx_word' id='word_1_255' title='bbox 1422 1726 1649 1800; x_wconf 65' lang='grc' dir='ltr'>φοϐερὸν</span> <span class='ocrx_word' id='word_1_256' title='bbox 1679 1726 1772 1780; x_wconf 83' lang='grc' dir='ltr'><strong>τοῦ</strong></span> <span class='ocrx_word' id='word_1_257' title='bbox 1812 1726 1888 1791; x_wconf 82' lang='grc' dir='ltr'><strong>ξί-</strong></span> 
     </span>
    </p>
   </div>
   <div class='ocr_carea' id='block_1_36' title="bbox 315 1819 1888 1894">
    <p class='ocr_par' dir='ltr' id='par_1_36' title="bbox 315 1819 1888 1894">
     <span class='ocr_line' id='line_1_36' title="bbox 315 1819 1888 1894; baseline -0.002 -19"><span class='ocrx_word' id='word_1_258' title='bbox 315 1839 448 1891; x_wconf 88' lang='grc' dir='ltr'>φους</span> <span class='ocrx_word' id='word_1_259' title='bbox 471 1824 537 1894; x_wconf 78' lang='grc' dir='ltr'>τῇ</span> <span class='ocrx_word' id='word_1_260' title='bbox 558 1821 782 1894; x_wconf 73' lang='grc' dir='ltr'>ἀνδρείᾳ</span> <span class='ocrx_word' id='word_1_261' title='bbox 802 1820 1029 1886; x_wconf 84' lang='grc' dir='ltr'>νικῶσα,</span> <span class='ocrx_word' id='word_1_262' title='bbox 1050 1821 1126 1877; x_wconf 84' lang='grc' dir='ltr'><strong>,τὺ</strong></span> <span class='ocrx_word' id='word_1_263' title='bbox 1150 1821 1209 1875; x_wconf 85' lang='grc' dir='ltr'><strong>δέ</strong></span> <span class='ocrx_word' id='word_1_264' title='bbox 1239 1820 1434 1885; x_wconf 89' lang='grc' dir='ltr'>κάλλος</span> <span class='ocrx_word' id='word_1_265' title='bbox 1460 1820 1538 1891; x_wconf 84' lang='grc' dir='ltr'>τῷ</span> <span class='ocrx_word' id='word_1_266' title='bbox 1563 1819 1681 1891; x_wconf 86' lang='grc' dir='ltr'><strong>Θεῷ</strong></span> <span class='ocrx_word' id='word_1_267' title='bbox 1710 1837 1888 1890; x_wconf 86' lang='grc' dir='ltr'>παρα-</span> 
     </span>
    </p>
   </div>
   <div class='ocr_carea' id='block_1_37' title="bbox 314 1908 1886 1983">
    <p class='ocr_par' dir='ltr' id='par_1_37' title="bbox 314 1908 1886 1983">
     <span class='ocr_line' id='line_1_37' title="bbox 314 1908 1886 1983; baseline -0.003 -17"><span class='ocrx_word' id='word_1_268' title='bbox 314 1910 603 1983; x_wconf 87' lang='grc' dir='ltr'>τιθεμένη·</span> <span class='ocrx_word' id='word_1_269' title='bbox 648 1908 958 1975; x_wconf 81' lang='grc' dir='ltr'>ἀξιόπιστον</span> <span class='ocrx_word' id='word_1_270' title='bbox 993 1908 1101 1981; x_wconf 81' lang='grc' dir='ltr'>γὰρ</span> <span class='ocrx_word' id='word_1_271' title='bbox 1147 1909 1237 1963; x_wconf 76' lang='grc' dir='ltr'>τὸν</span> <span class='ocrx_word' id='word_1_272' title='bbox 1275 1909 1407 1965; x_wconf 85' lang='grc' dir='ltr'>Θεὸν</span> <span class='ocrx_word' id='word_1_273' title='bbox 1448 1908 1663 1978; x_wconf 85' lang='grc' dir='ltr'>φύλακα</span> <span class='ocrx_word' id='word_1_274' title='bbox 1698 1910 1886 1979; x_wconf 77' lang='grc' dir='ltr'>ἡγεῖτο</span> 
     </span>
    </p>
   </div>
   <div class='ocr_carea' id='block_1_38' title="bbox 313 1995 1883 2070">
    <p class='ocr_par' dir='ltr' id='par_1_38' title="bbox 313 1995 1883 2070">
     <span class='ocr_line' id='line_1_38' title="bbox 313 1995 1883 2070; baseline 0.001 -20"><span class='ocrx_word' id='word_1_275' title='bbox 313 1996 408 2050; x_wconf 82' lang='grc' dir='ltr'><strong>τοῦ</strong></span> <span class='ocrx_word' id='word_1_276' title='bbox 435 1995 690 2061; x_wconf 83' lang='grc' dir='ltr'>κάλλους·</span> <span class='ocrx_word' id='word_1_277' title='bbox 728 1997 981 2068; x_wconf 79' lang='grc' dir='ltr'>φρύγανα</span> <span class='ocrx_word' id='word_1_278' title='bbox 1016 1996 1073 2051; x_wconf 86' lang='grc' dir='ltr'>δὲ</span> <span class='ocrx_word' id='word_1_279' title='bbox 1100 1996 1196 2051; x_wconf 74' lang='grc' dir='ltr'><strong>καὶ</strong></span> <span class='ocrx_word' id='word_1_280' title='bbox 1220 1997 1471 2070; x_wconf 89' lang='grc' dir='ltr'>πάπυρον</span> <span class='ocrx_word' id='word_1_281' title='bbox 1497 1996 1567 2051; x_wconf 88' lang='grc' dir='ltr'><strong>τά</strong></span> <span class='ocrx_word' id='word_1_282' title='bbox 1609 1997 1736 2068; x_wconf 82' lang='grc' dir='ltr'>ξίφη</span> <span class='ocrx_word' id='word_1_283' title='bbox 1767 1997 1883 2051; x_wconf 87' lang='grc' dir='ltr'>ἐλο-</span> 
     </span>
    </p>
   </div>
   <div class='ocr_carea' id='block_1_39' title="bbox 314 2085 1884 2158">
    <p class='ocr_par' dir='ltr' id='par_1_39' title="bbox 314 2085 1884 2158">
     <span class='ocr_line' id='line_1_39' title="bbox 314 2085 1884 2158; baseline -0.001 -18"><span class='ocrx_word' id='word_1_284' title='bbox 314 2087 516 2157; x_wconf 79' lang='grc' dir='ltr'>γίζετο,</span> <span class='ocrx_word' id='word_1_285' title='bbox 552 2089 901 2157; x_wconf 87' lang='grc' dir='ltr'>πεπατηκυῖα</span> <span class='ocrx_word' id='word_1_286' title='bbox 931 2085 1009 2157; x_wconf 85' lang='grc' dir='ltr'>τῷ</span> <span class='ocrx_word' id='word_1_287' title='bbox 1035 2086 1342 2158; x_wconf 82' lang='grc' dir='ltr'>φρονήματι</span> <span class='ocrx_word' id='word_1_288' title='bbox 1384 2088 1483 2158; x_wconf 85' lang='grc' dir='ltr'><strong>τῆς</strong></span> <span class='ocrx_word' id='word_1_289' title='bbox 1510 2086 1756 2158; x_wconf 82' lang='grc' dir='ltr'>ἀνδρείας</span> <span class='ocrx_word' id='word_1_290' title='bbox 1788 2086 1884 2157; x_wconf 85' lang='grc' dir='ltr'>τὴν</span> 
     </span>
    </p>
   </div>
   <div class='ocr_carea' id='block_1_40' title="bbox 312 2175 1883 2252">
    <p class='ocr_par' dir='ltr' id='par_1_40' title="bbox 312 2175 1883 2252">
     <span class='ocr_line' id='line_1_40' title="bbox 312 2175 1883 2252; baseline -0.001 -22"><span class='ocrx_word' id='word_1_291' title='bbox 312 2175 547 2231; x_wconf 67' lang='grc' dir='ltr'>δειλίαν·</span> <span class='ocrx_word' id='word_1_292' title='bbox 597 2176 690 2252; x_wconf 61' lang='grc' dir='ltr'><strong>καί</strong></span> <span class='ocrx_word' id='word_1_293' title='bbox 744 2176 1019 2248; x_wconf 86' lang='grc' dir='ltr'>παρῆλθεν</span> <span class='ocrx_word' id='word_1_294' title='bbox 1062 2178 1095 2248; x_wconf 81' lang='grc' dir='ltr'>ή</span> <span class='ocrx_word' id='word_1_295' title='bbox 1138 2176 1298 2249; x_wconf 75' lang='grc' dir='ltr'>γυνὴ,</span> <span class='ocrx_word' id='word_1_296' title='bbox 1343 2178 1437 2230; x_wconf 80' lang='grc' dir='ltr'><strong>καὶ</strong></span> <span class='ocrx_word' id='word_1_297' title='bbox 1479 2177 1747 2248; x_wconf 81' lang='grc' dir='ltr'>τολμηρὸν</span> <span class='ocrx_word' id='word_1_298' title='bbox 1786 2177 1883 2230; x_wconf 91' lang='grc' dir='ltr'><strong>οὐκ</strong></span> 
     </span>
    </p>
   </div>
   <div class='ocr_carea' id='block_1_41' title="bbox 312 2266 1879 2340">
    <p class='ocr_par' dir='ltr' id='par_1_41' title="bbox 312 2266 1879 2340">
     <span class='ocr_line' id='line_1_41' title="bbox 312 2266 1879 2340; baseline -0.001 -17"><span class='ocrx_word' id='word_1_299' title='bbox 312 2267 527 2340; x_wconf 89' lang='grc' dir='ltr'>ἐκρίθη.</span> <span class='ocrx_word' id='word_1_300' title='bbox 564 2268 697 2322; x_wconf 87' lang='grc' dir='ltr'><strong>Οὐδέ</strong></span> <span class='ocrx_word' id='word_1_301' title='bbox 725 2267 1060 2340; x_wconf 85' lang='grc' dir='ltr'>τραχύτητος</span> <span class='ocrx_word' id='word_1_302' title='bbox 1115 2266 1364 2340; x_wconf 76' lang='grc' dir='ltr'>ἔγκλημα</span> <span class='ocrx_word' id='word_1_303' title='bbox 1400 2267 1507 2339; x_wconf 82' lang='grc'><strong>(59)</strong></span> <span class='ocrx_word' id='word_1_304' title='bbox 1557 2268 1879 2339; x_wconf 82' lang='grc' dir='ltr'>ὑπέμεινεν·</span> 
     </span>
    </p>
   </div>
   <div class='ocr_carea' id='block_1_42' title="bbox 312 2355 1885 2432">
    <p class='ocr_par' dir='ltr' id='par_1_42' title="bbox 312 2355 1885 2432">
     <span class='ocr_line' id='line_1_42' title="bbox 312 2355 1885 2432; baseline 0.001 -22"><span class='ocrx_word' id='word_1_305' title='bbox 312 2355 434 2411; x_wconf 73' lang='grc' dir='ltr'>οὔτε</span> <span class='ocrx_word' id='word_1_306' title='bbox 456 2356 565 2429; x_wconf 81' lang='grc' dir='ltr'>γὰρ</span> <span class='ocrx_word' id='word_1_307' title='bbox 596 2356 760 2429; x_wconf 84' lang='grc' dir='ltr'>ἀτελῆ</span> <span class='ocrx_word' id='word_1_308' title='bbox 793 2357 860 2411; x_wconf 89' lang='grc' dir='ltr'><strong>τά</strong></span> <span class='ocrx_word' id='word_1_309' title='bbox 894 2358 1170 2429; x_wconf 83' lang='grc' dir='ltr'>κριθέντα,</span> <span class='ocrx_word' id='word_1_310' title='bbox 1217 2359 1302 2412; x_wconf 81' lang='grc' dir='ltr'>ἵνα</span> <span class='ocrx_word' id='word_1_311' title='bbox 1337 2357 1669 2431; x_wconf 87' lang='grc' dir='ltr'>τραχύτητος</span> <span class='ocrx_word' id='word_1_312' title='bbox 1695 2358 1885 2432; x_wconf 87' lang='grc' dir='ltr'>ἐγκλη-</span> 
     </span>
    </p>
   </div>
   <div class='ocr_carea' id='block_1_43' title="bbox 314 2448 1881 2523">
    <p class='ocr_par' dir='ltr' id='par_1_43' title="bbox 314 2448 1881 2523">
     <span class='ocr_line' id='line_1_43' title="bbox 314 2448 1881 2523; baseline 0.001 -21"><span class='ocrx_word' id='word_1_313' title='bbox 314 2448 416 2521; x_wconf 81' lang='grc' dir='ltr'>θῇ·</span> <span class='ocrx_word' id='word_1_314' title='bbox 450 2449 798 2522; x_wconf 87' lang='grc' dir='ltr'>πεπεραίωκε</span> <span class='ocrx_word' id='word_1_315' title='bbox 837 2448 905 2503; x_wconf 88' lang='grc' dir='ltr'><strong>τά</strong></span> <span class='ocrx_word' id='word_1_316' title='bbox 949 2448 1374 2521; x_wconf 84' lang='grc' dir='ltr'>βεϐουλευμένα·</span> <span class='ocrx_word' id='word_1_317' title='bbox 1423 2451 1503 2514; x_wconf 87' lang='grc' dir='ltr'><strong>είς</strong></span> <span class='ocrx_word' id='word_1_318' title='bbox 1542 2450 1713 2523; x_wconf 88' lang='grc' dir='ltr'>πέρας</span> <span class='ocrx_word' id='word_1_319' title='bbox 1741 2450 1881 2523; x_wconf 78' lang='grc' dir='ltr'>ῆχθη</span> 
     </span>
    </p>
   </div>
   <div class='ocr_carea' id='block_1_44' title="bbox 311 2539 1883 2615">
    <p class='ocr_par' dir='ltr' id='par_1_44' title="bbox 311 2539 1883 2615">
     <span class='ocr_line' id='line_1_44' title="bbox 311 2539 1883 2615; baseline 0.002 -22"><span class='ocrx_word' id='word_1_320' title='bbox 311 2539 383 2593; x_wconf 77' lang='grc' dir='ltr'>τὰ</span> <span class='ocrx_word' id='word_1_321' title='bbox 410 2542 742 2612; x_wconf 88' lang='grc' dir='ltr'>ἐσκεμμένα.</span> <span class='ocrx_word' id='word_1_322' title='bbox 773 2541 871 2595; x_wconf 89' lang='grc' dir='ltr'>Διά</span> <span class='ocrx_word' id='word_1_323' title='bbox 900 2541 1058 2595; x_wconf 77' lang='grc' dir='ltr'>τοῦτο</span> <span class='ocrx_word' id='word_1_324' title='bbox 1091 2541 1462 2613; x_wconf 77' lang='grc' dir='ltr'>θαυμάζεται,</span> <span class='ocrx_word' id='word_1_325' title='bbox 1512 2543 1594 2595; x_wconf 81' lang='grc' dir='ltr'>ὅτι</span> <span class='ocrx_word' id='word_1_326' title='bbox 1626 2543 1883 2615; x_wconf 81' lang='grc' dir='ltr'>φρόνησιν</span> 
     </span>
    </p>
   </div>
   <div class='ocr_carea' id='block_1_45' title="bbox 314 2632 1886 2706">
    <p class='ocr_par' dir='ltr' id='par_1_45' title="bbox 314 2632 1886 2706">
     <span class='ocr_line' id='line_1_45' title="bbox 314 2632 1886 2706; baseline 0.003 -21"><span class='ocrx_word' id='word_1_327' title='bbox 314 2632 534 2705; x_wconf 80' lang='grc' dir='ltr'>ἀνδρείᾳ</span> <span class='ocrx_word' id='word_1_328' title='bbox 560 2632 742 2704; x_wconf 74' lang='grc' dir='ltr'>ἔμιξεν</span> <span class='ocrx_word' id='word_1_329' title='bbox 762 2649 776 2663; x_wconf 95' lang='grc'><strong>·</strong></span> <span class='ocrx_word' id='word_1_330' title='bbox 810 2636 893 2689; x_wconf 84' lang='grc' dir='ltr'>ὅτι</span> <span class='ocrx_word' id='word_1_331' title='bbox 918 2635 1018 2688; x_wconf 83' lang='grc' dir='ltr'>ὅσα</span> <span class='ocrx_word' id='word_1_332' title='bbox 1044 2633 1418 2698; x_wconf 86' lang='grc' dir='ltr'>ἐϐουλεύσατο,</span> <span class='ocrx_word' id='word_1_333' title='bbox 1445 2634 1525 2698; x_wconf 89' lang='grc' dir='ltr'><strong>είς</strong></span> <span class='ocrx_word' id='word_1_334' title='bbox 1558 2634 1731 2706; x_wconf 88' lang='grc' dir='ltr'>πέρας</span> <span class='ocrx_word' id='word_1_335' title='bbox 1752 2636 1886 2705; x_wconf 78' lang='grc' dir='ltr'>ὴγά-</span> 
     </span>
    </p>
   </div>
   <div class='ocr_carea' id='block_1_46' title="bbox 313 2737 460 2792">
    <p class='ocr_par' dir='ltr' id='par_1_46' title="bbox 313 2737 460 2792">
     <span class='ocr_line' id='line_1_46' title="bbox 313 2737 460 2792; baseline 0 -16"><span class='ocrx_word' id='word_1_336' title='bbox 313 2737 460 2792; x_wconf 89' lang='grc' dir='ltr'>γετο.</span> 
     </span>
    </p>
   </div>
   <div class='ocr_carea' id='block_1_47' title="bbox 1984 1722 3553 1797">
    <p class='ocr_par' dir='ltr' id='par_1_47' title="bbox 1984 1722 3553 1797">
     <span class='ocr_line' id='line_1_47' title="bbox 1984 1722 3553 1797; baseline 0.003 -19"><span class='ocrx_word' id='word_1_337' title='bbox 1984 1724 2126 1779; x_wconf 70' lang='lat' dir='ltr'><strong>citiaz</strong></span> <span class='ocrx_word' id='word_1_338' title='bbox 2157 1741 2172 1791; x_wconf 91' lang='lat'><strong>;</strong></span> <span class='ocrx_word' id='word_1_339' title='bbox 2204 1739 2314 1779; x_wconf 91' lang='lat' dir='ltr'><strong>non</strong></span> <span class='ocrx_word' id='word_1_340' title='bbox 2342 1722 2643 1781; x_wconf 91' lang='lat' dir='ltr'><strong>formidans</strong></span> <span class='ocrx_word' id='word_1_341' title='bbox 2683 1741 2754 1781; x_wconf 91' lang='lat' dir='ltr'><strong>ne</strong></span> <span class='ocrx_word' id='word_1_342' title='bbox 2803 1726 2943 1797; x_wconf 84' lang='lat' dir='ltr'><strong>quid</strong></span> <span class='ocrx_word' id='word_1_343' title='bbox 2975 1725 3318 1796; x_wconf 88' lang='lat' dir='ltr'><strong>repentinum</strong></span> <span class='ocrx_word' id='word_1_344' title='bbox 3346 1742 3413 1782; x_wconf 86' lang='lat' dir='ltr'><strong>ex</strong></span> <span class='ocrx_word' id='word_1_345' title='bbox 3437 1725 3553 1797; x_wconf 76' lang='lat' dir='ltr'><strong>gla-</strong></span> 
     </span>
    </p>
   </div>
   <div class='ocr_carea' id='block_1_48' title="bbox 1985 1812 3555 1888">
    <p class='ocr_par' dir='ltr' id='par_1_48' title="bbox 1985 1812 3555 1888">
     <span class='ocr_line' id='line_1_48' title="bbox 1985 1812 3555 1888; baseline 0.002 -22"><span class='ocrx_word' id='word_1_346' title='bbox 1985 1812 2077 1867; x_wconf 92' lang='lat' dir='ltr'><strong>dio</strong></span> <span class='ocrx_word' id='word_1_347' title='bbox 2122 1813 2394 1869; x_wconf 89' lang='lat' dir='ltr'><strong>accideret</strong></span> <span class='ocrx_word' id='word_1_348' title='bbox 2430 1834 2443 1868; x_wconf 93' lang='lat'>:</span> <span class='ocrx_word' id='word_1_349' title='bbox 2478 1815 2612 1885; x_wconf 89' lang='lat' dir='ltr'><strong>quin</strong></span> <span class='ocrx_word' id='word_1_350' title='bbox 2660 1816 2841 1885; x_wconf 89' lang='lat' dir='ltr'><strong>potius</strong></span> <span class='ocrx_word' id='word_1_351' title='bbox 2881 1823 3143 1872; x_wconf 79' lang='lat' dir='ltr'><strong>terrorem</strong></span> <span class='ocrx_word' id='word_1_352' title='bbox 3189 1816 3355 1888; x_wconf 92' lang='lat' dir='ltr'><strong>gladii</strong></span> <span class='ocrx_word' id='word_1_353' title='bbox 3395 1814 3555 1870; x_wconf 89' lang='lat' dir='ltr'><strong>forti-</strong></span> 
     </span>
    </p>
   </div>
   <div class='ocr_carea' id='block_1_49' title="bbox 1984 1906 3553 1974">
    <p class='ocr_par' dir='ltr' id='par_1_49' title="bbox 1984 1906 3553 1974">
     <span class='ocr_line' id='line_1_49' title="bbox 1984 1906 3553 1974; baseline 0.003 -15"><span class='ocrx_word' id='word_1_354' title='bbox 1984 1906 2174 1963; x_wconf 88' lang='lat' dir='ltr'><strong>tudine</strong></span> <span class='ocrx_word' id='word_1_355' title='bbox 2207 1907 2449 1974; x_wconf 90' lang='lat' dir='ltr'><strong>vincens,</strong></span> <span class='ocrx_word' id='word_1_356' title='bbox 2507 1908 2901 1967; x_wconf 84' lang='lat' dir='ltr'><strong>formositatem</strong></span> <span class='ocrx_word' id='word_1_357' title='bbox 2938 1927 3068 1966; x_wconf 86' lang='lat' dir='ltr'><strong>vero</strong></span> <span class='ocrx_word' id='word_1_358' title='bbox 3126 1910 3236 1967; x_wconf 88' lang='lat' dir='ltr'><strong>Deo</strong></span> <span class='ocrx_word' id='word_1_359' title='bbox 3274 1924 3553 1965; x_wconf 91' lang='lat' dir='ltr'><strong>commen-</strong></span> 
     </span>
    </p>
   </div>
   <div class='ocr_carea' id='block_1_50' title="bbox 1983 1997 3552 2074">
    <p class='ocr_par' dir='ltr' id='par_1_50' title="bbox 1983 1997 3552 2074">
     <span class='ocr_line' id='line_1_50' title="bbox 1983 1997 3552 2074; baseline 0.002 -22"><span class='ocrx_word' id='word_1_360' title='bbox 1983 1997 2142 2053; x_wconf 89' lang='lat' dir='ltr'><strong>dans.</strong></span> <span class='ocrx_word' id='word_1_361' title='bbox 2178 1998 2345 2054; x_wconf 90' lang='lat' dir='ltr'><strong>Deum</strong></span> <span class='ocrx_word' id='word_1_362' title='bbox 2376 2001 2519 2055; x_wconf 90' lang='lat' dir='ltr'><strong>enim</strong></span> <span class='ocrx_word' id='word_1_363' title='bbox 2553 2001 2838 2058; x_wconf 88' lang='lat' dir='ltr'><strong>custodem</strong></span> <span class='ocrx_word' id='word_1_364' title='bbox 2870 2002 3292 2073; x_wconf 83' lang='lat' dir='ltr'><strong>pulchritudinis</strong></span> <span class='ocrx_word' id='word_1_365' title='bbox 3329 2002 3552 2074; x_wconf 85' lang='lat' dir='ltr'><strong>dignum</strong></span> 
     </span>
    </p>
   </div>
   <div class='ocr_carea' id='block_1_51' title="bbox 1985 2088 3552 2165">
    <p class='ocr_par' dir='ltr' id='par_1_51' title="bbox 1985 2088 3552 2165">
     <span class='ocr_line' id='line_1_51' title="bbox 1985 2088 3552 2165; baseline 0.001 -22"><span class='ocrx_word' id='word_1_366' title='bbox 1985 2089 2076 2143; x_wconf 87' lang='lat' dir='ltr'><strong>cui</strong></span> <span class='ocrx_word' id='word_1_367' title='bbox 2108 2088 2328 2156; x_wconf 80' lang='lat' dir='ltr'><strong>fideret,</strong></span> <span class='ocrx_word' id='word_1_368' title='bbox 2383 2091 2729 2146; x_wconf 77' lang='lat' dir='ltr'><strong>existimabat</strong></span> <span class='ocrx_word' id='word_1_369' title='bbox 2777 2107 2927 2161; x_wconf 89' lang='lat' dir='ltr'><strong>esse;</strong></span> <span class='ocrx_word' id='word_1_370' title='bbox 2984 2093 3193 2165; x_wconf 77' lang='lat' dir='ltr'><strong>gladios</strong></span> <span class='ocrx_word' id='word_1_371' title='bbox 3248 2108 3378 2149; x_wconf 90' lang='lat' dir='ltr'><strong>vero</strong></span> <span class='ocrx_word' id='word_1_372' title='bbox 3428 2106 3552 2148; x_wconf 65' lang='lat' dir='ltr'><strong>saro</strong></span> 
     </span>
    </p>
   </div>
   <div class='ocr_carea' id='block_1_52' title="bbox 1989 2184 3553 2253">
    <p class='ocr_par' dir='ltr' id='par_1_52' title="bbox 1989 2184 3553 2253">
     <span class='ocr_line' id='line_1_52' title="bbox 1989 2184 3553 2253; baseline 0.003 -18"><span class='ocrx_word' id='word_1_373' title='bbox 1989 2187 2171 2235; x_wconf 84' lang='lat' dir='ltr'><strong>menta</strong></span> <span class='ocrx_word' id='word_1_374' title='bbox 2209 2188 2260 2235; x_wconf 93' lang='lat' dir='ltr'><strong>et</strong></span> <span class='ocrx_word' id='word_1_375' title='bbox 2280 2196 2545 2253; x_wconf 80' lang='lat' dir='ltr'><strong>papyrum</strong></span> <span class='ocrx_word' id='word_1_376' title='bbox 2583 2184 2839 2251; x_wconf 83' lang='lat' dir='ltr'><strong>ducebat,</strong></span> <span class='ocrx_word' id='word_1_377' title='bbox 2876 2186 3045 2241; x_wconf 87' lang='lat' dir='ltr'><strong>animi</strong></span> <span class='ocrx_word' id='word_1_378' title='bbox 3079 2185 3399 2242; x_wconf 89' lang='lat' dir='ltr'><strong>fortitudine</strong></span> <span class='ocrx_word' id='word_1_379' title='bbox 3438 2184 3553 2240; x_wconf 85' lang='lat' dir='ltr'><strong>for-</strong></span> 
     </span>
    </p>
   </div>
   <div class='ocr_carea' id='block_1_53' title="bbox 1988 2273 3546 2346">
    <p class='ocr_par' dir='ltr' id='par_1_53' title="bbox 1988 2273 3546 2346">
     <span class='ocr_line' id='line_1_53' title="bbox 1988 2273 3546 2346; baseline 0.004 -20"><span class='ocrx_word' id='word_1_380' title='bbox 1988 2273 2250 2329; x_wconf 90' lang='lat' dir='ltr'><strong>midinem</strong></span> <span class='ocrx_word' id='word_1_381' title='bbox 2297 2291 2610 2345; x_wconf 88' lang='lat' dir='ltr'><strong>superans:</strong></span> <span class='ocrx_word' id='word_1_382' title='bbox 2644 2279 2901 2335; x_wconf 85' lang='lat' dir='ltr'><strong>transivit</strong></span> <span class='ocrx_word' id='word_1_383' title='bbox 2953 2280 3169 2346; x_wconf 88' lang='lat' dir='ltr'><strong>mulier,</strong></span> <span class='ocrx_word' id='word_1_384' title='bbox 3214 2288 3268 2337; x_wconf 94' lang='lat' dir='ltr'><strong>et</strong></span> <span class='ocrx_word' id='word_1_385' title='bbox 3299 2295 3409 2335; x_wconf 91' lang='lat' dir='ltr'><strong>non</strong></span> <span class='ocrx_word' id='word_1_386' title='bbox 3457 2288 3546 2335; x_wconf 90' lang='lat' dir='ltr'><strong>est</strong></span> 
     </span>
    </p>
   </div>
   <div class='ocr_carea' id='block_1_54' title="bbox 1985 2360 3552 2439">
    <p class='ocr_par' dir='ltr' id='par_1_54' title="bbox 1985 2360 3552 2439">
     <span class='ocr_line' id='line_1_54' title="bbox 1985 2360 3552 2439; baseline 0.006 -24"><span class='ocrx_word' id='word_1_387' title='bbox 1985 2360 2290 2431; x_wconf 77' lang='lat' dir='ltr'><strong>iudicatum</strong></span> <span class='ocrx_word' id='word_1_388' title='bbox 2342 2367 2708 2432; x_wconf 88' lang='lat' dir='ltr'><strong>temerarium,</strong></span> <span class='ocrx_word' id='word_1_389' title='bbox 2760 2370 2905 2439; x_wconf 89' lang='lat' dir='ltr'><strong>quod</strong></span> <span class='ocrx_word' id='word_1_390' title='bbox 2957 2385 3090 2427; x_wconf 88' lang='lat' dir='ltr'><strong>ausa</strong></span> <span class='ocrx_word' id='word_1_391' title='bbox 3139 2378 3243 2426; x_wconf 92' lang='lat' dir='ltr'><strong>est.</strong></span> <span class='ocrx_word' id='word_1_392' title='bbox 3280 2370 3399 2424; x_wconf 83' lang='lat' dir='ltr'><strong>Non</strong></span> <span class='ocrx_word' id='word_1_393' title='bbox 3448 2368 3552 2425; x_wconf 84' lang='lat' dir='ltr'><strong>fuit</strong></span> 
     </span>
    </p>
   </div>
   <div class='ocr_carea' id='block_1_55' title="bbox 1989 2452 3551 2532">
    <p class='ocr_par' dir='ltr' id='par_1_55' title="bbox 1989 2452 3551 2532">
     <span class='ocr_line' id='line_1_55' title="bbox 1989 2452 3551 2532; baseline 0.006 -26"><span class='ocrx_word' id='word_1_394' title='bbox 1989 2452 2047 2507; x_wconf 94' lang='lat' dir='ltr'><strong>in</strong></span> <span class='ocrx_word' id='word_1_395' title='bbox 2084 2468 2149 2509; x_wconf 90' lang='lat' dir='ltr'><strong>ea</strong></span> <span class='ocrx_word' id='word_1_396' title='bbox 2196 2456 2507 2511; x_wconf 87' lang='lat' dir='ltr'><strong>criminatio</strong></span> <span class='ocrx_word' id='word_1_397' title='bbox 2568 2458 2820 2527; x_wconf 66' lang='lat' dir='ltr'><strong>duritiae;</strong></span> <span class='ocrx_word' id='word_1_398' title='bbox 2887 2475 2988 2516; x_wconf 92' lang='lat' dir='ltr'><strong>nec</strong></span> <span class='ocrx_word' id='word_1_399' title='bbox 3039 2461 3183 2516; x_wconf 90' lang='lat' dir='ltr'><strong>enim</strong></span> <span class='ocrx_word' id='word_1_400' title='bbox 3237 2461 3551 2532; x_wconf 87' lang='lat' dir='ltr'><strong>imperfecta</strong></span> 
     </span>
    </p>
   </div>
   <div class='ocr_carea' id='block_1_56' title="bbox 1988 2542 3551 2620">
    <p class='ocr_par' dir='ltr' id='par_1_56' title="bbox 1988 2542 3551 2620">
     <span class='ocr_line' id='line_1_56' title="bbox 1988 2542 3551 2620; baseline 0.004 -21"><span class='ocrx_word' id='word_1_401' title='bbox 1988 2542 2230 2611; x_wconf 89' lang='lat' dir='ltr'><strong>fuerunt,</strong></span> <span class='ocrx_word' id='word_1_402' title='bbox 2253 2563 2374 2618; x_wconf 64' lang='lat' dir='ltr'><strong>quae</strong></span> <span class='ocrx_word' id='word_1_403' title='bbox 2403 2547 2617 2604; x_wconf 79' lang='lat' dir='ltr'><strong>fuerant</strong></span> <span class='ocrx_word' id='word_1_404' title='bbox 2631 2550 2876 2620; x_wconf 88' lang='lat' dir='ltr'><strong>judicata</strong></span> <span class='ocrx_word' id='word_1_405' title='bbox 2902 2560 2956 2607; x_wconf 94' lang='lat' dir='ltr'><strong>et</strong></span> <span class='ocrx_word' id='word_1_406' title='bbox 2992 2552 3232 2614; x_wconf 86' lang='lat' dir='ltr'><strong>decreta,</strong></span> <span class='ocrx_word' id='word_1_407' title='bbox 3263 2562 3323 2607; x_wconf 94' lang='lat' dir='ltr'><strong>ut</strong></span> <span class='ocrx_word' id='word_1_408' title='bbox 3349 2553 3551 2608; x_wconf 87' lang='lat' dir='ltr'><strong>duritia</strong></span> 
     </span>
    </p>
   </div>
   <div class='ocr_carea' id='block_1_57' title="bbox 1990 2640 3554 2713">
    <p class='ocr_par' dir='ltr' id='par_1_57' title="bbox 1990 2640 3554 2713">
     <span class='ocr_line' id='line_1_57' title="bbox 1990 2640 3554 2713; baseline 0.006 -23"><span class='ocrx_word' id='word_1_409' title='bbox 1990 2646 2279 2693; x_wconf 82' lang='lat' dir='ltr'><strong>accusetur</strong></span> <span class='ocrx_word' id='word_1_410' title='bbox 2313 2657 2326 2693; x_wconf 91' lang='lat'><strong>:</strong></span> <span class='ocrx_word' id='word_1_411' title='bbox 2356 2640 2581 2709; x_wconf 76' lang='lat' dir='ltr'><strong>perfecit</strong></span> <span class='ocrx_word' id='word_1_412' title='bbox 2608 2657 2693 2709; x_wconf 92' lang='lat' dir='ltr'><strong>ea,</strong></span> <span class='ocrx_word' id='word_1_413' title='bbox 2725 2642 2792 2698; x_wconf 93' lang='lat' dir='ltr'><strong>de</strong></span> <span class='ocrx_word' id='word_1_414' title='bbox 2822 2643 3022 2713; x_wconf 91' lang='lat' dir='ltr'><strong>quibus</strong></span> <span class='ocrx_word' id='word_1_415' title='bbox 3043 2644 3403 2700; x_wconf 88' lang='lat' dir='ltr'><strong>deliberatum</strong></span> <span class='ocrx_word' id='word_1_416' title='bbox 3432 2643 3554 2700; x_wconf 79' lang='lat' dir='ltr'><strong>fue-</strong></span> 
     </span>
    </p>
   </div>
   <div class='ocr_carea' id='block_1_58' title="bbox 1992 2727 3553 2800">
    <p class='ocr_par' dir='ltr' id='par_1_58' title="bbox 1992 2727 3553 2800">
     <span class='ocr_line' id='line_1_58' title="bbox 1992 2727 3553 2800; baseline 0.003 -19"><span class='ocrx_word' id='word_1_417' title='bbox 1992 2734 2079 2781; x_wconf 89' lang='lat' dir='ltr'><strong>rat</strong></span> <span class='ocrx_word' id='word_1_418' title='bbox 2112 2746 2126 2784; x_wconf 92' lang='lat'><strong>:</strong></span> <span class='ocrx_word' id='word_1_419' title='bbox 2161 2727 2230 2781; x_wconf 88' lang='lat' dir='ltr'><strong>ad</strong></span> <span class='ocrx_word' id='word_1_420' title='bbox 2262 2727 2422 2784; x_wconf 84' lang='lat' dir='ltr'><strong>ﬁnem</strong></span> <span class='ocrx_word' id='word_1_421' title='bbox 2449 2731 2712 2800; x_wconf 87' lang='lat' dir='ltr'><strong>perducta</strong></span> <span class='ocrx_word' id='word_1_422' title='bbox 2744 2740 2875 2787; x_wconf 91' lang='lat' dir='ltr'><strong>sunt</strong></span> <span class='ocrx_word' id='word_1_423' title='bbox 2926 2732 3294 2788; x_wconf 87' lang='lat' dir='ltr'><strong>considerata.</strong></span> <span class='ocrx_word' id='word_1_424' title='bbox 3342 2730 3553 2788; x_wconf 85' lang='lat' dir='ltr'><strong>Idcirco</strong></span> 
     </span>
    </p>
   </div>
   <div class='ocr_carea' id='block_1_59' title="bbox 316 2817 3552 2899">
    <p class='ocr_par' dir='ltr' id='par_1_59' title="bbox 316 2817 3552 2899">
     <span class='ocr_line' id='line_1_59' title="bbox 316 2817 3552 2899; baseline 0.002 -26"><span class='ocrx_word' id='word_1_425' title='bbox 316 2817 375 2874; x_wconf 91' lang='lat' dir='ltr'><strong>in</strong></span> <span class='ocrx_word' id='word_1_426' title='bbox 427 2819 787 2879; x_wconf 90' lang='lat' dir='ltr'><strong>admiratione</strong></span> <span class='ocrx_word' id='word_1_427' title='bbox 832 2830 939 2890; x_wconf 78' lang='lat' dir='ltr'><strong>est,</strong></span> <span class='ocrx_word' id='word_1_428' title='bbox 993 2825 1123 2896; x_wconf 91' lang='lat' dir='ltr'><strong>quia</strong></span> <span class='ocrx_word' id='word_1_429' title='bbox 1172 2823 1520 2895; x_wconf 90' lang='lat' dir='ltr'><strong>prudentiam</strong></span> <span class='ocrx_word' id='word_1_430' title='bbox 1573 2823 1881 2881; x_wconf 86' lang='lat' dir='ltr'><strong>fortitudini</strong></span> <span class='ocrx_word' id='word_1_431' title='bbox 1919 2823 2234 2891; x_wconf 83' lang='lat' dir='ltr'><strong>admiscuit,</strong></span> <span class='ocrx_word' id='word_1_432' title='bbox 2268 2826 2399 2897; x_wconf 88' lang='lat' dir='ltr'><strong>quia</strong></span> <span class='ocrx_word' id='word_1_433' title='bbox 2421 2842 2582 2884; x_wconf 89' lang='lat' dir='ltr'><strong>omne</strong></span> <span class='ocrx_word' id='word_1_434' title='bbox 2627 2828 2917 2884; x_wconf 87' lang='lat' dir='ltr'><strong>consilium</strong></span> <span class='ocrx_word' id='word_1_435' title='bbox 2971 2836 3209 2899; x_wconf 70' lang='lat' dir='ltr'><strong>coeptum</strong></span> <span class='ocrx_word' id='word_1_436' title='bbox 3249 2827 3318 2883; x_wconf 92' lang='lat' dir='ltr'><strong>ad</strong></span> <span class='ocrx_word' id='word_1_437' title='bbox 3347 2827 3552 2882; x_wconf 81' lang='lat' dir='ltr'><strong>exitum</strong></span> 
     </span>
    </p>
   </div>
   <div class='ocr_carea' id='block_1_60' title="bbox 316 2911 589 2980">
    <p class='ocr_par' dir='ltr' id='par_1_60' title="bbox 316 2911 589 2980">
     <span class='ocr_line' id='line_1_60' title="bbox 316 2911 589 2980; baseline 0.011 -15"><span class='ocrx_word' id='word_1_438' title='bbox 316 2911 589 2980; x_wconf 88' lang='lat' dir='ltr'><strong>perduxit.</strong></span> 
     </span>
    </p>
   </div>
   <div class='ocr_carea' id='block_1_61' title="bbox 389 2979 1887 3082">
    <p class='ocr_par' dir='ltr' id='par_1_61' title="bbox 389 2979 1887 3082">
     <span class='ocr_line' id='line_1_61' title="bbox 389 2979 1887 3082; baseline 0.003 -25"><span class='ocrx_word' id='word_1_439' title='bbox 389 3004 500 3058; x_wconf 81' lang='lat' dir='ltr'><strong>Kal</strong></span> <span class='ocrx_word' id='word_1_440' title='bbox 526 3005 623 3077; x_wconf 82' lang='grc' dir='ltr'><strong>τῆς</strong></span> <span class='ocrx_word' id='word_1_441' title='bbox 650 3005 898 3077; x_wconf 86' lang='grc' dir='ltr'>ἀνδρείας</span> <span class='ocrx_word' id='word_1_442' title='bbox 929 2979 1133 3081; x_wconf 81' lang='grc' dir='ltr'>ταύτης</span> <span class='ocrx_word' id='word_1_443' title='bbox 1174 3009 1472 3082; x_wconf 72' lang='grc' dir='ltr'>ὑπόδειγμα</span> <span class='ocrx_word' id='word_1_444' title='bbox 1498 3008 1771 3075; x_wconf 85' lang='grc' dir='ltr'>λαϐόντες,</span> <span class='ocrx_word' id='word_1_445' title='bbox 1799 3008 1887 3063; x_wconf 75' lang='grc' dir='ltr'>καὶ</span> 
     </span>
    </p>
   </div>
   <div class='ocr_carea' id='block_1_62' title="bbox 1989 2979 3552 3082">
    <p class='ocr_par' dir='ltr' id='par_1_62' title="bbox 2066 3006 3552 3078">
     <span class='ocr_line' id='line_1_62' title="bbox 2066 3006 3552 3078; baseline 0.004 -17"><span class='ocrx_word' id='word_1_446' title='bbox 2066 3006 2182 3064; x_wconf 84' lang='lat' dir='ltr'><strong>Hoc</strong></span> <span class='ocrx_word' id='word_1_447' title='bbox 2210 3007 2548 3064; x_wconf 83' lang='lat' dir='ltr'><strong>fortitudinis</strong></span> <span class='ocrx_word' id='word_1_448' title='bbox 2580 3008 2829 3078; x_wconf 86' lang='lat' dir='ltr'><strong>exemplo</strong></span> <span class='ocrx_word' id='word_1_449' title='bbox 2857 3016 3094 3078; x_wconf 88' lang='lat' dir='ltr'><strong>sumpto,</strong></span> <span class='ocrx_word' id='word_1_450' title='bbox 3124 3007 3352 3078; x_wconf 63' lang='lat' dir='ltr'><strong>justitim</strong></span> <span class='ocrx_word' id='word_1_451' title='bbox 3386 3011 3552 3067; x_wconf 87' lang='lat' dir='ltr'><strong>etiam</strong></span> 
     </span>
    </p>
   </div>
   <div class='ocr_carea' id='block_1_63' title="bbox 314 3096 1886 3174">
    <p class='ocr_par' dir='ltr' id='par_1_63' title="bbox 314 3096 1886 3174">
     <span class='ocr_line' id='line_1_63' title="bbox 314 3096 1886 3174; baseline 0.003 -24"><span class='ocrx_word' id='word_1_452' title='bbox 314 3096 417 3169; x_wconf 87' lang='grc' dir='ltr'><strong>τῆς</strong></span> <span class='ocrx_word' id='word_1_453' title='bbox 469 3097 812 3172; x_wconf 71' lang='grc' dir='ltr'>δικαιοσύνης</span> <span class='ocrx_word' id='word_1_454' title='bbox 869 3100 1173 3173; x_wconf 81' lang='grc' dir='ltr'>ληψόμεθα.</span> <span class='ocrx_word' id='word_1_455' title='bbox 1233 3103 1399 3157; x_wconf 83' lang='grc' dir='ltr'>Ὅταν</span> <span class='ocrx_word' id='word_1_456' title='bbox 1455 3102 1728 3174; x_wconf 88' lang='grc' dir='ltr'>ἀμύνηται</span> <span class='ocrx_word' id='word_1_457' title='bbox 1790 3103 1886 3173; x_wconf 83' lang='grc' dir='ltr'>μὲν</span> 
     </span>
    </p>
   </div>
   <div class='ocr_carea' id='block_1_64' title="bbox 316 3187 1887 3266">
    <p class='ocr_par' dir='ltr' id='par_1_64' title="bbox 316 3187 1887 3266">
     <span class='ocr_line' id='line_1_64' title="bbox 316 3187 1887 3266; baseline 0.006 -25"><span class='ocrx_word' id='word_1_458' title='bbox 316 3187 588 3262; x_wconf 82' lang='grc' dir='ltr'>’Δϐραάμ,</span> <span class='ocrx_word' id='word_1_459' title='bbox 620 3192 712 3245; x_wconf 74' lang='grc' dir='ltr'>καὶ</span> <span class='ocrx_word' id='word_1_460' title='bbox 749 3194 1206 3266; x_wconf 85' lang='grc' dir='ltr'>ὑπερμαχήσηται</span> <span class='ocrx_word' id='word_1_461' title='bbox 1234 3194 1342 3250; x_wconf 85' lang='grc' dir='ltr'><strong>τῶν</strong></span> <span class='ocrx_word' id='word_1_462' title='bbox 1364 3195 1751 3266; x_wconf 87' lang='grc' dir='ltr'>ἀδικουμένων,</span> <span class='ocrx_word' id='word_1_463' title='bbox 1793 3195 1887 3250; x_wconf 78' lang='grc' dir='ltr'>καὶ</span> 
     </span>
    </p>
   </div>
   <div class='ocr_carea' id='block_1_65' title="bbox 320 3272 1888 3359">
    <p class='ocr_par' dir='ltr' id='par_1_65' title="bbox 320 3272 1888 3359">
     <span class='ocr_line' id='line_1_65' title="bbox 320 3272 1888 3359; baseline 0.004 -24"><span class='ocrx_word' id='word_1_464' title='bbox 320 3281 592 3354; x_wconf 83' lang='grc' dir='ltr'>βοηθήσας</span> <span class='ocrx_word' id='word_1_465' title='bbox 629 3272 836 3357; x_wconf 80' lang='grc' dir='ltr'>ἀκὸύσῃ</span> <span class='ocrx_word' id='word_1_466' title='bbox 874 3287 1023 3359; x_wconf 87' lang='grc' dir='ltr'>παρὰ</span> <span class='ocrx_word' id='word_1_467' title='bbox 1055 3288 1165 3342; x_wconf 85' lang='grc' dir='ltr'><strong>τῶν</strong></span> <span class='ocrx_word' id='word_1_468' title='bbox 1196 3286 1692 3358; x_wconf 82' lang='grc' dir='ltr'>ἐλευθερωθέντων·</span> <span class='ocrx_word' id='word_1_469' title='bbox 1742 3285 1888 3341; x_wconf 85' lang='grc' dir='ltr'>Λάϐε</span> 
     </span>
    </p>
   </div>
   <div class='ocr_carea' id='block_1_66' title="bbox 317 3374 1887 3452">
    <p class='ocr_par' dir='ltr' id='par_1_66' title="bbox 317 3374 1887 3452">
     <span class='ocr_line' id='line_1_66' title="bbox 317 3374 1887 3452; baseline 0.002 -22"><span class='ocrx_word' id='word_1_470' title='bbox 317 3375 418 3446; x_wconf 81' lang='grc' dir='ltr'>τὴν</span> <span class='ocrx_word' id='word_1_471' title='bbox 445 3374 609 3430; x_wconf 81' lang='grc' dir='ltr'>ἵππον</span> <span class='ocrx_word' id='word_1_472' title='bbox 642 3379 735 3432; x_wconf 77' lang='grc' dir='ltr'>καὶ</span> <span class='ocrx_word' id='word_1_473' title='bbox 760 3379 935 3432; x_wconf 80' lang='grc' dir='ltr'>πάντα</span> <span class='ocrx_word' id='word_1_474' title='bbox 964 3380 1173 3452; x_wconf 88' lang='grc' dir='ltr'>σεαυτῷ</span> <span class='ocrx_word' id='word_1_475' title='bbox 1191 3396 1207 3411; x_wconf 95' lang='grc'><strong>·</strong></span> <span class='ocrx_word' id='word_1_476' title='bbox 1239 3381 1332 3433; x_wconf 72' lang='grc' dir='ltr'>καὶ</span> <span class='ocrx_word' id='word_1_477' title='bbox 1358 3378 1526 3434; x_wconf 84' lang='grc' dir='ltr'>ταῦτα</span> <span class='ocrx_word' id='word_1_478' title='bbox 1542 3378 1773 3444; x_wconf 86' lang='grc' dir='ltr'>ἀκούων,</span> <span class='ocrx_word' id='word_1_479' title='bbox 1812 3379 1887 3452; x_wconf 75' lang='grc' dir='ltr'>μὴ</span> 
     </span>
    </p>
   </div>
   <div class='ocr_carea' id='block_1_67' title="bbox 320 3465 1889 3544">
    <p class='ocr_par' dir='ltr' id='par_1_67' title="bbox 320 3465 1889 3544">
     <span class='ocr_line' id='line_1_67' title="bbox 320 3465 1889 3544; baseline 0.004 -26"><span class='ocrx_word' id='word_1_480' title='bbox 320 3465 457 3537; x_wconf 74' lang='grc' dir='ltr'>πρὸς</span> <span class='ocrx_word' id='word_1_481' title='bbox 484 3466 575 3520; x_wconf 83' lang='grc' dir='ltr'>τὸν</span> <span class='ocrx_word' id='word_1_482' title='bbox 605 3470 983 3540; x_wconf 78' lang='grc' dir='ltr'>χρηματισμὸν</span> <span class='ocrx_word' id='word_1_483' title='bbox 1018 3470 1251 3541; x_wconf 73' lang='grc' dir='ltr'>βλέπων,</span> <span class='ocrx_word' id='word_1_484' title='bbox 1276 3471 1411 3525; x_wconf 89' lang='grc' dir='ltr'><strong>ἀλλά</strong></span> <span class='ocrx_word' id='word_1_485' title='bbox 1430 3471 1566 3544; x_wconf 84' lang='grc' dir='ltr'>πρὸς</span> <span class='ocrx_word' id='word_1_486' title='bbox 1591 3471 1651 3524; x_wconf 84' lang='grc' dir='ltr'>τὸ</span> <span class='ocrx_word' id='word_1_487' title='bbox 1682 3470 1889 3524; x_wconf 90' lang='grc' dir='ltr'>δίκαιον</span> 
     </span>
    </p>
   </div>
   <div class='ocr_carea' id='block_1_68' title="bbox 320 3555 1890 3635">
    <p class='ocr_par' dir='ltr' id='par_1_68' title="bbox 320 3555 1890 3635">
     <span class='ocr_line' id='line_1_68' title="bbox 320 3555 1890 3635; baseline 0.004 -27"><span class='ocrx_word' id='word_1_488' title='bbox 320 3555 581 3622; x_wconf 77' lang='grc' dir='ltr'>ἀτενίζων</span> <span class='ocrx_word' id='word_1_489' title='bbox 602 3598 617 3623; x_wconf 89' lang='grc'><strong>,</strong></span> <span class='ocrx_word' id='word_1_490' title='bbox 651 3561 745 3613; x_wconf 73' lang='grc' dir='ltr'>καὶ</span> <span class='ocrx_word' id='word_1_491' title='bbox 778 3562 1193 3631; x_wconf 85' lang='grc' dir='ltr'>συγγινώσκων,</span> <span class='ocrx_word' id='word_1_492' title='bbox 1236 3564 1316 3617; x_wconf 84' lang='grc' dir='ltr'>ὅτι</span> <span class='ocrx_word' id='word_1_493' title='bbox 1342 3562 1548 3635; x_wconf 85' lang='grc' dir='ltr'>δωρεὰν</span> <span class='ocrx_word' id='word_1_494' title='bbox 1581 3562 1760 3627; x_wconf 73' lang='grc' dir='ltr'>ἔλαϐε,</span> <span class='ocrx_word' id='word_1_495' title='bbox 1797 3562 1890 3617; x_wconf 75' lang='grc' dir='ltr'>καὶ</span> 
     </span>
    </p>
   </div>
   <div class='ocr_carea' id='block_1_69' title="bbox 322 3644 1890 3724">
    <p class='ocr_par' dir='ltr' id='par_1_69' title="bbox 322 3644 1890 3724">
     <span class='ocr_line' id='line_1_69' title="bbox 322 3644 1890 3724; baseline 0.005 -27"><span class='ocrx_word' id='word_1_496' title='bbox 322 3644 443 3709; x_wconf 83' lang='grc' dir='ltr'><strong>πῶς</strong></span> <span class='ocrx_word' id='word_1_497' title='bbox 477 3647 722 3719; x_wconf 83' lang='grc' dir='ltr'>πωλῆσαι</span> <span class='ocrx_word' id='word_1_498' title='bbox 746 3650 844 3722; x_wconf 79' lang='grc' dir='ltr'>τὴν</span> <span class='ocrx_word' id='word_1_499' title='bbox 865 3650 1073 3722; x_wconf 78' lang='grc' dir='ltr'>δωρεὰν</span> <span class='ocrx_word' id='word_1_500' title='bbox 1113 3653 1214 3705; x_wconf 80' lang='grc' dir='ltr'><strong>οὐκ</strong></span> <span class='ocrx_word' id='word_1_501' title='bbox 1246 3652 1480 3722; x_wconf 83' lang='grc' dir='ltr'>ὀφείλει,</span> <span class='ocrx_word' id='word_1_502' title='bbox 1520 3652 1601 3705; x_wconf 82' lang='grc' dir='ltr'>ὅτι</span> <span class='ocrx_word' id='word_1_503' title='bbox 1644 3652 1890 3724; x_wconf 82' lang='grc' dir='ltr'>χάρισμα</span> 
     </span>
    </p>
   </div>
   <div class='ocr_carea' id='block_1_70' title="bbox 322 3741 1889 3819">
    <p class='ocr_par' dir='ltr' id='par_1_70' title="bbox 322 3741 1889 3819">
     <span class='ocr_line' id='line_1_70' title="bbox 322 3741 1889 3819; baseline 0.005 -27"><span class='ocrx_word' id='word_1_504' title='bbox 322 3741 731 3812; x_wconf 76' lang='grc' dir='ltr'>πιπράσκεσθαι</span> <span class='ocrx_word' id='word_1_505' title='bbox 753 3745 855 3798; x_wconf 90' lang='grc' dir='ltr'><strong>οὐκ</strong></span> <span class='ocrx_word' id='word_1_506' title='bbox 875 3745 1161 3816; x_wconf 87' lang='grc' dir='ltr'>ἀνέχεται·</span> <span class='ocrx_word' id='word_1_507' title='bbox 1182 3747 1264 3800; x_wconf 88' lang='grc' dir='ltr'>ὃτι</span> <span class='ocrx_word' id='word_1_508' title='bbox 1288 3746 1460 3801; x_wconf 85' lang='grc' dir='ltr'>ἀδικοι</span> <span class='ocrx_word' id='word_1_509' title='bbox 1485 3748 1533 3799; x_wconf 78' lang='lat' dir='ltr'><strong>oi</strong></span> <span class='ocrx_word' id='word_1_510' title='bbox 1559 3745 1655 3810; x_wconf 86' lang='grc' dir='ltr'><strong>τάς</strong></span> <span class='ocrx_word' id='word_1_511' title='bbox 1684 3746 1889 3819; x_wconf 76' lang='grc' dir='ltr'>δωρεάς</span> 
     </span>
    </p>
   </div>
   <div class='ocr_carea' id='block_1_71' title="bbox 323 3832 1892 3905">
    <p class='ocr_par' dir='ltr' id='par_1_71' title="bbox 323 3832 1892 3905">
     <span class='ocr_line' id='line_1_71' title="bbox 323 3832 1892 3905; baseline 0.004 -20"><span class='ocrx_word' id='word_1_512' title='bbox 323 3832 699 3905; x_wconf 79' lang='grc' dir='ltr'>ἁποδεδομένοι</span> <span class='ocrx_word' id='word_1_513' title='bbox 731 3836 900 3889; x_wconf 87' lang='grc' dir='ltr'>είσίν·</span> <span class='ocrx_word' id='word_1_514' title='bbox 935 3838 1017 3890; x_wconf 86' lang='grc' dir='ltr'>ὅτι</span> <span class='ocrx_word' id='word_1_515' title='bbox 1055 3838 1115 3890; x_wconf 88' lang='grc' dir='ltr'><strong>οὐ</strong></span> <span class='ocrx_word' id='word_1_516' title='bbox 1161 3837 1382 3901; x_wconf 81' lang='grc' dir='ltr'>δικαίως</span> <span class='ocrx_word' id='word_1_517' title='bbox 1411 3837 1479 3891; x_wconf 85' lang='grc' dir='ltr'><strong>τά</strong></span> <span class='ocrx_word' id='word_1_518' title='bbox 1505 3837 1637 3890; x_wconf 81' lang='grc' dir='ltr'>ὥνια</span> <span class='ocrx_word' id='word_1_519' title='bbox 1664 3838 1758 3891; x_wconf 76' lang='grc' dir='ltr'>καὶ</span> <span class='ocrx_word' id='word_1_520' title='bbox 1792 3838 1892 3900; x_wconf 79' lang='grc' dir='ltr'><strong>τὰς</strong></span> 
     </span>
    </p>
   </div>
   <div class='ocr_carea' id='block_1_72' title="bbox 323 3922 1890 3999">
    <p class='ocr_par' dir='ltr' id='par_1_72' title="bbox 323 3922 1890 3999">
     <span class='ocr_line' id='line_1_72' title="bbox 323 3922 1890 3999; baseline 0.004 -24"><span class='ocrx_word' id='word_1_521' title='bbox 323 3922 639 3994; x_wconf 79' lang='grc' dir='ltr'>εὐεργεσίας</span> <span class='ocrx_word' id='word_1_522' title='bbox 660 3926 827 3980; x_wconf 87' lang='grc' dir='ltr'>πωλεῖ</span> <span class='ocrx_word' id='word_1_523' title='bbox 845 3944 946 3991; x_wconf 77' lang='grc' dir='ltr'>τις.</span> <span class='ocrx_word' id='word_1_524' title='bbox 983 3927 1215 3999; x_wconf 84' lang='grc' dir='ltr'>Ίμάτιον</span> <span class='ocrx_word' id='word_1_525' title='bbox 1246 3928 1338 3983; x_wconf 79' lang='grc' dir='ltr'>καὶ</span> <span class='ocrx_word' id='word_1_526' title='bbox 1355 3927 1635 3998; x_wconf 87' lang='grc' dir='ltr'>κειμήλιον</span> <span class='ocrx_word' id='word_1_527' title='bbox 1659 3928 1745 3981; x_wconf 85' lang='grc' dir='ltr'><strong>ἐπ’</strong></span> <span class='ocrx_word' id='word_1_528' title='bbox 1760 3928 1890 3996; x_wconf 85' lang='grc' dir='ltr'>ἀγο-</span> 
     </span>
    </p>
   </div>
   <div class='ocr_carea' id='block_1_73' title="bbox 327 4017 1891 4092">
    <p class='ocr_par' dir='ltr' id='par_1_73' title="bbox 327 4017 1891 4092">
     <span class='ocr_line' id='line_1_73' title="bbox 327 4017 1891 4092; baseline 0.001 -22"><span class='ocrx_word' id='word_1_529' title='bbox 327 4017 427 4085; x_wconf 77' lang='grc' dir='ltr'><strong>ρᾶς</strong></span> <span class='ocrx_word' id='word_1_530' title='bbox 466 4019 858 4090; x_wconf 88' lang='grc' dir='ltr'>πιπρασκέσθω</span> <span class='ocrx_word' id='word_1_531' title='bbox 879 4038 894 4051; x_wconf 93' lang='grc'><strong>·</strong></span> <span class='ocrx_word' id='word_1_532' title='bbox 929 4021 1169 4092; x_wconf 82' lang='grc' dir='ltr'>ἀπρατος</span> <span class='ocrx_word' id='word_1_533' title='bbox 1199 4020 1317 4092; x_wconf 82' lang='grc' dir='ltr'><strong>δὲή</strong></span> <span class='ocrx_word' id='word_1_534' title='bbox 1359 4020 1642 4092; x_wconf 88' lang='grc' dir='ltr'>εὐεργεσία</span> <span class='ocrx_word' id='word_1_535' title='bbox 1688 4020 1891 4089; x_wconf 85' lang='grc' dir='ltr'>μενέτω</span> 
     </span>
    </p>
   </div>
   <div class='ocr_carea' id='block_1_74' title="bbox 321 4107 1891 4183">
    <p class='ocr_par' dir='ltr' id='par_1_74' title="bbox 321 4107 1891 4183">
     <span class='ocr_line' id='line_1_74' title="bbox 321 4107 1891 4183; baseline 0.001 -21"><span class='ocrx_word' id='word_1_536' title='bbox 321 4107 402 4179; x_wconf 84' lang='grc' dir='ltr'><strong>τῷ</strong></span> <span class='ocrx_word' id='word_1_537' title='bbox 441 4110 800 4183; x_wconf 60' lang='grc' dir='ltr'>μεγαλωζίύχῳ</span> <span class='ocrx_word' id='word_1_538' title='bbox 841 4111 940 4182; x_wconf 82' lang='grc' dir='ltr'><strong>τῆς</strong></span> <span class='ocrx_word' id='word_1_539' title='bbox 974 4112 1232 4177; x_wconf 88' lang='grc' dir='ltr'>διανοίας,</span> <span class='ocrx_word' id='word_1_540' title='bbox 1281 4113 1512 4183; x_wconf 83' lang='grc' dir='ltr'>προῖκας</span> <span class='ocrx_word' id='word_1_541' title='bbox 1541 4110 1619 4182; x_wconf 85' lang='grc' dir='ltr'><strong>τῷ</strong></span> <span class='ocrx_word' id='word_1_542' title='bbox 1655 4110 1891 4182; x_wconf 87' lang='grc' dir='ltr'>δεομένῳ</span> 
     </span>
    </p>
   </div>
   <div class='ocr_carea' id='block_1_75' title="bbox 322 4198 1893 4277">
    <p class='ocr_par' dir='ltr' id='par_1_75' title="bbox 322 4198 1893 4277">
     <span class='ocr_line' id='line_1_75' title="bbox 322 4198 1893 4277; baseline 0.001 -24"><span class='ocrx_word' id='word_1_543' title='bbox 322 4198 592 4273; x_wconf 88' lang='grc' dir='ltr'>διδομένη.</span> <span class='ocrx_word' id='word_1_544' title='bbox 637 4204 748 4257; x_wconf 87' lang='lat' dir='ltr'><strong>Kal</strong></span> <span class='ocrx_word' id='word_1_545' title='bbox 792 4202 1028 4258; x_wconf 78' lang='grc' dir='ltr'>τοιοῦτον</span> <span class='ocrx_word' id='word_1_546' title='bbox 1063 4203 1183 4275; x_wconf 73' lang='grc' dir='ltr'>ἕχον</span> <span class='ocrx_word' id='word_1_547' title='bbox 1225 4204 1323 4275; x_wconf 86' lang='grc' dir='ltr'>μὲν</span> <span class='ocrx_word' id='word_1_548' title='bbox 1353 4205 1453 4277; x_wconf 88' lang='grc' dir='ltr'><strong>τῆς</strong></span> <span class='ocrx_word' id='word_1_549' title='bbox 1495 4203 1728 4267; x_wconf 89' lang='grc' dir='ltr'>διανοίας</span> <span class='ocrx_word' id='word_1_550' title='bbox 1770 4202 1893 4255; x_wconf 83' lang='grc' dir='ltr'>ύπό-</span> 
     </span>
    </p>
   </div>
   <div class='ocr_carea' id='block_1_76' title="bbox 324 4289 1887 4366">
    <p class='ocr_par' dir='ltr' id='par_1_76' title="bbox 324 4289 1887 4366">
     <span class='ocr_line' id='line_1_76' title="bbox 324 4289 1887 4366; baseline 0.001 -23"><span class='ocrx_word' id='word_1_551' title='bbox 324 4289 544 4363; x_wconf 91' lang='grc' dir='ltr'>δειγμα,</span> <span class='ocrx_word' id='word_1_552' title='bbox 584 4294 664 4347; x_wconf 85' lang='grc' dir='ltr'>ὅτι</span> <span class='ocrx_word' id='word_1_553' title='bbox 692 4293 791 4358; x_wconf 83' lang='grc' dir='ltr'>τὰς</span> <span class='ocrx_word' id='word_1_554' title='bbox 817 4293 1024 4366; x_wconf 84' lang='grc' dir='ltr'>δωρεὰς</span> <span class='ocrx_word' id='word_1_555' title='bbox 1049 4295 1143 4348; x_wconf 79' lang='grc' dir='ltr'>καὶ</span> <span class='ocrx_word' id='word_1_556' title='bbox 1177 4294 1276 4358; x_wconf 82' lang='grc' dir='ltr'>τὰς</span> <span class='ocrx_word' id='word_1_557' title='bbox 1296 4294 1612 4365; x_wconf 79' lang='grc' dir='ltr'>εὐεργεσίας</span> <span class='ocrx_word' id='word_1_558' title='bbox 1653 4292 1887 4364; x_wconf 79' lang='grc' dir='ltr'>μεγάλου</span> 
     </span>
    </p>
   </div>
   <div class='ocr_carea' id='block_1_77' title="bbox 324 4386 1888 4460">
    <p class='ocr_par' dir='ltr' id='par_1_77' title="bbox 324 4386 1888 4460">
     <span class='ocr_line' id='line_1_77' title="bbox 324 4386 1888 4460; baseline -0.003 -17"><span class='ocrx_word' id='word_1_559' title='bbox 324 4386 605 4458; x_wconf 85' lang='grc' dir='ltr'>χρήματος</span> <span class='ocrx_word' id='word_1_560' title='bbox 634 4387 1036 4460; x_wconf 86' lang='grc' dir='ltr'>πιπράσκεσθαι</span> <span class='ocrx_word' id='word_1_561' title='bbox 1057 4388 1116 4441; x_wconf 91' lang='grc' dir='ltr'><strong>οὐ</strong></span> <span class='ocrx_word' id='word_1_562' title='bbox 1149 4388 1249 4453; x_wconf 86' lang='grc' dir='ltr'>δεῖ,</span> <span class='ocrx_word' id='word_1_563' title='bbox 1284 4387 1420 4442; x_wconf 87' lang='grc' dir='ltr'><strong>ἀλλά</strong></span> <span class='ocrx_word' id='word_1_564' title='bbox 1440 4390 1624 4459; x_wconf 86' lang='grc' dir='ltr'>τηρεῖν</span> <span class='ocrx_word' id='word_1_565' title='bbox 1642 4386 1738 4458; x_wconf 83' lang='grc' dir='ltr'>τὴν</span> <span class='ocrx_word' id='word_1_566' title='bbox 1759 4387 1888 4440; x_wconf 88' lang='grc' dir='ltr'>ἐκά-</span> 
     </span>
    </p>
   </div>
   <div class='ocr_carea' id='block_1_78' title="bbox 326 4478 1888 4553">
    <p class='ocr_par' dir='ltr' id='par_1_78' title="bbox 326 4478 1888 4553">
     <span class='ocr_line' id='line_1_78' title="bbox 326 4478 1888 4553; baseline 0.002 -23"><span class='ocrx_word' id='word_1_567' title='bbox 326 4494 451 4531; x_wconf 80' lang='grc' dir='ltr'>στου</span> <span class='ocrx_word' id='word_1_568' title='bbox 481 4478 664 4552; x_wconf 84' lang='grc' dir='ltr'>τιμὴν,</span> <span class='ocrx_word' id='word_1_569' title='bbox 703 4480 777 4551; x_wconf 82' lang='grc' dir='ltr'><strong>μῆ</strong></span> <span class='ocrx_word' id='word_1_570' title='bbox 798 4479 1340 4553; x_wconf 83' lang='grc' dir='ltr'>προδιαφθειρόμενον</span> <span class='ocrx_word' id='word_1_571' title='bbox 1368 4482 1435 4552; x_wconf 82' lang='grc' dir='ltr'>τῇ</span> <span class='ocrx_word' id='word_1_572' title='bbox 1468 4479 1609 4533; x_wconf 90' lang='grc' dir='ltr'>δόσει</span> <span class='ocrx_word' id='word_1_573' title='bbox 1632 4478 1738 4532; x_wconf 86' lang='grc' dir='ltr'><strong>τῶν</strong></span> <span class='ocrx_word' id='word_1_574' title='bbox 1753 4495 1888 4549; x_wconf 85' lang='grc' dir='ltr'>χρη-</span> 
     </span>
    </p>
   </div>
   <div class='ocr_carea' id='block_1_79' title="bbox 328 4571 533 4642">
    <p class='ocr_par' dir='ltr' id='par_1_79' title="bbox 328 4571 533 4642">
     <span class='ocr_line' id='line_1_79' title="bbox 328 4571 533 4642; baseline 0.005 -18"><span class='ocrx_word' id='word_1_575' title='bbox 328 4571 533 4642; x_wconf 85' lang='grc' dir='ltr'>μάτων.</span> 
     </span>
    </p>
   </div>
   <div class='ocr_carea' id='block_1_80' title="bbox 1986 3097 3551 3170">
    <p class='ocr_par' dir='ltr' id='par_1_80' title="bbox 1986 3097 3551 3170">
     <span class='ocr_line' id='line_1_80' title="bbox 1986 3097 3551 3170; baseline 0.003 -16"><span class='ocrx_word' id='word_1_576' title='bbox 1986 3100 2292 3170; x_wconf 80' lang='lat' dir='ltr'><strong>exemplum</strong></span> <span class='ocrx_word' id='word_1_577' title='bbox 2319 3114 2621 3154; x_wconf 85' lang='lat' dir='ltr'><strong>sumamus.</strong></span> <span class='ocrx_word' id='word_1_578' title='bbox 2652 3097 2787 3154; x_wconf 91' lang='lat' dir='ltr'><strong>Cum</strong></span> <span class='ocrx_word' id='word_1_579' title='bbox 2812 3098 3083 3154; x_wconf 87' lang='lat' dir='ltr'><strong>Abraham</strong></span> <span class='ocrx_word' id='word_1_580' title='bbox 3115 3099 3315 3170; x_wconf 84' lang='lat' dir='ltr'><strong>injuria</strong></span> <span class='ocrx_word' id='word_1_581' title='bbox 3330 3100 3551 3159; x_wconf 77' lang='lat' dir='ltr'><strong>aﬂ&#39;ectos</strong></span> 
     </span>
    </p>
   </div>
   <div class='ocr_carea' id='block_1_81' title="bbox 1988 3191 3551 3261">
    <p class='ocr_par' dir='ltr' id='par_1_81' title="bbox 1988 3191 3551 3261">
     <span class='ocr_line' id='line_1_81' title="bbox 1988 3191 3551 3261; baseline 0.001 -14"><span class='ocrx_word' id='word_1_582' title='bbox 1988 3192 2262 3247; x_wconf 80' lang='lat' dir='ltr'><strong>ulciscens</strong></span> <span class='ocrx_word' id='word_1_583' title='bbox 2290 3206 2389 3261; x_wconf 90' lang='lat' dir='ltr'><strong>pro</strong></span> <span class='ocrx_word' id='word_1_584' title='bbox 2424 3191 2506 3246; x_wconf 91' lang='lat' dir='ltr'><strong>eis</strong></span> <span class='ocrx_word' id='word_1_585' title='bbox 2534 3192 2811 3260; x_wconf 81' lang='lat' dir='ltr'><strong>pugnavit,</strong></span> <span class='ocrx_word' id='word_1_586' title='bbox 2854 3199 2910 3245; x_wconf 89' lang='lat' dir='ltr'><strong>et</strong></span> <span class='ocrx_word' id='word_1_587' title='bbox 2945 3206 3070 3245; x_wconf 92' lang='lat' dir='ltr'><strong>cum</strong></span> <span class='ocrx_word' id='word_1_588' title='bbox 3120 3199 3244 3261; x_wconf 85' lang='lat' dir='ltr'><strong>post</strong></span> <span class='ocrx_word' id='word_1_589' title='bbox 3286 3194 3551 3249; x_wconf 77' lang='lat' dir='ltr'><strong>auxilium</strong></span> 
     </span>
    </p>
   </div>
   <div class='ocr_carea' id='block_1_82' title="bbox 1988 3280 3553 3355">
    <p class='ocr_par' dir='ltr' id='par_1_82' title="bbox 1988 3280 3553 3355">
     <span class='ocr_line' id='line_1_82' title="bbox 1988 3280 3553 3355; baseline 0.002 -16"><span class='ocrx_word' id='word_1_590' title='bbox 1988 3285 2210 3339; x_wconf 88' lang='lat' dir='ltr'><strong>allatum</strong></span> <span class='ocrx_word' id='word_1_591' title='bbox 2241 3283 2455 3339; x_wconf 88' lang='lat' dir='ltr'><strong>audiret</strong></span> <span class='ocrx_word' id='word_1_592' title='bbox 2493 3298 2522 3336; x_wconf 91' lang='lat' dir='ltr'><strong>a</strong></span> <span class='ocrx_word' id='word_1_593' title='bbox 2553 3282 2800 3337; x_wconf 89' lang='lat' dir='ltr'><strong>liberatis</strong></span> <span class='ocrx_word' id='word_1_594' title='bbox 2834 3280 3067 3353; x_wconf 88' lang='lat' dir='ltr'><strong>:Accipe</strong></span> <span class='ocrx_word' id='word_1_595' title='bbox 3110 3284 3209 3339; x_wconf 89' lang='lat' dir='ltr'><strong>tibi</strong></span> <span class='ocrx_word' id='word_1_596' title='bbox 3250 3286 3553 3355; x_wconf 80' lang='lat' dir='ltr'><strong>equitatum</strong></span> 
     </span>
    </p>
   </div>
   <div class='ocr_carea' id='block_1_83' title="bbox 1986 3374 3548 3445">
    <p class='ocr_par' dir='ltr' id='par_1_83' title="bbox 1986 3374 3548 3445">
     <span class='ocr_line' id='line_1_83' title="bbox 1986 3374 3548 3445; baseline -0.001 -13"><span class='ocrx_word' id='word_1_597' title='bbox 1986 3384 2041 3433; x_wconf 91' lang='lat' dir='ltr'><strong>et</strong></span> <span class='ocrx_word' id='word_1_598' title='bbox 2073 3376 2289 3442; x_wconf 89' lang='lat' dir='ltr'><strong>omnia;</strong></span> <span class='ocrx_word' id='word_1_599' title='bbox 2330 3390 2439 3429; x_wconf 92' lang='lat' dir='ltr'><strong>non</strong></span> <span class='ocrx_word' id='word_1_600' title='bbox 2485 3374 2539 3428; x_wconf 93' lang='lat' dir='ltr'><strong>in</strong></span> <span class='ocrx_word' id='word_1_601' title='bbox 2574 3381 2841 3443; x_wconf 75' lang='lat' dir='ltr'><strong>qua-stum</strong></span> <span class='ocrx_word' id='word_1_602' title='bbox 2870 3375 3101 3445; x_wconf 90' lang='lat' dir='ltr'><strong>aspexit,</strong></span> <span class='ocrx_word' id='word_1_603' title='bbox 3145 3375 3239 3431; x_wconf 92' lang='lat' dir='ltr'><strong>sed</strong></span> <span class='ocrx_word' id='word_1_604' title='bbox 3279 3376 3548 3445; x_wconf 83' lang='lat' dir='ltr'><strong>justitiam</strong></span> 
     </span>
    </p>
   </div>
   <div class='ocr_carea' id='block_1_84' title="bbox 1988 3465 3549 3538">
    <p class='ocr_par' dir='ltr' id='par_1_84' title="bbox 1988 3465 3549 3538">
     <span class='ocr_line' id='line_1_84' title="bbox 1988 3465 3549 3538; baseline 0 -16"><span class='ocrx_word' id='word_1_605' title='bbox 1988 3468 2256 3536; x_wconf 87' lang='lat' dir='ltr'><strong>attendit;</strong></span> <span class='ocrx_word' id='word_1_606' title='bbox 2294 3465 2568 3538; x_wconf 91' lang='lat' dir='ltr'><strong>quomodo</strong></span> <span class='ocrx_word' id='word_1_607' title='bbox 2588 3465 2843 3520; x_wconf 83' lang='lat' dir='ltr'><strong>conscius</strong></span> <span class='ocrx_word' id='word_1_608' title='bbox 2866 3480 2926 3520; x_wconf 88' lang='lat' dir='ltr'><strong>se</strong></span> <span class='ocrx_word' id='word_1_609' title='bbox 2961 3465 3132 3537; x_wconf 85' lang='lat' dir='ltr'><strong>gratis</strong></span> <span class='ocrx_word' id='word_1_610' title='bbox 3162 3467 3394 3538; x_wconf 92' lang='lat' dir='ltr'><strong>cepisse,</strong></span> <span class='ocrx_word' id='word_1_611' title='bbox 3438 3483 3549 3522; x_wconf 91' lang='lat' dir='ltr'><strong>non</strong></span> 
     </span>
    </p>
   </div>
   <div class='ocr_carea' id='block_1_85' title="bbox 1989 3557 3555 3630">
    <p class='ocr_par' dir='ltr' id='par_1_85' title="bbox 1989 3557 3555 3630">
     <span class='ocr_line' id='line_1_85' title="bbox 1989 3557 3555 3630; baseline -0.003 -13"><span class='ocrx_word' id='word_1_612' title='bbox 1989 3560 2218 3617; x_wconf 84' lang='lat' dir='ltr'><strong>debebat</strong></span> <span class='ocrx_word' id='word_1_613' title='bbox 2267 3559 2501 3615; x_wconf 89' lang='lat' dir='ltr'><strong>vendere</strong></span> <span class='ocrx_word' id='word_1_614' title='bbox 2542 3558 2743 3613; x_wconf 89' lang='lat' dir='ltr'><strong>donum</strong></span> <span class='ocrx_word' id='word_1_615' title='bbox 2778 3576 2792 3612; x_wconf 87' lang='lat'><strong>:</strong></span> <span class='ocrx_word' id='word_1_616' title='bbox 2828 3557 2953 3626; x_wconf 83' lang='lat' dir='ltr'><strong>quia</strong></span> <span class='ocrx_word' id='word_1_617' title='bbox 3003 3558 3177 3629; x_wconf 87' lang='lat' dir='ltr'><strong>gratia</strong></span> <span class='ocrx_word' id='word_1_618' title='bbox 3248 3574 3360 3614; x_wconf 88' lang='lat' dir='ltr'><strong>non</strong></span> <span class='ocrx_word' id='word_1_619' title='bbox 3387 3559 3555 3630; x_wconf 42' lang='lat' dir='ltr'><strong>fpati‘</strong></span> 
     </span>
    </p>
   </div>
   <div class='ocr_carea' id='block_1_86' title="bbox 1988 3648 3552 3721">
    <p class='ocr_par' dir='ltr' id='par_1_86' title="bbox 1988 3648 3552 3721">
     <span class='ocr_line' id='line_1_86' title="bbox 1988 3648 3552 3721; baseline -0.001 -14"><span class='ocrx_word' id='word_1_620' title='bbox 1988 3661 2079 3707; x_wconf 89' lang='lat' dir='ltr'><strong>tur</strong></span> <span class='ocrx_word' id='word_1_621' title='bbox 2139 3660 2199 3707; x_wconf 92' lang='lat' dir='ltr'><strong>ut</strong></span> <span class='ocrx_word' id='word_1_622' title='bbox 2245 3650 2645 3715; x_wconf 85' lang='lat' dir='ltr'><strong>venumdetur;</strong></span> <span class='ocrx_word' id='word_1_623' title='bbox 2699 3648 2967 3719; x_wconf 85' lang='lat' dir='ltr'><strong>siquidem</strong></span> <span class='ocrx_word' id='word_1_624' title='bbox 3016 3648 3208 3719; x_wconf 85' lang='lat' dir='ltr'><strong>injusti</strong></span> <span class='ocrx_word' id='word_1_625' title='bbox 3267 3657 3414 3715; x_wconf 89' lang='lat' dir='ltr'><strong>sunt,</strong></span> <span class='ocrx_word' id='word_1_626' title='bbox 3455 3649 3552 3721; x_wconf 89' lang='lat' dir='ltr'><strong>qui</strong></span> 
     </span>
    </p>
   </div>
   <div class='ocr_carea' id='block_1_87' title="bbox 1997 3741 3553 3812">
    <p class='ocr_par' dir='ltr' id='par_1_87' title="bbox 1997 3741 3553 3812">
     <span class='ocr_line' id='line_1_87' title="bbox 1997 3741 3553 3812; baseline 0 -13"><span class='ocrx_word' id='word_1_627' title='bbox 1997 3744 2140 3799; x_wconf 89' lang='lat' dir='ltr'><strong>dona</strong></span> <span class='ocrx_word' id='word_1_628' title='bbox 2177 3743 2450 3809; x_wconf 89' lang='lat' dir='ltr'><strong>vendunt;</strong></span> <span class='ocrx_word' id='word_1_629' title='bbox 2479 3750 2534 3797; x_wconf 91' lang='lat' dir='ltr'><strong>et</strong></span> <span class='ocrx_word' id='word_1_630' title='bbox 2566 3756 2673 3796; x_wconf 92' lang='lat' dir='ltr'><strong>non</strong></span> <span class='ocrx_word' id='word_1_631' title='bbox 2703 3741 2851 3812; x_wconf 88' lang='lat' dir='ltr'><strong>juste</strong></span> <span class='ocrx_word' id='word_1_632' title='bbox 2875 3742 2998 3812; x_wconf 92' lang='lat' dir='ltr'><strong>quis</strong></span> <span class='ocrx_word' id='word_1_633' title='bbox 3027 3741 3238 3797; x_wconf 87' lang='lat' dir='ltr'><strong>venalia</strong></span> <span class='ocrx_word' id='word_1_634' title='bbox 3284 3751 3339 3798; x_wconf 92' lang='lat' dir='ltr'><strong>et</strong></span> <span class='ocrx_word' id='word_1_635' title='bbox 3387 3743 3553 3799; x_wconf 84' lang='lat' dir='ltr'><strong>bene-</strong></span> 
     </span>
    </p>
   </div>
   <div class='ocr_carea' id='block_1_88' title="bbox 1992 3833 3554 3906">
    <p class='ocr_par' dir='ltr' id='par_1_88' title="bbox 1992 3833 3554 3906">
     <span class='ocr_line' id='line_1_88' title="bbox 1992 3833 3554 3906; baseline -0.001 -15"><span class='ocrx_word' id='word_1_636' title='bbox 1992 3833 2115 3891; x_wconf 82' lang='lat' dir='ltr'><strong>licia</strong></span> <span class='ocrx_word' id='word_1_637' title='bbox 2150 3834 2461 3892; x_wconf 88' lang='lat' dir='ltr'><strong>venumdat.</strong></span> <span class='ocrx_word' id='word_1_638' title='bbox 2507 3834 2692 3892; x_wconf 81' lang='lat' dir='ltr'><strong>Vestis</strong></span> <span class='ocrx_word' id='word_1_639' title='bbox 2754 3842 2810 3892; x_wconf 88' lang='lat' dir='ltr'><strong>et</strong></span> <span class='ocrx_word' id='word_1_640' title='bbox 2868 3851 2958 3891; x_wconf 89' lang='lat' dir='ltr'><strong>res</strong></span> <span class='ocrx_word' id='word_1_641' title='bbox 3011 3835 3250 3906; x_wconf 87' lang='lat' dir='ltr'><strong>pretiosa</strong></span> <span class='ocrx_word' id='word_1_642' title='bbox 3288 3834 3554 3890; x_wconf 87' lang='lat' dir='ltr'><strong>vendatur</strong></span> 
     </span>
    </p>
   </div>
   <div class='ocr_carea' id='block_1_89' title="bbox 1991 3926 3552 3996">
    <p class='ocr_par' dir='ltr' id='par_1_89' title="bbox 1991 3926 3552 3996">
     <span class='ocr_line' id='line_1_89' title="bbox 1991 3926 3552 3996; baseline 0 -13"><span class='ocrx_word' id='word_1_643' title='bbox 1991 3929 2047 3983; x_wconf 91' lang='lat' dir='ltr'><strong>in</strong></span> <span class='ocrx_word' id='word_1_644' title='bbox 2080 3927 2197 3983; x_wconf 90' lang='lat' dir='ltr'><strong>foro</strong></span> <span class='ocrx_word' id='word_1_645' title='bbox 2225 3942 2239 3979; x_wconf 92' lang='lat'><strong>:</strong></span> <span class='ocrx_word' id='word_1_646' title='bbox 2282 3926 2605 3983; x_wconf 84' lang='lat' dir='ltr'><strong>beneficium</strong></span> <span class='ocrx_word' id='word_1_647' title='bbox 2637 3943 2792 3993; x_wconf 87' lang='lat' dir='ltr'><strong>vero,</strong></span> <span class='ocrx_word' id='word_1_648' title='bbox 2830 3943 2901 3983; x_wconf 91' lang='lat' dir='ltr'><strong>ne</strong></span> <span class='ocrx_word' id='word_1_649' title='bbox 2947 3927 3227 3983; x_wconf 79' lang='lat' dir='ltr'><strong>habeatur.</strong></span> <span class='ocrx_word' id='word_1_650' title='bbox 3258 3928 3552 3996; x_wconf 86' lang='lat' dir='ltr'><strong>vendibile,</strong></span> 
     </span>
    </p>
   </div>
   <div class='ocr_carea' id='block_1_90' title="bbox 1992 4017 3551 4090">
    <p class='ocr_par' dir='ltr' id='par_1_90' title="bbox 1992 4017 3551 4090">
     <span class='ocr_line' id='line_1_90' title="bbox 1992 4017 3551 4090; baseline -0.001 -15"><span class='ocrx_word' id='word_1_651' title='bbox 1992 4020 2136 4090; x_wconf 86' lang='lat' dir='ltr'><strong>quod</strong></span> <span class='ocrx_word' id='word_1_652' title='bbox 2173 4033 2372 4090; x_wconf 89' lang='lat' dir='ltr'><strong>magno</strong></span> <span class='ocrx_word' id='word_1_653' title='bbox 2410 4018 2594 4074; x_wconf 89' lang='lat' dir='ltr'><strong>animo</strong></span> <span class='ocrx_word' id='word_1_654' title='bbox 2646 4020 2817 4090; x_wconf 85' lang='lat' dir='ltr'><strong>gratis</strong></span> <span class='ocrx_word' id='word_1_655' title='bbox 2881 4018 3142 4089; x_wconf 85' lang='lat' dir='ltr'><strong>indigenti</strong></span> <span class='ocrx_word' id='word_1_656' title='bbox 3194 4017 3318 4073; x_wconf 83' lang='lat' dir='ltr'><strong>dari</strong></span> <span class='ocrx_word' id='word_1_657' title='bbox 3370 4017 3551 4074; x_wconf 90' lang='lat' dir='ltr'><strong>debet.</strong></span> 
     </span>
    </p>
   </div>
   <div class='ocr_carea' id='block_1_91' title="bbox 1992 4108 3554 4180">
    <p class='ocr_par' dir='ltr' id='par_1_91' title="bbox 1992 4108 3554 4180">
     <span class='ocr_line' id='line_1_91' title="bbox 1992 4108 3554 4180; baseline -0.001 -17"><span class='ocrx_word' id='word_1_658' title='bbox 1992 4109 2122 4166; x_wconf 88' lang='lat' dir='ltr'><strong>Tale</strong></span> <span class='ocrx_word' id='word_1_659' title='bbox 2160 4109 2464 4180; x_wconf 86' lang='lat' dir='ltr'><strong>exemplum</strong></span> <span class='ocrx_word' id='word_1_660' title='bbox 2496 4109 2794 4174; x_wconf 88' lang='lat' dir='ltr'><strong>habemus,</strong></span> <span class='ocrx_word' id='word_1_661' title='bbox 2831 4110 2974 4165; x_wconf 88' lang='lat' dir='ltr'><strong>dona</strong></span> <span class='ocrx_word' id='word_1_662' title='bbox 3046 4120 3101 4165; x_wconf 91' lang='lat' dir='ltr'><strong>et</strong></span> <span class='ocrx_word' id='word_1_663' title='bbox 3133 4108 3396 4165; x_wconf 84' lang='lat' dir='ltr'><strong>beneficia</strong></span> <span class='ocrx_word' id='word_1_664' title='bbox 3445 4124 3554 4163; x_wconf 92' lang='lat' dir='ltr'><strong>non</strong></span> 
     </span>
    </p>
   </div>
   <div class='ocr_carea' id='block_1_92' title="bbox 1991 4201 3553 4274">
    <p class='ocr_par' dir='ltr' id='par_1_92' title="bbox 1991 4201 3553 4274">
     <span class='ocr_line' id='line_1_92' title="bbox 1991 4201 3553 4274; baseline -0.001 -17"><span class='ocrx_word' id='word_1_665' title='bbox 1991 4210 2244 4273; x_wconf 90' lang='lat' dir='ltr'><strong>oportere</strong></span> <span class='ocrx_word' id='word_1_666' title='bbox 2270 4202 2442 4257; x_wconf 90' lang='lat' dir='ltr'><strong>multa</strong></span> <span class='ocrx_word' id='word_1_667' title='bbox 2468 4202 2697 4273; x_wconf 89' lang='lat' dir='ltr'><strong>pecunia</strong></span> <span class='ocrx_word' id='word_1_668' title='bbox 2722 4201 3095 4269; x_wconf 58' lang='lat' dir='ltr'><strong>vendere,sed</strong></span> <span class='ocrx_word' id='word_1_669' title='bbox 3124 4217 3343 4259; x_wconf 85' lang='lat' dir='ltr'><strong>servare</strong></span> <span class='ocrx_word' id='word_1_670' title='bbox 3363 4218 3553 4274; x_wconf 88' lang='lat' dir='ltr'><strong>quem-</strong></span> 
     </span>
    </p>
   </div>
   <div class='ocr_carea' id='block_1_93' title="bbox 1994 4294 3554 4366">
    <p class='ocr_par' dir='ltr' id='par_1_93' title="bbox 1994 4294 3554 4366">
     <span class='ocr_line' id='line_1_93' title="bbox 1994 4294 3554 4366; baseline 0.001 -18"><span class='ocrx_word' id='word_1_671' title='bbox 1994 4309 2100 4365; x_wconf 91' lang='lat' dir='ltr'><strong>que</strong></span> <span class='ocrx_word' id='word_1_672' title='bbox 2141 4295 2403 4350; x_wconf 87' lang='lat' dir='ltr'><strong>honorem</strong></span> <span class='ocrx_word' id='word_1_673' title='bbox 2456 4310 2638 4362; x_wconf 87' lang='lat' dir='ltr'><strong>suum,</strong></span> <span class='ocrx_word' id='word_1_674' title='bbox 2696 4301 2750 4350; x_wconf 92' lang='lat' dir='ltr'><strong>et</strong></span> <span class='ocrx_word' id='word_1_675' title='bbox 2780 4309 2887 4349; x_wconf 89' lang='lat' dir='ltr'><strong>non</strong></span> <span class='ocrx_word' id='word_1_676' title='bbox 2940 4295 3091 4366; x_wconf 89' lang='lat' dir='ltr'><strong>prius</strong></span> <span class='ocrx_word' id='word_1_677' title='bbox 3148 4294 3375 4351; x_wconf 74' lang='lat' dir='ltr'><strong>pecunia</strong></span> <span class='ocrx_word' id='word_1_678' title='bbox 3432 4308 3554 4350; x_wconf 63' lang='lat' dir='ltr'><strong>coro</strong></span> 
     </span>
    </p>
   </div>
   <div class='ocr_carea' id='block_1_94' title="bbox 1991 4403 2187 4458">
    <p class='ocr_par' dir='ltr' id='par_1_94' title="bbox 1991 4403 2187 4458">
     <span class='ocr_line' id='line_1_94' title="bbox 1991 4403 2187 4458; baseline 0 -17"><span class='ocrx_word' id='word_1_679' title='bbox 1991 4403 2187 4458; x_wconf 80' lang='lat' dir='ltr'><strong>rumpi.</strong></span> 
     </span>
    </p>
   </div>
   <div class='ocr_carea' id='block_1_95' title="bbox 1310 4679 2538 4753">
    <p class='ocr_par' dir='ltr' id='par_1_95' title="bbox 1310 4679 2538 4753">
     <span class='ocr_line' id='line_1_95' title="bbox 1310 4679 2538 4753; baseline -0.004 -12"><span class='ocrx_word' id='word_1_680' title='bbox 1310 4685 1438 4742; x_wconf 82' lang='lat' dir='ltr'><strong>CAP.</strong></span> <span class='ocrx_word' id='word_1_681' title='bbox 1484 4684 1570 4740; x_wconf 76' lang='lat' dir='ltr'><strong>Xl.</strong></span> <span class='ocrx_word' id='word_1_682' title='bbox 1615 4684 2006 4741; x_wconf 84' lang='lat' dir='ltr'><strong>Concordantia</strong></span> <span class='ocrx_word' id='word_1_683' title='bbox 2029 4682 2154 4753; x_wconf 78' lang='lat' dir='ltr'><strong>legis</strong></span> <span class='ocrx_word' id='word_1_684' title='bbox 2178 4689 2226 4735; x_wconf 85' lang='lat' dir='ltr'><strong>et</strong></span> <span class='ocrx_word' id='word_1_685' title='bbox 2254 4679 2538 4752; x_wconf 76' lang='lat' dir='ltr'><strong>Evangelii.</strong></span> 
     </span>
    </p>
   </div>
   <div class='ocr_carea' id='block_1_96' title="bbox 397 4784 1898 4873">
    <p class='ocr_par' dir='ltr' id='par_1_96' title="bbox 397 4784 1898 4873">
     <span class='ocr_line' id='line_1_96' title="bbox 397 4784 1898 4873; baseline 0.001 -19"><span class='ocrx_word' id='word_1_686' title='bbox 397 4802 508 4857; x_wconf 83' lang='lat' dir='ltr'><strong>Kal</strong></span> <span class='ocrx_word' id='word_1_687' title='bbox 534 4802 702 4856; x_wconf 79' lang='grc' dir='ltr'>ταῦτα</span> <span class='ocrx_word' id='word_1_688' title='bbox 732 4802 829 4873; x_wconf 77' lang='grc' dir='ltr'>μὲν</span> <span class='ocrx_word' id='word_1_689' title='bbox 863 4801 1035 4864; x_wconf 76' lang='grc' dir='ltr'>οὕτως</span> <span class='ocrx_word' id='word_1_690' title='bbox 1068 4784 1460 4867; x_wconf 63' lang='grc' dir='ltr'>ἐπεξελθόνὲες,</span> <span class='ocrx_word' id='word_1_691' title='bbox 1496 4800 1898 4856; x_wconf 88' lang='grc' dir='ltr'>κατεσκευάσα-</span> 
     </span>
    </p>
   </div>
   <div class='ocr_carea' id='block_1_97' title="bbox 332 4893 1896 4965">
    <p class='ocr_par' dir='ltr' id='par_1_97' title="bbox 332 4893 1896 4965">
     <span class='ocr_line' id='line_1_97' title="bbox 332 4893 1896 4965; baseline 0 -19"><span class='ocrx_word' id='word_1_692' title='bbox 332 4910 458 4965; x_wconf 88' lang='grc' dir='ltr'>μεν·</span> <span class='ocrx_word' id='word_1_693' title='bbox 499 4894 581 4948; x_wconf 84' lang='grc' dir='ltr'>ὅτι</span> <span class='ocrx_word' id='word_1_694' title='bbox 615 4893 791 4946; x_wconf 89' lang='grc' dir='ltr'>πάντα</span> <span class='ocrx_word' id='word_1_695' title='bbox 817 4894 874 4946; x_wconf 88' lang='grc' dir='ltr'><strong>ἐν</strong></span> <span class='ocrx_word' id='word_1_696' title='bbox 902 4893 1050 4965; x_wconf 80' lang='grc' dir='ltr'>νόμῳ</span> <span class='ocrx_word' id='word_1_697' title='bbox 1078 4896 1275 4960; x_wconf 87' lang='grc' dir='ltr'>κεῖται,</span> <span class='ocrx_word' id='word_1_698' title='bbox 1321 4894 1413 4947; x_wconf 76' lang='grc' dir='ltr'>καὶ</span> <span class='ocrx_word' id='word_1_699' title='bbox 1443 4893 1640 4957; x_wconf 87' lang='grc' dir='ltr'>κακίας</span> <span class='ocrx_word' id='word_1_700' title='bbox 1680 4893 1896 4965; x_wconf 90' lang='grc' dir='ltr'>ἀναίρε-</span> 
     </span>
    </p>
   </div>
   <div class='ocr_carea' id='block_1_98' title="bbox 330 4986 1896 5058">
    <p class='ocr_par' dir='ltr' id='par_1_98' title="bbox 330 4986 1896 5058">
     <span class='ocr_line' id='line_1_98' title="bbox 330 4986 1896 5058; baseline -0.001 -17"><span class='ocrx_word' id='word_1_701' title='bbox 330 5003 438 5052; x_wconf 84' lang='grc' dir='ltr'>σις,</span> <span class='ocrx_word' id='word_1_702' title='bbox 462 4987 555 5041; x_wconf 80' lang='grc' dir='ltr'>καὶ</span> <span class='ocrx_word' id='word_1_703' title='bbox 585 4986 785 5058; x_wconf 86' lang='grc' dir='ltr'>ἀρετῆς</span> <span class='ocrx_word' id='word_1_704' title='bbox 823 4986 1187 5057; x_wconf 89' lang='grc' dir='ltr'>κατόρθωσις·</span> <span class='ocrx_word' id='word_1_705' title='bbox 1218 4988 1310 5042; x_wconf 79' lang='grc' dir='ltr'>καὶ</span> <span class='ocrx_word' id='word_1_706' title='bbox 1355 4987 1557 5041; x_wconf 88' lang='grc' dir='ltr'>τούτων</span> <span class='ocrx_word' id='word_1_707' title='bbox 1583 4987 1747 5040; x_wconf 74' lang='grc' dir='ltr'>ὄντων</span> <span class='ocrx_word' id='word_1_708' title='bbox 1778 4988 1896 5040; x_wconf 83' lang='grc' dir='ltr'>ίκα-</span> 
     </span>
    </p>
   </div>
   <div class='ocr_carea' id='block_1_99' title="bbox 330 5076 1893 5150">
    <p class='ocr_par' dir='ltr' id='par_1_99' title="bbox 330 5076 1893 5150">
     <span class='ocr_line' id='line_1_99' title="bbox 330 5076 1893 5150; baseline -0.002 -17"><span class='ocrx_word' id='word_1_709' title='bbox 330 5079 435 5133; x_wconf 84' lang='grc' dir='ltr'><strong>νῶν</strong></span> <span class='ocrx_word' id='word_1_710' title='bbox 471 5078 607 5149; x_wconf 79' lang='grc' dir='ltr'>πρὸς</span> <span class='ocrx_word' id='word_1_711' title='bbox 629 5077 892 5150; x_wconf 82' lang='grc' dir='ltr'>ἐντροπὴν</span> <span class='ocrx_word' id='word_1_712' title='bbox 920 5078 1016 5133; x_wconf 79' lang='grc' dir='ltr'>καὶ</span> <span class='ocrx_word' id='word_1_713' title='bbox 1038 5078 1367 5149; x_wconf 86' lang='grc' dir='ltr'>δυσώπησιν,</span> <span class='ocrx_word' id='word_1_714' title='bbox 1405 5079 1498 5133; x_wconf 84' lang='grc' dir='ltr'><strong>καί</strong></span> <span class='ocrx_word' id='word_1_715' title='bbox 1531 5095 1589 5131; x_wconf 86' lang='grc' dir='ltr'><strong>τε</strong></span> <span class='ocrx_word' id='word_1_716' title='bbox 1624 5076 1685 5132; x_wconf 83' lang='grc' dir='ltr'>τὸ</span> <span class='ocrx_word' id='word_1_717' title='bbox 1711 5078 1893 5149; x_wconf 80' lang='grc' dir='ltr'>ὅμοιον</span> 
     </span>
    </p>
   </div>
   <div class='ocr_carea' id='block_1_100' title="bbox 331 5166 1891 5241">
    <p class='ocr_par' dir='ltr' id='par_1_100' title="bbox 331 5166 1891 5241">
     <span class='ocr_line' id='line_1_100' title="bbox 331 5166 1891 5241; baseline 0.001 -21"><span class='ocrx_word' id='word_1_718' title='bbox 331 5167 679 5238; x_wconf 78' lang='grc' dir='ltr'>ἀποδίδομεν·</span> <span class='ocrx_word' id='word_1_719' title='bbox 720 5170 769 5221; x_wconf 89' lang='grc' dir='ltr'><strong>εί</strong></span> <span class='ocrx_word' id='word_1_720' title='bbox 805 5169 912 5240; x_wconf 86' lang='grc' dir='ltr'><strong>γὰρ</strong></span> <span class='ocrx_word' id='word_1_721' title='bbox 957 5169 1123 5241; x_wconf 79' lang='grc' dir='ltr'>μηδὲν</span> <span class='ocrx_word' id='word_1_722' title='bbox 1169 5167 1311 5240; x_wconf 77' lang='grc' dir='ltr'>εἶχεν</span> <span class='ocrx_word' id='word_1_723' title='bbox 1349 5173 1378 5225; x_wconf 81' lang='grc' dir='ltr'><strong>ό</strong></span> <span class='ocrx_word' id='word_1_724' title='bbox 1427 5171 1588 5241; x_wconf 87' lang='grc' dir='ltr'>νόμος</span> <span class='ocrx_word' id='word_1_725' title='bbox 1638 5170 1750 5223; x_wconf 79' lang='grc' dir='ltr'>ἴσον</span> <span class='ocrx_word' id='word_1_726' title='bbox 1799 5166 1891 5221; x_wconf 84' lang='grc' dir='ltr'>τοῦ</span> 
     </span>
    </p>
   </div>
   <div class='ocr_carea' id='block_1_101' title="bbox 332 5256 1892 5333">
    <p class='ocr_par' dir='ltr' id='par_1_101' title="bbox 332 5256 1892 5333">
     <span class='ocr_line' id='line_1_101' title="bbox 332 5256 1892 5333; baseline 0.001 -22"><span class='ocrx_word' id='word_1_727' title='bbox 332 5258 688 5327; x_wconf 87' lang='grc' dir='ltr'>Εὐαγγελίου,</span> <span class='ocrx_word' id='word_1_728' title='bbox 716 5260 809 5315; x_wconf 80' lang='grc' dir='ltr'><strong>τοῦ</strong></span> <span class='ocrx_word' id='word_1_729' title='bbox 855 5262 1108 5331; x_wconf 89' lang='grc' dir='ltr'>ἀνομοίου</span> <span class='ocrx_word' id='word_1_730' title='bbox 1156 5264 1187 5332; x_wconf 81' lang='grc' dir='ltr'>ἠ</span> <span class='ocrx_word' id='word_1_731' title='bbox 1245 5261 1544 5333; x_wconf 82' lang='grc' dir='ltr'>κατηγορία</span> <span class='ocrx_word' id='word_1_732' title='bbox 1594 5256 1696 5331; x_wconf 81' lang='grc' dir='ltr'>ἦν·</span> <span class='ocrx_word' id='word_1_733' title='bbox 1744 5260 1793 5312; x_wconf 88' lang='grc' dir='ltr'><strong>εί</strong></span> <span class='ocrx_word' id='word_1_734' title='bbox 1836 5258 1892 5313; x_wconf 79' lang='grc' dir='ltr'>δὲ</span> 
     </span>
    </p>
   </div>
   <div class='ocr_carea' id='block_1_102' title="bbox 332 5349 1892 5424">
    <p class='ocr_par' dir='ltr' id='par_1_102' title="bbox 332 5349 1892 5424">
     <span class='ocr_line' id='line_1_102' title="bbox 332 5349 1892 5424; baseline 0.001 -22"><span class='ocrx_word' id='word_1_735' title='bbox 332 5350 583 5422; x_wconf 83' lang='grc' dir='ltr'>ὁμοιότης</span> <span class='ocrx_word' id='word_1_736' title='bbox 627 5353 772 5418; x_wconf 74' lang='grc' dir='ltr'>ἐστὶ,</span> <span class='ocrx_word' id='word_1_737' title='bbox 809 5352 861 5407; x_wconf 82' lang='grc' dir='ltr'><strong>τί</strong></span> <span class='ocrx_word' id='word_1_738' title='bbox 897 5352 988 5406; x_wconf 81' lang='grc' dir='ltr'><strong>ἐπί</strong></span> <span class='ocrx_word' id='word_1_739' title='bbox 1018 5354 1115 5423; x_wconf 81' lang='grc' dir='ltr'><strong>τῆς</strong></span> <span class='ocrx_word' id='word_1_740' title='bbox 1139 5353 1450 5424; x_wconf 81' lang='grc' dir='ltr'>ὁμοιότητος</span> <span class='ocrx_word' id='word_1_741' title='bbox 1492 5349 1853 5423; x_wconf 87' lang='grc' dir='ltr'>διαφερόμεθα</span> <span class='ocrx_word' id='word_1_742' title='bbox 1878 5391 1892 5415; x_wconf 94' lang='grc'><strong>,</strong></span> 
     </span>
    </p>
   </div>
   <div class='ocr_carea' id='block_1_103' title="bbox 333 5438 1893 5519">
    <p class='ocr_par' dir='ltr' id='par_1_103' title="bbox 333 5438 1893 5519">
     <span class='ocr_line' id='line_1_103' title="bbox 333 5438 1893 5519; baseline 0.001 -25"><span class='ocrx_word' id='word_1_743' title='bbox 333 5438 434 5511; x_wconf 87' lang='grc' dir='ltr'><strong>τῆς</strong></span> <span class='ocrx_word' id='word_1_744' title='bbox 471 5442 785 5516; x_wconf 84' lang='grc' dir='ltr'>ὁμοιότητος</span> <span class='ocrx_word' id='word_1_745' title='bbox 812 5443 1158 5517; x_wconf 86' lang='grc' dir='ltr'>διαφέρεσθαι</span> <span class='ocrx_word' id='word_1_746' title='bbox 1204 5444 1287 5519; x_wconf 67' lang='grc' dir='ltr'>μὴ</span> <span class='ocrx_word' id='word_1_747' title='bbox 1318 5444 1680 5515; x_wconf 84' lang='grc' dir='ltr'>ἀνεχομένης;</span> <span class='ocrx_word' id='word_1_748' title='bbox 1717 5443 1826 5515; x_wconf 51' lang='lat' dir='ltr'><strong>Boi</strong></span> <span class='ocrx_word' id='word_1_749' title='bbox 1864 5443 1893 5496; x_wconf 84' lang='grc' dir='ltr'><strong>ὁ</strong></span> 
     </span>
    </p>
   </div>
   <div class='ocr_carea' id='block_1_104' title="bbox 2070 4794 3556 4869">
    <p class='ocr_par' dir='ltr' id='par_1_104' title="bbox 2070 4794 3556 4869">
     <span class='ocr_line' id='line_1_104' title="bbox 2070 4794 3556 4869; baseline -0.001 -18"><span class='ocrx_word' id='word_1_750' title='bbox 2070 4797 2245 4868; x_wconf 88' lang='lat' dir='ltr'><strong>Atque</strong></span> <span class='ocrx_word' id='word_1_751' title='bbox 2290 4798 2405 4854; x_wconf 64' lang='lat' dir='ltr'><strong>hazc</strong></span> <span class='ocrx_word' id='word_1_752' title='bbox 2444 4799 2669 4869; x_wconf 81' lang='lat' dir='ltr'><strong>quidem</strong></span> <span class='ocrx_word' id='word_1_753' title='bbox 2720 4804 2982 4853; x_wconf 84' lang='lat' dir='ltr'><strong>hactenus</strong></span> <span class='ocrx_word' id='word_1_754' title='bbox 3030 4794 3325 4866; x_wconf 88' lang='lat' dir='ltr'><strong>persecuti,</strong></span> <span class='ocrx_word' id='word_1_755' title='bbox 3357 4795 3556 4866; x_wconf 77' lang='lat' dir='ltr'><strong>proba-</strong></span> 
     </span>
    </p>
   </div>
   <div class='ocr_carea' id='block_1_105' title="bbox 2000 4888 3557 4961">
    <p class='ocr_par' dir='ltr' id='par_1_105' title="bbox 2000 4888 3557 4961">
     <span class='ocr_line' id='line_1_105' title="bbox 2000 4888 3557 4961; baseline -0.003 -16"><span class='ocrx_word' id='word_1_756' title='bbox 2000 4892 2175 4946; x_wconf 90' lang='lat' dir='ltr'><strong>vimus</strong></span> <span class='ocrx_word' id='word_1_757' title='bbox 2208 4900 2497 4961; x_wconf 87' lang='lat' dir='ltr'><strong>utrumque</strong></span> <span class='ocrx_word' id='word_1_758' title='bbox 2525 4906 2649 4946; x_wconf 91' lang='lat' dir='ltr'><strong>esse</strong></span> <span class='ocrx_word' id='word_1_759' title='bbox 2684 4890 2736 4945; x_wconf 92' lang='lat' dir='ltr'><strong>iu</strong></span> <span class='ocrx_word' id='word_1_760' title='bbox 2792 4891 2933 4960; x_wconf 84' lang='lat' dir='ltr'><strong>lege,</strong></span> <span class='ocrx_word' id='word_1_761' title='bbox 2975 4896 3031 4943; x_wconf 88' lang='lat' dir='ltr'><strong>et</strong></span> <span class='ocrx_word' id='word_1_762' title='bbox 3064 4888 3180 4943; x_wconf 85' lang='lat' dir='ltr'><strong>vitii</strong></span> <span class='ocrx_word' id='word_1_763' title='bbox 3208 4888 3557 4959; x_wconf 79' lang='lat' dir='ltr'><strong>exstirpatio-</strong></span> 
     </span>
    </p>
   </div>
   <div class='ocr_carea' id='block_1_106' title="bbox 1997 4979 3558 5051">
    <p class='ocr_par' dir='ltr' id='par_1_106' title="bbox 1997 4979 3558 5051">
     <span class='ocr_line' id='line_1_106' title="bbox 1997 4979 3558 5051; baseline -0.005 -15"><span class='ocrx_word' id='word_1_764' title='bbox 1997 4998 2141 5047; x_wconf 88' lang='lat' dir='ltr'><strong>nem,</strong></span> <span class='ocrx_word' id='word_1_765' title='bbox 2181 4990 2235 5037; x_wconf 91' lang='lat' dir='ltr'><strong>et</strong></span> <span class='ocrx_word' id='word_1_766' title='bbox 2262 4981 2493 5037; x_wconf 80' lang='lat' dir='ltr'><strong>virtutis.</strong></span> <span class='ocrx_word' id='word_1_767' title='bbox 2516 4979 2748 5036; x_wconf 88' lang='lat' dir='ltr'><strong>ollicium</strong></span> <span class='ocrx_word' id='word_1_768' title='bbox 2779 4989 2939 5051; x_wconf 91' lang='lat' dir='ltr'><strong>atque</strong></span> <span class='ocrx_word' id='word_1_769' title='bbox 2964 4979 3405 5034; x_wconf 87' lang='lat' dir='ltr'><strong>exercitationem</strong></span> <span class='ocrx_word' id='word_1_770' title='bbox 3433 4994 3448 5043; x_wconf 93' lang='lat'><strong>;</strong></span> <span class='ocrx_word' id='word_1_771' title='bbox 3477 4985 3558 5029; x_wconf 70' lang='lat' dir='ltr'><strong>at-</strong></span> 
     </span>
    </p>
   </div>
   <div class='ocr_carea' id='block_1_107' title="bbox 1996 5069 3552 5142">
    <p class='ocr_par' dir='ltr' id='par_1_107' title="bbox 1996 5069 3552 5142">
     <span class='ocr_line' id='line_1_107' title="bbox 1996 5069 3552 5142; baseline -0.003 -18"><span class='ocrx_word' id='word_1_772' title='bbox 1996 5087 2107 5141; x_wconf 90' lang='lat' dir='ltr'><strong>que</strong></span> <span class='ocrx_word' id='word_1_773' title='bbox 2149 5071 2261 5125; x_wconf 71' lang='lat' dir='ltr'><strong>hrec</strong></span> <span class='ocrx_word' id='word_1_774' title='bbox 2319 5071 2538 5142; x_wconf 87' lang='lat' dir='ltr'><strong>quidem</strong></span> <span class='ocrx_word' id='word_1_775' title='bbox 2596 5071 2731 5126; x_wconf 91' lang='lat' dir='ltr'><strong>satis</strong></span> <span class='ocrx_word' id='word_1_776' title='bbox 2786 5085 2927 5135; x_wconf 92' lang='lat' dir='ltr'><strong>esse,</strong></span> <span class='ocrx_word' id='word_1_777' title='bbox 2965 5080 3026 5125; x_wconf 90' lang='lat' dir='ltr'><strong>ut</strong></span> <span class='ocrx_word' id='word_1_778' title='bbox 3078 5069 3165 5125; x_wconf 89' lang='lat' dir='ltr'><strong>isti</strong></span> <span class='ocrx_word' id='word_1_779' title='bbox 3210 5069 3552 5125; x_wconf 82' lang='lat' dir='ltr'><strong>erubescant.</strong></span> 
     </span>
    </p>
   </div>
   <div class='ocr_carea' id='block_1_108' title="bbox 1997 5156 3553 5235">
    <p class='ocr_par' dir='ltr' id='par_1_108' title="bbox 1997 5156 3553 5235">
     <span class='ocr_line' id='line_1_108' title="bbox 1997 5156 3553 5235; baseline -0.005 -16"><span class='ocrx_word' id='word_1_780' title='bbox 1997 5164 2216 5235; x_wconf 88' lang='lat' dir='ltr'><strong>Aliquid</strong></span> <span class='ocrx_word' id='word_1_781' title='bbox 2266 5164 2443 5220; x_wconf 91' lang='lat' dir='ltr'><strong>simile</strong></span> <span class='ocrx_word' id='word_1_782' title='bbox 2474 5165 2751 5220; x_wconf 82' lang='lat' dir='ltr'><strong>reddimus</strong></span> <span class='ocrx_word' id='word_1_783' title='bbox 2793 5163 2850 5217; x_wconf 90' lang='lat' dir='ltr'><strong>in</strong></span> <span class='ocrx_word' id='word_1_784' title='bbox 2902 5163 3193 5233; x_wconf 87' lang='lat' dir='ltr'><strong>Evangelio</strong></span> <span class='ocrx_word' id='word_1_785' title='bbox 3225 5169 3279 5218; x_wconf 91' lang='lat' dir='ltr'><strong>et</strong></span> <span class='ocrx_word' id='word_1_786' title='bbox 3317 5161 3453 5231; x_wconf 86' lang='lat' dir='ltr'><strong>lege.</strong></span> <span class='ocrx_word' id='word_1_787' title='bbox 3498 5156 3553 5212; x_wconf 89' lang='lat' dir='ltr'><strong>Si</strong></span> 
     </span>
    </p>
   </div>
   <div class='ocr_carea' id='block_1_109' title="bbox 1998 5250 3556 5324">
    <p class='ocr_par' dir='ltr' id='par_1_109' title="bbox 1998 5250 3556 5324">
     <span class='ocr_line' id='line_1_109' title="bbox 1998 5250 3556 5324; baseline -0.005 -14"><span class='ocrx_word' id='word_1_788' title='bbox 1998 5255 2142 5310; x_wconf 90' lang='lat' dir='ltr'><strong>enim</strong></span> <span class='ocrx_word' id='word_1_789' title='bbox 2194 5263 2378 5310; x_wconf 89' lang='lat' dir='ltr'><strong>essent</strong></span> <span class='ocrx_word' id='word_1_790' title='bbox 2428 5254 2737 5324; x_wconf 80' lang='lat' dir='ltr'><strong>Evangelia,</strong></span> <span class='ocrx_word' id='word_1_791' title='bbox 2781 5261 2838 5309; x_wconf 91' lang='lat' dir='ltr'><strong>et</strong></span> <span class='ocrx_word' id='word_1_792' title='bbox 2861 5261 3007 5309; x_wconf 88' lang='lat' dir='ltr'><strong>esset</strong></span> <span class='ocrx_word' id='word_1_793' title='bbox 3046 5255 3152 5317; x_wconf 78' lang='lat' dir='ltr'><strong>lex,</strong></span> <span class='ocrx_word' id='word_1_794' title='bbox 3215 5260 3270 5308; x_wconf 92' lang='lat' dir='ltr'><strong>et</strong></span> <span class='ocrx_word' id='word_1_795' title='bbox 3297 5251 3435 5307; x_wconf 87' lang='lat' dir='ltr'><strong>nihil</strong></span> <span class='ocrx_word' id='word_1_796' title='bbox 3473 5250 3556 5305; x_wconf 87' lang='lat' dir='ltr'><strong>lex</strong></span> 
     </span>
    </p>
   </div>
   <div class='ocr_carea' id='block_1_110' title="bbox 2001 5339 3558 5418">
    <p class='ocr_par' dir='ltr' id='par_1_110' title="bbox 2001 5339 3558 5418">
     <span class='ocr_line' id='line_1_110' title="bbox 2001 5339 3558 5418; baseline -0.002 -17"><span class='ocrx_word' id='word_1_797' title='bbox 2001 5348 2221 5402; x_wconf 85' lang='lat' dir='ltr'><strong>haberet</strong></span> <span class='ocrx_word' id='word_1_798' title='bbox 2256 5347 2460 5418; x_wconf 68' lang='lat' dir='ltr'><strong>aequale</strong></span> <span class='ocrx_word' id='word_1_799' title='bbox 2505 5346 2820 5417; x_wconf 76' lang='lat' dir='ltr'><strong>Evangelia,</strong></span> <span class='ocrx_word' id='word_1_800' title='bbox 2876 5345 3094 5400; x_wconf 87' lang='lat' dir='ltr'><strong>crimini</strong></span> <span class='ocrx_word' id='word_1_801' title='bbox 3123 5343 3345 5399; x_wconf 74' lang='lat' dir='ltr'><strong>daretur</strong></span> <span class='ocrx_word' id='word_1_802' title='bbox 3389 5339 3558 5398; x_wconf 77' lang='lat' dir='ltr'><strong>dissi-</strong></span> 
     </span>
    </p>
   </div>
   <div class='ocr_carea' id='block_1_111' title="bbox 2000 5431 3560 5511">
    <p class='ocr_par' dir='ltr' id='par_1_111' title="bbox 2000 5431 3560 5511">
     <span class='ocr_line' id='line_1_111' title="bbox 2000 5431 3560 5511; baseline -0.004 -15"><span class='ocrx_word' id='word_1_803' title='bbox 2000 5440 2269 5496; x_wconf 87' lang='lat' dir='ltr'><strong>militudo.</strong></span> <span class='ocrx_word' id='word_1_804' title='bbox 2308 5439 2406 5495; x_wconf 88' lang='lat' dir='ltr'><strong>Sin</strong></span> <span class='ocrx_word' id='word_1_805' title='bbox 2436 5449 2616 5495; x_wconf 92' lang='lat' dir='ltr'><strong>autem</strong></span> <span class='ocrx_word' id='word_1_806' title='bbox 2650 5438 2954 5495; x_wconf 91' lang='lat' dir='ltr'><strong>similitudo</strong></span> <span class='ocrx_word' id='word_1_807' title='bbox 2981 5447 3087 5506; x_wconf 89' lang='lat' dir='ltr'><strong>est,</strong></span> <span class='ocrx_word' id='word_1_808' title='bbox 3104 5437 3234 5511; x_wconf 82' lang='lat' dir='ltr'><strong>quid</strong></span> <span class='ocrx_word' id='word_1_809' title='bbox 3263 5437 3330 5494; x_wconf 89' lang='lat' dir='ltr'><strong>de</strong></span> <span class='ocrx_word' id='word_1_810' title='bbox 3360 5431 3560 5493; x_wconf 81' lang='lat' dir='ltr'><strong>simili-</strong></span> 
     </span>
    </p>
   </div>
   <div class='ocr_carea' id='block_1_112' title="bbox 403 5589 2881 5671">
    <p class='ocr_par' dir='ltr' id='par_1_112' title="bbox 403 5589 2881 5671">
     <span class='ocr_line' id='line_1_112' title="bbox 403 5589 2881 5671; baseline -0.004 -18"><span class='ocrx_word' id='word_1_811' title='bbox 403 5597 519 5671; x_wconf 82' lang='lat'><strong>(59)</strong></span> <span class='ocrx_word' id='word_1_812' title='bbox 565 5599 931 5667; x_wconf 69' lang='grc' dir='ltr'>Τραχύτητος</span> <span class='ocrx_word' id='word_1_813' title='bbox 962 5598 1125 5669; x_wconf 55' lang='lat' dir='ltr'><strong>me.</strong></span> <span class='ocrx_word' id='word_1_814' title='bbox 1168 5596 1375 5653; x_wconf 88' lang='lat' dir='ltr'><strong>Duritia</strong></span> <span class='ocrx_word' id='word_1_815' title='bbox 1405 5596 1547 5652; x_wconf 85' lang='lat' dir='ltr'><strong>enim</strong></span> <span class='ocrx_word' id='word_1_816' title='bbox 1588 5597 1800 5667; x_wconf 89' lang='lat' dir='ltr'><strong>stnpori</strong></span> <span class='ocrx_word' id='word_1_817' title='bbox 1833 5597 2025 5655; x_wconf 80' lang='lat' dir='ltr'><strong>similis</strong></span> <span class='ocrx_word' id='word_1_818' title='bbox 2060 5594 2372 5667; x_wconf 84' lang='lat' dir='ltr'><strong>patientiam</strong></span> <span class='ocrx_word' id='word_1_819' title='bbox 2413 5591 2676 5649; x_wconf 86' lang='lat' dir='ltr'><strong>imitatur.</strong></span> <span class='ocrx_word' id='word_1_820' title='bbox 2712 5589 2881 5647; x_wconf 75' lang='lat' dir='ltr'><strong>Tuan.</strong></span> 
     </span>
    </p>
   </div>
  </div>
