4022 6208
478 195 618 253 Ιέδθ

1588 191 1721 250 TITI
1762 192 2185 251 BOSTRENSIS
2225 190 2527 250 EPISCOPI

3566 188 3704 246 ιειο

476 306 668 364 tudine
703 306 1116 369 contendimus.
1150 320 1273 362 cum
1307 307 1609 363 similitudo
1657 326 1766 364 non
1802 312 2033 380 patiatur

2138 311 2422 381 χαρακτὴρ
2452 308 2548 380 τὴν
2586 306 2929 376 συγγένειαν⁸
2964 304 2997 375 ἡ
3022 303 3271 376 ὁμοιότης
3298 302 3397 373 τὴν
3422 300 3705 372 ἀδελφότη-

481 408 539 456 ut
564 399 939 457 controversia
968 398 1064 454 sit?
1085 395 1391 454 Proclamat
1419 401 1796 468 cognationem
1827 403 2032 474 stylus:

478 490 781 547 similitudo
804 488 1215 561 germanitatem
1253 489 1548 560 signitleat.
1593 489 1672 546 Ad
1705 506 1865 545 unam
1910 507 2038 546 cau-

478 597 594 637 sam
639 581 869 636 aliorum
915 580 1182 645 omnium,
1228 579 1441 636 Patrem
1488 590 1668 637 autem
1715 583 2035 648 Salvatoris,

476 673 562 727 lex
595 679 650 726 et
681 669 974 738 Evangelia
1002 670 1208 726 ducunt
1233 679 1487 727 mentem.
1520 672 1624 728 Lex
1657 674 1795 729 dixit
1827 689 1841 726 :
1877 676 2036 740 Audi,

475 762 670 825 Israel,
699 760 958 817 Dominus
984 761 1123 818 Deus
1145 772 1265 817 tuus
1287 761 1545 819 Dominus
1558 781 1694 819 unus
1715 765 1861 821 est”.
1894 766 2038 821 Dixit

473 854 823 923 Evangelium
846 872 859 907 :
884 851 1053 908 Nemo
1074 853 1262 918 bonus,
1294 854 1397 909 nisi
1420 871 1552 909 unus
1580 854 1791 910 Deus".
1825 856 2039 911 Clama-

470 947 548 1002 vit
574 946 856 1016 apostolus
884 944 1087 1001 Paulus
1114 963 1128 1000 :
1157 943 1304 1000 Unus
1334 946 1491 1012 Deus,
1521 961 1587 1001 ea:
1612 964 1714 1017 quo
1751 950 1930 1003 omnia
1945 950 1993 981 "
2018 965 2032 1001 :

469 1054 537 1093 ex
566 1038 681 1109 lege
703 1044 757 1092 et
795 1053 862 1092 ex
890 1036 1173 1093 Salvatore
1201 1045 1364 1106 atque
1387 1054 1453 1092 ex
1482 1037 1665 1093 Paulo-
1682 1043 1933 1112 cognitus
1952 1048 2038 1096 est

469 1128 744 1198 ingenuitas
772 1136 826 1183 et
858 1128 979 1183 sine
1011 1126 1195 1183 Patre.
1237 1126 1466 1183 Genitos
1521 1145 1650 1185 vero
1674 1146 1737 1185 ex
1793 1132 1935 1194 sinu,
1984 1140 2038 1186 et

470 1214 641 1272 Filius
669 1218 791 1286 ejus
817 1218 910 1287 qui
940 1217 1146 1288 genuit.
1186 1214 1400 1273 Rursus
1435 1216 1523 1271 hic
1572 1214 1869 1289 Scripturas
1903 1234 2038 1273 con-

470 1308 734 1364 sentiunt.
763 1306 871 1365 Lex
889 1308 966 1362 ait
992 1327 1006 1364 :
1042 1307 1125 1361 Ea:
1144 1317 1291 1363 utero
1318 1317 1440 1363 ante
1457 1308 1733 1379 luciferum
1754 1310 2036 1380 genuite'";

467 1399 819 1471 Evangelium
849 1416 979 1457 vero
1007 1417 1022 1455 :
1054 1399 1364 1471 Unigenitus
1395 1400 1573 1457 Filius
1602 1401 1743 1457 Deus
1774 1403 1863 1474 qui
1886 1403 2038 1457 estin

468 1494 590 1548 sinu
616 1492 819 1559 Patris,
874 1496 964 1549 ille
999 1497 1338 1552 enarravit".
1387 1496 1579 1553 Sinum
1618 1496 1751 1554 dicit
1798 1497 2038 1570 Evange-

2136 419 2205 457 τα
2230 404 2506 474 σημαίνει.
2548 402 2689 472 Πρὸς
2726 400 2821 453 ἕνα
2863 398 2969 452 τῶν
3011 397 3184 452 ἄλλων
3221 395 3482 449 ἁπάντων
3517 394 3706 459 αἴτιον,

2136 495 2353 566 Πατέρα
2368 494 2424 548 δὲ
2447 494 2539 548 τοῦ
2564 492 2835 564 Σωτῆρος,
2869 490 3151 560 ἔφέλκουσι
3191 488 3291 559 τὴν
3328 487 3588 540 διάνοιαν.
3622 480 3709 537 Εἷ-

2138 604 2237 641 πεν
2270 590 2299 641 6
2326 587 2487 656 νόμος
2506 602 2519 616 ⁸
2558 586 2793 647 Ἄκουε,
2816 581 3061 650 Ἰσραήλ
3078 598 3092 611 ⁸
3124 581 3338 648 Κύριος
3363 581 3397 632 ό
3426 579 3571 642 Θεός
3594 593 3708 630 σου

2135 680 2348 747 Κύριος
2374 672 2461 743 εἷς
2480 677 2671 733 ἐστιν.
2695 670 2829 728 Elite
2850 672 2912 725 τδ
2932 671 3256 740 Εὐαγγέλιω
3274 684 3289 699 ⁸
3326 668 3536 733 οὐδεὶς
3566 668 3705 735 ἀτα-

2137 770 2241 837 θὸς
2271 771 2323 822 εἰ
2343 768 2428 838 μὴ
2453 763 2543 834 εἷς
2569 769 2603 821 ό
2635 766 2799 831 Θεός.
2828 763 3082 834 Ἔδόησεν
3109 763 3136 814 ὁ
3157 760 3366 823 Παῦλος
3383 776 3398 789 ⁸
3418 754 3526 823 Εἷς
3546 758 3703 824 Θεὸς,

2136 862 2205 925 ἐξ
2235 857 2306 918 οὗ
2335 860 2407 915 τὰ
2438 859 2662 914 πάντα⁸
2698 857 2793 911 καὶ
2812 854 3058 926 νενόηται
3085 857 3114 909 6
3134 854 3424 923 ἀγέννητος
3451 851 3546 904 καὶ
3572 849 3706 903 ἁπό-

2137 970 2249 1026 τωρ
2281 955 2345 1007 ὲκ
2368 952 2531 1023 νόμου
2563 951 2656 1006 καὶ
2684 949 2938 1021 Σωτῆρος
2971 946 3179 1001 καὶτοῦ
3209 943 3556 998 Ἀποστόλου.
3580 942 3704 996 Γένο

2138 1060 2202 1113 νη
2211 1060 2285 1114 μα
2311 1042 2369 1095 δὲ
2385 1037 2453 1113 ἦν
2473 1040 2567 1095 καὶ
2586 1042 2831 1111 γέννημα
2855 1040 2919 1093 ὲκ
2946 1039 3181 1100 κόλπων,
3212 1037 3309 1090 καὶ
3338 1036 3470 1099 Υἱὸς
3492 1034 3590 1088 τοῦ
3614 1051 3704 1103 γε·

2137 1135 2476 1207 γεννηκότος.
2532 1135 2641 1189 Kal
2687 1131 2899 1204 συνῳδὰ
2944 1130 3106 1187 πάλιν
3146 1129 3213 1183 τὰ
3250 1130 3581 1201 γράμματα.
3616 1126 3705 1181 Ἕκ

2139 1224 2398 1296 γαστρὸς
2453 1224 2566 1292 πρὸ
2618 1224 2927 1293 ἐωσφόρου
2982 1219 3285 1291 ἐγέννησα
3328 1235 3423 1283 σε,
3471 1220 3502 1270 6
3552 1219 3706 1289 νόμος

2137 1317 2304 1385 λέγει.
2340 1314 2406 1371 ’0
2432 1315 2768 1387 μονογενὴς
2793 1313 2924 1381 Υιὸς
2958 1314 3123 1379 Θεὸς,
3159 1314 3192 1365 ό
3221 1311 3306 1364 ὢν
3337 1312 3426 1377 εις
3445 1309 3557 1363 τόν
3574 1311 3709 1363 κόλ-

2140 1423 2256 1460 πον
2283 1404 2392 1460 τοῦ
2418 1404 2666 1473 Πατρός,
2700 1403 2928 1469 ἐκεῖνος
2958 1401 3316 1471 ἐξηγήσατο,
3350 1400 3423 1454 τὰ
3467 1400 3709 1469 EW-

2139 1496 2229 1551 λια
2264 1495 2598 1567 διηγοῦνται.
2649 1495 2860 1557 Κόλπος
2907 1494 3015 1548 ἀπὸ
3060 1494 3169 1547 τῶν
3219 1492 3568 1561 Εὑαγγελὶων
3614 1493 3706 1547 καὶ

470 1583 624 1642 lium.
653 1592 706 1638 et
740 1592 955 1639 uterum
986 1586 1068 1640 lex
1102 1605 1116 1641 :
1153 1595 1208 1643 et
1250 1586 1427 1644 Filius
1456 1588 1729 1660 legitimus
1762 1589 1956 1645 similis
1985 1589 2033 1644 ei

2139 1589 2353 1660 γαστὴρ
2377 1588 2485 1641 ἀπὸ
2511 1586 2604 1640 τοῦ
2635 1587 2801 1658 νόμου
2845 1585 3158 1655 λελάληταν
3207 1586 3304 1639 καὶ⁵
3337 1586 3469 1648 Υἱὸς
3495 1588 3706 1658 γνήσιος

468 1676 562 1745 qui
593 1692 658 1730 ex
702 1684 861 1730 utero
883 1687 937 1731 et
968 1679 1090 1734 sinu
1132 1680 1319 1750 genuit
1356 1653 1729 1737 denuntiatur.
1770 1682 1846 1737 Ac
1880 1683 2033 1738 testi-

2135 1653 2421 1751 6uows-tiii
2468 1653 2819 1750 γεγεννηκότι
2851 1680 2913 1731 ὲκ
2942 1653 3172 1748 γαστρὸς
3201 1678 3297 1729 καὶ
3340 1653 3561 1730 κόλπων
3583 1653 3707 1729 κατ-

468 1766 713 1819 monium
744 1767 963 1837 quidem
1001 1770 1250 1839 perbibet
1292 1786 1398 1825 vox
1437 1770 1709 1843 Evangelii
1753 1791 1767 1827 :
1805 1771 1909 1826 Hic
1956 1782 2033 1827 est

470 1855 644 1911 Filius
673 1875 816 1913 meus
841 1844 1096 1919 dilectus:
1122 1863 1179 1917 in
1215 1879 1313 1934 quo
1342 1863 1472 1917 mihi
1500 1863 1623 1920 bene
1649 1865 1941 1934 complacui
1965 1867 2030 1918 ".

468 1948 728 2005 Testatur
759 1954 922 2005 etiam
961 1950 1129 2007 David
1160 1954 1215 2009 in
1268 1957 1479 2026 psalmo
1513 1975 1528 2013 :
1562 1955 1738 2013 Filius
1787 1972 1930 2012 meus
1979 1974 2034 2013 es

470 2050 565 2101 tu:
594 2057 686 2109 ego
714 2042 868 2097 hodie
888 2047 1038 2113 genui
1072 2055 1122 2098 te
1155 2044 1226 2102 “.
1268 2044 1381 2101 Una
1408 2061 1512 2102 vox
1543 2055 1596 2103 et
1625 2055 1778 2111 tunc,
1803 2059 1856 2104 et
1888 2065 2035 2104 nunc

468 2131 635 2186 missa
663 2140 747 2187 est
778 2152 791 2188 :
820 2141 874 2188 et
904 2150 1068 2199 unus,
1101 2136 1191 2205 qui
1223 2137 1395 2202 misit,
1430 2138 1647 2195 locutus
1661 2139 1878 2210 quidem
1906 2150 2036 2196 tunc

466 2231 584 2291 est;
611 2239 757 2279 nunc
795 2233 978 2284 autem
1014 2227 1298 2283 nobiscum
1322 2230 1744 2297 sermocinatus,
1777 2247 1884 2286 non
1915 2247 2036 2286 mu-

466 2322 638 2380 tatur,
662 2316 758 2386 qui
789 2327 919 2373 tunc
974 2317 1214 2375 locutus.
1268 2317 1374 2386 Qui
1430 2320 1574 2376 enim
1631 2336 1757 2377 sero
1814 2321 2036 2377 tandem

464 2403 608 2461 hanc
638 2420 827 2463 vocem
860 2407 1031 2473 misit,
1062 2408 1175 2479 jam
1222 2417 1349 2466 ante
1384 2411 1438 2465 in
1465 2409 1698 2468 Psalmis
1742 2426 1861 2467 eam
1899 2428 2038 2484 prae-

467 2497 754 2554 nuntiasse
823 2500 1096 2570 reperitur
1145 2521 1158 2556 :
1203 2500 1414 2573 fuitque
1479 2502 1621 2559 facta
1689 2503 2038 2560 denuntiatio

466 2589 679 2646 sanctis
708 2592 943 2662 angelis,
970 2598 1029 2647 ut
1055 2592 1390 2650 inservirent
1414 2593 1575 2660 Filio,
1625 2601 1679 2650 et
1717 2595 2036 2667 religionem

471 2680 839 2737 venerationis
899 2690 1065 2752 atque
1125 2682 1502 2738 adorationem
1564 2683 1616 2739 ei
1677 2684 2036 2753 adhiberent;

467 2774 732 2844 scriptum
783 2784 869 2831 est
892 2778 1036 2832 enim
1073 2797 1086 2832 :
1123 2778 1189 2831 Et
1232 2777 1451 2833 adorent
1488 2795 1606 2832 eum
1651 2795 1829 2835 omnes
1868 2782 2040 2851 angeli

463 2862 565 2917 Dei
580 2864 647 2918 υ.
679 2863 1022 2935 Astipulatus
1063 2874 1146 2922 est
1185 2867 1312 2922 huic
1354 2866 1758 2925 denuntiationi
1811 2869 2035 2949 Paulus,

2134 1772 2475 1841 αγγέλλεται.
2524 1772 2632 1825 Kal
2671 1773 2940 1843 μαρτυρεῖ
2972 1770 3072 1842 μὲν
3094 1771 3127 1839 ή
3156 1768 3249 1822 τοῦ
3284 1771 3496 1841 Κυρίου
3526 1773 3666 1841 φωνή
3686 1786 3704 1800 ⁸

2138 1860 2327 1930 Οὗτός
2356 1865 2527 1918 ἐστιν
2563 1868 2597 1919 ό
2635 1865 2766 1930 Υἱός
2787 1881 2906 1933 μου
2938 1867 2971 1919 ό
2992 1865 3331 1935 μονογενὴς
3356 1865 3459 1920 καὶ
3482 1868 3705 1937 ἀγαπη-

2136 1955 2256 2021 τὸς,
2286 1954 2357 2008 ἐν
2382 1947 2429 2021 ᾧ
2454 1954 2568 2026 ἐγὼ
2602 1954 2925 2023 εὐδόκησα.
2971 1956 3255 2027 Μαρτυρεῖ
3293 1955 3350 2008 δὲ
3389 1956 3486 2010 καὶ
3525 1958 3557 2008 ό
3581 1956 3711 2027 ψαλ-

2139 2046 2309 2118 μῳδός
2327 2062 2341 2076 ⁸
2372 2047 2503 2111 Υἱός
2537 2063 2656 2117 μου
2681 2044 2740 2101 εἷ
2768 2048 2849 2102 σύ
2870 2064 2883 2077 ⁸
2926 2045 3040 2116 ἐγὼ
3070 2046 3338 2115 σήμερον
3382 2044 3712 2117 γεγέννηκὰ

2135 2156 2227 2193 σε.
2260 2139 2369 2193 Kal
2416 2139 2514 2209 μία
2552 2140 2701 2210 φωνὴ
2736 2140 2827 2193 καὶ
2853 2139 2973 2193 τότε
3007 2138 3100 2192 καὶ
3142 2138 3237 2193 νῦν
3268 2139 3710 2211 προσενεχθεῖσα,

2137 2233 2229 2286 καὶ
2261 2229 2339 2297 εἷς
2364 2232 2630 2303 λαλήσας·
2657 2231 3023 2303 φθεγξάμενος
3051 2233 3148 2303 μὲν
3166 2231 3310 2295 τότε,
3344 2232 3468 2302 ἄρτι
3486 2231 3547 2283 δὲ
3571 2230 3715 2302 ὡμι-

2136 2320 2348 2393 ληκώς·
2378 2321 2472 2375 καὶ
2501 2322 2600 2375 οὐκ
2645 2321 3017 2376 ὲναλλάττεται
3067 2323 3097 2374 6
3140 2321 3411 2397 εἰρηκὼς⁸
3461 2320 3563 2389 ὀψὲ
3601 2320 3714 2391 γάρ

2139 2428 2265 2464 ποτε
2288 2411 2384 2482 τὴν
2415 2409 2665 2481 τοιαύτην
2691 2412 2848 2480 ἀφεὶς
2875 2410 3086 2483 φωνὴν,
3114 2411 3213 2483 ἤδη
3245 2409 3573 2482 προφθάσας
3616 2410 3709 2463 καὶ

2137 2500 2480 2574 προειρηκὼς
2516 2504 2574 2555 ὲν
2618 2505 2729 2567 τοῖς
2787 2502 3035 2573 Ψαλμοῖς
3082 2502 3396 2574 εὑρίσκετο⁸
3434 2502 3531 2554 καὶ
3564 2516 3709 2573 παρ-

2140 2593 2368 2663 αγγελία
2408 2595 2509 2664 μὲν
2560 2592 2666 2647 ἀπὸ
2694 2592 2785 2647 τοῦ
2822 2594 3035 2664 Πατρὸς
3061 2595 3197 2665 πρὸς
3229 2592 3329 2656 τὰς
3368 2592 3521 2656 θείας
3550 2592 3707 2646 δυνά-

2142 2703 2263 2757 μεις
2290 2686 2575 2758 ὑπηρετεῖν
2604 2683 2682 2757 τῷ
2710 2684 2842 2755 Υἱῷ,
2883 2686 2976 2739 καὶ
3003 2687 3063 2737 τὸ
3100 2684 3257 2748 σέϐας
3294 2685 3390 2738 καὶ
3428 2686 3526 2755 τὴν
3549 2701 3705 2755 προσι-

2140 2778 2361 2849 κύνησιν
2428 2776 2577 2848 αὐτῷ
2649 2776 2984 2831 ἀποδιδόναυ
3044 2777 3346 2849 γέγραπται
3401 2776 3535 2848 γάρ*
3595 2776 3699 2832 Καὶ

2140 2870 2735 2940 προσκυνησάτωσαν
2775 2867 2935 2936 αὐτῷ
2972 2868 3193 2936 πάντες
3238 2869 3478 2939 ἄγγελοι
3531 2868 3698 2923 Θωῦ.

464 2956 577 3012 imo
607 2956 750 3012 lianc
771 2966 1033 3013 retractat
1061 2969 1118 3015 et
1143 2960 1534 3032 interpretatur
1565 2979 1581 3029 ;
1619 2962 1932 3035 studetque,
1971 2976 2031 3022 ut

2140 2962 2529 3035 Συγκεχώρηκε
2571 2962 2627 3015 δὲ
2654 2965 2719 3034 τῇ
2774 2960 3116 3033 παραγγελία
3161 2961 3190 3013 ὁ
3221 2960 3452 3025 Παῦλος,
3502 2960 3705 3031 μᾶλλον

466 3050 541 3105 sit
577 3049 846 3122 interpres
906 3053 1028 3122 ejus
1084 3054 1230 3125 quod
1295 3056 1449 3127 prius
1495 3057 1723 3123 dictum,
1764 3067 1819 3115 et
1878 3061 2033 3133 prius

466 3143 729 3215 scriptum
763 3154 847 3201 est
879 3164 893 3200 :
941 3145 1073 3202 Cum
1107 3149 1243 3202 enim
1304 3148 1591 3205 introducit
1627 3151 2031 3223 primogenitum

465 3237 519 3290 in
553 3237 727 3291 orbem
759 3247 934 3304 terrm,
963 3238 1093 3293 dicit
1126 3256 1145 3294 :
1182 3239 1250 3294 Et
1281 3241 1501 3297 adorent
1556 3260 1672 3298 eum
1714 3262 1889 3301 omnes
1930 3263 2030 3301 an-

466 3325 567 3395 geli
596 3326 694 3381 Dei
719 3327 785 3383 ⁸³.
816 3325 1149 3401 Videbisque
1179 3329 1499 3401 Apostolum
1532 3332 1810 3391 studuisse
1844 3343 1903 3389 ut
1934 3352 2028 3392 ve-

466 3425 583 3473 tera
612 3420 1078 3490 interpretaretur,
1106 3430 1160 3478 et
1187 3438 1297 3478 non
1345 3424 1649 3492 neglexisse
1673 3425 1808 3497 legis
1845 3428 2030 3499 expla-

465 3509 761 3566 nationem.
793 3512 1100 3583 Aliquando
1154 3512 1302 3570 enim
1347 3514 1482 3570 dicit
1520 3533 1533 3570 :
1566 3514 1759 3571 Omnia
1808 3516 2029 3588 subjecit

466 3599 562 3654 sub
594 3601 831 3669 pedibus,
855 3613 908 3659 et
937 3604 1116 3660 statim
1148 3613 1369 3663 enarrat
1404 3607 1657 3678 inquiens
1692 3626 1705 3663 :
1738 3606 1872 3664 Cum
1929 3626 2027 3664 au-

468 3703 568 3747 tem
599 3692 763 3763 dicat,
802 3696 993 3752 Omnia
1024 3696 1260 3767 subjecta
1282 3708 1404 3753 sunt
1432 3699 1499 3761 ei,
1549 3700 1659 3755 sine
1696 3700 1856 3755 dubio
1889 3717 2025 3772 pra:-

468 3795 547 3842 ter
561 3803 679 3841 eum
701 3789 790 3860 qui
818 3790 1038 3860 subjecit
1059 3791 1107 3845 ei
1135 3790 1312 3845 omnia
1333 3807 1350 3845 :
1369 3791 1499 3845 nihil
1521 3793 1729 3864 reliquit
1762 3808 1863 3848 non
1900 3794 2023 3849 sub-

466 3877 658 3944 iectum
692 3878 776 3933 illi
805 3888 902 3933 :ut
928 3881 996 3934 sit
1029 3879 1167 3934 Deus
1199 3881 1378 3934 omnia
1406 3882 1461 3935 in
1477 3883 1715 3937 omnibus
1735 3883 1799 3936 ⁸³.
1836 3881 2020 3950 Quan-

466 3967 645 4038 doque
689 3968 825 4024 dicit
869 3990 882 4024 :
923 3969 1145 4039 Propter
1180 3970 1275 4026 hoc
1318 3972 1572 4043 relinquet
1627 3973 1779 4028 homo
1822 3983 2023 4043 patrem

466 4071 514 4115 et
566 4071 787 4117 matrem
844 4074 1273 4119 :saeramentum
1318 4064 1412 4120 hoc
1475 4082 1719 4137 magnum
1762 4076 1877 4131 est;
1932 4084 2024 4139 ego

466 4162 641 4208 autem
670 4154 787 4208 dico
808 4155 863 4209 in
887 4154 1157 4211 Christum
1198 4157 1326 4211 etin
1367 4155 1725 4212 Ecclesium“.
1817 4169 1824 4179 '

2136 3052 2193 3106 δὲ
2220 3052 2421 3124 ταύτην
2448 3052 2867 3125 ὲπεξεργάξεται
2897 3053 2991 3106 καὶ
3020 3051 3381 3125 διερμηνεύει,
3411 3053 3501 3105 καὶ
3535 3068 3702 3105 σπου-

2136 3144 2283 3210 δάζει
2326 3146 2419 3200 τοῦ
2465 3146 2860 3220 προειρημένου
2901 3145 2996 3199 καὶ
3036 3146 3516 3218 προγεγραμμένου
3544 3145 3698 3212 γίνεο

2137 3236 2258 3291 σθαι
2285 3238 2551 3310 ἑρμηνεύς
2571 3255 2585 3269 ⁸
2617 3238 2799 3294 Ὅταν
2817 3235 2926 3308 γὰρ
2953 3237 3163 3306 εἰσάγῃ
3191 3236 3301 3289 τὸν
3328 3235 3694 3305 πρωτότοκονρ

2133 3332 2219 3396 εις
2251 3330 2365 3399 τὴν
2398 3330 2774 3400 οἰκουμένην,
2811 3330 2972 3400 λέγει
2993 3347 3009 3361 ⁸
3046 3329 3155 3386 Καὶ
3198 3326 3695 3397 προσκυνησάτω-

2133 3437 2255 3480 σαν
2279 3422 2437 3488 αὐτῷ
2464 3422 2685 3489 πάντες
2697 3421 2932 3493 ἄγγελοι
2951 3422 3116 3476 Θεοῦ.
3147 3421 3256 3474 Καὶ
3281 3420 3401 3490 ὀψει
3428 3420 3514 3472 τὸν
3535 3418 3695 3471 Ἀπό-

2136 3516 2316 3573 στολον
2336 3515 2703 3570 ἐσπουδακότα
2723 3513 3043 3585 ἑρμηνεύειν
3057 3513 3124 3566 τὰ
3147 3510 3369 3575 παλαιὰ,
3393 3509 3699 3580 διηγεῖσθαι

2129 3611 2198 3665 τὰ
2226 3612 2283 3664 ὲν
2319 3608 2397 3680 τῷ
2432 3609 2580 3680 νόμῳ
2613 3607 2687 3680 μὴ
2721 3606 3021 3679 ἀμελοῦντα
3039 3624 3054 3639 ⁸
3085 3605 3218 3660 ἀλλὰ
3243 3604 3371 3658 ποτὲ
3397 3604 3497 3675 μὲν
3514 3604 3701 3673 λέγον-

2130 3719 2226 3757 τα·
2273 3701 2586 3766 Ὑπέταξεν
2611 3700 2721 3773 (60)
2749 3699 3025 3756 ὑποκάτω
3070 3697 3188 3753 τῶν
3231 3696 3433 3752 ποδῶν
3466 3696 3653 3751 αὐτοῦ
3676 3711 3694 3727 ⁸

2124 3796 2284 3860 εὐθὺς
2304 3796 2359 3849 δὲ
2385 3793 2842 3867 ὲπεξηγούμενον·
2880 3794 3061 3846 Ὅταν
3088 3792 3156 3845 δὲ
3177 3792 3341 3859 εἴπῃ,
3363 3790 3453 3843 ὅτι
3494 3789 3699 3842 Πάντα

2122 3887 2533 3949 ὑποτέτακται,
2568 3882 2775 3953 δῆλον,
2805 3883 2892 3937 ὅτι
2925 3883 3096 3948 ἐκτὸς
3131 3881 3236 3936 τοῦ
3280 3878 3694 3944 ὑποτάξαντος

2123 3978 2281 4045 αὐτῷ
2310 3979 2379 4032 τὰ
2409 3976 2620 4030 πάντα·
2636 3975 2815 4030 οὐδὲν
2827 3973 3056 4044 ἀφῆκεν
3069 3970 3228 4038 αὑτῷ
3253 3972 3683 4031 ἀνυπότακτον,

2124 4071 2225 4122 ἵνα
2255 4063 2297 4141 ᾗ
2333 4073 2365 4123 ό
2399 4068 2542 4133 Θεὸς
2569 4068 2639 4122 τὰ
2664 4067 2860 4120 πάντα
2879 4066 2949 4120 ἐν
2974 4064 3123 4121 πᾶσι
3142 4082 3157 4095 ⁸
3191 4065 3323 4119 ποτὲ
3346 4062 3397 4115 δὲ
3422 4060 3641 4128 λέγοντα
3660 4073 3675 4087 ⁸

2127 4163 2376 4216 Ἕνεκεν
2411 4162 2621 4214 τούτου
2648 4160 2990 4227 καταλείψει
3020 4157 3326 4225 ἅνθρωπος
3360 4152 3456 4208 τὸν
3497 4148 3674 4202 πατέ·

457 4262 540 4315 pa
574 4250 760 4305 αὐτοῦ
800 4251 897 4305 καὶ
968 4251 1082 4321 τὴν
1107 4253 1361 4323 μητέρα·
1408 4254 1475 4306 τὸ
1511 4252 1845 4323 μυστήριον
1894 4255 2067 4309 τοῦτο
2116 4257 2269 4327 μέγα
2298 4257 2469 4311 ἐστίν
2494 4273 2507 4285 ⁸
2548 4255 2661 4325 ἐγὼ
2705 4254 2773 4307 δὲ
2815 4253 2986 4320 λέγω,
3040 4255 3128 4318 εὶς
3173 4247 3423 4320 Χριστὸν
3455 4244 3551 4299 και
3587 4244 3674 4307 εἰς

464 4341 579 4412 τὴν
618 4346 998 4419 Ἐκκλησίαν.

1393 4465 1526 4521 Car.
1565 4463 1680 4522 Xll.
1717 4466 1916 4522 Veteris
1948 4468 2076 4539 legis
2104 4436 2426 4537 interpretes,
2469 4475 2711 4535 apostoa.

531 4583 711 4654 Atque
764 4584 997 4654 apostoli
1026 4583 1244 4655 quidem
1282 4585 1606 4656 interpretes
1642 4594 1771 4641 sunt
1819 4586 2021 4642 veteris

2194 4586 2300 4639 Kal
2335 4586 2588 4657 ἑρμηνεῖς
2619 4583 2715 4653 μὲν
2738 4583 2788 4636 οἱ
2808 4578 3088 4635 ἀπόστολοι
3110 4579 3218 4633 τῶν
3244 4578 3488 4632 παλαιῶν
3506 4595 3522 4608 ⁸
3549 4579 3686 4649 σύμ-

462 4675 619 4746 legis,
641 4684 1057 4746 consonantque
1085 4682 1267 4731 vetera
1299 4677 1475 4733 novis.
1501 4676 1570 4731 At
1603 4692 1753 4741 vero,
1777 4676 1869 4748 qui
1894 4685 2023 4733 sunt

2135 4693 2275 4746 ρωνα
2301 4675 2358 4729 δὲ
2388 4674 2456 4728 τὰ
2496 4672 2698 4727 παλαιὰ
2745 4675 2857 4735 τοῖς
2902 4672 3060 4736 νέοις.
3104 4670 3242 4724 Ἀλλ’
3279 4671 3391 4723 ὅσοι
3420 4670 3521 4740 μὲν
3545 4671 3685 4723 ἀπό.

460 4782 572 4823 non
614 4768 881 4839 apostoli.
917 4763 1200 4823 accusant’
1223 4777 1447 4834 vetera;
1498 4768 1591 4838 qui
1630 4767 1848 4838 quidem
1895 4783 2020 4823 cum

2135 4766 2299 4821 πτολοι
2347 4765 2768 4846 ὲρμηνεύοὶσιν,
2816 4766 2928 4818 ὅσοι
2974 4763 3030 4817 δὲ
3084 4763 3184 4816 οὐκ
3239 4762 3524 4816 ἀπόστολοι
3574 4762 3687 4815 διαυ

462 4872 571 4913 non
605 4857 814 4914 faciunt
856 4862 1001 4930 quod
1040 4859 1293 4929 apostoli.
1326 4859 1421 4914 sed
1456 4860 1639 4931 potius
1670 4874 1795 4913 cum
1828 4875 2020 4916 eorum

2135 4859 2374 4913 βάλλουσι
2397 4876 2409 4891 ⁸
2441 4859 2514 4929 μὴ
2540 4856 2816 4919 ποιοῦντες
2838 4856 2966 4927 γὰρ,
2988 4855 3017 4908 6
3038 4854 3279 4908 ποιοῦσιν
3298 4857 3347 4908 οῖ
3375 4853 3681 4915 ἀπόστολοι,

463 4951 669 5022 scripto
712 4962 999 5022 pugnant,
1040 4951 1378 5007 mentiuntur
1431 4952 1829 5022 apostolatum.
1890 4951 2021 5007 facti

2135 4952 2257 5006 Ελλὰ
2293 4953 2584 5025 μαχόμενοι
2626 4950 2700 5023 τῷ
2746 4951 2837 5004 ὑπ’
2876 4950 3096 5004 ἐκείνων
3125 4946 3517 5019 γεγραμμένῳ,
3548 4946 3683 5015 ψεύ-

460 5043 967 5113 ιιεειιάορτορὴειω.
1004 5041 1399 5114 Explanatores
1428 5044 1575 5099 enim
1616 5043 1883 5111 veritatis,
1922 5044 2017 5116 qui

2135 5045 2300 5099 Ξονται
2342 5046 2437 5116 τὴν
2475 5044 2807 5116 ἀποστολὴν,
2853 5043 3291 5115 ψευδοπροφῆται
3324 5041 3495 5104 δντες.
3550 5040 3683 5093 ’1δοῦ

460 5134 632 5205 legem
657 5133 1086 5198 honoraverunt,
1118 5135 1280 5192 iidem
1306 5136 1475 5208 legem
1510 5146 1883 5207 exposuerunt
1913 5155 1925 5190 :
1959 5136 2014 5191 lii

2135 5136 2228 5209 γὰρ
2258 5138 2307 5190 οἱ
2350 5138 2447 5208 τῆς
2497 5136 2747 5210 ἀληθείας
2789 5136 3094 5207 εἰσηγηταὶ,
3129 5134 3218 5189 τὸν
3271 5134 3433 5205 νόμον
3461 5149 3684 5203 τετιμη-

528 5288 575 5320 ’δ
617 5287 772 5345 Deut.
809 5305 898 5353 νι,
936 5289 986 5344 ι.
1064 5288 1109 5321 ’⁸
1151 5287 1317 5344 Marc.
1354 5306 1419 5354 v,
1458 5290 1544 5346 18.
1622 5291 1669 5323 ⁷⁸
1707 5290 1723 5345 l
1756 5290 1881 5345 Cor.
1919 5306 2014 5345 vui

2135 5333 2139 5344 .
2217 5292 2259 5324 "
2300 5291 2442 5347 Psal.
2475 5307 2595 5353 eis,
2630 5293 2683 5347 '5.
2758 5292 2806 5326 "
2841 5288 2997 5345 Joan.
3034 5308 3074 5354 ι,
3108 5292 3163 5346 8.
3254 5291 3299 5323 τ’
3339 5289 3530 5346 Hatth.
3584 5303 3678 5346 tu.

454 5356 524 5482 ετ
546 5374 773 5484 arguit,
837 5361 888 5415 5.
994 5358 1039 5393 '°
1077 5357 1222 5416 Psal.
1282 5377 1353 5427 ιι,
1420 5362 1469 5416 7.
1556 5362 1601 5395 ”
1639 5360 1787 5418 Psal.
1839 5377 1994 5428 seu,
2027 5361 2075 5414 7.
2189 5362 2233 5393 ⁸¹
2274 5361 2434 5418 Hebr.
2472 5380 2509 5428 ι,
2546 5362 2598 5417 6.
2704 5362 2749 5393 ⁸³
2790 5362 2808 5415 l
2842 5362 2964 5418 Cor.
3003 5379 3088 5426 xv,
3121 5361 3312 5417 26-28.
3387 5362 3432 5392 ⁸⁸
3472 5360 3680 5432 Ephes.

531 5563 641 5634 (ῧο)
690 5566 1030 5634 ’Υπέταξενο
1089 5567 1443 5628 Restituenda
1497 5573 1586 5628 hic
1638 5585 1740 5627 vos
1793 5573 2033 5633 πόρευμα

2135 5582 2181 5621 m
2215 5564 2565 5621 amanuensis
2592 5564 2841 5619 incautus
2871 5562 3075 5617 omisit.
3113 5560 3269 5615 Basx.
