4022 6208
263 177 396 234 12H

1183 144 1186 147 ’
1276 176 1647 237 mensus
1681 176 2108 237 nummos
2143 179 2271 237 LlB.
2313 179 2398 237 ιιι.

3356 184 3493 241 1212

263 313 441 362 κοτες,
488 295 577 351 τὸν
615 295 778 367 νόμον
813 293 1146 368 ἐξηγήσαντο
1169 312 1181 326 ·
1227 288 1373 351 οὗτοι
1422 297 1481 352 δέ
1538 297 1628 352 τὺν
1675 297 1839 370 νόμον

1949 313 2074 355 vero
2100 299 2195 370 qui
2225 300 2400 371 legem
2430 298 2703 355 criminati
2751 304 2912 364 sunt,
2946 298 3117 370 legem
3154 297 3386 365 feriunt;
3437 309 3495 357 et

261 387 681 459 διαϐεϐληκότες
713 385 790 458 τῷ
834 388 983 459 νόμῳ
1025 386 1521 459 διαπληκτίζονται,
1566 392 1658 445 καὶ
1696 390 1832 463 πρὸς

260 479 391 542 τοὺς
410 477 852 548 ἐξηγησαμένους
883 479 974 533 τὸν
1002 482 1184 555 νόμον.
1209 485 1319 538 Καὶ
1349 483 1470 555 ἴσην
1495 483 1593 555 μὲν
1618 483 1667 535 οἱ
1696 481 1834 536 ἀπό-

265 569 440 623 στολοι
473 569 573 639 τὴν
606 570 900 641 ὁμοιότητα
935 572 1029 627 τοῦ
1059 574 1388 645 Εύαγγελίου
1425 573 1639 629 καὶτοῦ
1666 574 1831 645 νόμου

263 662 622 731 γινώσκουσι·
661 664 755 717 καὶ
789 664 879 719 τὸν
912 666 1072 738 νόμον
1103 668 1359 732 λαϐόντες
1401 669 1462 722 τὸ
1502 667 1832 738 Εὐαγγέλιον

268 755 523 829 βλέπουσι
549 774 563 788 ’
590 756 683 810 καὶ
714 759 792 822 είς
815 758 877 811 τὸ
900 760 1227 829 Εύαγγέλιον
1254 761 1718 833 παρακύπτοντες,
1740 761 1833 817 τὸν

266 850 428 921 νόμον
452 850 552 903 ούκ
579 850 891 923 ἀναιροῦσιν
909 869 925 883 ·
953 846 1098 907 οὗτοι
1129 854 1185 908 δὲ
1209 855 1279 910 τὰ
1307 857 1467 927 ὃμοια
1493 855 1579 910 ἀεὶ
1607 855 1834 926 ἁνόμοια

268 941 627 1013 ἡγησάμενοι,
663 944 757 996 καὶ
784 942 852 996 τὰ
892 944 1020 1014 φίλα
1052 946 1263 1011 ἑαυτοῖς
1294 949 1386 1002 καὶ
1430 946 1631 1017 ἀδελφά
1666 946 1834 1017 ἄφιλα

268 1033 362 1086 καὶ
402 1033 641 1089 ἄσπονδα
680 1033 1087 1105 ὁμολογοῦντες,
1136 1038 1333 1103 κακίας
1374 1040 1473 1110 μὲν
1516 1039 1733 1110 ἔλεγχον
1772 1040 1833 1094 οὐ

270 1124 530 1195 φεύγουσι
549 1143 563 1157 ο
599 1126 805 1198 διιστᾷν
834 1127 891 1182 δὲ
925 1130 1019 1184 καὶ
1045 1128 1268 1201 διαιρεῖν
1292 1130 1361 1184 τά
1385 1132 1545 1202 ὅμοια
1571 1132 1835 1187 ἐσπουδα-

269 1216 447 1280 κότες,
482 1215 555 1288 μὴ
581 1216 866 1288 δυνάμενοι
892 1218 950 1271 δὲ
973 1218 1215 1291 διαιρεῖν.
1268 1220 1421 1275 Ἐπεὶ
1456 1220 1556 1274 οὐκ
1586 1220 1835 1290 ἀνέχεται

268 1311 298 1364 ὁ
325 1309 486 1380 νόμος
521 1308 612 1363 τοῦ
634 1310 968 1379 Εύαγγελίου
1018 1311 1360 1385 διαιρεῖσθαι,
1398 1311 1499 1381 τῆς
1541 1310 1837 1381 βασκανίας

268 1401 477 1457 ἑαυτῶν
505 1400 602 1473 τὴν
651 1402 927 1473 ἐπιτιμίαν
964 1402 1369 1475 ἐκαρπώσαντο.
1427 1403 1557 1457 Ἰδοὺ
1592 1404 1700 1474 γάρ
1738 1404 1838 1457 ὃσα

270 1491 400 1562 περὶ
440 1490 651 1560 Πατρὸς
700 1492 758 1544 ἐν
814 1491 982 1562 νόμῳ,
1030 1492 1203 1546 ταῦτα
1260 1493 1353 1546 καὶ
1406 1492 1463 1546 ἐν
1489 1492 1839 1562 Εὐαγγελίοις

271 1585 446 1636 κεῖται
471 1598 485 1612 ο
515 1584 614 1636 ὅσα
639 1583 767 1655 περὶ
794 1581 947 1648 Υἱοῦ,
975 1582 1147 1638 ταῦτα
1167 1586 1223 1638 ἐν
1252 1586 1577 1658 ἀμφοτέροις
1604 1588 1834 1657 εἴρηται·

269 1675 370 1728 ὅσα
408 1674 537 1746 περὶ
592 1674 908 1747 Πνεύματος
961 1675 1138 1745 ἁγίου,
1183 1676 1353 1731 ταῦτα
1406 1679 1465 1730 ἐν
1517 1677 1843 1749 ἀμφοτέροις

271 1766 454 1838 εὑρεῖν
488 1766 857 1839 δυνησόμεθα·
890 1768 1010 1822 οὐδὲ
1045 1770 1299 1840 ὁπότερον
1334 1769 1443 1842 γὰρ
1483 1771 1715 1842 γράμμα
1747 1772 1841 1825 τοῦ

274 1856 589 1927 ΙΙνεύματος
613 1856 703 1910 τοῦ
745 1858 900 1927 ἁγίου
951 1861 1286 1932 ἀμνημονεῖο
1338 1860 1452 1915 ἀλλ’
1505 1864 1563 1916 ἐν
1618 1862 1716 1934 μὲν
1765 1862 1844 1933 τῷ

274 1950 590 2022 Εύαγγελίῳ
615 1953 648 2023 ή
680 1951 879 2024 δωρεὰ,
902 1954 1019 2007 ἐκεῖ
1040 1953 1098 2007 δέ
1120 1956 1213 2008 κα)⁵
1239 1956 1272 2026 ἡ
1308 1954 1542 2028 αἴτησις.
1572 1958 1682 2011 Καὶ
1714 1959 1845 2012 ποτὲ

276 2042 377 2112 μὲν
404 2042 551 2110 λέγει
600 2044 628 2096 ὁ
671 2043 833 2098 Δαὸίδ
856 2061 871 2076 ο
921 2045 990 2099 Τὸ
1032 2046 1276 2116 Πνεῦμά
1310 2061 1427 2101 σου
1457 2047 1523 2101 τὸ
1561 2047 1731 2119 ἅγιον
1755 2049 1843 2119 μὴ

273 2133 610 2203 ἀντανέλῃς
639 2134 740 2188 ἀπ’
773 2135 944 2204 ἐμοῦο
978 2137 1107 2190 ποτὲ
1131 2137 1189 2191 δέ
1222 2138 1551 2209 Εὑαγγέλιον
1578 2158 1591 2172 ·
1625 2139 1846 2196 Λάϐετε

274 2227 520 2296 Πνεῦμα
555 2226 758 2295 ἅγιον·
805 2227 870 2280 ἵν’
904 2227 933 2280 ὃ
990 2227 1088 2298 μὲν
1127 2228 1237 2299 ἔχει
1287 2228 1361 2300 μὴ
1412 2231 1700 2303 ἀφαιρεθῇ,
1732 2231 1760 2285 δ
1786 2231 1844 2285 δέ

275 2318 578 2391 χαρίζεται,
627 2311 781 2383 οὗτος
814 2319 914 2392 ἔχῃ
948 2319 1146 2375 λαϐών.
1191 2321 1301 2374 Καὶ
1344 2323 1410 2394 τῇ
1458 2322 1712 2394 συνουσίᾳ
1750 2322 1843 2377 τοῦ

272 2410 431 2479 ἁγίου
459 2410 596 2464 Πνεύ
605 2427 772 2482 ματος
801 2410 1064 2482 τιμῶνται
1101 2412 1156 2465 αἱ
1198 2412 1387 2484 ψυχαὶ,
1419 2415 1554 2486 μήτε
1583 2414 1844 2469 ἀποσπώ-

279 2518 437 2573 μεναι
462 2498 563 2572 τῆς
592 2501 896 2567 συνουσίας,
943 2503 1080 2574 μήτε
1112 2503 1234 2574 δίχα
1278 2506 1375 2575 τῆς
1411 2505 1697 2570 συνουσίας
1729 2505 1843 2559 δια-

277 2593 546 2647 τελοῦσαι.

350 2686 462 2738 Καὶ
492 2685 776 2758 δυνήσεταί
816 2703 901 2751 τις
935 2688 1062 2760 περὶ
1092 2688 1336 2757 ἀγγέλων
1364 2690 1457 2744 καὶ
1495 2690 1845 2761 ἀρχαγγέλων

278 2777 511 2832 καὶτῶν
551 2777 725 2833 ἄλλων
755 2779 1031 2846 ἐξουσιῶν,
1079 2781 1170 2834 καὶ
1225 2783 1352 2853 περὶ
1393 2780 1677 2852 ἀνθρώπου
1709 2780 1844 2853 (61),

277 2869 377 2923 καὶ
401 2870 522 2939 γῆς,
573 2868 667 2924 καὶ
700 2869 807 2924 τῶν
840 2870 1012 2925 ἄλλων
1061 2872 1574 2945 δημιουργημὰτων,
1625 2870 1849 2945 ἐπεξερ-

1939 405 2035 447 eos
2084 392 2177 461 qui
2236 392 2409 462 legem
2463 392 2923 462 explanaverunt,
2959 399 3244 460 pungunt.
3298 388 3493 446 Parem

1940 484 2355 542 similitudinem
2378 483 2654 555 Evangelii
2677 491 2839 554 atque
2859 483 2994 554 legis
3009 489 3347 553 cognoscunt
3371 495 3499 552 apo-

1938 574 2067 631 stoli
2087 593 2103 630 ι
2131 575 2225 645 qui
2245 589 2368 630 cum
2388 576 2559 645 legem
2577 584 2818 636 sumunt,
2840 573 3176 644 evangelium
3194 571 3495 641 aspiciunt;

1937 683 2061 723 cum
2074 667 2419 739 Evangelium
2430 667 2719 739 aspiciunt,
2734 668 2902 740 legem
2918 682 3028 723 non
3046 664 3355 722 tollunthli
3371 677 3499 719 vero

1938 759 2067 815 dum
2082 775 2201 828 quae
2215 766 2343 815 sunt
2364 758 2586 824 similia,
2613 773 2827 830 semper
2844 757 3133 814 dissimilia
3149 772 3270 814 esse
3285 762 3496 825 putant,

1937 862 1992 911 et
2007 860 2129 924 qua:
2150 851 2253 909 sibi
2272 852 2416 907 inter
2433 866 2492 908 se
2515 851 2690 906 amica
2706 856 2759 905 et
2784 864 3063 921 germana,
3089 848 3307 904 inimica
3329 857 3383 903 et
3400 847 3498 901 ad-

1940 947 2185 1005 versaria
2200 960 2323 1002 esse
2340 944 2679 1016 profitentur,
2697 958 2809 1000 non
2833 943 3050 1014 quidem
3063 941 3345 1012 effugiunt,
3367 940 3499 1010 quin

1940 1041 2148 1097 malitia
2168 1056 2357 1097 eorum
2378 1040 2625 1095 convicta
2661 1040 2763 1095 sit:
2801 1037 3114 1108 disjungere
3127 1041 3338 1091 verO'et
3366 1033 3501 1088 diri-

1940 1150 2089 1190 mere
2119 1133 2322 1190 similia
2352 1132 2481 1187 dum
2525 1131 2765 1193 student,
2793 1143 2973 1198 neque
3017 1135 3200 1181 tamen
3247 1131 3498 1196 possunt.

1942 1225 2395 1296 Quandoquidem
2424 1224 2508 1279 lex
2546 1224 2614 1278 ab
2644 1221 2938 1291 Evangelio
2957 1220 3123 1275 dividi
3156 1234 3263 1274 non
3299 1223 3499 1287 potest,

1948 1318 2170 1374 invidiae
2206 1333 2320 1373 suae
2362 1315 2603 1370 fructum
2645 1320 3008 1384 perceperunt
3049 1309 3500 1380 objurgationem.

1949 1410 2297 1479 Quaecunque
2324 1408 2469 1464 cnim
2489 1408 2557 1463 de
2576 1406 2807 1463 Patrein
2840 1406 2957 1475 lege
2984 1403 3189 1472 scripta
3218 1407 3365 1466 sunt,
3386 1400 3504 1454 haec

1947 1505 2110 1559 etiam
2143 1510 2268 1558 sunt
2293 1502 2346 1555 in
2377 1500 2686 1569 Evangeliis
2714 1517 2728 1554 :
2761 1492 3185 1573 quaecunquede
3200 1489 3359 1555 Filio,
3390 1490 3506 1545 hinc

1950 1595 2006 1649 in
2040 1595 2289 1665 utrisque
2317 1608 2335 1649 :
2362 1608 2484 1663 quae
2511 1592 2580 1648 de
2612 1591 2819 1662 Spiritu
2863 1596 3088 1653 sancto,
3133 1586 3249 1639 haec
3290 1596 3511 1654 quoque

1946 1688 1999 1742 in
2028 1689 2296 1743 ambobus
2316 1687 2563 1757 reperire
2594 1684 2893 1757 poterimus
2919 1703 2933 1738 :
2967 1688 3160 1737 neutra
3186 1678 3332 1734 enim
3361 1674 3510 1730 Seri-

1944 1790 2104 1851 ptura
2132 1794 2242 1834 non
2266 1779 2516 1834 meminit
2544 1780 2613 1833 de
2639 1776 2848 1848 Spiritu
2879 1784 3069 1834 sancto
3089 1792 3104 1829 :
3127 1771 3304 1827 imoin
3330 1767 3509 1822 Evan-

1944 1871 2087 1943 gelio
2113 1877 2198 1926 est
2229 1870 2433 1925 donum
2459 1909 2473 1934 ,
2500 1868 2574 1923 ibi
2607 1882 2737 1923 vero
2766 1875 2848 1921 est
2876 1863 3087 1936 petitio.
3120 1861 3186 1915 Et
3215 1856 3510 1929 aliquando

1950 1966 2083 2020 dicit
2126 1962 2297 2018 David
2331 1981 2345 2017 :
2383 1960 2643 2030 Spiritum
2673 1967 2913 2015 sanctum
2945 1967 3092 2010 tuum
3137 1970 3199 2007 ne
3232 1950 3445 2019 auferas
3476 1964 3510 2001 a

1945 2073 2027 2110 me
2055 2056 2122 2111 ⁸⁸.
2158 2053 2434 2110 Interdum
2475 2052 2610 2108 dicit
2634 2049 3024 2121 Evangelium:
3069 2043 3301 2124 Accipite
3339 2038 3513 2110 Spiri-

1946 2162 2058 2205 tum
2088 2159 2334 2205 sanctum
2383 2146 2467 2201 ⁸⁶ε
2504 2152 2565 2201 ut
2596 2144 2740 2215 quod
2772 2141 2990 2213 quidem
3029 2137 3192 2193 habet
3224 2133 3413 2197 David,
3442 2148 3510 2188 ne

1945 2242 2226 2299 auferatur
2267 2240 2316 2296 ei
2355 2248 2550 2310 rogat:
2587 2235 2731 2307 quod
2767 2249 2898 2290 vero
2948 2232 3038 2286 hic
3071 2229 3266 2293 donat,
3298 2226 3352 2281 id
3383 2239 3506 2281 cum

1945 2334 2037 2389 ille
2072 2330 2368 2403 acceperit,
2395 2329 2614 2385 habent.
2644 2322 3035 2380 Familiaritate
3066 2321 3230 2375 etiam
3270 2314 3508 2389 Spiritus

1948 2424 2125 2482 sancti
2157 2424 2353 2479 animae
2387 2422 2744 2484 honorantur,
2783 2431 2883 2472 nec
2924 2431 2955 2469 a
2993 2411 3362 2468 familiaritate
3388 2406 3511 2479 ejus

1946 2519 2172 2585 avulsae,
2204 2530 2383 2588 neque
2414 2514 2532 2572 sine
2558 2512 2679 2584 ejus
2712 2507 3079 2566 familiaritate
3106 2507 3509 2575 permanentes.

2014 2696 2098 2752 Ad
2127 2694 2375 2751 eumdem
2407 2690 2630 2746 modum
2661 2686 2862 2757 poterit
2888 2683 3015 2755 quis
3052 2673 3405 2741 elaborando,
3443 2671 3512 2726 de

1949 2788 2159 2860 angelis
2192 2795 2247 2842 et
2286 2782 2636 2853 archangelis
2665 2787 2720 2834 et
2764 2777 2885 2832 aliis
2915 2771 3308 2846 potestatibus,
3357 2772 3412 2820 et
3443 2763 3512 2860 de

1949 2854 2094 2936 οωῙο
2122 2894 2187 2935 ac
2218 2884 2364 2933 terra
2389 2874 2621 2945 aliisque
2636 2868 2907 2926 creaturis
2933 2859 3345 2922 similitudinem
3376 2854 3513 2927 legis

279 2959 590 3061 laetiusve;
641 2961 738 3061 την
790 2962 1080 3033 ὁμοιότητα
1138 2965 1232 3019 τοῦ
1281 2982 1340 3018 τε
1393 2956 1555 3036 νόμου
1609 2965 1703 3020 καὶ
1749 2964 1844 3019 τοῦ

1951 2978 2006 3028 et
2036 2968 2316 3040 Evangelii
2346 2964 2707 3036 contemplari
2732 3002 2747 3027 ,
2813 2968 2976 3030 atque
3026 2956 3100 3009 ita
3138 2945 3512 3020 investigando

277 3049 636 3118 Εὑαγγελίου,
673 3049 966 3123 θεωρῆσαι,
1003 3053 1096 3106 καὶ
1135 3053 1277 3108 οὕτω
1314 3055 1645 3127 κατιχνεύων
1684 3056 1844 3126 μέχρι

1950 3074 2125 3130 usque
2164 3057 2231 3112 ad
2250 3057 2535 3113 minimum
2562 3052 2852 3109 devenire:
2879 3062 2981 3103 nos
3010 3058 3139 3099 vero
3165 3048 3368 3097 tantam
3398 3049 3514 3091 mo~

278 3139 373 3196 τοῦ
429 3140 707 3212 ἐλαχίστου
769 3142 970 3212 φθάσαι
997 3160 1011 3175 ⁸
1065 3146 1225 3215 ἡμεῖς
1275 3146 1331 3199 δέ
1386 3145 1477 3199 τὸν
1533 3141 1845 3217 τηλικοῦτον

276 3233 442 3302 ὄγκον
469 3233 894 3304 παραιτούμεθα,
924 3236 1082 3305 μόνον
1110 3240 1175 3307 τῇ
1210 3236 1462 3291 ὑποθέσει
1492 3239 1844 3317 χρησάμενοι,

279 3325 378 3380 καὶ
422 3327 548 3390 τοὺς
598 3326 915 3395 φιλομαθεῖς
963 3329 1348 3401 ἐκκαλούμενοι
1402 3328 1503 3401 τῆς
1542 3330 1848 3395 ὑποθέσεως

279 3416 613 3488 ἁψαμένους,
639 3417 732 3471 ἐπὶ
767 3416 945 3471 πάντα
967 3419 1037 3471 τά
1067 3417 1396 3490 θεωρήματα
1424 3423 1639 3491 χωρεῖν.
1671 3421 1848 3494 Ὅπερ

276 3509 339 3562 δέ
380 3510 517 3579 μετὰ
538 3526 680 3573 τινος
707 3509 1041 3581 κατηγορίας
1088 3511 1471 3565 καταιτιῶνται
1508 3512 1557 3565 οί
1598 3513 1851 3585 αίρεσιῶ-

276 3618 391 3666 ται,
435 3600 593 3655 τοῦτο
638 3602 796 3673 μόνον
834 3601 1257 3674 προσγράψομεν
1301 3602 1378 3674 τῷ
1423 3603 1582 3675 λόγῳ,
1626 3604 1713 3658 ἵνα
1756 3607 1849 3659 καὶ

276 3693 381 3765 τὴν
437 3695 616 3748 αἰτίαν
673 3695 896 3748 ἐκείνων
943 3694 1214 3765 λύσωμεν,
1266 3695 1359 3748 καὶ
1406 3694 1499 3748 τοῦ
1541 3697 1704 3768 νόμου
1752 3698 1852 3763 τὰς

277 3785 551 3850 διαθέσεις
571 3786 1048 3858 κατοπτεύσωμεν.
1084 3787 1147 3840 Εἰ
1173 3785 1281 3858 γὰρ
1319 3788 1514 3840 ἐκεῖνοι
1542 3786 1641 3859 τὴν
1673 3789 1851 3845 αἰτίαν

277 3878 393 3932 τῶν
420 3878 763 3949 γραμμάτων
793 3877 1255 3948 ἀναγινώσκοντες
1295 3877 1592 3955 ὑϐριστικῷ
1625 3882 1851 3953 στόματι

280 3972 597 4044 κέχρηνται,
631 3971 743 4026 ἀλλ’
769 3972 929 4044 ἡμεῖς
953 3972 1047 4027 καὶ
1070 3975 1137 4044 τῇ
1166 3973 1439 4044 ὁμοιότητι
1459 3973 1850 4047 δυσωπήσομεν

279 4062 464 4117 αὐτῶν
508 4063 607 4134 τὴν
647 4063 861 4118 ἄνοιανο
896 4064 988 4117 καὶ
1032 4061 1129 4134 τὴν
1171 4063 1350 4117 αἰτίαν
1392 4063 1729 4136 παραθέσθαι
1775 4065 1849 4138 μὴ

280 4156 749 4228 παοαιτησόμεθα.

1948 3150 2054 3206 lem
2092 3156 2446 3209 recusantes,
2502 3151 2557 3199 et
2611 3139 2882 3213 principio
2925 3144 3136 3189 tantum
3181 3132 3286 3194 usi,
3318 3140 3516 3199 provo-

1947 3250 2243 3311 cantesque
2270 3238 2569 3299 studiosos,
2601 3241 2661 3287 ut
2688 3238 2946 3300 suscepto
2963 3228 3029 3281 ad
3048 3224 3390 3280 tractandum
3423 3233 3514 3275 ar-

1954 3344 2215 3409 gumento
2245 3332 2311 3387 ad
2340 3330 2523 3387 omnia
2545 3328 2882 3383 theoremata
2902 3319 3225 3391 procedant,
3250 3315 3304 3370 id
3336 3314 3513 3370 solum

1950 3398 2017 3483 ad
2038 3426 2235 3482 librum
2256 3422 2634 3493 adjungemus,
2675 3412 2816 3485 quod
2852 3407 3092 3465 haeretici
3122 3418 3244 3458 cum
3277 3398 3513 3493 quadam

1953 3517 2378 3590 reprehensione
2434 3517 2728 3573 accusant,
2770 3513 2831 3559 ut
2876 3514 3066 3557 eorum
3102 3492 3512 3551 accusationem

1956 3583 2348 3671 dissolvanius,
2392 3612 2447 3660 et
2498 3601 2634 3672 legis
2667 3594 3055 3668 dispositiones
3095 3583 3508 3672 perspiciamus.

1958 3705 2017 3761 Si
2054 3704 2197 3760 enim
2225 3701 2300 3756 illi
2342 3699 2583 3768 legentes
2614 3706 2734 3763 quae
2775 3695 2965 3743 contra
3000 3681 3333 3751 Seripturam
3372 3671 3512 3768 obji-

1955 3799 2131 3861 ciunt,
2163 3809 2259 3849 ore
2288 3784 2684 3848 contumelioso
2708 3782 2790 3837 usi
2823 3788 2984 3836 sunt:
3016 3782 3070 3829 at
3098 3787 3199 3828 nos
3222 3766 3514 3823 amentiam

1961 3858 2326 3947 similitudine
2359 3882 2775 3951 redargucmus,
2808 3882 2864 3929 et
2889 3885 3009 3942 qua:
3040 3869 3095 3922 in
3127 3862 3354 3921 crimine
3371 3858 3507 3929 obji.

1966 3983 2140 4047 ciunt,
2174 3990 2448 4050 apponere
2473 3989 2583 4030 non
2607 3967 3000 4027 dubitabimus.

1352 4295 1483 4352 CAP.
1520 4294 1655 4351 XIII.
1698 4299 1969 4358 Acerbitas
1994 4298 2119 4371 legis
2145 4293 2453 4350 vindicatur.

367 4412 688 4483 Ἐγκαλοῦσι
725 4411 832 4484 γὰρ
869 4411 948 4483 τῷ
980 4412 1194 4484 παλαιῷ
1233 4413 1402 4485 νόμῳ,
1433 4414 1508 4478 ὡς
1539 4419 1733 4487 τραχεῖ
1763 4418 1844 4472 καῖ

2032 4417 2313 4472 Accusant
2336 4409 2484 4467 enim
2514 4412 2752 4461 veterem
2779 4399 2953 4469 legem
2985 4401 3245 4462 tanquam
3271 4385 3523 4444 acerbam

279 4510 514 4578 ἀπηνεῖ·
542 4504 832 4574 ἐγκαλοῦσι
861 4505 957 4559 καὶ
1001 4507 1113 4569 τοῖς
1157 4504 1406 4570 παλαιοῖς
1448 4506 1750 4579 ὑπηρέταις
1781 4511 1857 4575 ὡς

281 4598 731 4671 αὐστηροτέροις,
762 4597 857 4652 κοιλ⁵
915 4598 1112 4669 μᾶλλον
1146 4598 1280 4670 πρὸς
1322 4599 1421 4671 τὴν
1452 4600 1734 4671 ἐπιτιμίαν
1770 4603 1858 4673 ῥέ-

280 4710 468 4755 πουσι,
498 4693 593 4747 καί¹
626 4694 858 4765 στοργῆς
890 4690 1071 4754 ἐλέους
1090 4678 1548 4764 ἀπηλλαγμένοις,
1574 4692 1648 4766 μὴ
1678 4693 1859 4749 νοοῦν-

279 4801 377 4848 τες
426 4782 488 4836 τδ
532 4782 950 4854 γεγραμμένονο
994 4779 1216 4836 Ἐλεον
1260 4780 1358 4836 καί
1394 4782 1597 4851 κρίσιν
1635 4783 1859 4854 ᾄσομαι

282 4890 408 4941 σοι,
438 4877 613 4945 Κύριε
638 4892 653 4906 ο
702 4876 839 4945 μήτε
864 4867 1083 4940 εἰδότες,
1118 4875 1199 4929 ὃτι
1228 4875 1262 4946 ή
1292 4874 1563 4948 τελειότης
1588 4876 1687 4948 τῆς
1711 4877 1856 4930 olito-

283 4966 479 5037 νομίας
516 4965 576 5032 ἐξ
617 4966 800 5029 ἐλέους
847 4966 939 5019 καὶ
988 4966 1267 5037 ἐπιτιμίας
1314 4967 1563 5038 ἤρτηται.
1610 4968 1719 5020 Καὶ
1764 4966 1853 5021 διὰ

282 5056 445 5112 τοῦτο
474 5057 946 5129 ἀμϐλυωποῦντες,
991 5059 1232 5112 σιωπῶσι
1258 5060 1384 5123 τοὺς
1416 5060 1730 5131 οίκτιρμοὺς
1756 5060 1850 5114 τοῦ

291 5152 451 5223 δόμου
476 5169 488 5183 ·
518 5151 715 5223 μᾶλλον
754 5151 812 5205 δέ
855 5151 964 5204 τῶν
1000 5151 1367 5222 ἐπιτιμήσεων
1421 5152 1848 5223 μνημονεύουσι·

284 5243 383 5298 καὶ
431 5244 543 5299 ἄνω
592 5242 686 5297 καὶ
726 5243 875 5297 κάτω
924 5242 1147 5313 βοῶσιν·
1179 5242 1289 5313 Οὐχ
1322 5244 1485 5315 ὁρᾶτε
1510 5282 1525 5307 ,
1550 5244 1733 5314 φησὶν,
1766 5244 1852 5297 ἵνα

360 5422 406 5454 ⁸⁸
446 5420 591 5476 Psal.
629 5438 681 5487 ι,,
718 5421 804 5475 15.
879 5421 925 5451 ⁸⁸
964 5417 1123 5476 Joan.
1164 5437 1255 5486 xx,
1290 5420 1377 5474 22.
1456 5421 1498 5453 ⁸⁷
1540 5420 1683 5476 Psal.
1718 5436 1768 5489 c,
1806 5420 1853 5473 l.

363 5579 475 5653 (6|)
527 5577 875 5646 Ἀνθρώπου.
909 5577 989 5632 An
1022 5575 1282 5647 οὐρανοῦῖ

1959 4517 2013 4565 et
2037 4505 2317 4563 crudelem
2350 4520 2363 4556 :
2399 4502 2663 4555 accusant
2690 4500 2950 4563 praeterea
2985 4492 3195 4541 veteres
3240 4478 3523 4535 ministros

1958 4610 2221 4672 tanquam
2258 4594 2594 4652 austeriores
2646 4595 2701 4644 et
2761 4585 2934 4657 magis
2984 4581 3049 4636 ad
3092 4573 3521 4672 obiurgationem

1957 4665 2288 4766 propensos,
2328 4696 2382 4744 et
2414 4686 2484 4741 ab
2507 4681 2795 4739 affectione
2843 4669 3230 4731 misericordia:
3277 4665 3521 4766 alienos,

1958 4752 2466 4851 nonintelligentes
2490 4772 2637 4846 quod
2665 4770 2927 4839 scriptum
2955 4770 3065 4819 est:
3100 4752 3519 4816 Misericordiam

1961 4887 2010 4933 et
2028 4849 2300 4946 judicium—
2322 4868 2545 4926 cantabo
2575 4866 2692 4928 tibi,
2710 4860 2929 4917 Domine
2953 4858 3021 4926 '7;
3050 4868 3224 4926 neque
3251 4849 3516 4912 scientes,

1964 4941 2359 5039 perfectionem
2392 4962 2603 5016 ratione
2633 4949 3048 5028 gubernationis
3101 4962 3164 5002 ex
3209 4941 3522 4999 misericor-

1960 5033 2051 5117 dia
2085 5066 2139 5115 et
2170 5056 2543 5113 vindicatione
2576 5050 2830 5123 pendere.
2867 5044 3075 5099 Idcirco
3103 5038 3326 5103 caecati,
3359 5033 3521 5091 mise—

1963 5154 2212 5209 rationes
2241 5151 2377 5222 lcgis
2408 5153 2629 5214 tacent;
2660 5153 2713 5200 et
2733 5127 3158 5198 vindicationum
3194 5133 3376 5222 potius
3408 5143 3522 5222 me—

1963 5217 2364 5309 minerunt;'et
2409 5237 2611 5309 ubique
2656 5234 2938 5289 clamant:
2992 5225 3107 5283 Non
3149 5221 3361 5286 videtis,
3392 5217 3520 5290 quia
