3984 6212
510 254 648 311 m3

1635 258 1774 315 TITI
1814 259 2242 317 BOSTRENSIS
2279 260 2584 318 EPISCOPI

3606 267 3744 324 ιειι

511 371 665 444 pueri
692 371 844 442 parvi
866 373 1176 429 convicium
1211 373 1461 431 fecerunt
1482 374 1696 443 Eliseo;
1723 377 1940 436 Eliseus
1951 394 2081 435 vero

2187 378 2371 433 παιδία
2407 378 2757 450 λοιδορήσωσι
2796 378 2887 432 τδν
2931 378 3263 434 Ἐλισσαῖον
3313 381 3627 451 κατηρᾶτο,
3655 382 3753 435 καὶ

514 463 798 518 maledixit
835 463 918 519 eis
940 501 957 528 ,
997 470 1054 520 et
1084 464 1302 522 duobus
1345 467 1492 524 ursis
1522 466 1750 523 tradidit
1778 484 1978 539 pueros
2010 470 2079 525 ad

513 555 926 612 devorandum?
954 554 1077 611 Non
1101 557 1320 626 videtis,
1358 560 1486 630 quia
1530 560 1859 630 quibusdam
1898 562 2083 616 militi-

514 646 622 705 bus
644 648 828 703 missis
854 664 885 703 a
919 664 1047 721 rege
1077 649 1146 705 ad
1169 652 1472 707 vocandum
1505 651 1678 707 Elinm
1731 653 1942 719 invitis,
1976 670 2079 709 no-

504 739 619 813 .luit
648 739 728 795 ire
755 754 882 794 cum
910 740 1017 808 eis,
1042 740 1222 811 ignem
1241 741 1521 810 jaculatus
1563 750 1671 810 est,
1694 750 1749 798 et
1774 743 1922 798 viros
1950 758 2082 799 con-

514 833 771 902 sumpsit,
797 833 1072 903 inquiens,
1107 832 1168 888 Si
1197 835 1276 887 vir
1309 834 1407 887 Dei
1434 851 1525 905 ego
1545 850 1685 898 sum,
1715 834 1988 889 descendet
2015 835 2081 890 de

513 924 643 979 celo
662 925 826 995 ignis,
879 934 929 980 et
974 925 1244 980 deeorabit
1275 934 1322 979 te
1349 934 1399 981 et
1444 926 1825 997 quinquaginta
1849 935 1966 980 tuos
1990 926 2080 980 ⁸⁸2

511 1017 574 1073 Si
601 1018 768 1088 hujus
800 1018 927 1073 mali
961 1019 1315 1075 accusatione
1339 1025 1394 1074 et
1415 1018 1688 1074 vindictas
1711 1019 1854 1073 inter
1882 1019 2081 1073 vitiosa

510 1118 568 1165 et
590 1124 759 1181 prava
793 1110 1064 1175 referunt,
1097 1110 1229 1181 quid
1256 1110 1459 1167 dicturi
1494 1118 1623 1167 sunt
1658 1110 1726 1166 de
1753 1110 1953 1176 Paulo;
1985 1112 2080 1181 qui

509 1216 640 1257 cum
676 1202 885 1259 videret
920 1202 1219 1273 aliquando
1253 1200 1521 1258 Bar-Jesu
1550 1217 1767 1273 magum
1789 1242 1803 1267 ,
1837 1202 1933 1272 qui
1962 1213 2081 1257 erat

510 1309 637 1349 cum
666 1293 858 1366 Sergio
887 1295 1056 1351 Paulo
1081 1295 1431 1367 proconsule,
1463 1293 1846 1358 disserentem,
1877 1306 1931 1350 et
1947 1294 2081 1348 arti-

512 1385 707 1443 liciosa
738 1388 1144 1444 machinatione
1171 1388 1443 1443 orationis
1470 1394 1706 1443 mentem
1743 1403 1936 1444 eorum
1987 1387 2081 1459 qui

511 1480 797 1537 veritatem
829 1480 1159 1545 didicerant,
1188 1481 1610 1551 depravantem,
1641 1496 1754 1536 non
1825 1489 1909 1537 est
1941 1497 2069 1552 pas-

508 1586 632 1635 sus,
663 1571 985 1641 increpavit,
1006 1571 1241 1641 punivit,
1282 1572 1517 1643 privavit
1551 1572 1750 1637 oculis,
1783 1572 2078 1627 clamavit:

513 1662 561 1720 0
579 1664 727 1733 plene
764 1663 888 1717 dolo
916 1673 966 1718 et
998 1665 1140 1718 omni
1162 1663 1408 1733 fallacia,
1435 1665 1516 1734 ﬁli
1555 1664 1776 1730 diaboli,
1808 1682 1914 1719 non
1938 1665 2081 1719 desi-

2181 470 2332 524 δυσὶν
2363 471 2585 541 ἄρκτοις
2615 469 2805 524 ἔκδοτα
2830 471 3108 543 παρεδίδου
3128 469 3199 524 τά
3222 471 3418 542 νήπια,
3443 469 3617 543 βορὰν
3643 472 3752 542 (σε)

2180 566 2272 620 καὶ
2301 564 2482 636 θοίνην
2523 560 2953 635 παρεσκευακὼς
2993 564 3107 625 τοῖς
3153 562 3379 632 ἄρκτοις
3425 560 3499 613 τὰ
3533 560 3791 627 παιδία;’

2180 659 2291 728 Ούχ
2339 658 2521 729 ὁρᾶτε,
2576 653 2761 725 φησὶν,
2814 653 2899 706 ἵνα
2948 652 3092 715 τινές
3143 651 3369 715 ἄκοντες
3422 649 3753 721 στρατιῶται

2178 748 2287 803 ἀπὸ
2315 747 2406 801 τοῦ
2435 743 3165 808 ἐπιτάττοντος⁴ἀποσταλῶσι
3187 743 3419 797 καλέσαι
3430 743 3524 795 τὸν
3552 743 3752 810 Ἠλίαν,

2181 840 2391 911 βαδίσαι
2424 838 2521 910 μὲν
2558 837 2795 909 ὤκνησε,
2830 838 2926 891 καὶ
2972 835 3175 905 φθάσαι
3220 836 3595 906 παρῃτήσατο,
3635 834 3752 907 πῦρ

2177 930 2235 985 δὲ
2273 930 2609 1000 κατήνεγκε,
2656 928 2752 981 καὶ
2793 929 2918 991 τοὺς
2968 926 3167 998 ἄνδρας
3210 926 3458 980 ἐδαπάνα
3509 927 3598 977 καὶ
3645 927 3741 979 ἀν-

2179 1022 2369 1093 ήλισκε
2384 1061 2398 1084 ,
2422 1020 2610 1089 λέγων·
2630 1022 2697 1073 El
2725 1018 3032 1088 ἅνθρωπος
3054 1018 3153 1072 τοῦ
3173 1016 3321 1071 Θεοῦ
3348 1018 3471 1085 ειμι
3490 1016 3620 1085 ἐγὼ.
3644 1035 3750 1071 κα-

2179 1114 2496 1181 ταϐήσεται
2527 1113 2646 1182 πῦρ
2669 1110 2788 1166 ἀπὸ
2823 1111 2929 1166 τοῦ
2959 1110 3238 1178 οὐρανοῦ,
3263 1110 3366 1164 καὶ
3405 1112 3750 1180 καταφατήο

2179 1206 2353 1261 σεται
2388 1220 2461 1259 σε
2501 1204 2599 1258 καί
2634 1202 2776 1269 τοὺς
2811 1199 3187 1268 πεντήκοντά
3215 1217 3377 1265 σου;
3415 1202 3533 1255 Καὶ
3571 1200 3751 1273 ἐπειδὴ

2179 1298 2433 1360 τοιαύτας
2469 1295 2667 1359 αίτίας,
2714 1294 2807 1348 καὶ
2852 1292 3110 1357 τοιαύτας
3157 1292 3440 1363 ἐπιτιμίας
3486 1293 3547 1345 ἐν
3605 1290 3753 1358 τάξει

2179 1390 2444 1462 πονηρίας
2476 1390 2567 1443 καὶ
2599 1386 2794 1450 κακίας
2829 1384 3089 1449 τίθενται,
3136 1384 3186 1437 τί
3219 1383 3405 1455 ἐροῦσι
3434 1384 3566 1454 περὶ
3606 1382 3751 1437 Παύ-

2179 1482 2305 1536 λου’
2329 1482 2474 1544 ὅστις
2503 1478 2633 1533 ποτὲ
2671 1478 2762 1532 τὸν
2802 1476 3091 1548 λεγόμενον
3122 1472 3425 1548 Βαριησοῦν
3456 1475 3551 1527 τὸν
3583 1474 3759 1545 μάγον

2182 1577 2274 1629 ἐπὶ
2300 1574 2524 1646 Σεργίου
2555 1570 2767 1625 Παύλου
2793 1567 3122 1631 ἀνθυπάτου,
3152 1567 3227 1631 ὡς
3253 1566 3638 1636 κακοτεχνίαις
3658 1565 3752 1620 τ’σῖ

2181 1667 2339 1736 λόγου
2376 1665 2736 1738 στρεφόμενον
2778 1662 2876 1734 τὴν
2912 1661 3148 1715 διάνοιαν
3190 1660 3299 1712 τῶν
3344 1659 3755 1730 παιδευομένων

510 1756 595 1810 nis
627 1756 924 1810 subvertere
954 1756 1064 1811 vias
1096 1755 1310 1812 Domini
1331 1767 1499 1811 rectas
1516 1755 1627 1813 ?Et
1655 1773 1792 1812 nunc
1819 1773 1934 1811 ecce
1958 1773 2075 1811 rna-

2186 1757 2343 1831 ἐώρα,
2370 1758 2468 1812 ούκ
2494 1758 2745 1828 ἢνεγκεν,
2784 1754 3101 1825 ἐπετίμησε,
3136 1752 3389 1823 στέρησιν
3411 1750 3527 1803 τῶν
3554 1748 3756 1819 ὀφθαλ-

511 1865 612 1904 nus
651 1848 863 1905 Domini
910 1865 1066 1919 super
1096 1860 1164 1914 te,
1193 1861 1244 1906 et
1277 1853 1382 1907 eris
1414 1868 1606 1918 meus,
1647 1869 1749 1907 non
1782 1852 1959 1908 videns
1988 1869 2077 1908 so—

513 1939 614 1995 lem
643 1958 806 2013 usque
839 1942 909 1996 ad
939 1951 1137 2011 tempus
1150 1943 1215 1999 ".

2182 1852 2297 1924 μῶν
2351 1851 2675 1923 εἰργάσατο,
2728 1848 2973 1920 ἐϐόησεν·
3024 1844 3099 1901 Ὦ
3151 1845 3379 1914 ,πλῆρες
3425 1844 3613 1899 δόλου
3657 1843 3761 1897 καί

2179 1943 2383 2012 πάσης
2407 1942 2809 2013 ῥᾳδιουργίας,
2836 1941 2929 1996 vis?
2955 1941 3253 2003 διαϐόλου,
3288 1941 3362 1993 οὐ
3391 1939 3610 2006 παύσῃ
3638 1936 3762 1990 δια-

510 2034 785 2104 στρέφων
830 2035 937 2103 τὰς
1016 2036 1196 2123 ὁδούς
1253 2039 1476 2106 Κυρίου
1528 2038 1637 2104 τὰς
1686 2039 1956 2105 εὐθείας;
2000 2039 2111 2094 Kal
2149 2039 2278 2095 ιδοὺ
2324 2040 2454 2111 χεὶρ
2503 2040 2725 2109 Κυρίου
2769 2039 2870 2093 ἐπὶ
2909 2038 3003 2105 σὲ,
3057 2037 3155 2091 καὶ
3197 2037 3313 2105 ἔσῃ
3358 2035 3632 2105 τυφλὸς,
3678 2033 3765 2103 μὴ

507 2128 757 2193 ,βλέπων
782 2129 891 2185 τὸν
911 2130 1089 2199 ἥλιον
1106 2131 1243 2201 ἄχρι
1266 2132 1472 2201 καιροῦ
1496 2148 1515 2196 ,'

1260 2266 1388 2323 Cn.
1427 2266 1568 2324 XIV.
1594 2266 1737 2323 Deus
1774 2270 1945 2339 parcit
1969 2270 2024 2323 in
2056 2268 2227 2325 Veteri
2259 2278 2308 2325 et
2342 2270 2396 2323 in
2432 2265 2581 2321 Novo
2609 2266 2959 2321 Testamento.

580 2376 724 2445 Quid
747 2378 813 2434 de
828 2376 990 2433 Petro
1005 2376 1207 2443 dicent,
1224 2379 1446 2450 quando
1471 2379 1713 2439 Ananias
1726 2390 1782 2439 et
1800 2381 2072 2455 Sappbira

512 2467 734 2524 vendita
782 2468 1232 2539 possessiuncula
1282 2478 1493 2541 partem
1523 2472 1686 2543 pretii
1727 2473 1831 2530 sibi
1865 2482 2078 2530 averte-

512 2565 663 2625 runt,
688 2566 897 2630 partem
926 2560 1259 2627 attulerunt,
1304 2575 1429 2616 cum
1462 2562 1732 2619 Ananiam
1771 2563 2078 2633 judicatum

511 2658 569 2706 et
597 2650 865 2706 mendacii
921 2651 1235 2708 convictum
1274 2661 1451 2708 morte
1499 2653 1702 2721 all‘ecit,
1753 2656 2077 2728 Sappbiram

510 2751 695 2797 autem
742 2742 920 2798 eidem
970 2744 1226 2813 sepulcro
1272 2744 1551 2801 tradidit?
1597 2745 1863 2803 Iacebant
1930 2750 2078 2805 enim

512 2834 734 2897 mortui,
764 2833 930 2887 verbo
954 2833 1248 2889 interfecti.
1284 2832 1399 2889 lllic
1421 2837 1561 2905 ignis
1592 2838 1789 2894 allatus
1820 2855 2079 2896 consum-

513 2924 623 2996 psit
652 2923 720 2978 ad
751 2922 925 2978 Eliam
946 2924 1223 2995 proiectos
1257 2944 1270 2980 :
1311 2925 1405 2980 hic
1460 2928 1685 2983 verbum
1718 2931 1981 2987 emissum
2021 2933 2078 2988 in

506 3024 811 3088 conspectu
841 3016 1236 3088 discipulorum
1264 3017 1463 3082 cliecit,
1489 3028 1549 3074 ut
1570 3022 1662 3092 qui
1688 3021 1845 3080 [idem
1874 3039 2082 3095 caupo-

2251 2384 2316 2437 Τί
2347 2382 2404 2437 δὲ
2445 2382 2628 2456 ἐροῦσι
2676 2382 2803 2453 περὶ
2832 2378 2926 2435 τοῦ
2977 2376 3205 2449 Πέτρου,
3249 2377 3339 2430 ὅτε
3378 2377 3644 2442 ⁹Δνανίσ.ς
3671 2381 3763 2433 καὶ

2182 2474 2488 2546 Σάπφειρα.
2533 2473 2881 2545 πωλήσαντες
2912 2469 3228 2542 κτημάτων,
3266 2468 3627 2537 ἐνοσφίσαντο
3668 2469 3761 2540 μέ-

2188 2583 2297 2638 ρος,
2324 2564 2487 2636 μέρος
2519 2563 2576 2616 δὲ
2601 2561 2986 2634 κεκομίκασιν
3020 2561 3103 2615 ὅτι
3145 2559 3336 2630 κρίνας
3375 2560 3478 2613 κα)⁸
3510 2558 3757 2627 ἐλέγξας,

2184 2659 2273 2713 τὸν
2307 2658 2405 2730 μὲν
2453 2657 2696 2711 Ἀνανίαν
2733 2655 2920 2727 νεκρὸν
2962 2654 3148 2721 ἔδειξε,
3198 2652 3295 2725 τὴν
3332 2652 3389 2705 δέ
3440 2653 3760 2725 Σάπφειραν

2183 2750 2263 2822 τῷ
2315 2748 2463 2821 αύτῷ
2515 2748 2804 2821 μνηματίῳ
2870 2747 3288 2821 παραδέδωκεν;
3349 2747 3600 2799 Ἔκειντο
3646 2746 3756 2816 γάρ

2185 2844 2369 2916 νεκροὶ
2429 2843 2573 2913 λόγῳ
2625 2841 2983 2916 ἀνῃρημένοι.
3036 2840 3211 2894 Κάκεῖ
3254 2840 3355 2910 μὲν
3394 2840 3460 2892 τὺ
3507 2837 3616 2911 πῦρ
3665 2854 3761 2891 κο-

2189 2934 2377 3006 μισθὲν
2422 2934 2679 3006 ἀνήλισκε
2729 2933 2854 2997 τοὺς
2905 2932 3295 3003 ἀφικομένους·
3345 2925 3453 2984 ὦδε
3501 2930 3560 2983 δέ
3603 2930 3760 2998 λόγος

2187 3023 2461 3096 προελθὼν
2487 3024 2544 3083 ἐν
2571 3022 2724 3093 ὂψεσι
2746 3021 2853 3075 τῶν
2877 3019 3322 3093 μαθητευομένων
3341 3019 3573 3089 νεκροὺς
3595 3015 3761 3081 ἔδειξε

513 3111 631 3166 nati
661 3119 841 3177 erant,
874 3122 1242 3169 morerentur.
1282 3113 1397 3167 lllic
1437 3111 1651 3169 Eliseus
1678 3130 1910 3186 corpora
1950 3133 2082 3189 pue-

2186 3112 2311 3176 τοὺς
2342 3112 2441 3184 τὴν
2474 3112 2655 3166 πίστιν
2696 3110 3193 3182 κεκαπηλευκότας.
3228 3110 3405 3164 Κάκεῖ
3442 3109 3543 3178 μὲν
3584 3107 3765 3160 Ἐλισ-

514 3212 704 3253 rorum
737 3199 927 3256 bestiis
958 3199 1147 3255 dedit:
1188 3202 1278 3256 hic
1332 3201 1539 3259 Paulus
1580 3212 1861 3275 aspectum
1897 3207 2082 3263 oculo-

514 3291 896 3353 rumademit,
944 3300 1000 3348 et
1027 3308 1151 3349 eum
1200 3294 1295 3359 qui
1335 3294 1583 3362 videbat,
1617 3299 1874 3366 caecavit;
1907 3308 1961 3354 et
1989 3302 2083 3371 qui

515 3382 646 3437 talia
676 3391 1047 3453 patraverunt,
1084 3399 1277 3453 poenas
1316 3383 1605 3443 dederunt.
1638 3386 1695 3443 Si
1730 3389 1895 3461 igitur
1922 3408 2085 3463 paena

512 3487 586 3529 ac
613 3473 856 3529 vindicta
883 3475 940 3529 in
972 3475 1132 3532 malis
1164 3485 1509 3545 numeratur,
1546 3480 1676 3535 mali
1708 3490 1838 3538 sunt
1878 3485 2083 3541 Paulus

516 3572 575 3621 et
602 3563 832 3622 Petrus:
866 3566 952 3622 sin
984 3575 1165 3624 autem
1189 3568 1319 3624 boni
1343 3579 1494 3638 sunt,
1519 3571 1646 3643 quia
1678 3575 1911 3645 apostoli
1934 3584 2085 3645 sunt,

519 3657 650 3713 boni
677 3665 827 3723 sunt,
862 3659 992 3730 quia
1028 3675 1217 3731 poenas
1244 3674 1563 3734 exegerunt.
1597 3663 1739 3731 Quid
1774 3681 1965 3737 pinnas
1994 3682 2089 3724 ac-

516 3765 707 3813 cusas.
738 3751 904 3821 idque
929 3754 1194 3821 apostolis
1224 3755 1556 3827 lrrogatione
1598 3770 1887 3828 poenarum
1922 3760 2089 3817 usis?

520 3840 729 3908 Quodsi
757 3842 1035 3913 apostolos
1075 3843 1297 3914 quidem
1332 3849 1931 3919 approbamus,p(enas
1961 3866 2089 3907 vero

521 3931 926 4003 improbamus:
966 3948 1076 3988 non
1109 3934 1414 3991 decernunt
1444 3937 1529 3992 vel
1568 3938 1663 4008 jus
1710 3938 1901 3995 dicunt
1942 3940 2088 4011 leges

522 4023 826 4079 secundum
857 4042 1146 4098 personam
1168 4028 1237 4084 de
1274 4027 1470 4095 factis;
1501 4045 1609 4086 non
1632 4032 1935 4103 disceptant
1953 4051 2087 4090 con-

520 4122 605 4170 tra
629 4133 896 4189 personas
923 4136 938 4186 ;
970 4119 1067 4176 sed
1106 4119 1473 4191 astipulantur
1505 4121 1853 4180 similitudini
1906 4124 2085 4182 facto-

521 4220 666 4263 rum.

2185 3208 2335 3270 σαϊος
2363 3204 2525 3278 θηρσὶ
2560 3205 2629 3259 τά
2668 3204 2894 3276 σώματα
2932 3204 3040 3257 τῶν
3085 3203 3294 3275 νηπίων
3327 3202 3485 3255 ἐδίδου
3507 3217 3521 3230 ·
3549 3194 3655 3254 ὦδε
3699 3200 3761 3253 δέ

2185 3297 2395 3361 Παῦλος
2424 3297 2624 3369 ἀφῄρει
2653 3296 2749 3367 τὴν
2782 3296 2964 3368 βλέψιν
2991 3295 3096 3347 τῶν
3124 3295 3403 3366 ὀμμάτων,
3431 3294 3525 3346 καὶ
3547 3292 3760 3361 τυφλὸν

2182 3390 2274 3444 τὸν
2323 3388 2586 3461 βλέποντα
2636 3387 2918 3460 εἰργάζετο
2942 3405 2955 3417 ·
3005 3386 3096 3439 καί
3147 3384 3371 3438 τοιαῦτα
3426 3382 3762 3455 πράττοντες

2183 3481 2282 3546 τὰς
2309 3481 2586 3552 ἐπιτιμίας
2616 3480 2927 3534 δεδώκασιν.
2967 3481 3030 3533 Et
3061 3475 3154 3531 οὖν
3186 3479 3278 3531 ἐπὶ
3315 3477 3539 3540 ἀτόποις
3570 3479 3606 3548 ἡ
3634 3479 3762 3530 ἐπι-

2184 3571 2343 3644 τιμία
2386 3570 2742 3642 λαμϐάνεται,
2784 3569 2981 3630 ἄτοπος
3027 3566 3229 3637 Πέτρος
3283 3564 3380 3618 καὶ
3421 3563 3665 3626 Παῦλος·
3712 3565 3760 3615 εξ

2186 3662 2244 3716 δέ
2275 3660 2429 3716 καλοί
2459 3661 2614 3725 είσιν,
2655 3662 2736 3713 ὅτι
2768 3657 3051 3712 ἀπόστολοί
3083 3658 3187 3710 είσι
3207 3696 3222 3719 ,
3274 3656 3371 3710 καὶ
3400 3654 3559 3709 καλοί
3600 3657 3755 3717 εἰσιν,

2189 3753 2272 3808 ὅτι
2304 3754 2742 3823 ἐπιτετιμήκασι.
2774 3750 2839 3803 Τί
2875 3748 3177 3812 διαϐάλλεις
3201 3746 3296 3810 τὰς
3336 3747 3636 3817 ἐπιτιμίας,
3668 3745 3759 3799 καὶ

2187 3846 2296 3900 τῶν
2324 3845 2635 3900 ἀποστόλων
2666 3842 2967 3913 ἐπιτιμίαις
2999 3841 3389 3914 χρησαμένων;
3418 3842 3483 3893 Εἰ
3510 3839 3635 3902 τοὺς
3663 3839 3758 3910 μὲν

2188 3939 2519 4002 ἀποστόλους
2549 3935 2945 4008 ἀποδεχόμεθα,
2986 3935 3085 3999 τὰς
3130 3934 3187 3987 δὲ
3230 3933 3510 4003 ἐπιτιμίας
3550 3930 3761 4002 pepper

2194 4031 2333 4103 μεθα
2362 4049 2376 4062 ·
2426 4031 2488 4084 οὐ
2541 4029 2684 4084 κατά
2733 4028 3020 4099 πρόσωπον
3076 4027 3128 4080 οἱ
3182 4026 3337 4097 νόμοι
3387 4024 3628 4095 κρίνουσι
3687 4021 3760 4074 τά

2191 4120 2527 4193 πράγματα,
2590 4119 2620 4189 ἢ
2672 4117 3020 4181 δικάζουσιν·
3079 4116 3140 4169 ού
3196 4114 3331 4187 πρὸς
3373 4114 3438 4167 τὰ
3482 4109 3767 4183 πρόσωπα.

2192 4210 2571 4286 ἐρεσχελοῢσι,
2596 4214 2663 4283 τῇ
2702 4211 2760 4265 δέ
2797 4209 2903 4264 τῶν
2941 4208 3190 4281 πράξεων
3228 4206 3490 4279 ὁμοιότητι
3525 4200 3759 4273 συντρὲφ

2191 4322 2286 4378 χου
2294 4320 2396 4358 σιν.

1107 4433 1237 4488 CAP.
1275 4431 1393 4489 XV.
1424 4431 1786 4504 Evangelium,
1815 4437 2180 4495 misericordia
2199 4439 2432 4507 plenum.
2462 4440 2594 4507 Lex,
2624 4440 2811 4495 umbra
2840 4440 3160 4511 futurorum.

592 4544 701 4602 Sed
733 4560 925 4601 rursus
954 4544 1106 4599 aiunt
1135 4564 1147 4599 :
1179 4547 1500 4603 Misericors
1527 4555 1610 4603 est
1638 4546 1847 4617 Filius;
1879 4551 2082 4607 miseri-

2273 4554 2434 4608 Ἀλλά
2478 4572 2640 4626 φησιν
2669 4570 2682 4584 ⁸
2746 4555 3019 4626 Ἐλεήμων
3059 4556 3089 4608 ό
3134 4554 3292 4617 Υίὸς,
3336 4553 3586 4624 ἐλεήμων
3626 4558 3657 4609 ὀ
3695 4556 3767 4610 τὰ

521 4653 645 4696 cors
674 4638 770 4709 qui
799 4636 1090 4709 Evangelia
1115 4639 1338 4710 scripsit
1363 4657 1378 4706 ;
1424 4646 1479 4694 et
1506 4640 1603 4710 qui
1634 4641 1951 4698 misericors
1979 4652 2084 4708 est,

520 4732 667 4787 tilius
710 4739 795 4788 est
850 4730 1241 4787 misericordis.
1295 4731 1404 4788 ch
1453 4749 1584 4789 vero
1633 4733 1771 4789 dura
1804 4745 1857 4789 et
1892 4749 2087 4805 aspera

518 4830 628 4892 est,
657 4841 769 4881 non
812 4840 1043 4896 parcens
1100 4824 1588 4896 delinquentibus:
1650 4827 2085 4883 misericordiam

518 4923 702 4971 autem
756 4916 998 4971 continet
1048 4914 1421 4986 Evangelinm,
1468 4916 1614 4985 quod
1639 4916 1837 4971 delicta
1866 4918 2087 4987 quidem

522 5013 761 5070 coercet,
801 5006 1155 5077 pmnitentias
1185 5022 1314 5062 vero
1342 5007 1623 5077 prasdicat.
1672 5007 1848 5074 Ecce,
1880 5009 2082 5078 dicent,

522 5097 717 5154 Petrus
751 5100 989 5171 negavit,
1028 5110 1084 5157 et
1113 5099 1365 5155 Salvator
1421 5102 1683 5170 pepercit,
1717 5110 1773 5156 ct
1818 5118 1945 5158 eum
1993 5105 2088 5174 qui

525 5197 636 5243 tam
679 5204 843 5261 grave
890 5199 1176 5261 peccatum
1234 5190 1609 5257 commiserat,
1660 5191 1993 5260 dissimulat,
2031 5203 2086 5249 et

525 5281 706 5339 minas
755 5282 1061 5340 clementiae
1116 5284 1373 5357 subjecit,
1429 5290 1489 5338 ut
1534 5285 1963 5342 essetomnibus
1993 5302 2088 5357 per

594 5461 641 5495 ⁸⁸
680 5459 745 5515 IV
778 5459 912 5534 Reg.
948 5478 1001 5528 ι,
1042 5462 1128 5519 10.
1201 5463 1247 5495 ³⁸
1290 5462 1406 5519 Act.
1444 5464 1578 5530 xm‘,
1617 5462 1704 5529 lO,
1741 5464 1828 5520 ll.

2194 4648 2503 4716 Εὑαγγέλια
2532 4647 2898 4720 γεγραφηκώς
2923 4663 2937 4677 ⁸
2994 4650 3088 4701 καὶ
3132 4650 3162 4701 ό
3225 4647 3473 4718 ἐλεήμων
3517 4648 3765 4721 γέννημά

2194 4738 2432 4793 ἐστιτοῦ
2464 4739 2771 4811 ἐλεήμονας.
2814 4741 2872 4793 ὐ
2913 4740 2971 4794 δέ
3013 4741 3175 4811 νόμος
3215 4741 3439 4811 τραχὺς,
3482 4740 3555 4793 ού
3579 4757 3770 4810 cum.

2193 4828 2415 4883 νὼσκων
2463 4834 2575 4894 τοῖς
2634 4832 2978 4903 ἡμαρτηκόσι
2999 4847 3015 4863 θ
3070 4830 3375 4901 σπλάγχνον
3425 4830 3482 4884 δέ
3536 4831 3653 4902 ἔχει
3706 4831 3768 4885 τὸ

2193 4921 2540 4990 Εὐαγγέλιον,
2588 4922 2870 4976 συστέλλον
2921 4923 3019 4995 μὲν
3064 4921 3163 4986 τὰς
3214 4922 3617 4993 πλημμελείας,
3670 4942 3767 4993 κη-

2192 5010 2382 5082 ρύττον
2423 5012 2480 5065 δὲ
2518 5012 2615 5076 τὰς
2642 5013 2960 5083 ἷμετοννοίας.
3018 5013 3148 5067 Ἰδοὺ
3196 5012 3306 5082 γὰρ
3344 5014 3372 5065 ὁ
3416 5011 3636 5084 Σωτὴρ,
3682 5013 3771 5065 λέ-

2192 5101 2362 5169 ξουσι,
2395 5104 2487 5157 καὶ
2518 5104 2725 5175 Πέτρου
2750 5104 3125 5177 ἀρνησαμένου
3151 5104 3425 5173 ἐφείσατο,
3455 5105 3557 5157 καὶ
3590 5104 3766 5176 ἀμάρ-

2190 5213 2340 5267 τημα
2400 5195 2719 5268 τηλικοῦτον
2778 5195 3281 5269 πεπλημμεληκότα
3340 5196 3614 5268 παρίησι,
3675 5196 3767 5249 καὶ

2193 5288 2370 5359 ἁπλῆν
2400 5289 2497 5361 τὴν
2534 5290 2940 5364 φιλανθρωπίαν
2972 5288 3430 5362 προσπεποίηται,
3460 5290 3763 5362 ὑπόδειγμα

595 5615 707 5685 (6‘2)
749 5619 1031 5687 Βορὰν....
1075 5617 1295 5674 παιδία.
1342 5615 1583 5688 Infantes
1627 5634 1797 5676 escam
1833 5629 1880 5673 et
1915 5619 2200 5675 convivium
2229 5617 2367 5674 ursis
2398 5629 2807 5690 prcrparavcrat.
2838 5618 2963 5677 Hanc
2998 5622 3054 5679 in
3086 5623 3336 5681 versione
3360 5626 3594 5687 omissa.
