3984 6212
233 237 394 303 1245
1239 243 1607 307 ADVERSUS
1642 243 1805 303 MAN]

1912 244 2071 304 EOS
2102 246 2233 304 LIB.
2272 248 2353 307 Ill.
3344 249 3484 307 1256

224 359 334 415 τὸν
368 362 548 436 ἄνδρα
571 361 732 416 παντὶ
758 359 836 434 τῷ
871 360 969 434 βίῳ
998 360 1417 429 καταλελοιπὼς,
1449 363 1537 417 ἵνα
1565 362 1668 433 τῆς
1696 362 1805 415 ἑαυ-

1926 360 2235 420 universam
2272 365 2437 420 vitam
2491 364 2798 436 exemplum
2850 372 2905 422 et
2959 365 3138 437 imago
3183 364 3483 423 clementia:

220 450 335 508 τοῦ
364 454 783 527 φιλανθρωπίας
808 455 989 509 εἰκόνα
1037 455 1240 509 ἐκεῖνον
1272 455 1549 529 παράσχῃ.
1583 453 1650 507 Τί
1675 448 1805 508 οὖνὸ

1928 449 2248 511 Salvatoris.
2283 454 2426 522 Quid
2473 455 2642 526 igitur
2694 455 2822 512 lex?
2880 471 2949 512 an
2981 465 3132 512 caret
3178 457 3484 514 imitatione

222 544 457 617 νόμος-ς
494 543 601 619 ἄρα
637 547 831 619 ἀπορεῖ
861 547 960 618 τῆς
1004 549 1304 619 μιμήσεως,
1350 546 1444 601 καὶ
1491 544 1805 617 κατάλληλοη

1923 545 2178 614 exempli,
2209 553 2263 601 et
2293 561 2404 601 non
2434 545 2598 601 habet
2633 546 2919 618 imaginem
2946 562 3131 618 parem
3164 554 3219 603 et
3244 546 3371 604 huic
3394 563 3483 604 re-

218 634 434 692 εἰκόνα
469 639 568 693 οὐκ
596 637 741 710 ἔχει;
776 638 885 693 Καὶ
916 638 1119 710 Πέτρος
1150 639 1267 710 μὲν,
1290 638 1573 703 σπουδαῖος
1601 636 1696 701 ῶν,
1725 636 1805 691 καῖ

1924 637 2320 706 spondentem?
2347 638 2425 693 Ac
2451 637 2647 695 Petrus
2673 640 2895 711 quidem
2926 640 3108 696 studio
3138 640 3361 696 virtutis
3382 634 3481 697 de-

220 728 499 797 σφαλεὶς,
539 731 731 802 ἀφέσει
781 732 875 784 καὶ
916 732 1254 804 συγχωρήσει
1289 731 1609 804 τετίμηταν
1646 729 1805 793 οὐδεὶς

1923 727 2093 792 ditus,
2123 737 2178 784 et
2203 730 2415 801 lapsus,
2443 731 2602 785 venia
2642 740 2696 786 et
2733 731 3135 787 condonatione
3176 732 3482 788 honoratus

217 818 283 872 δὲ
318 822 385 874 ὲν
427 822 510 894 τῷ
540 823 710 895 νόμῳ,
745 822 1168 895 πλημμελήσας,
1199 824 1292 877 καὶ
1328 824 1471 895 μέγα
1500 821 1805 894 πλημμελή-

1921 828 2007 875 est
2032 839 2045 874 :
2077 821 2130 874 in
2158 822 2275 893 lege
2309 828 2489 877 autem
2519 832 2678 878 nemo
2701 829 2823 892 post
2852 828 3233 892 peccatum,et
3257 822 3481 892 quidem

221 927 362 976 σας,
410 914 485 985 τῇ
515 913 768 985 μετανοίᾳ
799 914 896 985 τὴν
933 914 1123 984 ἄφεσιν
1167 914 1583 986 ἐμνηστεύσατο.
1622 914 1683 967 El
1720 913 1805 985 uti

1921 927 2201 985 magnum,
2228 915 2442 968 veniam
2479 915 2582 971 sibi
2614 932 2710 986 per
2742 914 3115 985 paenitentiam
3145 915 3478 970 conciliavit.

216 1002 347 1078 γὰρ
379 1005 695 1076 ἀγνοοῦσιν,
724 1005 956 1079 ἐροῦμεν
988 1007 1048 1060 τὺ
1073 1006 1486 1083 γεγραμμένον·
1527 1005 1805 1074 Ἐλέησόν

1924 1002 1981 1057 Si
2014 1005 2159 1059 enim
2194 1005 2470 1077 ignorant,
2498 1006 2853 1062 recitabimus
2881 1005 3025 1076 quod
3059 1006 3323 1077 scriptum
3352 1014 3478 1062 est:

207 1111 326 1166 με,
377 1100 418 1153 δ
461 1096 627 1167 Θεὸς,
668 1097 817 1153 κατά
851 1098 917 1152 τὸ
958 1096 1111 1169 μέγα
1154 1098 1326 1165 ἔλεός
1353 1112 1498 1152 σου·
1543 1097 1642 1151 καί
1669 1096 1805 1151 κατὰ

1925 1094 2179 1151 Miserere
2203 1097 2339 1164 mei,
2372 1095 2507 1151 Deus
2530 1137 2545 1161 ,
2598 1095 2882 1153 secundum
2905 1113 3150 1167 magnam
3185 1096 3482 1152 misericor-

210 1187 293 1242 τὸ
335 1190 588 1259 πλῆθος
623 1187 740 1244 τῶν
763 1189 1075 1260 οἰκτιρμῶν
1094 1206 1209 1245 σου
1232 1189 1558 1260 ἑξάλειψον
1586 1189 1652 1243 τὸ
1672 1189 1805 1244 ἀνό-

1921 1186 2069 1240 diam
2102 1197 2269 1243 tuam.
2318 1187 2389 1241 Et
2424 1187 2709 1243 secundum
2740 1188 3130 1244 multitudinem
3178 1190 3477 1245 miseratio-

205 1279 405 1349 μημά
432 1298 554 1350 μου
575 1295 589 1310 ·
628 1279 724 1334 ἐπὶ
747 1278 958 1334 πλεῖον
983 1279 1221 1334 πλῦνόν
1250 1296 1327 1349 με
1356 1279 1475 1334 ἀπὸ
1516 1277 1627 1348 τῆς
1672 1278 1805 1333 ἀνο-

1921 1295 2044 1333 num
2079 1289 2293 1333 tuarum
2314 1280 2431 1334 dele
2460 1280 2788 1350 iniquitatem
2818 1296 3007 1334 meam.
3059 1279 3306 1349 Amplius
3360 1280 3481 1334 lara

205 1372 376 1439 μίας
395 1389 546 1441 μου,
590 1371 688 1426 καὶ
711 1372 827 1427 ἀπὸ
868 1371 979 1442 τῆς
1010 1372 1295 1442 ἁμαρτίας
1328 1389 1447 1441 μου
1490 1369 1817 1440 καθάρισόν

209 1472 325 1531 με.
357 1462 471 1516 Σοὶ
507 1463 674 1532 μόνῳ
695 1460 977 1532 ἥμαρτον,
1012 1464 1110 1518 καὶ
1152 1463 1218 1519 τὸ
1259 1463 1527 1533 πονηρὸν
1561 1463 1816 1520 ἐνώπιόν

213 1568 349 1608 σου
386 1555 671 1624 ἐποίησα.
720 1558 785 1612 Ei
829 1556 885 1611 δὲ
933 1558 1101 1624 ῐσασι,
1142 1559 1210 1629 τῇ
1259 1556 1569 1631 κακομυθίᾳ
1616 1560 1805 1630 ἐχεμυ-

1919 1562 2029 1610 tem
2065 1568 2175 1609 non
2206 1552 2483 1624 ignorant,
2523 1554 2620 1609 sed
2654 1554 2857 1620 sciunt,
2895 1554 3171 1611 silentium
3210 1561 3397 1610 tenent
3422 1554 3480 1609 in

217 1644 450 1702 θοῦσιν.

1919 1646 2062 1701 malo
2091 1659 2362 1703 sermone.

309 1738 556 1811 ’Δδελφά
578 1735 670 1795 οὖν
699 1740 767 1796 τά
794 1743 1094 1815 πράγματα
1112 1761 1127 1776 ·
1158 1743 1340 1816 ὅμοιαι
1374 1745 1429 1797 al
1462 1743 1698 1808 εἰκόνες·
1722 1744 1805 1799 καὶ

1988 1736 2243 1809 Cognata:
2260 1738 2426 1808 igitur
2451 1742 2507 1793 et
2524 1749 2796 1808 germana:
2817 1742 2943 1790 sunt
2959 1750 3072 1803 res,
3106 1734 3318 1791 similes
3342 1734 3481 1789 ima-

217 1822 334 1885 ὧδε
378 1830 488 1902 μὲν
530 1833 755 1907 Πέτρος,
793 1836 910 1889 ἐκεῖ
950 1835 1008 1890 δὲ
1050 1837 1079 1890 6
1129 1835 1484 1909 ίεροψάλτης’
1536 1837 1682 1901 ὅπως
1720 1837 1805 1891 καῚ

1914 1830 2068 1901 gines
2104 1847 2118 1884 :
2164 1839 2325 1897 atque
2352 1828 2439 1884 hic
2469 1827 2690 1899 quidem
2718 1825 2913 1883 Petrus
2933 1867 2949 1893 ,
2987 1827 3099 1882 illic
3123 1842 3253 1883 vero
3285 1825 3478 1895 David;

218 1923 499 1992 μεγάλων
531 1925 833 1998 ἀνθρώπων
863 1927 1129 2000 πτώματα
1178 1927 1442 2001 μεγάλαις
1483 1931 1577 1983 καὶ
1603 1947 1805 2001 συγχω·

1917 1933 1976 1978 ut
2010 1935 2333 1993 magnorum
2370 1920 2610 1975 virorum
2664 1919 2852 1991 lapsus
2881 1934 3076 1991 magna
3110 1918 3276 1975 etiam
3319 1918 3481 1974 venia

221 2014 472 2085 ρήσεσιν
522 2016 644 2090 ίαθῇ
667 2036 681 2050 ο
727 2019 823 2073 καὶ
873 2022 988 2084 τοῖς
1038 2020 1270 2091 μεγάλα,
1293 2021 1589 2094 ἡτοπηκόσι
1644 2023 1805 2093 μέγας

1915 2024 2180 2071 curentur
2208 2052 2224 2079 ,
2258 2021 2312 2069 et
2349 2012 2417 2068 iis
2447 2011 2542 2083 qui
2571 2011 2810 2082 graviter
2852 2011 3232 2082 deliquerunt,
3284 2024 3480 2080 magna

215 2106 323 2160 καὶ
364 2109 397 2161 6
448 2109 737 2182 γενόμενος
782 2110 949 2176 ἕλεος.
999 2113 1063 2167 Et
1105 2112 1203 2185 μὲν
1241 2109 1332 2168 οὖν
1379 2113 1715 2186 θαυμάζουσι
1745 2113 1805 2168 τὰ

1915 2107 2078 2161 etiam
2109 2103 2486 2162 misericordia
2513 2103 2719 2159 tributa
2743 2104 2837 2160 sit.
2869 2102 2927 2158 Si
2956 2103 3125 2174 igitur
3139 2101 3481 2157 admirantur

214 2198 571 2268 Εὐαγγέλια,
621 2203 704 2256 δτι
743 2202 949 2275 Πέτρος
989 2204 1191 2277 ἠλεήθη
1213 2223 1228 2237 ·
1263 2204 1705 2276 θαυμαζέτωσαν,
1733 2206 1805 2261 δτι

1915 2199 2229 2270 Evangelia,
2258 2197 2385 2268 quia
2418 2194 2613 2251 Petrus
2668 2194 3106 2252 misericordiam
3147 2199 3479 2249 consecutus

215 2288 322 2342 καί
357 2291 535 2344 Δαϐὶδ
561 2291 786 2364 ἠλέηται
808 2311 819 2323 ·
844 2294 892 2347 εἰ
924 2294 980 2347 δὲ
1009 2294 1308 2358 αἰτιῶνται,
1340 2296 1421 2350 ὅτι
1463 2295 1599 2368 μετά
1626 2296 1805 2351 τοσάδε

1914 2299 2035 2346 est:
2066 2288 2408 2345 admirentur
2430 2288 2596 2343 etiam
2627 2287 2822 2358 legem,
2858 2287 2985 2358 quia
3023 2295 3079 2339 et
3110 2286 3274 2341 David
3314 2285 3479 2341 mise-

213 2378 324 2433 οὐκ
368 2379 577 2452 ἀφείθη
629 2382 658 2435 6
706 2381 890 2447 Aa6'l6,
935 2382 1054 2436 οὐδὲ
1101 2382 1352 2453 φεύξεται
1391 2382 1458 2436 δι’
1482 2383 1678 2447 αὐτοὺς
1718 2381 1805 2455 τὴν

1914 2382 2206 2438 ricordiam
2240 2381 2468 2451 adeptus
2496 2388 2599 2436 est.
2635 2379 2693 2435 Si
2741 2388 2923 2435 autem
2972 2379 3142 2449 legem
3177 2386 3477 2445 accusant,

216 2471 415 2525 αἰτίαν
472 2473 591 2527 οὐδὲ
637 2475 665 2528 6
714 2474 950 2548 Πέτρος⁸
1002 2475 1096 2530 καὶ
1143 2474 1282 2541 δόξει
1330 2476 1428 2548 μὲν
1470 2475 1608 2530 κατὰ
1653 2475 1805 2547 μόνου

1914 2474 2041 2546 quia
2069 2480 2193 2546 post
2232 2479 2386 2528 tanta
2412 2472 2609 2528 delicta
2634 2487 2745 2527 non
2780 2480 2864 2529 est
2893 2470 3064 2526 David
3094 2470 3223 2525 data
3270 2470 3431 2525 venia
3459 2487 3477 2537 ;

215 2560 394 2616 Δαόὶδ
430 2557 626 2635 εἷναιή
661 2563 834 2629 αἰτία,
861 2566 926 2636 τῇ
959 2564 1017 2619 δὲ
1047 2564 1269 2637 δυνάμει
1311 2565 1805 2638 κατηγορηθήσεται

1913 2578 2091 2634 neque
2127 2561 2322 2618 Petrus
2353 2562 2608 2633 Opinione
2627 2578 2841 2627 eorum,
2874 2562 3148 2633 querelam
3172 2570 3225 2616 et
3249 2574 3480 2616 accusa-

1920 1384 2002 1423 me
2032 1368 2097 1422 ab
2127 1369 2404 1439 iniquitate
2431 1386 2567 1436 mea,
2604 1378 2652 1423 et
2697 1387 2730 1425 a
2763 1379 2973 1441 peccato
2999 1387 3110 1426 meo
3139 1370 3336 1424 munda
3375 1387 3478 1426 me.

1923 1460 2041 1516 Tibi
2069 1462 2170 1517 soli
2201 1462 2427 1531 peccavi,
2458 1471 2508 1516 et
2530 1461 2730 1516 malum
2758 1478 2936 1516 coram
2980 1471 3028 1517 te
3060 1462 3160 1532 feci
3189 1462 3258 1515 '°.
3296 1462 3351 1517 Si
3381 1478 3480 1516 au-

219 2653 319 2707 καὶ
346 2655 377 2708 6
409 2654 624 2727 Πέτρος
658 2658 724 2728 τῇ
765 2656 901 2728 αὐτῇ
948 2657 1272 2730 κατηγορίᾳ.
1319 2658 1382 2712 El
1434 2658 1492 2711 δὲ
1529 2658 1810 2730 φήσουσιν,

217 2745 309 2799 ὅτι
341 2745 497 2818 καλὴ
543 2746 641 2818 μὲν
684 2748 717 2817 ὴ
767 2746 1129 2821 συγχώρησις,
1172 2748 1332 2822 μέχρι
1359 2749 1416 2803 δὲ
1458 2749 1640 2821 ένὺςή
1687 2765 1815 2819 συγ-

220 2835 485 2908 χώρησις
526 2837 619 2891 τοῦ
662 2838 890 2893 παλαιοῦ
922 2839 1086 2911 νόμου
1136 2839 1355 2910 ἔφθασε,
1396 2839 1602 2911 πληθὺς
1638 2840 1695 2894 δὲ
1726 2840 1814 2892 ὲν·

221 2925 416 2980 ταῦοα
477 2928 871 3000 συγχωρήσεως
890 2966 906 2988 .
965 2928 1060 2983 καὶ
1110 2929 1344 2999 πέλαγος
1397 2929 1669 2999 ἀφέσεως,
1717 2929 1811 2983 καὶ

227 3020 390 3093 φωνή
433 3022 549 3073 ἐστι
597 3019 917 3095 βεδοηκυῖα’
975 3023 1152 3078 Δεῦτε
1196 3021 1345 3092 πρὸς
1378 3020 1476 3092 μὲ,
1508 3021 1730 3087 πάντες
1756 3024 1810 3076 οὶ

227 3108 567 3175 κοπιῶντες
615 3112 711 3166 καὶ
752 3110 1228 3182 πεφορτισμένοι,
1278 3111 1438 3181 κάγὼ
1482 3111 1809 3165 ἀναπαύσω

226 3197 427 3268 ὑμᾶς·
464 3199 857 3270 ἀναγνώτωσαν
889 3200 958 3253 τά
986 3200 1207 3264 παλαιὰ,
1242 3200 1336 3253 καὶ
1371 3199 1552 3270 θαῦμα
1578 3198 1687 3252 τῶν
1714 3216 1806 3267 γε·

225 3304 393 3362 γραμ
401 3289 575 3361 μένων
596 3290 1038 3361 λαμϐανέτωσαν.

305 3465 374 3517 El
401 3463 458 3517 δὲ
488 3464 556 3518 δι’
583 3463 945 3536 ἀμελετησίαν
969 3466 1081 3528 τοῖς
1096 3463 1415 3535 γράμμασιν
1442 3466 1682 3536 ἐντυχεῖν
1710 3466 1809 3521 οὐκ

226 3553 537 3624 ἀνέχονται,
590 3554 868 3608 κάνταῦθα
903 3555 1004 3625 τῆς
1049 3554 1230 3619 αίτίας
1273 3554 1478 3626 ταύτης
1535 3556 1808 3611 ἀπαλλατ-

227 3642 499 3699 τέτωσαν.
537 3645 597 3698 '0
641 3646 831 3718 Σωτὴρ
875 3645 1021 3716 λέγει
1042 3662 1057 3677 ⁸
1101 3646 1309 3711 Δεῦτε,
1355 3646 1577 3714 πάντες
1606 3651 1663 3703 οι
1705 3667 1808 3704 κο·-

228 3733 497 3803 πιῶντες
563 3734 663 3790 καὶ
713 3734 1208 3804 πεφορτισμένοι,
1264 3733 1425 3804 κάγὼ
1478 3736 1809 3791 ἀναπαύσω

226 3826 424 3900 ὑμᾶς·
477 3827 667 3882 οὐδένα
731 3827 946 3899 παρεὶς,
979 3827 1179 3898 μηδένα
1227 3826 1539 3893 ἀπολιπὼν,
1600 3828 1808 3892 πάντας

228 3918 567 3994 περιλαϐών.
608 3920 667 3974 '0
688 3919 744 3972 δὲ
763 3918 1081 3991 ἱεροψάλτης
1104 3918 1281 3988 λέγει·
1312 3918 1513 3974 Πάντα
1541 3919 1617 3974 τὰ
1638 3920 1803 3989 ἔθνη,

230 4010 571 4081 κροτήσατε
592 4011 795 4083 χεῖρας
813 4031 827 4045 ο
862 4014 956 4067 καὶ
982 4013 1141 4068 πάλιν
1162 4031 1176 4044 ·
1222 4015 1637 4077 Ἐνωτίσασθε,
1665 4012 1806 4068 πάν-

228 4120 332 4170 τες
372 4105 429 4157 οἱ
450 4105 869 4171 κατοικοῦντες
918 4108 1034 4174 τὴν
1064 4103 1441 4175 οἰκουμένην,
1475 4106 1532 4159 οἳ
1561 4122 1626 4160 τε
1644 4122 1805 4177 γηγε-

228 4195 360 4261 νεῖς
374 4194 474 4250 καὶ
494 4196 609 4251 υἱοὶ
634 4194 754 4250 τῶν
767 4196 1108 4267 ἀνθρώπων,
1130 4197 1226 4251 ἐπὶ
1251 4195 1318 4251 τὸ
1342 4195 1489 4251 αὐτὸ
1510 4197 1805 4265 πλούσιος

229 4288 331 4343 καὶ
360 4287 573 4357 πένης.
599 4290 808 4354 Πάντες
835 4290 895 4356 ἐξ
931 4290 1283 4360 Εὑαγγελίου,
1316 4289 1517 4354 πάντες
1544 4290 1608 4343 ἐκ
1640 4290 1802 4362 νόμου

1914 2658 2115 2712 tionem
2145 2655 2363 2727 eﬂ'ugiet
2390 2672 2402 2708 :
2434 2665 2489 2711 et
2512 2655 2788 2712 videbitur
2813 2653 3033 2725 quidem
3076 2663 3266 2708 contra
3300 2652 3477 2708 solum

1914 2746 2083 2802 David
2109 2748 2252 2807 facta
2282 2748 2594 2814 accusatio;
2625 2746 2721 2803 sed
2766 2749 2947 2818 reipsa
2998 2746 3189 2802 eadem
3247 2760 3478 2802 accusa-

1914 2839 2062 2894 tione
2100 2838 2454 2894 accusabitur
2496 2838 2714 2895 Petrus.
2750 2837 2808 2893 Si
2843 2846 3026 2893 autem
3063 2838 3339 2904 dixerint,
3383 2838 3478 2893 bo-

1911 2946 2036 2986 nam
2070 2930 2289 3002 quidem
2321 2946 2445 2987 esse
2474 2932 2712 2998 veniam,
2750 2930 2846 2988 sed
2868 2931 3080 2986 veniam
3110 2931 3312 2986 veteris
3340 2931 3477 3002 legis

1913 3040 2087 3096 usque
2121 3024 2189 3080 ad
2225 3040 2392 3080 unum
2420 3025 2726 3096 pertigisse,
2747 3024 2801 3079 in
2824 3023 3116 3095 Evangelia
3136 3031 3315 3077 autem
3343 3021 3481 3076 mul-

1913 3124 2022 3170 tam
2054 3131 2177 3173 esse
2206 3116 2441 3183 veniam,
2464 3125 2517 3171 et
2536 3116 2763 3189 pelagus
2787 3115 3245 3182 condonationis;
3281 3124 3332 3170 et
3365 3114 3479 3169 cla-

1910 3213 2023 3260 mat
2050 3207 2125 3261 ibi
2157 3205 2442 3263 Salvator:
2488 3207 2670 3262 Venite
2703 3209 2771 3261 ad
2810 3224 2910 3271 me,
2950 3223 3127 3261 omnes
3152 3206 3241 3277 qui
3268 3207 3480 3261 labora-

1913 3295 1978 3346 tis
2009 3304 2060 3348 et
2088 3296 2291 3349 onerati
2333 3297 2480 3364 estis,
2518 3304 2567 3350 et
2618 3313 2711 3368 ego
2746 3297 2983 3366 reﬁciam
3033 3313 3121 3350 vos
3162 3296 3237 3362 ⁸³,
3290 3297 3477 3367 legant

1910 3394 2182 3451 vetera,et
2205 3388 2397 3442 subeat
2424 3387 2716 3443 admiratio
2743 3404 2933 3444 eorum
2957 3404 3078 3460 qua:
3097 3387 3303 3459 scripta
3324 3399 3474 3444 sunt.

1982 3475 2038 3532 Si
2090 3487 2270 3533 autem
2319 3488 2542 3550 propter
2589 3480 3021 3536 dissuetudincm
3071 3480 3476 3538 exercitationis

1910 3567 2103 3622 nolunt
2125 3568 2303 3639 legere
2330 3570 2558 3640 scripta,
2583 3568 2752 3625 etiam
2788 3567 2878 3624 hic
2900 3569 3156 3625 desinant
3185 3583 3472 3626 accusare.

1910 3660 2160 3716 Salvator
2192 3661 2359 3717 dicit:
2404 3660 2584 3716 Venite
2618 3660 2689 3716 ad
2738 3678 2839 3726 me,
2885 3678 3059 3717 omnes
3102 3663 3192 3732 qui
3217 3661 3473 3717 laboratis

1907 3762 1956 3806 et
1981 3753 2184 3806 onerati
2215 3752 2362 3816 estis,
2406 3762 2455 3805 et
2474 3768 2568 3823 ego
2595 3753 2829 3823 reﬁciam
2869 3769 2957 3807 vos
2985 3769 3003 3806 :
3036 3751 3309 3807 neminem
3335 3766 3476 3822 prte-

1907 3843 2160 3906 termisit,
2198 3843 2466 3899 neminem
2515 3845 2755 3915 reliquit,
2788 3858 2979 3899 omnes
3005 3844 3322 3915 complexus
3351 3850 3471 3899 est:

1908 3932 2077 3989 David
2107 3950 2234 3991 vero
2266 3938 2342 3989 ait
2371 3954 2384 3991 :
2415 3934 2606 3991 Omnes
2633 3946 2829 4007 gentes,
2864 3935 3101 4007 plaudite
3140 3935 3382 3990 manibus
3404 3935 3470 3991 ”.

1907 4025 1973 4081 Et
2010 4042 2204 4083 rursus
2237 4045 2249 4082 :
2296 4026 2529 4081 Auribus
2573 4024 2839 4099 percipite,
2867 4045 3044 4085 omnes
3084 4031 3175 4099 qui
3217 4029 3471 4084 habitatis

1907 4121 2105 4189 orbem,
2133 4122 2320 4193 quique
2355 4121 2625 4192 terrigena:
2666 4130 2714 4176 et
2768 4123 2871 4192 ﬁlii
2910 4123 3201 4189 hominum,
3227 4120 3388 4176 simul
3417 4121 3474 4175 in

1907 4231 2067 4269 unum
2106 4214 2244 4269 dives
2269 4222 2319 4269 et
2367 4229 2564 4283 pauper
2581 4212 2648 4269 ”.
2681 4213 2881 4270 Omnes
2913 4214 2967 4269 in
3005 4213 3298 4286 Evangelia
3322 4212 3473 4269 exci-

1906 4308 2007 4364 tati
2039 4314 2201 4372 sunt,
2235 4322 2427 4363 omnes
2466 4308 2522 4362 in
2559 4308 2693 4380 lege.
2732 4306 3010 4363 Neminem
3044 4307 3261 4377 reliquit
3295 4305 3473 4361 Evan-

229 4380 565 4453 κεκίνηνται·
590 4382 779 4437 οὐδένα
796 4383 1154 4454 παραλέλοιπε
1165 4382 1223 4437 τὸ
1243 4382 1568 4452 Εὑαγγέλιον
1587 4400 1600 4414 ·
1618 4384 1805 4439 οὐδένα

1912 4402 2138 4474 gelium,
2179 4400 2452 4456 neminem
2511 4401 2593 4456 lex
2647 4400 2852 4454 omisit.
2912 4398 3177 4455 Clamavit
3224 4398 3470 4469 Evange-

228 4472 444 4544 ἀφῆκεν
504 4474 533 4526 6
582 4472 765 4543 νόμος.
828 4472 1053 4544 Ἐϐόησε
1085 4473 1146 4526 τὸ
1186 4473 1553 4543 Εὑαγγέλιον’
1612 4477 1801 4528 Μετα-

227 4563 442 4628 νοεῖτε,
467 4563 672 4634 ἥγγικε
695 4564 803 4634 γὰρ
833 4565 870 4633 ἡ
886 4565 1174 4629 ,ϐασιλεία
1200 4566 1318 4620 τῶν
1343 4566 1631 4635 οὐρανῶν.
1660 4566 1803 4639 Πρὸς

228 4657 443 4720 πάντας
474 4657 650 4728 ἀφῆκε
684 4656 780 4729 τὴν
824 4658 1039 4730 ὁμιλίαν
1090 4659 1312 4730 ταύτην.
1348 4661 1604 4713 Πταίουσι
1638 4659 1804 4712 διελέ-

226 4768 357 4819 γετο
380 4768 395 4781 ’
433 4750 790 4822 ἐσφαλμένοις
844 4751 1067 4823 ὡμίλει·
1104 4752 1203 4824 ήδη
1249 4752 1474 4807 θάνατον
1502 4751 1801 4822 ὀφείλουσιν

228 4843 557 4914 έφθέγγετο’
611 4842 917 4916 ἐλευθερίαν
971 4844 1060 4899 διὰ
1108 4844 1209 4899 τοῦ
1244 4846 1595 4918 κηρύγματος
1666 4861 1801 4916 προ-

228 4936 609 5008 εμνηστεύετο.

314 5029 656 5101 Ἐπεδήμησε
679 5030 773 5085 καὶ
821 5031 1005 5088 Ἰωνᾶς
1047 5032 1104 5083 ἐν
1130 5032 1195 5101 τῇ
1236 5028 1442 5093 Νινευῒ,
1475 5031 1532 5083 ὲν
1563 5028 1797 5083 πόλειού

236 5121 429 5194 μικρᾷ,
461 5122 519 5175 ἐν
550 5121 692 5175 ἔθνει
729 5120 1155 5193 πολυανθρώπῳ.
1188 5121 1298 5194 Τὴν
1340 5121 1565 5195 ἀπειλὴν
1598 5121 1794 5187 ἔδειξε’

231 5210 328 5281 τὴν
356 5212 634 5284 ἐπιτιμίαν
664 5213 764 5268 οὐκ
789 5211 1093 5281 ἐσιώπησεν
1116 5231 1131 5244 ·
1164 5213 1356 5287 ἐϐόησε
1381 5213 1694 5287 πληκτικῶς
1720 5214 1797 5288 τῷ

231 5300 394 5375 λόγῳ.
426 5301 547 5359 Εἷδε
568 5307 691 5370 τοὺς
712 5306 906 5379 ἄνδρας
924 5323 937 5337 ο
966 5308 1046 5371 εἰς
1062 5307 1349 5378 μετάθεσιν
1368 5308 1596 5379 ἡνεγκεν
1617 5323 1631 5342 ·
1658 5309 1792 5363 ἀπο-

230 5388 421 5454 λύτους
455 5393 556 5462 τῆς
601 5395 871 5466 ἁμαρτίας
922 5397 1235 5467 εἰργάσατο.
1288 5397 1352 5451 Ἡ
1387 5397 1795 5470 προκατηγγελ-

233 5480 370 5553 μένη
397 5483 641 5554 ἐπιτιμία
672 5482 872 5555 ᾤχετο·
899 5484 1044 5551 ἕλεος
1066 5486 1332 5558 διεδέχετο
1349 5504 1363 5519 ·
1394 5488 1454 5543 τὸ
1469 5487 1795 5562 ζητούμενον

271 5661 352 5720 ,⁸⁸
392 5662 531 5721 Psal.
571 5680 635 5734 L,
670 5667 723 5731 5,
760 5667 820 5726 4.
861 5666 911 5723 6.

1903 4497 2058 4559 lium,
2075 4494 2220 4564 Agite
2242 4493 2619 4562 pmnitentiam,
2639 4493 3065 4563 appropinquavit
3093 4492 3230 4546 enim
3256 4506 3471 4562 regnum

1904 4586 2234 4642 caelorum“.
2261 4584 2526 4640 Omnibus
2546 4584 2753 4639 dimisit
2775 4585 2914 4639 hanc
2937 4583 3468 4648 sermocinationem;

1903 4694 2027 4733 cum
2047 4676 2495 4746 delinquentibus
2530 4676 2878 4748 loquebatur,
2907 4690 3031 4730 cum
3055 4674 3222 4744 lapsis
3260 4686 3472 4726 sermo-

1903 4785 2027 4825 nem
2081 4768 2352 4835 habebat,
2403 4784 2527 4822 cum
2554 4769 2621 4824 iis
2666 4768 2757 4840 qui
2811 4767 2922 4836 jam
2963 4774 3117 4819 erant
3144 4762 3222 4819 rei
3254 4762 3467 4829 mortis,

1902 4856 2247 4928 loquebatur,
2275 4856 2579 4913 libertatem
2620 4873 2718 4929 per
2746 4855 3181 4928 praedicationem
3224 4866 3473 4925 praecon-

1904 4948 2143 5004 ciliabat.

1974 5035 2261 5093 Proiectus
2304 5045 2389 5093 est
2422 5035 2590 5093 Jonas
2622 5035 2892 5103 Ninivcm,
2933 5052 3055 5108 quae
3100 5042 3219 5093 erat
3273 5036 3468 5093 civitas

1904 5142 2014 5183 non
2053 5142 2239 5198 parva,
2271 5135 2326 5183 et
2358 5143 2549 5201 magna
2592 5129 2833 5200 gentium
2868 5127 3174 5199 frequentia
3201 5126 3466 5182 habitata.

1905 5215 2091 5272 Edidit
2122 5219 2623 5285 comminationem,
2672 5235 2781 5275 non
2819 5220 3035 5276 reticuit
3063 5232 3302 5289 poenam,
3353 5218 3468 5274 cla-

1903 5309 2090 5372 mavit,
2141 5310 2436 5378 perterruit
2478 5326 2754 5367 sermone.
2788 5309 2937 5367 Vidit
2973 5311 3144 5375 viros,
3177 5310 3246 5365 ad
3284 5316 3467 5363 muta-

1901 5398 2105 5453 tionem
2154 5397 2280 5452 vitaa
2323 5398 2555 5469 impulit,
2604 5397 2736 5454 fecit
2779 5408 2837 5454 ut
2873 5409 3158 5471 peccatum
3206 5400 3462 5471 repudia-

1901 5496 2044 5545 rent.
2083 5487 2455 5545 Praanuntiata
2494 5490 2844 5546 comminatio
2882 5489 3033 5557 abiit,
3065 5490 3332 5548 successit
3356 5491 3462 5545 mi-

1023 5671 1066 5703 ⁹¹
1108 5669 1299 5726 Matth.
1335 5687 1423 5741 st,
1458 5672 1546 5729 26.
1588 5748 1595 5751 Α
1626 5675 1669 5708 ⁹²
1709 5673 1805 5733 Psa

1912 5691 2059 5747 tLvr,
2095 5677 2150 5733 2.
2228 5679 2273 5712 ”
2307 5676 2455 5737 Psal.
2492 5678 2763 5747 unum,
2809 5675 2861 5734 5.
2958 5676 3003 5710 ”
3041 5674 3228 5734 Matth.
3268 5691 3328 5732 ιιι
3352 5714 3370 5744 ,
3399 5673 3454 5729 2.
