3984 6212
557 252 695 309 ιςιτ

1711 247 1847 303 'l'l'l'l
1883 244 2304 304 BOSTBENSIS
2335 244 2638 303 EPISCOPI

3648 248 3782 305 I248

554 367 872 424 sericordia.
902 362 1127 418 Factum
1170 371 1257 419 est
1287 362 1455 434 quod,
1490 373 1549 419 ut
1572 362 1746 423 ﬁeret.
1780 363 2105 419 curabatur:

2213 360 2437 430 γέγονεν
2457 377 2471 391 ·
2502 362 2561 415 οὐ
2590 360 2698 432 γὰρ
2722 363 2756 433 ή
2782 360 2887 440 τῶν
2905 361 3204 433 ἀνθρώπων
3228 361 3511 432 ἀναίρεσις
3527 358 3780 429 ἐζητεῖτο.

551 471 662 512 non
699 456 844 511 enim
881 455 1134 510 interitus
1184 456 1552 524 qumrebatur,
1602 453 1703 510 sed
1738 453 1970 509 mutatio
2003 469 2115 509 mo-

551 564 673 604 rum
721 547 1096 618 indagabatur.
1147 545 1443 616 Postquam
1492 545 1694 600 factum
1748 554 1834 602 est
1882 546 2006 610 hoc,
2060 553 2116 602 et

547 641 652 696 viri
692 640 885 694 mutati
932 647 1097 705 sunt,
1151 638 1403 710 apparuit
1444 639 1649 694 donum
1685 637 1815 705 Dei;
1858 639 2114 694 clamavit

547 732 724 789 Judex
756 732 1121 805 patrocinium
1149 732 1491 803 suscipiens;
1523 731 1660 787 dixit
1690 730 1945 788 ministro
1968 746 2107 787 suo:

549 823 611 880 Si
655 834 708 877 tu
755 824 997 877 tristatus
1028 840 1081 878 es
1116 838 1212 891 pro
1246 822 1521 878 cucurbita
1562 838 1658 893 pro
1701 839 1804 893 qua
1835 839 1937 877 non
1963 822 2113 877 labo-

546 917 703 979 rasti,
736 932 852 985 qua:
880 915 975 970 sub
1016 932 1123 969 una
1154 925 1302 971 nocte
1332 900 1460 970 nata
1491 923 1569 969 est
1602 923 1650 968 et
1679 916 1774 968 sub
1821 931 1927 969 una
1964 925 2113 970 nocte

543 1008 739 1078 periit;
792 1024 883 1077 ego
934 1023 1051 1061 vero
1098 1022 1201 1060 non
1254 1023 1470 1077 parcam
1517 1020 1611 1075 pro
1667 1003 1855 1060 Niniue
1902 1007 2110 1061 civitate

542 1115 754 1168 magna,
799 1099 853 1151 in
886 1113 990 1167 qua
1022 1096 1264 1151 habitant
1317 1097 1436 1165 plus
1480 1112 1639 1167 quam
1680 1106 1882 1151 centum
1925 1098 2107 1168 uiginti

541 1191 715 1244 millia
747 1190 1037 1255 hominum,
1077 1200 1125 1244 et
1178 1189 1346 1243 multa
1366 1187 1610 1259 jumenta
1632 1189 1677 1222 "
1705 1190 1729 1243 ’ἒ
1765 1189 1831 1244 Et
1865 1190 2107 1260 pepercit

540 1281 703 1347 Deus,
755 1283 847 1352 qui
880 1297 1026 1336 nunc
1066 1281 1289 1352 quidem
1333 1281 1447 1335 haec
1476 1281 1654 1347 dixit;
1690 1281 1746 1335 in
1791 1282 1899 1337 alio
1923 1291 2104 1339 autem

538 1374 798 1443 propheta
831 1374 1105 1436 clamavit,
1137 1374 1390 1443 inquiens
1428 1389 1442 1426 :
1477 1370 1618 1428 Nolo
1662 1382 1879 1428 mortem
1920 1390 2103 1444 pecca-

537 1468 688 1532 toris,
713 1466 801 1521 sed
830 1468 995 1536 magis
1015 1475 1446 1531 utconvertatur,
1472 1476 1519 1520 et
1547 1467 1681 1520 vivat
1705 1467 1783 1522 "z
1813 1468 1904 1538 qui
1936 1469 2004 1524 ab
2032 1468 2100 1523 iis

534 1558 627 1627 qui
676 1559 857 1613 sciunt
887 1558 1076 1614 laudes
1129 1559 1250 1629 ejus
1288 1575 1505 1622 canere,
1553 1561 1611 1614 in
1650 1560 1901 1615 laudibus
1936 1575 2101 1615 voca-

532 1657 624 1703 tur
650 1649 940 1705 miseratur
985 1658 1038 1705 et
1079 1650 1415 1715 misericors,
1447 1651 1659 1721 patiens
1686 1658 1740 1706 et
1773 1652 1955 1706 multa:
1995 1652 2100 1706 mi—

2214 452 2329 508 ἀλλ’
2355 456 2387 525 ή
2420 453 2529 509 τῶν
2558 455 2773 526 τρόπων
2836 454 3100 526 μεταϐολὴ
3134 457 3426 526 ήρευνᾶτο.
3462 455 3580 507 Καὶ
3609 455 3785 525 ἐπειδὴ

2212 545 2400 614 γέγονε
2439 546 2501 600 τὸ
2553 544 2805 618 ζητηθὲν,
2862 547 2957 601 καὶ
3016 546 3429 618 μετεὸλήθησαν
3469 548 3526 599 οἱ
3571 546 3782 617 ἄνδρες,

2212 637 2382 708 ἐφάνη
2448 637 2542 691 τοῦ
2606 637 2988 710 φιλανθρώπου
3068 640 3101 710 ἡ
3161 638 3369 711 δωρεά·
3418 638 3613 709 ἐϐόησε
3673 654 3785 691 συν-

2206 728 2425 799 ηγορῶν
2453 731 2483 783 6
2521 729 2787 796 δικάζων·
2820 726 2942 784 εἷπε
2982 731 3060 802 τῷ
3101 731 3296 786 ἑαυτοῦ
3320 730 3513 804 οίκέτῃ
3533 748 3549 762 ·
3583 734 3655 786 El
3698 732 3782 786 σὺ

2206 819 2429 889 ἐφείσω
2482 820 2636 889 ὑπὲρ
2706 819 2817 889 τῆς
2896 824 3269 890 κολοκύνθης
3335 821 3491 889 ὑπὲρ
3536 817 3606 892 ἧς
3663 825 3782 877 οὐκ

2206 911 2664 981 ἐκακοπάθησας
2692 954 2709 978 ,
2764 913 2801 981 ἢ
2827 912 2944 969 ὑπὸ
2992 915 3179 968 ¹νύκτα
3230 913 3473 985 ἐγένετο
3524 916 3612 968 καὶ
3654 914 3777 969 ὑπὸ

2206 1004 2396 1058 νύκτα
2446 1004 2719 1060 ἀπώλετο
2743 1023 2756 1036 ο
2800 1005 2916 1076 ἐγὼ
2969 1003 3038 1058 δὲ
3089 1007 3159 1059 οὺ
3202 1006 3493 1075 φείσομαι
3524 1008 3663 1073 ὑπερ
3688 1009 3781 1059 Νι-

2205 1094 2338 1147 νευτ
2385 1092 2491 1163 τῆς
2543 1096 2774 1161 πόλεως
2806 1095 2916 1164 τῆς
2933 1085 3237 1165 ’μετάληα
3270 1097 3341 1149 ἐν
3376 1090 3416 1167 ᾖ
3438 1096 3780 1150 κατοικοῦσι

2204 1187 2454 1252 ,πλείους
2500 1186 2538 1255 ἦ
2593 1185 2821 1241 δώδεκα
2859 1186 3144 1257 μυριάδες
3178 1187 3413 1255 ἀνδρῶν
3452 1189 3555 1241 καὶ
3598 1187 3780 1256 κτήνη

2205 1278 2440 1342 naua;
2504 1278 2613 1333 Καὶ
2652 1278 2869 1347 φειδοῦς
2920 1274 2987 1348 ἦν
3019 1278 3170 1342 Θεὸς,
3218 1281 3311 1332 καὶ
3358 1280 3600 1351 φανερὸς
3651 1275 3720 1349 ἦν
3756 1283 3783 1334 6

2204 1370 2572 1442 φθεγγόμενος
2596 1388 2608 1400 ·
2640 1372 2669 1423 6
2701 1370 2795 1424 νῦν
2824 1370 2920 1441 μὲν
2946 1370 3119 1425 ταῦτα
3150 1370 3405 1442 εἰρηκὼς,
3433 1374 3495 1424 ἐν
3520 1372 3578 1424 δὲ
3613 1372 3784 1441 ἑτέρῳ

2203 1463 2457 1534 προφήτῃ
2479 1460 2753 1532 βεϐοηκώς
2777 1476 2790 1489 ⁸
2819 1464 2901 1515 Οὐ
2916 1462 3211 1530 ,βούλομαι
3231 1462 3340 1515 τὸν
3380 1462 3649 1516 θάνατον
3678 1463 3784 1517 τοῦ

2200 1557 2568 1626 ἁμαρτωλοὶ).
2625 1558 2704 1623 ὡς
2749 1557 2812 1610 τὸ
2858 1557 3208 1626 ἐπιστρέψαι
3260 1557 3360 1611 καὶ
3404 1555 3519 1625 ζῇν
3556 1560 3778 1612 αὐτόν’

2199 1650 2226 1701 6
2252 1649 2354 1703 ὑπὸ
2368 1648 2476 1702 τῶν
2502 1650 2879 1720 ἐπισταμένων
2898 1649 3085 1719 ὑμνεῖν
3104 1648 3383 1716 δοξολογού
3390 1666 3555 1719 μενος
3575 1651 3782 1721 οἰκτίρ-

530 1738 845 1793 sericordize
882 1759 896 1794 :
930 1747 1039 1793 tam
1074 1740 1267 1811 ingens
1316 1742 1459 1795 enim
1519 1743 1741 1813 pelagus
1794 1742 2099 1798 miseratio-

2203 1757 2316 1810 μων
2346 1740 2442 1793 καὶ
2471 1738 2718 1810 ἐλεήμων
2761 1742 2789 1794 6
2817 1739 3048 1813 Κύριος,
3097 1741 3453 1812 μακρόθυμος
3480 1742 3572 1793 καὶ
3619 1742 3781 1793 πολυ-

530 1844 659 1883 num
695 1831 836 1900 apud
872 1830 1038 1886 Deum
1072 1839 1175 1899 est,
1226 1840 1285 1886 ut
1315 1833 1595 1888 minimam
1624 1841 1679 1888 et
1720 1833 2096 1889 brevissimam

525 1921 690 1977 etiam
720 1920 1265 1994 ﬂagitiosissimornm
1297 1923 1364 1999 ad
1397 1924 1767 1996 paenitentiam
1794 1925 2098 1979 inclinatio-

528 2028 651 2067 nem
701 2030 809 2068 non
867 2016 1146 2086 relinquat
1218 2015 1625 2071 inhonoratam.
1699 2017 1888 2072 Achab
1949 2017 2092 2072 enim

527 2101 698 2159 ferme
727 2104 793 2159 ad
820 2113 1125 2161 extremum
1169 2107 1426 2177 nequitiae
1462 2116 1830 2177 processerat,
1881 2115 1936 2163 et
1967 2122 2092 2163 cum

526 2196 747 2265 paulum
780 2205 1144 2267 compunctus
1172 2205 1337 2265 esset,
1373 2199 1658 2254 honoravit
1681 2215 1805 2255 eum
1844 2198 2008 2263 Deus,
2039 2207 2095 2256 et

526 2303 639 2343 rem
668 2289 922 2344 ministro
960 2290 1219 2358 ostendit,
1243 2299 1297 2346 et
1336 2294 1513 2348 minas
1544 2294 1803 2365 repressit
1844 2309 1908 2349 ac
1939 2294 2095 2348 cohi-

524 2378 660 2441 buit,
697 2381 1024 2448 protrahens
1072 2383 1287 2437 interim
1321 2392 1535 2455 tempus
1564 2386 1817 2456 supplicii
1849 2405 1861 2440 :
1918 2386 2089 2453 l’ides,

523 2473 719 2542 inquit,
752 2474 1009 2544 quomodo
1047 2488 1385 2546 compunctus
1418 2488 1494 2533 est
1536 2481 1758 2536 Achab?
1802 2500 1905 2537 non
1932 2482 2092 2537 indu-

519 2578 638 2616 cam
668 2565 811 2617 mala
844 2565 900 2619 in
938 2565 1122 2621 diebus
1151 2566 1285 2635 ejus,
1320 2568 1410 2622 sed
1438 2571 1492 2622 in
1524 2570 1649 2626 aliis
1679 2572 1917 2626 diebus"
1954 2594 1966 2628 :
2010 2574 2093 2628 id-

518 2670 625 2724 que
674 2664 732 2709 ut
774 2656 1051 2710 minimam
1104 2660 1474 2730 aspersionem
1516 2663 1847 2733 poenitentiae
1881 2665 2089 2721 decenti

519 2747 726 2803 honore
759 2744 901 2801 Deus
968 2748 1282 2805 bonoraret.

589 2922 696 2979 Sed
731 2923 841 2976 haec
873 2924 1158 2985 hactenus.
1198 2939 1265 2977 ne
1289 2922 1589 2993 disputatio
1621 2923 1688 2981 de
1712 2925 1825 2995 lege
1862 2926 2087 2980 omnino

520 3016 895 3085 praeteriretur
943 3030 1050 3069 non
1106 3023 1335 3069 tractata
1412 3027 1465 3071 et
1523 3030 1776 3072 excussa.
1823 3014 1938 3070 Hoc
1992 3031 2081 3072 so-
2110 3055 2151 3112 ρ

522 3110 633 3163 lum
688 3109 980 3171 addemus,
1032 3107 1202 3164 fuisse
1262 3109 1432 3178 legem
1472 3109 1718 3165 umbram
1779 3108 2085 3165 futurorum

517 3205 831 3269 bonorum;
877 3205 1226 3275 padagogum
1273 3222 1404 3261 vero
1452 3206 1709 3277 adjuvare
1750 3224 1976 3278 puerum
2028 3218 2085 3264 et

515 3304 728 3352 aetatem
764 3298 1027 3367 pueritiae,
1047 3313 1332 3369 quousque
1363 3299 1622 3369 magister
1641 3308 1895 3370 suscepta
1923 3316 2086 3371 gran-

517 3388 670 3441 diore
713 3386 833 3455 ejus
867 3387 1214 3452 habitudine,
1263 3390 1563 3456 majoribus
1609 3390 1917 3461 disciplinis
1956 3408 2081 3447 eum

520 3480 701 3533 tradat
734 3498 747 3534 :
801 3479 1143 3536 commodius
1184 3480 1329 3535 enim
1362 3489 1416 3536 et
1449 3483 1629 3552 aptius
1674 3483 1777 3537 hoc
1814 3483 2081 3553 principio

516 3580 778 3644 tanquam
835 3574 1190 3628 fundamento
1237 3574 1423 3644 jac-to,
1465 3574 1662 3645 poterit
1717 3576 1842 3645 quis
1880 3575 2080 3630 conﬁr-

515 3681 686 3733 mare,
739 3667 1011 3735 quomodo
1065 3667 1149 3719 lea:
1185 3681 1275 3733 per
1302 3664 1539 3737 Moysem
1568 3668 1713 3733 data,
1755 3671 1931 3739 gratia
1960 3686 2078 3725 vero

514 3766 566 3812 et
592 3760 786 3814 veritas
829 3776 862 3812 a
890 3758 1098 3813 Christo
1126 3760 1271 3829 facta
1304 3760 1454 3813 sit”.

2198 1830 2343 1894 έλεος
2362 1847 2376 1861 ο
2404 1831 2717 1901 τηλικοῦτον
2744 1831 2853 1904 γὰρ
2879 1831 3110 1901 πέλαγός
3132 1834 3276 1886 ἐστιν
3304 1832 3607 1903 οἰκτιρμῶν
3626 1832 3781 1902 παρὰ

2196 1919 2273 1989 τῷ
2308 1919 2446 1990 Θεῷ,
2475 1920 2550 1984 ὡς
2576 1922 2669 1974 καὶ⁸
2699 1922 2797 1991 τήν
2827 1921 3112 1992 ἐλαχίστην
3156 1921 3251 1975 καὶ
3276 1920 3656 1992 βραχυτάτην,
3688 1924 3781 1976 καὶ

2193 2011 2301 2065 τῶν
2361 2012 2500 2066 πάνυ
2555 2013 2902 2082 φαυλοτάτων
2955 2014 3093 2085 πρὸς
3133 2015 3417 2085 μετάνοιαν
3453 2014 3673 2086 ῥοπὴν,
3707 2017 3779 2088 μή

2193 2103 2455 2175 ἀτίμητον
2491 2106 2668 2161 ἐᾶσαι.
2724 2106 2915 2176 Σχεδὸν
2950 2104 3062 2177 γὰρ
3095 2108 3173 2169 είς
3208 2106 3381 2177 πέρας
3415 2108 3624 2170 κακίας
3654 2108 3778 2180 ἐλη-

2194 2194 2420 2259 λακότος
2447 2195 2543 2249 τοῦ
2589 2197 2812 2267 Ἀχαὰ6,
2846 2197 2937 2250 καὶ
2978 2196 3171 2266 ὀλίγως
3204 2214 3320 2260 πως
3351 2200 3778 2267 κατανυγέντος,

2191 2287 2481 2359 τετίμηκεν
2522 2289 2551 2340 6
2590 2287 2741 2351 Θεὸς,
2773 2287 2868 2341 καὶ
2898 2287 3066 2354 ἔδειξε
3097 2287 3173 2358 τῷ
3199 2288 3385 2361 οἰκέτῃ
3410 2288 3474 2341 τὸ
3512 2291 3773 2361 πρᾶγμα,

2192 2378 2288 2432 καὶ
2344 2377 2647 2432 συνέστειλε
2697 2380 2797 2450 τὴν
2846 2379 3096 2449 ἀπειλὴν,
3131 2379 3321 2450 χρόνον
3356 2380 3457 2449 τῆς
3487 2382 3771 2453 ἐπιτιμίας

2194 2467 2392 2540 μεταξὺ
2420 2468 2874 2540 καταλιμπάνων·
2905 2466 3097 2535 Εἶδες,
3127 2470 3277 2539 φησὶ,
3314 2469 3443 2536 πῶς
3476 2475 3769 2541 mres-tim

2203 2559 2413 2628 Ἀχαὰϐ
2431 2577 2451 2624 ;
2476 2562 2548 2614 οὐ
2597 2560 2684 2629 μὴ
2720 2560 2921 2625 ἐπάξω
2951 2560 3022 2615 τὰ
3060 2562 3214 2615 κακὰ
3257 2562 3329 2615 ἐν
3363 2562 3495 2628 ταῖς
3524 2563 3767 2633 ἡμέραις

2187 2652 2393 2716 αὑτοῦ,
2430 2653 2568 2707 ἀλλ’
2592 2653 2662 2706 ἐν
2714 2652 2958 2722 ἡμέραις
2993 2652 3209 2718 ἄλλαις
3228 2671 3243 2684 ο
3281 2654 3369 2706 ἵνα
3394 2657 3492 2707 καὶ
3514 2656 3613 2725 τὴν
3645 2656 3767 2710 ἐλα-

2188 2746 2377 2816 χίστην
2417 2744 2606 2816 ῤαίδα
2650 2745 2751 2816 τῆς
2782 2745 3068 2817 μετανοίας
3112 2747 3320 2817 τιμήσῃ
3365 2748 3434 2816 τῇ
3478 2747 3764 2819 πρεπούσῃ

2185 2840 2317 2908 τιμῇ
2361 2840 2389 2890 ὀ
2417 2836 2566 2901 Θεός.

2256 2929 2365 2981 Καὶ
2414 2928 2586 2983 ταῦτα
2616 2929 2712 2999 μὲν
2743 2929 2903 3000 μέχρι
2958 2928 3144 2983 τούτου
3195 2930 3591 3001 προειρηκότες
3634 2949 3764 2984 κατ-

2185 3019 2464 3091 ελέξαμεν,
2493 3021 2578 3074 ἵνα
2613 3022 2707 3075 καὶ
2751 3024 2779 3074 ό
2827 3023 2957 3093 περὶ
2995 3022 3159 3092 νόμου
3186 3022 3343 3090 λόγος
3371 3023 3445 3093 μὴ
3480 3023 3760 3087 παντελῶς

2185 3109 2531 3182 ἀγύμναστος
2576 3111 3063 3183 καταλελειμμένος
3110 3111 3348 3184 ὑπάρχῃ·
3381 3112 3540 3181 μόνον
3595 3112 3757 3167 τοῦτο

2186 3204 2760 3276 προσγεγραφηκότες,
2809 3205 2889 3256 ὅτι
2945 3202 3071 3256 σκιὰ
3118 3203 3279 3274 νόμος
3310 3204 3409 3256 τῶν
3446 3203 3755 3274 μελλόντων

2184 3294 2432 3363 ἀγαθῶν·
2468 3296 2561 3348 καὶ
2590 3294 2699 3364 γὰρ
2735 3293 3077 3362 παιδαγωγὸς
3125 3295 3456 3364 συμπράττει
3483 3294 3561 3365 τῷ
3598 3297 3755 3350 παιδὶ

2184 3385 2277 3437 καὶ
2305 3387 2368 3455 τῇ
2404 3385 2501 3455 νέᾳ
2545 3385 2745 3456 ἡλικία,
2787 3384 2979 3455 μέχρις
3007 3376 3067 3436 οὗ
3103 3385 3132 3436 6
3168 3384 3480 3449 διδάσκαλος
3508 3385 3602 3456 τὴν
3633 3385 3754 3452 ἕξιν

2184 3473 2512 3546 παραλαϐὼν
2568 3477 2680 3539 τοῖς
2740 3474 3020 3547 μαθήμασι
3077 3478 3188 3538 τοῖς
3235 3476 3444 3546 μείζοσι

2188 3568 2542 3641 καιριώτερον
2573 3568 2682 3640 γάρ
2721 3585 2805 3630 τις
2832 3568 3137 3638 δυνήσεται,
3164 3568 3365 3639 ταύτην
3393 3568 3530 3622 ἰδίαν
3563 3570 3754 3623 ὑπόθε-

2180 3677 2263 3713 σιν
2294 3660 2541 3731 θέμενος,
2571 3660 2972 3716 κατασκευάσαι
2996 3660 3115 3724 πῶς
3153 3661 3252 3730 μὲν
3277 3660 3381 3714 διὰ
3420 3661 3679 3729 Μωσέως
3720 3668 3755 3717 ό

2180 3752 2383 3820 νόμος,
2415 3752 2533 3806 ἀπὸ
2558 3752 2626 3833 δὲ
2651 3753 2870 3821 Κυρίου
2896 3753 2932 3820 ἠ
2966 3751 3134 3821 χάρις
3165 3752 3260 3805 καὶ
3286 3754 3326 3821 ἡ
3339 3751 3594 3811 ἀλήθεια
3621 3752 3748 3822 ere.

2180 3861 2337 3898 νετο.

1356 3959 1483 4010 (far.
1529 3955 1663 4011 XVI.
1705 3955 1916 4012 Creatio
1940 3973 1973 4011 a
2000 3955 2213 4011 diabolo
2253 3957 2531 4011 secundum
2565 3956 2906 4013 Hanichwos.

603 4070 716 4126 Nos
770 4082 949 4126 autem
997 4073 1133 4127 alias
1199 4074 1702 4144 argumentationes
1764 4074 2072 4130 abortionis

516 4167 678 4223 istius
711 4167 1064 4235 attingamus,
1092 4170 1367 4235 proposita
1393 4167 1497 4220 alia
1534 4166 1699 4236 hujus
1732 4167 1989 4237 Opinione
2018 4167 2077 4221 in

516 4257 815 4329 Scripturis
850 4258 1056 4311 absona
1102 4264 1156 4312 et
1208 4257 1490 4323 absurda;
1528 4265 1585 4310 ut
1632 4273 1694 4311 ea
1751 4273 1980 4313 excussa
2026 4265 2079 4313 et

510 4353 747 4417 evoluta,
792 4351 971 4422 quoad
1008 4351 1120 4406 ﬁeri
1155 4361 1352 4424 potest,
1385 4360 1592 4405 mentes
1646 4351 1964 4421 illaqueatas
2009 4367 2076 4407 ex

509 4443 765 4517 opinione
794 4451 1007 4498 amente
1037 4447 1246 4513 eripere
1262 4444 1554 4513 possimus.
1580 4442 1826 4497 Porrexit
1850 4443 1991 4498 enim
2018 4458 2076 4498 se

512 4552 685 4606 usque
718 4535 783 4589 ad
824 4535 1083 4588 fabricam
1134 4534 1356 4600 mundi;
1412 4543 1466 4589 et
1512 4534 1613 4589 hoc
1648 4536 1792 4605 quod
1833 4536 2076 4591 cernitur

509 4637 774 4694 creatum,
831 4644 860 4682 a
895 4628 1114 4683 diabolo
1163 4637 1407 4682 creatum
1458 4644 1582 4683 esse
1640 4629 1791 4694 vult;
1847 4644 2075 4700 esseque

510 4721 782 4778 hominem
861 4736 891 4774 a
947 4721 1160 4775 diabolo
1224 4719 1569 4788 formatum;
1620 4727 1781 4790 atque
1838 4722 2072 4775 animam

514 4814 731 4886 quidem
765 4830 795 4867 a
825 4813 957 4877 Deo,
998 4828 1120 4868 esse
1153 4824 1333 4868 tamen
1362 4813 1578 4883 corpori
1605 4828 1635 4865 a
1662 4812 1879 4866 diabolo
1927 4823 2075 4882 apta-

508 4914 642 4969 tam,
696 4912 749 4958 ct
792 4904 991 4958 factum
1044 4902 1361 4968 hominem;
1410 4903 1500 4972 qui
1547 4902 1909 4956 substantiam
1948 4902 2071 4971 qui-

510 5003 630 5055 dem
660 5000 910 5071 corporis
947 5014 1013 5053 ex
1061 4997 1367 5055 substantia
1393 4996 1594 5052 diaboli
1623 4997 1915 5067 acceperit,
1948 4996 2072 5051 sub-

508 5094 763 5148 stantiam
795 5107 922 5146 vero
955 5091 1149 5145 animae
1192 5098 1452 5160 tanquam
1500 5089 1733 5160 spolium
1768 5100 1821 5145 et
1848 5091 2070 5145 exuvias

507 5197 571 5234 ex
606 5179 713 5234 Deo
745 5180 1042 5250 sumpserit
1076 5199 1089 5232 :
1128 5187 1188 5234 ut
1243 5178 1427 5233 anima
1471 5180 1688 5250 quidem
1741 5190 1955 5250 sumpta
1999 5182 2070 5235 sit

508 5287 570 5325 cx
611 5271 736 5334 Deo,
773 5272 1005 5327 traxerit
1036 5288 1166 5328 vero
1191 5272 1258 5327 de
1282 5270 1393 5327 Deo
1424 5273 1658 5344 spolium
1690 5271 1972 5327 diabolus:
1996 5279 2070 5325 at-

506 5381 611 5434 que
637 5367 706 5420 ita
751 5382 813 5419 ex
863 5365 1170 5420 substantia
1200 5365 1403 5420 diaboli
1452 5373 1507 5421 et
1543 5364 1717 5435 spolio
1747 5364 1855 5418 Deo
1887 5364 2071 5418 detra~

505 5465 596 5509 clo
629 5456 948 5511 fabricatum
978 5472 1100 5512 esse
1138 5457 1430 5521 hominem,
1457 5473 1521 5512 ex
1554 5470 1781 5526 corpore
1804 5465 1858 5510 et
1886 5456 2065 5509 anima

582 5614 625 5644 "
667 5612 781 5666 Ion.
824 5630 880 5667 ιιι
907 5654 920 5678 ,
962 5615 1055 5677 l0,
1094 5614 1177 5668 ll.
1254 5615 1298 5645 ’θ
1338 5613 1531 5669 Ezech.
1571 5629 1775 5677 χχχιιι,
1812 5612 1896 5666 Η.
1971 5613 2015 5647 ’⁷
2059 5609 2107 5666 ll}

2191 5615 2285 5681 Leg.
2322 5627 2408 5664 ut
2426 5650 2439 5674 ,
2473 5609 2561 5665 ‘29.

2261 4076 2448 4146 Ἡμεῖς
2481 4075 2536 4128 δὲ
2561 4075 2780 4129 καὶτῶν
2797 4063 2996 4148 ἑτέρων
3015 4077 3399 4148 ἐπιχειρήσεων
3423 4077 3513 4130 τοῦ
3531 4079 3749 4150 ἐκτρώο

2184 4183 2351 4237 ματος
2376 4166 2729 4237 ἐφαψὼμεθα,
2762 4168 2859 4239 τὴν
2903 4166 3068 4237 ἄλλην
3099 4168 3298 4221 ἄτοπον
3313 4167 3465 4221 αὐτοῦ
3492 4164 3650 4234 δόξαν
3674 4174 3745 4227 ἐν

2180 4260 2293 4320 τοῖς
2325 4256 2524 4324 λογίοις
2578 4257 2985 4328 παρατιθέντες,
3034 4260 3126 4312 καὶ
3163 4263 3284 4323 ταῖς
3316 4260 3583 4327 ὲξετὰσεσι
3632 4280 3742 4332 γυ-

2186 4348 2457 4420 μνοῦντες,
2521 4351 2686 4412 ὅπως,
2747 4350 2798 4403 εἴ
2824 4367 2886 4418 γε
2915 4347 3021 4404 οἶόν
3047 4351 3106 4403 τέ
3144 4353 3278 4415 ἐστι,
3311 4351 3405 4416 τὰς
3432 4352 3746 4424 αἱρεθείσας

2179 4441 2415 4504 διανοίας
2458 4441 2553 4512 τῆς
2602 4441 2792 4509 ἀλόγου
2824 4441 2981 4513 δόξης
3017 4441 3369 4516 ὲξυφαιρῆσαι
3405 4443 3743 4517 δυνηθῶμεν.

2193 4528 2452 4595 Ἐξέτεινε
2470 4530 2578 4602 γὰρ
2604 4531 2793 4585 ἑαυτὸν
2823 4534 2916 4585 καὶ
2939 4532 3100 4602 μέχρι
3126 4532 3218 4586 τοῦ
3240 4533 3740 4607 δημιουργήματος·

2180 4622 2449 4676 καὶτοῦτο
2477 4622 2537 4677 τὸ
2565 4623 2882 4693 φαινόμενον
2906 4625 3113 4697 ποίημα
3136 4623 3229 4677 τοῦ
3263 4626 3583 4690 ἀπατεῶνας
3607 4623 3742 4680 εἶναι

2181 4712 2393 4786 ποίημα
2423 4713 2666 4784 βούλεται
2687 4732 2700 4745 ’
2736 4715 2830 4769 καὶ
2890 4710 3029 4769 εἶναι
3056 4716 3149 4768 τὸν
3200 4715 3485 4787 ἄνθρωπον
3518 4717 3741 4789 πλάσμα

2172 4806 2266 4859 τοῦ
2326 4806 2597 4877 πονηροῦο
2625 4806 2719 4859 καὶ
2768 4804 2905 4860 εἶναι
2959 4808 3055 4878 μὲν
3092 4807 3190 4878 τὴν
3223 4807 3399 4879 ψυχὴν
3426 4808 3536 4861 ἀπὸ
3581 4809 3739 4873 Θεοῦ,

2172 4892 2310 4950 εῖναι
2334 4897 2391 4950 δὲ
2430 4897 2579 4969 παρὰ
2610 4897 2703 4950 τοῦ
2735 4899 2973 4971 πονηροῦ
3016 4901 3364 4971 ἡρμοσμένην
3389 4917 3405 4929 ο
3451 4900 3548 4954 καὶ
3585 4918 3743 4970 γεγο-

2171 4992 2316 5048 νέναι
2348 4993 2439 5045 τὸν
2455 4991 2755 5063 ἄνθρωπον,
2777 4993 2874 5063 τὴν
2899 4993 2996 5065 μὲν
3023 4991 3205 5047 οὐσίαν
3228 4993 3320 5046 τοῦ
3355 4993 3611 5064 σώματος
3636 4996 3743 5049 ἀπὸ

2170 5085 2268 5155 τῆς
2303 5085 2490 5148 οὐσίας
2511 5084 2769 5155 εἰληφότα
2795 5083 2887 5137 τοῦ
2932 5084 3190 5155 πονηροῦ,
3220 5084 3317 5156 τήν
3340 5085 3398 5138 δὲ
3431 5086 3624 5139 οὐσίαν
3645 5089 3742 5159 τῆς

2174 5176 2370 5248 ψυχῆς,
2403 5177 2478 5240 ὡς
2530 5178 2722 5232 σκῦλον
2767 5178 2800 5249 ἦ
2845 5177 3083 5249 λάφυρον
3120 5178 3228 5230 ἀπὸ
3259 5177 3392 5232 Θεοῦ
3421 5161 3739 5249 ληφθεῖσαν,

2177 5270 2280 5323 ὑπὸ
2323 5270 2379 5323 δὲ
2422 5268 2516 5322 τοῦ
2561 5270 2794 5341 πονηροῦ
2838 5268 3426 5341 λαφυραγωγηθεῖσαν·
3452 5269 3633 5335 οὕτως
3679 5271 3738 5323 ἐκ

2174 5380 2232 5415 τε
2264 5363 2361 5432 τῆς
2386 5361 2941 5433 λαφυραγωγηθείσης
2970 5362 3062 5415 καὶ
3103 5362 3202 5434 τῆς
3228 5362 3415 5427 οὐσίας
3440 5363 3540 5417 τοῦ
3577 5381 3735 5434 mir

2177 5453 2268 5527 ροῦ
2302 5452 2682 5522 γεγονέναιτὺν
2713 5452 3012 5523 ἄνθρωπον,
3035 5456 3097 5507 ἐκ
3127 5454 3301 5525 ψυχῆς
3331 5454 3425 5508 καὶ
3460 5455 3730 5528 σώματος’

2638 5611 2682 5643 ’⁸
2719 5609 2872 5667 Joan.
2916 5628 2965 5678 I,
3007 5612 3088 5670 l7.
