3984 6212
276 324 450 383 1249
1345 323 1714 384 ADVERSUS
1781 330 1863 385 MA

1941 331 2200 390 [ΟΗΕΟΞ
2232 332 2360 389 LIB.
2403 333 2488 388 lll.
3400 339 3538 396 12ὕο

275 439 392 492 καὶ
420 440 523 511 τῆς
549 439 647 511 μὲν
672 437 845 510 ψυχῆς
879 438 952 511 μὴ
973 437 1142 492 αἴτιον
1169 435 1305 494 εἶναι
1332 442 1425 496 τὸν
1454 443 1707 516 πονηρὸν,
1737 462 1863 516 μητε

1941 493 1946 516 ,
1976 454 2314 503 constantem
2344 463 2356 498 :
2391 455 2553 517 atque
2591 445 2781 500 anima:
2811 445 3026 516 quidem
3057 463 3164 503 non
3203 465 3322 506 esse
3348 465 3537 510 aucto-

275 530 660 602 πεποιηκέναι
687 531 873 584 οὐσίαν
899 529 1098 600 ψυχῆς,
1132 531 1230 602 τῆς
1257 532 1313 586 δὲ
1330 534 1408 597 είς
1435 534 1667 605 κρίσεως
1703 535 1863 606 μόνης

1969 555 2084 593 rem
2140 539 2436 602 diabolum,
2489 551 2666 606 neque
2719 536 3081 592 substantiam
3122 541 3241 609 ejus
3316 541 3534 608 fecisse,

267 619 394 690 τῆς
465 624 523 675 ἐν
565 621 776 694 σώματι
807 623 1024 694 ἐνεργὸν
1051 623 1224 676 εἶναι’
1283 625 1580 690 σκυλεύσας
1624 626 1751 698 γάρ,
1796 626 1863 690 ὦς

1969 630 2061 684 sed
2115 631 2288 684 solius
2351 631 2632 699 ingressus
2689 628 2882 682 anima:
2935 629 2988 682 in
3051 645 3252 702 corpus
3315 635 3535 690 effecto-

272 715 770 786 φασιν,εῑσέκρινε
797 717 862 785 τῇ
908 715 1073 786 σαρκί
1091 733 1104 746 ο
1133 715 1230 787 τὴν
1253 716 1310 770 δὲ
1353 717 1528 786 σάρκα
1557 717 1746 789 αὐτὴν,
1778 719 1863 771 καὶ

1968 736 2081 776 rem
2143 736 2294 787 esse;
2358 720 2654 774 detractam
2698 721 2844 774 enim
2895 728 3152 790 tanquam
3196 725 3448 794 spolium,
3476 737 3534 782 ut

267 804 418 876 chy
463 806 657 860 πλάσιν
706 806 894 877 αὐτὴν,
937 809 1031 860 καὶ
1086 809 1177 861 τὸν
1240 811 1592 882 χαρακτῆρα,
1638 811 1732 863 καὶ
1772 809 1863 881 τὴν

1966 811 2069 882 ipsi
2128 811 2299 874 aiunt,
2373 810 2429 864 in
2483 825 2704 864 carnem
2780 811 3048 878 immisit;
3123 827 3342 868 carnem
3407 833 3535 872 vero

267 899 612 969 τοιαυτήνδε
640 901 870 971 μορφὴν,
899 899 990 953 καὶ
1009 899 1107 971 τὴν
1149 899 1336 954 οὐσίαν
1361 901 1507 971 ὃλην,
1544 901 1701 973 ἔργον
1729 899 1863 955 εἶναι

1967 903 2160 972 ipsam,
2181 913 2232 958 et
2262 901 2656 968 formationem,
2680 909 2732 957 et
2757 902 3000 973 ﬁguram,
3019 912 3072 959 et
3100 906 3258 960 talem
3285 907 3531 974 formam,

270 991 385 1042 καὶ
418 991 615 1043 πλάσιν
647 991 739 1044 τοῦ
769 991 1098 1054 άπατεῶνος.
1137 991 1225 1056 Ἐξ
1270 992 1527 1046 ἐναντίων
1552 994 1680 1062 γοῦν
1708 1010 1863 1062 γεγο-

1969 1010 2034 1050 ac
2085 1003 2253 1048 totam
2296 994 2655 1048 substantiam
2705 1009 2842 1064 opus
2889 1011 3012 1051 esse
3061 1004 3113 1051 et
3154 997 3532 1055 formationem

270 1081 446 1135 νέναι
475 1083 566 1136 τὸν
594 1083 873 1154 ἄνθρωπον
898 1085 1435 1154 ὁμολογοῦντες,οὐδέ
1462 1085 1552 1138 τὸν
1577 1085 1685 1138 τῶν
1715 1087 1863 1140 ἐνανα

1967 1086 2188 1141 diaboli.
2241 1084 2498 1141 Fatentes
2544 1087 2707 1156 igitur
2737 1085 2940 1140 factum
2973 1103 3092 1144 esse
3141 1090 3414 1146 hominem
3465 1107 3529 1147 ex

265 1173 429 1227 τίων
460 1176 605 1229 ἴσασι
633 1176 788 1245 λόγον
810 1192 822 1204 ·
856 1177 977 1230 ούδέ
1005 1178 1084 1230 ὅτι
1119 1177 1232 1230 ἐστι
1279 1178 1399 1232 τινά
1429 1178 1538 1231 τῶν
1587 1177 1863 1242 ἐναντίων,

1968 1179 2296 1245 contrariis,
2371 1193 2545 1248 neque
2613 1193 2732 1247 qua:
2803 1180 2876 1234 sit
2939 1183 3332 1236 contrariorum
3392 1183 3531 1236 ratio

269 1263 458 1318 ἅτινα
505 1267 676 1338 ἀμιγῆ
718 1270 861 1322 ἐστιν
912 1270 968 1321 ἐν
996 1269 1195 1333 αὐτοῖς,
1233 1270 1499 1341 μηδεμίαν
1529 1269 1663 1340 πρὸς
1698 1268 1863 1322 ἑαυτά

1965 1272 2163 1337 sciunt;
2192 1286 2366 1340 neque
2389 1270 2587 1336 sciunt,
2609 1285 2730 1325 esse
2759 1271 3003 1340 quadam
3028 1275 3295 1326 contraria
3317 1290 3436 1344 quae
3457 1276 3532 1328 in-

273 1355 450 1424 μίξιν
499 1359 589 1411 καὶ
645 1361 924 1412 κοινωνίαν
965 1359 1216 1423 δέξασθαι
1278 1360 1568 1432 δυνάμενα,
1616 1359 1749 1414 ἀλλά
1799 1362 1863 1430 τῇ

1971 1371 2054 1418 ter
2083 1378 2141 1418 se
2178 1362 2518 1417 commisceri
2556 1375 2662 1415 non
2691 1369 2944 1430 possunt,
2983 1362 3110 1431 quia
3143 1364 3344 1417 nullam
3387 1365 3527 1420 inter

274 1447 628 1521 νομιζομένῃ
669 1451 917 1522 κοινωνία
947 1452 1276 1525 ἀναιρέσεως
1313 1453 1518 1506 ἑαυτῶν
1541 1453 1669 1506 ὄντα
1701 1451 1863 1516 αἰτία,

1975 1471 2032 1511 se
2055 1455 2491 1509 communionem
2521 1469 2697 1524 neque
2726 1453 3034 1508 misttonem
3061 1454 3259 1510 habere
3298 1464 3522 1525 queunt;

273 1539 368 1610 μὴ
403 1540 676 1612 δυνάμενα
719 1543 852 1614 ὁμοῦ
891 1541 1028 1598 εἶναι
1053 1560 1066 1574 °
1100 1545 1234 1599 ἀλλὰ
1267 1544 1359 1598 τοῦ
1400 1546 1587 1617 ἑτέρου
1620 1545 1863 1616 ἀναιρου-

1975 1546 2105 1617 quin
2161 1545 2341 1615 potius
2386 1557 2553 1600 causa
2606 1549 2734 1598 sunt
2789 1544 3042 1598 interitus
3070 1543 3152 1598 sui
3187 1545 3241 1598 in
3280 1545 3371 1599 illa
3407 1563 3527 1616 qua:

277 1630 488 1701 μένου,
509 1633 597 1688 διὰ
628 1636 726 1705 τὴν
755 1637 848 1690 τοῦ
883 1638 1068 1711 ἐτέρου
1096 1639 1472 1709 ἐπικράτησιν.

1967 1650 2212 1713 putatur,
2269 1637 2682 1702 communione,
2743 1637 2868 1707 quia
2922 1653 3029 1692 non
3082 1650 3312 1708 possunt
3364 1642 3526 1696 simul

1962 1750 2120 1800 esse;
2163 1732 2272 1786 imo
2308 1729 2458 1783 aliud
2496 1729 2727 1794 tollitur,
2763 1728 2891 1798 quia
2936 1729 3082 1784 aliud
3112 1731 3444 1786 dominatur.

1095 1864 1222 1920 Car.
1262 1863 1424 1922 XV".
1461 1864 1663 1934 Corpus
1686 1879 1788 1917 non
1816 1868 1892 1915 est
1917 1872 1950 1910 a
1981 1849 2217 1914 diabolo,
2240 1857 2289 1902 et
2315 1848 2493 1900 anima
2521 1864 2553 1900 a
2589 1845 2715 1900 Deo.

374 1973 511 2028 Ἰδοὺ
538 1972 644 2046 γάρ
682 1976 740 2029 ἐν
793 1975 873 2030 ἐνὶ
916 1978 1250 2049 κοιτωνίσκῳ
1295 1978 1475 2049 ήμέρα
1509 1979 1603 2032 καλ⁹
1640 1975 1736 2041 νὺξ
1760 1977 1858 2029 οὐκ

2029 1967 2189 2029 Ecce,
2220 1965 2275 2018 in
2322 1977 2430 2018 uno
2465 1963 2720 2017 cubiculo
2747 1962 2864 2018 dies
2896 1969 2950 2018 et
2998 1978 3106 2017 nox
3153 1961 3384 2019 inveniri
3415 1956 3523 2019 no'l

271 2064 350 2117 ἂν
383 2065 637 2136 εὑρεθείη
658 2083 672 2096 ·
705 2067 826 2119 ἐπεὶ
861 2067 1019 2137 μόνον
1053 2067 1168 2136 φῶς
1204 2069 1422 2139 εὑρεθὲν
1463 2069 1780 2139 προαναιρεῖ
1801 2066 1859 2119 τὸ

272 2155 504 2220 σκότος.
569 2158 697 2211 Ἰδοὺ
725 2159 781 2211 ἐν
839 2160 936 2230 μιᾷ
962 2159 1104 2231 ψυχῇ
1148 2159 1466 2232 σωφροσύνη
1504 2161 1596 2214 καὶ
1633 2157 1856 2229 πορνεία

265 2247 382 2299 οὐκ
413 2246 485 2300 ἂν
516 2248 732 2320 φανείη·
784 2251 905 2302 ἐπεὶ
933 2250 1068 2320 μόνη
1105 2251 1420 2322 σωφροσύνη
1440 2291 1455 2315 ,
1489 2254 1733 2319 φανεῖσα,
1771 2251 1859 2301 ἐκ-

268 2335 468 2389 ποδὼν
494 2338 742 2405 γενέσθαι
773 2338 870 2410 τὴν
910 2339 1161 2410 πορνείαν
1207 2343 1369 2395 ποιεῖ.
1416 2340 1546 2394 Ἰδοὺ
1584 2338 1858 2392 θεοσέϐεια

267 2430 373 2482 καὶ
408 2430 640 2485 ἀσέϐεια
671 2433 729 2485 ἐν
762 2434 841 2486 ἑνὶ
885 2432 1154 2504 ἀνθρώπῳ
1195 2435 1295 2486 οὐκ
1340 2433 1405 2488 ἂν
1451 2433 1688 2501 γένοιτ-οε
1724 2433 1854 2485 ὅπου

266 2521 388 2593 γὰρ
419 2523 673 2576 εὐσέῦεια
719 2524 986 2592 φαίνεται,
1026 2525 1144 2578 οὐδὲ
1173 2525 1322 2597 ῥανὶς
1359 2524 1610 2588 ἀσεϐείας
1639 2523 1858 2594 φανείη.

279 2611 599 2683 Ἐπικρίνει
639 2613 816 2666 δὲκαὶ
859 2614 887 2665 ὁ
936 2614 1271 2678 Ἀπόστολος,
1320 2614 1414 2668 καὶ
1456 2613 1742 2686 σφραγίζει
1787 2614 1854 2667 τά

264 2704 583 2776 εἰρημένα·
622 2706 718 2770 Τίς
770 2707 1045 2758 κοινωνία
1092 2707 1235 2774 φωτὶ
1278 2707 1425 2774 πρὸς
1469 2707 1727 2772 σκότος;
1762 2707 1856 2770 Τίς

261 2794 693 2865 μερὶςΧριστῷ
725 2796 872 2864 πρὸς
905 2798 1148 2861 Belial;
1180 2796 1257 2850 Τὰ
1279 2797 1384 2869 γὰρ
1411 2798 1618 2859 ἑαυτοῖς
1640 2796 1853 2849 ἐναντία

269 2887 419 2956 φίλα
435 2887 642 2950 ἑαυτοῖς
658 2887 757 2940 οὐκ
775 2889 838 2940 ἃν
858 2887 1066 2956 γένοιτο
1082 2905 1095 2918 ·
1120 2889 1212 2941 καὶ
1241 2889 1366 2959 μίαν
1387 2887 1652 2959 ἁρμονίαν
1667 2887 1766 2940 οὐκ
1785 2885 1852 2939 ἂν

272 2981 433 3033 ποιοῖ
454 2977 522 3030 τά
550 2979 752 3032 ἑαυτῶν
783 2979 1127 3050 διεστηκότα’
1176 2979 1294 3032 οὐδὲ
1335 2978 1442 3050 γὰρ
1473 2978 1534 3030 ἐκ
1556 2995 1615 3030 τε
1646 2976 1851 3049 ῥυθμοῦ

274 3070 378 3124 καὶ
391 3071 565 3142 appos
573 3071 697 3142 μίας
712 3071 810 3142 μία
824 3070 1029 3141 γίνεται
1045 3071 1296 3143 ἀρμονία,
1316 3070 1438 3123 οὔτε
1457 3071 1520 3122 ἐκ
1539 3068 1748 3138 σιωπῆς
1760 3069 1854 3121 καὶ

275 3163 472 3226 λαλιᾶς
503 3163 598 3234 μία
625 3163 869 3232 γίγνεται
897 3163 1177 3226 σύστασις·
1220 3163 1377 3233 μόνον
1407 3161 1515 3230 γὰρ
1539 3159 1598 3212 τὸ
1629 3159 1686 3211 ἓν
1715 3155 1852 3212 εἶναι

273 3255 507 3324 ὀφείλει,
540 3255 634 3308 τοῦ
670 3256 855 3326 ἐτέρου
893 3255 1148 3324 συστῆναι
1191 3255 1290 3306 οὐκ
1334 3251 1678 3323 ἀνεχομένου.
1710 3251 1770 3302 El
1795 3249 1852 3302 δὲ

1958 2068 2156 2132 potest.
2191 2058 2318 2128 quia
2352 2056 2528 2110 solum
2564 2055 2745 2109 lumen
2791 2057 3068 2111 inventum
3098 2056 3252 2126 prius
3301 2057 3524 2112 sustulit

1957 2151 2234 2208 tenebras.
2272 2147 2432 2212 Ecce,
2473 2148 2527 2201 in
2559 2163 2668 2200 una
2709 2146 2890 2201 anima
2928 2148 3188 2216 pudicitia
3227 2157 3277 2202 et
3307 2155 3520 2202 scorta-

1955 2245 2031 2298 tio
2055 2257 2164 2297 non
2200 2249 2428 2310 possunt
2460 2239 2644 2304 cerni;
2676 2237 2803 2308 quia
2836 2238 2950 2291 sola
2976 2235 3259 2306 pudicitia,
3283 2237 3328 2292 si
3355 2252 3520 2306 appa-

1953 2335 2146 2398 ruerit,
2190 2333 2340 2402 fugat
2374 2339 2428 2386 et
2457 2329 2711 2384 amandat
2757 2330 3163 2384 scortationem.
3209 2327 3365 2391 Ecce,
3405 2329 3518 2398 pie-

1953 2437 2036 2483 tas
2065 2437 2117 2482 et
2139 2427 2386 2495 impietas
2426 2425 2480 2478 in
2513 2422 2730 2477 homine
2756 2437 2864 2475 uno
2897 2437 3173 2491 nunquam
3203 2429 3393 2488 erunt;
3427 2421 3516 2475 ubi

1953 2519 2096 2574 enim
2132 2517 2304 2586 pietas
2333 2514 2598 2575 cernitur,
2633 2529 2807 2582 neque
2839 2512 2982 2566 stilla
3016 2511 3310 2580 impietatis
3349 2526 3516 2581 appa-

1955 2609 2112 2664 rebit.
2163 2607 2463 2662 Conlirmat
2505 2612 2684 2657 autem
2733 2603 3048 2672 Apostolus,
3088 2613 3139 2656 et
3177 2604 3357 2672 signat
3395 2617 3514 2672 qua:

1952 2701 2096 2755 dicta
2133 2709 2260 2754 sunt
2293 2719 2306 2753 :
2339 2697 2489 2762 Quw,
2523 2696 2721 2765 inquit,
2755 2696 2976 2748 societas
3003 2696 3105 2748 luci
3141 2695 3208 2748 ad
3239 2695 3516 2751 tenebras?

1953 2791 2086 2857 Qua:
2131 2802 2255 2857 pars
2297 2787 2509 2842 Christo
2562 2802 2679 2840 cum
2722 2784 2994 2838 Belial”?
3034 2784 3164 2851 Quae
3204 2789 3347 2840 enim
3387 2796 3516 2844 sunt

1951 2881 2054 2936 sibi
2093 2879 2365 2934 contraria
2392 2917 2406 2940 ,
2463 2891 2571 2930 non
2621 2884 2852 2944 possunt
2897 2891 3018 2930 esse
3057 2875 3160 2930 sibi
3208 2876 3418 2942 amica;
3464 2883 3519 2930 et

1950 2985 2094 3025 unus
2134 2975 2434 3024 concentus
2486 2981 2596 3020 non
2649 2964 2848 3036 poterit
2897 2964 3096 3028 facere,
3132 2973 3193 3020 ut
3241 2981 3360 3035 quae
3390 2976 3519 3021 sunt

1951 3061 2115 3115 unius
2149 3067 2446 3114 concentus
2493 3057 2804 3125 discrepent
2840 3075 2852 3110 :
2891 3071 2991 3110 nec
3018 3057 3163 3110 enim
3216 3072 3282 3110 ex
3325 3073 3518 3112 nume-

1951 3167 2074 3206 roso
2125 3159 2179 3205 et
2223 3165 2334 3203 non
2385 3163 2680 3202 numeroso
2759 3164 2901 3202 unus
2949 3156 3267 3214 concentus,
3310 3158 3362 3203 et
3409 3165 3515 3203 uua

1950 3241 2246 3296 modulatio
2307 3239 2575 3304 efﬁcitur,
2625 3254 2722 3293 nec
2761 3256 2826 3293 ex
2876 3241 3094 3295 silentio
3143 3250 3196 3295 ct
3244 3243 3515 3298 locutione

274 3321 342 3400 τί)
379 3347 536 3417 σῶμα
566 3343 633 3417 ἦν
684 3321 778 3399 τοῦ
801 3321 1057 3416 πονηροῦ,
1081 3345 1175 3399 καὶ
1193 3347 1226 3415 ἡ
1253 3344 1396 3413 ψυχὴ
1423 3321 1516 3396 τοῦ
1544 3342 1699 3405 Θεοῦ,
1733 3342 1849 3404 πῶς

1952 3349 2062 3388 una
2100 3330 2428 3401 compositio
2455 3331 2532 3385 fit.
2589 3329 2766 3385 Unum
2799 3332 2942 3386 enim
2984 3333 3158 3387 solum
3193 3350 3313 3388 esse
3353 3350 3514 3404 opor-

275 3442 364 3500 εἰς
398 3438 523 3507 μίαν
538 3438 798 3508 ἁρμονίαν
822 3437 912 3489 τοῦ
935 3435 1217 3506 ἀνθρώπου
1244 3435 1557 3487 ἀποδέδοται
1579 3450 1593 3498 ;
1621 3433 1736 3498 πῶς
1769 3434 1848 3496 είς

279 3529 416 3598 μίαν
473 3528 710 3581 διάθεσιν
757 3529 848 3581 καὶ
876 3527 1088 3598 φιλίαν,
1131 3527 1260 3580 Ἰδοὺ
1291 3525 1397 3597 γὰρ
1416 3526 1685 3596 ἥρμοσται
1706 3564 1720 3590 ,
1752 3525 1845 3578 καὶ

275 3621 502 3690 γέγονεν
560 3615 638 3684 εἷς
689 3620 1006 3692 ἄνθρωπος·
1055 3621 1148 3673 καὶ
1188 3622 1254 3691 τῇ
1305 3619 1540 3691 ἁρμονίᾳ
1567 3619 1712 3672 ἐστὶν
1742 3615 1839 3682 εἷς.

293 3712 432 3764 Ἰδοὺ
467 3714 498 3782 ὴ
523 3711 666 3782 ψυχή
697 3713 811 3764 ἐστι
830 3711 922 3764 τοῦ
959 3710 1224 3782 σώματος,
1269 3713 1362 3764 καὶ
1391 3711 1533 3779 φιλεῖ
1565 3711 1657 3765 καὶ
1682 3710 1840 3782 στέρ-

275 3819 390 3872 γει·
416 3803 622 3868 Οὐδείς
633 3803 741 3873 γάρ
765 3819 906 3857 ποτε
924 3803 1038 3871 τὴν
1061 3803 1277 3858 ἑαυτοῦ
1304 3803 1497 3870 σάρκα
1511 3803 1803 3872 ἐμίσησεν
1822 3819 1835 3833 ⁸

272 3895 416 3948 ἀλλ’
443 3894 709 3964 ἐκτρέφει
740 3894 836 3948 καὶ
856 3893 1065 3949 θάλπει
1087 3894 1297 3964 αὑτήν.
1327 3895 1389 3947 El
1407 3893 1538 3965 δὲδὴ
1557 3893 1636 3965 τῷ
1669 3894 1838 3965 ἑτέρῳ

277 3985 431 4056 μέλει
458 3987 585 4057 περὶ
611 3986 703 4040 τοῦ
754 3987 958 4059 ἐτέρου,
986 3987 1076 4039 καὶ
1102 3989 1199 4058 τὴν
1238 3987 1501 4058 ἀλγηδόνα
1528 3987 1621 4040 τοῦ
1656 3986 1838 4058 σῶμα⁸

271 4094 387 4141 τος,
422 4077 557 4132 ίδίαν
600 4078 866 4149 ἀλγηδόνα
897 4081 1109 4149 ἡγεῖται
1136 4081 1169 4149 ἡ
1195 4079 1339 4150 ψυχή
1361 4096 1374 4110 ·
1409 4079 1502 4132 καὶ¹
1528 4079 1588 4132 οὐ
1620 4079 1836 4148 διαιρεῖ-

272 4186 364 4222 ται
395 4169 505 4222 τῶν
550 4169 903 4241 παθημάτων,
943 4170 1058 4224 ἀλλ’
1087 4170 1376 4224 οἰκειοῦται
1405 4171 1541 4242 πρὸς
1581 4170 1648 4224 τά
1673 4170 1834 4242 τραύ-

274 4281 441 4333 ματα,
465 4262 752 4317 οἰκειοῦται
776 4265 910 4335 πρὸς
921 4262 989 4315 τὰ
1011 4263 1323 4335 παθήματα·
1349 4265 1442 4316 καὶ
1457 4263 1541 4316 ὅτε
1565 4264 1661 4334 μὲν
1680 4263 1832 4332 ἀλγεῖ

269 4357 599 4428 τραυμάτων
669 4357 884 4421 ἕνεκεν,
944 4357 1194 4419 ἀνιᾶται,
1253 4354 1518 4409 ἀνώδυνον
1565 4351 1700 4408 εἶναι
1756 4355 1830 4426 μὴ

268 4446 572 4516 δυναμένηο
607 4446 694 4498 ὅτε
719 4446 775 4499 δὲ
803 4445 1080 4516 ἡδυπαθεί,
1109 4447 1200 4498 καὶ
1239 4445 1341 4498 ὑπὸ
1364 4444 1461 4515 τῆς
1491 4444 1679 4514 ἡδονῆς
1711 4445 1830 4514 ἐρε-

270 4537 504 4603 θίζεται,
561 4538 773 4609 μετέχει
821 4537 928 4590 τῶν
982 4538 1293 4607 κινημάτων
1329 4537 1422 4590 καὶ
1459 4539 1492 4606 ἡ
1536 4535 1700 4606 ψυχὴ,
1735 4537 1829 4590 καὶ

271 4627 672 4696 συνεφάπτεται
693 4628 798 4680 τῶν
830 4626 1155 4698 ὲρεθισμῶνσ
1189 4626 1281 4679 καὶ
1311 4625 1462 4697 λήγει
1489 4627 1586 4696 μὲν
1607 4626 1824 4696 ὁμοίως,

266 4720 535 4792 λαμϐάνει
589 4719 650 4792 es
695 4719 928 4772 ἐπίδοσιν
953 4717 1228 4780 ὡσαύτως.
1269 4716 1377 4770 Καὶ
1423 4716 1692 4788 ληγούσης
1737 4717 1834 4787 μὲν

267 4812 447 4882 ψυχῆς
467 4811 574 4864 ἀπὸ
603 4810 708 4864 τῶν
743 4810 1052 4880 κινημάτων
1085 4807 1192 4860 τῶν
1212 4807 1417 4873 παθῶν,
1452 4807 1704 4880 συλλήγει
1743 4810 1834 4861 καὶ

268 4902 330 4955 τὸ
384 4901 559 4972 σῶμα,
613 4901 705 4954 καὶ
747 4898 1140 4969 καθησυχάζειο
1193 4897 1610 4969 ἐπιτριϐομένης
1640 4899 1697 4951 δέ
1733 4899 1832 4969 τῆς

271 4992 561 5062 ἐπιθυμίας
605 4991 660 5042 ἐν
698 4993 761 5061 τῇ
800 4989 940 5060 ψυχῇ
977 4989 1067 5041 καὶ
1094 4987 1202 5040 τῶν
1228 4987 1528 5059 ἐρεθισμῶν
1557 4988 1830 5056 ἐπιτριϐο-

273 5085 468 5154 μένων,
503 5082 678 5154 ἡδύνει
740 5083 832 5135 καὶ
879 5083 938 5134 τὸ
993 5081 1169 5152 σῶμα,
1206 5081 1302 5135 καὶ
1341 5080 1662 5150 φλεγμαίνει
1686 5099 1698 5112 °
1737 5082 1830 5135 καὶ

269 5177 538 5244 γίγνονται
570 5176 695 5237 ἴσως
728 5175 823 5245 μὲν
881 5175 930 5226 οἱ
981 5175 1274 5246 ἐρεθισμοὶ,
1317 5174 1444 5238 ἴσως
1481 5174 1538 5228 δὲ
1583 5175 1674 5228 καὶ
1717 5174 1826 5228 τῶν

271 5267 638 5338 ἐρεθισμάτων
674 5268 729 5318 αί
779 5266 1060 5330 ἀποθέσεις
1110 5268 1202 5319 καὶ
1246 5266 1532 5338 ἐκλείψεις.
1568 5268 1630 5320 Ei
1672 5267 1730 5321 δέ
1767 5268 1827 5334 ἐξ

271 5359 522 5412 ἐναντίων
547 5355 634 5430 ἦν,
665 5360 756 5412 καὶ
803 5361 861 5412 τὸ
887 5360 984 5430 μὲν
1015 5360 1171 5430 σῶμα
1201 5360 1295 5414 τοῦ
1325 5361 1558 5432 πονηροῦ
1587 5358 1676 5434 ἦν,
1711 5365 1744 5434 ἡ
1769 5363 1827 5416 δὲ

269 5449 410 5521 ψυχὴ
457 5449 549 5503 τοῦ
609 5451 769 5504 Θεοῦ·
807 5452 1018 5523 πρῶτον
1048 5454 1146 5524 μὲν
1171 5454 1269 5506 οὐκ
1321 5453 1388 5507 ἂν
1429 5456 1669 5524 ἐγεγόνει
1705 5456 1827 5509 otiu-

268 5543 402 5608 οδος,
432 5541 554 5597 οὔτε
581 5543 714 5616 αὐτὴ
744 5545 776 5615 ἡ
807 5544 991 5616 μακρά
1016 5547 1206 5617 κρᾶσις
1221 5545 1522 5599 ἐπετελείτο
1540 5564 1553 5578 ο
1579 5547 1826 5620 δεύτερον

335 5722 381 5754 ὀ
420 5721 461 5775 ιι
493 5720 616 5778 Cor.
658 5738 745 5787 VI,
783 5723 882 5788 ιι,
921 5723 1005 5778 15.
1084 5725 1099 5756 ι
1142 5721 1341 5794 Ephes.
1377 5739 1430 5791 ν,
1469 5724 1555 5779 ιο.

1946 3433 2039 3489 tet,
2071 3425 2245 3478 altero
2275 3421 2513 3488 sublato,
2551 3422 2698 3492 quod
2733 3439 2841 3476 non
2878 3423 3083 3492 patitur
3121 3432 3179 3475 ut
3225 3425 3386 3478 simul
3417 3426 3508 3479 sit.

1947 3515 2004 3570 Si
2030 3525 2211 3571 autem
2238 3530 2436 3586 corpus
2461 3526 2609 3570 esset
2651 3516 2874 3580 diaboli,
2905 3525 2958 3570 et
2989 3516 3167 3569 anima
3203 3515 3330 3582 Dei;
3373 3533 3509 3586 quo-

1943 3611 2106 3665 modo
2137 3626 2278 3666 unus
2314 3619 2613 3665 concentus
2645 3609 2881 3663 hominis
2910 3623 2974 3663 ex
3011 3609 3090 3662 eis
3127 3607 3394 3664 conﬂatus
3421 3625 3511 3666 es-

1941 3704 2345 3773 set?quomodo
2375 3719 2481 3758 una
2507 3702 2743 3757 amicitia
2769 3711 2821 3756 et
2839 3703 3075 3759 affectio?
3098 3702 3196 3764 En,
3223 3710 3438 3772 aptatus
3453 3712 3508 3758 et

1940 3797 2117 3853 factus
2150 3804 2389 3852 estunus
2418 3796 2580 3850 homo
2605 3835 2620 3860 ,
2667 3805 2719 3851 et
2739 3803 3006 3851 concentu
3037 3811 3099 3850 ac
3129 3794 3507 3850 convenientia

1939 3907 2079 3945 unus
2095 3897 2196 3944 est.
2225 3887 2362 3944 Ecce
2387 3888 2566 3942 anima
2583 3889 2834 3958 copulata
2859 3897 3076 3942 estcum
3098 3903 3345 3958 corpore,
3369 3896 3422 3942 et
3441 3888 3506 3942 il-

1936 3981 2027 4037 lud
2055 3989 2199 4034 amat
2220 3990 2273 4036 et
2296 3980 2577 4035 aﬂectione
2599 3980 2976 4050 complectitur
3001 4001 3012 4033 :
3057 3977 3226 4034 Nemo
3247 3982 3383 4034 enim
3405 3995 3504 4033 un-

1935 4089 2089 4144 quam
2100 4087 2309 4126 carnem
2324 4088 2471 4126 suam
2493 4071 2610 4126 odio
2622 4071 2918 4134 habuit,serl
2932 4073 3096 4126 nutrit
3112 4082 3159 4128 et
3176 4073 3310 4142 fovet
3326 4089 3441 4127 eam
3460 4073 3500 4124 ¹.

1935 4164 1990 4219 Si
2003 4173 2182 4219 autem
2202 4165 2426 4220 alterum
2443 4165 2666 4219 alterius
2677 4179 2860 4218 curam
2877 4165 3116 4228 habet,ct
3129 4165 3366 4219 dolorem
3384 4178 3500 4219 cor-

1931 4257 2078 4327 poris
2101 4272 2258 4311 suum
2279 4257 2426 4310 ducit
2447 4257 2704 4320 anima;et
2730 4273 2836 4309 non
2861 4257 3192 4327 disjungitur
3208 4256 3501 4311 affectioni-

1929 4351 2052 4418 bus,
2066 4350 2157 4405 sed
2171 4349 2413 4420 adjungit
2431 4366 2489 4405 se
2500 4351 2567 4405 ad
2586 4351 2826 4417 vulnera,
2843 4351 3085 4421 adiungit
3101 4366 3160 4406 se
3180 4349 3245 4404 ad
3268 4350 3500 4406 affectio-

1931 4452 2106 4508 nes;et
2124 4458 2244 4496 cum
2263 4456 2461 4511 corpus
2482 4436 2626 4496 d'olet
2647 4450 2864 4512 pr0pter
2879 4442 3181 4505 vulnera,in
3204 4440 3418 4496 tristitia
3444 4447 3498 4494 et

1929 4535 2174 4589 molestia
2193 4542 2276 4589 est
2301 4535 2499 4595 anima,
2520 4549 2640 4604 quae
2661 4549 2768 4588 non
2794 4542 2970 4603 potest
2989 4548 3111 4589 esse
3132 4548 3326 4604 expers
3353 4532 3498 4588 dolo—

1935 4627 2034 4681 ris.
2055 4627 2190 4682 Cum
2211 4642 2340 4681 vero
2366 4628 2689 4696 voluptatem
2712 4624 2963 4696 percipit,
2987 4632 3040 4679 et
3073 4639 3104 4676 a
3131 4625 3402 4694 voluptate
3435 4625 3495 4679 ti-

1939 4721 2177 4785 tillatur;
2229 4721 2410 4774 anima
2455 4721 2616 4776 etiam
2656 4731 2836 4774 motus
2882 4718 3129 4787 corporis
3186 4717 3492 4786 participat,

1934 4819 1988 4866 et
2019 4811 2359 4868 titillationes
2394 4813 2558 4867 simul
2595 4813 2812 4883 attingit
2849 4832 2863 4867 :
2901 4828 2964 4868 ac
2995 4810 3247 4868 similiter
3273 4809 3491 4880 quidem

1933 4901 2154 4966 desinit,
2190 4903 2389 4972 accipit
2429 4919 2559 4959 vero
2599 4904 2848 4959 similiter
2881 4904 3298 4957 incrementum.
3357 4898 3492 4955 Cum

1932 4997 2134 5061 anima,
2177 4996 2432 5067 inquam,
2473 4998 2672 5052 desinit
2713 4995 3213 5068 perturbationibus
3264 4991 3488 5055 moveri,

1931 5088 2094 5142 simul
2119 5089 2319 5144 desinit
2347 5105 2569 5160 corpus,
2600 5097 2654 5144 et
2688 5089 3050 5159 conquiescit.
3081 5088 3217 5142 Cum
3245 5101 3372 5141 vero
3401 5099 3490 5139 cu-

1924 5179 2124 5250 piditas
2159 5183 2213 5236 in
2244 5183 2424 5237 anima
2446 5192 2774 5247 remoratur,
2810 5182 3208 5238 titillationibus
3237 5182 3399 5236 etiam
3432 5179 3487 5234 in

1927 5288 2157 5343 corpore
2196 5276 2507 5341 remoratis,
2563 5290 2763 5346 corpus
2803 5276 3070 5330 suavitate
3104 5271 3398 5344 perfundit,
3433 5277 3488 5325 et

1924 5367 2243 5434 inflammat;
2264 5372 2507 5440 fiuntque
2529 5370 2798 5441 mqualite.
2841 5367 3203 5432 titillationes,
3231 5376 3283 5422 et
3303 5378 3486 5436 aequa-

1928 5460 2051 5514 liter
2084 5461 2454 5516 titillationum
2483 5461 2812 5532 abjectiones
2831 5471 2885 5516 et
2914 5459 3265 5516 defectiones.
3302 5456 3358 5511 Si
3385 5471 3485 5512 au-

1928 5559 2035 5607 tem
2067 5567 2132 5608 ex
2174 5554 2465 5610 contrariis
2509 5561 2655 5611 esset
2701 5553 2884 5620 homo,
2926 5568 2989 5608 ac
3027 5565 3229 5625 corpus
3261 5549 3482 5620 quidam
