3984 6212
452 263 584 320 ηει

1541 247 1679 307 TITI
1717 244 2142 321 BOSTRENSIS
2177 242 2490 304 EPISCOPI

3532 228 3670 287 19-52

447 378 647 437 diaboli
674 384 838 444 esset,
860 375 1038 431 anima
1064 387 1194 429 vero
1221 369 1319 427 Dei
1345 388 1359 426 :
1391 368 1625 441 primum
1653 368 1872 440 quidem
1891 384 2000 425 non

2128 367 2157 421 ὲ
2179 368 2241 420 τὸ
2271 365 2456 437 ἕτερον
2481 360 2549 416 τά
2588 356 2681 413 τοῦ
2702 354 2885 429 ἐτέρου
2911 353 3015 409 οὒκ
3058 351 3125 407 ἂν
3152 349 3487 422 παρεδέχετο
3510 365 3540 444 ’Δ

447 472 592 527 facta
648 468 842 524 fuisset
876 463 1189 536 conjunctio
1232 462 1540 533 utriusque,
1588 474 1689 515 nec
1716 461 1833 530 ipsa
1879 458 2004 513 diu-

446 572 611 618 turna
643 560 826 615 mistio
864 556 1237 629 perﬁceretur.
1282 553 1562 615 Secundo,
1596 550 1845 621 quamvis
1872 549 2008 605 alte-

448 669 570 710 rum
596 652 663 707 ab
692 652 862 706 altero
882 648 1236 720 reciperetur,
1265 652 1319 700 et
1341 653 1633 713 utrumque
1660 653 1859 706 tamen,
1889 654 2010 710 quze

451 758 551 800 sua
592 748 799 806 essent,
844 739 1065 811 propria
1110 747 1164 793 et
1197 735 1408 807 privata
1441 734 1706 799 duceret;
1734 746 1852 803 quae
1881 744 2010 787 vero

450 834 693 897 alterius,
733 832 953 886 aliena:
989 838 1043 885 et
1080 842 1256 898 neque
1282 826 1528 895 voluptas
1570 824 1839 894 corporis,
1887 822 2008 877 ani-

448 942 552 981 ma:
577 925 828 995 voluptas
876 921 1066 988 ﬁeret;
1099 933 1277 990 neque
1318 918 1542 972 vulnera
1584 915 1830 985 corporis
1859 913 2012 997 dolo.-

449 1034 540 1075 res
581 1018 777 1073 animm
807 1023 1021 1079 essent;
1069 1015 1163 1071 sed
1209 1022 1501 1083 utrumque
1534 1026 1629 1081 per
1668 1025 1726 1065 se
1768 1009 2014 1079 volupta-

452 1120 584 1176 tem,
619 1120 672 1165 et
713 1109 954 1165 dolorem
993 1107 1098 1164 sibi
1137 1106 1458 1178 impertiret.
1503 1101 1787 1169 Quomodo
1831 1108 2010 1179 autem

451 1200 703 1255 diabolus
748 1199 918 1264 illinc,
960 1200 1103 1269 quod
1149 1210 1307 1251 suum
1342 1209 1450 1249 non
1481 1202 1620 1257 erat,
1665 1205 1882 1246 sumere
1913 1204 2011 1259 po-

454 1294 599 1348 tuit?
628 1291 896 1364 quomodo
925 1291 1124 1354 anima,
1158 1303 1279 1359 quae
1316 1302 1426 1341 non
1461 1293 1546 1341 est
1577 1283 1761 1354 hujus,
1791 1282 1888 1337 sed
1930 1281 2014 1335 al-

453 1388 647 1449 terius,
694 1392 749 1439 et
779 1382 985 1437 nullam
1022 1378 1402 1434 admistionem
1436 1376 1555 1446 ejus
1592 1374 1776 1440 habet,
1808 1373 1903 1428 sed
1931 1379 2014 1427 est

452 1477 681 1533 alterius
706 1474 1043 1537 substantiae,
1070 1479 1124 1528 et
1152 1469 1467 1546 substantiae
1495 1467 1719 1522 omnino
1744 1480 1774 1518 a
1798 1465 2014 1521 diabolo

452 1568 676 1633 alienae;
729 1564 1020 1637 quomodo,
1071 1563 1310 1633 inquam,
1346 1559 1402 1614 in
1454 1557 1646 1612 alienis
1671 1562 1725 1611 et
1774 1555 2015 1611 externis

452 1658 582 1713 est?
623 1664 678 1713 et
731 1654 1110 1711 admistionem
1168 1648 1417 1720 corporis
1482 1644 1685 1701 diaboli
1753 1652 2013 1713 tanquam

2104 459 2359 531 ἑκάτερον
2409 457 2517 510 ἴδια
2568 452 2667 525 μὲν
2721 449 2791 504 τὰ
2818 445 3036 512 ἐαυτοῦ,
3074 445 3329 518 ἀλλότρια
3366 443 3430 497 δὲ
3482 441 3555 496 τὰ
3580 441 3669 495 τοῦ

2104 550 2289 622 ἐτέρου
2340 545 2613 616 ἐλογίζετο
2632 560 2645 573 ε
2684 540 2779 596 καὶ
2808 538 2933 594 οὔτε
2975 540 3010 610 ἡ
3051 536 3210 610 ἡδονὴ
3266 535 3376 591 τῶν
3406 535 3670 605 σωμάτων

2103 642 2265 714 ἡδονὴ
2292 640 2466 712 ψυχῆς
2501 637 2764 707 ἐγίγνετο,
2795 631 2919 688 οὔτε
2945 631 3013 686 τὰ
3035 631 3323 703 τραύματα
3355 629 3465 683 τῶν
3490 628 3672 700 σωμά-

2104 752 2211 788 των
2243 731 2529 804 ἀλγηδόνες
2555 729 2734 801 ψυχῆς
2769 727 3039 797 ἐγίγνοντο
3062 739 3076 753 ⁸
3111 723 3224 777 ἀλλ’
3251 721 3516 794 «sub:st
3542 721 3671 775 καθ’

2107 824 2282 889 ἐαυτδ,
2303 825 2395 879 καὶ
2422 823 2519 896 τὴν
2547 822 2739 893 ἡδονὴν
2769 818 2962 889 ἐαυτῷ,
2992 817 3087 872 καὶ
3116 816 3184 871 τά
3220 814 3507 887 τραύματα
3540 816 3670 883 ἐμε-

2111 915 2307 987 ρίζετο.
2360 913 2483 978 Πῶς
2511 913 2568 967 δὲ
2602 912 2695 967 καὶ
2739 914 2768 966 6
2792 909 3035 973 διάϐολος
3075 909 3261 978 ἴσχυσε
3316 907 3383 959 τὸ
3432 905 3503 975 μὴ
3540 905 3668 958 iam

2110 1007 2317 1061 ἐκεῖθεν
2353 1007 2574 1072 λαϐεῖν;
2605 1005 2719 1069 πῶς
2744 1003 2800 1056 δὲ
2828 1003 2920 1055 καὶ
2943 1003 2977 1072 ἡ
3002 1000 3147 1071 ψυχὴ
3178 1000 3252 1070 μὴ
3292 997 3489 1051 τούτου
3520 992 3674 1061 οὖσα,

2110 1099 2243 1154 ἀλλὰ
2285 1098 2443 1153 ἄλλον
2498 1092 2652 1163 οὖσα,
2698 1096 2791 1149 καὶ
2836 1093 3103 1167 μηδεμίαν
3162 1092 3444 1163 ἐπιμιξίαν
3486 1091 3681 1160 ἔχουσα

2110 1191 2246 1263 πρὸς
2289 1189 2348 1243 τὸ
2404 1189 2598 1261 χωρίον
2644 1188 2821 1251 τοῦτο,
2852 1188 2965 1242 ἀλλ’
2986 1183 3118 1241 οὖσα
3151 1186 3339 1258 ἑτέρας
3372 1183 3570 1246 οὐσίας
3590 1184 3682 1237 καὶ

2112 1284 2286 1353 πάντη
2343 1280 2775 1352 ὴλλοτριωμένης
2810 1280 2910 1349 τῆς
2953 1279 3136 1343 οὐσίας
3178 1276 3272 1331 τοῦ
3324 1274 3591 1346 πονηροῦ,
3627 1274 3684 1326 ἐν

2110 1379 2223 1440 ⁸ιιοῖς
2249 1373 2545 1446 ἀλλοτρίοις
2578 1374 2696 1427 ἐστὶ
2721 1373 2815 1426 καὶ
2844 1373 3046 1438 ξένοις;
3072 1372 3162 1426 καὶ
3188 1370 3285 1442 τὴν
3307 1368 3404 1423 τοῦ
3432 1367 3685 1439 σώματος

2114 1463 2389 1537 ἐπιμιξίαν
2420 1462 2572 1538 φέρει
2618 1462 2814 1534 δεσμὸν
2844 1460 3097 1534 πονηροῦ,
3134 1462 3227 1516 καὶ
3257 1459 3466 1513 δέδεται
3494 1457 3597 1510 οὐκ
3623 1457 3684 1509 ἐν

2118 1557 2264 1628 ialm;
2294 1556 2387 1609 καὶ
2439 1554 2769 1608 ίδιοποιείται
2807 1553 2902 1627 τὴν
2941 1554 3138 1625 σάρκα,
3183 1551 3280 1607 καὶ
3320 1551 3481 1619 ἁγίαν
3508 1550 3685 1620 αὐτὴν

2116 1651 2275 1715 ποιεῖ,
2309 1648 2401 1700 καὶ
2433 1646 2566 1719 πρὸς
2587 1646 2784 1718 ἀρετὴν
2807 1645 2974 1717 αὐτὴν
2991 1642 3416 1716 παρασκευάζει,
3445 1642 3521 1704 ὡς
3570 1643 3683 1709 ἀφ-

452 1749 737 1806 vinculum
776 1747 979 1818 patitur
1025 1752 1078 1799 et
1119 1718 1334 1804 tolerat,
1385 1748 1440 1796 et
1471 1740 1635 1809 ligata
1681 1744 1765 1793 est
1817 1737 1875 1791 in
1905 1751 2014 1790 non

2128 1739 2428 1812 ομοιοῦσθαι
2462 1738 2600 1792 κατά
2628 1738 2688 1791 τὸ
2719 1737 2937 1793 δυνατὸν
2967 1736 3046 1808 τῷ
3078 1736 3342 1808 κρείττονι
3365 1751 3384 1794 ς
3408 1736 3532 1788 ὅταν
3564 1731 3687 1804 γὰρ

455 1840 604 1897 suo?
653 1834 922 1908 quomodo
972 1847 1193 1889 carnem
1237 1829 1508 1902 prOpriam
1563 1841 1686 1883 esse
1731 1825 1901 1890 ducit,
1959 1830 2015 1878 et

2128 1831 2279 1903 ίγνδν
2384 1831 2479 1885 καὶ
2502 1831 2816 1904 ἀῤῥύπαρον
2846 1831 2938 1884 καὶ
2963 1828 3289 1902 ἀκηλίδωτον
3308 1867 3326 1894 ,
3361 1828 3491 1880 ὅταν
3529 1825 3687 1894 ἆγιον

455 1942 700 1992 sanctam
742 1930 873 1986 facit
898 1939 1059 1998 atque
1084 1940 1201 1982 eam
1236 1923 1303 1978 ad
1334 1922 1589 1977 virtutem
1627 1926 1916 1989 praeparat,
1958 1924 2017 1971 ut

2128 1919 2151 1998 ᾗ
2185 1922 2277 1977 καὶ
2299 1922 2513 1994 σεμνὸν,
2542 1922 2666 1976 ὃταν
2692 1922 2851 1990 ἁγίας
2870 1920 2968 1995 ἔχῃ
2993 1921 3092 1985 τάς
3106 1919 3310 1987 λαλιὰς,
3329 1920 3462 1974 ὅταν
3502 1916 3690 1984 δεξιὰς

455 2025 641 2098 quoad
693 2022 809 2079 ﬁeri
873 2026 1073 2093 potest,
1132 2015 1366 2072 similem
1416 2012 1530 2068 Deo
1587 2010 1820 2067 eﬂiciat?
1879 2007 2016 2064 Cum

2128 2013 2216 2088 ἔχῃ
2266 2013 2363 2077 τὰς
2394 2013 2623 2085 βλέψεις,
2679 2015 2806 2068 ὅταν
2840 2013 2988 2078 θείας
3037 2014 3139 2086 έχῃ
3179 2017 3276 2076 τὰς
3316 2013 3595 2082 κινήσεις·
3632 2010 3694 2064 τί

457 2119 605 2175 enim
641 2129 839 2186 corpus
870 2118 1083 2167 castum
1109 2115 1215 2173 est,
1246 2115 1300 2162 et
1330 2120 1437 2161 non
1469 2102 1804 2161 sordidatum
1840 2115 2019 2170 neque

2128 2105 2322 2177 ἕτερον,
2351 2107 2385 2177 ἢ
2412 2105 2803 2177 ἀφομοιοῦσθαι
2839 2104 2918 2177 τῷ
2963 2106 3271 2176 κρείττονις
3323 2104 3419 2157 καὶ
3462 2102 3693 2167 ἐξεικά-

456 2207 838 2276 maculatum;
878 2217 1003 2257 cum
1042 2210 1291 2256 sanctum
1337 2204 1421 2253 est
1466 2202 1520 2251 et
1550 2194 1864 2260 honestum,
1890 2206 2016 2246 cum

2128 2197 2265 2264 ἵεται
2293 2198 2372 2270 τῷ
2403 2199 2572 2270 καλῷ,
2599 2200 2692 2253 καὶ
2743 2199 3003 2272 ἀναφέρει
3036 2200 3355 2273 χαρακτῆρα
3383 2198 3481 2252 τοῦ
3513 2198 3697 2269 κρείτ·

459 2314 641 2357 sermo
665 2297 783 2369 ejus
811 2303 1036 2353 sanctus
1060 2300 1114 2348 et
1143 2298 1347 2355 rectus,
1378 2302 1502 2343 cum
1536 2292 1788 2355 aspectus
1805 2283 2011 2354 justus,

2128 2306 2266 2355 τονος
2289 2290 2397 2362 (65)
2421 2307 2437 2357 ;
2471 2292 2582 2345 Kal
2610 2290 2780 2346 ταῦτα
2806 2290 2904 2362 μὲν
2934 2290 3109 2355 οὕτως
3140 2290 3403 2362 εἰρήσθω.

458 2408 586 2449 cum
628 2399 809 2448 motus
857 2389 978 2463 ejus
1020 2385 1192 2444 divini
1226 2392 1396 2442 sunt:
1429 2384 1560 2455 quid
1604 2380 1750 2437 aliud
1792 2386 1879 2437 est
1923 2379 2027 2435 hoc
2065 2398 2229 2453 quam
2285 2387 2514 2443 similem
2571 2402 2696 2443 esse
2740 2385 2895 2445 Deo?
2935 2387 3014 2443 Ac
3057 2387 3126 2444 de
3167 2387 3253 2444 his
3307 2386 3535 2458 quidem
3580 2385 3693 2440 hac

459 2487 606 2544 dicta
632 2488 762 2543 sint.

978 2599 1106 2656 Car.
1140 2598 1330 2655 XVIII.
1359 2598 1647 2669 Scriptura:
1681 2601 1981 2656 testimonia
2014 2599 2079 2654 de
2111 2597 2376 2653 creatione
2407 2596 2640 2667 corporis
2676 2603 2725 2651 et
2761 2595 2952 2650 animo:
2977 2612 3010 2650 α
3036 2594 3166 2653 Deo.

533 2718 712 2774 Pauca
752 2726 935 2773 autem
980 2732 1047 2772 ex
1070 2715 1372 2787 Scripturis
1420 2731 1778 2788 apponamus,
1821 2726 1882 2774 ut
1926 2735 2024 2790 ap-

2211 2715 2398 2784 Ὀλίγα
2430 2714 2487 2768 δὲ
2524 2715 2619 2769 καὶ
2662 2713 2768 2770 τῶν
2806 2713 3001 2783 λογίων
3041 2713 3439 2787 πειραθῶμεθα,
3477 2715 3563 2770 ἴνα
3592 2718 3692 2772 καὶ

462 2808 664 2882 positio
712 2806 1122 2877 Scripturarum
1177 2807 1303 2861 illos
1354 2806 1423 2860 ad
1469 2807 1905 2863 erubescendum
1963 2825 2024 2865 se

2128 2809 2161 2880 ἡ
2199 2807 2308 2861 τῶν
2355 2805 2550 2876 λογίων
2604 2806 2906 2879 παράθεσις
2964 2807 3228 2879 ἐντροπὴν
3287 2808 3389 2880 μὲν
3442 2810 3694 2874 ἐκείνοις,

463 2900 670 2972 adigat,
702 2906 755 2954 et
779 2898 939 2954 nobis
962 2897 1123 2953 ﬁdem
1163 2897 1422 2967 majorem
1454 2899 1728 2955 conciliet.
1774 2898 2025 2956 Salvator

2128 2899 2260 2970 ἡμῖν
2297 2898 2354 2952 δὲ
2387 2898 2618 2962 πίστεως
2666 2898 2948 2970 ἀκρίϐειαν
2993 2899 3213 2972 ποιήσῃ.
3264 2899 3321 2952 ὐ
3365 2900 3477 2972 γάρ
3506 2900 3698 2972 Σωτὴρ

464 2989 610 3046 enim
633 3003 757 3043 cum
791 2988 847 3042 in
875 2985 1172 3057 Evangelio
1201 2988 1269 3041 de
1303 2985 1631 3042 formatione
1656 2988 1760 3043 viri
1800 2995 1856 3044 et
1901 3004 2023 3043 mu-

2129 2990 2187 3043 ὲν
2214 2989 2292 3062 τῷ
2342 2989 2657 3061 Εὐαγγελίῳ
2702 2991 2802 3060 τῆς
2846 2990 3093 3054 πλάσεως
3127 2991 3471 3063 μεμνημένος
3498 2993 3699 3065 ἀνδρὸς

464 3081 619 3137 lieris
662 3079 929 3144 meminit,
978 3078 1363 3135 formationem
1412 3080 1481 3135 ad
1517 3078 1741 3137 Patrem
1785 3082 1942 3139 suum
1974 3089 2029 3138 et

2129 3081 2222 3136 καὶ
2273 3082 2557 3151 γυναικὸς,
2617 3082 2711 3136 καὶ
2760 3081 2860 3154 τὴν
2896 3082 3090 3137 πλάσιν
3137 3083 3416 3155 ἀναφέρων
3458 3084 3558 3137 ἐπὶ
3596 3085 3700 3138 τὸν

466 3173 808 3230 conditorem
838 3172 1086 3229 universi
1117 3171 1385 3236 referens,
1419 3173 1598 3228 aiebat
1624 3193 1638 3229 :
1666 3174 1771 3241 Qui
1794 3175 1914 3244 fecit
1945 3175 2030 3230 Ιιυ⁴

2130 3172 2322 3227 ἑαυτοῦ
2375 3172 2597 3244 Πατέρα
2650 3173 2746 3228 καὶ
2788 3173 3016 3246 ποιητὴν
3064 3174 3160 3228 τοῦ
3207 3175 3418 3240 παντὸς,
3460 3175 3654 3243 ἔλεγεν
3678 3194 3695 3207 ·

465 3266 661 3323 minem
707 3265 772 3320 ab
811 3265 982 3330 initio,
1028 3264 1323 3319 masculum
1353 3274 1404 3320 et
1447 3265 1696 3335 feminam
1743 3267 1866 3336 fecit
1907 3282 2031 3332 eos;

466 3369 518 3417 τι
544 3360 721 3415 dixit:
747 3359 970 3428 Propter
1017 3358 1114 3413 hoc
1156 3358 1410 3430 relinquet
1451 3358 1603 3413 homo
1635 3368 1838 3429 patrem
1879 3377 2031 3415 suum

466 3461 517 3509 at
551 3461 773 3506 matrem
804 3467 978 3515 suam,
1009 3459 1060 3504 et
1107 3450 1393 3505 adhaerebit
1433 3452 1589 3506 uxori
1630 3468 1763 3517 sum,
1793 3462 1841 3507 et
1879 3462 2034 3507 erunt

467 3546 573 3603 duo
593 3546 648 3600 in
678 3561 892 3600 carnem
924 3561 1084 3599 unam
1108 3560 1126 3599 :
1148 3546 1322 3615 itaque
1343 3544 1463 3614 jam
1491 3561 1595 3599 non
1626 3555 1749 3600 sunt
1792 3544 1918 3611 duo,
1941 3545 2034 3601 sed

468 3652 577 3692 una
597 3653 742 3691 caro.
784 3634 935 3702 Quod
967 3651 1089 3706 ergo
1125 3633 1269 3688 Deus
1309 3634 1605 3702 conjunxit,
1641 3635 1793 3688 homo
1819 3651 1924 3688 non
1953 3650 2032 3688 se-

468 3736 619 3797 paret
640 3729 684 3784 ³.
716 3727 877 3781 Novit
910 3724 1070 3795 cujus
1122 3734 1269 3780 esset
1297 3739 1498 3796 corpus
1538 3732 1592 3780 et
1632 3724 1789 3795 cujus
1823 3724 2032 3788 anima,

470 3816 782 3874 conﬁtendo
827 3824 1106 3872 auctorem
1149 3816 1455 3887 utriusque,
1488 3824 1543 3871 et
1592 3816 1808 3871 Patrem
1857 3815 2035 3870 conii-

471 3912 672 3978 tendo;
703 3917 758 3965 et
790 3910 985 3966 retinet
1015 3925 1079 3964 ac
1107 3908 1326 3965 cohibet
1354 3909 1623 3964 humanas
1656 3908 2034 3979 cogitationes,

473 4002 688 4066 volens,
727 4007 786 4054 ut
834 4015 944 4056 non
994 4000 1210 4071 possint
1247 3998 1486 4071 disjungi
1530 4015 1651 4071 quae
1692 3999 1839 4055 facta
1871 4007 2036 4068 sunt;

474 4109 587 4150 non
609 4093 936 4157 concedens,
961 4099 1021 4146 ut
1053 4092 1162 4147 ulla
1188 4092 1425 4147 humana
1455 4092 1724 4149 sententia
1753 4106 1817 4146 ac
1844 4093 2040 4148 volun-

436 4188 609 4250 ‘tate,
654 4200 778 4256 qua:
826 4185 964 4239 bene
1022 4190 1208 4254 aptata
1256 4192 1405 4247 sunt,
1455 4198 1710 4251 separare
1755 4184 1935 4241 liceat.
1974 4187 2039 4238 in

474 4276 771 4347 Evangelio
817 4283 999 4330 autem
1051 4275 1121 4331 iis
1171 4274 1264 4346 qui
1300 4274 1440 4331 falso
1482 4276 1806 4330 videbantur
1846 4276 2039 4332 eodem

2141 3266 2205 3320 '0
2252 3265 2466 3332 κτίσας
2497 3264 2598 3319 ἀπ’
2627 3264 2841 3335 ἀρχῆς,
2881 3264 3069 3334 ἄρσεν
3095 3266 3193 3321 καί
3225 3266 3380 3337 θῆλυ
3409 3266 3703 3336 ἐποίησεν

2131 3358 2352 3426 αὐτούς
2375 3375 2390 3389 ο
2438 3357 2535 3412 καὶ
2582 3353 2786 3411 εἶπεν·
2821 3357 3069 3413 Ἕνεκεν
3106 3361 3323 3415 τούτου
3350 3363 3703 3430 καταλείψει

2133 3450 2442 3520 ἄνθρωπος
2490 3450 2598 3504 τὸν
2646 3449 2870 3518 πατέρα
2916 3451 3102 3505 αὐτοῦ
3135 3451 3234 3505 καί
3288 3452 3404 3522 τὴν
3435 3452 3664 3523 μητέρα
3686 3469 3703 3485 ’

2135 3544 2234 3597 καὶ
2290 3540 2890 3613 προσκολληθήσεται
2922 3540 2999 3610 τῇ
3051 3543 3286 3613 γυναικί
3340 3543 3528 3598 αὑτοῦ
3547 3562 3560 3575 ο
3606 3545 3705 3598 καὶ

2135 3638 2377 3692 ἔσονται
2392 3640 2444 3691 οἱ
2459 3636 2567 3690 δύο
2587 3638 2675 3703 εις
2701 3633 2898 3704 σάρκα
2913 3635 3080 3705 μίαν.
3104 3638 3165 3689 Ὃ
3192 3632 3309 3692 οὖν
3335 3640 3368 3691 ό
3397 3637 3543 3703 Θεὸς
3557 3654 3708 3693 συν-

2134 3728 2393 3794 έζευξεν,
2425 3725 2740 3797 ἄνθρωπος
2762 3724 2847 3796 μὴ
2872 3724 3172 3795 χωριζέτω.
3207 3727 3318 3780 Καὶ
3344 3727 3438 3781 τὸν
3465 3728 3591 3799 ὅρον
3613 3726 3710 3780 τοῦ

2141 3820 2391 3893 σώματος
2422 3819 2517 3874 καὶ
2563 3818 2666 3890 τῆς
2693 3818 2871 3889 ψυχῆς
2914 3820 3083 3871 αἴτιον
3112 3818 3411 3889 ὁμολογῶν,
3449 3814 3583 3883 οἶδε,
3614 3819 3714 3873 καὶ

2139 3913 2358 3986 Πατέρα
2386 3912 2667 3983 ὁμολογεῖ·
2703 3911 2798 3963 καὶ¹
2843 3909 3029 3980 ἐπέχει
3061 3910 3161 3975 τὰς
3206 3910 3545 3982 ἀνθρωπίνας
3582 3912 3714 3964 ἐπι-

2139 4002 2308 4068 νοίας,
2339 4000 2616 4073 ἁχὼριστα
2666 3995 2806 4053 εἶναι
2856 4000 2927 4053 τὰ
2978 3999 3319 4072 πεποιημένα
3360 3999 3705 4071 βουλόμενος,

2140 4096 2235 4151 καὶ
2282 4096 2357 4166 μὴ
2412 4092 2724 4171 ἀνθρωπίνῃ
2767 4091 2957 4165 γνώμῃ
3003 4092 3257 4166 χωρίζειν
3295 4093 3359 4148 τά
3390 4092 3567 4155 καλῶς
3593 4092 3708 4164 ἠρ-

2145 4188 2389 4262 μοσμένα
2420 4185 2749 4258 ἐπιτρέπων.
2798 4186 2885 4239 Ἐν
2930 4186 2986 4238 δὲ
3016 4184 3093 4257 τῷ
3123 4184 3427 4255 Εὐαγγελίῳ
3467 4185 3581 4249 τοῖς
3611 4184 3709 4238 δο-

2145 4282 2302 4354 κήσει
2348 4280 2447 4352 τῆς
2483 4279 2652 4350 αὐτῆς
2702 4278 3015 4351 ἐπιμελείας
3057 4278 3367 4350 ἐχομένοις,
3409 4277 3717 4349 ἠμεληκόσι

474 4368 657 4426 studio
690 4375 744 4423 et
787 4381 920 4422 cura
953 4368 1150 4432 teneri,
1181 4367 1396 4423 occulta
1427 4374 1608 4422 tamen
1641 4375 1695 4423 et
1720 4384 1841 4438 qua:
1888 4370 2030 4425 intus

2144 4374 2202 4428 δὲ
2234 4373 2343 4427 τῶν
2375 4370 2633 4444 κρυπτῶν
2677 4371 2773 4425 καὶ
2811 4371 2911 4442 τῆς
2949 4371 3095 4425 ἔνδον
3129 4370 3469 4443 ἐπιμελείας,
3515 4370 3713 4442 φησίν·

475 4468 634 4518 erant
664 4459 719 4513 in
744 4458 985 4524 homine,
1019 4458 1382 4529 negligebant,
1413 4458 1588 4513 aiebat
1617 4477 1630 4512 :
1661 4457 1846 4524 Stulti,
1868 4475 2039 4514 nonne

472 4552 562 4623 qui
582 4550 701 4621 fecit
729 4550 865 4620 quod
889 4549 1023 4619 foris
1045 4561 1143 4614 est,
1166 4548 1303 4620 quod
1330 4551 1470 4603 intus
1491 4559 1590 4614 est,
1617 4550 1738 4620 fecit
1762 4551 1821 4605 ’?
1853 4549 1909 4607 Si
1938 4566 2040 4606 au-

474 4649 607 4707 tem,
639 4641 784 4711 quod
818 4640 967 4696 intus
996 4647 1102 4705 est,
1127 4640 1315 4695 anima
1343 4650 1459 4708 est;
1493 4642 1634 4712 quod
1666 4650 1844 4697 autem
1878 4641 2038 4708 foris,

476 4746 712 4805 corpus;
744 4742 798 4790 et
825 4734 917 4805 qui
955 4733 1081 4788 fecit
1108 4733 1256 4804 quod
1284 4734 1432 4789 intus
1465 4743 1574 4798 est,
1608 4735 1847 4790 animam
1874 4735 2039 4802 fecit;

476 4831 531 4881 et
576 4824 670 4895 qui
705 4823 834 4879 fecit
882 4824 1026 4897 quod
1064 4823 1206 4880 foris
1254 4830 1360 4891 est,
1420 4833 1620 4895 carpus
1666 4824 1795 4880 fecit
1821 4843 1836 4880 :
1865 4826 2041 4896 igitur

477 4916 571 4988 qui
598 4922 682 4971 est
720 4915 917 4971 animae
962 4922 1154 4970 auctor
1195 4922 1249 4970 et
1275 4914 1519 4980 effector,
1550 4916 1796 4987 corporis
1841 4924 2035 4972 auctor

476 5021 532 5068 et
558 5010 779 5068 effector
809 5020 894 5069 est
923 5032 935 5068 :
965 5020 1018 5068 et
1048 5010 1190 5067 Deus
1226 5021 1333 5075 est,
1369 5013 1462 5082 qui
1494 5019 1787 5083 utrumque
1826 5012 1959 5067 fecit
1985 5021 2040 5069 et

478 5104 684 5176 aptavit
721 5112 776 5160 et
817 5104 1132 5177 conjunxit,
1174 5103 1268 5175 qui
1298 5103 1440 5159 hanc
1474 5104 1812 5160 harmoniam
1842 5104 2044 5160 decen-

476 5198 744 5255 ‘issimam
774 5198 1187 5270 coagmentavit.
1216 5197 1338 5267 Ipse
1367 5207 1549 5254 autem
1583 5196 1832 5254 Salvator
1866 5212 2038 5268 quam

481 5292 881 5348 accurationem
907 5291 1121 5363 corpori
1159 5290 1216 5344 in
1249 5291 1591 5347 sermonibus
1618 5291 1734 5348 suis
1764 5291 2038 5359 adhibet,

612 5447 798 5504 Matth.
837 5465 962 5514 nx,
997 5448 1113 5504 4-6.
1192 5447 1214 5480 ³
1249 5446 1389 5503 Luc.
1431 5464 1519 5513 χι,
1553 5446 1646 5503 40.

2151 4467 2460 4535 Ἀφρονες,
2504 4464 2616 4532 οὐχ
2646 4466 2680 4517 ό
2720 4463 2980 4531 ποιήσας
3011 4463 3077 4518 τὸ
3120 4464 3343 4529 ἔξωθεν
3381 4465 3482 4518 καὶ
3514 4463 3581 4517 τὸ
3621 4465 3719 4518 ἕν-

2147 4556 2322 4611 δοθεν
2361 4555 2684 4624 ἐποίησεν;
2726 4557 2791 4609 Εἰ
2846 4555 2904 4609 δὲ
2956 4555 3018 4608 τὸ
3077 4557 3174 4627 μὲν
3233 4554 3437 4609 έσωθέν
3484 4558 3633 4609 ἐστιν
3682 4557 3717 4627 ἠ

2145 4646 2312 4719 ψυχὴ,
2341 4646 2401 4701 τὸ
2426 4646 2484 4699 δὲ
2512 4645 2709 4710 ἔξωθεν
2750 4646 2810 4699 τὸ
2837 4644 3016 4715 σῶμα,
3047 4648 3142 4701 καὶ
3185 4649 3213 4701 6
3244 4647 3477 4716 ποιήσας
3519 4646 3583 4699 τὸ
3613 4646 3721 4699 ἔσω

2145 4738 2244 4811 τὴν
2272 4736 2447 4809 ψυχὴν
2475 4738 2758 4805 πεποίηκε,
2785 4738 2879 4792 καὶ
2912 4739 2940 4790 6
2968 4739 3199 4810 ποιήσας
3229 4738 3289 4791 τὸ
3334 4737 3438 4802 ἔξω
3468 4737 3533 4790 τὸ
3563 4737 3721 4808 σῶμα

2147 4831 2473 4902 πεποίηκεν·
2517 4833 2547 4884 6
2589 4830 2768 4901 ψυχῆς
2813 4830 3040 4903 ποιητὴς
3091 4832 3187 4885 καὶ
3239 4829 3490 4901 σώματος
3522 4829 3592 4884 ἂν
3637 4828 3721 4902 εἴη

2141 4924 2369 4995 ποιητής
2389 4940 2402 4954 ’
2439 4922 2534 4977 καὶ⁸
2560 4922 2692 4986 Θεός
2724 4924 2873 4977 ἐστιν
2905 4924 2935 4976 6
2960 4922 3247 4993 ἀμφότερα
3285 4922 3455 4977 ποιῶν
3496 4922 3597 4975 καὶ
3619 4924 3722 4993 ἁρ-

2145 5015 2324 5084 μόζων
2371 5015 2467 5068 καὶ
2516 5013 2820 5081 συνάπτων,
2848 5016 2877 5069 6
2926 5014 3025 5085 τὴν
3058 5014 3321 5086 ἁρμονίαν
3365 5014 3578 5085 ταύτην
3626 5015 3722 5086 τὴν

2143 5108 2642 5179 ίεροπρεπεστάτην
2677 5108 3043 5181 ἡρμοσμένος.
3075 5108 3246 5172 Αὐτὸς
3292 5107 3348 5162 δὲ
3378 5110 3409 5162 6
3439 5107 3635 5179 Σωτὴρ
3667 5108 3723 5159 ἐν

2140 5202 2259 5264 ταῖς
2286 5200 2480 5254 ἑαυτοῦ
2526 5200 2823 5268 διαλέξεσιν
2863 5202 2983 5255 οἵαν
3016 5200 3336 5272 ἐπιμέλειαν
3366 5203 3606 5255 ποιεῖται
3630 5199 3720 5252 τοῦ

2144 5290 2393 5365 σώματος
2414 5332 2431 5357 ,
2463 5294 2591 5348 ὅταν
2622 5293 2759 5367 λέγῃ
2777 5311 2790 5324 ·
2820 5293 2995 5349 Εἰσὶν
3026 5293 3329 5363 εὐνοῦχοι,
3362 5294 3587 5361 οἵτινες
3629 5295 3720 5348 εὑ-

549 5626 660 5703 (63)
700 5630 807 5685 Καὶ
851 5633 1007 5697 ἐξ....
1040 5631 1396 5699 κρείττονος.
1440 5628 1566 5687 Haec
1618 5628 1801 5686 omisit
1848 5627 2145 5699 interpres.
