2011 3104
183 156 254 183 1255

707 155 891 183 ADVERSUS
906 155 1120 184 MANICHIEOS
1138 155 1202 184 LIB.
1224 155 1265 184 ΙΙΙ.

1720 157 1788 185 1256

181 214 330 248 νούχισαν
343 212 469 244 ἑαυτοὺς
488 212 535 239 διὰ
550 213 606 246 τὴν
616 214 780 245 βασιλείαν
796 213 855 240 τῶν
877 215 954 247 οἰιρα-

1014 221 1076 241 cum
1091 214 1128 241 ait
1145 224 1150 241 :
1165 213 1231 241 Sunt
1244 213 1365 246 eunuchi,
1383 214 1427 248 qui
1446 222 1473 241 se
1490 219 1669 242 castrat-erunt
1686 221 1790 250 propter

180 260 252 287 νῶν.
275 259 305 285 '0
322 257 488 292 δυνάμενος
502 259 607 292 χωρεῖν
622 259 768 293 χωρείτω]
782 259 888 294 Ταύτην
906 259 960 295 γὰρ

179 305 338 340 ἐπιμέλειαν
354 303 392 338 τῷ
413 302 518 338 σώματι
539 304 723 336 ἀποδεδωκὼς,
742 304 788 330 καὶ
804 304 880 338 ἅγιον
895 304 960 330 αὐτὸ

179 350 227 376 καὶ
243 349 358 381 ἀπαθὲς,
376 350 421 376 καὶ
437 349 560 384 ἀνήδονον
576 350 800 384 παρασκευάζων,
813 350 859 375 καὶ
871 350 959 376 πᾶσαν

179 395 326 431 ἐπιθυμίαν
341 395 498 430 ὑποτέμνων
516 395 562 422 καὶ
578 396 729 431 ὺποκείρων
749 395 787 430 τῷ
804 395 884 429 λόγῳ,
910 395 958 431 τὴν

179 441 247 477 πρὸς
271 440 302 467 τὸ
326 440 403 474 σῶμα
428 440 583 475 ἐπιμέλειαν
606 440 733 472 δείκνυσι,
751 441 798 467 καὶ
821 441 870 476 τὴν
891 440 959 475 πρὸς

179 486 228 522 τὴν
254 486 342 522 σάρκα
363 486 523 521 κηδεμονίαν
538 487 664 521 σημαίνει
676 495 682 502 ·
700 486 846 521 κηδόμενος
868 486 896 512 δὲ
914 486 959 512 καὶ

180 531 330 568 φροντίζων
347 532 395 567 τὴν
408 532 523 567 ἰδιότητα
539 533 571 558 ἐκ
584 533 633 567 τῆς
646 532 807 567 κηδεμονίας
819 531 957 567 κηρύττει,

181 578 261 613 μέχρι
283 577 330 603 τοῦ
356 577 510 612 βλέμματος
527 577 649 612 φθάνων·
667 578 709 604 ἵνα
725 577 762 612 μὴ
783 577 813 603 τὸ
839 576 956 611 βλέμμα,

179 623 217 655 ὡς
235 623 312 658 ἔτυχε
335 623 501 658 κινούμενον,
517 624 652 658 ῥυπαρίας
670 623 715 649 καὶ
733 622 839 658 κηλίδος
852 623 955 657 ἐμπιμ-

179 673 289 708 πλῆται,
307 669 374 696 ἀλλὰ
390 669 438 705 τὴν
456 669 561 696 εὔτονον
585 669 645 703 ἔχον
661 669 765 701 κίνησιν
786 667 957 704 ἡρμοσμένον

177 717 284 752 διατελῇ
295 725 301 731 ’
324 716 397 749 λέγει
411 715 465 750 γὰρ
481 716 509 741 έν
523 714 561 749 τῷ
580 713 737 748 Εὑαγγελίῳ
747 722 753 728 ·
773 712 836 745 Πᾶς
856 714 871 739 ό
884 712 957 744 ,ϐλέ-

177 771 241 789 πων
266 761 393 796 γυναῖκα
417 760 490 794 πρὸς
517 760 550 787 τὸ
575 759 754 793 ἐπιθυμῆσαι
781 758 876 792 αὐτῆς
898 758 955 792 ἤδη

176 807 355 842 ἐμοίχευσεν
370 806 466 840 αὐτὴν
481 806 515 832 ἐν
537 804 574 839 τῇ
600 805 705 839 καρδίᾳ
720 804 824 831 αὐτοῦ.
850 803 904 829 Καὶ
926 803 957 829 τὸ

177 854 206 880 ἐν
221 852 259 889 τῷ
276 852 379 887 σώματι
397 852 478 883 πάθος
499 852 531 886 τῇ
554 851 650 886 καρδίᾳ
666 849 825 885 συμμετρεῖ,
846 849 892 875 καὶ
908 848 954 874 τοῦ

1013 267 1118 293 regnum
1132 259 1265 285 caelorum.
1283 259 1335 292 Qui
1350 260 1445 293 poterit
1456 268 1557 294 capere,
1570 261 1656 294 capiat
1666 261 1691 287 δί
1706 261 1790 289 Adhi-

1012 304 1078 331 bens
1089 305 1160 331 enim
1177 305 1248 331 hanc
1260 304 1429 340 diligentiam
1448 309 1474 332 et
1488 305 1607 332 studium
1629 306 1746 341 corpori,
1763 309 1788 334 et

1012 348 1130 376 eﬁieiens
1144 349 1233 384 ipsum
1252 354 1375 377 sanctum
1390 353 1416 377 et
1431 351 1680 384 perturbationibus
1696 359 1727 377 ac
1743 359 1788 379 vo-

1012 394 1162 429 luptatibus
1180 402 1308 426 vacuum,
1334 399 1361 423 et
1381 403 1487 423 omnem
1509 396 1684 431 cupiditatem
1706 398 1789 425 verbo

1012 443 1157 474 amputans
1180 445 1207 467 et
1230 440 1395 473 detondcns;
1420 442 1640 476 procurationem
1665 444 1788 478 corporis

1012 483 1192 516 demonstrat.
1216 491 1243 512 ct
1257 493 1351 513 curam
1371 487 1463 514 carnis
1477 488 1617 522 providam
1640 488 1786 524 signiﬁcat.

1012 528 1199 559 Sollicitudine
1216 537 1304 559 autem
1330 536 1357 559 et
1372 534 1544 561 aceuratione
1552 542 1627 561 suam
1642 543 1702 563 esse
1717 544 1786 570 pra:-

1011 575 1094 608 dicat,
1111 577 1289 612 progrediens
1302 585 1388 613 usque
1402 578 1434 605 ad
1449 587 1542 606 curam
1556 585 1699 615 aspectus;
1714 589 1747 609 ne
1763 582 1786 609 si

1011 627 1138 656 aspectus
1150 622 1262 650 fortuito
1275 631 1306 650 ac
1322 628 1423 652 temere
1439 630 1589 658 moveatur,
1603 627 1675 654 omni
1691 628 1750 655 labe
1759 632 1787 656 et

1010 669 1117 696 macula
1137 669 1297 703 impleatur;
1316 671 1439 705 quinimo
1461 671 1483 698 si
1504 676 1661 700 constanter
1678 678 1705 701 et
1728 682 1786 709 gra-

1009 714 1079 741 viter
1093 715 1190 747 cietur,
1207 715 1234 741 in
1252 719 1314 750 apta
1327 716 1460 744 modestia
1476 722 1629 752 perseveret
1642 727 1649 745 :
1661 719 1698 745 ait
1713 720 1785 747 enim

1010 758 1037 785 in
1051 758 1196 794 Evangelio
1210 769 1215 786 :
1233 759 1325 787 Omnis
1337 762 1382 791 qui
1394 762 1485 788 viderit
1499 764 1631 790 mulierem
1646 765 1679 790 ad
1690 772 1786 791 concu—

1009 805 1158 839 piscendum
1181 814 1250 837 eam,
1269 806 1329 841 jam
1354 808 1495 835 mmo/talus
1517 814 1554 836 est
1577 817 1634 836 eam
1659 811 1687 836 in
1709 810 1786 838 corde

1008 859 1056 878 suo
1068 852 1088 878 ⁵.
1105 851 1319 880 Commotionem
1340 853 1367 880 in
1385 861 1499 889 corpore
1524 862 1586 881 eum
1610 856 1692 883 corde
1711 864 1786 884 com-

178 898 332 934 βλέμματος
357 896 585 932 ἐπιμελούμενος,
613 896 704 931 κοινὴν
727 895 775 931 τὴν
800 894 954 929 ἐπιμέλειαν

1007 897 1127 929 metitur,
1150 900 1177 925 et
1199 902 1338 933 aspectum
1357 906 1470 932 curans,
1498 908 1668 928 communem
1689 909 1784 930 curam

175 945 227 980 τῆς
243 944 353 980 καρδίας
367 944 497 970 ποιεῖται·
516 942 599 974 πάθος
614 941 777 977 βλέμματος,
795 940 879 972 πάθος
891 949 959 976 καρ-

176 990 235 1022 δίας
250 989 473 1024 εἰσηγησάμενος,
493 989 540 1014 xu".
565 987 722 1023 ἐπιμέλειαν
746 986 875 1022 ὀμμάτων
898 987 958 1012 ἐπι·-

175 1034 287 1069 μέλειαν
308 1034 353 1061 τοῦ
367 1033 535 1069 διανοητικοῦ
561 1033 682 1068 θέμενος.
700 1032 765 1059 Οὐδὲ
789 1032 842 1067 γὰρ
858 1032 958 1068 ἑτέρως

177 1080 272 1115 βλάψει
289 1080 318 1107 τὸ
330 1081 417 1115 ὄμμα,
432 1080 448 1116 ἢ
461 1080 497 1112 ὡς
515 1080 609 1115 βλάψει
628 1080 641 1106 ὁ
658 1079 719 1111 νοῦς
731 1087 738 1092 '
755 1078 814 1105 οὐδὲ
828 1077 881 1113 γὰρ
902 1076 956 1103 οἷόν

174 1126 205 1153 τέ
218 1127 275 1153 ἐστι
302 1127 333 1153 τὸ
356 1127 433 1162 ὄμμα
455 1126 672 1162 διαστρέφεσθαι,
694 1125 743 1161 τὴν
763 1123 791 1151 δὲ
811 1124 899 1159 ψυχὴν
917 1123 953 1158 μὴ

173 1172 381 1208 διαστρέφεσθαι
392 1181 398 1187 '
413 1171 540 1203 ἐπιεικῶς
551 1172 604 1207 γὰρ
615 1171 704 1206 ψυχῆς
719 1170 765 1197 καὶ
781 1169 872 1201 ἁπλῶς
885 1168 954 1204 ὁρώ-

175 1228 236 1254 σης,
251 1218 410 1253 ἐπιτηδείως
425 1217 520 1252 ὄψεται
533 1216 568 1244 τὰ
580 1217 698 1252 δμματα.

1007 942 1116 970 adhibet
1135 943 1208 970 cordi
1222 952 1228 977 ;
1251 945 1460 972 commotionem
1475 950 1611 981 aspectus,
1627 948 1786 975 commotio.

1007 996 1068 1015 nem
1096 987 1188 1016 cordis
1203 993 1333 1024 reputans
1348 998 1420 1023 esse,
1444 995 1470 1018 et
1489 992 1687 1019 accurationem
1707 1000 1786 1028 aspe-

1006 1037 1077 1066 ctus,
1095 1035 1298 1062 accurationem
1315 1036 1427 1064 mentis.
1452 1036 1507 1064 Nec
1521 1037 1594 1065 enim
1614 1038 1694 1066 aliter
1707 1046 1786 1067 noce-

1005 1079 1044 1106 bit
1055 1080 1162 1111 oculus,
1176 1088 1256 1114 quam
1273 1086 1302 1108 ut
1317 1082 1426 1110 nocebit
1444 1091 1537 1117 mens;
1550 1085 1613 1119 quia
1627 1093 1681 1112 non
1697 1090 1785 1121 potest

1007 1124 1102 1151 oculus
1117 1124 1271 1159 depravari,
1290 1134 1344 1154 non
1366 1127 1513 1162 depravata
1539 1129 1649 1157 anima:
1666 1131 1689 1158 si
1711 1131 1783 1158 enim

1007 1169 1097 1196 anima
1110 1174 1152 1197 est
1168 1170 1195 1197 in
1211 1171 1338 1206 equitate
1354 1176 1381 1200 et
1402 1177 1475 1201 recte
1489 1174 1572 1208 videt,
1590 1180 1652 1211 apte
1672 1180 1700 1205 et
1715 1185 1781 1205 con-

1005 1215 1145 1243 venienter
1158 1217 1229 1244 oculi
1244 1222 1366 1246 cement.

627 1286 690 1313 (In.
711 1284 779 1312 XIX.
799 1284 919 1312 Christus
934 1290 1027 1317 corpus
1039 1283 1159 1311 habuisse
1176 1286 1330 1314 ostenditur.

215 1346 347 1373 Ἐνταῦθα
369 1344 433 1378 γοῦν
450 1345 499 1381 τὴν
517 1345 615 1372 ἄτοπον
631 1344 722 1380 βλέψιν
738 1342 950 1379 παραὸλεψόιμε-

174 1401 229 1424 νος,
252 1392 301 1428 τὴν
316 1391 397 1426 ἁγίαν
413 1392 590 1425 παρεισάγει·
612 1391 654 1417 ἵνα
678 1392 701 1417 οἱ
728 1389 861 1425 ὀφθαλμοὶ
886 1389 953 1424 ὀρθὰ.

176 1439 304 1474 βλέπωσι,
329 1439 375 1465 καὶ
397 1438 432 1465 τὰ
452 1438 571 1474 βλέφαρα
595 1438 694 1464 νευέτω
710 1438 818 1464 δίκαια·
845 1436 953 1471 ἐπαίρει

174 1485 229 1520 γὰρ
250 1484 284 1511 τὰ
299 1484 418 1520 ὄμματα,
433 1484 507 1511 κάτω
527 1484 595 1511 αὐτὰ
618 1484 772 1518 κεκάμςροαι
789 1483 826 1518 μὴ
842 1482 952 1518 ἐπιτρέ-

174 1539 243 1564 πων,
256 1530 323 1558 ἀλλὰ
336 1531 475 1558 διανιστῶν
490 1529 560 1556 αὐτὰ
576 1530 623 1557 καὶ
643 1530 792 1565 διεγείρων,
808 1530 854 1556 καὶ
868 1530 953 1564 ὲπῃρ-
966 1545 987 1573 C

175 1577 243 1612 μένα
263 1577 332 1603 αὐτὰ
355 1576 581 1612 παρασκευάζων.
601 1576 656 1607 Διὸ,
681 1575 780 1610 πολλὴν
794 1574 952 1609 ἐπιμέλειαν

173 1622 227 1649 τῶν
245 1622 376 1658 σωμάτων
399 1621 567 1656 ποιούμενος,
584 1621 631 1647 καὶ
647 1621 725 1656 σῶμα
741 1620 890 1655 πεφόρηκε,
906 1619 953 1645 καὶ

174 1668 213 1700 εἰς
233 1667 311 1703 σῶμα
328 1666 417 1703 ἦλθεν.
443 1668 474 1694 Et
496 1666 545 1701 μὲν
568 1664 614 1693 οὖν
630 1666 678 1692 οὐκ
694 1664 774 1700 ἦλθεν
795 1666 823 1692 ὲν
837 1665 953 1700 σώματι,

173 1712 199 1739 τί
219 1714 334 1749 φήσουσι
350 1714 412 1749 περὶ
436 1713 482 1739 τοῦ
507 1712 633 1747 σταυροῦ,
655 1711 702 1738 καὶ
725 1711 770 1737 τοῦ
793 1711 879 1737 τύπου
900 1710 954 1737 τῶν

172 1758 256 1793 ἥλων,
271 1759 317 1784 καὶ
333 1758 379 1784 τοῦ
398 1757 483 1784 τύπου
500 1758 548 1793 τῆς
563 1757 671 1792 λόγχης,
687 1757 734 1783 καὶ
749 1756 795 1783 τοῦ
810 1756 953 1792 μνημείου,

172 1805 221 1831 καὶ
237 1804 287 1839 τῆς
303 1804 410 1839 ταφῆςς
425 1804 456 1829 Ει
468 1803 496 1830 δὲ
513 1805 545 1830 ὲκ
556 1804 657 1830 τούτων
671 1803 843 1838 ἐλεγχόμενοι
860 1801 954 1837 ὁμολο-

172 1848 250 1884 γοῦσι
273 1849 351 1884 σῶμα
372 1849 416 1875 τὸν
440 1849 552 1885 Σωτῆρα
570 1848 717 1884 εἰληφέναι,
739 1848 765 1874 τί
788 1847 905 1883 ἐροῦσιν,
930 1847 953 1873 εἰ

174 1896 239 1931 μήτι
253 1896 299 1922 καὶ
312 1895 392 1922 αὑτὸν
403 1895 455 1921 ὑπὸ
465 1894 512 1921 τοῦ
526 1893 643 1930 πονηροῦ
656 1893 809 1921 πεπλάσθαι
825 1894 952 1928 φήσουσι,

172 1941 219 1969 καὶ
238 1941 334 1977 μηκέτι
349 1941 428 1976 μόνον
445 1940 475 1967 τὸ
489 1940 655 1975 ἀνθρώπινον
670 1938 749 1974 σῶμα
765 1937 888 1965 εἷναιτοῦ
906 1947 954 1965 πο-

172 1987 267 2023 νηροῦ,
291 1986 359 2013 ἀλλὰ
382 1986 430 2013 καὶ
450 1986 481 2013 τὸ
499 1985 577 2021 σῶμα
595 1984 642 2012 τοῦ
668 1985 831 2020 εὐεργέτου;
846 1985 877 2010 οὺ
892 1983 951 2019 φεί-

173 2041 264 2060 σονται
283 2033 329 2059 καὶ
354 2032 433 2068 μέχρι
453 2033 500 2059 καὶ
519 2031 620 2067 ταύτης
639 2031 689 2066 τῆς
706 2031 824 2062 ἐπινοίας
840 2030 950 2065 φθάσαι,

171 2079 219 2105 καὶ
231 2078 280 2113 τὴν
296 2077 418 2112 γλῶτταν
433 2079 549 2104 ἐκτεῖναι
562 2077 630 2104 κατὰ
645 2076 691 2103 τοῦ
702 2077 836 2111 Σωτῆρος.
856 2076 884 2102 ’0
897 2076 952 2112 γὰρ

173 2125 291 2160 μελετῶν
304 2124 374 2151 κατὰ
393 2124 446 2150 τῶν
462 2123 557 2159 ἐκείνῳ
574 2123 753 2159 διαφερόντων
772 2122 950 2157 διαλέγεσθαι,

171 2169 257 2203 οὗτος,
273 2171 407 2205 ἀκονήσας
427 2171 476 2206 τὴν
492 2170 624 2204 γλῶτταν,
639 2170 699 2196 κατ’
715 2169 797 2196 αὐτοῦ
811 2169 951 2205 διαλεχθή-

1041 1340 1091 1369 Hic
1107 1342 1189 1377 igitur
1202 1344 1349 1378 repudians
1362 1349 1466 1379 turpem
1480 1351 1620 1380 aspectum
1631 1347 1782 1381 oculorum,

1005 1391 1130 1414 sanctum
1146 1393 1285 1423 aspectum
1302 1389 1407 1416 inducit
1421 1400 1427 1417 :
1443 1395 1471 1417 ut
1490 1384 1572 1424 oculi,
1591 1391 1688 1427 inquit,
1709 1397 1783 1421 recta

1005 1433 1113 1460 videant
1129 1438 1156 1461 et
1174 1435 1309 1469 palpebra;
1321 1435 1395 1470 justa
1417 1436 1574 1464 intueantur
1589 1446 1595 1464 :
1610 1438 1689 1473 erigit
1711 1437 1784 1466 enim

1005 1482 1032 1505 et
1047 1479 1153 1506 extollit
1165 1480 1270 1513 oculos,
1283 1487 1337 1507 non
1353 1481 1514 1516 permittens
1537 1482 1618 1509 simul
1630 1487 1660 1509 ut
1674 1482 1784 1511 ﬂectan-

1006 1528 1061 1556 tur,
1076 1525 1123 1552 sed
1138 1525 1228 1559 potius
1247 1528 1357 1559 excitat,
1373 1531 1400 1554 et
1415 1531 1444 1553 ut
1461 1528 1545 1555 erecti
1563 1528 1628 1561 sint,
1645 1528 1720 1556 facit.
1741 1528 1784 1556 ldr

1003 1570 1078 1597 circo
1105 1570 1231 1598 Salvator
1254 1579 1351 1607 gerens
1378 1580 1505 1608 magnam
1528 1574 1726 1608 providentiam
1755 1578 1784 1601 et

1003 1615 1221 1650 procurationem
1246 1624 1403 1652 corporum,
1429 1626 1530 1653 corpus
1557 1619 1673 1654 gestavit
1700 1624 1726 1646 et
1754 1619 1783 1647 in

1003 1668 1102 1696 corpus
1118 1661 1200 1688 venit.
1217 1661 1245 1689 Si
1262 1662 1345 1697 igitur
1360 1671 1413 1690 non
1431 1663 1505 1690 venit
1522 1663 1550 1690 in
1570 1671 1696 1698 corpore,
1713 1665 1781 1699 quid

1003 1708 1102 1735 dicturi
1116 1714 1179 1735 sunt
1192 1709 1225 1736 dc
1240 1717 1321 1736 cruce
1336 1713 1363 1737 et
1376 1710 1463 1737 ﬁxura
1477 1709 1615 1737 clavorum
1627 1715 1654 1738 et
1670 1711 1782 1744 lanceae,

1003 1760 1030 1782 et
1043 1759 1220 1783 monumento
1234 1763 1266 1782 ac
1279 1756 1440 1790 sepultura?
1459 1755 1506 1783 Sin
1522 1759 1612 1783 autem
1632 1756 1674 1783 his
1689 1757 1784 1784 convi-

1002 1801 1037 1827 cti
1055 1808 1155 1836 corpus
1178 1801 1328 1835 sumpsisse
1344 1800 1513 1828 Salvatorem
1529 1801 1703 1834 conﬁtentur,
1717 1802 1783 1836 quid

1002 1847 1102 1879 dicent,
1115 1847 1138 1874 si
1151 1854 1205 1874 non
1220 1851 1284 1874 sunt
1297 1846 1407 1878 dicturi,
1424 1847 1512 1882 ipsum
1526 1855 1632 1882 quoque
1644 1854 1659 1873 a
1674 1847 1783 1875 diabolo

1003 1892 1147 1919 formatum
1160 1900 1235 1926 esse;
1249 1896 1275 1919 ct
1290 1900 1343 1919 non
1355 1892 1411 1926 jam
1425 1893 1512 1920 solum
1525 1900 1624 1927 corpus
1636 1892 1782 1920 humanum

1002 1946 1063 1965 esse
1076 1938 1188 1971 diaboli,
1212 1938 1260 1965 sed
1283 1939 1365 1966 etiam
1382 1946 1482 1973 corpus
1500 1938 1651 1966 Salvatoris
1668 1938 1783 1966 beneﬁci

1003 1984 1108 2011 nostri?
1122 1992 1176 2011 non
1191 1984 1262 2011 enim
1277 1989 1389 2019 parcent
1405 1992 1455 2012 nec
1467 1984 1642 2012 abstinebunt
1659 1993 1699 2018 se,
1716 1985 1783 2020 quin

1002 2037 1088 2065 usque
1103 2030 1131 2057 in
1146 2030 1216 2057 hane
1230 2030 1420 2065 cogitationem
1438 2031 1563 2063 evadant,
1577 2035 1604 2058 et
1619 2031 1737 2065 linguam
1755 2031 1783 2058 in

1004 2075 1171 2103 Salvatorem
1186 2076 1360 2110 protendant.
1377 2075 1429 2109 Qui
1443 2077 1515 2103 enim
1527 2080 1622 2103 contra
1634 2084 1738 2114 eaquae
1749 2076 1784 2103 ad

1002 2121 1077 2148 illum
1093 2123 1240 2157 pertinent,
1257 2121 1388 2156 disputat,
1403 2122 1447 2149 hic
1459 2122 1579 2157 linguam
1594 2129 1696 2150 acuens
1718 2130 1784 2150 con-

1002 2172 1044 2195 tra
1066 2168 1153 2203 ipsum
1182 2169 1341 2203 disputabit.
1376 2168 1500 2196 Salvator
1533 2172 1623 2196 autem
1647 2168 1783 2203 baptismo

172 2226 258 2244 σεται.
287 2217 318 2244 Ὀ
342 2217 370 2243 δὲ
393 2216 486 2252 Σωτὴρ
510 2216 556 2242 καὶ
579 2216 745 2251 βαπτίσματι
768 2215 900 2242 διελούετο
923 2216 952 2241 ὲν

1005 2214 1084 2241 ctiam
1106 2215 1133 2241 in
1148 2213 1266 2242 Iordane
1285 2215 1457 2245 abluebatur,
1473 2219 1499 2241 et
1515 2215 1593 2249 aquis
1616 2215 1783 2249 aspergeba~

169 2263 209 2299 τῷ
232 2263 364 2299 Ἰορδάνῃ·
381 2262 459 2289 ὕδασι
473 2263 692 2298 περιερραίνετο·
710 2262 752 2294 τίς
766 2262 803 2288 ὢν
820 2262 867 2288 καὶ
884 2270 952 2295 τυγ-

170 2310 278 2345 χάνων;
304 2311 329 2336 εί
359 2310 407 2345 μὲν
432 2309 486 2344 γὰρ
509 2309 538 2335 οὐ
566 2309 644 2344 σῶμα
667 2308 768 2344 φέρων,
794 2308 856 2335 οὔτε
873 2308 951 2343 σῶμα

170 2358 249 2393 ἔχων,
267 2357 292 2384 τί
307 2358 393 2384 κοινὸν
408 2357 543 2392 πνεύμασι
559 2358 605 2383 καὶ
629 2358 780 2392 ποταμοῖ;;
806 2357 853 2387 Τίς
870 2355 950 2389 ἀγγέ-

170 2403 234 2436 λων,
253 2404 317 2430 ποία
333 2403 455 2438 δύναμις,
471 2403 533 2429 ποία
546 2403 684 2438 κυριότης,
700 2401 762 2428 ποία
781 2401 862 2436 ἀρχὴ,
888 2401 951 2427 ποία

170 2449 278 2481 ἐξουσία
302 2449 488 2484 καταϐέϐηκεν
508 2449 547 2479 εἰς
571 2448 692 2483 λουτρὺν,
708 2448 754 2473 καὶ
771 2449 867 2482 πεῖραν
888 2446 949 2473 ὑδά-

168 2504 223 2522 των
243 2495 337 2530 ἐσχενς
362 2496 392 2522 El
415 2495 443 2522 δὲ
467 2495 581 2530 δύναμις
605 2495 653 2530 μὲν
675 2495 732 2521 οὐδὲ
758 2494 874 2526 ἐξουσία,
889 2493 951 2519 οὔτε

168 2541 262 2576 θρόνος
277 2541 363 2573 οὐδεὶς
378 2543 418 2574 εις
442 2542 524 2568 ὕδατα
547 2541 689 2575 κατῆλθεν,
705 2541 837 2576 ἀζήτητον
853 2540 949 2574 γέγονε

167 2587 198 2613 τὸ
221 2588 336 2623 πρᾶγμα
358 2588 404 2614 καὶ
426 2589 525 2622 σαφές·
544 2587 590 2614 καὶ
603 2587 680 2622 δῆλον
697 2587 791 2621 γέγονε
807 2586 837 2612 τὸ
854 2585 950 2620 ζητού-

170 2641 258 2667 μενον.
294 2633 372 2659 Ἀλλὰ
398 2633 474 2668 ἀνῄει
498 2634 550 2660 ἀπὸ
572 2633 625 2659 τῶν
648 2632 766 2659 ὑδάτων·
791 2632 960 2668 ὲπειράζετο’

167 2678 220 2705 ὑπὸ
241 2679 286 2705 τοῦ
304 2680 442 2706 διαϐόλου·
464 2681 566 2712 ὲπείνα,
591 2679 683 2714 ὲδίψα,
700 2679 786 2711 ἔπλει,
811 2679 948 2713 ἐκοιμᾶτο,

166 2723 282 2756 ὥδευεν,
304 2726 417 2757 ἐκοπία,
442 2725 564 2756 ἐϐάδιζε·
591 2725 690 2751 πεινῶν
717 2726 762 2751 ἐπὶ
788 2726 838 2751 τὴν
866 2725 949 2760 συκῆν

167 2766 231 2804 ἦλθε
242 2778 248 2784 '
260 2770 291 2796 τὸ
301 2771 453 2798 τελευταῖον
466 2772 597 2803 ἐκρίνετο,
614 2772 778 2807 ἑσταυροῦτο
805 2772 851 2803 Τίς
863 2771 948 2798 ταῦτα

203 2849 216 2866 λ
232 2849 326 2878 Matth.
345 2860 406 2886 xu,
426 2852 468 2879 12.
506 2854 516 2868 '
537 2852 631 2879 Matth.
650 2861 674 2886 ν,
692 2853 737 2880 9.8.

1003 2265 1066 2293 tur;
1082 2261 1144 2295 quis
1158 2261 1234 2287 erat?
1251 2265 1277 2288 et
1291 2261 1356 2296 quid
1382 2261 1458 2288 erat?
1479 2262 1502 2289 si
1518 2262 1590 2288 enim
1608 2268 1708 2296 corpus
1726 2268 1781 2288 non

1001 2307 1124 2341 gestabat
1140 2315 1227 2342 neque
1243 2315 1343 2342 corpus
1358 2307 1494 2334 habebat:
1511 2307 1573 2342 quid
1588 2315 1731 2335 commune
1741 2311 1783 2334 est

1002 2353 1146 2388 spiritibus
1159 2361 1221 2380 cum
1237 2352 1416 2380 ﬂuminibus?
1431 2352 1498 2385 Quis
1510 2353 1635 2388 angelus,
1651 2360 1711 2387 qua:
1725 2353 1782 2379 vir-

1002 2404 1062 2431 tus,
1080 2407 1139 2434 quin
1159 2399 1319 2431 dominatio,
1342 2399 1404 2434 quis
1426 2399 1606 2434 principatus,
1631 2406 1690 2433 qute
1709 2403 1784 2433 pote-

1002 2449 1059 2472 stas
1071 2445 1104 2472 ad
1123 2446 1261 2473 lavacrum
1278 2445 1419 2473 descendit
1438 2449 1465 2472 et
1485 2452 1571 2480 aquas
1597 2448 1707 2479 experta
1721 2444 1785 2472 est?

1001 2488 1079 2522 Quod
1097 2490 1121 2517 si
1137 2498 1225 2524 neque
1241 2491 1342 2522 virtus,
1363 2498 1450 2525 neque
1462 2493 1595 2524 potestas,
1609 2497 1696 2524 neque
1709 2489 1783 2516 thro—

1001 2544 1054 2563 nus
1071 2536 1097 2562 in
1120 2544 1206 2570 aquas
1221 2536 1361 2563 descendit
1375 2545 1380 2562 :
1397 2540 1473 2563 extra
1495 2535 1673 2570 qumstioncm
1694 2534 1783 2569 posita

1001 2585 1042 2608 est
1054 2589 1117 2608 res:
1132 2581 1232 2608 factum
1251 2586 1293 2608 est
1309 2581 1494 2616 perspicuum,
1513 2581 1585 2616 quod
1599 2580 1781 2615 qumrebatur.

1000 2626 1057 2654 lmo
1085 2627 1207 2655 ascendit
1222 2628 1256 2654 ab
1270 2628 1358 2662 aquis.
1381 2627 1524 2655 tenebatur
1548 2635 1561 2653 a
1579 2627 1698 2659 diabolo,
1719 2634 1783 2653 esu-

1000 2673 1097 2705 riebat,
1120 2673 1239 2704 sitiebat,
1262 2674 1416 2708 navigabat,
1441 2673 1604 2704 dormiebat,
1631 2673 1682 2700 iter
1699 2671 1782 2699 facie-

1000 2720 1057 2752 bat,
1080 2720 1290 2755 del'atigabatur,
1315 2719 1480 2750 ambulabat,
1510 2720 1635 2747 esuriens
1657 2718 1731 2745 venit
1746 2717 1780 2744 ad

1001 2766 1078 2793 ﬁcum
1095 2775 1101 2793 τ
1116 2771 1253 2801 postremo
1265 2765 1405 2801 judicatus
1420 2770 1463 2793 est
1486 2769 1508 2792 el
1537 2765 1694 2792 cruciﬁxus.
1714 2762 1782 2796 Quis

1702 2861 1787 2883 ,-\g‘
