3984 6212
424 292 560 350 1255

1567 276 1699 332 Tl'l‘l
1737 276 2159 334 BOSTRENSIS
2210 276 2515 334 EPISCOPI

3502 275 3639 332 {9.56

423 416 535 470 hac
583 409 981 484 proclamabat?
1030 407 1152 477 quis
1197 406 1311 460 haec
1355 402 1696 458 testabatur?
1736 400 2008 461 Taceant.

2104 400 2235 468 66:1;
2271 400 2354 465 τίς
2381 398 2551 455 ταῦτα
2594 398 2925 469 ἐμαρτύρει;
2967 394 3335 449 Σιωπάτωσαν
3364 395 3428 446 αἱ
3468 394 3642 462 γλῶσ-

422 508 638 576 lingum,
683 504 977 573 loquantur
1010 507 1131 554 acta
1158 513 1255 553 :os
1293 497 1494 551 habent
1539 509 1628 550 res
1661 512 1673 548 :
1709 508 1811 549 nec
1857 509 1976 548 am-

422 598 563 668 plius
603 609 786 650 aerem
819 594 1116 664 pulsantes,
1150 604 1343 645 sonum
1387 588 1698 643 emittamus
1725 605 1738 641 :
1763 600 1826 642 os
1878 586 1978 640 ba-

422 689 551 744 beut
573 686 778 756 scripta
809 703 824 739 :
858 692 913 739 et
945 683 991 739 si
1024 697 1127 737 nos
1157 691 1454 745 taceamus,
1500 693 1608 733 non
1638 686 1822 732 tacent
1850 692 1938 731 res
1963 692 1977 742 ;

420 788 475 834 et
503 779 548 835 si
575 793 677 834 nos
704 793 817 832 non
839 778 1147 847 loquamur,
1172 788 1293 845 quae
1316 772 1516 842 scripta
1547 778 1699 837 sunt,
1723 785 1831 825 non
1856 783 1984 841 pos-

423 877 552 926 sunt
587 885 694 924 non
724 868 894 939 loqui.

492 962 662 1032 Igitur
692 960 816 1030 quia
859 958 939 1013 sic
970 963 1098 1012 sunt
1131 956 1263 1016 haec,
1310 963 1362 1008 et
1391 960 1509 1008 acta
1560 952 1719 1008 [idem
1763 953 1981 1020 habent,

425 1057 481 1106 et
501 1049 745 1103 narratio
771 1055 1017 1102 actorum
1041 1060 1169 1101 vera
1190 1051 1296 1108 est,
1326 1054 1377 1097 et
1401 1043 1637 1097 clamant
1661 1043 1791 1112 ipsa:
1816 1042 1985 1097 actio-

426 1157 524 1197 nes
555 1141 607 1196 vi
633 1156 751 1202 sua,
782 1138 1038 1194 habuisse
1069 1151 1269 1206 corpus
1311 1133 1668 1201 Salvatorem,
1694 1141 1749 1188 et
1786 1147 1986 1202 corpus

428 1234 687 1298 mortale;
732 1240 785 1286 et
832 1229 977 1300 quod
1026 1235 1247 1299 prepter
1290 1232 1479 1280 nostra
1511 1238 1743 1295 corpora
1786 1239 1986 1294 corpus

428 1323 659 1394 gestavit
685 1341 699 1375 :
725 1320 873 1390 quod
910 1319 1179 1388 reliquum
1218 1326 1320 1381 est,
1364 1315 1542 1369 simile
1590 1315 1785 1383 quaerit
1814 1333 1827 1368 :
1858 1330 1986 1385 pro-

430 1423 552 1483 pter
586 1428 687 1467 nos
719 1411 864 1466 venit
905 1411 1054 1464 illius
1087 1409 1335 1477 corporis
1370 1408 1456 1461 sui
1500 1405 1741 1471 eﬂector,
1791 1415 1845 1461 et
1889 1420 1989 1461 no-

431 1513 670 1558 strorum
703 1501 945 1556 ell‘ector.
1000 1498 1058 1553 Si
1088 1500 1233 1555 enim
1275 1497 1424 1552 aliud
1469 1497 1664 1554 fuisset
1694 1498 1844 1563 illud,
1894 1514 1990 1552 cu-

430 1610 547 1649 ram
577 1596 700 1649 aliis
726 1610 836 1650 non
864 1593 1206 1649 adhibuisset
1234 1592 1574 1663 corporibus.
1611 1592 1665 1646 Si
1700 1603 1879 1647 autem
1912 1591 1991 1647 l'a-

431 1696 579 1742 ctum
622 1695 726 1751 est,
762 1695 817 1743 ct
849 1686 1055 1741 factum
1092 1702 1123 1741 a
1156 1686 1285 1751 Deo,
1324 1686 1527 1740 factum
1573 1700 1701 1740 vero
1744 1693 1827 1739 est
1861 1700 1990 1754 pro-

2078 508 2166 544 σαι
2184 508 2197 521 ο
2231 491 2557 545 λαλείτωσαν
2587 490 2645 543 αἱ
2672 487 2927 560 πράξεις·
2968 487 3145 557 στόμα
3185 484 3370 556 ἔχουσι
3409 487 3477 540 τὰ
3501 488 3643 557 πρά-

2078 597 2294 652 γματα’
2327 582 2542 653 μηκέτι,
2574 580 2668 634 τὸν
2708 580 2845 651 ἀέρα
2877 576 3184 650 κρούοντες,
3213 576 3305 629 τὸν
3346 572 3480 647 ἦχον
3505 579 3644 630 ἀπο-

2079 673 2383 745 πέμψωμεν
2401 690 2414 704 ·
2436 672 2607 744 στόμα
2637 672 2817 743 έχουσι
2840 669 2910 723 τὰ
2944 669 3300 741 γεγραμμένα
3321 685 3335 699 ·
3358 670 3459 721 xiv
3482 672 3642 739 ἡμεῖς

2082 765 2542 837 σιωπήσωμεν,οὺ
2576 767 2754 837 σιωπᾷ
2774 765 2843 819 τὰ
2877 766 3174 836 πράγματα
3192 780 3207 794 ο
3230 763 3337 816 κάν
3369 765 3518 833 ἡμεῖς
3550 765 3626 836 μὴ

2081 857 2419 930 λαλήσωμεν,
2451 857 2551 911 οὐκ
2589 856 2837 927 ἀνέχεται
2870 854 3133 926 μὴλαλεῑν
3165 852 3235 907 τὰ
3268 855 3635 925 γεγραμμένα.

2166 949 2382 1020 Ἐπειδὴ
2407 944 2499 1003 οὖν
2532 946 2704 1001 ταῦτα
2737 947 2909 1011 οὕτως
2934 946 3067 1016 ἔχει.
3093 945 3189 998 καὶ
3217 944 3413 997 πισταί
3434 947 3566 996 εἰσιν
3588 946 3643 996 αἰ

2084 1046 2332 1120 πράξεις,
2358 1045 2452 1099 καὶ
2478 1042 2587 1096 τῶν
2618 1042 2872 1113 πράξεων
2905 1040 3183 1110 δυνάμεις,
3217 1040 3301 1091 ὅτι
3322 1037 3484 1108 σῶμα
3510 1033 3651 1107 εἶχεν

2083 1141 2113 1193 6
2138 1137 2350 1209 Σωτὴρ,
2380 1136 2475 1191 καὶ
2524 1135 2683 1206 σῶμα
2724 1134 2935 1206 θνητὸν,
2980 1133 3073 1187 καὶ
3111 1132 3269 1202 σῶμα
3305 1131 3537 1201 ἐφόρεσε
3569 1130 3656 1183 διὰ

2084 1231 2152 1285 τὰ
2178 1231 2423 1302 ἡμέτερα
2440 1246 2457 1263 ‘
2482 1229 2542 1283 τὸ
2572 1229 2756 1300 ὅμοιον
2788 1226 2972 1281 λοιπὸν
3006 1224 3158 1297 ζητεί
3177 1242 3191 1255 ’
3212 1226 3334 1295 ἥκει
3357 1224 3427 1277 δι’
3454 1224 3610 1293 ἡμᾶς
3631 1225 3661 1275 6

2085 1323 2292 1376 ἐκείνου
2338 1322 2586 1394 ποιητὴς,
2637 1320 2732 1374 καὶ
2792 1319 2900 1371 τῶν
2959 1316 3240 1389 ἡμετέρων
3296 1316 3544 1386 ποιητής.
3594 1314 3660 1368 Εἰ

2086 1413 2194 1485 γὰρ
2245 1413 2430 1484 ἕτερον
2468 1407 2689 1483 (64)ἦν,
2742 1410 2843 1464 οὐκ
2889 1409 2955 1464 ἀν
3007 1408 3134 1480 περὶ
3184 1406 3388 1479 ἐτέρων
3448 1405 3660 1458 ἐκείνου

2088 1506 2345 1578 πρόνοιαν
2395 1506 2663 1558 ἐποιεῖτο’
2714 1504 2763 1556 εἰ
2805 1502 2862 1557 δέ
2906 1502 3198 1571 πεποίηται
3231 1500 3334 1553 ὑπὸ
3366 1496 3525 1560 Θεοῦ,
3560 1514 3659 1550 περ

2089 1597 2307 1668 ποίηται
2354 1594 2411 1650 δέ
2456 1595 2598 1667 ὑπὲρ
2645 1593 2822 1665 ήμῶν,
2871 1592 3011 1664 ὑπὲρ
3052 1593 3160 1645 τῶν
3216 1592 3362 1645 ἰδίων
3401 1592 3659 1644 ἐποιεῖτο.

2091 1689 2209 1741 Ἵνα
2241 1688 2349 1759 γὰρ
2395 1687 2464 1741 τὰ
2495 1687 2605 1741 ίδια
2647 1684 2839 1739 ἐαυτοῦ
2887 1684 3056 1757 σώσῃ,
3096 1686 3272 1737 ἐκεῖνο
3301 1683 3547 1753 ἐποίησε,
3588 1682 3657 1750 τῇ

431 1788 553 1849 pter
595 1794 734 1834 nos:
764 1779 927 1850 igitur
977 1787 1199 1849 propter
1251 1778 1468 1848 propria
1520 1777 1700 1842 ﬁebat,
1767 1784 1826 1830 ut
1872 1792 1995 1847 quae

2104 1781 2301 1835 ἐκείνου
2346 1782 2563 1852 ποιήσει
2608 1778 2825 1833 πάντων
2874 1778 2981 1831 τῶν
3018 1777 3161 1830 ἰδίων
3209 1775 3305 1847 τὴν
3347 1774 3665 1845 ἐλευθερίαν

433 1872 651 1943 propria
679 1878 857 1935 erant,
900 1871 1052 1925 salva
1081 1880 1285 1926 essent.
1318 1871 1456 1925 Illud
1490 1868 1639 1933 fecit,
1682 1869 1828 1924 illius
1870 1868 1998 1924 effe-

435 1965 617 2019 ctione
640 1964 881 2018 omnium
905 1978 1129 2018 suorum
1159 1962 1462 2017 libertatem
1488 1970 1768 2031 operatus.
1801 1961 1999 2016 Gratia:

2094 1873 2482 1946 ἐργασάμενος.
2516 1871 2688 1943 Χάρις
2712 1865 2804 1925 οὖν
2852 1869 2929 1941 τῷ
2958 1868 3280 1939 πεποιηκότι
3320 1866 3391 1919 τὰ
3419 1865 3668 1937 ἡμέτερα

2095 1965 2353 2037 σώματα,
2406 1962 2486 2034 τῷ
2539 1962 2964 2034 προνοησαμένῳ
3034 1960 3127 2014 καὶ¹
3197 1957 3669 2031 ἐρῤᾳθυμηκὸτων

435 2054 601 2125 igitur
639 2054 905 2107 debentur
953 2054 1000 2107 ei
1051 2052 1143 2122 qui
1203 2066 1433 2122 corpora
1472 2060 1660 2106 nostra
1713 2050 1838 2106 fecit
1867 2051 1998 2121 ;qui

2104 2056 2306 2120 αὐτῶν,
2362 2055 2454 2109 καὶ
2514 2055 2893 2108 ἀποστείλαντι
2949 2053 3040 2106 τὸν
3089 2052 3219 2106 ἴδιον
3282 2051 3405 2104 Υἰδν
3450 2052 3509 2103 ἐν
3562 2047 3673 2102 σώ-

432 2159 625 2200 eorum
661 2145 890 2215 ignavia:
934 2154 1096 2214 atque
1128 2144 1359 2215 pigritia:
1388 2142 1668 2213 prospexit
1696 2152 1750 2198 et
1797 2158 2000 2198 consu-

2104 2163 2248 2217 ματι,
2298 2145 2392 2198 καὶ
2443 2143 2696 2197 δεδωκότι
2744 2142 3011 2216 ἐνέχειρον
3061 2143 3175 2204 τοῖς
3224 2141 3513 2211 ἡμετέροις
3558 2135 3672 2191 αἱ»-

438 2234 542 2289 luit
566 2251 581 2300 ;
604 2237 697 2304 qui
727 2236 876 2291 misit
909 2233 1105 2290 Filium
1149 2251 1307 2290 suum
1335 2235 1390 2289 in
1418 2250 1670 2304 corpore,
1701 2243 1755 2289 et
1801 2234 2003 2290 nostris

2104 2252 2287 2306 μασιν,
2316 2236 2402 2289 ἵνα
2449 2234 2645 2307 μηκέτι
2674 2235 3033 2305 κόιμπτωμεν,
3085 2234 3178 2288 καὶ
3222 2233 3398 2303 χαμαὶ
3427 2230 3672 2302 δρῶμεν,

435 2328 761 2397 corporibus
792 2327 988 2398 pignus
1021 2326 1206 2393 dedit;
1243 2334 1302 2379 ut
1350 2341 1460 2381 non
1486 2326 1597 2395 jam
1646 2325 1876 2395 amplius
1906 2323 2002 2378 Ile-

2104 2325 2237 2379 ἀλλά
2265 2319 2413 2397 ὦμεν
2442 2324 2742 2396 ἐπηρμένοι
2772 2326 2836 2395 τῇ
2870 2324 3119 2396 κοινωνίᾳ
3148 2323 3257 2377 τῶν
3289 2321 3583 2393 σωμάτων.

435 2420 651 2469 ctamur
679 2424 733 2470 et
761 2415 913 2470 humi
943 2430 1256 2479 cernamus,
1294 2416 1389 2470 sed
1428 2415 1599 2471 simus
1630 2416 1756 2470 elati
1795 2424 1850 2469 et
1883 2430 2002 2470 ere-

434 2507 511 2561 cti
542 2509 930 2565 communitate
958 2523 1272 2580 corporum.

1724 2620 1855 2677 CAP.
1896 2619 2012 2676 XX.
2056 2620 2358 2681 Conclusio.

477 2733 636 2788 .lllos
679 2734 845 2802 igitur
873 2743 1193 2802 deceptores
1235 2740 1288 2786 et
1330 2746 1550 2788 ianaces
1581 2732 1637 2786 in
1687 2732 1791 2787 hoc
1821 2733 1987 2787 etiam

2172 2741 2543 2812 Εὐτελίσωμεν
2588 2738 2679 2797 οὖν
2728 2744 2822 2798 καὶ⁵
2866 2747 2922 2798 ἐν
2966 2746 3140 2816 τούτῳ
3178 2747 3307 2810 τοὺς
3346 2748 3673 2814 ἀπατεῶνας

448 2824 823 2887 attendemus,
875 2821 1019 2892 quod
1068 2821 1124 2874 in
1173 2835 1402 2889 corpora
1453 2822 1808 2886 invaserunt,
1852 2831 1906 2875 et
1947 2822 2004 2875 in

2104 2832 2362 2899 ἐκείνους,
2421 2835 2501 2887 ὅτι
2549 2836 2639 2888 καί¹
2679 2835 2819 2889 κατὰ
2863 2835 2970 2889 τῶν
3021 2839 3286 2908 σωμάτων
3328 2837 3671 2908 βεϐαδϋιασι,

444 2929 645 2985 corpus
706 2912 950 2969 auctoris
1003 2920 1445 2983 processerunt,
1505 2926 1568 2966 ac
1620 2920 1814 2967 contra
1851 2927 2006 2968 ωοο-

2107 2922 2199 2975 καὶ
2231 2925 2371 2978 κατά
2414 2925 2508 2978 τοῦ
2559 2925 2794 2981 πλάστου
2841 2929 3207 3000 κεχωρήκασι,
3254 2931 3346 2983 καί
3393 2933 3535 2985 κατὰ
3576 2933 3676 3003 τῆς

441 3008 679 3064 nomiam
722 3018 776 3061 et
816 3006 1276 3074 dispensationem
1329 3002 1424 3059 Dei
1471 3004 1707 3077 linguam
1750 3007 2008 3062 extende-

2106 3014 2411 3087 οἰκονομίας
2455 3018 2549 3072 τοῦ
2602 3019 2737 3073 Θεοῦ
2782 3020 2881 3091 τὴν
2930 3020 3177 3089 γλῶτταν
3227 3023 3489 3090 ἐξέτειναν
3509 3042 3523 3055 ·
3574 3002 3675 3079 καὶ

443 3106 615 3165 runt;
650 3112 714 3152 ac
759 3106 951 3151 contra
996 3096 1303 3151 libertatem
1349 3101 1592 3151 nostram
1638 3097 1704 3152 ad
1743 3112 1905 3152 usum
1956 3108 2008 3155 et

2110 3106 2250 3160 κατά
2279 3108 2378 3179 τῆς
2411 3109 2720 3182 ἐλευθερίας
2752 3112 2908 3183 ἡμῶν
2941 3112 3120 3167 λαλεῖν
3167 3115 3229 3168 οὑ
3267 3119 3667 3188 παρῃτήσαντο,

442 3189 887 3246 exercitationem
925 3188 1119 3259 linguae
1152 3188 1298 3258 loqui
1335 3204 1445 3243 non
1478 3188 1868 3245 dubitaverunt
1899 3192 2008 3246 cir-

2107 3198 2339 3271 ἀγύρται
2376 3202 2517 3266 τινὲς
2561 3202 2713 3267 ὄντες
2752 3205 2845 3258 καὶ
2888 3206 3159 3277 ἀγοραῖοι,
3193 3207 3454 3278 ἄθροισμα
3490 3209 3674 3278 λόγων

444 3280 719 3335 culatores
761 3277 985 3348 quidam
1026 3286 1080 3331 et
1122 3277 1560 3333 circumforanei.
1621 3277 2008 3350 Congessimus

2108 3290 2370 3362 πονηρίας
2399 3295 2788 3366 συναγηοχότες
2811 3313 2824 3328 ·
2854 3295 2967 3349 ἐστι
2995 3297 3104 3368 γὰρ
3124 3297 3185 3350 τὸ
3217 3277 3276 3350 ἓν
3307 3277 3556 3370 ἐχόμενον
3570 3277 3675 3353 τὸν

447 3384 701 3426 acervum
760 3370 1051 3423 verborum
1111 3367 1398 3438 pravitatis
1441 3369 1644 3425 istius:
1694 3371 1822 3425 licet
1862 3370 2009 3426 enim

446 3478 512 3518 ex
548 3478 659 3516 uno
701 3460 848 3516 aliud
884 3476 1144 3517 accusare
1174 3480 1188 3529 ;
1225 3462 1334 3516 imo
1370 3464 1550 3515 omnia
1588 3460 1844 3532 deinceps
1885 3479 2010 3534 per-

448 3562 774 3624 sequentes,
839 3552 1024 3608 omnia
1088 3554 1299 3607 inutilia
1357 3560 1410 3607 et
1457 3552 1633 3606 aliena
1672 3554 2006 3611 existimare.

447 3644 657 3700 Idcirco
689 3660 789 3699 nos
830 3645 887 3697 in
930 3659 1119 3699 omnes
1150 3659 1429 3699 sermones
1456 3644 1699 3713 ipsorum
1730 3645 2013 3717 hucusque

448 3737 688 3807 delapsi,
732 3753 799 3791 ne
835 3735 1262 3806 magnitudinem
1312 3736 1451 3790 libro
1504 3737 1877 3806 prabeamus,
1918 3740 2011 3797 his

448 3828 712 3882 hactenus
743 3828 905 3883 dictis
937 3828 1326 3891 terminemus,
1363 3827 1505 3882 facta
1541 3845 1607 3885 ex
1653 3830 1843 3900 paucis
1879 3831 2010 3887 alio-

448 3938 571 3977 rum
603 3922 969 3987 indicatione,
1002 3927 1056 3975 et
1086 3936 1149 3976 ex
1185 3919 1349 3974 dictis
1404 3921 1553 3989 prius
1591 3936 1780 3976 eorum
1820 3923 2014 3979 confu-

450 4014 656 4068 tatione
685 4013 949 4068 confecta.
985 4012 1135 4084 Opus
1170 4020 1348 4067 autem
1376 4021 1459 4068 est
1490 4012 1774 4083 diligentia
1804 4015 2015 4071 studio-

452 4106 531 4161 sis
553 4145 568 4172 ,
600 4111 659 4159 ut
682 4119 872 4159 omnes
898 4103 1200 4174 praestigias
1226 4105 1563 4174 praetervecti
1590 4120 1751 4161 aures
1775 4115 2012 4171 servent,

451 4210 522 4250 ne
552 4209 579 4248 a
611 4195 877 4265 pravitate
905 4195 1191 4264 capiantur
1217 4211 1234 4261 ;
1271 4203 1330 4247 ut
1362 4194 1470 4250 sint
1502 4194 1760 4250 custodes
1791 4210 2013 4251 suarum

454 4286 666 4340 aurium
687 4326 701 4350 ,
734 4287 929 4357 partim
960 4302 1051 4341 eas
1084 4286 1392 4356 aperientes
1412 4326 1426 4349 ,
1478 4301 1601 4341 cum
1643 4302 1803 4343 verus
1836 4303 2016 4343 sermo

453 4377 635 4447 pulsat
664 4396 679 4442 ;
710 4378 904 4448 partim
941 4377 1257 4433 claudentes
1278 4421 1293 4444 ,
1322 4394 1445 4432 cum
1481 4379 1652 4434 falsus
1677 4387 1731 4436 et
1760 4381 2013 4447 dolosus,

453 4468 737 4523 veritatem
767 4468 1030 4523 simulans
1060 4470 1300 4533 laborat,
1334 4477 1393 4525 ut
1424 4471 1478 4525 in
1514 4472 1774 4528 conclave
1819 4475 2017 4530 mentis
2048 4439 2090 4492 υ

456 4557 742 4629 irrumpat.
776 4559 923 4613 Multi
952 4561 1095 4614 enim
1128 4560 1235 4614 licti
1277 4570 1332 4615 et
1376 4562 1617 4616 simulati
1660 4565 1877 4633 pulsant
1920 4581 2018 4619 au-

456 4665 578 4717 res,
605 4652 849 4709 dicentes
881 4673 892 4707 :
942 4652 1052 4724 Ego
1095 4670 1211 4707 sum
1242 4652 1486 4707 Christus
1523 4654 1565 4719 °,
1597 4664 1651 4709 et
1695 4658 1895 4711 multos
1924 4657 2018 4712 de-

456 4744 695 4814 cipient:
730 4743 873 4799 Unus
906 4757 1077 4799 autem
1113 4747 1257 4800 solus
1285 4746 1527 4802 Christus
1557 4748 1598 4813 ",
1631 4748 1722 4817 qui
1760 4756 1845 4803 est
1886 4749 2019 4805 libe-

456 4841 628 4899 rator,
665 4849 865 4903 praeses
899 4834 1137 4888 victoria:
1158 4873 1172 4897 ,
1209 4833 1483 4889 beneﬁcus
1504 4875 1519 4899 ,
1545 4835 1637 4904 qui
1662 4834 2021 4905 dispositione

459 4926 670 4995 pulsat,
707 4927 799 4996 qui
830 4926 1133 4982 libertatem
1179 4929 1230 4980 in
1275 4928 1392 4997 ipso
1422 4927 1573 4981 aditu
1601 4928 1894 4992 conciliat,
1925 4928 2018 4997 qui

460 5017 623 5073 simul
654 5026 710 5071 ut
742 5019 1064 5087 ingreditur,
1115 5029 1336 5089 peccata
1370 5021 1649 5086 excludit,
1681 5020 1776 5091 qui
1830 5021 1888 5075 in
1937 5020 2021 5075 iu-

460 5125 649 5179 gressu
692 5109 984 5163 amicitiam
1024 5127 1148 5165 cum
1184 5110 1341 5167 Patre
1371 5114 1599 5177 tribuit,
1631 5113 1726 5184 qui
1775 5128 1901 5167 mox
1933 5112 2020 5167 in-

460 5202 709 5269 grediens
740 5210 942 5273 tropaza
980 5203 1033 5257 in
1071 5205 1247 5258 anima
1284 5208 1454 5275 ponit.

2108 3383 2293 3457 ἓτερον
2322 3386 2595 3441 αἰτιᾶσθαι
2617 3404 2629 3416 ·
2661 3388 2797 3442 ἀλλὰ
2821 3390 2894 3460 μὴ
2924 3394 3099 3444 πάντα
3122 3392 3319 3462 ἐφεξῆς
3344 3393 3674 3459 ἐπεξιόντας,

2110 3474 2288 3529 πάντα
2316 3476 2508 3548 ἀχρεῖα
2540 3478 2634 3532 καὶ
2676 3479 2882 3549 ἔκφυλα
2923 3480 3189 3552 ἡγεῖσθαι.
3238 3483 3337 3536 Διά
3380 3486 3543 3539 τοῦτο
3586 3488 3684 3541 καὶ

2109 3565 2270 3635 ἡμεῖς
2312 3568 2390 3630 εἰς
2432 3567 2645 3621 ἅπαντα
2689 3569 2845 3637 λόγον
2875 3570 3053 3624 αὐτῶν
3095 3572 3393 3636 κατιόντες,
3429 3575 3504 3645 μὴ
3549 3576 3686 3629 πολῦ

2114 3656 2286 3727 μῆκος
2324 3659 2689 3730 παράσχωμεν
2711 3660 2786 3731 τῷ
2823 3660 2985 3732 λόγῳ,
3017 3663 3177 3735 μέχρι
3209 3664 3414 3717 τούτων
3446 3665 3685 3737 στῶμεν,

2110 3747 2199 3802 διὰ
2244 3748 2351 3803 τῶν
2380 3749 2573 3818 ὀλίγων
2610 3752 2703 3806 καὶ
2738 3753 2804 3806 τὰ
2847 3753 2980 3808 ἄλλα
3008 3756 3411 3823 ’ὑποδείξαντες,
3456 3761 3550 3813 καὶ
3597 3761 3689 3813 διὰ

2112 3840 2219 3893 τῶν
2279 3842 2676 3913 προλεχθέντων
2729 3845 2819 3899 τὸν
2866 3846 3084 3918 ἔλεγχον
3145 3850 3680 3913 κατασκευάσαντες.

2126 3932 2463 4013 Ἑπιμελείας
2517 3934 2573 3987 δέ
2625 3938 2736 4000 τοῖς
2787 3938 3091 4004 σπουδαίοις
3140 3943 3319 4013 χρεία,
3367 3942 3452 3995 ἵνα
3496 3944 3683 3995 πᾶσαν

2114 4022 2364 4092 γοητείαν
2414 4024 2866 4097 ὑπερϐεϐηκότες,
2914 4029 3184 4101 ἀλήπτους
3214 4031 3314 4094 τὰς
3357 4031 3516 4093 ἀκοὰς
3562 4032 3680 4084 ἀπὸ

2114 4113 2215 4184 τῆς
2264 4114 2526 4186 πονηρίας
2577 4115 3002 4185 διαφυλάξωσιν·
3064 4119 3211 4182 ὅπως
3268 4119 3679 4189 κλειδοφυλακες

2116 4197 2216 4257 ὦσι
2244 4205 2350 4257 τῶν
2374 4206 2581 4259 ἑαυτῶν
2604 4208 2799 4275 ἀκοῶν,
2823 4209 2915 4263 καὶ
2947 4210 3022 4280 πῆ
3058 4212 3155 4281 μὲν
3186 4212 3569 4280 ἀνοιγνύσντες,
3589 4212 3685 4266 ὅτε

2117 4296 2300 4370 κρούει
2340 4299 2368 4349 6
2414 4297 2618 4371 ἀληθὴς
2661 4299 2847 4369 λόγος·
2888 4302 2961 4372 πῆ
3007 4303 3065 4354 δὲ
3109 4304 3504 4369 ἀποκλείοντες,
3538 4306 3627 4358 ὅτε
3657 4306 3691 4357 6

2116 4390 2314 4462 ψευδὴς
2340 4392 2432 4445 καὶ
2457 4395 2925 4463 πεφευακισμένος
2956 4396 3424 4466 σχηματιζόμενος
3441 4396 3539 4468 τὴν
3560 4398 3692 4468 ἁλή-

2121 4483 2269 4538 Θειαν
2314 4484 2613 4539 εἰσϐάλλειν
2645 4488 2703 4539 ἐν
2748 4487 2826 4558 τῷ
2857 4489 3067 4560 ταμείῳ
3098 4490 3197 4560 τῆς
3241 4490 3481 4553 διανοίας
3528 4508 3694 4544 σπου·

2120 4575 2291 4640 δάζει.
2334 4577 2524 4631 Πολλοὶ
2555 4578 2662 4650 γὰρ
2695 4578 3063 4651 πεπλασμένοι
3097 4583 3189 4635 καὶ
3229 4583 3695 4654 ἐσχηματισμένοι

2122 4667 2219 4732 τὰς
2258 4668 2461 4734 ἀκουάς
2498 4671 2772 4742 κρούουσι,
2820 4671 3095 4741 λέγοντες·
3142 4672 3287 4742 Ἐγώ
3326 4676 3442 4743 εἰμι
3491 4677 3526 4726 ὁ
3557 4676 3692 4742 Χρι-

2123 4761 2287 4827 στὸς,
2317 4764 2411 4816 καὶ
2443 4763 2663 4828 πολλοὺς
2689 4763 3081 4834 πλανήσουσιν⁹
3103 4759 3207 4831 Εἷς
3226 4763 3294 4818 δὲ
3307 4766 3494 4833 μόνος
3522 4765 3695 4819 ἐστίν

2127 4849 2159 4900 ό
2189 4848 2461 4915 Χριστὸς,
2490 4850 2519 4902 6
2561 4847 2945 4919 ἐλευθερωτὴς,
2989 4851 3018 4902 6
3059 4847 3439 4919 τροπαιοῦχος,
3472 4850 3502 4901 6
3540 4849 3697 4919 εὐερ-

2128 4938 2358 5007 γετικὸς,
2386 4940 2415 4991 6
2441 4939 2674 4993 διαθέσει
2706 4940 2936 5014 κρούων,
2986 4941 3015 4992 6
3054 4938 3362 5011 ἐλευθερίαν
3391 4942 3459 5010 τῇ
3502 4940 3697 5010 εἰσόδῳ

2131 5030 2559 5102 μνηστευόμενος
2584 5050 2597 5062 ’
2645 5033 2674 5085 6
2711 5033 2827 5103 ἅμα
2868 5032 2946 5104 τῷ
2991 5031 3257 5085 εἰσϐαλεῖν
3293 5028 3573 5096 ἐξοικίζων
3599 5031 3697 5093 τὰς

2129 5119 2421 5191 ἁμαρτίας,
2467 5121 2495 5173 6
2538 5124 2594 5175 ἐν
2632 5125 2697 5194 τῇ
2734 5123 2921 5194 εἰσόδῳ
2949 5123 3045 5194 τὴν
3087 5122 3266 5193 φιλίαν
3302 5124 3400 5190 τὴν
3435 5123 3573 5193 πρὸς
3606 5122 3696 5174 τδν

2130 5213 2349 5284 Πατέρα
2381 5214 2680 5279 ἀποδιδοὺς,
2713 5217 2742 5269 6
2790 5216 3127 5288 παραχρῆμα
3153 5218 3221 5285 τῇ
3250 5215 3439 5286 εἰσόδῳ
3474 5218 3542 5284 τῇ
3574 5217 3696 5267 ἐαυ-

2128 5302 2222 5355 τοῦ
2247 5308 2500 5377 τροπαῖα.

529 5464 552 5497 ⁸
591 5463 775 5521 Matth.
814 5483 959 5531 XXIV,
998 5465 1089 5520 25.
1167 5466 1185 5494 ⁷
1229 5466 1244 5518 Ι
1282 5465 1409 5519 Cor.
1455 5482 1583 5527 ιίιι,
1620 5463 1691 5529 6;
1732 5462 1751 5515 1
1787 5461 1923 5519 Tim.
1960 5477 2039 5529 ιι,
2072 5460 2125 5517 5.

534 5623 645 5692 (ϐλ)
685 5626 753 5677 Εἰ
786 5625 893 5693 γὰρ
920 5625 1068 5692 ἔτερ.
1101 5624 1157 5679 ld
1186 5634 1289 5688 est,
1324 5624 1368 5678 si
1398 5640 1508 5678 non
1545 5624 1735 5681 fuisset
1767 5622 2011 5692 ejusdem
2050 5626 2261 5676 naturae
2284 5632 2505 5688 corpus,
2534 5617 2746 5673 scilicet
2769 5618 3088 5681 humanum,
3127 5612 3306 5667 anima
3361 5608 3698 5680 intelligente

464 5693 768 5763 praditum.
805 5693 977 5748 Tum.
