4022 6208
551 278 695 335 1259

1641 280 1777 337 TITI
1812 279 2241 339 BOSTRENSIS
2277 280 2579 339 EPISCOPI

3647 289 3785 345 ἰπῦ

554 408 710 449 suam
734 392 974 448 arridere
1012 390 1359 463 suspicantur
1383 433 1398 456 ,
1434 407 1543 449 non
1576 395 1723 466 quod
1751 396 1959 465 justum
1990 406 2105 460 est,

2217 396 2379 467 τέρας
2419 395 2693 460 ἀσεΰείας,
2727 394 2787 448 οὐ
2834 396 2894 448 τὸ
2937 395 3148 450 δίκαιον
3184 395 3484 468 αἱροῦνται.
3519 400 3637 453 Οὐκ
3670 400 3792 455 ἑστι

552 484 781 555 eligunt.
815 482 955 539 Caro
980 484 1328 555 passionihus
1349 486 1581 541 obnoxia
1604 503 1712 542 non
1739 488 1996 559 resurgit,
2022 489 2110 543 in-

552 576 671 644 quit
704 574 997 663 apostolus
1020 615 1036 640 ,
1072 592 1259 646 .neque
1292 592 1542 633 crassum
1570 594 1771 649 corpus
1827 595 1935 633 una
1986 595 2111 635 cum

551 667 966 736 egritudinibus
1039 669 1157 723 suis
1219 668 1382 726 vivet.
1439 670 1706 737 Quocirca
1764 672 2109 743 perspicuam

552 758 868 827 quaestionis
900 760 1405 830 interpretationem
1467 763 1692 817 subdit:
1746 762 1878 817 Ecce
1923 776 2115 835 myste-

551 848 690 900 rium
737 846 880 901 vobis
928 846 1086 902 dico:
1137 866 1314 905 omnes
1362 851 1567 921 quidem
1605 868 1709 906 non
1748 852 2066 908 dormiamus
2093 895 2108 918 ,

549 938 639 992 sed
668 955 847 993 omnes
870 940 1271 996 immutabimur
1308 943 1351 999 '.
1394 942 1551 1000 Unde
1600 960 1701 1001 nos
1728 947 1821 1017 qui
1857 947 1990 1002 salvi
2027 946 2111 1000 fu-

549 1030 659 1083 turi
685 1045 911 1094 sumus,
963 1037 1317 1090 mutationem
1366 1037 1750 1103 admittemus,
1790 1038 2111 1107 corporibus

548 1123 770 1178 meliore
821 1130 964 1177 statu
998 1139 1063 1179 ac
1103 1126 1417 1183 conditione
1472 1128 1710 1183 donatis.
1776 1128 1855 1183 Ac
1911 1144 2110 1199 corpus

546 1215 765 1284 quidem
817 1216 942 1281 erit,
982 1217 1123 1287 quod
1158 1218 1318 1274 nobis
1352 1222 1652 1276 mutatione
1696 1221 1786 1275 illa
1844 1221 2104 1278 dabitur:

547 1315 599 1359 at
629 1321 735 1359 non
781 1308 1004 1377 perinde
1061 1323 1189 1362 caro
1233 1319 1287 1364 et
1344 1311 1567 1381 sanguis
1621 1326 1744 1365 cum
1800 1311 2111 1368 inﬁrmitate

545 1399 887 1468 complicata.
921 1397 1037 1453 Non
1063 1401 1206 1456 enim
1228 1400 1332 1456 hoc
1363 1404 1481 1472 ipso
1502 1403 1646 1474 quod
1679 1418 1880 1475 corpus
1905 1405 2108 1476 aliquid

542 1489 637 1554 sit,
672 1491 802 1544 illud
833 1492 1090 1547 continuo
1127 1506 1256 1548 caro
1304 1510 1521 1565 quoque
1578 1503 1681 1552 est.
1716 1497 1811 1551 Sol
1842 1498 2001 1567 plane
2054 1506 2109 1553 et

545 1581 673 1635 luna
728 1590 782 1635 et
824 1582 1002 1639 omnis
1051 1584 1290 1641 cmlestis
1344 1587 1584 1644 chorus.
1639 1602 1839 1659 corpus
1886 1589 2109 1645 omnino

2216 490 2352 563 σὰρξ
2400 488 2653 561 ἐμπαθὴς
2706 487 3062 558 ἀνισταμένη,
3115 488 3283 559 φησὶν
3332 490 3362 540 δ
3426 490 3789 556 ’Δπόστολος,

2211 581 2333 635 οὐδὲ
2374 582 2519 652 παχὺ
2577 580 2736 651 σῶμα
2783 575 2940 643 αὖθις
2982 578 3253 650 μετάρῶν
3289 579 3475 633 παθῶν
3508 581 3793 635 πολιτεύε-

2211 691 2299 727 ται
2326 673 2455 743 (66).
2491 673 2581 725 Διδ
2621 671 2816 741 ἐπάγει
2853 671 2994 743 σαφῆ
3030 670 3325 742 ἑρμηνείαν
3353 671 3453 741 τῆς
3495 673 3790 745 ἐπαπορη-

2214 784 2349 831 σεως
2368 782 2381 794 °
2401 766 2544 821 Ἰδοὺ
2560 764 2898 835 μυστήριον
2919 762 3060 832 ὑμῖν
3088 758 3242 830 λέγω
3263 778 3277 791 ·
3313 761 3536 828 πάντες
3560 763 3684 831 μὲν
3715 767 3789 818 οὐ

2212 858 2704 926 κοιμηθησόμεθα,
2745 854 2965 921 πάντες
2997 853 3067 907 δὲ
3098 855 3599 925 ἀλλαγησόμεθα·
3641 855 3788 910 ὥστε

2216 947 2513 1020 μεταϐολὴν
2532 947 2726 1019 ἕξομεν
2756 948 2806 1001 οἱ
2833 946 3203 1016 σωθησόμενοι
3230 944 3320 997 ἐπί
3340 962 3463 999 τινα
3492 947 3787 1018 κρείττονα

2214 1040 2481 1110 σωμάτων
2532 1040 2883 1093 κατάστασιν.
2935 1037 3047 1089 Kal.
3108 1035 3266 1105 σῶμα
3306 1034 3406 1106 μὲν
3434 1036 3672 1090 ἐσταιτὸ
3722 1040 3786 1091 ἐκ

2215 1132 2513 1203 μεταϐολῆς
2540 1131 2810 1201 διδόμενον
2842 1132 2995 1200 ἡμῖν,
3024 1128 3207 1181 οὐκέτι
3245 1128 3302 1183 δὲ
3350 1127 3486 1199 σὰρξ
3518 1130 3619 1182 καὶ
3644 1126 3789 1201 αἷμα

2213 1223 2465 1295 ἀσθενείᾳ
2511 1214 3095 1293 συμπεπλεγμένα.ιοῦ
3143 1222 3252 1293 γὰρ
3273 1221 3331 1274 εί
3350 1238 3403 1274 τι
3436 1221 3620 1292 σῶμα,
3649 1224 3790 1277 πάν-

2210 1330 2316 1377 τως
2346 1314 2438 1367 καὶ
2488 1311 2643 1384 σάρξ.
2672 1312 2859 1374 Ἥλιος
2910 1310 3041 1378 γοῦν
3093 1310 3197 1371 καὶ,
3231 1309 3426 1382 σελήνη
3473 1311 3570 1364 καὶ⁸
3596 1313 3729 1374 ,πᾶς
3761 1313 3790 1362 ὁ

2207 1403 2455 1475 οὐράνιος
2501 1404 2678 1474 χορὸς,
2721 1401 2878 1472 σῶμα
2927 1401 3025 1469 μὲν
3057 1398 3280 1453 καθόλου
3319 1401 3605 1469 τυγχάνει,
3647 1401 3790 1472 σὰρξ

2207 1493 2263 1547 δὲ
2287 1494 2557 1565 οὐδαμῶς.
2594 1493 2860 1564 Τοιαύτην
2887 1492 3008 1545 τινὰ
3036 1491 3178 1545 ίδέαν
3209 1490 3437 1561 λήψεται
3469 1490 3531 1544 τὸ
3557 1492 3785 1545 ἀνιστάς

2216 1604 2376 1658 μενον
2402 1586 2579 1658 σῶμα,
2612 1586 2752 1640 ὥστε
2779 1586 2875 1649 τὰς
2901 1584 3009 1638 τῶν
3028 1584 3198 1653 ἁγίων
3224 1584 3401 1654 ψυχὰς
3435 1585 3788 1654 συνοικήσειν

542 1680 704 1739 sunt,
755 1690 1096 1745 nequaquam
1147 1686 1325 1731 autem
1384 1692 1533 1735 caro.
1594 1678 1874 1749 Ejusmodi
1941 1697 2105 1752 porro

2212 1679 2421 1751 σώματι
2450 1679 2654 1743 λοιπὸν,
2689 1677 2870 1732 οὐκέτι
2902 1694 2967 1747 γε
2987 1680 3193 1748 τροφῆς
3212 1676 3452 1746 δεομένῳ
3488 1676 3786 1745 σαρκικῆς,

543 1767 777 1835 Speciem
812 1769 1101 1838 quamdam
1133 1769 1350 1825 habebit
1381 1786 1581 1842 corpus
1629 1774 1774 1842 quod
1829 1749 2104 1846 resurget;

2208 1749 2387 1826 οὐκέτι
2413 1772 2469 1825 δὲ
2499 1771 2709 1843 ἡδοναῖς
2742 1787 2799 1823 τε
2858 1771 2950 1823 καὶ
2969 1769 3184 1832 λύπαις,
3218 1770 3311 1823 καί
3331 1768 3593 1840 ἀλγηδόσι
3630 1785 3785 1838 περι-

543 1858 617 1912 ita
654 1867 712 1913 ut
741 1872 1052 1916 sanctorum
1084 1863 1279 1918 animae
1306 1878 1431 1918 cum
1464 1880 1695 1935 corpore
1727 1855 1984 1937 deinceps
2012 1868 2108 1921 ha-

541 1949 734 2017 liitent,
759 1953 903 2022 quod
931 1954 1192 2009 alimento
1225 1957 1496 2025 corporali
1528 1964 1708 2012 tamen
1732 1958 1966 2028 amplius
1996 1975 2106 2014 non

541 2054 724 2114 egeat;
755 2047 886 2115 quin
918 2061 1017 2100 nec
1066 2046 1120 2101 in
1153 2048 1569 2114 oblectationes,
1605 2065 1780 2121 neque
1823 2052 1878 2106 in
1936 2051 2106 2108 mole-

542 2137 675 2191 stias
702 2146 754 2192 et
778 2139 992 2196 dolores
1026 2138 1264 2206 incidat;
1313 2141 1409 2197 sed
1439 2142 1494 2196 in
1524 2142 1710 2214 gloria:
1734 2158 1847 2199 suae
1877 2159 2105 2200 consor-

542 2236 650 2285 tem
678 2231 914 2286 animam
948 2231 1191 2287 divinum
1213 2233 1362 2287 illum
1386 2234 1592 2289 cultum
1634 2236 1905 2291 ullatenus
1927 2244 2106 2293 trans-

540 2322 698 2387 ferat,
733 2324 898 2380 llnitis
925 2325 1341 2390 certaminibus,
1375 2334 1431 2380 et
1465 2326 1646 2380 anima
1672 2326 1895 2383 decreto
1926 2327 2019 2383 Dei
2048 2329 2103 2383 in

540 2413 781 2481 requiem
834 2428 989 2469 suam
1037 2413 1304 2484 digressa.
1346 2412 1575 2485 Insuper
1606 2430 1734 2471 vero
1781 2416 1884 2472 hoc
1930 2426 2103 2473 totum

539 2504 712 2572 aperit
746 2512 799 2559 et
820 2504 1079 2570 elucidat,
1114 2520 1178 2561 ac
1208 2508 1628 2565 resurrectionis
1659 2510 1929 2569 rationem
1958 2512 2105 2568 edis-

539 2593 693 2654 serit,
732 2592 1007 2648 dicendo:
1050 2594 1315 2661 Quoniam
1361 2607 1560 2666 oportet
1604 2601 1947 2669 corruptibile
2012 2601 2104 2656 hoc

538 2684 753 2739 induere
780 2687 1220 2755 incorruptionem
1241 2730 1255 2751 ,
1288 2696 1338 2742 et
1368 2690 1590 2744 mortale
1618 2690 1715 2745 hoc
1754 2693 1970 2747 induere
2001 2694 2103 2747 im-

538 2776 922 2831 mortalitatem
954 2780 995 2833 ’.
1042 2777 1181 2833 llinc
1229 2794 1419 2834 verum
1476 2782 1548 2835 sit
1594 2781 1772 2837 illud:
1819 2781 2102 2854 Corruptio

538 2867 977 2936 incorruptionem
1036 2866 1342 2922 Itwreditate
1382 2885 1484 2922 non
1533 2868 1826 2925 obtinet“.
1888 2870 2021 2925 Nam
2054 2872 2102 2927 si

538 2958 809 3028 quispiam
858 2959 960 3012 hoc
1003 2959 1225 3023 diceret,
1254 2959 1399 3029 quod
1434 2975 1565 3016 caro
1594 2977 1699 3015 una
1737 2976 1863 3016 cum
1920 2963 2101 3020 insitis

539 3050 594 3104 in
633 3066 696 3103 ea
727 3049 1106 3106 all'ectionibus
1140 3066 1465 3122 resurgens,
1514 3052 1785 3122 ejusmodi
1834 3054 1905 3109 sit
1932 3055 2099 3110 vitam

540 3149 750 3207 actura,
782 3148 841 3195 ut
877 3142 1065 3197 eadem
1098 3141 1260 3198 simul
1309 3158 1433 3197 cum
1472 3145 1654 3199 anima
1681 3145 2015 3216 perpetiatur
2046 3154 2101 3202 et

538 3242 698 3304 agat,
736 3233 933 3287 rationi
965 3243 1391 3291 consentaneum
1422 3253 1531 3292 non
1568 3243 1735 3300 esset,
1778 3236 1924 3307 quod
1957 3236 2099 3292 bona

538 3339 634 3395 spe
663 3331 894 3379 careret.
929 3322 1024 3378 Sin
1048 3340 1175 3381 vero
1229 3325 1361 3381 illud
1409 3326 1585 3398 ipsum
1642 3327 1995 3382 mutationem
2044 3326 2099 3381 in

538 3415 819 3469 meliorem
870 3413 1158 3485 et‘fellcem
1189 3423 1391 3471 statum
1439 3417 1679 3488 accipit,
1733 3417 1838 3473 hoc
1885 3417 2101 3489 egregie

537 3506 932 3562 demonstravit
970 3508 1043 3562 ita
1078 3508 1304 3580 loquens
1335 3527 1348 3564 :
1402 3509 1615 3580 Oportet
1663 3510 1800 3564 enim
1838 3512 2101 3578 corrupti-

538 3597 639 3653 b'ile
666 3598 760 3652 hoc
802 3596 1014 3652 induere
1045 3599 1513 3670 incorruptionem,
1545 3608 1595 3654 et
1622 3600 1844 3654 mortale
1890 3602 1986 3654 hoc
2015 3600 2099 3653 inv

535 3687 695 3742 duere
745 3688 1212 3743 immortalitatem.
1265 3688 1418 3743 iusta
1467 3688 1685 3759 quidem
1729 3691 2098 3747 remuneratio

534 3788 620 3834 est
651 3781 1033 3848 instrumenti,
1059 3781 1228 3853 quod
1280 3780 1528 3845 laborum
1580 3782 1775 3837 anima:
1827 3783 2098 3853 particeps

538 3871 676 3926 fuit:
708 3888 810 3927 nec
840 3888 971 3929 vero
997 3888 1059 3928 ea
1087 3873 1348 3929 damnosa
1376 3881 1461 3929 est
1487 3913 1502 3938 ,
1552 3873 1653 3929 nec
1685 3875 1965 3931 laboribus
2000 3877 2099 3931 ob-

536 3964 719 4021 noxia.
750 3957 940 4036 Atqui"
967 3965 1022 4019 in
1080 3965 1183 4021 hac
1216 3966 1371 4021 beata
1406 3963 1516 4020 vita
1546 3967 1683 4022 tales
1731 3982 1853 4022 esse
1905 3983 2094 4024 eorum

2206 1865 2476 1927 πίπτοντι,
2503 1863 2615 1918 ἀλλ’
2664 1860 2722 1916 εὖ
2756 1862 2899 1933 μάλα
2935 1860 3174 1933 δμοδόξῳ
3201 1864 3268 1932 τῇ
3309 1861 3465 1932 ψυχῇ
3489 1861 3782 1932 προσάπτειν

2203 1955 2301 2027 τὴν
2349 1954 2528 2009 ἔνθεον
2581 1939 2834 2026 λατρείαν
2869 1954 3134 2025 μηδέποτε
3178 1953 3533 2016 ἀνατείνοντι,
3571 1971 3787 2006 ﬁmu-

2208 2047 2381 2117 μένων
2425 2046 2534 2099 τῶν
2577 2045 2995 2115 ἀγωνισμάτων,
3022 2045 3117 2098 καὶ
3157 2045 3295 2116 πρὸς
3326 2044 3652 2098 ἀνάπαυλαν
3685 2046 3789 2115 τῆς

2203 2135 2379 2207 ψυχῆς
2430 2136 2922 2207 ἀνακεχωρηκυίας
2948 2134 3176 2205 δόγματι
3208 2133 3367 2188 Θεοῦ.
3410 2135 3532 2188 Ἐπὶ
3562 2134 3620 2188 δὲ
3649 2136 3786 2188 τού-

2202 2245 2315 2292 τοις
2336 2228 2617 2298 σαφηνίζει
2653 2228 2866 2282 ἀπαντα
2893 2227 2984 2280 τὸν
3015 2226 3188 2295 λόγον,
3206 2227 3409 2279 καὶτὸν
3440 2228 3643 2297 τρόπον
3684 2221 3787 2297 τῆς

2204 2320 2546 2384 ἀναστάσεως
2580 2319 2856 2391 ἐξηγεῖται
2883 2318 3055 2387 λέγων
3074 2336 3087 2348 ·
3128 2318 3253 2372 Ὀτι
3286 2317 3383 2371 δεῖ
3412 2318 3481 2371 τὸ
3514 2319 3789 2386 φθαρτὸν

2202 2413 2376 2468 τοῦτο
2387 2412 2753 2467 ἐνδύσασθαι
2770 2413 3133 2482 ἀφθαρσίαν,
3162 2409 3259 2465 καί
3282 2409 3354 2465 τὸ
3369 2405 3785 2477 θνητὸντοῦω

2200 2502 2565 2558 ἐνδύσασθαι
2588 2503 2942 2557 ἀθανασίαν.
2973 2501 3192 2573 Ἀληθές
3210 2500 3278 2556 ἂν
3293 2502 3376 2573 εἴη
3398 2501 3460 2554 τό
3474 2517 3489 2531 ⁵
3507 2499 3583 2556 Ἠ
3592 2500 3792 2569 φθορὰ

2201 2597 2316 2666 τὴν
2339 2598 2678 2667 ἀφθαρσίαν
2716 2599 2789 2651 οὐ
2832 2595 3204 2665 κληρονομεῖ.
3256 2596 3321 2649 Ei
3371 2595 3472 2666 μὲν
3524 2597 3636 2666 γάρ
3696 2612 3784 2658 τις

2201 2690 2356 2743 τοῦτο
2378 2689 2577 2759 ἔλεγεν,
2606 2690 2687 2743 ὅτι
2722 2691 2756 2761 ή
2792 2688 2926 2761 σὰρξ
2953 2688 3069 2760 ἅμα
3107 2690 3217 2750 τοῖς
3252 2687 3519 2756 ἐμφύτοις
3549 2688 3781 2741 πάθεσιν

2200 2778 2356 2845 αὖθις
2370 2782 2648 2835 ἀναστᾶσα
2677 2780 2925 2852 ζήσεται,
2958 2779 3026 2834 τά
3059 2779 3198 2835 αὺτά
3226 2780 3513 2849 πάσχουσά
3564 2798 3622 2833 τε
3676 2781 3783 2833 καὶ

2199 2871 2420 2942 δρῶμας
2445 2870 2580 2942 (66‘)
2612 2872 2725 2943 ἆμα
2746 2874 2811 2942 τῇ
2844 2870 3022 2941 ψυχῇ,
3046 2866 3114 2940 ἦν
3136 2869 3198 2924 ἂν
3232 2869 3423 2936 ἄλογος
3449 2869 3550 2923 οὐκ
3578 2870 3777 2940 ἔχουσα

2201 2963 2408 3035 ἀγαθὴν
2424 2963 2631 3017 ἐλπίδα·
2657 2963 2775 3017 εἰδὲ
2794 2962 3091 3035 μεταϐολὴν
3107 2961 3237 3016 αὐτὸ
3252 2961 3316 3032 δὴ
3334 2962 3494 3016 τοῦτο
3511 2961 3776 3032 λαμϐάνει

2202 3052 2507 3125 κρείττονος
2533 3052 2627 3106 καὶ
2664 3051 2938 3122 μακαρίας
2965 3050 3148 3116 ἕξεως,
3193 3049 3329 3118 ὅπερ
3358 3048 3645 3111 δεικτικῶς
3677 3064 3776 3117 ση-

2205 3145 2404 3217 μαίνει,
2435 3144 2656 3213 φάσκων
2675 3160 2689 3174 σ
2722 3143 2822 3197 Δεῖ
2996 3142 3062 3196 τὸ
3095 3142 3358 3212 φθαρτὸν
3383 3141 3555 3195 τοῦτο
3583 3140 3776 3194 ἐνδύ-

2202 3241 2423 3294 σασθαι
2470 3237 2828 3305 ἀφθαρσίαν,
2859 3236 2957 3289 καὶ
2997 3234 3064 3289 τὸ
3087 3233 3307 3302 θνητὸν
3322 3233 3485 3287 τοῦτο
3505 3231 3778 3285 ἐνδύσα-

2202 3332 2340 3383 σθαι
2365 3327 2718 3382 ἀθανασίαν.
2755 3324 2948 3379 Δικαία
2969 3325 3064 3394 μὲν
3080 3324 3171 3377 τοῦ
3202 3322 3567 3393 ωγκαμόντος
3599 3323 3776 3393 ἐργα-

2200 3421 2342 3477 λείου
2368 3424 2435 3492 τῇ
2461 3417 2606 3489 ψυχῇ
2642 3419 2674 3489 ἡ
2710 3417 2981 3480 ἀπόδοσις,
3021 3416 3120 3468 οὐκ
3156 3415 3444 3485 ἐπιζήμιος
3478 3413 3533 3465 δὲ
3561 3412 3657 3464 καὶ
3690 3411 3773 3465 ἔτι

2201 3507 2455 3570 ἐπίπονος
2497 3509 2691 3581 ταύτῃ.
2733 3508 2869 3561 Ἀλλ’
2906 3508 2963 3561 ἐν
2999 3505 3074 3576 τῷ
3110 3505 3361 3576 μακαρίῳ
3396 3503 3538 3573 (βίῳ)
3570 3502 3772 3566 ταύτας

2203 3598 2419 3654 ἔσεσθαι
2443 3600 2551 3654 τῶν
2589 3598 2907 3670 σωζομένων
2941 3597 3039 3661 τὰς
3058 3596 3231 3668 ψυχὰς
3277 3593 3641 3665 ἀπειληφυίαις
3673 3592 3772 3664 μιν

2202 3691 2264 3745 τὸ
2321 3692 2595 3764 σύμφυτον
2661 3692 2852 3761 αὑταζς
2914 3689 3089 3760 σῶμα,
3124 3689 3185 3742 οὐ
3252 3687 3440 3758 μέντοι
3486 3685 3625 3757 βαρὺ
3678 3686 3772 3738 καὶ

2203 3770 2424 3854 γεῶδες,
2447 3785 2543 3838 καὶ
2576 3785 2840 3857 σαρκικῆς
2862 3783 3155 3853 ἐπιθυμίας
3176 3781 3364 3850 γέμον,
3396 3777 3648 3849 καθάπερ
3671 3777 3771 3848 τὴν

2202 3875 2395 3948 ἀρχὴν,
2439 3876 2530 3929 ὅτε
2579 3874 2643 3945 δὴ
2700 3874 2972 3945 προσῆκον
3000 3868 3068 3943 ἦν
3113 3871 3190 3941 τῷ
3227 3870 3400 3941 ἀγῶνι
3432 3868 3532 3939 τῆς
3570 3868 3772 3939 ἀρετῆς

2201 3950 2615 4039 ἐνευδοκιμῆσαι
2657 3965 2896 4028 ταύταις.
2940 3963 3145 4016 Ἀδικία
3194 3961 3325 4033 γὰρ,
3353 3962 3400 4014 εἰ
3441 3960 3513 4031 μή
3543 3958 3773 4027 τδσυμ-

535 4058 631 4126 qui
667 4057 913 4112 salvandi
943 4064 1092 4123 sunt,
1130 4058 1340 4113 animas
1387 4065 1636 4128 oportet;
1690 4066 1751 4113 ut
1803 4066 2096 4129 cognatum

2204 4054 2442 4135 πονῆσαν
2471 4056 2536 4130 τῇ
2583 4058 2726 4130 ψυχῇ
2767 4056 2922 4128 σῶμα
2963 4054 3105 4108 κατὰ
3138 4053 3295 4112 τήνδε
3339 4051 3432 4119 τὴν
3486 4047 3769 4101 πολιτείαν

535 4145 756 4214 quidem
800 4147 903 4201 sibi
938 4161 1138 4218 corpus
1176 4146 1475 4218 recipiant,
1518 4162 1629 4203 non
1682 4158 1859 4202 autem
1914 4148 2093 4217 ipsum

2204 4148 2417 4220 ἀποδῴη
2447 4148 2857 4202 συναπόλαυσιν.

536 4248 774 4307 graveet
808 4249 1103 4306 terrenum,
1156 4242 1501 4312 carnalisque
1532 4241 1846 4312 cupiditatis
1883 4243 2121 4312 plenum,
2161 4244 2622 4316 quemadmodum
2681 4251 2880 4309 antea;
2909 4241 3128 4311 quando
3155 4253 3352 4310 nempe
3387 4233 3766 4291 necessarium

535 4340 673 4397 erat,
727 4340 787 4388 ut
834 4349 957 4389 cum
1008 4335 1088 4390 eis
1161 4334 1379 4390 virtutis
1445 4335 1744 4389 certamine.
1804 4335 2147 4404 probaretur.
2187 4337 2440 4407 Iniquum
2480 4334 2747 4407 siquidem
2779 4334 2992 4397 fuisset,
3040 4334 3087 4391 si
3134 4348 3339 4403 corpus
3369 4328 3512 4399 quod
3560 4327 3769 4383 anima

535 4424 780 4480 laborum
829 4425 883 4480 in
915 4425 1141 4497 hujusce
1173 4426 1294 4482 vit-.e
1321 4425 1692 4484 inunctionibus
1747 4441 1977 4484 consors
2007 4427 2132 4495 fuit,
2175 4432 2520 4502 praemiorum
2548 4429 2669 4500 ejus
2700 4428 3057 4484 retributione
3090 4441 3201 4481 non
3225 4424 3539 4480 donaretur.

2120 4538 2180 4594 ll.

1924 4654 2065 4711 Ibid.
2095 4673 2216 4731 uag.
2251 4660 2375 4716 747.

535 4782 857 4850 διαιρείὛὶιὶ
895 4790 1474 4914 episcopiMBosnl'orum
1495 4830 1508 4852 ,
1538 4805 1603 4845 ea:
1647 4790 1778 4844 libro
1812 4804 1849 4843 ιι
1898 4797 2093 4845 contra
2126 4795 2169 4851 ι)

1180 4877 1299 4914 ειηιρ
1324 4875 1473 4914 13308.
1610 4878 1613 4879 ν
1874 4880 1881 4885 ’

1180 4875 1473 4916 οηιριιαέοε.
1610 4878 1613 4879 ⁷
1874 4880 1881 4885 “

612 4952 904 5008 Dicendum
958 4953 1122 5023 igitur
1158 4948 1266 5019 est,
1305 4950 1579 5006 hominem
1617 4965 1647 5004 a
1671 4949 1971 5007 Conditore
2008 4967 2096 5007 re-

2272 4949 2383 5023 (67)
2416 4949 2630 5023 Ῥητέον
2660 4948 2860 5013 τοίνυν,
2894 4947 2975 5000 ὅτι
2997 4944 3134 5017 πρὸς
3153 4943 3247 4997 τοῦ
3268 4941 3768 5013 δημιουργήσαντος

532 5060 655 5101 rum
690 5046 744 5100 in
782 5045 945 5100 vitam
975 5044 1300 5115 productum
1352 5058 1496 5107 esse,
1537 5026 1596 5098 ut
1634 5044 1770 5098 nihil
1817 5044 1964 5098 aliud
2000 5062 2099 5101 ne-

2204 5042 2231 5094 ὀ
2269 5041 2553 5116 ἄνθρωπος
2595 5040 2676 5105 είς
2703 5040 2795 5094 τὸν
2828 5038 2940 5110 βίον
2972 5035 3247 5108 παρήχθη,
3294 5033 3767 5105 ἐμπορευσόμενος

533 5138 848 5208 gotiaretur,
892 5137 997 5192 nisi
1054 5138 1309 5207 pietatem
1357 5151 1421 5191 ac
1456 5136 1742 5192 virtutem.
1790 5135 1885 5192 His
1943 5136 2089 5192 enim

2204 5135 2387 5207 ἕτερον
2436 5135 2588 5189 οὐδὲν
2618 5134 2651 5207 ἢ
2689 5133 2846 5206 μόνον
2896 5131 3173 5186 εὐσέϐειαν
3202 5130 3296 5184 κει)⁸
3333 5127 3559 5198 ἀρετήν.
3587 5123 3763 5178 Ταῦτα

2380 4792 2487 4849 Τοῦ
2515 4792 2685 4863 ἁγίου
2715 4790 2884 4845 Τίτου
2910 4786 3245 4843 ἐπισκόπου
3264 4748 3591 4853 ’Βόστρωια

600 5294 623 5327 ⁸
660 5291 840 5350 lCor.
871 5308 963 5360 xv,
996 5293 1085 5348 5i.
1159 5294 1181 5326 ’
1220 5291 1350 5348 ibid.
1388 5292 1476 5348 53.
1553 5292 1597 5324 “
1634 5291 1767 5348 ibid.
1806 5291 1892 5349 50.

2188 5443 2409 5515 σόμενος
2435 5432 3117 5517 ιοαίιμζέμπορεσόμενος.
3141 5435 3477 5517 Haemona
3514 5450 3756 5517 spectare

2185 5509 2583 5567 noscunturad
2615 5509 2814 5565 librum
2839 5524 2901 5572 ιι,
2930 5509 3179 5579 leguntur
3210 5509 3354 5579 enim
3396 5521 3569 5579 supra
3605 5509 3635 5579 ξ
3672 5523 3758 5569 τη,

2184 5582 2427 5652 ejusdem
2457 5580 2580 5663 libri
2609 5599 2622 5635 :
2646 5581 2737 5637 ubi
2765 5577 3179 5652 quoque'altera
3209 5577 3369 5634 lectio
3391 5577 3761 5651 ἐμπορευόμε-

2184 5671 2272 5719 νος
2300 5660 2556 5709 occurrit.

602 5448 715 5518 (66)
747 5445 1253 5518 ΠολιτεύεταιεΑη
1281 5444 1688 5518 πολιτεύσεταιῖ

603 5516 737 5588 (66')
770 5517 918 5588 forte
932 5518 1031 5586 leg.
1050 5516 1242 5588 δρῶσα
1277 5517 1434 5570 Eutr.

602 5583 1012 5657 (6⁵1)’Ῥητέονῖ
1044 5583 1157 5641 Hoc
1189 5585 1547 5657 fragmentum
1576 5584 1859 5657 reperitur
1889 5583 1942 5638 in
1977 5583 2080 5638 Pa-

531 5655 733 5714 ratteti:
764 5655 907 5713 infra
931 5655 1134 5713 Littera
1164 5673 1222 5722 π,
1259 5655 1341 5711 tit.
1372 5672 1495 5723 xxv,
1542 5655 1628 5712 ubi
1668 5670 1765 5727 pro
1810 5657 2079 5728 ἐμπορευ-

2288 5834 2313 5865 9
