  <div class='ocr_page' id='page_1' title='image "/cluster/home/n/w/nwhite01/storage/ocr_20150623/18/hvd.32044073501207/638.png"; bbox 0 0 4022 6208; ppageno 0'>
   <div class='ocr_carea' id='block_1_1' title="bbox 331 305 462 368">
    <p class='ocr_par' dir='ltr' id='par_1_1' title="bbox 331 305 462 368">
     <span class='ocr_line' id='line_1_1' title="bbox 331 305 462 368; baseline 0 0"><span class='ocrx_word' id='word_1_1' title='bbox 331 305 462 368; x_wconf 69' lang='grc'>1261</span> 
     </span>
    </p>
   </div>
   <div class='ocr_carea' id='block_1_2' title="bbox 1245 318 2625 384">
    <p class='ocr_par' dir='ltr' id='par_1_2' title="bbox 1245 318 2625 384">
     <span class='ocr_line' id='line_1_2' title="bbox 1245 318 2625 384; baseline 0.008 -12"><span class='ocrx_word' id='word_1_2' title='bbox 1245 318 1618 380; x_wconf 69' lang='grc' dir='ltr'><strong>ιΑΙΝΕΒΞΠδ</strong></span> <span class='ocrx_word' id='word_1_3' title='bbox 1653 319 2077 381; x_wconf 64' lang='grc' dir='ltr'><strong>ΜΛΜΕΗΕΟΒ</strong></span> <span class='ocrx_word' id='word_1_4' title='bbox 2109 326 2625 384; x_wconf 79' lang='lat' dir='ltr'><strong>SUPPLEMENTA.</strong></span> 
     </span>
    </p>
   </div>
   <div class='ocr_carea' id='block_1_3' title="bbox 3426 331 3562 391">
    <p class='ocr_par' dir='ltr' id='par_1_3' title="bbox 3426 331 3562 391">
     <span class='ocr_line' id='line_1_3' title="bbox 3426 331 3562 391; baseline 0.022 -3"><span class='ocrx_word' id='word_1_5' title='bbox 3426 331 3562 391; x_wconf 61' lang='lat'><strong>19.69..</strong></span> 
     </span>
    </p>
   </div>
   <div class='ocr_carea' id='block_1_4' title="bbox 293 419 1897 520">
    <p class='ocr_par' dir='ltr' id='par_1_4' title="bbox 293 419 1897 514">
     <span class='ocr_line' id='line_1_4' title="bbox 293 419 1897 514; baseline 0.006 -24"><span class='ocrx_word' id='word_1_6' title='bbox 293 419 443 508; x_wconf 64' lang='grc' dir='ltr'><strong>Δγὰρ</strong></span> <span class='ocrx_word' id='word_1_7' title='bbox 501 436 875 507; x_wconf 81' lang='grc' dir='ltr'>κτησάμενος,</span> <span class='ocrx_word' id='word_1_8' title='bbox 934 437 1112 502; x_wconf 82' lang='grc' dir='ltr'>καλῶς</span> <span class='ocrx_word' id='word_1_9' title='bbox 1167 433 1233 494; x_wconf 75' lang='grc' dir='ltr'>ἂν</span> <span class='ocrx_word' id='word_1_10' title='bbox 1265 442 1574 514; x_wconf 82' lang='grc' dir='ltr'>διανήξαιτο</span> <span class='ocrx_word' id='word_1_11' title='bbox 1619 446 1783 499; x_wconf 81' lang='grc' dir='ltr'>τόνδε·</span> <span class='ocrx_word' id='word_1_12' title='bbox 1813 447 1897 499; x_wconf 63' lang='grc' dir='ltr'>’τὸν</span> 
     </span>
    </p>
   </div>
   <div class='ocr_carea' id='block_1_5' title="bbox 1999 419 3561 520">
    <p class='ocr_par' dir='ltr' id='par_1_5' title="bbox 2011 448 3561 520">
     <span class='ocr_line' id='line_1_5' title="bbox 2011 448 3561 520; baseline 0.004 -18"><span class='ocrx_word' id='word_1_13' title='bbox 2011 448 2371 520; x_wconf 71' lang='lat' dir='ltr'><strong>comparatis,</strong></span> <span class='ocrx_word' id='word_1_14' title='bbox 2433 458 2582 505; x_wconf 86' lang='lat' dir='ltr'><strong>recte</strong></span> <span class='ocrx_word' id='word_1_15' title='bbox 2643 461 2812 504; x_wconf 64' lang='lat' dir='ltr'><strong>mum</strong></span> <span class='ocrx_word' id='word_1_16' title='bbox 2872 450 3016 505; x_wconf 89' lang='lat' dir='ltr'><strong>istud</strong></span> <span class='ocrx_word' id='word_1_17' title='bbox 3081 453 3496 505; x_wconf 87' lang='lat' dir='ltr'><strong>transmeaverit</strong></span> <span class='ocrx_word' id='word_1_18' title='bbox 3541 469 3561 509; x_wconf 89' lang='lat'><strong>:</strong></span> 
     </span>
    </p>
   </div>
   <div class='ocr_carea' id='block_1_6' title="bbox 331 524 1900 604">
    <p class='ocr_par' dir='ltr' id='par_1_6' title="bbox 331 524 1900 604">
     <span class='ocr_line' id='line_1_6' title="bbox 331 524 1900 604; baseline 0.006 -22"><span class='ocrx_word' id='word_1_19' title='bbox 331 529 480 601; x_wconf 85' lang='grc' dir='ltr'>βίον·</span> <span class='ocrx_word' id='word_1_20' title='bbox 518 530 798 601; x_wconf 77' lang='grc' dir='ltr'><strong>ἀμελήσας</strong></span> <span class='ocrx_word' id='word_1_21' title='bbox 834 530 891 584; x_wconf 84' lang='grc' dir='ltr'>δὲ</span> <span class='ocrx_word' id='word_1_22' title='bbox 945 531 1184 597; x_wconf 80' lang='grc' dir='ltr'>τούτων,</span> <span class='ocrx_word' id='word_1_23' title='bbox 1221 524 1469 604; x_wconf 71' lang='grc' dir='ltr'>χαλεπῶς</span> <span class='ocrx_word' id='word_1_24' title='bbox 1507 537 1572 591; x_wconf 67' lang='grc' dir='ltr'>ἂν</span> <span class='ocrx_word' id='word_1_25' title='bbox 1618 538 1900 592; x_wconf 77' lang='grc' dir='ltr'>διαϐαπτι-</span> 
     </span>
    </p>
   </div>
   <div class='ocr_carea' id='block_1_7' title="bbox 331 618 887 691">
    <p class='ocr_par' dir='ltr' id='par_1_7' title="bbox 331 618 887 691">
     <span class='ocr_line' id='line_1_7' title="bbox 331 618 887 691; baseline 0.002 -19"><span class='ocrx_word' id='word_1_26' title='bbox 331 618 483 690; x_wconf 89' lang='grc' dir='ltr'>σθείη</span> <span class='ocrx_word' id='word_1_27' title='bbox 520 619 887 691; x_wconf 76' lang='grc' dir='ltr'>πλανώμενος.</span> 
     </span>
    </p>
   </div>
   <div class='ocr_carea' id='block_1_8' title="bbox 1909 739 1995 794">
    <p class='ocr_par' dir='ltr' id='par_1_8' title="bbox 1909 739 1995 794">
     <span class='ocr_line' id='line_1_8' title="bbox 1909 739 1995 794; baseline 0.023 -2"><span class='ocrx_word' id='word_1_28' title='bbox 1909 739 1995 794; x_wconf 83' lang='lat' dir='ltr'><strong>lll.</strong></span> 
     </span>
    </p>
   </div>
   <div class='ocr_carea' id='block_1_9' title="bbox 2011 532 3565 613">
    <p class='ocr_par' dir='ltr' id='par_1_9' title="bbox 2011 532 3565 613">
     <span class='ocr_line' id='line_1_9' title="bbox 2011 532 3565 613; baseline 0.002 -21"><span class='ocrx_word' id='word_1_29' title='bbox 2011 538 2058 592; x_wconf 88' lang='lat' dir='ltr'><strong>si</strong></span> <span class='ocrx_word' id='word_1_30' title='bbox 2077 555 2112 592; x_wconf 86' lang='grc' dir='ltr'><strong>ιι</strong></span> <span class='ocrx_word' id='word_1_31' title='bbox 2137 555 2268 596; x_wconf 88' lang='lat' dir='ltr'><strong>vero</strong></span> <span class='ocrx_word' id='word_1_32' title='bbox 2296 541 2615 611; x_wconf 75' lang='lat' dir='ltr'><strong>neglexerit,</strong></span> <span class='ocrx_word' id='word_1_33' title='bbox 2651 557 2833 597; x_wconf 86' lang='lat' dir='ltr'><strong>errore</strong></span> <span class='ocrx_word' id='word_1_34' title='bbox 2862 532 2961 597; x_wconf 87' lang='lat' dir='ltr'><strong>suo</strong></span> <span class='ocrx_word' id='word_1_35' title='bbox 2983 541 3132 613; x_wconf 85' lang='lat' dir='ltr'><strong>gravi</strong></span> <span class='ocrx_word' id='word_1_36' title='bbox 3164 555 3293 597; x_wconf 86' lang='lat' dir='ltr'><strong>casu</strong></span> <span class='ocrx_word' id='word_1_37' title='bbox 3319 542 3565 597; x_wconf 53' lang='lat' dir='ltr'><strong>submera-</strong></span> 
     </span>
    </p>
   </div>
   <div class='ocr_carea' id='block_1_10' title="bbox 2002 639 2177 698">
    <p class='ocr_par' dir='ltr' id='par_1_10' title="bbox 2002 639 2177 698">
     <span class='ocr_line' id='line_1_10' title="bbox 2002 639 2177 698; baseline -0.011 -14"><span class='ocrx_word' id='word_1_38' title='bbox 2002 639 2177 698; x_wconf 78' lang='lat' dir='ltr'><strong>getur.</strong></span> 
     </span>
    </p>
   </div>
   <div class='ocr_carea' id='block_1_11' title="bbox 1727 813 2185 927">
    <p class='ocr_par' dir='ltr' id='par_1_11' title="bbox 1727 813 2185 927">
     <span class='ocr_line' id='line_1_11' title="bbox 1727 813 2185 927; baseline 0.007 -21"><span class='ocrx_word' id='word_1_39' title='bbox 1727 851 1869 913; x_wconf 78' lang='lat' dir='ltr'><strong>Ibid.</strong></span> <span class='ocrx_word' id='word_1_40' title='bbox 1909 813 2030 927; x_wconf 72' lang='lat' dir='ltr'><strong>pag.</strong></span> <span class='ocrx_word' id='word_1_41' title='bbox 2065 857 2185 911; x_wconf 83' lang='lat'><strong>788.</strong></span> 
     </span>
    </p>
   </div>
   <div class='ocr_carea' id='block_1_12' title="bbox 479 953 1758 1037">
    <p class='ocr_par' dir='ltr' id='par_1_12' title="bbox 479 953 1758 1037">
     <span class='ocr_line' id='line_1_12' title="bbox 479 953 1758 1037; baseline 0.009 -28"><span class='ocrx_word' id='word_1_42' title='bbox 479 953 597 1010; x_wconf 83' lang='grc' dir='ltr'>Τοῦ</span> <span class='ocrx_word' id='word_1_43' title='bbox 641 956 812 1025; x_wconf 77' lang='grc' dir='ltr'>ἁγίου</span> <span class='ocrx_word' id='word_1_44' title='bbox 850 962 1039 1026; x_wconf 82' lang='grc' dir='ltr'><strong>Τίτου,</strong></span> <span class='ocrx_word' id='word_1_45' title='bbox 1069 961 1138 1015; x_wconf 78' lang='grc' dir='ltr'>ἐκ</span> <span class='ocrx_word' id='word_1_46' title='bbox 1180 963 1286 1018; x_wconf 79' lang='grc' dir='ltr'><strong>τοῦ</strong></span> <span class='ocrx_word' id='word_1_47' title='bbox 1313 959 1449 1037; x_wconf 76' lang='grc' dir='ltr'>Περὶ</span> <span class='ocrx_word' id='word_1_48' title='bbox 1479 967 1758 1037; x_wconf 78' lang='grc' dir='ltr'><strong>Προνοίας.</strong></span> 
     </span>
    </p>
   </div>
   <div class='ocr_carea' id='block_1_13' title="bbox 406 1153 1941 1235">
    <p class='ocr_par' dir='ltr' id='par_1_13' title="bbox 406 1153 1941 1235">
     <span class='ocr_line' id='line_1_13' title="bbox 406 1153 1941 1235; baseline 0.009 -28"><span class='ocrx_word' id='word_1_49' title='bbox 406 1153 517 1226; x_wconf 88' lang='grc'><strong>(68)</strong></span> <span class='ocrx_word' id='word_1_50' title='bbox 557 1155 698 1224; x_wconf 85' lang='grc' dir='ltr'>Πρὸς</span> <span class='ocrx_word' id='word_1_51' title='bbox 741 1155 797 1209; x_wconf 83' lang='grc' dir='ltr'>δὲ</span> <span class='ocrx_word' id='word_1_52' title='bbox 830 1160 942 1221; x_wconf 83' lang='grc' dir='ltr'>τοῖς</span> <span class='ocrx_word' id='word_1_53' title='bbox 987 1157 1157 1212; x_wconf 77' lang='grc' dir='ltr'>ἅπασι</span> <span class='ocrx_word' id='word_1_54' title='bbox 1189 1160 1295 1214; x_wconf 82' lang='grc' dir='ltr'>τῶν</span> <span class='ocrx_word' id='word_1_55' title='bbox 1339 1164 1583 1235; x_wconf 74' lang='grc' dir='ltr'>συνήθως</span> <span class='ocrx_word' id='word_1_56' title='bbox 1637 1167 1741 1220; x_wconf 81' lang='grc' dir='ltr'><strong>ὑπὸ</strong></span> <span class='ocrx_word' id='word_1_57' title='bbox 1765 1166 1898 1220; x_wconf 88' lang='grc' dir='ltr'>Θεοῦ</span> <span class='ocrx_word' id='word_1_58' title='bbox 1931 1183 1941 1192; x_wconf 93' lang='grc'><strong>·</strong></span> 
     </span>
    </p>
   </div>
   <div class='ocr_carea' id='block_1_14' title="bbox 334 1235 1900 1330">
    <p class='ocr_par' dir='ltr' id='par_1_14' title="bbox 334 1235 1900 1330">
     <span class='ocr_line' id='line_1_14' title="bbox 334 1235 1900 1330; baseline 0.008 -31"><span class='ocrx_word' id='word_1_59' title='bbox 334 1235 634 1317; x_wconf 80' lang='grc' dir='ltr'>δεδομένων</span> <span class='ocrx_word' id='word_1_60' title='bbox 683 1251 834 1320; x_wconf 78' lang='grc' dir='ltr'>κοινῇ</span> <span class='ocrx_word' id='word_1_61' title='bbox 870 1247 1044 1303; x_wconf 65' lang='lat' dir='ltr'><strong>mictu-</strong></span> <span class='ocrx_word' id='word_1_62' title='bbox 1084 1252 1390 1324; x_wconf 88' lang='grc' dir='ltr'>ἀνθρώποις</span> <span class='ocrx_word' id='word_1_63' title='bbox 1440 1259 1487 1310; x_wconf 79' lang='grc' dir='ltr'>εἰ</span> <span class='ocrx_word' id='word_1_64' title='bbox 1538 1244 1776 1330; x_wconf 75' lang='grc' dir='ltr'>μηδεμία</span> <span class='ocrx_word' id='word_1_65' title='bbox 1819 1259 1900 1324; x_wconf 86' lang='grc' dir='ltr'><strong>τίς</strong></span> 
     </span>
    </p>
   </div>
   <div class='ocr_carea' id='block_1_15' title="bbox 336 1338 1898 1422">
    <p class='ocr_par' dir='ltr' id='par_1_15' title="bbox 336 1338 1898 1422">
     <span class='ocr_line' id='line_1_15' title="bbox 336 1338 1898 1422; baseline 0.01 -33"><span class='ocrx_word' id='word_1_66' title='bbox 336 1339 484 1391; x_wconf 74' lang='grc' dir='ltr'>ἐστιν</span> <span class='ocrx_word' id='word_1_67' title='bbox 511 1338 599 1390; x_wconf 85' lang='grc' dir='ltr'>ὅτε</span> <span class='ocrx_word' id='word_1_68' title='bbox 634 1339 912 1406; x_wconf 70' lang='grc' dir='ltr'>συνέϐαινε</span> <span class='ocrx_word' id='word_1_69' title='bbox 944 1340 1196 1406; x_wconf 84' lang='grc' dir='ltr'>κώλυσις,</span> <span class='ocrx_word' id='word_1_70' title='bbox 1218 1347 1374 1416; x_wconf 78' lang='grc' dir='ltr'>φορᾷ</span> <span class='ocrx_word' id='word_1_71' title='bbox 1411 1341 1624 1422; x_wconf 75' lang='grc' dir='ltr'>φύσεως</span> <span class='ocrx_word' id='word_1_72' title='bbox 1667 1350 1731 1403; x_wconf 83' lang='grc' dir='ltr'>ἄν</span> <span class='ocrx_word' id='word_1_73' title='bbox 1756 1368 1898 1414; x_wconf 88' lang='grc' dir='ltr'>τινος</span> 
     </span>
    </p>
   </div>
   <div class='ocr_carea' id='block_1_16' title="bbox 333 1427 1898 1513">
    <p class='ocr_par' dir='ltr' id='par_1_16' title="bbox 333 1427 1898 1513">
     <span class='ocr_line' id='line_1_16' title="bbox 333 1427 1898 1513; baseline 0.008 -31"><span class='ocrx_word' id='word_1_74' title='bbox 333 1427 710 1500; x_wconf 78' lang='grc' dir='ltr'>ἀμεταϐλήτου</span> <span class='ocrx_word' id='word_1_75' title='bbox 743 1432 841 1501; x_wconf 87' lang='grc' dir='ltr'>τὴν</span> <span class='ocrx_word' id='word_1_76' title='bbox 869 1432 1130 1504; x_wconf 81' lang='grc' dir='ltr'>χορηγίαν</span> <span class='ocrx_word' id='word_1_77' title='bbox 1172 1433 1350 1489; x_wconf 75' lang='grc' dir='ltr'>αὐτῶν</span> <span class='ocrx_word' id='word_1_78' title='bbox 1397 1433 1662 1510; x_wconf 78' lang='grc' dir='ltr'>ἠθέλησαν</span> <span class='ocrx_word' id='word_1_79' title='bbox 1688 1441 1898 1513; x_wconf 79' lang='grc' dir='ltr'>ἄνθρω-</span> 
     </span>
    </p>
   </div>
   <div class='ocr_carea' id='block_1_17' title="bbox 334 1521 1899 1602">
    <p class='ocr_par' dir='ltr' id='par_1_17' title="bbox 334 1521 1899 1602">
     <span class='ocr_line' id='line_1_17' title="bbox 334 1521 1899 1602; baseline 0.008 -30"><span class='ocrx_word' id='word_1_80' title='bbox 334 1538 461 1585; x_wconf 90' lang='grc' dir='ltr'>ποι,</span> <span class='ocrx_word' id='word_1_81' title='bbox 497 1521 590 1573; x_wconf 73' lang='grc' dir='ltr'>καὶ</span> <span class='ocrx_word' id='word_1_82' title='bbox 623 1523 721 1575; x_wconf 80' lang='grc' dir='ltr'>οὐκ</span> <span class='ocrx_word' id='word_1_83' title='bbox 751 1521 835 1587; x_wconf 84' lang='grc' dir='ltr'>ἂν,</span> <span class='ocrx_word' id='word_1_84' title='bbox 880 1525 1156 1595; x_wconf 88' lang='grc' dir='ltr'>δεχόμενοι</span> <span class='ocrx_word' id='word_1_85' title='bbox 1191 1527 1384 1592; x_wconf 87' lang='grc' dir='ltr'>ταῦτα,</span> <span class='ocrx_word' id='word_1_86' title='bbox 1419 1529 1577 1601; x_wconf 82' lang='grc' dir='ltr'>χάριν</span> <span class='ocrx_word' id='word_1_87' title='bbox 1621 1531 1899 1602; x_wconf 85' lang='grc' dir='ltr'>ὡμολόγη-</span> 
     </span>
    </p>
   </div>
   <div class='ocr_carea' id='block_1_18' title="bbox 335 1611 1897 1691">
    <p class='ocr_par' dir='ltr' id='par_1_18' title="bbox 335 1611 1897 1691">
     <span class='ocr_line' id='line_1_18' title="bbox 335 1611 1897 1691; baseline 0.008 -28"><span class='ocrx_word' id='word_1_88' title='bbox 335 1628 435 1664; x_wconf 87' lang='grc' dir='ltr'>σαν</span> <span class='ocrx_word' id='word_1_89' title='bbox 467 1611 544 1682; x_wconf 79' lang='grc' dir='ltr'>τῷ</span> <span class='ocrx_word' id='word_1_90' title='bbox 574 1612 691 1684; x_wconf 83' lang='grc' dir='ltr'><strong>Θεῷ</strong></span> <span class='ocrx_word' id='word_1_91' title='bbox 710 1655 724 1676; x_wconf 86' lang='grc'><strong>,</strong></span> <span class='ocrx_word' id='word_1_92' title='bbox 763 1615 861 1666; x_wconf 78' lang='grc' dir='ltr'><strong>οὐκ</strong></span> <span class='ocrx_word' id='word_1_93' title='bbox 895 1614 959 1668; x_wconf 82' lang='grc' dir='ltr'>ἂν</span> <span class='ocrx_word' id='word_1_94' title='bbox 985 1616 1039 1668; x_wconf 83' lang='grc' dir='ltr'>δὲ</span> <span class='ocrx_word' id='word_1_95' title='bbox 1071 1616 1278 1687; x_wconf 61' lang='grc' dir='ltr'><strong>⁴ᾔτησαν</strong></span> <span class='ocrx_word' id='word_1_96' title='bbox 1310 1618 1542 1689; x_wconf 82' lang='grc' dir='ltr'>ἔχοντες.</span> <span class='ocrx_word' id='word_1_97' title='bbox 1579 1621 1897 1691; x_wconf 88' lang='grc' dir='ltr'>Στεροῦνται</span> 
     </span>
    </p>
   </div>
   <div class='ocr_carea' id='block_1_19' title="bbox 332 1703 1897 1784">
    <p class='ocr_par' dir='ltr' id='par_1_19' title="bbox 332 1703 1897 1784">
     <span class='ocr_line' id='line_1_19' title="bbox 332 1703 1897 1784; baseline 0.009 -31"><span class='ocrx_word' id='word_1_98' title='bbox 332 1703 622 1773; x_wconf 66' lang='grc' dir='ltr'>τοιγαροῦν</span> <span class='ocrx_word' id='word_1_99' title='bbox 677 1705 847 1757; x_wconf 78' lang='grc' dir='ltr'>ἐνίοτε</span> <span class='ocrx_word' id='word_1_100' title='bbox 898 1707 1032 1778; x_wconf 84' lang='grc' dir='ltr'>πρὸς</span> <span class='ocrx_word' id='word_1_101' title='bbox 1083 1707 1291 1776; x_wconf 77' lang='grc' dir='ltr'>ὀλίγον,</span> <span class='ocrx_word' id='word_1_102' title='bbox 1339 1710 1424 1763; x_wconf 82' lang='grc' dir='ltr'>ἵνα</span> <span class='ocrx_word' id='word_1_103' title='bbox 1477 1713 1767 1784; x_wconf 79' lang='grc' dir='ltr'><strong>αἰτήσωσι·</strong></span> <span class='ocrx_word' id='word_1_104' title='bbox 1805 1715 1897 1767; x_wconf 79' lang='grc' dir='ltr'>καὶ</span> 
     </span>
    </p>
   </div>
   <div class='ocr_carea' id='block_1_20' title="bbox 2015 965 3564 1036">
    <p class='ocr_par' dir='ltr' id='par_1_20' title="bbox 2015 965 3564 1036">
     <span class='ocr_line' id='line_1_20' title="bbox 2015 965 3564 1036; baseline -0.003 -10"><span class='ocrx_word' id='word_1_105' title='bbox 2015 970 2204 1026; x_wconf 78' lang='lat' dir='ltr'><strong>Sancti</strong></span> <span class='ocrx_word' id='word_1_106' title='bbox 2229 970 2358 1036; x_wconf 88' lang='lat' dir='ltr'><strong>Titi,</strong></span> <span class='ocrx_word' id='word_1_107' title='bbox 2385 985 2448 1024; x_wconf 78' lang='lat' dir='ltr'><strong>ex</strong></span> <span class='ocrx_word' id='word_1_108' title='bbox 2473 969 2606 1024; x_wconf 82' lang='lat' dir='ltr'><strong>libro</strong></span> <span class='ocrx_word' id='word_1_109' title='bbox 2623 967 2696 1022; x_wconf 91' lang='lat' dir='ltr'><strong>De</strong></span> <span class='ocrx_word' id='word_1_110' title='bbox 2725 967 3088 1035; x_wconf 80' lang='lat' dir='ltr'><strong>Providentia,</strong></span> <span class='ocrx_word' id='word_1_111' title='bbox 3118 981 3182 1021; x_wconf 78' lang='lat' dir='ltr'><strong>ea:</strong></span> <span class='ocrx_word' id='word_1_112' title='bbox 3203 965 3335 1020; x_wconf 82' lang='lat' dir='ltr'><strong>libro</strong></span> <span class='ocrx_word' id='word_1_113' title='bbox 3368 981 3405 1020; x_wconf 91' lang='grc' dir='ltr'><strong>ιι</strong></span> <span class='ocrx_word' id='word_1_114' title='bbox 3432 977 3564 1021; x_wconf 60' lang='lat' dir='ltr'><strong>con‘</strong></span> 
     </span>
    </p>
   </div>
   <div class='ocr_carea' id='block_1_21' title="bbox 2561 1039 3011 1094">
    <p class='ocr_par' dir='ltr' id='par_1_21' title="bbox 2561 1039 3011 1094">
     <span class='ocr_line' id='line_1_21' title="bbox 2561 1039 3011 1094; baseline 0.002 -1"><span class='ocrx_word' id='word_1_115' title='bbox 2561 1048 2646 1093; x_wconf 89' lang='lat' dir='ltr'><strong>tra</strong></span> <span class='ocrx_word' id='word_1_116' title='bbox 2671 1039 3011 1094; x_wconf 65' lang='lat' dir='ltr'><strong>Manicbacos.</strong></span> 
     </span>
    </p>
   </div>
   <div class='ocr_carea' id='block_1_22' title="bbox 2085 1146 3563 1222">
    <p class='ocr_par' dir='ltr' id='par_1_22' title="bbox 2085 1146 3563 1222">
     <span class='ocr_line' id='line_1_22' title="bbox 2085 1146 3563 1222; baseline -0.002 -17"><span class='ocrx_word' id='word_1_117' title='bbox 2085 1152 2286 1207; x_wconf 66' lang='lat' dir='ltr'><strong>Prtetcr</strong></span> <span class='ocrx_word' id='word_1_118' title='bbox 2340 1153 2456 1207; x_wconf 65' lang='lat' dir='ltr'><strong>haec</strong></span> <span class='ocrx_word' id='word_1_119' title='bbox 2513 1153 2716 1221; x_wconf 88' lang='lat' dir='ltr'><strong>omnia,</strong></span> <span class='ocrx_word' id='word_1_120' title='bbox 2754 1153 2860 1207; x_wconf 87' lang='lat' dir='ltr'><strong>nisi</strong></span> <span class='ocrx_word' id='word_1_121' title='bbox 2903 1167 3024 1222; x_wconf 71' lang='lat' dir='ltr'><strong>qua:</strong></span> <span class='ocrx_word' id='word_1_122' title='bbox 3073 1166 3103 1204; x_wconf 92' lang='lat' dir='ltr'><strong>a</strong></span> <span class='ocrx_word' id='word_1_123' title='bbox 3134 1150 3243 1204; x_wconf 93' lang='lat' dir='ltr'><strong>Deo</strong></span> <span class='ocrx_word' id='word_1_124' title='bbox 3293 1146 3563 1203; x_wconf 83' lang='lat' dir='ltr'><strong>universis</strong></span> 
     </span>
    </p>
   </div>
   <div class='ocr_carea' id='block_1_23' title="bbox 2004 1239 3562 1315">
    <p class='ocr_par' dir='ltr' id='par_1_23' title="bbox 2004 1239 3562 1315">
     <span class='ocr_line' id='line_1_23' title="bbox 2004 1239 3562 1315; baseline -0.006 -15"><span class='ocrx_word' id='word_1_125' title='bbox 2004 1243 2321 1301; x_wconf 89' lang='lat' dir='ltr'><strong>hominibus</strong></span> <span class='ocrx_word' id='word_1_126' title='bbox 2355 1245 2578 1315; x_wconf 81' lang='lat' dir='ltr'><strong>perinde</strong></span> <span class='ocrx_word' id='word_1_127' title='bbox 2617 1245 2858 1314; x_wconf 61' lang='lat' dir='ltr'><strong>concedi}</strong></span> <span class='ocrx_word' id='word_1_128' title='bbox 2886 1245 3087 1309; x_wconf 90' lang='lat' dir='ltr'><strong>solent,</strong></span> <span class='ocrx_word' id='word_1_129' title='bbox 3120 1241 3407 1298; x_wconf 86' lang='lat' dir='ltr'><strong>identidem</strong></span> <span class='ocrx_word' id='word_1_130' title='bbox 3459 1239 3562 1292; x_wconf 89' lang='lat' dir='ltr'><strong>im-</strong></span> 
     </span>
    </p>
   </div>
   <div class='ocr_carea' id='block_1_24' title="bbox 2007 1332 3563 1407">
    <p class='ocr_par' dir='ltr' id='par_1_24' title="bbox 2007 1332 3563 1407">
     <span class='ocr_line' id='line_1_24' title="bbox 2007 1332 3563 1407; baseline -0.003 -18"><span class='ocrx_word' id='word_1_131' title='bbox 2007 1336 2181 1407; x_wconf 88' lang='lat' dir='ltr'><strong>pediri</strong></span> <span class='ocrx_word' id='word_1_132' title='bbox 2209 1335 2553 1406; x_wconf 83' lang='lat' dir='ltr'><strong>contingeret</strong></span> <span class='ocrx_word' id='word_1_133' title='bbox 2578 1333 2870 1388; x_wconf 90' lang='lat' dir='ltr'><strong>immobilis</strong></span> <span class='ocrx_word' id='word_1_134' title='bbox 2906 1332 3190 1401; x_wconf 85' lang='lat' dir='ltr'><strong>cujusdam</strong></span> <span class='ocrx_word' id='word_1_135' title='bbox 3233 1336 3563 1387; x_wconf 46' lang='lat' dir='ltr'><strong>naturaeimé</strong></span> 
     </span>
    </p>
   </div>
   <div class='ocr_carea' id='block_1_25' title="bbox 2003 1423 3560 1497">
    <p class='ocr_par' dir='ltr' id='par_1_25' title="bbox 2003 1423 3560 1497">
     <span class='ocr_line' id='line_1_25' title="bbox 2003 1423 3560 1497; baseline -0.003 -17"><span class='ocrx_word' id='word_1_136' title='bbox 2003 1435 2131 1497; x_wconf 91' lang='lat' dir='ltr'><strong>petu</strong></span> <span class='ocrx_word' id='word_1_137' title='bbox 2160 1445 2174 1493; x_wconf 91' lang='lat'>;</span> <span class='ocrx_word' id='word_1_138' title='bbox 2210 1428 2402 1481; x_wconf 88' lang='lat' dir='ltr'><strong>horum</strong></span> <span class='ocrx_word' id='word_1_139' title='bbox 2432 1426 2770 1497; x_wconf 73' lang='lat' dir='ltr'><strong>largitionem</strong></span> <span class='ocrx_word' id='word_1_140' title='bbox 2802 1423 2936 1477; x_wconf 86' lang='lat' dir='ltr'><strong>nihil</strong></span> <span class='ocrx_word' id='word_1_141' title='bbox 2969 1434 3252 1476; x_wconf 86' lang='lat' dir='ltr'><strong>curassent</strong></span> <span class='ocrx_word' id='word_1_142' title='bbox 3282 1424 3560 1486; x_wconf 88' lang='lat' dir='ltr'><strong>homines,</strong></span> 
     </span>
    </p>
   </div>
   <div class='ocr_carea' id='block_1_26' title="bbox 2003 1515 3564 1587">
    <p class='ocr_par' dir='ltr' id='par_1_26' title="bbox 2003 1515 3564 1587">
     <span class='ocr_line' id='line_1_26' title="bbox 2003 1515 3564 1587; baseline -0.001 -15"><span class='ocrx_word' id='word_1_143' title='bbox 2003 1533 2105 1573; x_wconf 89' lang='lat' dir='ltr'><strong>nec</strong></span> <span class='ocrx_word' id='word_1_144' title='bbox 2147 1519 2213 1572; x_wconf 92' lang='lat' dir='ltr'><strong>iis</strong></span> <span class='ocrx_word' id='word_1_145' title='bbox 2236 1518 2472 1572; x_wconf 84' lang='lat' dir='ltr'><strong>obtentis</strong></span> <span class='ocrx_word' id='word_1_146' title='bbox 2511 1516 2621 1571; x_wconf 93' lang='lat' dir='ltr'><strong>Deo</strong></span> <span class='ocrx_word' id='word_1_147' title='bbox 2652 1517 2854 1587; x_wconf 80' lang='lat' dir='ltr'><strong>gratias</strong></span> <span class='ocrx_word' id='word_1_148' title='bbox 2886 1522 3126 1583; x_wconf 81' lang='lat' dir='ltr'><strong>agerent,</strong></span> <span class='ocrx_word' id='word_1_149' title='bbox 3169 1525 3342 1583; x_wconf 77' lang='lat' dir='ltr'><strong>neqde</strong></span> <span class='ocrx_word' id='word_1_150' title='bbox 3369 1515 3564 1580; x_wconf 71' lang='lat' dir='ltr'><strong>bonum</strong></span> 
     </span>
    </p>
   </div>
   <div class='ocr_carea' id='block_1_27' title="bbox 2004 1606 3565 1684">
    <p class='ocr_par' dir='ltr' id='par_1_27' title="bbox 2004 1606 3565 1684">
     <span class='ocr_line' id='line_1_27' title="bbox 2004 1606 3565 1684; baseline -0.002 -20"><span class='ocrx_word' id='word_1_151' title='bbox 2004 1618 2288 1680; x_wconf 87' lang='lat' dir='ltr'><strong>compotes</strong></span> <span class='ocrx_word' id='word_1_152' title='bbox 2344 1609 2496 1674; x_wconf 79' lang='lat' dir='ltr'><strong>facti,</strong></span> <span class='ocrx_word' id='word_1_153' title='bbox 2537 1609 2810 1663; x_wconf 85' lang='lat' dir='ltr'><strong>ullatenus</strong></span> <span class='ocrx_word' id='word_1_154' title='bbox 2850 1614 3222 1684; x_wconf 85' lang='lat' dir='ltr'><strong>precarentur.</strong></span> <span class='ocrx_word' id='word_1_155' title='bbox 3242 1606 3321 1659; x_wconf 86' lang='lat' dir='ltr'><strong>Ad</strong></span> <span class='ocrx_word' id='word_1_156' title='bbox 3352 1614 3565 1676; x_wconf 85' lang='lat' dir='ltr'><strong>tempus</strong></span> 
     </span>
    </p>
   </div>
   <div class='ocr_carea' id='block_1_28' title="bbox 2004 1700 3567 1772">
    <p class='ocr_par' dir='ltr' id='par_1_28' title="bbox 2004 1700 3567 1772">
     <span class='ocr_line' id='line_1_28' title="bbox 2004 1700 3567 1772; baseline -0.003 -18"><span class='ocrx_word' id='word_1_157' title='bbox 2004 1701 2172 1772; x_wconf 86' lang='lat' dir='ltr'><strong>igitur</strong></span> <span class='ocrx_word' id='word_1_158' title='bbox 2216 1700 2435 1770; x_wconf 89' lang='lat' dir='ltr'><strong>aliquod</strong></span> <span class='ocrx_word' id='word_1_159' title='bbox 2481 1700 2641 1754; x_wconf 91' lang='lat' dir='ltr'><strong>donis</strong></span> <span class='ocrx_word' id='word_1_160' title='bbox 2698 1701 3000 1770; x_wconf 80' lang='lat' dir='ltr'><strong>privamur,</strong></span> <span class='ocrx_word' id='word_1_161' title='bbox 3055 1703 3114 1751; x_wconf 91' lang='lat' dir='ltr'><strong>ut</strong></span> <span class='ocrx_word' id='word_1_162' title='bbox 3159 1704 3414 1764; x_wconf 82' lang='lat' dir='ltr'><strong>exorent;</strong></span> <span class='ocrx_word' id='word_1_163' title='bbox 3443 1700 3567 1751; x_wconf 77' lang='lat' dir='ltr'><strong>rur-</strong></span> 
     </span>
    </p>
   </div>
   <div class='ocr_carea' id='block_1_29' title="bbox 332 1788 1897 1874">
    <p class='ocr_par' dir='ltr' id='par_1_29' title="bbox 332 1788 1897 1874">
     <span class='ocr_line' id='line_1_29' title="bbox 332 1788 1897 1874; baseline 0.008 -29"><span class='ocrx_word' id='word_1_164' title='bbox 332 1788 575 1862; x_wconf 81' lang='grc' dir='ltr'>δέχονται</span> <span class='ocrx_word' id='word_1_165' title='bbox 623 1790 812 1859; x_wconf 76' lang='grc' dir='ltr'>αὖθις,</span> <span class='ocrx_word' id='word_1_166' title='bbox 861 1797 944 1850; x_wconf 76' lang='grc' dir='ltr'>ἵνα</span> <span class='ocrx_word' id='word_1_167' title='bbox 986 1798 1141 1868; x_wconf 85' lang='grc' dir='ltr'>χάριν</span> <span class='ocrx_word' id='word_1_168' title='bbox 1192 1798 1562 1872; x_wconf 72' lang='grc' dir='ltr'>ὁμολογήσωσι</span> <span class='ocrx_word' id='word_1_169' title='bbox 1608 1802 1684 1873; x_wconf 85' lang='grc' dir='ltr'>τῷ</span> <span class='ocrx_word' id='word_1_170' title='bbox 1735 1819 1897 1874; x_wconf 83' lang='grc' dir='ltr'>χορη-</span> 
     </span>
    </p>
   </div>
   <div class='ocr_carea' id='block_1_30' title="bbox 1999 1788 3568 1874">
    <p class='ocr_par' dir='ltr' id='par_1_30' title="bbox 2002 1791 3568 1862">
     <span class='ocr_line' id='line_1_30' title="bbox 2002 1791 3568 1862; baseline -0.004 -15"><span class='ocrx_word' id='word_1_171' title='bbox 2002 1808 2231 1862; x_wconf 87' lang='lat' dir='ltr'><strong>sumque</strong></span> <span class='ocrx_word' id='word_1_172' title='bbox 2267 1792 2561 1862; x_wconf 88' lang='lat' dir='ltr'><strong>accipiunt,</strong></span> <span class='ocrx_word' id='word_1_173' title='bbox 2615 1800 2672 1846; x_wconf 90' lang='lat' dir='ltr'><strong>ut</strong></span> <span class='ocrx_word' id='word_1_174' title='bbox 2696 1791 2939 1862; x_wconf 87' lang='lat' dir='ltr'><strong>largitori</strong></span> <span class='ocrx_word' id='word_1_175' title='bbox 2982 1793 3362 1857; x_wconf 81' lang='lat' dir='ltr'><strong>conﬁteantur,</strong></span> <span class='ocrx_word' id='word_1_176' title='bbox 3400 1803 3568 1860; x_wconf 82' lang='lat' dir='ltr'><strong>agno-</strong></span> 
     </span>
    </p>
   </div>
   <div class='ocr_carea' id='block_1_31' title="bbox 334 1889 1897 1963">
    <p class='ocr_par' dir='ltr' id='par_1_31' title="bbox 334 1889 1897 1963">
     <span class='ocr_line' id='line_1_31' title="bbox 334 1889 1897 1963; baseline 0.002 -21"><span class='ocrx_word' id='word_1_177' title='bbox 334 1890 540 1959; x_wconf 88' lang='grc' dir='ltr'>γοῦντι,</span> <span class='ocrx_word' id='word_1_178' title='bbox 568 1889 945 1957; x_wconf 85' lang='grc' dir='ltr'>γινώσκοντες,</span> <span class='ocrx_word' id='word_1_179' title='bbox 970 1892 1045 1954; x_wconf 85' lang='grc' dir='ltr'>ὡς</span> <span class='ocrx_word' id='word_1_180' title='bbox 1087 1892 1248 1955; x_wconf 79' lang='grc' dir='ltr'>αὑτός</span> <span class='ocrx_word' id='word_1_181' title='bbox 1276 1893 1340 1960; x_wconf 88' lang='grc' dir='ltr'><strong>γέ</strong></span> <span class='ocrx_word' id='word_1_182' title='bbox 1381 1894 1526 1945; x_wconf 71' lang='grc' dir='ltr'>ἐστιν</span> <span class='ocrx_word' id='word_1_183' title='bbox 1564 1895 1599 1946; x_wconf 77' lang='grc' dir='ltr'><strong>ό</strong></span> <span class='ocrx_word' id='word_1_184' title='bbox 1621 1893 1897 1963; x_wconf 84' lang='grc' dir='ltr'>παρέχων,</span> 
     </span>
    </p>
   </div>
   <div class='ocr_carea' id='block_1_32' title="bbox 336 1979 1901 2052">
    <p class='ocr_par' dir='ltr' id='par_1_32' title="bbox 336 1979 1901 2052">
     <span class='ocr_line' id='line_1_32' title="bbox 336 1979 1901 2052; baseline 0 -18"><span class='ocrx_word' id='word_1_185' title='bbox 336 1981 436 2034; x_wconf 72' lang='grc' dir='ltr'>καὶ</span> <span class='ocrx_word' id='word_1_186' title='bbox 461 1981 521 2034; x_wconf 81' lang='grc' dir='ltr'>οὐ</span> <span class='ocrx_word' id='word_1_187' title='bbox 556 1979 715 2049; x_wconf 81' lang='grc' dir='ltr'>φύσις</span> <span class='ocrx_word' id='word_1_188' title='bbox 741 1981 872 2052; x_wconf 77' lang='grc' dir='ltr'>ἄλλη</span> <span class='ocrx_word' id='word_1_189' title='bbox 918 1981 1000 2044; x_wconf 82' lang='grc' dir='ltr'><strong>τίς</strong></span> <span class='ocrx_word' id='word_1_190' title='bbox 1032 1984 1148 2034; x_wconf 81' lang='grc' dir='ltr'>ἐστι</span> <span class='ocrx_word' id='word_1_191' title='bbox 1187 1981 1336 2052; x_wconf 83' lang='grc' dir='ltr'><strong>παρά</strong></span> <span class='ocrx_word' id='word_1_192' title='bbox 1361 1983 1449 2034; x_wconf 84' lang='grc' dir='ltr'>τὸν</span> <span class='ocrx_word' id='word_1_193' title='bbox 1488 1982 1641 2047; x_wconf 85' lang='grc' dir='ltr'>Θεὸν,</span> <span class='ocrx_word' id='word_1_194' title='bbox 1680 1981 1901 2052; x_wconf 77' lang='grc' dir='ltr'>ἄκριτός</span> 
     </span>
    </p>
   </div>
   <div class='ocr_carea' id='block_1_33' title="bbox 335 2070 1901 2143">
    <p class='ocr_par' dir='ltr' id='par_1_33' title="bbox 335 2070 1901 2143">
     <span class='ocr_line' id='line_1_33' title="bbox 335 2070 1901 2143; baseline 0.002 -20"><span class='ocrx_word' id='word_1_195' title='bbox 335 2077 394 2123; x_wconf 82' lang='grc' dir='ltr'><strong>τε</strong></span> <span class='ocrx_word' id='word_1_196' title='bbox 431 2071 523 2124; x_wconf 75' lang='grc' dir='ltr'>καὶ</span> <span class='ocrx_word' id='word_1_197' title='bbox 562 2071 994 2143; x_wconf 83' lang='grc' dir='ltr'>ἀμεταμέλητος,</span> <span class='ocrx_word' id='word_1_198' title='bbox 1039 2074 1072 2142; x_wconf 84' lang='grc' dir='ltr'>ἡ</span> <span class='ocrx_word' id='word_1_199' title='bbox 1120 2073 1449 2143; x_wconf 81' lang='grc' dir='ltr'>χορηγοῦσα.</span> <span class='ocrx_word' id='word_1_200' title='bbox 1492 2072 1746 2126; x_wconf 85' lang='grc' dir='ltr'>Βούλεται</span> <span class='ocrx_word' id='word_1_201' title='bbox 1779 2070 1836 2126; x_wconf 78' lang='grc' dir='ltr'>δὲ</span> <span class='ocrx_word' id='word_1_202' title='bbox 1873 2074 1901 2125; x_wconf 85' lang='grc' dir='ltr'>ὁ</span> 
     </span>
    </p>
   </div>
   <div class='ocr_carea' id='block_1_34' title="bbox 333 2160 1902 2234">
    <p class='ocr_par' dir='ltr' id='par_1_34' title="bbox 333 2160 1902 2234">
     <span class='ocr_line' id='line_1_34' title="bbox 333 2160 1902 2234; baseline 0.001 -21"><span class='ocrx_word' id='word_1_203' title='bbox 333 2160 469 2224; x_wconf 78' lang='grc' dir='ltr'>Θεδς</span> <span class='ocrx_word' id='word_1_204' title='bbox 496 2162 692 2215; x_wconf 77' lang='grc' dir='ltr'>εἰδέναι</span> <span class='ocrx_word' id='word_1_205' title='bbox 718 2161 878 2232; x_wconf 81' lang='grc' dir='ltr'>χάριν</span> <span class='ocrx_word' id='word_1_206' title='bbox 916 2161 1083 2233; x_wconf 78' lang='grc' dir='ltr'>αὐτῷ,</span> <span class='ocrx_word' id='word_1_207' title='bbox 1121 2163 1205 2216; x_wconf 84' lang='grc' dir='ltr'>ἵνα</span> <span class='ocrx_word' id='word_1_208' title='bbox 1236 2162 1519 2234; x_wconf 80' lang='grc' dir='ltr'>ἀξιώτεροι</span> <span class='ocrx_word' id='word_1_209' title='bbox 1557 2162 1649 2216; x_wconf 87' lang='grc' dir='ltr'><strong>τοῦ</strong></span> <span class='ocrx_word' id='word_1_210' title='bbox 1691 2161 1902 2232; x_wconf 80' lang='grc' dir='ltr'>λαμϐά-</span> 
     </span>
    </p>
   </div>
   <div class='ocr_carea' id='block_1_35' title="bbox 335 2251 1899 2324">
    <p class='ocr_par' dir='ltr' id='par_1_35' title="bbox 335 2251 1899 2324">
     <span class='ocr_line' id='line_1_35' title="bbox 335 2251 1899 2324; baseline 0 -20"><span class='ocrx_word' id='word_1_211' title='bbox 335 2268 448 2304; x_wconf 91' lang='grc' dir='ltr'>νειν</span> <span class='ocrx_word' id='word_1_212' title='bbox 497 2253 628 2323; x_wconf 84' lang='grc' dir='ltr'>παρ’</span> <span class='ocrx_word' id='word_1_213' title='bbox 672 2251 837 2306; x_wconf 82' lang='grc' dir='ltr'>αὑτοῦ</span> <span class='ocrx_word' id='word_1_214' title='bbox 870 2252 1150 2321; x_wconf 85' lang='grc' dir='ltr'>γένωνται,</span> <span class='ocrx_word' id='word_1_215' title='bbox 1179 2254 1276 2323; x_wconf 82' lang='grc' dir='ltr'>οὐχ</span> <span class='ocrx_word' id='word_1_216' title='bbox 1321 2254 1407 2306; x_wconf 84' lang='grc' dir='ltr'>ἵνα</span> <span class='ocrx_word' id='word_1_217' title='bbox 1449 2271 1502 2305; x_wconf 86' lang='grc' dir='ltr'><strong>τι</strong></span> <span class='ocrx_word' id='word_1_218' title='bbox 1543 2252 1899 2324; x_wconf 87' lang='grc' dir='ltr'>καρπώσηται</span> 
     </span>
    </p>
   </div>
   <div class='ocr_carea' id='block_1_36' title="bbox 334 2331 1898 2415">
    <p class='ocr_par' dir='ltr' id='par_1_36' title="bbox 334 2331 1898 2415">
     <span class='ocr_line' id='line_1_36' title="bbox 334 2331 1898 2415; baseline -0.002 -19"><span class='ocrx_word' id='word_1_219' title='bbox 334 2344 416 2404; x_wconf 74' lang='grc' dir='ltr'><strong>είς</strong></span> <span class='ocrx_word' id='word_1_220' title='bbox 455 2343 665 2396; x_wconf 77' lang='grc' dir='ltr'>ἑαυτόν.</span> <span class='ocrx_word' id='word_1_221' title='bbox 703 2331 960 2396; x_wconf 69' lang='grc' dir='ltr'>Βούλείῑαι</span> <span class='ocrx_word' id='word_1_222' title='bbox 990 2343 1098 2415; x_wconf 88' lang='grc' dir='ltr'><strong>γάρ</strong></span> <span class='ocrx_word' id='word_1_223' title='bbox 1128 2343 1195 2396; x_wconf 85' lang='grc' dir='ltr'>τὰ</span> <span class='ocrx_word' id='word_1_224' title='bbox 1243 2343 1423 2412; x_wconf 86' lang='grc' dir='ltr'>ἀγαθά</span> <span class='ocrx_word' id='word_1_225' title='bbox 1448 2342 1667 2404; x_wconf 80' lang='grc' dir='ltr'>τούτους</span> <span class='ocrx_word' id='word_1_226' title='bbox 1708 2343 1898 2405; x_wconf 78' lang='grc' dir='ltr'>αἰτεῖν,</span> 
     </span>
    </p>
   </div>
   <div class='ocr_carea' id='block_1_37' title="bbox 335 2420 1893 2506">
    <p class='ocr_par' dir='ltr' id='par_1_37' title="bbox 335 2420 1893 2506">
     <span class='ocr_line' id='line_1_37' title="bbox 335 2420 1893 2506; baseline -0.002 -20"><span class='ocrx_word' id='word_1_227' title='bbox 335 2420 442 2496; x_wconf 82' lang='grc' dir='ltr'>ἵνα,</span> <span class='ocrx_word' id='word_1_228' title='bbox 489 2434 786 2504; x_wconf 84' lang='grc' dir='ltr'>δεχόμενοι,</span> <span class='ocrx_word' id='word_1_229' title='bbox 838 2434 1087 2506; x_wconf 76' lang='grc' dir='ltr'>αἴσθησιν</span> <span class='ocrx_word' id='word_1_230' title='bbox 1131 2433 1224 2488; x_wconf 87' lang='grc' dir='ltr'><strong>τοῦ</strong></span> <span class='ocrx_word' id='word_1_231' title='bbox 1281 2432 1638 2505; x_wconf 81' lang='grc' dir='ltr'>χορηγοῦντος</span> <span class='ocrx_word' id='word_1_232' title='bbox 1679 2431 1893 2501; x_wconf 74' lang='grc' dir='ltr'>ἔχωσιν.</span> 
     </span>
    </p>
   </div>
   <div class='ocr_carea' id='block_1_38' title="bbox 333 2523 1897 2602">
    <p class='ocr_par' dir='ltr' id='par_1_38' title="bbox 333 2523 1897 2602">
     <span class='ocr_line' id='line_1_38' title="bbox 333 2523 1897 2602; baseline -0.001 -24"><span class='ocrx_word' id='word_1_233' title='bbox 333 2526 531 2602; x_wconf 82' lang='grc' dir='ltr'>Χαίρει</span> <span class='ocrx_word' id='word_1_234' title='bbox 574 2526 674 2596; x_wconf 83' lang='grc' dir='ltr'>μὲν</span> <span class='ocrx_word' id='word_1_235' title='bbox 722 2525 830 2598; x_wconf 82' lang='grc' dir='ltr'>γὰρ</span> <span class='ocrx_word' id='word_1_236' title='bbox 871 2527 940 2580; x_wconf 82' lang='grc' dir='ltr'><strong>τά</strong></span> <span class='ocrx_word' id='word_1_237' title='bbox 972 2527 1100 2598; x_wconf 83' lang='grc' dir='ltr'>παρ’</span> <span class='ocrx_word' id='word_1_238' title='bbox 1157 2525 1350 2579; x_wconf 79' lang='grc' dir='ltr'>ἑαυτοῦ</span> <span class='ocrx_word' id='word_1_239' title='bbox 1401 2525 1597 2588; x_wconf 77' lang='grc' dir='ltr'>διδοὺς,</span> <span class='ocrx_word' id='word_1_240' title='bbox 1637 2525 1815 2596; x_wconf 89' lang='grc' dir='ltr'>χαίρει</span> <span class='ocrx_word' id='word_1_241' title='bbox 1841 2523 1897 2576; x_wconf 83' lang='grc' dir='ltr'>δὲ</span> 
     </span>
    </p>
   </div>
   <div class='ocr_carea' id='block_1_39' title="bbox 340 2613 1898 2693">
    <p class='ocr_par' dir='ltr' id='par_1_39' title="bbox 340 2613 1898 2693">
     <span class='ocr_line' id='line_1_39' title="bbox 340 2613 1898 2693; baseline -0.003 -25"><span class='ocrx_word' id='word_1_242' title='bbox 340 2615 539 2687; x_wconf 84' lang='grc' dir='ltr'>μᾶλλον</span> <span class='ocrx_word' id='word_1_243' title='bbox 570 2616 741 2681; x_wconf 81' lang='grc' dir='ltr'>ἀξίοις</span> <span class='ocrx_word' id='word_1_244' title='bbox 764 2615 969 2693; x_wconf 60' lang='grc' dir='ltr'>διδούςξ</span> <span class='ocrx_word' id='word_1_245' title='bbox 1001 2617 1076 2680; x_wconf 89' lang='grc' dir='ltr'><strong>ώς</strong></span> <span class='ocrx_word' id='word_1_246' title='bbox 1117 2617 1216 2687; x_wconf 78' lang='grc' dir='ltr'>τῆς</span> <span class='ocrx_word' id='word_1_247' title='bbox 1255 2614 1657 2687; x_wconf 82' lang='grc' dir='ltr'>φιλανθρωπίας</span> <span class='ocrx_word' id='word_1_248' title='bbox 1699 2613 1898 2683; x_wconf 86' lang='grc' dir='ltr'>τρόπον</span> 
     </span>
    </p>
   </div>
   <div class='ocr_carea' id='block_1_40' title="bbox 333 2701 1898 2780">
    <p class='ocr_par' dir='ltr' id='par_1_40' title="bbox 333 2701 1898 2780">
     <span class='ocr_line' id='line_1_40' title="bbox 333 2701 1898 2780; baseline -0.004 -21"><span class='ocrx_word' id='word_1_249' title='bbox 333 2707 456 2760; x_wconf 79' lang='grc' dir='ltr'>τινὰ</span> <span class='ocrx_word' id='word_1_250' title='bbox 499 2708 943 2779; x_wconf 78' lang='grc' dir='ltr'>ἀτιμαζομένης,</span> <span class='ocrx_word' id='word_1_251' title='bbox 1003 2710 1053 2761; x_wconf 82' lang='grc' dir='ltr'>εἰ</span> <span class='ocrx_word' id='word_1_252' title='bbox 1107 2707 1183 2779; x_wconf 81' lang='grc' dir='ltr'>μὴ</span> <span class='ocrx_word' id='word_1_253' title='bbox 1228 2707 1363 2780; x_wconf 83' lang='grc' dir='ltr'>πρὸς</span> <span class='ocrx_word' id='word_1_254' title='bbox 1407 2704 1757 2776; x_wconf 81' lang='grc' dir='ltr'>εὐαισθήτους</span> <span class='ocrx_word' id='word_1_255' title='bbox 1807 2701 1898 2770; x_wconf 85' lang='grc' dir='ltr'>γέ-</span> 
     </span>
    </p>
   </div>
   <div class='ocr_carea' id='block_1_41' title="bbox 333 2813 500 2853">
    <p class='ocr_par' dir='ltr' id='par_1_41' title="bbox 333 2813 500 2853">
     <span class='ocr_line' id='line_1_41' title="bbox 333 2813 500 2853; baseline 0.018 -3"><span class='ocrx_word' id='word_1_256' title='bbox 333 2813 500 2853; x_wconf 90' lang='grc' dir='ltr'>νοιτο.</span> 
     </span>
    </p>
   </div>
   <div class='ocr_carea' id='block_1_42' title="bbox 2002 1873 3562 1952">
    <p class='ocr_par' dir='ltr' id='par_1_42' title="bbox 2002 1873 3562 1952">
     <span class='ocr_line' id='line_1_42' title="bbox 2002 1873 3562 1952; baseline -0.003 -15"><span class='ocrx_word' id='word_1_257' title='bbox 2002 1890 2219 1937; x_wconf 90' lang='lat' dir='ltr'><strong>sccntes</strong></span> <span class='ocrx_word' id='word_1_258' title='bbox 2242 1883 2420 1951; x_wconf 89' lang='lat' dir='ltr'><strong>ipsum</strong></span> <span class='ocrx_word' id='word_1_259' title='bbox 2452 1895 2575 1937; x_wconf 88' lang='lat' dir='ltr'><strong>esse</strong></span> <span class='ocrx_word' id='word_1_260' title='bbox 2607 1876 2700 1952; x_wconf 79' lang='lat' dir='ltr'><strong>qui</strong></span> <span class='ocrx_word' id='word_1_261' title='bbox 2731 1873 2943 1947; x_wconf 86' lang='lat' dir='ltr'><strong>tribuit,</strong></span> <span class='ocrx_word' id='word_1_262' title='bbox 2975 1899 3077 1937; x_wconf 88' lang='lat' dir='ltr'><strong>nec</strong></span> <span class='ocrx_word' id='word_1_263' title='bbox 3111 1883 3334 1936; x_wconf 84' lang='lat' dir='ltr'><strong>alteram</strong></span> <span class='ocrx_word' id='word_1_264' title='bbox 3366 1895 3562 1950; x_wconf 81' lang='lat' dir='ltr'><strong>quam-</strong></span> 
     </span>
    </p>
   </div>
   <div class='ocr_carea' id='block_1_43' title="bbox 1999 1974 3566 2046">
    <p class='ocr_par' dir='ltr' id='par_1_43' title="bbox 1999 1974 3566 2046">
     <span class='ocr_line' id='line_1_43' title="bbox 1999 1974 3566 2046; baseline -0.003 -17"><span class='ocrx_word' id='word_1_265' title='bbox 1999 1976 2083 2030; x_wconf 86' lang='lat' dir='ltr'><strong>vis</strong></span> <span class='ocrx_word' id='word_1_266' title='bbox 2112 1982 2307 2046; x_wconf 57' lang='lat' dir='ltr'><strong>praeter</strong></span> <span class='ocrx_word' id='word_1_267' title='bbox 2338 1975 2505 2030; x_wconf 92' lang='lat' dir='ltr'><strong>Deum</strong></span> <span class='ocrx_word' id='word_1_268' title='bbox 2537 1983 2786 2030; x_wconf 90' lang='lat' dir='ltr'><strong>naturam</strong></span> <span class='ocrx_word' id='word_1_269' title='bbox 2817 1991 2936 2030; x_wconf 89' lang='lat' dir='ltr'><strong>esse</strong></span> <span class='ocrx_word' id='word_1_270' title='bbox 2955 2017 2968 2039; x_wconf 89' lang='lat'><strong>,</strong></span> <span class='ocrx_word' id='word_1_271' title='bbox 3003 1992 3123 2046; x_wconf 71' lang='lat' dir='ltr'><strong>quze</strong></span> <span class='ocrx_word' id='word_1_272' title='bbox 3161 1974 3566 2029; x_wconf 87' lang='lat' dir='ltr'><strong>iudiscrimina-</strong></span> 
     </span>
    </p>
   </div>
   <div class='ocr_carea' id='block_1_44' title="bbox 2000 2065 3566 2137">
    <p class='ocr_par' dir='ltr' id='par_1_44' title="bbox 2000 2065 3566 2137">
     <span class='ocr_line' id='line_1_44' title="bbox 2000 2065 3566 2137; baseline -0.001 -17"><span class='ocrx_word' id='word_1_273' title='bbox 2000 2068 2097 2120; x_wconf 90' lang='lat' dir='ltr'><strong>tim</strong></span> <span class='ocrx_word' id='word_1_274' title='bbox 2146 2075 2201 2121; x_wconf 93' lang='lat' dir='ltr'><strong>et</strong></span> <span class='ocrx_word' id='word_1_275' title='bbox 2251 2067 2371 2122; x_wconf 90' lang='lat' dir='ltr'><strong>sine</strong></span> <span class='ocrx_word' id='word_1_276' title='bbox 2418 2068 2738 2137; x_wconf 73' lang='lat' dir='ltr'><strong>pmnitentia</strong></span> <span class='ocrx_word' id='word_1_277' title='bbox 2773 2069 3173 2122; x_wconf 86' lang='lat' dir='ltr'><strong>subministret.</strong></span> <span class='ocrx_word' id='word_1_278' title='bbox 3209 2065 3338 2121; x_wconf 78' lang='lat' dir='ltr'><strong>Vult</strong></span> <span class='ocrx_word' id='word_1_279' title='bbox 3382 2065 3566 2134; x_wconf 78' lang='lat' dir='ltr'><strong>itaque</strong></span> 
     </span>
    </p>
   </div>
   <div class='ocr_carea' id='block_1_45' title="bbox 2002 2155 3565 2228">
    <p class='ocr_par' dir='ltr' id='par_1_45' title="bbox 2002 2155 3565 2228">
     <span class='ocr_line' id='line_1_45' title="bbox 2002 2155 3565 2228; baseline -0.001 -20"><span class='ocrx_word' id='word_1_280' title='bbox 2002 2155 2146 2212; x_wconf 91' lang='lat' dir='ltr'><strong>Deus</strong></span> <span class='ocrx_word' id='word_1_281' title='bbox 2174 2157 2276 2212; x_wconf 90' lang='lat' dir='ltr'><strong>sibi</strong></span> <span class='ocrx_word' id='word_1_282' title='bbox 2308 2158 2538 2228; x_wconf 89' lang='lat' dir='ltr'><strong>gratiam</strong></span> <span class='ocrx_word' id='word_1_283' title='bbox 2590 2158 2801 2223; x_wconf 90' lang='lat' dir='ltr'><strong>haberi,</strong></span> <span class='ocrx_word' id='word_1_284' title='bbox 2827 2165 2888 2212; x_wconf 91' lang='lat' dir='ltr'><strong>ut</strong></span> <span class='ocrx_word' id='word_1_285' title='bbox 2937 2157 3184 2212; x_wconf 88' lang='lat' dir='ltr'><strong>homines</strong></span> <span class='ocrx_word' id='word_1_286' title='bbox 3217 2155 3450 2210; x_wconf 84' lang='lat' dir='ltr'><strong>evadant</strong></span> <span class='ocrx_word' id='word_1_287' title='bbox 3478 2155 3565 2209; x_wconf 92' lang='lat' dir='ltr'><strong>di-</strong></span> 
     </span>
    </p>
   </div>
   <div class='ocr_carea' id='block_1_46' title="bbox 2005 2248 3565 2320">
    <p class='ocr_par' dir='ltr' id='par_1_46' title="bbox 2005 2248 3565 2320">
     <span class='ocr_line' id='line_1_46' title="bbox 2005 2248 3565 2320; baseline -0.001 -18"><span class='ocrx_word' id='word_1_288' title='bbox 2005 2251 2225 2319; x_wconf 84' lang='lat' dir='ltr'><strong>gniores</strong></span> <span class='ocrx_word' id='word_1_289' title='bbox 2255 2251 2347 2320; x_wconf 90' lang='lat' dir='ltr'><strong>qui</strong></span> <span class='ocrx_word' id='word_1_290' title='bbox 2371 2251 2438 2303; x_wconf 91' lang='lat' dir='ltr'><strong>ab</strong></span> <span class='ocrx_word' id='word_1_291' title='bbox 2462 2250 2579 2320; x_wconf 88' lang='lat' dir='ltr'><strong>ipso</strong></span> <span class='ocrx_word' id='word_1_292' title='bbox 2605 2250 2895 2320; x_wconf 86' lang='lat' dir='ltr'><strong>accipiant,</strong></span> <span class='ocrx_word' id='word_1_293' title='bbox 2919 2266 3026 2303; x_wconf 91' lang='lat' dir='ltr'><strong>non</strong></span> <span class='ocrx_word' id='word_1_294' title='bbox 3052 2257 3110 2302; x_wconf 95' lang='lat' dir='ltr'><strong>ut</strong></span> <span class='ocrx_word' id='word_1_295' title='bbox 3141 2249 3242 2302; x_wconf 91' lang='lat' dir='ltr'><strong>sibi</strong></span> <span class='ocrx_word' id='word_1_296' title='bbox 3281 2248 3383 2316; x_wconf 91' lang='lat' dir='ltr'><strong>ipsi</strong></span> <span class='ocrx_word' id='word_1_297' title='bbox 3415 2260 3565 2300; x_wconf 83' lang='lat' dir='ltr'><strong>emo-</strong></span> 
     </span>
    </p>
   </div>
   <div class='ocr_carea' id='block_1_47' title="bbox 2007 2338 3560 2410">
    <p class='ocr_par' dir='ltr' id='par_1_47' title="bbox 2007 2338 3560 2410">
     <span class='ocr_line' id='line_1_47' title="bbox 2007 2338 3560 2410; baseline -0.002 -18"><span class='ocrx_word' id='word_1_298' title='bbox 2007 2339 2233 2394; x_wconf 74' lang='lat' dir='ltr'><strong>tumenti</strong></span> <span class='ocrx_word' id='word_1_299' title='bbox 2259 2339 2536 2409; x_wconf 89' lang='lat' dir='ltr'><strong>quidpiam</strong></span> <span class='ocrx_word' id='word_1_300' title='bbox 2569 2341 2775 2394; x_wconf 89' lang='lat' dir='ltr'><strong>redeat.</strong></span> <span class='ocrx_word' id='word_1_301' title='bbox 2800 2338 2928 2394; x_wconf 83' lang='lat' dir='ltr'><strong>Vult</strong></span> <span class='ocrx_word' id='word_1_302' title='bbox 2961 2339 3187 2410; x_wconf 86' lang='lat' dir='ltr'><strong>enimut</strong></span> <span class='ocrx_word' id='word_1_303' title='bbox 3204 2338 3344 2391; x_wconf 88' lang='lat' dir='ltr'><strong>bona</strong></span> <span class='ocrx_word' id='word_1_304' title='bbox 3371 2342 3560 2406; x_wconf 60' lang='lat' dir='ltr'><strong>postué</strong></span> 
     </span>
    </p>
   </div>
   <div class='ocr_carea' id='block_1_48' title="bbox 2004 2425 3565 2500">
    <p class='ocr_par' dir='ltr' id='par_1_48' title="bbox 2004 2425 3565 2500">
     <span class='ocr_line' id='line_1_48' title="bbox 2004 2425 3565 2500; baseline -0.004 -16"><span class='ocrx_word' id='word_1_305' title='bbox 2004 2430 2158 2494; x_wconf 82' lang='lat' dir='ltr'><strong>lent,‘</strong></span> <span class='ocrx_word' id='word_1_306' title='bbox 2187 2431 2386 2499; x_wconf 88' lang='lat' dir='ltr'><strong>quibus</strong></span> <span class='ocrx_word' id='word_1_307' title='bbox 2420 2430 2662 2499; x_wconf 88' lang='lat' dir='ltr'><strong>acceptis</strong></span> <span class='ocrx_word' id='word_1_308' title='bbox 2709 2430 3021 2500; x_wconf 87' lang='lat' dir='ltr'><strong>largitorem</strong></span> <span class='ocrx_word' id='word_1_309' title='bbox 3067 2429 3326 2484; x_wconf 79' lang='lat' dir='ltr'><strong>sentiant.</strong></span> <span class='ocrx_word' id='word_1_310' title='bbox 3354 2425 3565 2480; x_wconf 87' lang='lat' dir='ltr'><strong>Gaudet</strong></span> 
     </span>
    </p>
   </div>
   <div class='ocr_carea' id='block_1_49' title="bbox 1999 2519 3566 2592">
    <p class='ocr_par' dir='ltr' id='par_1_49' title="bbox 1999 2519 3566 2592">
     <span class='ocr_line' id='line_1_49' title="bbox 1999 2519 3566 2592; baseline -0.003 -16"><span class='ocrx_word' id='word_1_311' title='bbox 1999 2521 2142 2576; x_wconf 91' lang='lat' dir='ltr'><strong>enim</strong></span> <span class='ocrx_word' id='word_1_312' title='bbox 2167 2521 2346 2576; x_wconf 90' lang='lat' dir='ltr'><strong>dando</strong></span> <span class='ocrx_word' id='word_1_313' title='bbox 2381 2537 2502 2592; x_wconf 86' lang='lat' dir='ltr'><strong>quae</strong></span> <span class='ocrx_word' id='word_1_314' title='bbox 2533 2538 2631 2578; x_wconf 89' lang='lat' dir='ltr'><strong>sua</strong></span> <span class='ocrx_word' id='word_1_315' title='bbox 2664 2531 2826 2588; x_wconf 90' lang='lat' dir='ltr'><strong>sunt;</strong></span> <span class='ocrx_word' id='word_1_316' title='bbox 2866 2521 2961 2576; x_wconf 91' lang='lat' dir='ltr'><strong>sed</strong></span> <span class='ocrx_word' id='word_1_317' title='bbox 2991 2521 3187 2592; x_wconf 81' lang='lat' dir='ltr'><strong>gaudet</strong></span> <span class='ocrx_word' id='word_1_318' title='bbox 3224 2520 3457 2591; x_wconf 90' lang='lat' dir='ltr'><strong>amplius</strong></span> <span class='ocrx_word' id='word_1_319' title='bbox 3480 2519 3566 2572; x_wconf 46' lang='lat' dir='ltr'><strong>di-</strong></span> 
     </span>
    </p>
   </div>
   <div class='ocr_carea' id='block_1_50' title="bbox 2004 2610 3564 2684">
    <p class='ocr_par' dir='ltr' id='par_1_50' title="bbox 2004 2610 3564 2684">
     <span class='ocr_line' id='line_1_50' title="bbox 2004 2610 3564 2684; baseline -0.003 -18"><span class='ocrx_word' id='word_1_320' title='bbox 2004 2615 2124 2683; x_wconf 73' lang='lat' dir='ltr'><strong>g’nis</strong></span> <span class='ocrx_word' id='word_1_321' title='bbox 2182 2612 2546 2684; x_wconf 88' lang='lat' dir='ltr'><strong>impartiendo</strong></span> <span class='ocrx_word' id='word_1_322' title='bbox 2581 2619 2593 2665; x_wconf 86' lang='lat'><strong>:&#39;</strong></span> <span class='ocrx_word' id='word_1_323' title='bbox 2629 2628 2691 2668; x_wconf 90' lang='lat' dir='ltr'><strong>ac</strong></span> <span class='ocrx_word' id='word_1_324' title='bbox 2725 2614 2771 2669; x_wconf 89' lang='lat' dir='ltr'><strong>si</strong></span> <span class='ocrx_word' id='word_1_325' title='bbox 2818 2613 3124 2683; x_wconf 86' lang='lat' dir='ltr'><strong>benignitas</strong></span> <span class='ocrx_word' id='word_1_326' title='bbox 3185 2612 3357 2681; x_wconf 89' lang='lat' dir='ltr'><strong>ipsius</strong></span> <span class='ocrx_word' id='word_1_327' title='bbox 3401 2610 3564 2672; x_wconf 85' lang='lat' dir='ltr'><strong>mo‘d_o</strong></span> 
     </span>
    </p>
   </div>
   <div class='ocr_carea' id='block_1_51' title="bbox 1999 2699 3563 2774">
    <p class='ocr_par' dir='ltr' id='par_1_51' title="bbox 1999 2699 3563 2774">
     <span class='ocr_line' id='line_1_51' title="bbox 1999 2699 3563 2774; baseline -0.002 -17"><span class='ocrx_word' id='word_1_328' title='bbox 1999 2705 2235 2774; x_wconf 89' lang='lat' dir='ltr'><strong>quodam</strong></span> <span class='ocrx_word' id='word_1_329' title='bbox 2267 2705 2715 2772; x_wconf 81' lang='lat' dir='ltr'><strong>dedecorarelur,</strong></span> <span class='ocrx_word' id='word_1_330' title='bbox 2747 2704 2932 2771; x_wconf 79' lang='lat' dir='ltr'><strong>nisiin</strong></span> <span class='ocrx_word' id='word_1_331' title='bbox 2975 2719 3070 2760; x_wconf 91' lang='lat' dir='ltr'><strong>eos</strong></span> <span class='ocrx_word' id='word_1_332' title='bbox 3095 2705 3190 2759; x_wconf 84' lang='lat' dir='ltr'><strong>oui</strong></span> <span class='ocrx_word' id='word_1_333' title='bbox 3216 2704 3355 2758; x_wconf 83' lang='lat' dir='ltr'><strong>bene</strong></span> <span class='ocrx_word' id='word_1_334' title='bbox 3384 2699 3563 2756; x_wconf 67' lang='lat' dir='ltr'><strong>aﬂectl</strong></span> 
     </span>
    </p>
   </div>
   <div class='ocr_carea' id='block_1_52' title="bbox 2001 2789 2597 2863">
    <p class='ocr_par' dir='ltr' id='par_1_52' title="bbox 2001 2789 2597 2863">
     <span class='ocr_line' id='line_1_52' title="bbox 2001 2789 2597 2863; baseline -0.002 -14"><span class='ocrx_word' id='word_1_335' title='bbox 2001 2804 2147 2859; x_wconf 84' lang='lat' dir='ltr'><strong>Sunt,</strong></span> <span class='ocrx_word' id='word_1_336' title='bbox 2170 2789 2597 2863; x_wconf 71' lang='lat' dir='ltr'><strong>impenderetur.</strong></span> 
     </span>
    </p>
   </div>
   <div class='ocr_carea' id='block_1_53' title="bbox 1911 2893 2002 2990">
    <p class='ocr_par' dir='ltr' id='par_1_53' title="bbox 1911 2893 2002 2990">
     <span class='ocr_line' id='line_1_53' title="bbox 1911 2893 2002 2990; baseline 0.022 -2"><span class='ocrx_word' id='word_1_337' title='bbox 1911 2893 2002 2990; x_wconf 67' lang='grc' dir='ltr'><strong>ιν.</strong></span> 
     </span>
    </p>
   </div>
   <div class='ocr_carea' id='block_1_54' title="bbox 1720 3061 2181 3151">
    <p class='ocr_par' dir='ltr' id='par_1_54' title="bbox 1720 3061 2181 3151">
     <span class='ocr_line' id='line_1_54' title="bbox 1720 3061 2181 3151; baseline 0.004 -25"><span class='ocrx_word' id='word_1_338' title='bbox 1720 3069 1861 3151; x_wconf 67' lang='lat' dir='ltr'><strong>Ibid.</strong></span> <span class='ocrx_word' id='word_1_339' title='bbox 1903 3089 2028 3145; x_wconf 80' lang='lat' dir='ltr'><strong>pag.</strong></span> <span class='ocrx_word' id='word_1_340' title='bbox 2057 3061 2181 3128; x_wconf 75' lang='lat'><strong>783.</strong></span> 
     </span>
    </p>
   </div>
   <div class='ocr_carea' id='block_1_55' title="bbox 401 3185 1734 3262">
    <p class='ocr_par' dir='ltr' id='par_1_55' title="bbox 401 3185 1734 3262">
     <span class='ocr_line' id='line_1_55' title="bbox 401 3185 1734 3262; baseline 0.003 -22"><span class='ocrx_word' id='word_1_341' title='bbox 401 3232 408 3240; x_wconf 99' lang='lat'><strong>.</strong></span> <span class='ocrx_word' id='word_1_342' title='bbox 514 3185 623 3241; x_wconf 84' lang='grc' dir='ltr'>Τοῦ</span> <span class='ocrx_word' id='word_1_343' title='bbox 659 3186 831 3256; x_wconf 76' lang='grc' dir='ltr'>ἁγίου</span> <span class='ocrx_word' id='word_1_344' title='bbox 864 3187 1050 3253; x_wconf 82' lang='grc' dir='ltr'>Τίτου,</span> <span class='ocrx_word' id='word_1_345' title='bbox 1071 3188 1140 3243; x_wconf 77' lang='grc' dir='ltr'>ἐκ</span> <span class='ocrx_word' id='word_1_346' title='bbox 1167 3189 1271 3244; x_wconf 86' lang='grc' dir='ltr'><strong>τοῦ</strong></span> <span class='ocrx_word' id='word_1_347' title='bbox 1296 3190 1432 3262; x_wconf 76' lang='grc' dir='ltr'>Περὶ</span> <span class='ocrx_word' id='word_1_348' title='bbox 1455 3191 1734 3262; x_wconf 80' lang='grc' dir='ltr'>Προνοίας.</span> 
     </span>
    </p>
   </div>
   <div class='ocr_carea' id='block_1_56' title="bbox 409 3361 1898 3438">
    <p class='ocr_par' dir='ltr' id='par_1_56' title="bbox 409 3361 1898 3438">
     <span class='ocr_line' id='line_1_56' title="bbox 409 3361 1898 3438; baseline 0.003 -22"><span class='ocrx_word' id='word_1_349' title='bbox 409 3361 518 3434; x_wconf 88' lang='lat'><strong>(69)</strong></span> <span class='ocrx_word' id='word_1_350' title='bbox 551 3363 664 3417; x_wconf 83' lang='grc' dir='ltr'><strong>Οὐκ</strong></span> <span class='ocrx_word' id='word_1_351' title='bbox 693 3363 882 3435; x_wconf 83' lang='grc' dir='ltr'>ὲχρῆν,</span> <span class='ocrx_word' id='word_1_352' title='bbox 916 3364 990 3428; x_wconf 87' lang='grc' dir='ltr'>ὡς</span> <span class='ocrx_word' id='word_1_353' title='bbox 1019 3364 1182 3429; x_wconf 74' lang='grc' dir='ltr'>ἔοικε,</span> <span class='ocrx_word' id='word_1_354' title='bbox 1211 3365 1355 3419; x_wconf 83' lang='grc' dir='ltr'>κατὰ</span> <span class='ocrx_word' id='word_1_355' title='bbox 1374 3368 1486 3430; x_wconf 83' lang='grc' dir='ltr'>τοῖς</span> <span class='ocrx_word' id='word_1_356' title='bbox 1515 3368 1680 3420; x_wconf 81' lang='grc' dir='ltr'>πᾶσιν</span> <span class='ocrx_word' id='word_1_357' title='bbox 1719 3365 1898 3438; x_wconf 76' lang='grc' dir='ltr'>ὑπάρ-</span> 
     </span>
    </p>
   </div>
   <div class='ocr_carea' id='block_1_57' title="bbox 335 3453 1900 3530">
    <p class='ocr_par' dir='ltr' id='par_1_57' title="bbox 335 3453 1900 3530">
     <span class='ocr_line' id='line_1_57' title="bbox 335 3453 1900 3530; baseline 0.003 -24"><span class='ocrx_word' id='word_1_358' title='bbox 335 3457 452 3524; x_wconf 79' lang='grc' dir='ltr'>χειν</span> <span class='ocrx_word' id='word_1_359' title='bbox 485 3454 578 3506; x_wconf 91' lang='grc' dir='ltr'><strong>τοῦ</strong></span> <span class='ocrx_word' id='word_1_360' title='bbox 615 3453 748 3507; x_wconf 88' lang='grc' dir='ltr'>Θεοῦ</span> <span class='ocrx_word' id='word_1_361' title='bbox 781 3454 850 3508; x_wconf 80' lang='grc' dir='ltr'><strong>τὰ</strong></span> <span class='ocrx_word' id='word_1_362' title='bbox 902 3457 1209 3527; x_wconf 82' lang='grc' dir='ltr'>τεκμήρια,</span> <span class='ocrx_word' id='word_1_363' title='bbox 1265 3457 1360 3509; x_wconf 79' lang='grc' dir='ltr'>καὶ</span> <span class='ocrx_word' id='word_1_364' title='bbox 1391 3457 1481 3509; x_wconf 81' lang='grc' dir='ltr'>τὸν</span> <span class='ocrx_word' id='word_1_365' title='bbox 1535 3458 1768 3530; x_wconf 76' lang='grc' dir='ltr'>ἄρρητον</span> <span class='ocrx_word' id='word_1_366' title='bbox 1806 3457 1900 3511; x_wconf 80' lang='grc' dir='ltr'>καὶ</span> 
     </span>
    </p>
   </div>
   <div class='ocr_carea' id='block_1_58' title="bbox 335 3543 1894 3620">
    <p class='ocr_par' dir='ltr' id='par_1_58' title="bbox 335 3543 1894 3620">
     <span class='ocr_line' id='line_1_58' title="bbox 335 3543 1894 3620; baseline 0.002 -22"><span class='ocrx_word' id='word_1_367' title='bbox 335 3546 716 3618; x_wconf 82' lang='grc' dir='ltr'>ἀκατάληπτον</span> <span class='ocrx_word' id='word_1_368' title='bbox 746 3546 869 3600; x_wconf 90' lang='grc' dir='ltr'>νοῦν</span> <span class='ocrx_word' id='word_1_369' title='bbox 893 3547 1067 3616; x_wconf 82' lang='grc' dir='ltr'>πάντη</span> <span class='ocrx_word' id='word_1_370' title='bbox 1089 3546 1362 3619; x_wconf 85' lang='grc' dir='ltr'>γνώριμον</span> <span class='ocrx_word' id='word_1_371' title='bbox 1390 3543 1528 3602; x_wconf 76' lang='grc' dir='ltr'>εἶναι</span> <span class='ocrx_word' id='word_1_372' title='bbox 1557 3547 1862 3620; x_wconf 84' lang='grc' dir='ltr'>ἀνθρώποις</span> <span class='ocrx_word' id='word_1_373' title='bbox 1881 3565 1894 3578; x_wconf 89' lang='grc'><strong>·</strong></span> 
     </span>
    </p>
   </div>
   <div class='ocr_carea' id='block_1_59' title="bbox 334 3635 1898 3710">
    <p class='ocr_par' dir='ltr' id='par_1_59' title="bbox 334 3635 1898 3710">
     <span class='ocr_line' id='line_1_59' title="bbox 334 3635 1898 3710; baseline 0.003 -22"><span class='ocrx_word' id='word_1_374' title='bbox 334 3635 468 3688; x_wconf 86' lang='grc' dir='ltr'>ὅπου</span> <span class='ocrx_word' id='word_1_375' title='bbox 500 3652 563 3704; x_wconf 90' lang='grc' dir='ltr'><strong>γε</strong></span> <span class='ocrx_word' id='word_1_376' title='bbox 597 3637 690 3690; x_wconf 79' lang='grc' dir='ltr'>καὶ</span> <span class='ocrx_word' id='word_1_377' title='bbox 723 3635 983 3705; x_wconf 74' lang='grc' dir='ltr'>βασιλέως</span> <span class='ocrx_word' id='word_1_378' title='bbox 1005 3635 1299 3708; x_wconf 87' lang='grc' dir='ltr'>,ἀνθρώπου</span> <span class='ocrx_word' id='word_1_379' title='bbox 1324 3639 1416 3692; x_wconf 74' lang='grc' dir='ltr'>καὶ</span> <span class='ocrx_word' id='word_1_380' title='bbox 1446 3639 1701 3710; x_wconf 81' lang='grc' dir='ltr'>ἄρχοντός</span> <span class='ocrx_word' id='word_1_381' title='bbox 1731 3641 1898 3704; x_wconf 79' lang='grc' dir='ltr'>ἐστιν,</span> 
     </span>
    </p>
   </div>
   <div class='ocr_carea' id='block_1_60' title="bbox 335 3728 1900 3803">
    <p class='ocr_par' dir='ltr' id='par_1_60' title="bbox 335 3728 1900 3803">
     <span class='ocr_line' id='line_1_60' title="bbox 335 3728 1900 3803; baseline 0.004 -22"><span class='ocrx_word' id='word_1_382' title='bbox 335 3728 419 3782; x_wconf 82' lang='grc' dir='ltr'>ὅτι</span> <span class='ocrx_word' id='word_1_383' title='bbox 451 3728 521 3782; x_wconf 86' lang='grc' dir='ltr'><strong>τά</strong></span> <span class='ocrx_word' id='word_1_384' title='bbox 548 3728 773 3784; x_wconf 87' lang='grc' dir='ltr'>πλεῖστα</span> <span class='ocrx_word' id='word_1_385' title='bbox 807 3730 914 3783; x_wconf 85' lang='grc' dir='ltr'><strong>τῶν</strong></span> <span class='ocrx_word' id='word_1_386' title='bbox 946 3730 1323 3801; x_wconf 79' lang='grc' dir='ltr'>βουλευμάτων</span> <span class='ocrx_word' id='word_1_387' title='bbox 1352 3732 1672 3803; x_wconf 80' lang='grc' dir='ltr'>κρύπτεται,</span> <span class='ocrx_word' id='word_1_388' title='bbox 1705 3734 1780 3797; x_wconf 89' lang='grc' dir='ltr'><strong>ώς</strong></span> <span class='ocrx_word' id='word_1_389' title='bbox 1806 3735 1900 3788; x_wconf 80' lang='grc' dir='ltr'>καὶ</span> 
     </span>
    </p>
   </div>
   <div class='ocr_carea' id='block_1_61' title="bbox 335 3818 1895 3896">
    <p class='ocr_par' dir='ltr' id='par_1_61' title="bbox 335 3818 1895 3896">
     <span class='ocr_line' id='line_1_61' title="bbox 335 3818 1895 3896; baseline 0.004 -24"><span class='ocrx_word' id='word_1_390' title='bbox 335 3819 396 3872; x_wconf 84' lang='grc' dir='ltr'>τὸ</span> <span class='ocrx_word' id='word_1_391' title='bbox 429 3821 798 3892; x_wconf 84' lang='grc' dir='ltr'>πραττόμενον</span> <span class='ocrx_word' id='word_1_392' title='bbox 845 3822 1037 3893; x_wconf 82' lang='grc' dir='ltr'>ἄδηλον</span> <span class='ocrx_word' id='word_1_393' title='bbox 1063 3818 1234 3887; x_wconf 78' lang='grc' dir='ltr'>εἶναι,</span> <span class='ocrx_word' id='word_1_394' title='bbox 1265 3824 1370 3894; x_wconf 84' lang='grc' dir='ltr'><strong>ὅτῳ</strong></span> <span class='ocrx_word' id='word_1_395' title='bbox 1407 3823 1549 3895; x_wconf 79' lang='grc' dir='ltr'>λόγῳ</span> <span class='ocrx_word' id='word_1_396' title='bbox 1583 3825 1895 3896; x_wconf 80' lang='grc' dir='ltr'>πράττεται.</span> 
     </span>
    </p>
   </div>
   <div class='ocr_carea' id='block_1_62' title="bbox 337 3910 1900 3988">
    <p class='ocr_par' dir='ltr' id='par_1_62' title="bbox 337 3910 1900 3988">
     <span class='ocr_line' id='line_1_62' title="bbox 337 3910 1900 3988; baseline 0.003 -23"><span class='ocrx_word' id='word_1_397' title='bbox 337 3910 412 3970; x_wconf 76' lang='grc' dir='ltr'><strong>Οὐ</strong></span> <span class='ocrx_word' id='word_1_398' title='bbox 443 3910 616 3965; x_wconf 87' lang='grc' dir='ltr'>τοίνυν</span> <span class='ocrx_word' id='word_1_399' title='bbox 669 3912 872 3983; x_wconf 85' lang='grc' dir='ltr'>θαῦμα,</span> <span class='ocrx_word' id='word_1_400' title='bbox 911 3915 961 3966; x_wconf 82' lang='grc' dir='ltr'><strong>εί</strong></span> <span class='ocrx_word' id='word_1_401' title='bbox 1008 3913 1282 3986; x_wconf 82' lang='grc' dir='ltr'>ἄνθρωποι</span> <span class='ocrx_word' id='word_1_402' title='bbox 1331 3916 1404 3986; x_wconf 83' lang='grc' dir='ltr'>μὴ</span> <span class='ocrx_word' id='word_1_403' title='bbox 1449 3916 1714 3988; x_wconf 84' lang='grc' dir='ltr'>χωροῦσιν</span> <span class='ocrx_word' id='word_1_404' title='bbox 1765 3917 1900 3982; x_wconf 85' lang='grc' dir='ltr'>ὅλως</span> 
     </span>
    </p>
   </div>
   <div class='ocr_carea' id='block_1_63' title="bbox 334 4001 1900 4080">
    <p class='ocr_par' dir='ltr' id='par_1_63' title="bbox 334 4001 1900 4080">
     <span class='ocr_line' id='line_1_63' title="bbox 334 4001 1900 4080; baseline 0.006 -25"><span class='ocrx_word' id='word_1_405' title='bbox 334 4002 433 4073; x_wconf 84' lang='grc' dir='ltr'><strong>τῆς</strong></span> <span class='ocrx_word' id='word_1_406' title='bbox 457 4003 769 4076; x_wconf 79' lang='grc' dir='ltr'>διοικήσεως</span> <span class='ocrx_word' id='word_1_407' title='bbox 796 4005 890 4058; x_wconf 88' lang='grc' dir='ltr'><strong>τοῦ</strong></span> <span class='ocrx_word' id='word_1_408' title='bbox 917 4005 1050 4060; x_wconf 85' lang='grc' dir='ltr'>Θεοῦ</span> <span class='ocrx_word' id='word_1_409' title='bbox 1078 4007 1166 4060; x_wconf 81' lang='grc' dir='ltr'>τὸν</span> <span class='ocrx_word' id='word_1_410' title='bbox 1199 4007 1374 4076; x_wconf 90' lang='grc' dir='ltr'>λόγον,</span> <span class='ocrx_word' id='word_1_411' title='bbox 1405 4001 1489 4072; x_wconf 73' lang='grc' dir='ltr'>οἷς</span> <span class='ocrx_word' id='word_1_412' title='bbox 1517 4009 1774 4080; x_wconf 79' lang='grc' dir='ltr'>ἁρμόττει</span> <span class='ocrx_word' id='word_1_413' title='bbox 1807 4011 1900 4064; x_wconf 73' lang='grc' dir='ltr'>καὶ</span> 
     </span>
    </p>
   </div>
   <div class='ocr_carea' id='block_1_64' title="bbox 334 4097 1898 4174">
    <p class='ocr_par' dir='ltr' id='par_1_64' title="bbox 334 4097 1898 4174">
     <span class='ocr_line' id='line_1_64' title="bbox 334 4097 1898 4174; baseline 0.005 -24"><span class='ocrx_word' id='word_1_414' title='bbox 334 4097 458 4168; x_wconf 88' lang='grc' dir='ltr'>δίχα</span> <span class='ocrx_word' id='word_1_415' title='bbox 484 4098 576 4153; x_wconf 89' lang='grc' dir='ltr'><strong>τοῦ</strong></span> <span class='ocrx_word' id='word_1_416' title='bbox 605 4099 1076 4172; x_wconf 84' lang='grc' dir='ltr'>πολυπραγμονεῖν</span> <span class='ocrx_word' id='word_1_417' title='bbox 1107 4102 1351 4156; x_wconf 80' lang='grc' dir='ltr'>ὑπείκειν</span> <span class='ocrx_word' id='word_1_418' title='bbox 1379 4120 1438 4155; x_wconf 90' lang='grc' dir='ltr'><strong>τε</strong></span> <span class='ocrx_word' id='word_1_419' title='bbox 1468 4104 1561 4156; x_wconf 73' lang='grc' dir='ltr'>καὶ</span> <span class='ocrx_word' id='word_1_420' title='bbox 1585 4103 1898 4174; x_wconf 77' lang='grc' dir='ltr'>ἡσυχάζειν,</span> 
     </span>
    </p>
   </div>
   <div class='ocr_carea' id='block_1_65' title="bbox 336 4191 1894 4268">
    <p class='ocr_par' dir='ltr' id='par_1_65' title="bbox 336 4191 1894 4268">
     <span class='ocr_line' id='line_1_65' title="bbox 336 4191 1894 4268; baseline 0.004 -25"><span class='ocrx_word' id='word_1_421' title='bbox 336 4191 432 4244; x_wconf 75' lang='grc' dir='ltr'>καὶ</span> <span class='ocrx_word' id='word_1_422' title='bbox 461 4191 659 4261; x_wconf 82' lang='grc' dir='ltr'>ἥκιστα</span> <span class='ocrx_word' id='word_1_423' title='bbox 687 4193 962 4264; x_wconf 79' lang='grc' dir='ltr'>ἀνταίρειν</span> <span class='ocrx_word' id='word_1_424' title='bbox 997 4195 1136 4248; x_wconf 79' lang='grc' dir='ltr'>κατὰ</span> <span class='ocrx_word' id='word_1_425' title='bbox 1162 4194 1260 4265; x_wconf 84' lang='grc' dir='ltr'>τῆς</span> <span class='ocrx_word' id='word_1_426' title='bbox 1291 4196 1531 4266; x_wconf 73' lang='grc' dir='ltr'>ἀρρήτου</span> <span class='ocrx_word' id='word_1_427' title='bbox 1562 4195 1894 4268; x_wconf 82' lang='grc' dir='ltr'>διοικήσεως.</span> 
     </span>
    </p>
   </div>
   <div class='ocr_carea' id='block_1_66' title="bbox 335 4281 1897 4359">
    <p class='ocr_par' dir='ltr' id='par_1_66' title="bbox 335 4281 1897 4359">
     <span class='ocr_line' id='line_1_66' title="bbox 335 4281 1897 4359; baseline 0.005 -26"><span class='ocrx_word' id='word_1_428' title='bbox 335 4281 602 4352; x_wconf 81' lang='grc' dir='ltr'>Πολλάκις</span> <span class='ocrx_word' id='word_1_429' title='bbox 632 4282 741 4355; x_wconf 79' lang='grc' dir='ltr'><strong>γὰρ</strong></span> <span class='ocrx_word' id='word_1_430' title='bbox 794 4285 914 4338; x_wconf 76' lang='grc' dir='ltr'>οὐδὲ</span> <span class='ocrx_word' id='word_1_431' title='bbox 970 4287 1238 4356; x_wconf 87' lang='grc' dir='ltr'>τεχνίτην,</span> <span class='ocrx_word' id='word_1_432' title='bbox 1279 4286 1454 4340; x_wconf 80' lang='grc' dir='ltr'>εῖτουν</span> <span class='ocrx_word' id='word_1_433' title='bbox 1486 4288 1826 4359; x_wconf 77' lang='grc' dir='ltr'>οἰκοδομίας,</span> <span class='ocrx_word' id='word_1_434' title='bbox 1864 4289 1897 4359; x_wconf 77' lang='grc' dir='ltr'>ἢ</span> 
     </span>
    </p>
   </div>
   <div class='ocr_carea' id='block_1_67' title="bbox 333 4375 1898 4452">
    <p class='ocr_par' dir='ltr' id='par_1_67' title="bbox 333 4375 1898 4452">
     <span class='ocr_line' id='line_1_67' title="bbox 333 4375 1898 4452; baseline 0.006 -27"><span class='ocrx_word' id='word_1_435' title='bbox 333 4375 676 4444; x_wconf 83' lang='grc' dir='ltr'>ναυπηγίας,</span> <span class='ocrx_word' id='word_1_436' title='bbox 731 4375 764 4444; x_wconf 83' lang='grc' dir='ltr'>ἢ</span> <span class='ocrx_word' id='word_1_437' title='bbox 825 4376 1184 4448; x_wconf 83' lang='grc' dir='ltr'>χαλκευτικῆς</span> <span class='ocrx_word' id='word_1_438' title='bbox 1233 4377 1527 4450; x_wconf 80' lang='grc' dir='ltr'>ἔμπειρον,</span> <span class='ocrx_word' id='word_1_439' title='bbox 1597 4381 1898 4452; x_wconf 81' lang='grc' dir='ltr'>αἰδούμενοι</span> 
     </span>
    </p>
   </div>
   <div class='ocr_carea' id='block_1_68' title="bbox 333 4468 1894 4540">
    <p class='ocr_par' dir='ltr' id='par_1_68' title="bbox 333 4468 1894 4540">
     <span class='ocr_line' id='line_1_68' title="bbox 333 4468 1894 4540; baseline 0.006 -21"><span class='ocrx_word' id='word_1_440' title='bbox 333 4468 839 4538; x_wconf 79' lang='grc' dir='ltr'>περιεργαζόμεθα,</span> <span class='ocrx_word' id='word_1_441' title='bbox 894 4469 1150 4524; x_wconf 85' lang='grc' dir='ltr'>ποιοῦντά</span> <span class='ocrx_word' id='word_1_442' title='bbox 1181 4488 1243 4540; x_wconf 86' lang='grc' dir='ltr'><strong>γε</strong></span> <span class='ocrx_word' id='word_1_443' title='bbox 1276 4472 1336 4524; x_wconf 86' lang='grc' dir='ltr'>τὸ</span> <span class='ocrx_word' id='word_1_444' title='bbox 1387 4475 1587 4526; x_wconf 80' lang='grc' dir='ltr'>οίκεῖον</span> <span class='ocrx_word' id='word_1_445' title='bbox 1635 4474 1894 4528; x_wconf 76' lang='grc' dir='ltr'>ἕκαστον·</span> 
     </span>
    </p>
   </div>
   <div class='ocr_carea' id='block_1_69' title="bbox 1923 3168 3565 3258">
    <p class='ocr_par' dir='ltr' id='par_1_69' title="bbox 1923 3168 3565 3258">
     <span class='ocr_line' id='line_1_69' title="bbox 1923 3168 3565 3258; baseline -0.003 -13"><span class='ocrx_word' id='word_1_446' title='bbox 1923 3196 1965 3254; x_wconf 88' lang='lat' dir='ltr'><strong><em>C</em></strong></span> <span class='ocrx_word' id='word_1_447' title='bbox 2000 3189 2185 3246; x_wconf 79' lang='lat' dir='ltr'><strong>Sancti</strong></span> <span class='ocrx_word' id='word_1_448' title='bbox 2217 3187 2345 3258; x_wconf 65' lang='lat' dir='ltr'><strong>Titi,</strong></span> <span class='ocrx_word' id='word_1_449' title='bbox 2375 3174 2588 3240; x_wconf 73' lang='lat' dir='ltr'><strong>exlibro</strong></span> <span class='ocrx_word' id='word_1_450' title='bbox 2617 3177 2705 3258; x_wconf 56' lang='lat' dir='ltr'><strong>D_e_&#39;</strong></span> <span class='ocrx_word' id='word_1_451' title='bbox 2724 3168 3088 3258; x_wconf 62' lang='lat' dir='ltr'><strong>Providentia,</strong></span> <span class='ocrx_word' id='word_1_452' title='bbox 3109 3201 3171 3238; x_wconf 74' lang='lat' dir='ltr'><strong>ex</strong></span> <span class='ocrx_word' id='word_1_453' title='bbox 3194 3173 3326 3239; x_wconf 75' lang='lat' dir='ltr'><strong>libro</strong></span> <span class='ocrx_word' id='word_1_454' title='bbox 3369 3199 3406 3238; x_wconf 93' lang='grc' dir='ltr'><strong>ιι</strong></span> <span class='ocrx_word' id='word_1_455' title='bbox 3431 3185 3565 3240; x_wconf 68' lang='grc' dir='ltr'><strong>θοή-ί</strong></span> 
     </span>
    </p>
   </div>
   <div class='ocr_carea' id='block_1_70' title="bbox 2541 3255 3002 3333">
    <p class='ocr_par' dir='ltr' id='par_1_70' title="bbox 2541 3255 3002 3333">
     <span class='ocr_line' id='line_1_70' title="bbox 2541 3255 3002 3333; baseline 0.002 -25"><span class='ocrx_word' id='word_1_456' title='bbox 2541 3263 2624 3309; x_wconf 91' lang='lat' dir='ltr'><strong>tra</strong></span> <span class='ocrx_word' id='word_1_457' title='bbox 2656 3255 3002 3333; x_wconf 75' lang='lat' dir='ltr'><strong>Manichaeos.</strong></span> 
     </span>
    </p>
   </div>
   <div class='ocr_carea' id='block_1_71' title="bbox 2068 3365 3568 3436">
    <p class='ocr_par' dir='ltr' id='par_1_71' title="bbox 2068 3365 3568 3436">
     <span class='ocr_line' id='line_1_71' title="bbox 2068 3365 3568 3436; baseline -0.003 -10"><span class='ocrx_word' id='word_1_458' title='bbox 2068 3371 2288 3427; x_wconf 86' lang='lat' dir='ltr'><strong>Minime</strong></span> <span class='ocrx_word' id='word_1_459' title='bbox 2317 3377 2742 3426; x_wconf 85' lang='lat' dir='ltr'><strong>cOnsentaneum</strong></span> <span class='ocrx_word' id='word_1_460' title='bbox 2775 3377 2914 3436; x_wconf 90' lang='lat' dir='ltr'><strong>erat,</strong></span> <span class='ocrx_word' id='word_1_461' title='bbox 2960 3375 3019 3423; x_wconf 91' lang='lat' dir='ltr'><strong>ut</strong></span> <span class='ocrx_word' id='word_1_462' title='bbox 3041 3367 3276 3429; x_wconf 88' lang='lat' dir='ltr'><strong>videtur,</strong></span> <span class='ocrx_word' id='word_1_463' title='bbox 3308 3365 3403 3422; x_wconf 91' lang='lat' dir='ltr'><strong>Dei</strong></span> <span class='ocrx_word' id='word_1_464' title='bbox 3439 3374 3568 3422; x_wconf 86' lang='lat' dir='ltr'><strong>con-</strong></span> 
     </span>
    </p>
   </div>
   <div class='ocr_carea' id='block_1_72' title="bbox 2001 3457 3566 3533">
    <p class='ocr_par' dir='ltr' id='par_1_72' title="bbox 2001 3457 3566 3533">
     <span class='ocr_line' id='line_1_72' title="bbox 2001 3457 3566 3533; baseline -0.006 -12"><span class='ocrx_word' id='word_1_465' title='bbox 2001 3464 2126 3521; x_wconf 88' lang='lat' dir='ltr'><strong>silia</strong></span> <span class='ocrx_word' id='word_1_466' title='bbox 2155 3465 2340 3533; x_wconf 82' lang='lat' dir='ltr'><strong>pervia</strong></span> <span class='ocrx_word' id='word_1_467' title='bbox 2369 3461 2626 3516; x_wconf 89' lang='lat' dir='ltr'><strong>omnibus</strong></span> <span class='ocrx_word' id='word_1_468' title='bbox 2666 3461 2814 3523; x_wconf 84' lang='lat' dir='ltr'><strong>ﬁeri,</strong></span> <span class='ocrx_word' id='word_1_469' title='bbox 2844 3467 2899 3514; x_wconf 90' lang='lat' dir='ltr'><strong>et</strong></span> <span class='ocrx_word' id='word_1_470' title='bbox 2947 3457 3380 3528; x_wconf 72' lang='lat' dir='ltr'><strong>ineXplicabilem</strong></span> <span class='ocrx_word' id='word_1_471' title='bbox 3417 3457 3566 3511; x_wconf 91' lang='lat' dir='ltr'><strong>illam</strong></span> 
     </span>
    </p>
   </div>
   <div class='ocr_carea' id='block_1_73' title="bbox 1999 3539 3567 3627">
    <p class='ocr_par' dir='ltr' id='par_1_73' title="bbox 1999 3539 3567 3627">
     <span class='ocr_line' id='line_1_73' title="bbox 1999 3539 3567 3627; baseline -0.007 -17"><span class='ocrx_word' id='word_1_472' title='bbox 1999 3566 2164 3627; x_wconf 88' lang='lat' dir='ltr'><strong>atque</strong></span> <span class='ocrx_word' id='word_1_473' title='bbox 2228 3539 2834 3623; x_wconf 84' lang='lat' dir='ltr'><strong>incomprehensibilem</strong></span> <span class='ocrx_word' id='word_1_474' title='bbox 2877 3556 3116 3604; x_wconf 86' lang='lat' dir='ltr'><strong>mentem</strong></span> <span class='ocrx_word' id='word_1_475' title='bbox 3163 3548 3309 3603; x_wconf 92' lang='lat' dir='ltr'><strong>omni</strong></span> <span class='ocrx_word' id='word_1_476' title='bbox 3353 3547 3567 3601; x_wconf 79' lang='lat' dir='ltr'><strong>ratione</strong></span> 
     </span>
    </p>
   </div>
   <div class='ocr_carea' id='block_1_74' title="bbox 2000 3639 3565 3716">
    <p class='ocr_par' dir='ltr' id='par_1_74' title="bbox 2000 3639 3565 3716">
     <span class='ocr_line' id='line_1_74' title="bbox 2000 3639 3565 3716; baseline -0.006 -14"><span class='ocrx_word' id='word_1_477' title='bbox 2000 3647 2320 3704; x_wconf 87' lang='lat' dir='ltr'><strong>hominibus</strong></span> <span class='ocrx_word' id='word_1_478' title='bbox 2352 3645 2690 3716; x_wconf 78' lang='lat' dir='ltr'><strong>exploratam</strong></span> <span class='ocrx_word' id='word_1_479' title='bbox 2729 3650 2890 3698; x_wconf 78' lang='lat' dir='ltr'><strong>eSse:</strong></span> <span class='ocrx_word' id='word_1_480' title='bbox 2926 3641 3146 3712; x_wconf 88' lang='lat' dir='ltr'><strong>quandc</strong></span> <span class='ocrx_word' id='word_1_481' title='bbox 3179 3640 3259 3696; x_wconf 90' lang='lat' dir='ltr'><strong>vel</strong></span> <span class='ocrx_word' id='word_1_482' title='bbox 3303 3640 3446 3711; x_wconf 83' lang='lat' dir='ltr'><strong>regis</strong></span> <span class='ocrx_word' id='word_1_483' title='bbox 3471 3639 3565 3710; x_wconf 91' lang='lat' dir='ltr'><strong>qul</strong></span> 
     </span>
    </p>
   </div>
   <div class='ocr_carea' id='block_1_75' title="bbox 1999 3730 3565 3805">
    <p class='ocr_par' dir='ltr' id='par_1_75' title="bbox 1999 3730 3565 3805">
     <span class='ocr_line' id='line_1_75' title="bbox 1999 3730 3565 3805; baseline -0.004 -15"><span class='ocrx_word' id='word_1_484' title='bbox 1999 3737 2166 3792; x_wconf 89' lang='lat' dir='ltr'><strong>homo</strong></span> <span class='ocrx_word' id='word_1_485' title='bbox 2224 3744 2331 3800; x_wconf 89' lang='lat' dir='ltr'><strong>est,</strong></span> <span class='ocrx_word' id='word_1_486' title='bbox 2365 3751 2428 3789; x_wconf 90' lang='lat' dir='ltr'><strong>ac</strong></span> <span class='ocrx_word' id='word_1_487' title='bbox 2462 3733 2730 3805; x_wconf 82' lang='lat' dir='ltr'><strong>principis</strong></span> <span class='ocrx_word' id='word_1_488' title='bbox 2768 3733 3027 3803; x_wconf 90' lang='lat' dir='ltr'><strong>pleraque</strong></span> <span class='ocrx_word' id='word_1_489' title='bbox 3069 3730 3301 3785; x_wconf 87' lang='lat' dir='ltr'><strong>consilia</strong></span> <span class='ocrx_word' id='word_1_490' title='bbox 3353 3730 3565 3784; x_wconf 75' lang='lat' dir='ltr'><strong>occulta</strong></span> 
     </span>
    </p>
   </div>
   <div class='ocr_carea' id='block_1_76' title="bbox 2001 3821 3567 3896">
    <p class='ocr_par' dir='ltr' id='par_1_76' title="bbox 2001 3821 3567 3896">
     <span class='ocr_line' id='line_1_76' title="bbox 2001 3821 3567 3896; baseline -0.006 -12"><span class='ocrx_word' id='word_1_491' title='bbox 2001 3837 2167 3894; x_wconf 88' lang='lat' dir='ltr'><strong>sunt,</strong></span> <span class='ocrx_word' id='word_1_492' title='bbox 2204 3828 2277 3881; x_wconf 88' lang='lat' dir='ltr'><strong>ita</strong></span> <span class='ocrx_word' id='word_1_493' title='bbox 2314 3835 2371 3881; x_wconf 90' lang='lat' dir='ltr'><strong>ut</strong></span> <span class='ocrx_word' id='word_1_494' title='bbox 2404 3827 2698 3882; x_wconf 88' lang='lat' dir='ltr'><strong>obscurum</strong></span> <span class='ocrx_word' id='word_1_495' title='bbox 2733 3827 2806 3880; x_wconf 93' lang='lat' dir='ltr'><strong>sit</strong></span> <span class='ocrx_word' id='word_1_496' title='bbox 2829 3839 2992 3896; x_wconf 87' lang='lat' dir='ltr'><strong>quam</strong></span> <span class='ocrx_word' id='word_1_497' title='bbox 3019 3822 3088 3878; x_wconf 90' lang='lat' dir='ltr'><strong>ob</strong></span> <span class='ocrx_word' id='word_1_498' title='bbox 3121 3829 3340 3877; x_wconf 87' lang='lat' dir='ltr'><strong>causam</strong></span> <span class='ocrx_word' id='word_1_499' title='bbox 3374 3821 3567 3891; x_wconf 76' lang='lat' dir='ltr'><strong>agatur</strong></span> 
     </span>
    </p>
   </div>
   <div class='ocr_carea' id='block_1_77' title="bbox 1999 3912 3566 3991">
    <p class='ocr_par' dir='ltr' id='par_1_77' title="bbox 1999 3912 3566 3991">
     <span class='ocr_line' id='line_1_77' title="bbox 1999 3912 3566 3991; baseline -0.006 -16"><span class='ocrx_word' id='word_1_500' title='bbox 1999 3920 2054 3975; x_wconf 87' lang='lat' dir='ltr'><strong>id</strong></span> <span class='ocrx_word' id='word_1_501' title='bbox 2085 3918 2230 3990; x_wconf 90' lang='lat' dir='ltr'><strong>quod</strong></span> <span class='ocrx_word' id='word_1_502' title='bbox 2260 3918 2460 3989; x_wconf 88' lang='lat' dir='ltr'><strong>agitur.</strong></span> <span class='ocrx_word' id='word_1_503' title='bbox 2494 3916 2641 3971; x_wconf 80' lang='lat' dir='ltr'><strong>Nihil</strong></span> <span class='ocrx_word' id='word_1_504' title='bbox 2663 3912 2862 3970; x_wconf 79' lang='lat' dir='ltr'><strong>mirum</strong></span> <span class='ocrx_word' id='word_1_505' title='bbox 2895 3915 3081 3986; x_wconf 88' lang='lat' dir='ltr'><strong>igitur,</strong></span> <span class='ocrx_word' id='word_1_506' title='bbox 3113 3914 3160 3977; x_wconf 85' lang='lat' dir='ltr'><strong>si</strong></span> <span class='ocrx_word' id='word_1_507' title='bbox 3191 3913 3438 3980; x_wconf 87' lang='lat' dir='ltr'><strong>homines</strong></span> <span class='ocrx_word' id='word_1_508' title='bbox 3478 3915 3566 3991; x_wconf 81' lang='lat' dir='ltr'><strong>di-</strong></span> 
     </span>
    </p>
   </div>
   <div class='ocr_carea' id='block_1_78' title="bbox 1999 4005 3568 4081">
    <p class='ocr_par' dir='ltr' id='par_1_78' title="bbox 1999 4005 3568 4081">
     <span class='ocr_line' id='line_1_78' title="bbox 1999 4005 3568 4081; baseline -0.003 -14"><span class='ocrx_word' id='word_1_509' title='bbox 1999 4013 2141 4067; x_wconf 66' lang='lat' dir='ltr'><strong>vina:</strong></span> <span class='ocrx_word' id='word_1_510' title='bbox 2173 4010 2591 4081; x_wconf 84' lang='lat' dir='ltr'><strong>gubernationis</strong></span> <span class='ocrx_word' id='word_1_511' title='bbox 2627 4009 2891 4064; x_wconf 86' lang='lat' dir='ltr'><strong>rationem</strong></span> <span class='ocrx_word' id='word_1_512' title='bbox 2926 4023 3036 4063; x_wconf 88' lang='lat' dir='ltr'><strong>non</strong></span> <span class='ocrx_word' id='word_1_513' title='bbox 3085 4006 3335 4077; x_wconf 64' lang='lat' dir='ltr'><strong>&#39;capiantj</strong></span> <span class='ocrx_word' id='word_1_514' title='bbox 3367 4005 3568 4078; x_wconf 85' lang='lat' dir='ltr'><strong>quibus</strong></span> 
     </span>
    </p>
   </div>
   <div class='ocr_carea' id='block_1_79' title="bbox 2001 4092 3564 4174">
    <p class='ocr_par' dir='ltr' id='par_1_79' title="bbox 2001 4092 3564 4174">
     <span class='ocr_line' id='line_1_79' title="bbox 2001 4092 3564 4174; baseline -0.003 -13"><span class='ocrx_word' id='word_1_515' title='bbox 2001 4105 2312 4171; x_wconf 87' lang='lat' dir='ltr'><strong>conveniat,</strong></span> <span class='ocrx_word' id='word_1_516' title='bbox 2342 4104 2520 4174; x_wconf 89' lang='lat' dir='ltr'><strong>posita</strong></span> <span class='ocrx_word' id='word_1_517' title='bbox 2570 4103 2910 4166; x_wconf 87' lang='lat' dir='ltr'><strong>curiositate,</strong></span> <span class='ocrx_word' id='word_1_518' title='bbox 2954 4101 3146 4157; x_wconf 86' lang='lat' dir='ltr'><strong>cedere</strong></span> <span class='ocrx_word' id='word_1_519' title='bbox 3191 4111 3245 4155; x_wconf 88' lang='lat' dir='ltr'><strong>et</strong></span> <span class='ocrx_word' id='word_1_520' title='bbox 3269 4092 3564 4166; x_wconf 82' lang='lat' dir='ltr'><strong>contieere,</strong></span> 
     </span>
    </p>
   </div>
   <div class='ocr_carea' id='block_1_80' title="bbox 1999 4189 3568 4268">
    <p class='ocr_par' dir='ltr' id='par_1_80' title="bbox 1999 4189 3568 4268">
     <span class='ocr_line' id='line_1_80' title="bbox 1999 4189 3568 4268; baseline -0.003 -15"><span class='ocrx_word' id='word_1_521' title='bbox 1999 4213 2102 4253; x_wconf 90' lang='lat' dir='ltr'><strong>nec</strong></span> <span class='ocrx_word' id='word_1_522' title='bbox 2144 4211 2376 4268; x_wconf 90' lang='lat' dir='ltr'><strong>prorsus</strong></span> <span class='ocrx_word' id='word_1_523' title='bbox 2409 4196 2672 4250; x_wconf 90' lang='lat' dir='ltr'><strong>adversus</strong></span> <span class='ocrx_word' id='word_1_524' title='bbox 2712 4189 2985 4250; x_wconf 70' lang='lat' dir='ltr'><strong>inell‘abile</strong></span> <span class='ocrx_word' id='word_1_525' title='bbox 3022 4194 3262 4264; x_wconf 90' lang='lat' dir='ltr'><strong>regimen</strong></span> <span class='ocrx_word' id='word_1_526' title='bbox 3295 4193 3426 4248; x_wconf 92' lang='lat' dir='ltr'><strong>illud</strong></span> <span class='ocrx_word' id='word_1_527' title='bbox 3469 4194 3568 4248; x_wconf 86' lang='lat' dir='ltr'><strong>ob-</strong></span> 
     </span>
    </p>
   </div>
   <div class='ocr_carea' id='block_1_81' title="bbox 1999 4276 3567 4356">
    <p class='ocr_par' dir='ltr' id='par_1_81' title="bbox 1999 4276 3567 4356">
     <span class='ocr_line' id='line_1_81' title="bbox 1999 4276 3567 4356; baseline -0.004 -10"><span class='ocrx_word' id='word_1_528' title='bbox 1999 4305 2368 4346; x_wconf 85' lang='lat' dir='ltr'><strong>murmurare.</strong></span> <span class='ocrx_word' id='word_1_529' title='bbox 2398 4276 2694 4344; x_wconf 84' lang='lat' dir='ltr'><strong>Enimvero</strong></span> <span class='ocrx_word' id='word_1_530' title='bbox 2744 4304 2888 4356; x_wconf 66' lang='lat' dir='ltr'><strong>saepe</strong></span> <span class='ocrx_word' id='word_1_531' title='bbox 2923 4282 3151 4352; x_wconf 83' lang='lat' dir='ltr'><strong>accidit,</strong></span> <span class='ocrx_word' id='word_1_532' title='bbox 3185 4291 3244 4340; x_wconf 91' lang='lat' dir='ltr'><strong>ut</strong></span> <span class='ocrx_word' id='word_1_533' title='bbox 3285 4287 3460 4355; x_wconf 86' lang='lat' dir='ltr'><strong>neque</strong></span> <span class='ocrx_word' id='word_1_534' title='bbox 3499 4285 3567 4339; x_wconf 90' lang='lat' dir='ltr'><strong>ab</strong></span> 
     </span>
    </p>
   </div>
   <div class='ocr_carea' id='block_1_82' title="bbox 2001 4362 3566 4446">
    <p class='ocr_par' dir='ltr' id='par_1_82' title="bbox 2001 4362 3566 4446">
     <span class='ocr_line' id='line_1_82' title="bbox 2001 4362 3566 4446; baseline -0.004 -11"><span class='ocrx_word' id='word_1_535' title='bbox 2001 4382 2232 4446; x_wconf 80' lang='lat' dir='ltr'><strong>artiﬁce,</strong></span> <span class='ocrx_word' id='word_1_536' title='bbox 2281 4380 2397 4436; x_wconf 89' lang='lat' dir='ltr'><strong>sive</strong></span> <span class='ocrx_word' id='word_1_537' title='bbox 2443 4362 2640 4435; x_wconf 85' lang='lat' dir='ltr'><strong>domus</strong></span> <span class='ocrx_word' id='word_1_538' title='bbox 2674 4377 2969 4440; x_wconf 63' lang='lat' dir='ltr'><strong>struendae,</strong></span> <span class='ocrx_word' id='word_1_539' title='bbox 3001 4376 3116 4431; x_wconf 85' lang='lat' dir='ltr'><strong>sive</strong></span> <span class='ocrx_word' id='word_1_540' title='bbox 3158 4374 3566 4445; x_wconf 84' lang='lat' dir='ltr'><strong>compingendae</strong></span> 
     </span>
    </p>
   </div>
   <div class='ocr_carea' id='block_1_83' title="bbox 2001 4461 3568 4540">
    <p class='ocr_par' dir='ltr' id='par_1_83' title="bbox 2001 4461 3568 4540">
     <span class='ocr_line' id='line_1_83' title="bbox 2001 4461 3568 4540; baseline -0.005 -12"><span class='ocrx_word' id='word_1_541' title='bbox 2001 4461 2179 4540; x_wconf 85' lang='lat' dir='ltr'><strong>navis,</strong></span> <span class='ocrx_word' id='word_1_542' title='bbox 2210 4475 2325 4530; x_wconf 91' lang='lat' dir='ltr'><strong>sive</strong></span> <span class='ocrx_word' id='word_1_543' title='bbox 2353 4473 2480 4528; x_wconf 88' lang='lat' dir='ltr'><strong>aeris</strong></span> <span class='ocrx_word' id='word_1_544' title='bbox 2543 4469 2802 4525; x_wconf 83' lang='lat' dir='ltr'><strong>fundendi</strong></span> <span class='ocrx_word' id='word_1_545' title='bbox 2853 4471 3061 4540; x_wconf 90' lang='lat' dir='ltr'><strong>perito,</strong></span> <span class='ocrx_word' id='word_1_546' title='bbox 3101 4465 3220 4537; x_wconf 87' lang='lat' dir='ltr'><strong>ejus</strong></span> <span class='ocrx_word' id='word_1_547' title='bbox 3265 4468 3568 4522; x_wconf 88' lang='lat' dir='ltr'><strong>reverentia</strong></span> 
     </span>
    </p>
   </div>
   <div class='ocr_carea' id='block_1_84' title="bbox 332 4553 1897 4637">
    <p class='ocr_par' dir='ltr' id='par_1_84' title="bbox 332 4556 1897 4637">
     <span class='ocr_line' id='line_1_84' title="bbox 332 4556 1897 4637; baseline 0.007 -28"><span class='ocrx_word' id='word_1_548' title='bbox 332 4556 467 4610; x_wconf 85' lang='grc' dir='ltr'><strong>ἀλλά</strong></span> <span class='ocrx_word' id='word_1_549' title='bbox 521 4560 586 4628; x_wconf 83' lang='grc' dir='ltr'>τῇ</span> <span class='ocrx_word' id='word_1_550' title='bbox 643 4558 807 4630; x_wconf 75' lang='grc' dir='ltr'>πείρᾳ</span> <span class='ocrx_word' id='word_1_551' title='bbox 836 4562 1400 4627; x_wconf 81' lang='grc' dir='ltr'>καταπιστεύσαντες,</span> <span class='ocrx_word' id='word_1_552' title='bbox 1457 4565 1787 4637; x_wconf 84' lang='grc' dir='ltr'>ὲκδεχόμεθα</span> <span class='ocrx_word' id='word_1_553' title='bbox 1838 4567 1897 4620; x_wconf 88' lang='grc' dir='ltr'>τὸ</span> 
     </span>
    </p>
   </div>
   <div class='ocr_carea' id='block_1_85' title="bbox 1999 4553 3566 4637">
    <p class='ocr_par' dir='ltr' id='par_1_85' title="bbox 2001 4559 3566 4637">
     <span class='ocr_line' id='line_1_85' title="bbox 2001 4559 3566 4637; baseline -0.006 -17"><span class='ocrx_word' id='word_1_554' title='bbox 2001 4567 2207 4637; x_wconf 87' lang='lat' dir='ltr'><strong>aliquid</strong></span> <span class='ocrx_word' id='word_1_555' title='bbox 2265 4565 2645 4636; x_wconf 85' lang='lat' dir='ltr'><strong>inquiramus,</strong></span> <span class='ocrx_word' id='word_1_556' title='bbox 2673 4562 2802 4618; x_wconf 91' lang='lat' dir='ltr'><strong>dum</strong></span> <span class='ocrx_word' id='word_1_557' title='bbox 2855 4559 2943 4617; x_wconf 88' lang='lat' dir='ltr'><strong>ille</strong></span> <span class='ocrx_word' id='word_1_558' title='bbox 2965 4562 3196 4632; x_wconf 83' lang='lat' dir='ltr'><strong>quodvis</strong></span> <span class='ocrx_word' id='word_1_559' title='bbox 3238 4576 3374 4631; x_wconf 89' lang='lat' dir='ltr'><strong>opus</strong></span> <span class='ocrx_word' id='word_1_560' title='bbox 3408 4576 3566 4615; x_wconf 89' lang='lat' dir='ltr'><strong>suum</strong></span> 
     </span>
    </p>
   </div>
   <div class='ocr_carea' id='block_1_86' title="bbox 333 4637 1894 4726">
    <p class='ocr_par' dir='ltr' id='par_1_86' title="bbox 333 4637 1894 4726">
     <span class='ocr_line' id='line_1_86' title="bbox 333 4637 1894 4726; baseline 0.006 -24"><span class='ocrx_word' id='word_1_561' title='bbox 333 4649 492 4720; x_wconf 77' lang='grc' dir='ltr'>ἔργον</span> <span class='ocrx_word' id='word_1_562' title='bbox 527 4651 672 4704; x_wconf 81' lang='grc' dir='ltr'>ἰδεῖν.</span> <span class='ocrx_word' id='word_1_563' title='bbox 703 4654 857 4704; x_wconf 88' lang='grc' dir='ltr'>Ἔστι</span> <span class='ocrx_word' id='word_1_564' title='bbox 889 4637 945 4704; x_wconf 71' lang='grc' dir='ltr'>δὲ</span> <span class='ocrx_word' id='word_1_565' title='bbox 978 4653 1070 4705; x_wconf 78' lang='grc' dir='ltr'>καὶ</span> <span class='ocrx_word' id='word_1_566' title='bbox 1110 4653 1198 4706; x_wconf 82' lang='grc' dir='ltr'>ὅτε</span> <span class='ocrx_word' id='word_1_567' title='bbox 1236 4655 1584 4726; x_wconf 71' lang='grc' dir='ltr'>σφαλλομένῳ</span> <span class='ocrx_word' id='word_1_568' title='bbox 1613 4657 1712 4710; x_wconf 84' lang='grc' dir='ltr'>οὐκ</span> <span class='ocrx_word' id='word_1_569' title='bbox 1741 4658 1894 4711; x_wconf 82' lang='grc' dir='ltr'>ὲπαι-</span> 
     </span>
    </p>
   </div>
   <div class='ocr_carea' id='block_1_87' title="bbox 333 4732 1892 4820">
    <p class='ocr_par' dir='ltr' id='par_1_87' title="bbox 333 4732 1892 4820">
     <span class='ocr_line' id='line_1_87' title="bbox 333 4732 1892 4820; baseline 0.006 -27"><span class='ocrx_word' id='word_1_570' title='bbox 333 4740 657 4812; x_wconf 89' lang='grc' dir='ltr'>σθανόμεθα.</span> <span class='ocrx_word' id='word_1_571' title='bbox 707 4732 773 4795; x_wconf 78' lang='grc' dir='ltr'>Τί</span> <span class='ocrx_word' id='word_1_572' title='bbox 817 4743 860 4795; x_wconf 87' lang='grc' dir='ltr'>δ’</span> <span class='ocrx_word' id='word_1_573' title='bbox 893 4743 958 4797; x_wconf 85' lang='grc' dir='ltr'>ἂν</span> <span class='ocrx_word' id='word_1_574' title='bbox 986 4747 1192 4815; x_wconf 77' lang='grc' dir='ltr'>εἴποιμι</span> <span class='ocrx_word' id='word_1_575' title='bbox 1229 4748 1356 4818; x_wconf 65' lang='grc' dir='ltr'>περ),</span> <span class='ocrx_word' id='word_1_576' title='bbox 1396 4749 1495 4816; x_wconf 84' lang='grc' dir='ltr'>τῆς</span> <span class='ocrx_word' id='word_1_577' title='bbox 1537 4748 1676 4820; x_wconf 75' lang='grc' dir='ltr'>ὑπὲρ</span> <span class='ocrx_word' id='word_1_578' title='bbox 1719 4751 1892 4804; x_wconf 83' lang='grc' dir='ltr'>πάντα</span> 
     </span>
    </p>
   </div>
   <div class='ocr_carea' id='block_1_88' title="bbox 329 4831 1892 4907">
    <p class='ocr_par' dir='ltr' id='par_1_88' title="bbox 329 4831 1892 4907">
     <span class='ocr_line' id='line_1_88' title="bbox 329 4831 1892 4907; baseline 0.006 -24"><span class='ocrx_word' id='word_1_579' title='bbox 329 4831 454 4885; x_wconf 91' lang='grc' dir='ltr'>νοῦν</span> <span class='ocrx_word' id='word_1_580' title='bbox 495 4832 685 4902; x_wconf 78' lang='grc' dir='ltr'>σοφίας</span> <span class='ocrx_word' id='word_1_581' title='bbox 713 4833 804 4886; x_wconf 86' lang='grc' dir='ltr'><strong>τοῦ</strong></span> <span class='ocrx_word' id='word_1_582' title='bbox 835 4834 1005 4900; x_wconf 86' lang='grc' dir='ltr'>Θεοῦ;</span> <span class='ocrx_word' id='word_1_583' title='bbox 1037 4836 1103 4906; x_wconf 79' lang='grc' dir='ltr'>ἢν</span> <span class='ocrx_word' id='word_1_584' title='bbox 1126 4837 1388 4907; x_wconf 81' lang='grc' dir='ltr'>προσῆκε,</span> <span class='ocrx_word' id='word_1_585' title='bbox 1423 4838 1515 4890; x_wconf 70' lang='grc' dir='ltr'>καὶ</span> <span class='ocrx_word' id='word_1_586' title='bbox 1547 4838 1802 4903; x_wconf 87' lang='grc' dir='ltr'>νοοῦντάς</span> <span class='ocrx_word' id='word_1_587' title='bbox 1831 4857 1892 4893; x_wconf 88' lang='grc' dir='ltr'><strong>τε</strong></span> 
     </span>
    </p>
   </div>
   <div class='ocr_carea' id='block_1_89' title="bbox 329 4922 1893 4998">
    <p class='ocr_par' dir='ltr' id='par_1_89' title="bbox 329 4922 1893 4998">
     <span class='ocr_line' id='line_1_89' title="bbox 329 4922 1893 4998; baseline 0.005 -25"><span class='ocrx_word' id='word_1_588' title='bbox 329 4922 424 4974; x_wconf 74' lang='grc' dir='ltr'>καὶ</span> <span class='ocrx_word' id='word_1_589' title='bbox 461 4922 535 4992; x_wconf 84' lang='grc' dir='ltr'>μὴ</span> <span class='ocrx_word' id='word_1_590' title='bbox 567 4922 837 4988; x_wconf 85' lang='grc' dir='ltr'>νοοῦντας,</span> <span class='ocrx_word' id='word_1_591' title='bbox 879 4925 1272 4996; x_wconf 79' lang='grc' dir='ltr'>ἐκπλήττεσθαί</span> <span class='ocrx_word' id='word_1_592' title='bbox 1304 4945 1363 4979; x_wconf 85' lang='grc' dir='ltr'><strong>τε</strong></span> <span class='ocrx_word' id='word_1_593' title='bbox 1404 4927 1495 4981; x_wconf 80' lang='grc' dir='ltr'>καὶ</span> <span class='ocrx_word' id='word_1_594' title='bbox 1531 4929 1714 4998; x_wconf 76' lang='grc' dir='ltr'>τιμᾷν.</span> <span class='ocrx_word' id='word_1_595' title='bbox 1743 4929 1806 4981; x_wconf 83' lang='grc' dir='ltr'><strong>Εἰ</strong></span> <span class='ocrx_word' id='word_1_596' title='bbox 1837 4927 1893 4981; x_wconf 85' lang='grc' dir='ltr'><strong>δέ</strong></span> 
     </span>
    </p>
   </div>
   <div class='ocr_carea' id='block_1_90' title="bbox 324 5013 1894 5088">
    <p class='ocr_par' dir='ltr' id='par_1_90' title="bbox 324 5013 1894 5088">
     <span class='ocr_line' id='line_1_90' title="bbox 324 5013 1894 5088; baseline 0.007 -25"><span class='ocrx_word' id='word_1_597' title='bbox 324 5029 431 5076; x_wconf 86' lang='grc' dir='ltr'>τις,</span> <span class='ocrx_word' id='word_1_598' title='bbox 455 5013 543 5066; x_wconf 81' lang='grc' dir='ltr'><strong>διὰ</strong></span> <span class='ocrx_word' id='word_1_599' title='bbox 565 5015 624 5066; x_wconf 85' lang='grc' dir='ltr'>τὸ</span> <span class='ocrx_word' id='word_1_600' title='bbox 649 5016 722 5086; x_wconf 83' lang='grc' dir='ltr'>μὴ</span> <span class='ocrx_word' id='word_1_601' title='bbox 749 5016 1184 5088; x_wconf 77' lang='grc' dir='ltr'>καταλαμϐάνειν</span> <span class='ocrx_word' id='word_1_602' title='bbox 1212 5018 1303 5072; x_wconf 82' lang='grc' dir='ltr'>τὸν</span> <span class='ocrx_word' id='word_1_603' title='bbox 1325 5019 1479 5088; x_wconf 87' lang='grc' dir='ltr'>λόγον</span> <span class='ocrx_word' id='word_1_604' title='bbox 1501 5019 1614 5073; x_wconf 85' lang='grc' dir='ltr'><strong>τῶν</strong></span> <span class='ocrx_word' id='word_1_605' title='bbox 1640 5020 1894 5074; x_wconf 83' lang='grc' dir='ltr'>πλειόνων</span> 
     </span>
    </p>
   </div>
   <div class='ocr_carea' id='block_1_91' title="bbox 325 5096 1890 5182">
    <p class='ocr_par' dir='ltr' id='par_1_91' title="bbox 325 5096 1890 5182">
     <span class='ocr_line' id='line_1_91' title="bbox 325 5096 1890 5182; baseline 0.006 -26"><span class='ocrx_word' id='word_1_606' title='bbox 325 5103 434 5157; x_wconf 83' lang='grc' dir='ltr'>τῶν</span> <span class='ocrx_word' id='word_1_607' title='bbox 460 5107 597 5176; x_wconf 88' lang='grc' dir='ltr'>πρὸς</span> <span class='ocrx_word' id='word_1_608' title='bbox 620 5106 713 5159; x_wconf 87' lang='grc' dir='ltr'><strong>τοῦ</strong></span> <span class='ocrx_word' id='word_1_609' title='bbox 748 5107 882 5161; x_wconf 86' lang='grc' dir='ltr'>Θεοῦ</span> <span class='ocrx_word' id='word_1_610' title='bbox 916 5110 1236 5181; x_wconf 80' lang='grc' dir='ltr'>γινομένων,</span> <span class='ocrx_word' id='word_1_611' title='bbox 1267 5096 1488 5164; x_wconf 78' lang='grc' dir='ltr'>ἐκπέσοι</span> <span class='ocrx_word' id='word_1_612' title='bbox 1512 5113 1647 5182; x_wconf 87' lang='grc' dir='ltr'>πρὸς</span> <span class='ocrx_word' id='word_1_613' title='bbox 1666 5113 1890 5166; x_wconf 86' lang='grc' dir='ltr'>ἀτοπίαν</span> 
     </span>
    </p>
   </div>
   <div class='ocr_carea' id='block_1_92' title="bbox 296 5196 1888 5273">
    <p class='ocr_par' dir='ltr' id='par_1_92' title="bbox 296 5196 1888 5273">
     <span class='ocr_line' id='line_1_92' title="bbox 296 5196 1888 5273; baseline 0.007 -26"><span class='ocrx_word' id='word_1_614' title='bbox 296 5198 424 5267; x_wconf 59' lang='grc' dir='ltr'>’τῆς</span> <span class='ocrx_word' id='word_1_615' title='bbox 472 5196 566 5250; x_wconf 89' lang='grc' dir='ltr'><strong>τοῦ</strong></span> <span class='ocrx_word' id='word_1_616' title='bbox 613 5197 747 5251; x_wconf 89' lang='grc' dir='ltr'>Θεοῦ</span> <span class='ocrx_word' id='word_1_617' title='bbox 800 5199 956 5271; x_wconf 78' lang='grc' dir='ltr'>δόξης</span> <span class='ocrx_word' id='word_1_618' title='bbox 998 5201 1109 5273; x_wconf 74' lang='grc'><strong>(70)</strong></span> <span class='ocrx_word' id='word_1_619' title='bbox 1166 5201 1531 5269; x_wconf 80' lang='grc' dir='ltr'>ἀθλιώτατος,</span> <span class='ocrx_word' id='word_1_620' title='bbox 1583 5204 1676 5258; x_wconf 77' lang='grc' dir='ltr'>καὶ</span> <span class='ocrx_word' id='word_1_621' title='bbox 1731 5205 1888 5259; x_wconf 84' lang='grc' dir='ltr'>πάλιν</span> 
     </span>
    </p>
   </div>
   <div class='ocr_carea' id='block_1_93' title="bbox 398 5352 1894 5428">
    <p class='ocr_par' dir='ltr' id='par_1_93' title="bbox 398 5352 1894 5428">
     <span class='ocr_line' id='line_1_93' title="bbox 398 5352 1894 5428; baseline 0.005 -21"><span class='ocrx_word' id='word_1_622' title='bbox 398 5352 508 5426; x_wconf 87' lang='lat'><strong>(68)</strong></span> <span class='ocrx_word' id='word_1_623' title='bbox 529 5354 709 5428; x_wconf 57' lang='grc' dir='ltr'>λἹρὸς</span> <span class='ocrx_word' id='word_1_624' title='bbox 737 5353 805 5409; x_wconf 79' lang='grc' dir='ltr'>δὲ</span> <span class='ocrx_word' id='word_1_625' title='bbox 849 5354 974 5422; x_wconf 83' lang='grc' dir='ltr'>τοῖς</span> <span class='ocrx_word' id='word_1_626' title='bbox 1005 5355 1107 5428; x_wconf 62' lang='grc' dir='ltr'>ἅττ.</span> <span class='ocrx_word' id='word_1_627' title='bbox 1162 5356 1424 5428; x_wconf 78' lang='lat' dir='ltr'><strong>Excerpta</strong></span> <span class='ocrx_word' id='word_1_628' title='bbox 1484 5366 1612 5414; x_wconf 90' lang='lat' dir='ltr'><strong>sunt</strong></span> <span class='ocrx_word' id='word_1_629' title='bbox 1664 5359 1779 5414; x_wconf 70' lang='lat' dir='ltr'><strong>haec</strong></span> <span class='ocrx_word' id='word_1_630' title='bbox 1827 5376 1894 5415; x_wconf 80' lang='lat' dir='ltr'><strong>ex</strong></span> 
     </span>
    </p>
   </div>
   <div class='ocr_carea' id='block_1_94' title="bbox 325 5423 1892 5500">
    <p class='ocr_par' dir='ltr' id='par_1_94' title="bbox 325 5423 1892 5500">
     <span class='ocr_line' id='line_1_94' title="bbox 325 5423 1892 5500; baseline 0.003 -22"><span class='ocrx_word' id='word_1_631' title='bbox 325 5423 422 5500; x_wconf 50' lang='lat' dir='ltr'><strong>lib.</strong></span> <span class='ocrx_word' id='word_1_632' title='bbox 453 5423 636 5500; x_wconf 11' lang='lat' dir='ltr'><strong>ug&#39;l‘iti</strong></span> <span class='ocrx_word' id='word_1_633' title='bbox 671 5425 1007 5500; x_wconf 86' lang='lat' dir='ltr'><strong>_Bostrensis,</strong></span> <span class='ocrx_word' id='word_1_634' title='bbox 1064 5426 1092 5498; x_wconf 84' lang='lat'><strong>§</strong></span> <span class='ocrx_word' id='word_1_635' title='bbox 1137 5445 1225 5493; x_wconf 85' lang='lat' dir='ltr'><strong>xv,</strong></span> <span class='ocrx_word' id='word_1_636' title='bbox 1275 5423 1364 5482; x_wconf 78' lang='lat' dir='ltr'><strong>ubi</strong></span> <span class='ocrx_word' id='word_1_637' title='bbox 1414 5431 1617 5500; x_wconf 86' lang='lat' dir='ltr'><strong>rectius</strong></span> <span class='ocrx_word' id='word_1_638' title='bbox 1677 5431 1892 5500; x_wconf 79' lang='lat' dir='ltr'><strong>legitur,</strong></span> 
     </span>
    </p>
   </div>
   <div class='ocr_carea' id='block_1_95' title="bbox 324 5494 1900 5569">
    <p class='ocr_par' dir='ltr' id='par_1_95' title="bbox 324 5494 1900 5569">
     <span class='ocr_line' id='line_1_95' title="bbox 324 5494 1900 5569; baseline 0.006 -23"><span class='ocrx_word' id='word_1_639' title='bbox 324 5494 462 5567; x_wconf 75' lang='grc' dir='ltr'>πρὸς</span> <span class='ocrx_word' id='word_1_640' title='bbox 506 5494 562 5569; x_wconf 58' lang='grc' dir='ltr'><strong>δε</strong></span> <span class='ocrx_word' id='word_1_641' title='bbox 594 5495 832 5569; x_wconf 83' lang='grc' dir='ltr'>τούτοις;</span> <span class='ocrx_word' id='word_1_642' title='bbox 880 5505 1040 5567; x_wconf 89' lang='lat' dir='ltr'><strong>atque</strong></span> <span class='ocrx_word' id='word_1_643' title='bbox 1067 5494 1162 5569; x_wconf 39' lang='lat' dir='ltr'><strong>fita</strong></span> <span class='ocrx_word' id='word_1_644' title='bbox 1208 5499 1400 5569; x_wconf 81' lang='lat' dir='ltr'><strong>legisse</strong></span> <span class='ocrx_word' id='word_1_645' title='bbox 1461 5499 1672 5554; x_wconf 84' lang='lat' dir='ltr'><strong>videtur</strong></span> <span class='ocrx_word' id='word_1_646' title='bbox 1731 5494 1900 5555; x_wconf 73' lang='lat' dir='ltr'><strong>inter-</strong></span> 
     </span>
    </p>
   </div>
   <div class='ocr_carea' id='block_1_96' title="bbox 323 5563 1280 5635">
    <p class='ocr_par' dir='ltr' id='par_1_96' title="bbox 323 5563 1280 5635">
     <span class='ocr_line' id='line_1_96' title="bbox 323 5563 1280 5635; baseline 0.007 -21"><span class='ocrx_word' id='word_1_647' title='bbox 323 5563 471 5633; x_wconf 68' lang='lat' dir='ltr'><strong>pres.</strong></span> <span class='ocrx_word' id='word_1_648' title='bbox 508 5563 746 5635; x_wconf 86' lang='lat' dir='ltr'><strong>Uterque</strong></span> <span class='ocrx_word' id='word_1_649' title='bbox 775 5568 925 5621; x_wconf 84' lang='lat' dir='ltr'><strong>locus</strong></span> <span class='ocrx_word' id='word_1_650' title='bbox 948 5563 1280 5623; x_wconf 57' lang='lat' dir='ltr'><strong>conferatur:</strong></span> 
     </span>
    </p>
   </div>
   <div class='ocr_carea' id='block_1_97' title="bbox 398 5635 1892 5705">
    <p class='ocr_par' dir='ltr' id='par_1_97' title="bbox 398 5635 1892 5705">
     <span class='ocr_line' id='line_1_97' title="bbox 398 5635 1892 5705; baseline 0.003 -15"><span class='ocrx_word' id='word_1_651' title='bbox 398 5635 510 5704; x_wconf 86' lang='lat'><strong>(69)</strong></span> <span class='ocrx_word' id='word_1_652' title='bbox 545 5637 666 5688; x_wconf 82' lang='grc' dir='ltr'>οὐκ</span> <span class='ocrx_word' id='word_1_653' title='bbox 702 5635 912 5705; x_wconf 82' lang='grc' dir='ltr'>ἐχρῆν,</span> <span class='ocrx_word' id='word_1_654' title='bbox 951 5655 1006 5690; x_wconf 86' lang='grc' dir='ltr'><strong>κ.</strong></span> <span class='ocrx_word' id='word_1_655' title='bbox 1049 5655 1098 5691; x_wconf 88' lang='grc' dir='ltr'><strong>τ.</strong></span> <span class='ocrx_word' id='word_1_656' title='bbox 1141 5637 1191 5692; x_wconf 90' lang='grc' dir='ltr'><strong>λ.</strong></span> <span class='ocrx_word' id='word_1_657' title='bbox 1244 5639 1450 5695; x_wconf 82' lang='lat' dir='ltr'><strong>Auctor</strong></span> <span class='ocrx_word' id='word_1_658' title='bbox 1500 5639 1892 5696; x_wconf 82' lang='lat' dir='ltr'><strong>Paralleiorum</strong></span> 
     </span>
    </p>
   </div>
   <div class='ocr_carea' id='block_1_98' title="bbox 325 5701 1352 5776">
    <p class='ocr_par' dir='ltr' id='par_1_98' title="bbox 325 5701 1352 5776">
     <span class='ocr_line' id='line_1_98' title="bbox 325 5701 1352 5776; baseline 0.007 -19"><span class='ocrx_word' id='word_1_659' title='bbox 325 5701 430 5759; x_wconf 79' lang='lat' dir='ltr'><strong>ista</strong></span> <span class='ocrx_word' id='word_1_660' title='bbox 462 5701 848 5775; x_wconf 57' lang='lat' dir='ltr'><strong>descripsit&#39;er</strong></span> <span class='ocrx_word' id='word_1_661' title='bbox 881 5707 973 5763; x_wconf 90' lang='lat' dir='ltr'><strong>lib.</strong></span> <span class='ocrx_word' id='word_1_662' title='bbox 1005 5723 1064 5774; x_wconf 87' lang='grc' dir='ltr'><strong>ιι,</strong></span> <span class='ocrx_word' id='word_1_663' title='bbox 1099 5705 1127 5776; x_wconf 62' lang='grc' dir='ltr'>ᾗ</span> <span class='ocrx_word' id='word_1_664' title='bbox 1164 5711 1352 5765; x_wconf 77' lang='lat' dir='ltr'><strong>xxvnt.</strong></span> 
     </span>
    </p>
   </div>
   <div class='ocr_carea' id='block_1_99' title="bbox 2006 4651 3568 4727">
    <p class='ocr_par' dir='ltr' id='par_1_99' title="bbox 2006 4651 3568 4727">
     <span class='ocr_line' id='line_1_99' title="bbox 2006 4651 3568 4727; baseline -0.006 -14"><span class='ocrx_word' id='word_1_665' title='bbox 2006 4659 2174 4725; x_wconf 77' lang='lat' dir='ltr'><strong>facit;</strong></span> <span class='ocrx_word' id='word_1_666' title='bbox 2207 4657 2301 4714; x_wconf 88' lang='lat' dir='ltr'><strong>sed</strong></span> <span class='ocrx_word' id='word_1_667' title='bbox 2340 4658 2460 4726; x_wconf 82' lang='lat' dir='ltr'><strong>ejits</strong></span> <span class='ocrx_word' id='word_1_668' title='bbox 2490 4656 2844 4727; x_wconf 67' lang='lat' dir='ltr'><strong>experientiae</strong></span> <span class='ocrx_word' id='word_1_669' title='bbox 2894 4655 3050 4708; x_wconf 86' lang='lat' dir='ltr'><strong>Iidem</strong></span> <span class='ocrx_word' id='word_1_670' title='bbox 3098 4653 3380 4715; x_wconf 85' lang='lat' dir='ltr'><strong>habentes,</strong></span> <span class='ocrx_word' id='word_1_671' title='bbox 3412 4651 3568 4722; x_wconf 61' lang='lat' dir='ltr'><strong>opili-</strong></span> 
     </span>
    </p>
   </div>
   <div class='ocr_carea' id='block_1_100' title="bbox 2000 4737 3569 4820">
    <p class='ocr_par' dir='ltr' id='par_1_100' title="bbox 2000 4737 3569 4820">
     <span class='ocr_line' id='line_1_100' title="bbox 2000 4737 3569 4820; baseline -0.003 -15"><span class='ocrx_word' id='word_1_672' title='bbox 2000 4751 2146 4805; x_wconf 91' lang='lat' dir='ltr'><strong>cium</strong></span> <span class='ocrx_word' id='word_1_673' title='bbox 2204 4737 2390 4805; x_wconf 87' lang='lat' dir='ltr'><strong>videre</strong></span> <span class='ocrx_word' id='word_1_674' title='bbox 2449 4751 2847 4820; x_wconf 66' lang='lat' dir='ltr'><strong>praestolamur.</strong></span> <span class='ocrx_word' id='word_1_675' title='bbox 2896 4746 3185 4812; x_wconf 86' lang='lat' dir='ltr'><strong>Quinimo,</strong></span> <span class='ocrx_word' id='word_1_676' title='bbox 3239 4744 3569 4815; x_wconf 76' lang='lat' dir='ltr'><strong>quandoque</strong></span> 
     </span>
    </p>
   </div>
   <div class='ocr_carea' id='block_1_101' title="bbox 2000 4835 3565 4902">
    <p class='ocr_par' dir='ltr' id='par_1_101' title="bbox 2000 4835 3565 4902">
     <span class='ocr_line' id='line_1_101' title="bbox 2000 4835 3565 4902; baseline -0.005 -8"><span class='ocrx_word' id='word_1_677' title='bbox 2000 4841 2167 4895; x_wconf 87' lang='lat' dir='ltr'><strong>etiam</strong></span> <span class='ocrx_word' id='word_1_678' title='bbox 2192 4839 2340 4896; x_wconf 89' lang='lat' dir='ltr'><strong>illius</strong></span> <span class='ocrx_word' id='word_1_679' title='bbox 2369 4849 2552 4896; x_wconf 86' lang='lat' dir='ltr'><strong>errata</strong></span> <span class='ocrx_word' id='word_1_680' title='bbox 2582 4847 2687 4896; x_wconf 81' lang='lat' dir='ltr'><strong>non</strong></span> <span class='ocrx_word' id='word_1_681' title='bbox 2746 4839 3257 4894; x_wconf 84' lang='lat' dir='ltr'><strong>animadvertimus.</strong></span> <span class='ocrx_word' id='word_1_682' title='bbox 3290 4835 3430 4902; x_wconf 86' lang='lat' dir='ltr'><strong>Quid</strong></span> <span class='ocrx_word' id='word_1_683' title='bbox 3459 4836 3565 4887; x_wconf 51' lang='lat' dir='ltr'><strong>ita:</strong></span> 
     </span>
    </p>
   </div>
   <div class='ocr_carea' id='block_1_102' title="bbox 2002 4919 3568 5004">
    <p class='ocr_par' dir='ltr' id='par_1_102' title="bbox 2002 4919 3568 5004">
     <span class='ocr_line' id='line_1_102' title="bbox 2002 4919 3568 5004; baseline -0.005 -17"><span class='ocrx_word' id='word_1_684' title='bbox 2002 4948 2106 5003; x_wconf 90' lang='lat' dir='ltr'><strong>que</strong></span> <span class='ocrx_word' id='word_1_685' title='bbox 2141 4933 2315 4987; x_wconf 91' lang='lat' dir='ltr'><strong>dicam</strong></span> <span class='ocrx_word' id='word_1_686' title='bbox 2351 4933 2419 4988; x_wconf 89' lang='lat' dir='ltr'><strong>de</strong></span> <span class='ocrx_word' id='word_1_687' title='bbox 2446 4919 2543 5004; x_wconf 85' lang='lat' dir='ltr'><strong>Dei</strong></span> <span class='ocrx_word' id='word_1_688' title='bbox 2577 4932 2843 5000; x_wconf 86' lang='lat' dir='ltr'><strong>sapientia</strong></span> <span class='ocrx_word' id='word_1_689' title='bbox 2865 4971 2878 4994; x_wconf 88' lang='lat'><strong>,</strong></span> <span class='ocrx_word' id='word_1_690' title='bbox 2908 4946 3030 5001; x_wconf 77' lang='lat' dir='ltr'><strong>quae</strong></span> <span class='ocrx_word' id='word_1_691' title='bbox 3061 4937 3295 4983; x_wconf 91' lang='lat' dir='ltr'><strong>mentem</strong></span> <span class='ocrx_word' id='word_1_692' title='bbox 3350 4941 3568 4980; x_wconf 89' lang='lat' dir='ltr'><strong>omnem</strong></span> 
     </span>
    </p>
   </div>
   <div class='ocr_carea' id='block_1_103' title="bbox 1999 5014 3569 5093">
    <p class='ocr_par' dir='ltr' id='par_1_103' title="bbox 1999 5014 3569 5093">
     <span class='ocr_line' id='line_1_103' title="bbox 1999 5014 3569 5093; baseline -0.006 -15"><span class='ocrx_word' id='word_1_693' title='bbox 1999 5023 2252 5079; x_wconf 78' lang='lat' dir='ltr'><strong>excedit?</strong></span> <span class='ocrx_word' id='word_1_694' title='bbox 2283 5039 2469 5093; x_wconf 88' lang='lat' dir='ltr'><strong>quam,</strong></span> <span class='ocrx_word' id='word_1_695' title='bbox 2497 5024 2610 5078; x_wconf 90' lang='lat' dir='ltr'><strong>sive</strong></span> <span class='ocrx_word' id='word_1_696' title='bbox 2650 5023 3034 5092; x_wconf 83' lang='lat' dir='ltr'><strong>intelligamus,</strong></span> <span class='ocrx_word' id='word_1_697' title='bbox 3081 5021 3194 5076; x_wconf 90' lang='lat' dir='ltr'><strong>sive</strong></span> <span class='ocrx_word' id='word_1_698' title='bbox 3237 5035 3342 5073; x_wconf 91' lang='lat' dir='ltr'><strong>non</strong></span> <span class='ocrx_word' id='word_1_699' title='bbox 3368 5014 3569 5072; x_wconf 79' lang='lat' dir='ltr'><strong>intelli-</strong></span> 
     </span>
    </p>
   </div>
   <div class='ocr_carea' id='block_1_104' title="bbox 1997 5102 3567 5186">
    <p class='ocr_par' dir='ltr' id='par_1_104' title="bbox 1997 5102 3567 5186">
     <span class='ocr_line' id='line_1_104' title="bbox 1997 5102 3567 5186; baseline -0.003 -18"><span class='ocrx_word' id='word_1_700' title='bbox 1997 5130 2212 5186; x_wconf 84' lang='lat' dir='ltr'><strong>gamus,</strong></span> <span class='ocrx_word' id='word_1_701' title='bbox 2245 5131 2344 5170; x_wconf 89' lang='lat' dir='ltr'><strong>nos</strong></span> <span class='ocrx_word' id='word_1_702' title='bbox 2367 5115 2612 5184; x_wconf 84' lang='lat' dir='ltr'><strong>oportuit</strong></span> <span class='ocrx_word' id='word_1_703' title='bbox 2637 5115 2894 5169; x_wconf 88' lang='lat' dir='ltr'><strong>admirari</strong></span> <span class='ocrx_word' id='word_1_704' title='bbox 2940 5127 3004 5167; x_wconf 90' lang='lat' dir='ltr'><strong>ac</strong></span> <span class='ocrx_word' id='word_1_705' title='bbox 3031 5108 3300 5167; x_wconf 84' lang='lat' dir='ltr'><strong>venerari.</strong></span> <span class='ocrx_word' id='word_1_706' title='bbox 3334 5102 3487 5177; x_wconf 77' lang='lat' dir='ltr'><strong>Quod</strong></span> <span class='ocrx_word' id='word_1_707' title='bbox 3519 5109 3567 5165; x_wconf 89' lang='lat' dir='ltr'><strong>si</strong></span> 
     </span>
    </p>
   </div>
   <div class='ocr_carea' id='block_1_105' title="bbox 1999 5195 3566 5276">
    <p class='ocr_par' dir='ltr' id='par_1_105' title="bbox 1999 5195 3566 5276">
     <span class='ocr_line' id='line_1_105' title="bbox 1999 5195 3566 5276; baseline -0.003 -16"><span class='ocrx_word' id='word_1_708' title='bbox 1999 5206 2296 5276; x_wconf 83' lang='lat' dir='ltr'><strong>quispiam,</strong></span> <span class='ocrx_word' id='word_1_709' title='bbox 2329 5223 2395 5261; x_wconf 83' lang='lat' dir='ltr'><strong>ex</strong></span> <span class='ocrx_word' id='word_1_710' title='bbox 2436 5222 2500 5262; x_wconf 90' lang='lat' dir='ltr'><strong>eo</strong></span> <span class='ocrx_word' id='word_1_711' title='bbox 2534 5206 2676 5276; x_wconf 90' lang='lat' dir='ltr'><strong>quod</strong></span> <span class='ocrx_word' id='word_1_712' title='bbox 2720 5207 3009 5259; x_wconf 87' lang='lat' dir='ltr'><strong>multarum</strong></span> <span class='ocrx_word' id='word_1_713' title='bbox 3038 5205 3160 5275; x_wconf 45' lang='lat' dir='ltr'><strong>quae.</strong></span> <span class='ocrx_word' id='word_1_714' title='bbox 3192 5220 3221 5258; x_wconf 94' lang='lat' dir='ltr'><strong>a</strong></span> <span class='ocrx_word' id='word_1_715' title='bbox 3272 5195 3382 5259; x_wconf 88' lang='lat' dir='ltr'><strong>Deo</strong></span> <span class='ocrx_word' id='word_1_716' title='bbox 3410 5201 3566 5269; x_wconf 87' lang='lat' dir='ltr'><strong>tiunt,</strong></span> 
     </span>
    </p>
   </div>
   <div class='ocr_carea' id='block_1_106' title="bbox 2068 5359 3563 5430">
    <p class='ocr_par' dir='ltr' id='par_1_106' title="bbox 2068 5359 3563 5430">
     <span class='ocr_line' id='line_1_106' title="bbox 2068 5359 3563 5430; baseline 0.003 -19"><span class='ocrx_word' id='word_1_717' title='bbox 2068 5359 2176 5430; x_wconf 83' lang='lat'><strong>(70)</strong></span> <span class='ocrx_word' id='word_1_718' title='bbox 2208 5360 2363 5427; x_wconf 83' lang='grc' dir='ltr'>Πρὸς</span> <span class='ocrx_word' id='word_1_719' title='bbox 2390 5361 2646 5430; x_wconf 61' lang='lat' dir='ltr'><strong>titan/ar</strong></span> <span class='ocrx_word' id='word_1_720' title='bbox 2675 5359 2782 5426; x_wconf 77' lang='grc' dir='ltr'>τῆς</span> <span class='ocrx_word' id='word_1_721' title='bbox 2813 5360 2916 5414; x_wconf 79' lang='grc' dir='ltr'><strong>τοῦ</strong></span> <span class='ocrx_word' id='word_1_722' title='bbox 2947 5359 3095 5414; x_wconf 84' lang='grc' dir='ltr'>Θεοῦ</span> <span class='ocrx_word' id='word_1_723' title='bbox 3117 5360 3317 5429; x_wconf 80' lang='grc' dir='ltr'>δόξης.</span> <span class='ocrx_word' id='word_1_724' title='bbox 3346 5360 3474 5430; x_wconf 87' lang='lat' dir='ltr'><strong>Leg.</strong></span> <span class='ocrx_word' id='word_1_725' title='bbox 3501 5377 3563 5416; x_wconf 86' lang='grc' dir='ltr'><strong>π.</strong></span> 
     </span>
    </p>
   </div>
   <div class='ocr_carea' id='block_1_107' title="bbox 1997 5427 3562 5504">
    <p class='ocr_par' dir='ltr' id='par_1_107' title="bbox 1997 5427 3562 5504">
     <span class='ocr_line' id='line_1_107' title="bbox 1997 5427 3562 5504; baseline 0.001 -22"><span class='ocrx_word' id='word_1_726' title='bbox 1997 5430 2054 5504; x_wconf 24' lang='grc' dir='ltr'>ἀ..</span> <span class='ocrx_word' id='word_1_727' title='bbox 2079 5427 2135 5504; x_wconf 71' lang='grc' dir='ltr'><strong>τ.</strong></span> <span class='ocrx_word' id='word_1_728' title='bbox 2159 5427 2308 5504; x_wconf 71' lang='grc' dir='ltr'>’κατά</span> <span class='ocrx_word' id='word_1_729' title='bbox 2340 5427 2660 5504; x_wconf 12' lang='grc' dir='ltr'>τοῦᾼΘεοῦλδ.</span> <span class='ocrx_word' id='word_1_730' title='bbox 2692 5432 2845 5501; x_wconf 80' lang='lat' dir='ltr'><strong>Apud</strong></span> <span class='ocrx_word' id='word_1_731' title='bbox 2878 5427 3279 5504; x_wconf 30' lang='lat' dir='ltr'><strong>Titunrlibltt,</strong></span> <span class='ocrx_word' id='word_1_732' title='bbox 3310 5427 3562 5504; x_wconf 53' lang='grc' dir='ltr'>ςαίςιιι,</span> 
     </span>
    </p>
   </div>
   <div class='ocr_carea' id='block_1_108' title="bbox 2001 5500 3564 5572">
    <p class='ocr_par' dir='ltr' id='par_1_108' title="bbox 2001 5500 3564 5572">
     <span class='ocr_line' id='line_1_108' title="bbox 2001 5500 3564 5572; baseline -0.001 -17"><span class='ocrx_word' id='word_1_733' title='bbox 2001 5501 2080 5572; x_wconf 84' lang='lat' dir='ltr'><strong>sic</strong></span> <span class='ocrx_word' id='word_1_734' title='bbox 2106 5500 2326 5568; x_wconf 78' lang='lat' dir='ltr'><strong>legitur,</strong></span> <span class='ocrx_word' id='word_1_735' title='bbox 2357 5502 2493 5572; x_wconf 84' lang='grc' dir='ltr'>πρὸς</span> <span class='ocrx_word' id='word_1_736' title='bbox 2521 5500 2752 5564; x_wconf 87' lang='grc' dir='ltr'>ἀτόπους</span> <span class='ocrx_word' id='word_1_737' title='bbox 2781 5500 2922 5572; x_wconf 88' lang='grc' dir='ltr'><strong>κατά</strong></span> <span class='ocrx_word' id='word_1_738' title='bbox 2955 5500 3087 5554; x_wconf 87' lang='grc' dir='ltr'>Θεοῦ</span> <span class='ocrx_word' id='word_1_739' title='bbox 3121 5500 3294 5572; x_wconf 83' lang='grc' dir='ltr'>δόξας.</span> <span class='ocrx_word' id='word_1_740' title='bbox 3315 5500 3454 5567; x_wconf 65' lang='grc' dir='ltr'><strong>Ὀυω</strong></span> <span class='ocrx_word' id='word_1_741' title='bbox 3478 5518 3564 5572; x_wconf 81' lang='lat' dir='ltr'><strong>re—</strong></span> 
     </span>
    </p>
   </div>
   <div class='ocr_carea' id='block_1_109' title="bbox 2000 5571 3564 5640">
    <p class='ocr_par' dir='ltr' id='par_1_109' title="bbox 2000 5571 3564 5640">
     <span class='ocr_line' id='line_1_109' title="bbox 2000 5571 3564 5640; baseline -0.001 -16"><span class='ocrx_word' id='word_1_742' title='bbox 2000 5571 2142 5626; x_wconf 90' lang='lat' dir='ltr'><strong>ctius</strong></span> <span class='ocrx_word' id='word_1_743' title='bbox 2174 5586 2338 5640; x_wconf 88' lang='lat' dir='ltr'><strong>quam</strong></span> <span class='ocrx_word' id='word_1_744' title='bbox 2373 5571 2562 5626; x_wconf 77' lang='lat' dir='ltr'><strong>Dillius</strong></span> <span class='ocrx_word' id='word_1_745' title='bbox 2605 5572 2681 5625; x_wconf 86' lang='lat' dir='ltr'><strong>ita</strong></span> <span class='ocrx_word' id='word_1_746' title='bbox 2723 5571 3023 5626; x_wconf 79' lang='lat' dir='ltr'><strong>reddidisse</strong></span> <span class='ocrx_word' id='word_1_747' title='bbox 3076 5571 3288 5626; x_wconf 89' lang='lat' dir='ltr'><strong>videtur</strong></span> <span class='ocrx_word' id='word_1_748' title='bbox 3339 5571 3564 5626; x_wconf 82' lang='lat' dir='ltr'><strong>Turria-</strong></span> 
     </span>
    </p>
   </div>
   <div class='ocr_carea' id='block_1_110' title="bbox 2002 5641 3562 5714">
    <p class='ocr_par' dir='ltr' id='par_1_110' title="bbox 2002 5641 3562 5714">
     <span class='ocr_line' id='line_1_110' title="bbox 2002 5641 3562 5714; baseline -0.001 -19"><span class='ocrx_word' id='word_1_749' title='bbox 2002 5657 2155 5714; x_wconf 9' lang='lat' dir='ltr'><strong>nus_r:</strong></span> <span class='ocrx_word' id='word_1_750' title='bbox 2185 5643 2246 5696; x_wconf 76' lang='lat' dir='ltr'><strong>Si</strong></span> <span class='ocrx_word' id='word_1_751' title='bbox 2273 5643 2479 5714; x_wconf 58' lang='grc' dir='ltr'>φάεα..</span> <span class='ocrx_word' id='word_1_752' title='bbox 2513 5658 2614 5696; x_wconf 88' lang='lat' dir='ltr'><strong>non</strong></span> <span class='ocrx_word' id='word_1_753' title='bbox 2645 5643 2959 5714; x_wconf 70' lang='lat' dir='ltr'><strong>asseqttitur,</strong></span> <span class='ocrx_word' id='word_1_754' title='bbox 2983 5641 3192 5698; x_wconf 76' lang='lat' dir='ltr'><strong>decidat</strong></span> <span class='ocrx_word' id='word_1_755' title='bbox 3222 5643 3276 5696; x_wconf 90' lang='lat' dir='ltr'><strong>in</strong></span> <span class='ocrx_word' id='word_1_756' title='bbox 3303 5643 3562 5697; x_wconf 70' lang='lat' dir='ltr'><strong>absurda:</strong></span> 
     </span>
    </p>
   </div>
   <div class='ocr_carea' id='block_1_111' title="bbox 2003 5711 2534 5769">
    <p class='ocr_par' dir='ltr' id='par_1_111' title="bbox 2003 5711 2534 5769">
     <span class='ocr_line' id='line_1_111' title="bbox 2003 5711 2534 5769; baseline 0.002 -4"><span class='ocrx_word' id='word_1_757' title='bbox 2003 5712 2066 5767; x_wconf 81' lang='lat' dir='ltr'><strong>de</strong></span> <span class='ocrx_word' id='word_1_758' title='bbox 2097 5711 2204 5768; x_wconf 80' lang='lat' dir='ltr'><strong>Deo</strong></span> <span class='ocrx_word' id='word_1_759' title='bbox 2243 5713 2534 5769; x_wconf 29' lang='lat' dir='ltr'><strong>oviniones.‘</strong></span> 
     </span>
    </p>
   </div>
  </div>
