3984 6212
274 356 435 432 res;

1409 379 1666 438 ORATIO
1707 384 1771 439 IN
1813 384 2048 451 RAMOS
2086 389 2491 449 PALMARUM.

3398 406 3534 462 ιεὶίιε

273 488 413 545 τῶν
455 490 785 559 Ἰουδαίων,
824 493 924 549 καί
964 494 1287 550 ἐπίστευον
1326 498 1414 563 είς
1457 495 1566 550 τόν
1604 498 1842 590 Ἰησοῦν·

1972 518 2038 556 ea:
2062 501 2296 571 Iudicis,
2324 518 2373 561 et
2397 505 2675 561 credebant
2705 507 2957 565 inlesum
2995 513 3058 569 ".
3089 510 3154 567 Et
3182 514 3295 571 hac
3320 520 3537 590 quidem

272 582 404 637 Καὶ
430 584 574 656 αὕτη
605 584 754 639 ἐστὶν
792 587 826 659 ἡ
859 589 1009 641 αἰτία
1036 587 1135 658 τῆς
1169 586 1475 656 δοξολογίας
1513 588 1621 642 τῶν
1657 588 1865 643 πιστῶν
1890 614 1915 628 -

267 678 434 731 κατά
478 677 543 731 τὸ
578 680 932 752 φαινόμενον
965 680 1262 753 λεληθότως
1303 680 1359 734 δὲ
1407 683 1501 736 καὶ
1530 682 1789 754 κρυπτῶς
1830 685 1864 755 ἡ

267 768 506 843 εγερσις
526 768 722 845 ’πάσης
752 774 853 845 τῆς
881 772 1225 845 ἀνθρωπίνης
1259 773 1492 843 φύσεως.
1536 775 1645 829 Καὶ
1678 774 1865 846 ῶσπερ

269 858 441 932 [τοὺς
466 862 823 936 ἀνθρώπουςι
837 863 899 918 τὸ
924 865 1019 918 τοῦ
1049 864 1299 938 Λαζάρου
1328 870 1549 938 σημεῖον
1585 869 1679 923 καὶ
1710 868 1866 940 ἔγερ-

267 972 371 1021 σις
408 958 590 1030 ἐκείνη
628 959 944 1030 ὑμνολογεῖν
986 960 1208 1033 ἐποίησε
1249 962 1376 1027 τοὺς
1413 962 1732 1035 ἀνθρώπους
1771 963 1864 1017 τὸν

263 1046 495 1120 Κύριον
517 1088 533 1111 ,
566 1048 740 1114 οὕτως
764 1053 863 1107 καὶ
888 1053 1017 1117 τοὺς
1043 1053 1232 1122 άγίους
1272 1053 1536 1123 ἀγγέλους
1567 1054 1864 1124 δοξολογεῖν

263 1141 672 1213 παρεσκεύασε
714 1142 775 1196 τὸ
827 1146 1051 1215 σημεῖον
1089 1144 1191 1215 τῆς
1230 1145 1501 1217 ἐγέρσεως
1542 1146 1723 1218 πάσης
1762 1148 1863 1219 τῆς

261 1230 633 1305 ἀνθρωπίνης
659 1231 872 1303 φύσεως
895 1250 909 1265 ·
941 1236 1034 1288 καὶ¹
1060 1235 1181 1289 ὅσον
1216 1234 1418 1307 μείζων
1447 1237 1481 1307 ἡ
1510 1237 1617 1291 τῶν
1647 1237 1861 1291 πάντων

262 1322 504 1395 ἔγερσις
535 1325 637 1395 τῆς
670 1325 942 1399 ἐγέρσεως
973 1324 1245 1401 Λαζάρου,
1279 1328 1531 1384 τοσοῦτον
1557 1330 1650 1383 καὶ
1677 1332 1710 1401 ἠ
1734 1329 1860 1395 δόξα

259 1414 408 1468 τότε
445 1415 755 1489 μειζοτέρα.
789 1418 899 1472 Καὶ
933 1420 967 1490 η
1002 1419 1102 1490 μὲν
1128 1418 1429 1491 συνείδησις
1457 1421 1564 1474 τῶν
1591 1420 1857 1492 βοώντων,

262 1507 611 1581 ἐξισταμένη
645 1510 722 1582 τῷ
763 1509 1039 1583 θαύματι,
1078 1513 1247 1567 ἐκίνει
1277 1514 1473 1578 αὐτοὺς
1515 1512 1785 1579 δοξάζειν·
1823 1516 1857 1587 ἡ

259 1597 330 1652 δὲ
364 1599 488 1654 θεία
528 1602 809 1673 οἰκονομία
857 1605 956 1674 τὴν
999 1603 1214 1677 ἔγερσιν
1250 1605 1362 1676 (71)
1405 1605 1584 1678 πάσης
1616 1606 1716 1677 τῆς
1761 1608 1856 1660 ἀν-

261 1688 560 1762 θρωπίνης
607 1696 822 1762 φύσεως
863 1694 1165 1766 λεληθότως
1208 1697 1378 1751 ἐκίνει
1421 1697 1484 1750 οὐ
1534 1697 1692 1769 μόνον
1729 1698 1856 1760 τοὺς

258 1781 602 1854 ἀνθρώπους
620 1825 635 1845 .
658 1787 795 1841 ἀλλά
826 1788 918 1842 καὶ
945 1791 1072 1853 τοὺς
1111 1790 1401 1859 ἀγγέλους,
1437 1789 1734 1861 θαυμάζειν
1765 1790 1854 1844 τὸν

1973 596 2259 651 manifesta
2296 599 2436 653 ratio
2465 599 2793 654 laudationis
2828 602 2971 658 illius
3005 601 3239 659 fidelium
3280 625 3293 662 :
3325 612 3538 665 occulta

1969 697 2149 742 autem
2180 703 2243 744 ac
2272 688 2512 744 abditior
2557 694 2890 747 resurrectio
2928 700 3013 749 est
3040 695 3309 753 universa:
3332 710 3539 758 natura:

1972 778 2272 835 hominum.
2305 781 2385 838 Ac
2426 785 2569 838 sicut
2596 785 2809 855 signum
2835 784 3023 840 Lazari
3049 787 3275 858 ejusque
3304 793 3541 847 suscita—

1972 868 2047 922 tio
2076 868 2358 925 hominum
2405 872 2616 929 animos
2656 874 2724 929 ad
2755 874 3134 931 celebrandum
3174 882 3405 937 canticis
3434 880 3539 938 Do-

1968 958 2172 1013 minum
2205 961 2501 1025 excitavit,
2533 964 2612 1017 sic
2641 975 2693 1018 et
2716 965 2930 1036 signum
2965 968 3267 1024 suscitandi
3299 972 3534 1030 universi

1966 1049 2190 1108 humani
2218 1054 2435 1124 generis
2469 1057 2691 1127 angelos
2715 1068 2936 1115 sanctos
2958 1060 3025 1115 ad
3055 1062 3384 1119 laudandum
3414 1082 3537 1138 pcr-

1964 1144 2156 1200 movit.
2186 1145 2624 1212 Quantum-vero
2653 1149 2822 1206 tutius
2856 1152 3229 1210 universitatis
3257 1155 3534 1213 hominum

1963 1237 2319 1301 resurrectio,
2370 1236 2562 1293 Lazari
2615 1241 2780 1296 unius
2831 1244 3178 1301 suscitationi
3236 1250 3532 1319 prtecellit;

1965 1331 2175 1379 tantum
2238 1342 2458 1399 quoque
2524 1329 2696 1401 gloria
2751 1345 2817 1386 ac
2869 1331 3109 1389 laudatio
3165 1335 3219 1392 id
3273 1338 3535 1409 temporis

1962 1417 2260 1486 praestabit.
2303 1419 2382 1474 Ac
2421 1423 2758 1479 conscientia
2799 1425 3016 1496 quidem
3049 1427 3400 1483 clamantium
3436 1430 3531 1485 ho-

1963 1509 2172 1564 minum
2199 1511 2467 1569 miraculo
2500 1516 2737 1571 excitata
2771 1519 2838 1572 ad
2876 1518 3209 1577 laudandum
3242 1523 3531 1589 movebat,

1960 1601 2146 1656 divina
2206 1612 2387 1660 autem
2434 1607 2776 1676 providentia
2816 1611 3015 1667 nedum
3047 1612 3316 1679 homines,
3354 1617 3448 1672 sed
3478 1627 3533 1674 et

1959 1694 2183 1764 angelos
2225 1694 2293 1750 ad
2334 1694 2465 1753 Jcsu
2515 1698 2931 1759 admirationem
2979 1704 3050 1760 ob
3101 1716 3313 1763 natura:
3365 1710 3534 1767 totius

1960 1780 2200 1837 futuram
2247 1788 2708 1846 resurrectionem
2754 1793 2970 1849 occulte
3017 1794 3332 1867 instigabat.
3370 1796 3533 1855 Vide-

272 1871 517 1946 Ἱησοῦν.
550 1874 701 1932 Εἶδον
727 1880 869 1952 γάρ,
896 1881 1112 1954 ἀληθῶς
1157 1879 1328 1944 εἶδον,
1368 1886 1464 1937 καὶ
1510 1883 1731 1955 ἔμαθον,
1759 1882 1842 1937 καὶ

1959 1884 2087 1929 runt
2135 1879 2308 1943 enim,
2361 1880 2616 1937 viderunt
2676 1899 2735 1940 re
2790 1901 2920 1941 vera
2974 1886 3414 1962 didiceruntque,
3465 1907 3531 1947 ac

256 1971 748 2044 κατεσοφίσθησαν
780 1975 971 2043 σοφίαν
989 2013 1004 2039 ,
1033 1975 1100 2047 ὴν
1136 1976 1236 2030 οὐκ
1265 1976 1482 2047 ᾔδεισαν
1500 2016 1515 2041 ,
1540 1978 1595 2030 at
1634 1975 1853 2045 ἀγγελι-

255 2061 367 2115 καὶ
394 2061 651 2135 δυνάμεις
681 2064 768 2118 διὰ
795 2048 895 2138 τῆς
937 2067 1262 2138 Ἐκκλησίας
1287 2068 1395 2122 τῶν
1428 2069 1632 2123 πιστῶν
1656 2070 1847 2140 ἐκφαιο

255 2154 507 2225 νομένην
539 2155 646 2209 ἀπὸ
671 2156 766 2210 τοῦ
796 2157 931 2211 Θεοῦ
966 2158 1034 2213 τά
1062 2158 1239 2213 πάντα
1291 2150 1594 2225 κτίσαντος,
1622 2161 1719 2234 τὴν
1744 2160 1852 2235 πρὸ

250 2243 380 2296 τῶν
427 2245 637 2302 αἰώνων
682 2249 740 2301 ἐν
789 2249 936 2321 αὐτῷ
984 2252 1406 2324 κεκρυμμένην*
1446 2254 1589 2324 λέγω
1630 2254 1695 2327 δὴ
1741 2254 1850 2310 τῶν

250 2334 524 2409 διδαχῶν,
575 2341 671 2393 καὶ
717 2342 1081 2411 ἐπαγγελιῶν,
1126 2345 1221 2399 καὶ
1263 2343 1717 2417 θαυματουργιῶν
1754 2346 1848 2401 τοῦ

250 2428 479 2501 Κυρίου
524 2431 699 2502 Ἰησοῦ
725 2473 739 2497 ,
774 2433 954 2498 καθώς
983 2452 1085 2489 που
1117 2438 1146 2491 ό
1176 2435 1462 2515 θεσπέσιος
1498 2438 1708 2503 Παῦλός
1745 2455 1850 2510 φη-

252 2535 347 2574 σιν
388 2537 406 2553 ’
458 2523 581 2577 Ἵνα
626 2525 926 2596 γνωρισθῇ
972 2526 1091 2582 νῦν
1142 2528 1270 2596 ταῖς
1306 2528 1517 2600 ἀρχαῖς
1562 2534 1660 2585 καὶ
1720 2531 1849 2598 ταῖς

246 2612 577 2683 ἐξουσίαις
620 2616 718 2674 διὰ
773 2618 884 2688 τῆς
927 2620 1286 2690 Ἐκκλησίας
1327 2624 1365 2691 ἠ
1411 2625 1849 2692 πολυποίκιλος

248 2708 456 2776 σοφία
475 2708 582 2763 τοῦ
621 2710 790 2765 Θεοῦ.
830 2711 1176 2767 Μανθάνουσι
1214 2715 1321 2787 γάρ
1347 2718 1402 2769 αἱ
1432 2716 1543 2770 ἀνω
1566 2716 1842 2788 δυνάμεις,

248 2794 412 2868 άπερ
458 2797 667 2852 οὐδέπω
717 2794 883 2866 εἶδον,
933 2802 1055 2857 οὑδέ
1097 2804 1355 2875 ἥκουσαν.
1405 2806 1693 2878 Κτίσματα
1733 2808 1843 2880 γάρ

249 2886 368 2938 εἱσι
399 2901 417 2916 ·
449 2887 542 2941 καὶ
568 2887 629 2941 τὸ
657 2890 863 2962 κτίσμα
894 2892 994 2947 οὐκ
1021 2893 1188 2961 ἐστιν,
1219 2896 1247 2949 ὃ
1282 2897 1357 2967 μὴ
1385 2897 1576 2968 χρείαν
1600 2897 1711 2969 ἔχει
1738 2916 1843 2970 μα-

249 2974 399 3031 θεῖν.
438 2978 575 3033 Ἀλλ’
608 2981 728 3035 οὐδὲ
761 2984 833 3038 τά
873 2985 1134 3056 μέλλοντα
1183 2990 1433 3057 γενέσθαι
1461 2990 1839 3060 γινώσκουσιν,

248 3071 303 3123 εἰ
340 3071 420 3142 μή
453 3088 505 3125 τι
532 3071 579 3127 δ’
605 3073 672 3128 ἂν
705 3075 811 3130 ὑπὸ
855 3078 953 3150 τῆς
981 3080 1142 3148 ἁγίας
1172 3083 1267 3135 καὶ⁹
1297 3084 1499 3157 σεπτῆς
1534 3086 1628 3139 καὶ
1668 3102 1840 3156 προσ-

247 3163 502 3234 κυνητῆς
556 3164 783 3237 Τριάδος
832 3169 1128 3241 μυηθῶσιν.
1179 3173 1420 3245 Ἐμαθον
1465 3172 1558 3229 οῦν
1596 3177 1689 3229 καὶ
1735 3178 1834 3229 ἐπ-

249 3249 666 3324 εὗεόαιώθησαν
696 3256 794 3327 τὴν
810 3256 1102 3313 ἀνάστασιν
1124 3261 1217 3314 τοῦ
1246 3263 1436 3334 Ἀδὰμ,
1464 3264 1838 3335 θεωρήσαντες

247 3342 347 3397 τὸν
388 3343 518 3397 Θεὸν
550 3347 837 3416 ἐγείραντα
880 3350 971 3402 τὸν
1013 3352 1128 3404 υἱὸν
1172 3354 1270 3423 τῆς
1321 3357 1511 3424 χήρας.
1556 3354 1644 3418 Ὠς
1694 3357 1839 3427 χήρα.

248 3436 369 3507 γὰρ
399 3437 615 3506 ἐγένετο
659 3441 692 3509 ἡ
729 3440 833 3509 γῆ,
863 3441 1223 3506 ἀποθανόντος
1267 3444 1359 3498 τοῦ
1411 3446 1835 3518 πρωτοπλάστου

248 3526 429 3596 αὐτῆς
462 3527 601 3580 υἱοῦ.
650 3529 871 3593 ’ἰδόντες
912 3529 968 3583 δὲ
1010 3532 1171 3586 αὐτὸν
1209 3534 1369 3587 πάλιν
1415 3537 1701 3609 ἐγείραντα
1739 3540 1836 3611 τὴν

249 3616 532 3690 θυγατέρα
573 3618 665 3675 τοῦ
707 3622 1156 3693 ἀρχισυναγώγου
1176 3666 1190 3691 ,
1222 3629 1685 3702 κατεσοφίσθησαν
1705 3673 1719 3697 ,
1753 3634 1833 3687 ὅτι

248 3708 352 3760 καὶ
396 3711 495 3780 τὴν
536 3710 680 3764 Εὕαν
715 3711 853 3782 μετά
882 3713 977 3766 τοῦ
1016 3715 1187 3787 ’Λδάμ
1223 3718 1423 3790 ἐγερεῖ.
1448 3787 1456 3798 .
1483 3721 1649 3777 Πάλιν
1697 3725 1831 3778 ἀνα-

249 3801 464 3872 στήσας
494 3802 585 3857 τὸν
627 3806 794 3859 παῖδα
824 3806 919 3860 τοῦ
952 3807 1248 3877 ἀλλοφύλου
1283 3812 1698 3886 ἑκατοντάρχου,
1729 3816 1833 3871 ἐδί-

247 3890 384 3958 δαξε
416 3894 510 3946 καὶ
535 3892 687 3967 [είς]
732 3896 908 3964 τοῦτο,
950 3899 1030 3953 ὅτι
1062 3902 1155 3955 καὶ
1193 3901 1260 3955 τά
1286 3901 1426 3969 ⁴ξείνα
1472 3905 1596 3976 ἔθνη
1628 3909 1825 3980 ἐγερεῖ.

258 3979 396 4034 Ἰδοὺ
428 3986 577 4054 τρεῖς
612 3984 866 4057 διαφοραὶ
897 3988 1005 4043 τῶν
1026 3991 1255 4064 νεκρῶν.
1290 3993 1627 4068 Ἐγείραντος
1651 3999 1706 4052 δὲ
1729 3979 1829 4053 τὸν

242 4073 499 4146 Λάζαρον
537 4077 628 4131 τὸν
668 4084 987 4152 τεταρταῖον
1033 4085 1258 4156 νεκρὸν,
1285 4088 1377 4141 καὶ
1412 4095 1727 4161 τεταρταῖον
1763 4095 1828 4148 ἐκ

240 4165 341 4219 τοῦ
392 4171 679 4241 μνημείου,
718 4172 807 4225 τὸν
839 4173 945 4227 ὑπὸ
973 4176 1253 4251 τεσσάρων
1296 4180 1576 4251 στοιχείων
1618 4199 1828 4241 συσπα-

243 4260 477 4328 σθέντα,
517 4263 609 4317 τὸν
640 4265 905 4330 ὀζέσαντα
925 4308 939 4333 ,
975 4268 1069 4323 τὸν
1102 4271 1376 4339 σαπέντα,
1412 4275 1503 4330 τὸν
1543 4276 1650 4332 ὑπὸ
1685 4296 1827 4334 σκω-

240 4349 429 4421 λήκων
460 4356 839 4429 κυριευθέντα,
873 4360 1176 4434 ἐγνωρίσθη
1207 4368 1327 4429 ταῖς
1366 4369 1561 4439 ἀρχαῖς
1590 4370 1683 4425 καὶ
1704 4374 1825 4436 ταῖς

238 4443 514 4511 ἐξουσίαις
548 4452 669 4513 ταῖς
718 4452 1064 4524 ἐπουρανίοις
1085 4495 1099 4519 ,
1136 4458 1228 4511 καὶ
1260 4461 1373 4523 τοῖς
1406 4462 1668 4530 ἐπιγείοις
1693 4502 1710 4523 ,
1741 4465 1822 4518 ὅτι

1953 1983 2119 2038 quam
2163 1972 2439 2027 nescirent
2483 1978 2803 2047 sapientiam
2846 1978 3054 2036 edoctae
3105 1992 3234 2038 sunt
3275 1985 3529 2042 caelestes

1953 2062 2182 2118 virtutes
2211 2079 2308 2135 per
2343 2063 2577 2122 ﬁdelium
2608 2068 2907 2126 Ecclesiam
2941 2072 3005 2138 “,
3037 2073 3106 2130 ab
3147 2075 3526 2133 universorqu

1959 2164 2209 2211 creatore
2240 2155 2372 2225 Deo,
2407 2158 2461 2213 in
2494 2175 2603 2230 quo
2625 2170 2753 2220 ante
2780 2165 2978 2220 sarcula
3006 2165 3325 2223 abscondita
3359 2180 3525 2234 esset,

1954 2264 2153 2305 novum
2207 2251 2552 2323 elucentem;
2597 2271 2718 2311 eam
2768 2257 3028 2327 nimirum
3058 2276 3180 2330 quae
3219 2261 3275 2317 in
3310 2261 3524 2318 Domini

1949 2339 2079 2398 Jcsu
2106 2344 2373 2402 doctrinis
2398 2362 2461 2402 ac
2493 2349 2952 2419 promissionibus
2977 2353 3366 2426 miraculisque
3391 2372 3520 2413 con-

1953 2434 2120 2499 sistit,
2159 2438 2619 2508 quemadmodum
2668 2443 3005 2502 admirabilis
3043 2445 3247 2504 Paulus
3284 2450 3521 2521 quodam

1952 2527 2074 2583 loco
2107 2527 2242 2585 dicit
2270 2550 2283 2585 :
2321 2529 2390 2585 Ut
2418 2533 2709 2589 innotescat
2739 2552 2876 2591 nunc
2900 2539 3281 2608 principatibus
3306 2551 3356 2596 et
3375 2554 3521 2613 pote-

1948 2620 2178 2676 statibus
2201 2618 2293 2692 per
2319 2622 2634 2691 Ecclesium,
2669 2628 3011 2699 multiformis
3039 2635 3300 2702 sapientia
3332 2634 3426 2691 Dei
3456 2636 3519 2694 ".

1947 2710 2223 2768 Docentur
2253 2715 2398 2769 enim
2449 2731 2697 2787 superna:
2726 2718 2955 2775 virtutes
3000 2723 3229 2779 necdum
3271 2726 3341 2781 ab
3386 2726 3518 2797 ipsis

1945 2803 2063 2860 visa
2102 2806 2373 2863 auditave.
2423 2806 2635 2864 Etenim
2680 2819 2807 2866 sunt
2833 2821 3096 2870 creatura;
3125 2833 3140 2875 :
3174 2833 3276 2873 nec
3307 2818 3417 2873 ulla
3449 2821 3517 2875 sit

1944 2906 2220 2964 creatura,
2254 2899 2341 2953 cui
2366 2915 2476 2955 non
2507 2900 2759 2957 doctrina
2786 2904 3098 2961 necessaria
3126 2908 3216 2962 sit.
3239 2908 3311 2963 At
3342 2926 3515 2982 neque

1945 2997 2219 3043 noverunt
2267 2989 2471 3055 futura,
2549 2993 2656 3049 nisi
2703 2993 2838 3065 quid
2886 3004 3074 3052 sancta
3125 3013 3190 3053 ac
3239 3000 3514 3058 adoranda

1945 3078 2216 3138 Trinitate
2247 3082 2476 3140 docente
2501 3087 2835 3157 acceperint.
2861 3086 3176 3145 Didicerunt
3204 3108 3353 3165 ergo,
3396 3109 3511 3151 cer-

1944 3180 2165 3242 tumque
2202 3185 2581 3244 argumentum
2625 3177 2819 3233 futurae
2862 3183 3284 3240 resurrectionis
3322 3183 3511 3243 Adami

1942 3273 2306 3335 acceperunt,
2364 3267 2605 3325 videntes
2648 3270 2817 3326 tilium
2857 3273 3032 3327 viduae
3064 3289 3094 3326 a
3138 3273 3247 3331 Deo
3279 3279 3509 3334 suscita-

1940 3363 2054 3409 tum
2104 3356 2169 3412 '°.
2228 3354 2574 3429 ProtOplasto
2620 3363 2765 3416 enim
2813 3370 2971 3420 terrae
3020 3366 3129 3420 lilio
3170 3378 3407 3434 m0rtuo,
3448 3386 3510 3425 ea

1938 3454 2195 3517 tanquam
2226 3449 2388 3505 vidua
2422 3450 2609 3507 eﬂ'ecta
2654 3461 2760 3509 est.
2801 3452 3016 3512 Rursus
3053 3466 3232 3512 autem
3269 3460 3511 3517 videntes

1936 3538 2254 3596 suscitatam
2295 3541 2710 3617 archisynagogi
2741 3545 2903 3601 ﬁliam
2939 3547 3008 3615 ",
3044 3548 3321 3620 sapienter
3352 3552 3509 3608 intel-

1935 3630 2184 3686 lexerunt
2231 3634 2397 3689 Evam
2435 3650 2652 3706 quoque
2695 3652 2820 3692 cum
2861 3639 3071 3697 Adamo
3110 3642 3506 3700 suscitandam.

1933 3721 2069 3778 Tum
2092 3740 2219 3780 vero
2249 3727 2511 3783 suscitato
2545 3744 2714 3797 puero
2736 3733 3072 3790 centurionis
3106 3734 3421 3806 alienigenae
3437 3736 3486 3774 ⁸³

1934 3814 2038 3871 hoc
2066 3818 2285 3874 abundo
2318 3817 2461 3877 Deus
2490 3821 2702 3886 docuit,
2738 3825 2853 3880 fore
2886 3833 2945 3881 ut
2987 3835 3245 3885 externas
3289 3845 3505 3905 quoque

1932 3916 2122 3978 gentes
2144 3912 2457 3968 suscitaret.
2492 3912 2571 3968 En
2609 3916 2705 3970 tibi
2741 3926 2853 3973 tres
2885 3928 3225 3978 mortuorum
3248 3920 3494 3979 diﬂ‘ereno

1934 3999 2059 4055 tias.
2105 4000 2175 4055 At
2213 4000 2479 4060 Lazarum
2521 4008 2840 4063 suscitando
2888 4018 3143 4081 quartum
3185 4020 3502 4079 mortuum,

1929 4092 2358 4163 quatriduanum
2396 4098 2546 4152 illum
2578 4114 2608 4152 a
2632 4104 2904 4170 sepulcro,
2946 4101 3230 4159 clementis
3266 4111 3502 4175 quatuor

1926 4184 2383 4257 distrahentibus,
2437 4192 2694 4258 olentem,
2745 4202 2982 4266 putrem,
3024 4197 3304 4254 vermibus
3346 4214 3499 4255 man-

1928 4277 2229 4349 cipatum;
2298 4292 2486 4337 notum
2548 4283 2754 4343 factum
2814 4296 2899 4343 est
2971 4288 3371 4359 principatibus
3430 4307 3495 4349 ac

1927 4370 2248 4428 coelestibus
2305 4374 2672 4442 potestatibus
2750 4376 3096 4449 terrenisque
3158 4379 3493 4445 hominibus,

1926 4461 2041 4519 fore
2072 4471 2131 4518 ut
2162 4464 2381 4520 tandem
2420 4464 2564 4522 Deus
2594 4469 2902 4524 universam
2936 4469 3213 4528 hominum
3244 4481 3494 4527 naturam

236 4539 421 4591 πᾶσαν
459 4540 554 4610 τὴν
591 4542 655 4596 ἐκ
698 4547 980 4623 τεσσάρων
1031 4550 1390 4605 συσταθεῖσαν
1429 4552 1819 4628 ἀνθρωπότητα

1945 4554 2216 4614 :lementis
2269 4569 2507 4629 quatuor
2560 4568 2907 4619 constantem
2960 4563 3272 4629 suscitaret,
3321 4580 3493 4635 quau-

236 4627 441 4699 ἐγερεῖ,
470 4630 575 4685 κᾶν
594 4630 797 4697 ῶζεσεν
832 4639 891 4691 ἐν
916 4641 981 4711 τῇ
1012 4640 1257 4713 ἁμαρτία
1288 4644 1386 4715 τῆς
1414 4627 1810 4716 παραϐάσεωςο

235 4717 339 4773 xiv
371 4720 549 4791 ἐσάπη
592 4725 651 4776 ἐν
696 4729 760 4798 τῇ
802 4729 1025 4803 άσεδεία
1064 4732 1162 4804 τῆς
1209 4734 1645 4810 εἰδωλολατρείας
1670 4757 1684 4770 θ
1712 4741 1814 4794 κᾶν

1926 4661 2089 4716 quam
2121 4647 2213 4704 illa
2235 4648 2291 4709 in
2315 4652 2775 4720 praevaricationis
2810 4663 3035 4725 peccato
3065 4654 3277 4721 feteret,
3317 4672 3491 4727 quan-

1920 4755 2084 4812 quam
2112 4741 2167 4796 in
2198 4742 2514 4799 idololatria:
2537 4746 2811 4817 impietate
2839 4749 3161 4819 putruisset,
3180 4764 3490 4820 quanquam

234 4812 309 4876 ὡς
338 4814 447 4868 ὑπὸ
474 4818 790 4889 σκωλήκων,
819 4823 922 4875 ὑπὸ
949 4822 1219 4896 δαιμόνων
1251 4830 1669 4903 κατεκυριεύθη,
1712 4833 1812 4887 καί

1945 4833 1968 4888 υἱ
1990 4834 2269 4891 daemones
2300 4837 2473 4892 instar
2499 4838 2763 4897 vermium
2782 4838 3216 4909 dominarentur,
3249 4852 3299 4896 et
3334 4843 3489 4912 capti-

232 4904 553 4978 ἐζωποεύοη
586 4914 673 4978 είς
694 4902 759 4966 τι)
781 4914 904 4969 ἐκεί
908 4933 1028 4969 νων
1067 4918 1313 4989 θέλημα.
1343 4921 1528 4976 Ταῦτα
1555 4902 1648 4979 οῦν
1679 4925 1812 4980 ίδόν-

1945 4943 2037 4981 ὀπι
2079 4937 2329 4994 tenerent,
2360 4929 2428 4983 ad
2451 4946 2605 4989 suam
2642 4932 2875 5002 ipsorum
2910 4935 3228 4989 voluntatem
3256 4934 3321 4988 ⁸³.
3352 4934 3487 4990 Cum

232 5016 323 5066 τες
368 5002 418 5055 οί
456 5002 676 5072 ἄγγελοι
721 5007 978 5077 κρυπτῶς
1001 5049 1016 5073 ,
1065 5010 1160 5063 καὶ
1204 5012 1479 5085 ἄνθρωποι
1530 5018 1807 5093 φανερῶς,

1921 5022 2040 5079 haec
2089 5039 2222 5096 ergo
2270 5024 2450 5095 angeli
2498 5038 2700 5080 arcana
2744 5025 2973 5089 ratione,
3009 5026 3259 5082 homines
3303 5036 3484 5082 autem

231 5093 558 5165 ἐξέστησαν,
613 5096 1097 5171 ἐξεθαμϐήθησαν,
1134 5105 1227 5159 καὶ
1271 5106 1502 5179 ἧρξαντο
1546 5109 1678 5183 βοᾷν
1714 5113 1807 5167 καὶ

1946 5093 2209 5185 onspicua
2236 5093 2551 5180 cernerent,
2600 5115 2975 5171 vehementius
3009 5115 3260 5172 admirati
3295 5120 3484 5174 obstu-

233 5184 407 5254 λέγειν
428 5204 441 5217 ·
479 5187 739 5243 Ὡσαννὰ
762 5189 832 5242 ἐν
861 5191 985 5259 τοῖς
1005 5196 1306 5265 ὑψίστοις.
1339 5201 1451 5272 Οὐχ
1479 5201 1555 5266 ῶς
1581 5220 1804 5276 σημειο-

1914 5218 2175 5278 puerum,
2201 5220 2594 5283 cmperuntque
2617 5212 2855 5267 clamare
2882 5228 2945 5266 ac
2970 5213 3153 5269 dicere
3182 5232 3197 5269 :
3226 5210 3483 5269 Hosanua

230 5276 394 5347 φόρον
430 5276 486 5330 δὲ
524 5277 683 5348 μόνον
728 5280 995 5352 ἐπῄνουν,
1024 5285 1162 5339 ἀλλὰ
1206 5290 1300 5343 καὶ
1335 5291 1410 5355 ὡς
1458 5292 1679 5363 βασιλέα
1722 5298 1803 5352 ὃτι

1945 5318 1965 5357 t
2016 5276 2307 5359 altissimis
2337 5304 2401 5357 “.
2437 5276 2610 5363 Porro
2649 5305 2964 5371 laudabant,
3002 5322 3112 5363 non
3156 5315 3215 5360 ut
3268 5315 3476 5361 tamtum

232 5366 615 5438 ᾐχμαλώτευσε
648 5373 825 5426 πᾶσαν
853 5374 950 5447 τὴν
979 5378 1075 5431 ἀπ’
1102 5379 1299 5446 αἰῶνος
1342 5385 1446 5441 ὑπὸ
1486 5387 1579 5442 τοῦ
1619 5388 1800 5445 διαϐό-

684 5610 699 5637 ι
726 5570 857 5647 μυ).
932 5576 974 5647 ’τ’
1014 5575 1211 5647 Ephes.
1251 5596 1351 5643 tu.
1391 5583 1478 5641 ιθ.
1556 5588 1599 5618 "
1640 5587 1771 5645 ihid.

294 5793 403 5863 (71)
439 5797 555 5865 Τὴν
580 5798 667 5868 ἔγ.
701 5797 858 5856 Deest
886 5802 991 5860 δια.

1872 5593 1919 5625 ’⁸
1958 5594 2089 5652 Luc.
2125 5611 2235 5659 vu,
2272 5596 2359 5655 il.
2434 5601 2477 5632 ¹¹

809 5643 1005 5701 Matth.
1042 5643 1174 5717 vni,
1210 5650 1260 5707 5.
1341 5656 1386 5689 ²³
1425 5654 1464 5709 ll
1500 5653 1644 5712 Tim.
1682 5643 1884 5725 11,26.
1958 5643 2235 5723 ﬁ"hiauit:
2431 5670 2485 5725 9.

1912 5392 2257 5467 signiferum,
2316 5395 2411 5452 sed
2460 5405 2520 5452 ut
2570 5398 2733 5452 etiam
2789 5413 3009 5470 regem;
3073 5400 3219 5472 quod
3261 5416 3475 5455 omnem

2520 5598 2710 5657 Matth.
2764 5619 2815 5659 ιν
2842 5644 2855 5669 ,
2895 5603 3004 5671 18;
3057 5602 3224 5666 Marc.
3268 5622 3321 5673 v,
3353 5605 3468 5674 εὶς
