3984 6212
454 318 587 387 1237
624 326 655 371 κ

1586 331 1724 395 ΤιἰΊ
1767 335 2203 395 BOSTRENSIS
2241 340 2567 399 EPISCOPI.

3564 353 3696 409 1268

453 454 617 508 quam
674 456 703 493 a
744 442 959 529 ‘steculo
1021 441 1273 501 diabolus
1331 463 1592 528 morsque
1651 454 2022 524 captivitatem

2140 465 2219 513 λου
2250 464 2342 515 καὶ
2369 461 2463 515 τοῦ
2488 462 2720 517 θανάτου
2743 463 3272 533 αἰχμαλωτισθεῖσαν
3301 467 3697 538 αἰχμαλωσίαν.

456 522 755 611 subjectam
790 534 1130 602 habuissent,
1165 538 1282 609 ipse
1311 522 1642 613 captivasset
1664 522 1737 599 ²⁵ξ
1758 546 1854 603 His
1877 550 2024 605 enim

456 640 521 691 ac
551 626 823 682 similibus
856 626 924 682 de
958 631 1163 697 causis,
1196 647 1321 687 eum
1343 635 1514 690 divini
1546 638 1824 709 propheta:
1844 656 2026 713 regem

456 717 771 789 praedicant.

467 800 471 804 ’
530 805 615 860 lll.
663 804 801 873 Quia
844 824 1008 878 porro
1055 809 1268 882 prmfati
1305 816 1582 888 prophetae
1620 821 1861 876 conviva:
1899 828 2028 878 sunt

456 898 811 965 rationalium
870 902 1229 970 animorum;
1288 921 1353 960 ac
1405 909 1548 964 sicut
1602 927 1818 973 menses
1861 914 2026 970 annui

455 992 620 1062 spatii
670 992 878 1048 circulo
916 1009 1012 1064 per
1049 1004 1234 1065 partes
1281 997 1519 1060 humana
1566 1017 1794 1075 corpora
1829 1005 1982 1060 alunt
2009 1048 2024 1075 ,

456 1086 533 1153 ita
566 1091 619 1140 et
648 1082 708 1148 ii,
750 1098 852 1139 nos
889 1101 1108 1155 quoque
1140 1102 1238 1157 per
1282 1099 1485 1160 partes,
1524 1106 1620 1147 seu
1649 1099 1828 1164 potius
1874 1110 2024 1165 com-

456 1175 700 1241 muniter
738 1175 1029 1243 instructis
1067 1178 1266 1247 epulis,
1304 1178 1433 1236 dum
1474 1180 1690 1238 interim
1735 1183 1873 1242 festa
1914 1188 2030 1258 agi-

457 1280 602 1334 mus,
633 1282 729 1333 seu
773 1268 937 1327 etiam
971 1268 1191 1340 ubique,
1227 1269 1465 1329 lidelium
1512 1274 1664 1328 alunt
1712 1277 1923 1339 animos
1965 1293 2029 1332 ac

458 1356 661 1427 divinis
694 1359 962 1417 doctrinis
992 1362 1334 1421 Christianos
1364 1366 1656 1433 inebriant.
1690 1367 1845 1437 juxta
1882 1370 2027 1439 quod

456 1464 646 1515 eorum
700 1452 898 1522 aliquis
960 1453 1093 1508 dicit
1148 1477 1162 1511 :
1221 1454 1634 1524 Inebriabunlur
1684 1459 1751 1513 ab
1790 1460 2030 1517 ubertate

458 1542 647 1595 domus
699 1551 803 1597 tua:
855 1544 922 1597 “.
973 1543 1185 1611 Venite,
1256 1550 1562 1613 audiamus,
1618 1560 1670 1604 et
1728 1553 2029 1608 narrabunt

457 1631 618 1695 nobis
656 1648 848 1688 omnes
886 1636 981 1705 qui
1023 1636 1256 1709 diligunt
1287 1654 1510 1710 regnum
1541 1640 1658 1703 Dei,
1688 1642 1819 1721 quid
1855 1642 1922 1699 de
1964 1658 2030 1700 eo

458 1723 747 1797 prophetet
787 1740 1019 1797 magnus
1069 1726 1386 1796 Zacharias,
1435 1732 1706 1803 gloriosus
1752 1734 1843 1790 ille
1890 1735 2031 1789 inter

2129 552 2356 607 Ἕνεκεν
2385 554 2586 620 τούτων
2611 555 2705 607 καὶ
2736 554 2845 607 τῶν
2875 556 3131 611 τοιούτων
3161 558 3384 613 Εασιλέα
3413 560 3574 613 αὑτὸν
3598 579 3700 614 nn-

2129 643 2413 716 ρύττουσιν
2445 647 2496 697 οἱ
2524 644 2662 698 θεῖοι
2700 646 2994 718 προφῆται.

2211 830 2425 903 Ἐπειδὴ
2455 829 2513 885 δὲ
2550 831 2601 883 οἱ
2643 830 3027 903 προειρημένοι
3070 830 3348 903 προφῆται
3394 833 3695 905 ἐστιὲτορες

2126 921 2234 975 τῶν
2265 921 2503 991 λογικῶν
2532 922 2837 997 ὑπάρχουσι
2863 937 2878 951 ’
2931 910 3027 975 καὶ
3066 921 3254 994 ῶσπερ
3307 924 3359 977 οἱ
3409 927 3568 994 μῆνες
3599 924 3691 977 τοῦ

2130 1012 2374 1069 ἐνιαυτοῦ
2404 1013 2563 1067 ’κατὰ
2607 1014 2771 1086 μέρος
2812 1015 3071 1085 τρέφουσι
3118 1016 3186 1070 τὰ
3226 1014 3551 1087 ἀνθρώπτνα
3596 1016 3697 1070 σώ-

2133 1124 2297 1181 ματα,
2330 1105 2502 1170 οὕτως
2538 1108 2634 1169 καὶ
2676 1103 2819 1163 οὗτοι
2883 1110 3026 1170 κατὰ.
3059 1109 3221 1180 μέρος
3265 1110 3418 1177 ἡμᾶς
3440 1148 3458 1172 ,
3505 1109 3701 1178 μᾶλλον

2130 1198 2324 1261 κοινῶς
2364 1198 2622 1270 τρέφουσι
2664 1200 2805 1254 κατὰ
2852 1200 3071 1272 ἑορτὴν,
3107 1200 3142 1270 ἢ
3196 1200 3291 1254 καὶ
3336 1200 3569 1254 πάντοτε
3608 1202 3705 1264 τὰς

2127 1289 2305 1361 ψυχὰς
2334 1290 2449 1345 τῶν
2489 1291 2716 1356 πιστῶν,
2747 1293 2842 1347 καὶ
2882 1292 3212 1363 μεθύσκουσι
3238 1296 3358 1356 ταῖς
3388 1291 3602 1355 θεῖκαίς
3633 1293 3707 1345 δι-

2128 1381 2444 1446 δασκαλίαις
2482 1384 2839 1455 Χριστιανοὺς
2862 1428 2877 1451 ,
2931 1385 3112 1450 καθώς
3150 1404 3252 1440 που
3294 1382 3376 1450 εἷς
3418 1386 3476 1453 ἐξ
3523 1387 3711 1441 αὐτῶν

2130 1490 2263 1544 φησι
2285 1489 2300 1505 ο
2344 1475 2840 1543 Μεθυσθήσονται
2872 1479 2991 1537 ἀπὸ
3037 1481 3319 1547 πιότητος
3351 1479 3525 1532 οἴκου
3563 1496 3705 1532 σου.

2129 1566 2293 1621 Δεῦτε
2335 1567 2684 1639 ἀκούσωμεν,
2719 1570 2814 1623 καὶ
2855 1570 3201 1642 διηγήσονται
3245 1573 3377 1642 ήμῖν
3424 1573 3625 1633 πάντες
3655 1573 3709 1624 οἱ

2130 1659 2451 1727 ἀγαπῶντες
2493 1660 2593 1731 τὴν
2628 1659 2900 1731 βασιλείαν
2944 1661 3039 1716 τοῦ
3079 1661 3214 1715 Θεοῦ
3234 1701 3250 1727 ,
3279 1663 3333 1715 τί
3370 1663 3499 1734 περὶ
3536 1664 3713 1734 αὐτῆς

2133 1752 2262 1822 ἡμῖν
2305 1751 2637 1823 προφητεύει
2670 1755 2699 1806 6
2762 1752 2934 1824 μέγας
2981 1753 3295 1825 Ζαχαρίας,
3333 1756 3363 1806 ό
3405 1754 3615 1819 ἔνδοξος
3646 1756 3710 1808 ὲν

457 1818 770 1901 prophetas.
813 1819 1183 1892 lntelligamus
1231 1824 1361 1895 quid
1408 1824 1569 1881 fausti
1632 1828 1807 1882 nuntii
1855 1842 2033 1897 praeco

2140 1818 2459 1914 προφήταις.
2476 1818 2775 1915 ’Συνίωμεν
2796 1845 2825 1898 δ
2845 1818 3041 1917 ⁷κῆρυξ
3061 1818 3491 1914 ⁷εἱλαγγελίιξεται
3514 1887 3531 1910 ,
3577 1863 3708 1915 προ-

460 1907 629 1981 ferat,
682 1909 869 1967 multis
920 1913 1139 1967 saeculis
1192 1928 1536 1983 praecurrens
1577 1930 1766 1989 regno.
1813 1915 2027 1982 Venite,

460 2007 623 2070 atque
656 2008 715 2055 ut
753 2002 991 2057 conviva:
1035 2005 1356 2069 rationales,
1396 2005 1642 2063 fruamur
1680 2009 1862 2065 verbis
1903 2026 2032 2081 pro-

459 2094 783 2150 cedentibus
826 2094 893 2150 de
946 2112 1041 2151 ore
1088 2096 1203 2164 Dei,
1253 2114 1349 2168 per
1402 2100 1704 2169 spiritalem
1747 2102 2030 2156 convivam

460 2184 777 2240 Zachariam
812 2205 829 2264 ;
872 2187 958 2243 cui
990 2188 1262 2260 obtigerit,
1300 2198 1359 2244 ut
1389 2192 1504 2246 suis
1547 2207 1649 2247 nos
1684 2194 1859 2264 epulis
1888 2192 2029 2248 festa

462 2278 564 2331 hac
604 2278 726 2334 luce
760 2279 1076 2359 exciperet;
1111 2282 1571 2352 quemadmodum
1614 2285 1691 2339 ait
1720 2285 1983 2343 Dominus
2017 2303 2031 2341 :

462 2366 587 2423 Non
629 2370 685 2423 in
729 2370 843 2425 solo
889 2389 1023 2442 pane
1064 2373 1192 2429 vivet
1246 2373 1422 2441 homo,
1463 2373 1553 2429 sed
1594 2376 1647 2429 in
1692 2378 1833 2432 omni
1884 2377 2035 2435 verbo

461 2459 600 2529 quod
640 2446 882 2530 procedit
924 2463 988 2521 de
1030 2481 1118 2521 ore
1173 2464 1273 2523 Dei
1312 2467 1376 2520 ’⁷.
1422 2465 1557 2521 Nam
1610 2470 1739 2538 quia
1792 2469 2037 2524 homines

460 2554 741 2610 tristitiam
782 2558 1034 2625 oderunt,
1078 2568 1264 2612 amant
1299 2574 1428 2615 vero
1491 2561 1748 2630 gaudium
1780 2601 1795 2625 ,
1848 2560 2032 2631 incipit

464 2661 495 2715 a
550 2648 749 2717 gaudio
804 2649 1080 2716 clamare,
1132 2647 1321 2705 dicens
1378 2668 1392 2704 :
1457 2649 1639 2703 Gaude
1701 2650 2037 2713 vehementer,

465 2740 583 2811 [ilia
628 2739 780 2795 Sion.
825 2737 1008 2795 Gaude
1050 2741 1398 2805 vehementer,
1439 2741 1701 2807 inclamat
1739 2741 2038 2811 captivitati

468 2814 734 2911 propheta
788 2833 856 2886 ’⁸.
916 2832 960 2887 0
1024 2831 1253 2886 altitudo
1310 2832 1618 2887 divitiarum
1671 2832 1944 2901 sapientia
1989 2840 2039 2885 et

465 2924 699 2977 scicntia:
728 2923 826 2978 Dei
856 2924 922 2976 ".
954 2923 1318 2990 Quamobrem
1361 2923 1579 2994 gaude?
1611 2932 1665 2978 et
1686 2924 2039 2994 quamobrem

470 3012 791 3066 vehementer
843 3013 1216 3069 delectareet
1264 3013 1477 3084 gaude?
1550 3011 1689 3084 Quia
1750 3014 1897 3068 venit
1946 3012 2040 3083 qui

466 3111 746 3171 convertat
788 3112 862 3170 te,
910 3104 1055 3158 sicut
1100 3105 1229 3159 olim
1275 3102 1526 3173 przedixit
1564 3113 1717 3176 pater
1754 3102 1916 3179 Regis
1947 3103 2039 3181 qui

467 3197 734 3253 convertit
764 3204 817 3251 te
849 3215 863 3251 ε
902 3180 969 3250 In
1006 3195 1348 3252 convertenda
1393 3186 1645 3258 Dominus
1683 3197 2040 3267 captivitatem

468 3288 620 3353 Sion,
669 3288 800 3358 facti
843 3305 1026 3343 sumus
1075 3290 1211 3342 sicut
1254 3288 1513 3343 consolati
1552 3302 1570 3341 :
1609 3297 1730 3342 tunc
1785 3288 2039 3358 repletum

467 3386 547 3445 est
582 3378 775 3449 gaudio
814 3397 871 3433 os
929 3390 1189 3449 nostrum,
1242 3390 1291 3435 et
1337 3381 1518 3451 lingua
1569 3390 1752 3435 nostra
1803 3380 2042 3434 exsulta-

471 3471 611 3525 tione
643 3470 710 3523 ⁸ο.
743 3468 953 3535 Gaude,
987 3470 1187 3541 inquit,
1216 3472 1365 3526 velut
1393 3470 1728 3540 pestliminio
1760 3484 1979 3524 reversa
2009 3483 2040 3522 a

469 3563 789 3633 captivitate
816 3563 1123 3632 daemonum
1157 3571 1210 3619 et
1236 3564 1421 3619 saeculi
1456 3563 1617 3632 hujus
1653 3568 1944 3632 potestate,
1973 3558 2041 3613 ad

470 3655 748 3725 cgniestem
783 3654 931 3733 illam
958 3653 1292 3723 Jerusalem,
1338 3671 1500 3726 quam
1530 3668 1680 3725 pater
1712 3663 1837 3708 tuus
1866 3651 2039 3706 Abra-

471 3748 596 3820 ham
615 3748 986 3820 exspectabat,
1005 3747 1079 3819 uti
1099 3747 1173 3811 ait
1192 3745 1424 3816 quodam
1450 3746 1569 3799 loco
1593 3745 1782 3799 beatus
1802 3741 2001 3796 Paulus
2026 3759 2038 3795 :

481 3838 586 3893 Vos
626 3849 801 3903 autem
834 3819 1132 3907 accessistis
1162 3838 1231 3905 ad
1269 3836 1398 3892 Sion
1437 3849 1663 3891 montem
1695 3846 1746 3890 et
1782 3836 2043 3890 civitatem

471 3931 572 3985 Dei
608 3932 855 3998 viventis,
882 3929 1180 4001 Jerusalem
1211 3931 1467 3997 cwlestem
1512 3940 1560 3983 et
1600 3927 1884 3982 multorum
1925 3929 2045 3982 mil-

476 4027 606 4095 lium
633 4025 937 4095 angelorum
968 4024 1317 4095 frequentiam
1337 4063 1352 4094 ,
1377 4034 1427 4078 et
1457 4022 1730 4076 ecclesiam
1755 4021 2046 4091 primitivo-

476 4134 593 4172 rum
624 4119 715 4189 qui
743 4119 1031 4187 conscripti
1058 4127 1180 4171 sunt
1211 4118 1264 4170 in
1296 4116 1474 4187 caelis,
1519 4125 1569 4177 et
1602 4114 1837 4185 judicem
1882 4112 2047 4166 Deum

476 4210 645 4273 vivum
665 4251 680 4277 ,
705 4218 754 4263 et
780 4210 1000 4279 spiritus
1020 4209 1290 4278 justorum
1318 4209 1667 4277 perfecturum
1691 4206 1757 4259 “.
1793 4202 1938 4258 Unde
1962 4205 2050 4273 fu-

473 4300 547 4370 git
600 4299 771 4364 dolor,
812 4302 1051 4371 [tristitia
1092 4309 1141 4354 et
1205 4300 1428 4371 gemitus
1480 4300 1523 4330 ³⁹
1571 4316 1583 4352 :
1636 4295 1739 4350 Ubi
1786 4296 2049 4363 iustorum

475 4392 708 4446 omnium
727 4393 1018 4446 (vetantium
1034 4391 1292 4445 habitatio
1319 4401 1395 4445 est
1420 4390 1483 4444 ³³.
1507 4388 1664 4443 Tunc
1697 4388 1967 4455 delectare
1996 4395 2051 4442 et

472 4484 784 4562 jucundare
807 4494 863 4539 et
891 4486 1066 4556 gaude
1089 4484 1439 4539 vehementer
1472 4482 1581 4536 lilia
1600 4522 1615 4545 ,
1651 4481 1815 4550 hujus
1841 4480 2048 4562 utique,

480 4560 630 4631 Sion.
659 4559 946 4643 (ἰαίνει-ο,
972 4576 1186 4647 inquit,
1212 4575 1559 4630 vehementer
1577 4572 1843 4644 gaudebo,
1868 4587 1900 4626 ο
1922 4559 2052 4655 pro-

478 4669 682 4744 pheta?
713 4668 930 4739 Gaude,
964 4672 1093 4740 quia
1119 4683 1226 4725 non
1259 4668 1404 4722 ultra
1437 4666 1721 4722 doloribus
1755 4665 1865 4720 illis
1898 4679 2054 4718 man-

479 4766 710 4840 cipanda
741 4768 818 4826 sis
848 4786 861 4822 :
887 4748 1203 4820 vehementer
1257 4773 1438 4819 autem
1459 4803 1474 4828 ,
1509 4779 1575 4818 eo
1608 4762 1755 4833 quod
1791 4762 2055 4817 liberator

478 4868 610 4917 tuus
641 4859 783 4925 haud
818 4861 1017 4929 habeat
1061 4861 1138 4931 uti
1174 4859 1457 4927 alii.reges
1477 4896 1492 4922 ,
1524 4857 1620 4913 sed
1663 4858 1735 4913 sit
1767 4872 1863 4911 rex
1892 4865 2053 4910 aeter-

480 4970 586 5027 nus
605 4996 619 5019 ,
649 4965 702 5012 et
724 4956 882 5027 cujus
908 4973 1134 5027 regnum
1163 4964 1423 5017 mternum
1452 4955 1560 5019 sit,
1591 4953 2050 5026 quemadmodum

482 5045 558 5103 ait
596 5045 815 5101 Gabriel
857 5047 1083 5117 angelus
1130 5044 1197 5099 ad
1240 5042 1362 5117 ejus
1402 5053 1629 5115 matrem
1677 5060 1743 5098 ac
1782 5045 2049 5115 virginem

482 5137 747 5209 Mariam;
796 5137 866 5192 Et
905 5120 1049 5210 regni
1091 5139 1203 5208 ejus
1252 5124 1356 5192 non
1398 5138 1498 5207 erit
1542 5139 1664 5208 ﬁnis
1700 5138 1782 5192 ³⁵ε
1818 5152 1881 5191 ac
1914 5138 2057 5191 sicut

483 5232 605 5304 ejus
650 5247 878 5303 regnum
922 5220 1186 5285 aeternum
1240 5237 1358 5293 est,
1401 5229 1479 5284 ita
1521 5231 1670 5298 salus
1712 5238 1807 5284 tua
1851 5236 2055 5284 {eterna

485 5324 612 5379 erit.
640 5322 870 5394 Propter
898 5323 1001 5377 hoc
1030 5338 1190 5394 ergo,
1216 5320 1403 5385 Gaude.
1422 5321 1780 5385 vehementer;
1803 5320 2056 5390 praedica,

490 5416 606 5497 (ilia
642 5415 792 5473 Sion.
826 5415 965 5483 Quid
1005 5403 1312 5487 praedicabo
1334 5458 1349 5484 ,
1393 5431 1427 5470 o
1473 5414 1785 5486 propheta?
1815 5411 2058 5468 Praedica

563 5626 611 5659 ”
647 5626 794 5696 Psal.
827 5642 1007 5691 vau,
1045 5626 1152 5691 l9;
1200 5625 1399 5696 Eplies.
1438 5640 1512 5696 tv,
1550 5626 1602 5679 8.
1681 5624 1726 5658 “
1763 5582 2110 5696 Bsal._§xxv.
2144 5619 2199 5696 ἓ.

495 5696 581 5765 ἕρδ.
659 5697 704 5729 ⁸⁸
741 5695 884 5765 Psal.
920 5711 1079 5765 cxxv,
1118 5698 1176 5767 l,
1215 5695 1265 5750 2.

2129 1934 2340 2006 τρέχων
2393 1935 2493 2005 τῆς
2548 1935 2821 2005 βασιλείας
2879 1937 2987 2015 πρὸ
3036 1936 3246 1990 πολλῶν
3308 1936 3418 1990 τῶν
3471 1937 3707 2008 χρόνων.

2129 2029 2315 2104 Δεῦτε,
2350 2028 2776 2100 ἀπολαύσωμεν,
2802 2029 2876 2092 ὡς
2917 2028 3123 2097 λογικοὶ
3145 2028 3492 2099 δαιτύμονες,
3524 2029 3596 2081 τὰ
3623 2030 3713 2085 διὰ

2133 2126 2397 2196 στόματος
2427 2123 2562 2179 Θεοῦ
2607 2125 3011 2196 ἐκπορευόμενα
3050 2126 3270 2195 ῥήματα
3306 2123 3394 2176 διὰ
3418 2124 3507 2176 τοῦ
3542 2141 3715 2176 πνευ-

2136 2216 2362 2289 ματικοῦ
2392 2217 2700 2289 έστιάτορος
2719 2217 2984 2288 Ζαχαρίου
3003 2234 3017 2247 ο
3036 2217 3185 2286 αὐτῷ
3199 2217 3309 2287 γὰρ
3334 2217 3486 2286 ἔλαχε
3509 2217 3715 2285 Θρέψαι

2133 2310 2279 2382 ἡμᾶς
2307 2310 2364 2361 ὲν
2389 2311 2456 2380 τῇ
2485 2310 2644 2380 ἑορτῇ
2673 2307 2872 2380 ταύτῃ
2903 2306 3082 2371 καθώς
3116 2324 3277 2378 φησιν
3308 2310 3337 2360 6
3361 2308 3567 2376 Κύριος
3588 2349 3606 2374 ,
3631 2310 3717 2360 ὅτι

2140 2404 2259 2455 Οὐκ
2289 2401 2379 2454 ἐπ’
2405 2399 2559 2467 ἄρτῳ
2586 2400 2752 2467 μόνῳ
2789 2397 3025 2464 ζήσεται
3065 2398 3374 2467 ἅνθρωπος
3392 2439 3409 2463 ,
3448 2400 3589 2453 ἀλλ’
3613 2399 3718 2454 ἐπὶ

2137 2496 2313 2551 παντὶ
2356 2498 2570 2565 ῥήματι
2600 2494 3045 2564 ἐκπορευομένῳ
3084 2494 3182 2549 διὰ
3205 2496 3504 2564 στόματος
3542 2495 3715 2551 Θεοῦ.

2149 2585 2365 2657 Ἐπειδὴ
2404 2584 2514 2657 γὰρ
2556 2587 2589 2656 ἡ
2634 2584 2778 2655 λύπη
2816 2585 2965 2657 παρὰ
3008 2587 3121 2648 τοῖς
3158 2583 3468 2657 ἀνθρώποις
3510 2585 3718 2657 μισητὴ

2136 2677 2433 2749 τυγχάνει,
2474 2676 2683 2749 ποθητὴ
2721 2676 2779 2729 δὲ
2816 2678 2849 2748 ἠ
2893 2677 3040 2748 χαρά
3064 2696 3076 2709 ·
3121 2678 3229 2731 ἀπὸ
3271 2680 3447 2749 χαρᾶς
3487 2680 3719 2750 ἄρχεται

2141 2769 2268 2840 βοᾷν
2301 2768 2472 2837 λέγων
2490 2785 2503 2799 ’
2535 2768 2711 2837 Xat'pe
2749 2767 3004 2837 σφόδρα,
3039 2769 3290 2838 θύγατερ
3325 2770 3496 2823 Σιών.
3538 2771 3718 2839 Χαῖρε

2141 2858 2396 2929 σφόδρα,
2428 2858 2525 2930 βοᾷ
2555 2860 2585 2913 6
2617 2860 2901 2932 προφήτης
2935 2859 3070 2931 πρὸς
3099 2860 3197 2931 τὴν
3224 2860 3620 2931 αἰχμαλωσίαν.
3642 2863 3713 2914 Ὠ

2134 2951 2327 3016 ,βάθος
2365 2952 2630 3005 πλούτου
2674 2950 2774 3004 καὶ
2809 2951 3030 3019 σοφίας
3069 2950 3168 3004 καὶ
3210 2950 3483 3020 γνώσεως
3522 2952 3671 3007 Θεοῦ
3696 2951 3723 3004 ε

2141 3041 2241 3107 Διὰ
2263 3042 2316 3097 τ“ι
2342 3042 2542 3111 χαῖρε;
2580 3042 2671 3096 καὶ
2694 3040 2783 3105 διὰ
2804 3041 2856 3094 τί
2889 3042 3124 3112 σφόδρα
3144 3043 3346 3115 τέρπου
3368 3044 3462 3097 καὶ
3494 3044 3723 3115 εὐφραί-

2067 3164 2109 3222 c
2144 3148 2268 3197 vou;
2299 3131 2421 3185 Ὅτι
2463 3131 2588 3202 ἥκει
2639 3133 2667 3185 6
2713 3131 3054 3203 ἐπιστρέφων
3115 3149 3175 3185 σε
3202 3172 3218 3195 ,
3285 3132 3462 3195 καθὼς
3513 3150 3725 3203 προαν-

2141 3221 2420 3294 εφώνησεν
2451 3224 2479 3276 ὁ
2516 3222 2709 3295 Πατὴρ
2753 3222 2847 3277 τοῦ
2886 3223 3301 3294 ὲπιστρέφοντός
3338 3241 3395 3277 σε
3440 3223 3723 3293 βασιλέως

2139 3315 2343 3385 λέγων’
2392 3317 2493 3369 Ἐν
2534 3314 2615 3381 τῷ
2667 3314 3025 3383 ἐπιστρέψαι
3071 3316 3291 3384 Κύριον
3333 3316 3444 3385 τὴν
3494 3319 3723 3385 aluta-

2137 3408 2370 3471 λωσὶαν
2432 3406 2586 3463 Σιὼν
2610 3447 2624 3469 ,
2678 3404 3043 3475 ἐγενήθημεν
3120 3406 3205 3472 ὡς
3278 3404 3719 3479 παρακεκλημέ,

2138 3514 2263 3553 νοι⁶
2297 3499 2429 3561 τότε
2476 3496 2754 3566 ἐπλήσθη
2801 3498 2990 3566 χαρᾶς
3034 3496 3100 3551 τὸ
3146 3500 3343 3567 στόμα
3378 3498 3587 3568 ἡμῶν,
3617 3500 3721 3555 καὶ

2140 3591 2178 3658 ή
2240 3588 2490 3659 γλῶσσα
2546 3586 2717 3658 ἡμῶν
2778 3590 3209 3658 ἀγαλλιάσεως.
3270 3593 3482 3662 Χαῖρε,
3534 3594 3718 3663 φησιν,

2141 3681 2224 3736 ὃτι
2276 3681 2629 3751 ὑπεστράφης
2681 3682 2746 3734 ὲκ
2790 3683 2889 3754 τῆς
2933 3683 3308 3754 αἰχμαλωσίας
3365 3684 3475 3737 τῶν
3535 3685 3724 3755 δαιμό-

2141 3792 2270 3838 νων,
2306 3773 2400 3826 κα)⁸
2429 3773 2495 3827 ὲκ
2519 3773 2616 3843 τῆς
2646 3771 2895 3838 ἐξουσίας
2926 3774 3019 3827 τοῦ
3053 3773 3245 3838 αἰῶνος
3272 3776 3487 3841 τούτου,
3518 3780 3599 3841 εἰς
3625 3780 3725 3849 τὴν

2142 3867 2254 3921 ἄνω
2289 3864 2665 3936 Ἰερουσαλὴμ,
2692 3865 2758 3936 ἢν
2773 3865 3043 3936 ἐξεδέχετο
3064 3868 3092 3919 ὁ
3118 3869 3301 3939 πατήρ
3324 3885 3419 3921 σου
3449 3870 3723 3941 Ἀϐραὰμ,

2143 3955 2325 4019 καθώς
2372 3972 2473 4008 που
2518 3957 2548 4009 6
2592 3957 2859 4028 μακάριος
2900 3957 3112 4023 Παῦλος
3166 3976 3365 4028 φησιν·
3418 3961 3615 4029 Ὑμεῖς
3656 3960 3724 4015 δὲ

2146 4046 2638 4113 προσεληλύθατε
2668 4050 2821 4103 Σιων
2849 4046 2971 4115 ὄρει
2995 4049 3095 4102 καὶ
3118 4051 3293 4104 πόλει
3310 4050 3450 4104 Θεοῦ
3480 4050 3717 4116 ζῶντος.

2160 4135 2550 4206 Ἰερουσαλὴμ
2583 4137 2937 4205 ἐπουρανίῳ,
2985 4142 3084 4191 καὶ
3125 4139 3407 4208 μυριάσιν
3445 4140 3719 4209 ἀγγέλων

2149 4227 2495 4296 πανηγύρει,
2524 4226 2623 4280 καὶ
2645 4227 2943 4296 ἐκκλησίᾳ
2958 4231 3345 4298 πρωτοτόκων
3364 4230 3719 4300 ἀποτετραμ-

2146 4316 2345 4385 μένων
2370 4317 2442 4370 ἐν
2467 4316 2594 4383 τοῖς
2622 4317 2920 4385 οὐρανοῖς,
2957 4318 3057 4372 καὶ
3084 4316 3254 4387 κριτῇ
3278 4318 3396 4383 Θεῷ
3418 4316 3602 4381 ζῶντι,
3620 4319 3722 4372 καὶ

2151 4408 2454 4478 πνεύμασι
2488 4407 2733 4471 δικαίων
2787 4410 3253 4479 τετελειωμένων
3271 4427 3285 4439 ο
3313 4408 3451 4464 ὅθεν
3497 4409 3726 4478 ἀπέδρα

2083 4511 2129 4571 ι)
2156 4497 2362 4565 ὀδύνη,
2392 4498 2558 4565 λύπη
2585 4497 2683 4551 καὶ
2721 4499 3088 4568 στεναγμός·
3143 4498 3290 4553 ἔνθα
3326 4498 3570 4552 πάντων
3611 4497 3726 4552 τῶν

2155 4587 2401 4641 δικαίων
2442 4588 2924 4658 εὐφραινομένων
2969 4588 3140 4643 ἐστὶν
3176 4592 3215 4658 ἠ
3268 4592 3560 4644 κατοικία.
3597 4590 3729 4644 Tete

2155 4680 2353 4753 τέρπου
2391 4678 2486 4733 καὶ
2521 4679 2834 4752 εὐφραίνου,
2866 4682 2960 4734 καὶ
2996 4684 3151 4752 χαῖρε
3196 4680 3420 4751 σφόδρα,
3469 4680 3728 4751 θύγατερ,

2155 4769 2360 4840 ταύτης
2386 4769 2484 4840 τῆς
2523 4768 2691 4831 Σιὼν,
2730 4769 2905 4839 δῆλον.
2944 4771 3052 4824 Καὶ
3088 4771 3177 4824 διὰ
3214 4772 3264 4824 τι
3312 4788 3479 4841 φησι,
3521 4772 3733 4843 Σφόδρα

2156 4862 2349 4933 χαίρω,
2373 4854 2418 4914 ὧ
2437 4861 2715 4933 προφῆτα;
2748 4860 2943 4930 Χαῖρε,
2987 4862 3120 4916 διότι
3147 4862 3330 4916 οὐκέτι
3353 4864 3567 4919 ὀδύναις
3586 4865 3732 4917 ὲκεί-

2157 4971 2273 5019 ναις
2323 4952 2771 5029 αἰχμαλωτεύσῃ·
2820 4953 3055 5023 σφόδρα
3103 4955 3193 5019 δὲ,
3243 4955 3375 5009 διότι
3413 4957 3515 5026 οὐχ
3568 4956 3647 5018 ὡς
3686 4956 3736 5009 οἱ

2154 5045 2331 5098 λοιποὶ
2363 5044 2619 5116 βασιλεῖς,
2651 5043 2823 5107 οὕτως
2849 5046 2878 5098 6
2910 5038 3166 5117 ῥυόμῖενὸς
3195 5064 3255 5100 σε
3274 5064 3288 5077 ·
3321 5046 3456 5100 ἀλλὰ
3480 5048 3735 5118 βασιλεὺς

2158 5135 2394 5200 αἰώνιος,
2430 5136 2524 5195 καὶ
2550 5135 2740 5189 αἱωνία
2776 5133 2940 5189 αὐτοῦ
2979 5137 3012 5206 ἡ
3044 5134 3322 5206 βασιλεία.
3355 5135 3539 5201 καθώς
3570 5153 3735 5207 φησιν

2160 5228 2188 5279 ὁ
2219 5225 2445 5295 ἄγγελος
2472 5225 2715 5296 Γαϐριὴλ
2747 5228 2881 5297 πρὸς
2906 5226 3002 5295 τὴν
3033 5225 3243 5297 μητέρα
3274 5225 3440 5280 αὐτοῦ
3470 5228 3569 5280 καὶ
3596 5244 3733 5298 παρ-

2161 5316 2311 5370 θένον
2355 5315 2586 5387 Μαριάμ
2607 5333 2620 5346 ·
2672 5317 2781 5370 Καὶ
2816 5316 2923 5384 τῆς
2948 5317 3271 5383 βασιλείας
3299 5317 3485 5372 αὑτοῦ
3524 5320 3638 5372 οὐκ
3674 5316 3731 5371 ἔ-

2164 5425 2300 5463 σται
2331 5408 2525 5475 τέλος·
2560 5409 2655 5462 καὶ
2680 5408 2859 5477 καθὼς
2887 5409 3078 5462 αἱωνία
3103 5408 3266 5463 αὑτοῦ
3294 5411 3330 5480 ἡ
3360 5408 3630 5479 βασιλεία,
3647 5408 3729 5463 οὔ.

2274 5619 2317 5649 "
2359 5616 2546 5690 Matth.
2576 5634 2685 5690 ivL
2702 5616 2772 5690 4.,
2813 5619 2874 5690 ,²⁸
2914 5617 3078 5685 Zach.
3115 5633 3166 5677 ι]
3189 5659 3206 5687 ,
3239 5618 3326 5690 9.ί
3368 5622 3414 5655 ⁸⁹
3451 5616 3613 5674 Rom.
3650 5637 3733 5690 ιι,

1347 5698 1386 5728 ³¹
1430 5686 1590 5752 Hebr.
1632 5710 1742 5759 tu,
1774 5688 1874 5760 2‘2,
1904 5693 1993 5746 25.
2071 5692 2113 5723 3‘
2153 5690 2254 5746 Isa.
2290 5704 2374 5756 LI,
2411 5687 2495 5743 il.
2572 5688 2615 5717 ³³
2653 5686 3064 5756 Psalfuxxw,
3101 5690 3149 5747 7.
3192 5686 3272 5735 ίξδ
3309 5689 3443 5746 Luc.
3484 5706 3538 5757 ι,
3576 5693 3665 5746 33.
