3984 6212
303 295 471 356 1269-

1333 280 1589 344 ORATIO
1626 282 1697 340 IN
1741 279 1975 337 BAMOS
2012 274 2426 333 PALMARUM.

3446 267 3596 326 ητῡ·

301 427 432 476 τως
484 409 678 466 aliole
730 424 824 462 σου
872 407 907 479 ἡ
959 405 1219 478 σωτηρία.
1269 404 1369 459 Διά
1410 404 1571 459 τοῦτο
1600 399 1694 459 οῦν
1731 400 1905 470 Χαῖρε

2015 396 2122 468 ι’εεί
2151 403 2280 460 tuo,
2310 394 2406 465 qui
2440 391 2587 448 venit
2615 389 2684 446 de
2716 384 2948 445 excelsis
2980 388 3246 442 calorum
3299 352 3443 438 ut’te
3474 383 3584 437 sal-

305 503 591 573 σφόδρα·
631 501 906 572 κήρυττε,
957 502 1208 571 θύγατερ
1248 497 1668 568 Ἰερουσαλήμ.
1712 496 1776 549 Τί
1808 513 1907 567 κη-

307 596 492 666 ρύξω,
522 589 569 650 ὧ
592 595 880 667 προφῆτας
910 595 1160 666 Κήρυττε
1188 592 1267 664 τῷ
1293 592 1503 663 βασιλεῖ
1525 609 1641 657 σου,
1666 589 1745 661 τῷ
1772 605 1908 643 κατ·-

306 686 531 743 ελθόντι
560 687 671 742 ἀπὸ
713 688 823 741 τῶν
867 684 1178 758 ὑψωμάτων
1204 685 1300 740 τοῦ
1340 683 1570 758 οὐρανοῦ
1603 681 1776 738 σῶσαί
1823 698 1904 744 σε,

306 778 698 851 εὐχαριστίαν,
712 778 1040 848 δοξολογίαν,
1059 776 1404 849 ὐμνολογίαν.
1417 779 1670 848 Κήρυττε
1698 776 1909 830 Ὡσαν-

305 872 403 925 νὰ
433 872 504 925 ἐν
530 870 654 938 τοῖς
670 873 973 941 ὑψίστοις,
994 870 1116 926 ὅθεν
1132 871 1464 943 παρεγένετο
1483 868 1655 923 σῶσαί
1677 885 1737 922 σε
1755 884 1771 900 ο
1794 867 1909 920 Εὐ·-

304 961 658 1034 λογημένος
699 966 732 1018 ό
772 963 1098 1034 ἐρχόμενος
1125 963 1196 1017 ἐν
1229 963 1472 1032 ὀνόματι
1514 960 1755 1029 Κυρίου.
1798 958 1910 1013 Kal

310 1055 518 1109 σκόπει
537 1072 625 1127 μοι
640 1055 730 1109 τὸν
748 1054 1161 1125 εὐαγγελιστὴν,
1187 1053 1307 1118 πῶς
1323 1051 1544 1108 διπλοῦν
1560 1052 1652 1106 τὸν
1675 1050 1909 1123 Χριστὸν

310 1145 606 1220 κηρύττει.
628 1146 717 1200 Ἐν
743 1145 822 1218 τῷ
843 1144 954 1219 γὰρ
978 1144 1179 1215 λέγειν,
1226 1145 1489 1199 Ὠσαννὰ
1518 1144 1589 1198 ἐν
1621 1142 1747 1211 τοῖς
1770 1142 1911 1212 ὑψι-

311 1255 519 1307 στοις,
561 1239 661 1312 τὴν
689 1238 899 1312 ὑψηλὴν
940 1240 1040 1311 τῆς
1080 1237 1332 1309 θεὰτητος
1370 1236 1529 1306 φύσιν
1558 1235 1740 1308 δηλοῖ·
1774 1236 1831 1287 ὲν
1853 1232 1910 1288 δὲ

314 1330 408 1401 τῷ
427 1331 609 1399 λέγειν
631 1346 646 1362 ’
667 1328 1096 1400 Εὐλογημένος
1139 1331 1172 1384 ὀ
1203 1330 1526 1400 ἐρχόμενος
1563 1329 1633 1383 ἐν
1669 1329 1912 1398 ὀνόματι

315 1421 572 1489 Κυρίου,
593 1419 692 1494 τὴν
726 1419 827 1492 τῆς
852 1420 1269 1494 ἀνθρωπότητος
1293 1422 1483 1477 οὐσίαν
1529 1419 1784 1493 σημαίνει
1802 1437 1815 1451 ·
1849 1420 1913 1474 τὸ

316 1512 690 1584 εὐλογημένον
717 1513 957 1587 σπέρμα,
977 1514 1006 1567 ὃ
1035 1513 1301 1587 εὐλογήθη
1336 1514 1366 1567 ὁ
1406 1513 1769 1585 εὐλογημένος
1784 1511 1911 1565 Ἀϐ-

322 1601 501 1674 ρααμ,
526 1604 585 1657 ὲν
613 1602 693 1674 τῷ
730 1604 1006 1676 σπέρματι
1038 1604 1203 1659 αὑτοῦ
1232 1604 1589 1677 εὐλοηθῆναι
1627 1603 1807 1658 πάντα
1842 1600 1914 1657 τὰ

319 1695 458 1768 ἔθνη
481 1698 580 1770 τῆς
596 1697 723 1768 γῆς.
751 1695 1161 1767 Εὐλσγημένη.
1187 1696 1372 1768 φησὶνν
1402 1697 1441 1766 ἡ
1468 1695 1765 1767 ἐρχομένη
1792 1695 1911 1760 ,ϐα-

319 1790 531 1844 σιλεία
549 1789 656 1844 τοῦ
687 1788 911 1859 πατρὸς
939 1787 1108 1860 ήμῶν
1131 1788 1332 1846 Δαϐίδ.

419 1902 787 1974 Αναλὰδωμεν
813 1902 976 1957 πάλιν
1014 1901 1114 1975 τὴν
1149 1902 1333 1976 φωνὴν
1362 1902 1461 1975 τὴν
1494 1902 1785 1976 προτέραν,
1819 1901 1914 1955 καὶ

322 1992 523 2066 ὥσπερ
555 1993 760 2065 μασθὸν
791 1992 1128 2063 προφητικὸν
1152 1993 1497 2064 ὲκπιέσωμεν
1521 2011 1534 2023 ’
1563 1992 1643 2046 ἔτι
1676 1992 1785 2065 γὰρ
1802 1991 1913 2063 ἔχει

322 2084 623 2152 γάλακτος.
648 2084 785 2157 Φησὶ
813 2084 922 2157 γάρ
939 2102 954 2117 ·
982 2086 1158 2156 Χαζοε
1185 2086 1439 2157 σφόδρα,
1466 2087 1719 2157 θύγατερ
1740 2085 1909 2139 Σιών

323 2173 628 2245 κήρυττε,
676 2176 929 2248 θύγατερ
971 2178 1386 2249 Ἰερουσαλήμ.
1415 2179 1528 2232 Καὶ
1567 2178 1710 2242 τίνος
1728 2176 1914 2231 ἕνεκεν

324 2268 586 2337 θύγατερ
614 2267 787 2335 Σιὼν,
828 2270 925 2323 καὶ⁵
957 2271 1017 2324 οῦ
1049 2269 1223 2338 Σιών;
1275 2271 1372 2324 καὶ
1411 2271 1663 2341 θύγατερ
1702 2269 1915 2339 Ἰερου-

323 2360 564 2430 audiui,
594 2362 688 2415 καὶ
701 2362 764 2415 οὐ
793 2362 1182 2435 Ἱερουσαλήμ;
1245 2364 1487 2435 Πρόσεχε
1513 2361 1773 2427 συνετῶς,
1802 2380 1911 2416 πα-

325 2451 577 2525 ρακαλῶ.
625 2453 836 2524 ’Ὥσπερ
864 2454 974 2527 γὰρ
1004 2454 1074 2508 τὰ
1100 2455 1341 2527 ὀνόματα
1378 2454 1486 2508 τῶν
1518 2454 1784 2525 βοτανῶν,
1819 2454 1915 2508 καὶ

324 2543 444 2598 τῶν
472 2544 753 2607 πετεινῶν,
783 2546 877 2599 καὶ
899 2546 1005 2599 τῶν
1026 2546 1389 2618 τετραπόδων,
1422 2547 1516 2599 καὶ
1556 2545 1665 2598 τῶν
1706 2544 1916 2617 ἀνθρώ-

326 2656 475 2703 πων,
506 2637 649 2692 κατὰ
674 2638 775 2711 τὴν
816 2638 1078 2711 διαφορὰν
1107 2639 1209 2710 τῆς
1245 2638 1458 2711 μορφῆς
1492 2639 1583 2694 καὶ
1622 2637 1724 2709 τῆς
1755 2636 1912 2691 δυνά-

327 2744 483 2799 μεως
508 2728 652 2783 οὕτω
679 2728 775 2781 καὶ
800 2727 861 2781 τὸ
886 2727 1059 2799 ὄνομα
1087 2728 1373 2799 κέκτηται,
1404 2727 1576 2792 οὕτως
1601 2729 1805 2798 ἑκάστη
1831 2744 1919 2781 κε-

330 2816 465 2888 ραία
513 2818 621 2871 τῶν
678 2816 837 2870 θείων
869 2816 1065 2886 ὶογίων
1101 2817 1239 2871 ἰδίαν
1282 2817 1513 2888 δύναμιν
1557 2817 1653 2871 καὶ
1684 2816 1915 2890 θεωρίαν

326 2908 616 2978 κέκτηται.
650 2906 858 2962 Οὐκοῦν
887 2910 1290 2980 ὲρευνήσωμεν,
1340 2909 1394 2961 τί
1436 2907 1637 2981 δήποτε
1685 2908 1784 2981 τὴν
1818 2907 1916 2962 νῦν

330 2999 533 3070 πιστὴν
570 2999 919 3072 Ἰερουσαλὴμ
952 2998 1167 3072 πρῶτον
1187 2999 1343 3053 καλεί
1377 3002 1406 3053 ὁ
1439 3000 1723 3073 προῳήτης
1747 2998 1917 3068 θυγα-

2011 497 2129 555 vet,
2159 486 2463 559 gratiarum
2490 484 2760 540 actionem
2779 521 2795 545 ,
2831 478 3283 551 gloriﬁcationem
3305 516 3320 540 ,
3360 474 3584 529 laudum

2007 581 2245 635 cantica.
2277 576 2521 633 Prsedica
2557 574 2823 629 Busanna
2849 572 2903 625 in
2940 568 3221 624 altissimis
3248 567 3328 633 ³⁸,
3362 565 3507 645 unde
3538 566 3589 620 is

2006 680 2064 729 te
2117 671 2431 727 salvaturus
2460 667 2721 721 advenit:
2774 660 3088 718 Benedictus
3116 659 3206 731 qui
3237 658 3371 712 venit
3403 657 3457 711 in
3484 673 3587 710 no-

2008 764 2147 818 mine
2175 762 2391 816 Domini
2422 761 2495 816 “.
2523 757 2607 814 Tu
2655 770 2786 812 vero
2816 754 2947 808 milii
2980 751 3370 822 evangelistam
3405 746 3589 804 consi-

2007 853 2172 917 dera,
2227 860 2287 906 ut
2336 850 2612 921 duplicem
2667 844 2947 903 Christum
3001 840 3285 913 praedicet.
3350 838 3591 893 Dicenda

2007 946 2154 1001 enim
2182 987 2198 1013 ,
2235 944 2495 999 Hosanna
2540 943 2595 996 in
2639 939 2954 1002 altissimis,
3005 935 3293 991 sublimem
3334 940 3589 986 naturam

2009 1035 2318 1092 divinitatis
2345 1031 2589 1089 ostendit
2614 1049 2630 1099 ;
2655 1028 2889 1086 dicendo
2914 1033 3094 1082 autem
3122 1045 3137 1081 :
3163 1021 3477 1078 Benedictus
3502 1022 3593 1091 qui

2009 1129 2145 1185 venit
2178 1128 2233 1183 in
2267 1127 2477 1181 nomine
2512 1123 2760 1187 Domini,
2796 1118 3163 1177 substantiam
3198 1117 3451 1187 designat
3481 1113 3590 1169 lui-

2011 1220 2289 1275 manitatis
2313 1233 2555 1284 asemen,
2592 1216 2848 1286 inquam,
2886 1211 3019 1267 illud
3039 1209 3413 1274 benedictum,
3445 1206 3589 1278 quod

2011 1311 2334 1366 benedictus
2367 1307 2641 1364 Abraham
2676 1306 2734 1360 in
2773 1303 3205 1360 benedictionem
3247 1300 3490 1371 accepit,
3533 1306 3592 1351 ut

2012 1403 2067 1457 in
2098 1402 2309 1457 semine
2338 1401 2462 1470 ejus
2500 1399 2961 1456 benedicerentur
3006 1410 3199 1452 omnes
3242 1400 3432 1465 gentes
3481 1399 3592 1446 ter-

2012 1509 2087 1549 ree
2106 1494 2171 1548 ³⁷.
2203 1492 2545 1549 Benedictum
2568 1531 2582 1556 ,
2604 1490 2820 1563 inquit,
2849 1487 2988 1562 quod
3016 1489 3150 1543 venit
3182 1501 3396 1557 regnum
3421 1485 3591 1555 patris

2013 1584 2181 1640 nostri
2210 1582 2382 1638 David
2411 1582 2477 1637 ⁸⁸.

2085 1889 2175 1944 IV.
2203 1887 2568 1944 Resumamus
2595 1880 2833 1954 priorem
2857 1893 3045 1934 vocem
3068 1918 3084 1945 ,
3109 1891 3174 1931 ac
3195 1875 3343 1933 velut
3361 1874 3592 1946 prophe-

2013 1983 2122 2038 tica
2157 1981 2323 2037 ubera
2351 1977 2764 2049 exprimamus:
2801 1978 3002 2044 quippe
3035 1971 3214 2027 adhuc
3248 1971 3331 2025 lac
3365 1968 3589 2024 habent.

2013 2073 2105 2128 Ait
2138 2070 2442 2143 siquidem:
2475 2063 2656 2121 Gaude
2700 2063 3038 2129 vehementer,
3075 2061 3192 2132 [ilia
3236 2059 3411 2122 Sion;
3454 2074 3592 2129 pra:-

2013 2156 2168 2229 dica,
2201 2162 2319 2233 ﬁlia
2346 2157 2667 2215 Jerusalem.
2710 2154 2984 2222 Quorsum
3033 2168 3167 2209 vero
3190 2156 3215 2217 ,‘
3258 2151 3377 2223 ﬁlia
3420 2149 3550 2206 Sion
3576 2189 3591 2212 ,

2016 2271 2125 2311 non
2160 2253 2335 2310 Sion?
2362 2251 2638 2319 Quorsum
2680 2249 2797 2318 ﬁlia
2836 2245 3135 2301 Jerusalem
3156 2285 3170 2309 ,
3221 2260 3333 2299 non
3364 2242 3590 2299 Jerusa~

2015 2347 2165 2403 lem?
2219 2345 2416 2413 Qiiseso
2467 2340 2720 2396 attendas
2764 2338 3059 2408 sapienter.
3119 2332 3590 2401 Quemadmodum

2015 2439 2160 2496 enim
2190 2438 2341 2494 olera
2362 2476 2379 2501 ,
2410 2435 2668 2491 volucres
2688 2474 2702 2496 ,
2740 2428 3096 2502 quadrupeda
3132 2426 3391 2483 animalia
3426 2436 3592 2496 atque

2017 2532 2300 2595 homines,
2342 2542 2443 2599 pro
2484 2525 2638 2582 varia
2684 2523 2856 2578 forma
2901 2530 3066 2593 atque
3096 2520 3336 2582 virtute,
3369 2518 3474 2572 alia
3509 2523 3593 2571 at-

2016 2637 2125 2696 que
2164 2621 2271 2676 alia
2314 2627 2647 2690 acceperunt
2679 2615 2926 2678 nomina,
2982 2616 3064 2670 sic
3097 2628 3230 2669 sane
3276 2611 3475 2683 singuli
3509 2609 3594 2665 di-

2018 2716 2267 2770 vinorum
2304 2712 2646 2783 eloquiorum
2682 2709 2897 2779 apices,
2932 2703 3191 2762 virtutem
3224 2705 3496 2777 propriam
3531 2717 3594 2757 ac

2017 2823 2240 2864 sensum
2272 2804 2575 2876 spiritalem
2610 2803 2833 2857 habent.
2868 2801 3193 2856 Scrutemur
3210 2815 3372 2870 ergo,
3401 2812 3595 2869 quani-

2016 2902 2205 2957 obrem
2236 2897 2498 2969 prOpheta
2519 2937 2535 2963 ,
2586 2895 2797 2952 ﬁdelem
2831 2893 3136 2950 Jerusalem
3158 2933 3174 2957 ,
3222 2892 3459 2964 primum
3496 2906 3593 2960 ap-

2018 2992 2182 3065 pellet
2234 2989 2399 3045 ﬁliam
2448 2988 2621 3053 Sion;
2656 2972 3002 3056 subindeque
3048 2984 3214 3038 ﬁliam
3264 2978 3591 3039 Jerusalem.

326 3092 467 3165 τέρα
517 3091 656 3145 Σιών
704 3091 984 3165 [κήρυττε.
1036 3091 1275 3164 θύγατερ
1342 3090 1743 3165 Ἱερουσαλήμ].
1778 3091 1912 3164 Φησὶ

2019 3084 2154 3139 Nam
2184 3082 2259 3137 ait
2285 3101 2299 3137 :
2336 3079 2519 3136 Gaude
2549 3080 2894 3144 vehementer,
2925 3077 3045 3147 filia
3095 3075 3267 3140 Sion;
3315 3075 3550 3145 prwdica
3578 3114 3591 3139 ,

329 3182 469 3257 γάρ’
500 3182 676 3253 Χαζοε
709 3183 964 3254 σφόδρα,
998 3185 1250 3255 θύγατερ
1275 3184 1427 3240 Σιών
1445 3202 1459 3216 ο
1505 3176 1777 3252 κήρυττε.
1815 3186 1910 3240 θύ-

331 3292 509 3348 γατερ
560 3275 961 3344 Ἰερουσαλήμ.
1031 3274 1168 3329 Σιὼν
1234 3274 1589 3348 ἑρμηνεύεται
1648 3273 1906 3343 διψῶσα.

337 3369 496 3421 Ἔστι
522 3368 579 3420 δὲ
609 3367 749 3438 αὕτη
774 3370 807 3437 ἠ
842 3368 1133 3439 συναγωγὴ
1169 3368 1278 3420 τῶν
1312 3367 1535 3420 δικαίων
1569 3367 1664 3420 καὶ
1699 3384 1914 3439 προφη-

331 3459 444 3512 τῶν
463 3474 478 3489 ’
500 3459 610 3511 τῶν
632 3459 725 3512 ἀπ’
749 3458 943 3522 αίῶνος
984 3460 1144 3531 μέχρι
1175 3459 1275 3530 τῆς
1308 3458 1542 3531 Χριστοῦ
1573 3459 1908 3530 παρουσίας·

331 3549 662 3620 διψήσαντες
711 3550 973 3621 ὲνωθῆναι
1005 3549 1099 3604 καὶ
1145 3549 1511 3622 εὐαρεστῆσαι
1550 3552 1617 3622 τῇ
1667 3548 1787 3622 θείᾳ
1820 3550 1915 3605 καὶ

338 3645 683 3715 προσκυνητῇ
725 3643 884 3715 οὐσία
910 3642 1009 3714 τῆς
1045 3640 1317 3711 θεότητος,
1345 3640 1526 3706 καθώς
1566 3658 1728 3713 φησιν
1764 3642 1792 3694 ὁ
1825 3658 1916 3695 κο-

340 3737 568 3808 ρυφαῖος
588 3736 695 3790 τῶν
719 3733 1033 3790 ἀποστόλων
1048 3734 1273 3807 Πέτρος·
1299 3735 1432 3789 Ἵνα
1449 3733 1732 3804 γένωνται
1752 3734 1916 3801 θείας

336 3827 611 3882 κοινωνοί
640 3828 900 3897 φύσεως.
922 3822 1101 3891 Οὗτοι,
1131 3825 1423 3897 ζητοῦντες
1448 3826 1540 3879 τὸν
1570 3827 1804 3895 Χριστὸν
1820 3829 1914 3881 καὶ

332 3918 614 3990 διψῶντες,
648 3918 951 3991 ἐκλήθησαν
984 3917 1143 3986 Σιὼν,
1174 3916 1356 3982 καθὼς
1379 3913 1459 3982 εἷς
1494 3918 1555 3983 ἐξ
1590 3917 1770 3973 αὐτῶν
1799 3918 1916 3972 ἐλε-

333 4027 467 4082 γενο
514 4012 847 4081 Ἐὃίψνησεν
870 4012 907 4079 ἠ
933 4011 1102 4079 ψυχή
1115 4028 1235 4080 μου
1261 4011 1412 4080 πρὸς
1453 4009 1561 4064 τὸν
1609 4010 1758 4065 Θεὸν
1807 4011 1916 4065 τὸν

335 4105 591 4176 ίσχυρὸν
638 4105 746 4159 τὸν
777 4103 979 4167 ζῶντα.
1016 4106 1182 4159 Ὅταν
1225 4104 1283 4157 δὲ
1325 4103 1584 4175 ἐπέτυχον
1623 4104 1714 4157 καὶ
1763 4105 1917 4176 ἤγγι-

337 4212 457 4260 σαν,
484 4195 683 4268 μᾶλλον
706 4196 763 4249 δὲ
796 4194 1087 4266 ὤφθησαν
1125 4196 1222 4250 καί
1256 4194 1599 4264 ἐθεώρησαν
1631 4197 1698 4250 τὸ
1728 4197 1918 4266 πρόσ-

334 4303 499 4343 ωπον
519 4287 707 4343 αὐτοῦ
724 4305 739 4319 ο
757 4286 899 4341 οῦτω
924 4287 1033 4360 γὰρ
1064 4288 1214 4357 λέγει
1234 4288 1396 4359 ἑτέρα
1416 4287 1645 4351 ἔὲκδοσις⁸
1670 4288 1917 4356 ἐγένοντο

346 4380 720 4453 Ἰερουσαλὴμ,
751 4381 987 4454 ὁρῶντες
1007 4379 1159 4445 Θεὸν,
1183 4381 1277 4434 καὶ
1319 4383 1712 4453 σκοπευτὴριςν
1737 4381 1916 4454 πάσης

2020 3168 2137 3247 ﬁlia
2168 3174 2489 3229 Jerusalem.
2528 3172 2661 3227 Sion
2694 3172 2987 3243 exponitur
3018 3170 3222 3224 sitiens.
3255 3167 3382 3223 Haec
3429 3182 3595 3240 porro

2012 3268 2288 3339 justorum
2322 3281 2386 3320 ac
2412 3264 2800 3337 prophetarum
2828 3262 3178 3334 congregatio
3205 3269 3289 3318 est
3307 3301 3322 3326 ,
3353 3260 3446 3332 qui
3479 3261 3596 3316 fue-

2017 3369 2145 3415 runt
2171 3375 2198 3415 a
2232 3357 2433 3415 saeculo
2465 3373 2638 3428 usque
2668 3356 2733 3412 ad
2764 3356 2970 3411 Christi
3006 3354 3296 3408 adventum
3326 3373 3338 3408 :
3375 3353 3468 3424 qui
3504 3353 3556 3407 ni
3578 3384 3591 3394 -

2015 3450 2216 3505 mirum
2252 3438 2396 3503 uniri
2431 3446 2721 3513 sitierunt,
2757 3458 2822 3499 ac
2867 3443 3085 3515 placere
3120 3441 3316 3499 divina:
3360 3444 3593 3496 adoran-

2014 3540 2208 3612 dteque
2252 3536 2559 3594 divinitatis
2600 3533 2962 3601 substantia,
3010 3531 3470 3601 quemadmodum
3516 3531 3593 3583 ait

2014 3632 2209 3690 Petrus
2238 3630 2609 3703 apostolorum
2637 3627 2925 3699 princeps:
2961 3623 3031 3679 Ut
3051 3623 3242 3679 divina:
3266 3624 3595 3693 e/ﬁcenntur

2015 3736 2281 3783 consortes
2315 3733 2521 3778 natura:
2555 3721 2622 3775 ”.
2658 3718 2724 3774 Hi
2751 3760 2767 3786 ,
2815 3719 3039 3790 inquam
3066 3757 3081 3783 ,
3116 3715 3395 3770 Christum
3446 3729 3596 3785 quzc-

2015 3824 2200 3874 rentes
2249 3831 2313 3871 ac
2366 3813 2616 3870 sitientes
2665 3809 2919 3881 appellati
2966 3815 3095 3863 sunt
3125 3804 3297 3868 Sion,
3332 3804 3595 3875 quemado

2016 3909 2237 3965 modum
2274 3921 2467 3962 eorum
2516 3902 2717 3975 aliquis
2770 3902 2848 3955 ait
2881 3919 2894 3955 :
2932 3897 3111 3955 Sitivit
3161 3898 3342 3952 anima
3377 3914 3490 3951 mea
3523 3898 3592 3951 ad

2016 4002 2186 4057 Deum
2230 3999 2418 4070 fortem
2470 3997 2640 4051 vivum
2682 3993 2749 4047 “.
2804 3991 2909 4048 Ubi
2944 4003 3125 4047 autem
3156 3991 3335 4061 adepti
3370 3998 3499 4045 sunt
3531 4006 3595 4044 ac

2017 4100 2407 4158 accesserunt,
2444 4105 2539 4145 seu
2580 4088 2766 4159 potius
2810 4084 3055 4141 viderunt
3093 4101 3155 4138 ac
3196 4084 3420 4138 contulti
3468 4092 3595 4138 sunt

2015 4188 2205 4258 faciem
2236 4185 2390 4255 ejus;
2422 4183 2503 4239 sic
2535 4182 2682 4237 enim
2717 4179 2881 4235 habet
2912 4178 3020 4233 alia
3048 4176 3217 4233 editio
3243 4194 3259 4243 ;
3294 4175 3427 4230 facti
3460 4183 3592 4232 sunt

2014 4279 2317 4336 Jerusalem
2353 4274 2522 4330 Deum
2553 4271 2805 4328 videntes
2826 4312 2841 4337 ,
2876 4286 2940 4326 ac
2974 4269 3144 4323 totius
3179 4267 3425 4323 scientia:
3467 4281 3594 4336 spe-

2016 4373 2161 4428 cula.
2198 4369 2373 4440 Hujus
2405 4379 2572 4437 porro
2606 4363 2740 4419 Sion
2772 4363 2938 4417 ﬁliam
2970 4369 3157 4425 vocat,
3192 4358 3378 4415 lideles
3404 4360 3459 4414 in
3490 4358 3598 4412 Do-

332 4449 434 4545 τῆς
466 4449 738 4542 γνώσεως.
762 4449 1046 4543 Θυγατὲρα
1083 4472 1140 4525 δὲ
1177 4470 1380 4542 ταύτης
1423 4471 1562 4525 Σιὼν
1583 4449 1750 4525 καλεῖ
1792 4449 1912 4538 τοῦς

2021 4466 2173 4520 mino
2217 4462 2312 4533 qui
2355 4459 2549 4515 sitiunt
2599 4472 2696 4528 per
2749 4455 2946 4518 ﬁdem,
2998 4453 3202 4524 quique
3245 4449 3596 4522 exsequendo

332 4565 423 4620 διὰ
449 4566 550 4636 τῆς
569 4564 804 4628 πίστεως
821 4564 1107 4636 διψῶντας,
1138 4565 1232 4617 καὶ
1267 4564 1355 4617 διὰ
1386 4565 1485 4636 τῆς
1519 4565 1780 4637 ἐργασίας
1810 4565 1918 4619 τῶν

335 4657 562 4711 ἐντολῶν
604 4656 699 4710 τοῦ
749 4654 1102 4725 Εὑαγγελίου,
1148 4653 1445 4726 ζητοῦντας
1483 4656 1665 4725 εὑρεῖν
1689 4657 1779 4709 τὸν
1811 4656 1919 4708 Κύ-

338 4763 475 4818 ριον,
517 4747 609 4800 τὸν
657 4748 715 4801 ὲν
757 4748 942 4811 αὐτοῖς
972 4746 1374 4819 κεκρυμμένον,
1433 4746 1615 4811 καθώς
1670 4764 1804 4820 φησι
1853 4746 1917 4801 τὸ

335 4838 492 4909 ἅγιον
524 4839 778 4910 Πνεῦμα·
822 4839 982 4907 Αὕτη
1020 4841 1058 4907 ἠ
1090 4839 1261 4909 γενεὰ
1299 4837 1632 4907 ζητούντων
1658 4840 1766 4893 τὸν
1793 4840 1913 4894 Κύ-

327 4949 484 5002 ριον,
531 4930 862 4999 ζητούντων
899 4930 967 4985 τὸ
1003 4932 1327 5000 πρόσωπον
1361 4930 1468 4985 τοῦ
1512 4931 1661 4985 Θεοῦ
1693 4931 1909 4986 Ἰακώϐ.

335 5025 448 5079 Καὶ
470 5026 598 5079 ὅταν
625 5024 942 5095 ἐπιτύχωσι,
961 5023 1248 5078 καλοῦνται
1270 5023 1514 5097 θυγάτηρ
1533 5023 1632 5094 τῆς
1653 5040 1914 5097 προειρη-

339 5113 507 5187 μένης
538 5115 913 5187 Ἰερουσαλὴμ,
947 5114 1275 5188 θεωροῦντες
1309 5117 1403 5171 τὸν
1445 5118 1610 5179 Θεὸν,
1646 5118 1740 5170 καὶ
1789 5114 1929 5170 σκο-’

338 5205 565 5269 ποῦντες
602 5205 701 5278 τὴν
747 5205 1124 5277 πνευματικὴν
1166 5205 1385 5274 γνῶσιν.
1420 5205 1761 5278 Παρακαλῶν
1794 5205 1852 5259 δὲ
1883 5207 1912 5258 ὁ

337 5299 623 5384 προφήτης
644 5298 732 5352 διὰ
761 5298 855 5352 τοῦ
885 5299 1195 5370 πνεύματος
1216 5298 1308 5351 τὸν
1350 5298 1483 5353 Θεὸν
1511 5297 1784 5364 ἀναδεῖξαι
1811 5297 1910 5369 τὴν

337 5388 590 5460 τοιαύτην
635 5389 773 5443 Σιὼν
817 5391 912 5445 κα)⁸
946 5391 1318 5463 Ἰερουσαλὴμ,
1374 5390 1536 5461 φησί·
1593 5390 1912 5460 Μνήσθητι

340 5476 447 5548 τῆς
471 5478 830 5551 συναγωγῆς
867 5496 1003 5549 σου,
1045 5477 1121 5553 ἧς
1157 5481 1393 5550 ἐκτήσω
1424 5481 1723 5553 ἀπορῇς.
1769 5483 1911 5537 Οὐκ-

382 5659 455 5691 ’³⁸
486 5656 675 5712 Matth.
716 5673 832 5724 ni,
864 5660 919 5715 9.
991 5658 1036 5690 ³⁸
1066 5656 1197 5713 ibid.
1241 5727 1244 5728 ν
1279 5658 1323 5728 ’ἶ
1364 5659 1561 5718 ches.
1601 5677 1731 5717 xviii
1756 5701 1770 5728 ,
1816 5662 1900 5717 18.

339 5708 393 5786 ε.
469 5708 695 5788 δ’(ἶίὲέἰ.
720 5708 937 5793 lilii.)
996 5728 1049 5783 ε.
1066 5708 1196 5762 "33'
1214 5725 1349 5787 ibid.

2018 4555 2329 4627 evangelica
2374 4558 2678 4623 praecepta,
2729 4547 3018 4604 Dominum
3066 4546 3120 4599 in
3148 4545 3229 4600 eis
3262 4546 3595 4599 occultatum

2020 4650 2269 4707 invenire
2314 4652 2599 4717 quaerunt,
2636 4641 2717 4697 uti
2762 4640 2839 4695 ait
2880 4638 3120 4709 Spiritus
3162 4645 3427 4699 sanctus;
3468 4633 3597 4689 Hmc

2017 4750 2096 4797 est
2124 4733 2761 4811 generatioguwrentium
2786 4728 3100 4796 Dominum,
3133 4718 3479 4800 quwrentium
3511 4728 3599 4797 {a-

2017 4834 2148 4889 ciem
2181 4830 2279 4885 Dei
2310 4826 2480 4882 Jacob
2510 4825 2580 4880 δι.
2619 4823 2723 4880 Ubi
2759 4832 2940 4878 autem
2977 4819 3262 4877 consecuti
3296 4826 3462 4885 sunt,
3495 4836 3597 4874 vo-

2019 4933 2216 4982 cantur
2246 4922 2352 4978 ﬁlia
2386 4919 2625 4992 przel‘ata:
2653 4916 2956 4973 Ierusalem
2980 4958 2993 4980 ,
3023 4913 3274 4970 videntes
3308 4912 3480 4968 Deum
3531 4927 3597 4968 ac

2020 5016 2307 5075 scientiam
2348 5012 2651 5086 spiritalem
2697 5007 3063 5079 speculantes.
3112 5003 3287 5060 Porro
3330 5003 3599 5076 propheta

2020 5110 2189 5166 Deum
2222 5107 2523 5181 obsecraps
2551 5103 2606 5158 in
2642 5102 2840 5173 spiritu
2861 5140 2877 5162 ,
2912 5106 2973 5154 ut
3010 5113 3131 5155 eam
3175 5095 3308 5152 Sion
3340 5111 3405 5152 ac
3437 5096 3598 5153 Jeru-

2019 5201 2188 5257 salem
2243 5197 2557 5262 exhiberet,
2605 5193 2719 5249 ait:
2758 5190 2965 5247 Memor
3014 5199 3125 5246 esto
3177 5189 3596 5261 congregationis

2018 5306 2154 5359 tum,
2198 5307 2358 5364 quam
2404 5287 2688 5359 possedisti
2728 5285 2793 5341 ab
2840 5285 2990 5339 initio
3028 5283 3096 5338 “.
3142 5281 3286 5353 Ergo
3327 5281 3453 5337 eum
3493 5282 3599 5337 hac

2018 5394 2195 5441 matre
2220 5393 2312 5439 tua
2332 5421 2348 5447 ,
2372 5390 2431 5437 tu
2457 5380 2590 5436 Sion
2624 5377 2806 5434 Gaude
2837 5376 3181 5438 vehementer,
3212 5376 3330 5445 ﬁlia
3355 5376 3597 5430 caelestis

2018 5478 2355 5535 Jerusalem:
2386 5476 2561 5532 clama
2592 5487 2716 5528 cum
2751 5480 2843 5526 tua
2876 5470 2969 5525 illa
3001 5475 3176 5526 matre
3203 5487 3216 5524 :
3254 5465 3512 5524 Hosanna
3541 5469 3596 5523 in

2001 5658 2045 5692 ³⁸
2102 5654 2270 5713 Marc.
2308 5667 2396 5739 si!
2436 5651 2523 5717 lO.
2601 5652 2645 5684 ³⁹
2685 5648 2729 5705 ll
2766 5647 2922 5706 Petr.‘
2954 5664 3009 5714 ι,
3045 5647 3098 5704 ι.
3212 5646 3440 5706 "-Psal.
3478 5656 3601 5707 xu,
