4022 6208
273 298 415 359 ιεσδ

1342 297 1597 356 ORATIO
1634 301 1702 356 lN
1739 296 1973 356 RAMOS
2009 294 2417 353 PALMARUM.

3361 295 3498 353 [27‘

271 417 376 473 τά·
406 418 468 473 ού
514 419 674 492 μόνον
712 418 770 473 δι
815 415 1004 483 τοῦτο,
1042 416 1177 472 ἀλλὰ
1201 416 1288 472 διὰ
1326 419 1425 483 τὰς
1458 419 1593 483 ιδίας
1613 418 1831 492 ἀρετὰς,

1935 417 2180 472 stimenta
2210 432 2308 470 sua
2334 416 2389 469 in
2418 416 2517 470 via.
2551 413 2656 470 Per
2686 412 2790 468 hoc
2836 411 2983 468 enim
3015 411 3263 482 proprias
3305 427 3494 470 eorum

276 506 457 571 καθὼς
500 505 750 578 σημαίνει
785 508 814 561 6
852 505 1258 580 εὐαγγελιστὴς,
1292 507 1463 577 λέγων
1483 524 1497 539 ο
1541 510 1737 562 Ἄλλοι
1766 507 1836 562 δὲ

271 595 736 665 ὑπεστρώννυον
787 595 858 651 τὰ
905 597 1101 668 ἱμάτια
1143 598 1340 654 αὐτῶν
1364 598 1473 670 (72,
1499 599 1568 653 ἐν
1598 597 1673 667 τῇ
1696 597 1831 665 ὁδῷ.

274 689 369 752 El;
386 688 543 742 τοῦτο
572 689 628 743 δὲ
647 688 745 754 τὰς
764 689 894 756 ἰδίας
917 690 1118 764 ἀρετὰς
1134 730 1150 755 ,
1176 691 1243 756 ἃς
1283 691 1605 760 συνέζευξαν
1631 692 1830 762 χάριτι,

273 779 586 843 αἰνίττεται,
629 780 705 845 ὡς
749 781 996 854 φανερῶς
1050 781 1196 851 λέγει
1226 785 1255 836 ὁ
1280 782 1562 846 θεσπέσιος
1594 782 1827 847 Παῦλος

272 870 685 937 Δικαιωθέντες
722 867 834 927 οὖν
878 874 945 927 ἐκ
981 875 1270 940 πίστεως,
1314 875 1563 943 εἰρήνην
1605 873 1835 953 ἔχωμεν

273 963 424 1033 πρὸς
450 964 559 1017 τὸν
596 965 743 1018 Θεὸν
777 961 873 1017 διὰ
899 964 1005 1019 τοῦ
1032 965 1249 1034 Κιιρίου
1280 964 1449 1035 ἡμῶν
1479 966 1683 1034 Ἰησοῦ
1704 969 1834 1034 Χρι-

273 1054 445 1116 στοῦ,
498 1052 572 1108 δι’
607 1049 680 1110 οὗ
711 1053 808 1108 καὶ
832 1053 948 1122 τὴν
978 1056 1372 1127 προσαγωγὴν
1394 1058 1739 1129 ἐσχήκαμεν
1764 1060 1834 1115 ἐν

273 1143 349 1213 τῇ
375 1145 570 1199 πίστει
596 1148 681 1215 εις
702 1144 814 1211 τὴν
840 1144 1013 1218 χάριν
1037 1148 1276 1216 ταύτην,
1299 1149 1369 1202 ἐν
1400 1144 1440 1221 ᾖ
1467 1151 1829 1221 ἑστήκαμεν,

273 1235 371 1288 καὶ
405 1233 748 1304 καυχώμεθα
776 1235 867 1289 ἐπ’
894 1235 1090 1290 ἐλπίδι
1139 1235 1249 1305 τῆς
1301 1237 1483 1306 δόξης
1518 1239 1622 1295 τοῦ
1660 1240 1829 1299 Θεοῦ.

275 1324 419 1389 Ἕως
451 1326 506 1380 δὲ
539 1325 772 1399 [τούτου]
793 1328 859 1381 τὰ
886 1328 985 1399 τῆς
1006 1327 1246 1399 χάριτος.
1275 1331 1356 1385 Οὐ
1380 1331 1571 1399 μόνον
1598 1329 1698 1393 δὲ,
1726 1332 1833 1385 ἀλ-

270 1416 351 1471 λὰ
380 1418 479 1472 καὶ
510 1419 858 1489 καυχώμεθα
892 1421 961 1475 ἐν
985 1420 1114 1487 ταῖς
1136 1422 1420 1491 θλίψεσιν
1455 1421 1640 1492 ἡμῶν,
1681 1423 1832 1478 ειδό-

270 1525 388 1576 τες,
448 1509 537 1563 ὅτι
580 1512 785 1580 θλίψις
832 1513 1145 1583 ὑπομονὴν
1184 1511 1586 1583 κατεργάζεται
1613 1531 1626 1544 ’
1675 1516 1714 1583 ἡ
1763 1514 1833 1568 δὲ

269 1600 541 1670 ὑπομονὴ
572 1601 851 1671 δοκιμήν·
879 1603 918 1670 ἡ
943 1603 1011 1656 δὲ
1029 1603 1244 1674 δοκιμὴ
1276 1604 1523 1659 ἐλπίδαυ
1558 1606 1595 1673 ἡ
1625 1604 1693 1658 δὲ
1730 1606 1830 1658 ἐλ-

271 1690 374 1756 πὶς
401 1693 511 1746 οὐκ
537 1692 810 1761 αἰσχύνει
831 1711 845 1725 ο
879 1692 967 1748 ὅτι
995 1695 1030 1763 ἠ
1055 1693 1252 1764 ἀγάπη
1280 1695 1395 1763 τοῦ,
1409 1696 1555 1750 Θεοῦ
1585 1695 1832 1764 ἐκκέχυ-

1940 507 2169 562 virtutes
2190 521 2327 576 quas
2357 506 2544 576 gratia:
2570 504 2972 574 coniunxerunt
2991 543 3006 568 ,
3040 504 3275 563 indicat.
3306 520 3497 575 quem-

1938 596 2227 653 admodum
2257 596 2595 653 admirabilis
2622 594 2823 652 Paulus
2846 604 3030 667 aperte
3055 595 3132 651 ait
3158 615 3171 651 :
3200 594 3495 668 Justiﬁcati

1936 706 2056 761 ergo
2085 705 2151 744 ea:
2177 687 2282 760 ﬁde
2307 703 2485 758 pacem
2513 686 2796 742 habeamus
2818 686 2886 742 ad
2914 687 3080 742 Deum
3100 704 3191 757 per
3212 687 3493 744 Dominum

1937 790 2175 837 nostrum
2196 779 2379 835 Jesum
2408 778 2677 836 Christum
2702 794 2719 833 :
2748 794 2839 847 per
2867 794 3015 848 quem
3046 790 3097 832 et
3124 777 3372 833 habemus
3403 795 3496 832 ac-

1937 886 2139 925 cessum
2171 887 2262 940 per
2286 868 2441 939 ﬁdem
2472 871 2526 923 in
2562 869 2792 940 gratiam
2825 869 2983 922 istam
3003 907 3018 930 ,
3046 867 3098 921 in
3129 884 3231 937 qua
3260 876 3493 933 stamus,

1936 972 1984 1016 et
2009 962 2373 1031 gloriamurjn
2393 977 2481 1030 spe
2501 961 2684 1031 gloria:
2707 960 2802 1014 Dei
2830 961 2896 1015 ".
2926 958 3198 1016 Hactenus
3221 974 3342 1029 quae
3370 976 3495 1030 spc-

1936 1060 2086 1107 ctant
2114 1052 2180 1106 ad
2222 1053 2474 1121 gratiam.
2507 1044 2632 1107 Non
2659 1053 2832 1106 solum
2860 1062 3036 1106 autem
3060 1090 3076 1117 ,
3106 1050 3196 1106 sed
3217 1062 3267 1106 et
3294 1052 3495 1122 gloria-

1936 1158 2056 1197 mur
2071 1142 2123 1195 in
2141 1142 2562 1198 tribulationibus
2582 1144 2776 1197 nostris
2792 1159 2811 1197 :
2829 1143 3049 1197 scientes
3063 1140 3199 1213 quod
3220 1142 3493 1197 tribulatio

1934 1233 2246 1302 patientiam
2288 1242 2573 1303 operatur;
2602 1235 2861 1303 patientia
2887 1242 3060 1288 autem
3088 1232 3490 1303 probationem;

1935 1325 2176 1395 probatio
2204 1342 2321 1380 vero
2346 1342 2526 1395 spem;
2553 1342 2668 1396 spes
2697 1335 2869 1381 autem
2897 1342 3001 1379 non
3026 1324 3298 1395 confundit
3325 1341 3345 1381 :
3368 1326 3494 1397 quia

1941 1419 2174 1475 Charitas
2194 1419 2291 1474 Dei
2325 1419 2523 1489 diffusa
2552 1432 2627 1474 est
2650 1420 2703 1475 in
2722 1419 2966 1475 cordibus
2982 1422 3176 1475 nostris
3203 1436 3293 1489 per
3320 1420 3493 1490 Spiri-

1938 1521 2048 1565 tum
2090 1522 2334 1568 sanctum
2366 1514 2457 1582 qui
2495 1512 2655 1568 datus
2694 1521 2773 1567 est
2814 1510 2963 1566 nobis
2996 1512 3063 1565 ³¹.
3107 1510 3263 1578 Quod
3309 1522 3492 1569 autem

1936 1604 2046 1668 ait,
2082 1602 2393 1659 Sternebant
2426 1604 2478 1657 in
2509 1605 2593 1659 cia
2613 1645 2627 1669 ,
2659 1619 2726 1659 eo
2756 1603 2962 1659 dictum
2994 1604 3097 1668 sit,
3127 1604 3270 1674 quod
3303 1619 3490 1660 eorum

1934 1698 2162 1753 virtutes
2192 1711 2376 1752 coram
2407 1697 2660 1768 gentibus
2705 1696 3066 1767 corporaliter
3103 1698 3388 1767 palamque
3429 1712 3496 1753 ac

270 1797 363 1834 ται
402 1784 488 1848 εἰς
526 1784 632 1850 τὰς
665 1784 909 1852 καρδίας
935 1783 1103 1853 ἡμῶν
1132 1784 1230 1839 διὰ
1259 1787 1601 1856 Πνεὺματος
1641 1787 1831 1858 ἁγίου,

1937 1790 2180 1847 sensibili
2235 1791 2445 1847 ratione
2500 1792 2842 1862 aspectandae
2896 1802 3353 1862 proponerentur,
3414 1792 3492 1848 uti

269 1872 377 1926 τοῦ
413 1872 688 1940 δοθέντος
731 1876 890 1944 ἡμῖν,
926 1876 998 1928 Τὸ
1035 1874 1111 1938 δὲ,
1142 1876 1246 1931 Ἐν
1283 1875 1357 1945 τῇ
1384 1876 1460 1947 τῇ
1493 1878 1831 1948 ὑπεστρών-

270 1982 439 2030 νυον,
484 1966 565 2019 ὃτι
607 1966 928 2038 σωματικῶς
977 1966 1068 2023 καὶ
1122 1965 1370 2039 φανερῶς
1413 1968 1506 2025 καὶ
1562 1968 1830 2037 αἰσθητῶς

272 2055 599 2129 ἑθεωροῦντο
623 2060 678 2111 αἱ
706 2060 897 2130 ἀρεταὶ
913 2058 1090 2113 αὐτῶν
1118 2058 1342 2112 ἐνώπιον
1365 2058 1470 2112 τῶν
1486 2058 1674 2123 ἐθνῶν,
1703 2060 1829 2113 καθ-

1937 1884 2099 1937 etiam
2122 1883 2230 1936 alio
2248 1883 2482 1952 quodam
2503 1883 2624 1936 loco
2650 1882 2717 1936 ad
2739 1883 2883 1938 idem
2909 1884 2983 1938 ait
3005 1884 3333 1953 Apostolus:
3362 1883 3495 1950 Qui:

1937 1971 2140 2026 vidistis
2169 1972 2226 2025 in
2257 1988 2336 2026 me
2350 1981 2399 2026 et
2416 1969 2689 2027 audivistis
2718 1980 2769 2028 et
2799 1974 3097 2041 accepistis,
3128 1973 3249 2058 haec
3268 1974 3405 2045 agite
3419 1976 3490 2029 ³⁸.

1941 2062 2137 2119 Verum
2173 2062 2240 2118 ad
2271 2063 2609 2135 propositum
2639 2071 2979 2119 revertamur

270 2148 348 2213 ὼς
381 2153 473 2205 καὶ
503 2153 560 2205 ἐν
584 2152 751 2224 ἑτέρῳ
776 2153 877 2207 πού
900 2170 1030 2224 φησι
1056 2153 1190 2225 πρὸς
1211 2153 1379 2206 ταῦτα
1435 2153 1608 2223 λέγων
1670 2157 1699 2208 δ
1748 2155 2094 2222 Ἀπόστολος·
2127 2152 2234 2211 Οἷα
2274 2156 2462 2212 elders
2492 2157 2706 2227 ἐνὲμοι
2733 2157 2831 2213 καὶ
2878 2157 3178 2226 ἠκούσατε
3211 2158 3312 2215 καὶ
3350 2175 3494 2228 παρ.
3534 2184 3538 2188 ~

269 2240 536 2305 ελάϐιτε,
587 2242 770 2298 ταῦτα
804 2244 1081 2313 πράξατε.
1118 2244 1257 2298 Ἀλλ’
1289 2245 1381 2299 ἐπὶ
1412 2249 1473 2299 τὸ
1512 2246 1865 2317 προκείμενον
1887 2249 2214 2321 ἐπανίωμεν.

345 2334 408 2385 Ol
435 2330 502 2384 δὲ
529 2331 697 2399 ὄχλοι
726 2336 780 2389 οἱ
805 2333 1157 2404 προάγοντες
1195 2333 1294 2387 καί
1338 2337 1393 2389 ot
1426 2335 1829 2390 ἀκολουθοῦν-

270 2439 371 2489 τες
415 2422 680 2491 ἔκραζον,
731 2424 868 2496 μετὰ
916 2424 1077 2478 αῖνων
1129 2425 1222 2479 καὶ
1264 2424 1471 2478 κλάδων
1510 2424 1702 2479 ἐλαιῶν
1738 2425 1832 2479 καὶ

272 2513 473 2586 βαῖων’
509 2516 703 2579 οἵτινες
743 2515 1064 2587 σημαίνουσι
1087 2516 1184 2587 τὴν
1226 2516 1531 2588 πρακτικὴν
1573 2516 1831 2588 ἐργασίαν

267 2607 364 2662 τοῦ
398 2607 503 2676 ἔξω
538 2607 820 2678 ἀνθρώπου
841 2627 855 2641 ⁸
885 2610 981 2664 καὶ
1015 2609 1143 2681 βάῖα
1187 2610 1463 2680 φοινίκων,
1496 2611 1688 2675 οἵτινες
1725 2628 1832 2682 μη-

271 2700 451 2755 νύουσι
489 2700 586 2772 τὴν
618 2700 986 2773 πνευματικὴν
1025 2701 1119 2756 καὶ
1151 2702 1455 2774 πρακτικὴν
1487 2701 1580 2755 καὶ
1607 2718 1831 2772 γνωστι-

272 2791 372 2863 κὴν
400 2794 490 2846 καὶ
509 2791 752 2864 καθαρὰν
772 2790 865 2845 τοῦ
892 2792 999 2846 ἔσω
1018 2792 1301 2865 ἀνθρώπου
1324 2793 1601 2866 ἐργασίαν.
1624 2796 1834 2862 Ἐκραο

268 2880 371 2944 ζον
412 2881 723 2952 λέγοντες·
789 2882 1044 2937 Ὡσαννὰ
1096 2883 1168 2937 ἐν
1218 2883 1343 2950 τοῖς
1385 2885 1688 2952 ὑψίστοις.
1743 2885 1830 2937 Ἐν

270 2974 499 3047 ἀληθείᾳ
535 2974 643 3046 γὰρ
666 2974 862 3038 πάντες
892 2975 941 3027 οἱ
962 2974 1105 3049 ὄχλοι
1137 2974 1245 3028 τῶν
1265 2974 1485 3032 δικαίων
1510 2976 1603 3029 καὶ
1629 2992 1835 3047 προφη-

270 3066 381 3119 τῶν
404 3068 496 3120 καὶ
517 3067 722 3140 ἱερέων,
743 3067 935 3131 οἵτινές
953 3069 1087 3125 εἰσιν
1112 3067 1161 3120 οἱ
1180 3067 1510 3143 προάγοντες
1531 3068 1622 3121 καὶ
1638 3068 1688 3121 οἱ
1710 3068 1833 3124 ἀκο-

1999 2335 2087 2392 Vl.
2115 2337 2304 2393 Turba
2328 2347 2501 2394 autem
2539 2354 2657 2409 quae
2692 2337 2949 2407 prazibant
2996 2348 3046 2393 et
3066 2354 3183 2409 quae
3210 2342 3489 2410 sequeban-

1935 2435 2021 2480 tur
2048 2426 2369 2489 clamabant.
2399 2443 2524 2483 cum
2554 2427 2810 2483 laudibus
2841 2437 2895 2483 et
2925 2428 3093 2482 ramis
3120 2416 3384 2484 olivarum
3408 2440 3491 2485 at-

1932 2531 2039 2586 que
2066 2519 2386 2586 palmarum.
2414 2514 2729 2587 Signiﬁcant
2752 2518 3016 2572 olivarum
3044 2519 3179 2573 rami
3207 2529 3488 2576 actuosam

1939 2606 2305 2676 operationem
2334 2592 2635 2663 exterioris
2668 2606 2905 2664 hominis
2934 2628 2948 2663 :
2978 2610 3116 2664 rami
3161 2620 3340 2668 autem
3372 2614 3490 2684 pal-

1936 2712 2170 2762 marum,
2204 2697 2503 2769 spiritalem
2532 2700 2875 2771 activamque
2908 2717 2973 2757 ac
3014 2705 3489 2775 contemplativam

1935 2795 2098 2858 atque
2129 2792 2322 2859 pura‘m
2350 2789 2589 2844 hominis
2631 2789 2910 2847 interioris
2937 2795 3328 2862 operationem.
3360 2793 3491 2850 Cla-

1935 2877 2153 2932 mabunt
2200 2879 2428 2934 dicentes
2454 2895 2473 2933 :
2499 2878 2757 2935 Ilosanna
2792 2883 2847 2936 in
2890 2883 3187 2939 altissimis.
3240 2884 3321 2941 Re
3362 2901 3491 2943 vera

1935 2968 2081 3023 enim
2122 2984 2312 3025 omnes
2359 2972 2534 3025 turbae
2557 2971 2853 3041 justorum,
2900 2983 2954 3027 et
2991 2973 3377 3044 prophetarum
3425 2992 3490 3032 ac

1936 3059 2300 3128 sacerdotum,
2335 3076 2473 3132 quos
2498 3062 2852 3134 intelligimus
2878 3073 3181 3134 praeeuntes
3212 3073 3372 3136 atque
3405 3082 3493 3122 se-

272 3155 608 3222 λουθοῦντες,
639 3158 815 3212 πίστει
836 3157 1116 3230 κράζουσι,
1144 3159 1237 3211 καὶ
1266 3157 1512 3227 λέγουσιν
1531 3176 1543 3187 ·
1577 3158 1831 3212 Ὡσαννὰ

1935 3160 2201 3220 quentes,
2248 3150 2352 3206 lide
2399 3153 2657 3217 clamant,
2709 3153 3049 3224 dicuntque:
3083 3154 3337 3210 llosanna
3380 3158 3492 3226 ﬁlio

272 3245 352 3313 τῷ
384 3245 490 3313 υἱῷ
509 3247 685 3302 Δαὸίό
703 3265 716 3278 °
744 3252 1158 3321 Εὐλογημένος
1185 3252 1218 3304 ὀ
1249 3250 1571 3318 ἐρχόμενος
1599 3249 1669 3301 ἐν
1696 3248 1830 3301 6rd-

264 3357 407 3408 ματι
457 3342 708 3409 Κυρίου·
762 3343 1017 3398 Ὡσαννὰ
1057 3343 1127 3397 ἐν
1171 3341 1295 3411 τοῖς
1337 3342 1652 3409 ὐψίστοις’
1684 3338 1758 3402 ὡς
1802 3339 1831 3392 δ

271 3431 660 3505 εύαγγελιστής
709 3451 875 3504 φησι·
910 3434 1087 3489 Τοῦτο
1127 3432 1196 3486 δὲ
1240 3432 1387 3485 ὅλον
1437 3430 1699 3501 γέγονεν,
1732 3430 1832 3486 ἵνα

270 3522 553 3592 πληρωθῇ
593 3523 657 3577 τὸ
678 3524 868 3593 ρηθὲν
891 3523 987 3577 διὰ
1019 3523 1122 3577 τοῦ
1157 3520 1483 3592 προφήτου,
1512 3519 1794 3592 λέγοντος
1814 3536 1827 3549 ·

272 3620 495 3672 Εἴπατε
535 3615 609 3686 τῇ
646 3617 885 3687 θυγατρὶ
926 3615 1093 3671 Σιών.
1137 3615 1280 3688 Πρὸς
1319 3614 1465 3678 τίνας
1497 3613 1689 3682 λέγεις,
1729 3613 1831 3665 El-

273 3725 441 3775 πατε,
488 3703 533 3762 ὧ
571 3711 859 3779 προφήτας
899 3708 1030 3761 Ἰδοὺ
1062 3708 1125 3761 σὺ
1149 3706 1463 3778 κηρύττεις’
1506 3705 1613 3759 ἰδοὺ
1658 3705 1722 3758 σὺ
1755 3703 1834 3758 λέ-

273 3820 410 3872 γεις.
448 3799 607 3871 Ἐγὼ,
632 3801 814 3870 φησὶν,
846 3798 1148 3869 ἐπεθύμουν
1179 3798 1305 3851 ῑδείν
1335 3799 1427 3851 καὶ
1454 3795 1709 3853 ἀκοῦσαι·
1733 3796 1833 3849 οὐκ

274 3893 384 3963 ἐγὼ
415 3894 593 3965 μόνος,
617 3892 751 3946 ἀλλὰ
782 3894 873 3946 καὶ
896 3891 1110 3946 πολλοὶ
1141 3888 1436 3960 προφῆται
1459 3890 1555 3944 καὶ
1592 3889 1829 3943 δίκαιοι.

287 3985 447 4039 Ἀλλὰ
492 3986 584 4039 καὶ
621 3986 731 4049 τοῖς
778 3983 1180 4056 εὑρισκομένοις
1216 3981 1310 4035 καὶ
1353 3979 1830 4052 μαθητευομὲνοις,

275 4077 371 4130 καὶ
412 4075 745 4148 θεωροῦντας
785 4074 894 4145 (75)
938 4074 1030 4127 καὶ
1086 4072 1379 4134 ἀκούοντας
1428 4069 1520 4123 τού
1570 4070 1833 4141 βασιλέως

275 4166 411 4221 Σιὼν
454 4167 615 4236 λέγω,
658 4169 742 4220 ἵνα
780 4166 971 4221 εἴπωσι
1011 4166 1103 4221 καὶ
1135 4164 1470 4237 κηρύξωσιν*
1504 4166 1725 4218 Εἴπατε
1758 4160 1833 4232 τῆ

273 4256 513 4324 θυγατρὶ
542 4253 692 4310 Σιών
709 4271 721 4283 ·
764 4254 916 4309 Ἰδοὺ
939 4257 971 4308 ό
994 4254 1293 4319 βασιλεὺς
1312 4270 1427 4306 σου
1453 4252 1688 4322 ἔρχεταί
1711 4267 1829 4308 σοι.

272 4346 381 4399 Καὶ
423 4346 521 4399 οὐκ
568 4343 688 4399 εἷπε
731 4345 922 4416 ψιλῶς,
969 4345 1203 4414 ἔρχεται
1228 4362 1241 4375 ·
1278 4344 1391 4398 ἀλλ’
1423 4344 1654 4415 ἔρχεταί
1695 4359 1830 4397 σοι’

271 4438 537 4499 τουτέστι,
577 4436 668 4490 σοῦ
710 4435 979 4506 γενέσθαι,
1009 4438 1102 4490 καὶ
1128 4439 1183 4489 ἐν
1223 4435 1304 4489 σοὶ
1336 4436 1571 4507 οἰκῆσαι.
1618 4434 1770 4489 Ἰδοὺ
1800 4435 1832 4488 ό

265 4528 566 4595 ,Βασιλεύς
610 4546 725 4583 σου
772 4528 1005 4599 ἔδικεταί
1053 4545 1152 4583 σοι
1195 4526 1417 4593 δίκαιος
1469 4526 1564 4579 καὶ
1611 4523 1828 4587 σώζων.

273 4617 468 4683 Σώζων
489 4619 597 4672 ἀπὸ
622 4618 720 4689 τῆς
746 4618 984 4682 δουλείας
1000 4617 1090 4672 τοῦ
1122 4616 1312 4688 ἐχθροῦ
1340 4619 1461 4679 τοὺς
1484 4615 1832 4679 πιστεύοντας

272 4712 359 4765 ἐπ’
385 4711 563 4765 αὐτόν.
599 4711 795 4781 Πραῢς
827 4711 922 4767 καὶ
958 4709 1310 4777 ἐπιϐεϐηκὼς
1347 4709 1444 4762 ἐπὶ
1472 4706 1676 4762 πῶλον
1701 4707 1835 4761 υἱὸν

270 4802 591 4873 ὑποζυγίου
610 4820 625 4835 ο
658 4803 900 4858 τουτέστι
925 4803 1319 4874 ταπεινόφρων,
1352 4801 1444 4854 καὶ
1468 4801 1524 4853 ἐν
1548 4802 1612 4871 τῇ
1643 4816 1833 4853 ταπει-

272 4894 573 4967 νοφροσύνῃ
605 4895 768 4949 αὑτοῦ
805 4895 1204 4964 ἐξολοθρεύων
1232 4894 1557 4971 τὰ-ἆρματα
1580 4890 1687 4961 τῆς
1718 4893 1832 4957 ,βα-

271 4986 509 5052 σιλείας
551 4987 817 5055 Ἑφραΐμο
858 4985 1099 5045 τουτέστι
1134 4984 1226 5039 τοῦ
1266 4984 1531 5044 διαϐόλου,
1562 4983 1620 5047 ὃς
1648 4984 1831 5037 ἐϐασί-

270 5078 459 5132 λευσεν
482 5079 571 5132 ἐπὶ
590 5079 678 5132 τὸν
707 5079 917 5151 Ἰσραὴλ
945 5079 1038 5133 καὶ
1059 5080 1148 5131 ἐπὶ
1168 5078 1237 5133 τὰ
1262 5078 1406 5149 ἔθνη.
1446 5079 1832 5152 Ἐξωλόθρευσε

267 5168 327 5221 δὲ
360 5167 451 5220 καὶ
482 5168 620 5221 κατὰ
657 5168 717 5222 τὸ
750 5168 979 5240 γράμμα
1016 5169 1111 5221 καὶ⁸
1143 5169 1238 5240 τὴν
1271 5168 1541 5239 βασιλείαν
1578 5169 1670 5223 τοῦ
1703 5169 1832 5223 λαοῦ

268 5258 380 5313 τῶν
427 5260 714 5325 Ἰουδαίων,
752 5262 846 5315 καὶ
889 5261 1119 5333 ἐπαύθη.
1151 5262 1259 5315 Kal
1303 5263 1512 5327 ἵππον,
1548 5263 1733 5334 φησὶν,
1762 5262 1832 5328 ἐξ

279 5351 677 5421 Ἰερουσαλήμ
695 5370 707 5382 ·
732 5352 971 5406 τουτέστι
1005 5354 1181 5409 πᾶσαν
1206 5353 1302 5426 τὴν
1331 5344 1705 5425 ύτὲερηφανίαν
1733 5355 1832 5431 τῆς

1930 3237 2105 3294 David
2131 3255 2151 3296 .‘
2171 3239 2482 3295 Benedictus
2508 3243 2598 3311 qui
2628 3243 2763 3296 venit
2793 3244 2848 3296 in
2877 3246 3085 3298 nomine
3106 3244 3356 3302 Domini:
3381 3246 3493 3301 Ho-

1931 3350 2101 3388 sanna
2130 3334 2184 3387 in
2217 3336 2494 3389 altissimis
2525 3335 3028 3405 :quemadmodum
3064 3352 3222 3393 sacer
3265 3354 3491 3412 evange-

1932 3431 2056 3485 lista
2086 3430 2197 3485 ait:
2226 3431 2343 3486 Hoc
2370 3443 2546 3486 autem
2593 3440 2759 3487 totum
2786 3432 2990 3503 factum
3028 3442 3129 3497 est,
3158 3444 3216 3487 ut
3246 3418 3499 3505 adimple-b

1932 3532 2076 3575 retur
2095 3521 2239 3590 quod
2270 3521 2468 3575 dictum
2501 3531 2580 3577 est
2610 3539 2702 3593 per
2722 3523 3048 3593 prophetam,
3078 3523 3328 3579 dicentem
3354 3542 3373 3579 :
3394 3525 3489 3580 Di-

1931 3612 2033 3666 cite
2051 3612 2178 3681 ﬁlia:
2200 3611 2349 3668 Sion.
2380 3612 2717 3679 Quibusnam
2744 3614 3006 3684 propheta
3036 3615 3137 3679 ais,
3168 3615 3377 3673 Dicite?
3409 3618 3486 3673 En

1932 3702 2048 3774 ipse
2083 3699 2347 3774 pradicas
2374 3722 2387 3759 :
2420 3719 2488 3758 en
2519 3704 2636 3774 ipse
2679 3702 2839 3758 dicis.
2872 3702 3003 3775 Ego,
3043 3706 3241 3775 inquit,
3273 3706 3486 3763 deside-

1934 3795 2123 3850 rabam
2169 3794 2352 3850 videre
2396 3802 2451 3850 et
2491 3794 2719 3850 audire:
2749 3810 2851 3849 nec
2895 3811 2995 3866 ego
3029 3804 3259 3861 tantum,
3302 3799 3396 3853 sed
3432 3806 3489 3855 et

1933 3888 2086 3941 multi
2100 3888 2361 3957 propheta:
2375 3898 2423 3943 et
2428 3887 2565 3958 justi
2588 3888 2676 3941 "‘.
2702 3886 2903 3945 Verum
2924 3888 3067 3949 dico.
3091 3905 3214 3944 cum
3238 3890 3485 3946 inventu-

1932 3979 2012 4034 ris
2041 3994 2106 4034 ac
2139 3980 2445 4050 discipulis,
2470 3989 2581 4033 tum
2613 3979 2681 4035 iis
2704 3980 2801 4050 qui
2828 3979 3011 4039 vident
3036 3996 3100 4035 ac
3128 3980 3359 4037 audiunt
3386 3981 3489 4039 Re-

1932 4085 2050 4141 gem
2079 4069 2230 4135 Sion,
2260 4079 2319 4126 ut
2341 4071 2528 4126 dicant
2549 4087 2610 4127 ac
2636 4072 2932 4142 praedicent
2952 4092 2964 4127 :
2988 4073 3156 4128 Dicite
3177 4073 3305 4143 ﬁlia
3326 4072 3490 4130 Sion:

1934 4160 2068 4215 Ecce
2104 4178 2196 4217 rex
2228 4172 2347 4217 tuus
2369 4164 2502 4217 venit
2531 4162 2644 4218 tibi.
2671 4162 2789 4220 Non
2816 4164 2959 4220 nude
2978 4165 3136 4228 dixit,
3171 4166 3306 4220 venit
3332 4179 3353 4221 :
3372 4168 3490 4230 sed,

1933 4256 2068 4311 venit
2109 4254 2243 4309 tibi:
2274 4255 2379 4310 hoc
2418 4264 2521 4312 est.
2557 4263 2614 4309 ut
2657 4258 2730 4311 sit
2774 4264 2924 4319 tuus,
2973 4265 3028 4313 et
3069 4258 3278 4314 habitet
3315 4259 3370 4313 iu
3416 4266 3490 4314 te.

1933 4345 2071 4401 Ecce
2118 4361 2211 4401 rea:
2251 4355 2369 4400 tuus
2409 4347 2545 4401 venit
2578 4347 2674 4400 tibi
2694 4347 2876 4416 justus
2901 4359 2952 4404 et
2992 4349 3225 4405 salvans.
3260 4330 3489 4408 Salvans

1935 4436 2004 4490 ab
2034 4435 2240 4491 inimici
2269 4436 2529 4491 servitute
2561 4438 2847 4493 credentes
2879 4438 2935 4493 in
2977 4454 3115 4494 eum.
3155 4439 3489 4507 Mansuetus,

1935 4536 1986 4582 et
2021 4526 2202 4582 sedens
2246 4542 2399 4595 super
2432 4527 2634 4597 pullum
2678 4529 2848 4597 ﬁlium
2888 4529 3180 4600 subjugalis
3203 4547 3221 4585 :
3246 4532 3347 4587 hoc
3383 4539 3488 4595 est,

1939 4620 2182 4686 humilis,
2218 4635 2425 4688 suaque
2460 4619 2762 4675 humilitate
2802 4620 3099 4693 dispergens
3131 4639 3317 4677 currus
3350 4627 3488 4696 regni

1938 4710 2193 4782 Ephraim
2214 4711 2295 4778 ";
2325 4711 2427 4765 hoc
2486 4720 2571 4765 est
2607 4710 2827 4777 diaboli,
2858 4712 2950 4783 qui
2988 4725 3304 4782 regnaverat
3329 4730 3487 4785 super

1938 4801 2103 4857 Israel
2133 4808 2187 4857 et
2213 4816 2376 4870 super
2402 4812 2613 4871 gentes.
2647 4799 2753 4856 Sed
2780 4811 2833 4856 et
2871 4801 2936 4857 ad
2965 4803 3222 4864 litteram,
3262 4819 3486 4874 regnum

1936 4904 2154 4966 quoque
2181 4893 2364 4965 pepuli
2393 4890 2705 4947 Judaeorum
2731 4892 3051 4963 disperdidit
3071 4935 3086 4953 .
3122 4893 3361 4963 illudque
3378 4894 3486 4963 jam

1937 4987 2117 5043 desiit.
2149 4985 2215 5040 Et
2242 5002 2427 5056 equum
2454 4986 2519 5040 de
2540 4984 2875 5039 Jerusalem:
2896 4984 2998 5039 hoc
3030 4991 3134 5043 est.
3162 4999 3376 5040 omnem
3400 5001 3494 5041 eo-

1937 5095 2057 5133 rum
2081 5057 2418 5149 principatus
2441 5077 2753 5147 superbiam
2776 5076 2965 5131 humili
2987 5077 3135 5146 pullo
3156 5091 3275 5132 suo.
3302 5075 3490 5140 Porro,

1936 5169 2105 5225 Jacob
2133 5185 2257 5225 cum
2291 5169 2632 5226 benediceret
2650 5167 2866 5233 ludam,
2900 5166 3204 5240 factamque
3226 5168 3292 5225 ad
3316 5169 3493 5226 Abra—
3580 5236 3584 5241 ᾔ

1936 5261 2060 5323 ham
2108 5276 2172 5315 ac
2205 5260 2355 5315 lsaac
2384 5267 2568 5331 patres
2603 5275 2734 5315 suos
2761 5258 3215 5329 benedictionem,
3246 5276 3367 5333 qua:
3409 5269 3493 5315 est

1933 5351 2185 5412 Christus
2228 5351 2565 5417 .declararet,
2597 5352 2713 5420 ait:
2747 5352 2991 5420 Alliga-os
3004 5354 3078 5410 ad
3106 5354 3261 5413 vitem
3286 5354 3489 5422 pullum

344 5505 387 5543 "
429 5505 585 5561 Rom.
620 5523 673 5573 v,
708 5508 760 5574 1,
792 5507 845 5561 2.
921 5510 965 5540 ⁸²
1004 5506 1134 5563 ibid.
1170 5506 1235 5573 3,
1267 5507 1320 5565 5.
1394 5506 1440 5539 ⁸³
1478 5505 1700 5572 Philum.
1746 5523 1821 5570 α’,

1986 5497 2054 5541 ’τ’
2091 5506 2281 5565 Matth.
2317 5523 2451 5577 xm,
2489 5496 2576 5565 {7.
2624 5509 2699 5605 "‘
2734 5507 2899 5564 Zacli.
2936 5524 3022 5574 ix,
3059 5508 3144 5565 lo.

326 5683 452 5758 ’(Ἷῖ)
482 5684 707 5743 Αὐτῶν.
739 5686 890 5757 Apud
922 5687 1227 5748 Mattbmum
1255 5703 1366 5753 1x1,
1400 5688 1453 5753 8,
1478 5686 1699 5742 ἑαυτῶν.

1995 5689 2101 5762 (73)
2136 5690 2245 5746 Καὶ
2268 5692 2431 5760 θεωρ.
2464 5688 2630 5745 Forte
2664 5689 2757 5744 καὶ
2783 5687 2919 5754 πρὸς
2951 5688 3119 5753 “eam.
