3984 6212
496 293 637 354 ωε

1638 290 1776 347 TITI
1809 289 2239 348 BOSTRENSIS
2275 291 2575 350 EPISCOPI

3610 292 3760 348 1276

495 426 650 469 suum
673 412 742 467 ".
783 409 865 465 Ad
907 408 1072 464 vitem
1110 406 1258 462 enim
1288 406 1356 464 de
1390 406 1631 481 Egypto
1661 408 1985 464 translatam
2004 409 2064 474 ",

2181 409 2363 464 αὐτῶν
2413 409 2589 481 ἀρχῆς
2618 407 2707 463 διὰ
2743 408 2839 463 τοῦ
2871 407 3127 464 ταπεινοῦ
3168 394 3334 463 αὐτοῦ
3366 406 3560 461 πωλω.
3604 408 3670 462 '0
3700 408 3763 460 δι

498 518 728 575 quaeque
762 509 931 555 totam
958 499 1206 571 implevit
1231 507 1433 554 terram
1465 515 1565 572 per
1593 500 1900 555 doctrinam
1933 515 2075 570 pro—

496 597 785 667 phetarum
823 595 944 663 ejus
993 602 1156 663 atque
1183 591 1485 662 justorum,
1541 593 1829 654 universas
1881 599 2074 664 gentes

494 688 758 759 alligavit.
795 685 930 741 Nam
978 684 1163 755 pullus
1196 686 1252 740 in
1283 686 1403 757 lege
1441 684 1759 740 immundus
1817 694 1959 749 erat,
1993 685 2073 740 uti

492 788 549 836 et
586 791 797 850 gentes.
848 777 1092 847 Alligans
1142 777 1211 831 ad
1256 779 1413 832 vitem
1454 776 1660 846 pullum
1713 792 1889 831 suum.
1928 774 2072 843 Quid

378 876 385 883 ‘
492 872 610 927 ita?
647 869 715 926 Ut
744 872 815 927 ab
838 886 901 926 ea
933 870 1107 942 legem
1141 885 1206 925 ac
1244 873 1543 943 prophetas
1573 886 1637 925 ac
1686 871 1740 925 in
1777 871 1857 926 eis
1893 870 2071 924 laten-

492 971 604 1020 tem
641 963 739 1020 Dei
773 963 1059 1019 scientiam
1092 963 1403 1035 acciperent
1430 984 1444 1021 :
1473 965 1577 1019 hoc
1613 971 1718 1029 est,
1751 962 2069 1030 Christum;

490 1056 586 1127 qui
635 1064 721 1112 est
765 1056 1079 1114 benedictio
1130 1071 1196 1111 ac
1248 1055 1504 1129 purgatio
1542 1056 1805 1127 gentium.
1857 1053 2072 1127 Quippe

490 1147 608 1201 ait:
639 1145 709 1201 Et
759 1147 828 1202 ad
869 1148 1086 1203 helicem
1132 1150 1338 1219 pullum
1378 1149 1546 1203 asina:
1582 1164 1715 1203 sum.
1765 1145 1862 1203 Est
1902 1146 2067 1210 helix,

490 1240 639 1311 quod
670 1256 735 1296 ex
759 1241 869 1297 vite
895 1243 1166 1313 germinat
1191 1261 1205 1297 :
1239 1241 1496 1298 Christus
1520 1241 1800 1305 nimirum,
1837 1241 1932 1311 qui
1956 1255 2074 1311 ger-

489 1334 718 1389 minavit
760 1350 829 1390 ex
878 1336 991 1392 vite
1041 1350 1318 1408 synagoga
1366 1336 1634 1392 translata
1680 1335 1749 1390 de
1789 1333 2066 1405 Egypto;

488 1425 949 1495 quemadmodum
978 1428 1210 1496 ipsemet
1232 1428 1300 1481 ad
1329 1442 1457 1483 eum
1485 1426 1657 1484 Iacob
1686 1427 1799 1481 ait:
1830 1425 1916 1479 Ex
1947 1442 2067 1496 ger-

490 1517 651 1581 mine,
685 1517 768 1588 ﬁli
798 1519 892 1582 mi,
916 1518 1203 1573 ascendiin
1234 1533 1254 1573 :
1275 1518 1442 1591 inque
1471 1534 1538 1576 eo
1562 1528 1751 1593 gentes
1778 1517 2063 1574 insolubili

491 1609 713 1666 vinculo
745 1612 981 1684 alligatae
1002 1622 1152 1679 sunt.

2178 503 2523 575 πατριάρχης
2556 501 2772 566 Ἰακὼϐ,
2800 501 3036 571 εὐλογῶν
3060 503 3150 556 τὸν
3189 502 3410 565 Ἰούδαν,
3439 503 3535 556 καὶ
3561 501 3763 571 Exspct-

2178 612 2285 648 νων
2330 595 2430 666 τὴν
2483 594 2734 664 εὐλογίαν
2785 596 2883 667 τὴν
2931 594 3068 665 πρὸς
3120 596 3247 658 τοὺς
3290 594 3535 665 πατέρας
3587 594 3764 648 αὐτοῦ

2192 688 2444 761 ’Δόραὰμ
2486 689 2581 743 καὶ
2619 689 2825 753 Ἰσαὰκ,
2848 690 2971 759 ἥτις
3019 690 3165 743 ἐστὶν
3192 691 3224 743 ὁ
3262 688 3519 759 Χριστὸς,
3564 689 3760 756 λέγει’

2174 783 2488 852 Δεσμεύων
2521 781 2671 851 πρὸς
2706 781 2978 853 ἄμπελον
3005 782 3112 837 τὸν
3130 782 3339 837 πῶλον
3368 782 3568 836 αὑτοῦ.
3604 783 3765 854 Πρὸς

2173 879 2281 951 γὰρ
2313 878 2412 950 τὴν
2452 877 2698 948 ἄμπελον
2728 876 2827 948 τὴν
2870 879 3211 947 μεταστᾶσαν
3241 874 3303 939 ἐξ
3328 874 3619 945 Αἰγύπτου,
3647 875 3759 947 τὴν

2177 970 2284 1042 πλη
2293 969 2545 1043 ρώσασαν
2568 974 2749 1024 πᾶσαν
2767 969 2870 1041 τὴν
2886 970 2989 1042 γῆν
3008 968 3116 1024 ἀπὸ
3134 969 3232 1040 τῆς
3256 968 3487 1039 διδαχῆς
3503 969 3604 1023 τῶν
3624 986 3757 1040 προ-

2176 1062 2365 1134 φητῶν
2390 1062 2562 1131 αὐτῆς
2591 1061 2686 1115 καὶ
2705 1060 2946 1122 δικαίων,
2977 1058 3271 1129 ἐδέσμευσε
3301 1057 3483 1111 πάντα
3508 1055 3578 1109 τὰ
3603 1054 3757 1126 ἔθνη.

2186 1152 2245 1205 '0
2283 1150 2391 1222 γὰρ
2434 1150 2612 1214 πῶλος
2646 1150 2954 1221 ἁκάθαρτὸς
2999 1150 3148 1202 ἐστιν
3187 1150 3245 1202 ὲν
3285 1148 3364 1219 τῷ
3404 1147 3589 1218 νόμῳ·
3619 1146 3762 1199 οὕτω

2174 1245 2270 1299 καὶ
2292 1244 2360 1299 τὰ
2390 1243 2539 1313 ἔθνη.
2573 1243 2886 1309 Δεσμεύων
2914 1240 3065 1312 πρὸς
3092 1240 3364 1311 ἄμπελον
3399 1239 3508 1293 τὸν
3552 1237 3766 1292 πῶλον

2172 1333 2378 1389 αὐτοῦ.
2405 1334 2503 1388 Διὰ
2524 1333 2610 1399 τίς
2638 1332 2757 1386 Ἵνα
2780 1331 3035 1397 δέξωνται
3061 1333 3189 1403 παρ’
3221 1331 3385 1385 αὐτοῦ
3415 1330 3530 1399 (7i)
3560 1329 3660 1386 τὸν
3680 1329 3766 1382 νδ-

2176 1442 2277 1497 μον
2316 1426 2411 1478 καὶ
2447 1425 2574 1489 τοὺς
2605 1425 2910 1496 προφήτας,
2945 1424 3041 1477 καὶ
3074 1423 3174 1494 τὴν
3211 1425 3270 1477 ὲν
3311 1423 3495 1485 αὐτοῖς
3524 1422 3769 1489 θεογνω-

2174 1517 2328 1570 σίανο
2372 1515 2617 1570 τουτέστι
2668 1516 2758 1570 τὸν
2796 1515 3053 1588 Χριστὸν,
3098 1515 3158 1579 ὃς
3197 1516 3344 1568 ἐστιν
3388 1513 3615 1581 εὐλογία
3651 1514 3764 1565 τῶν

2173 1610 2342 1665 ἐθνῶν
2381 1611 2478 1665 καὶ
2502 1609 2789 1682 κάθαρσις.
2835 1611 2972 1681 Φησὶ
3015 1610 3155 1681 γάρ’
3182 1609 3292 1663 Καὶ
3345 1607 3424 1678 τῇ
3453 1608 3614 1663 ἕλικι
3653 1607 3765 1659 τὸν

489 1699 694 1757 πῶλον
716 1703 828 1773 τῆς
861 1705 1005 1761 ὄνου
1030 1707 1240 1763 αὐτοῦ.
1272 1707 1427 1774 Ἔλιξ
1461 1709 1580 1764 ἐστὶ
1602 1709 1665 1764 τὸ
1695 1708 1987 1781 βλάστημα
2014 1706 2075 1761 τδ
2120 1706 2181 1772 ἐξ
2204 1706 2451 1777 ἀμπέλου
2469 1722 2483 1737 ο
2516 1706 2577 1770 ὃς
2608 1707 2756 1759 ἐστιν
2779 1706 2808 1757 ὁ
2832 1704 3087 1776 Χριστὸς,
3117 1705 3181 1772 ὲξ
3205 1703 3454 1774 ἀμπέλου
3486 1703 3589 1773 τῆς
3628 1719 3762 1754 συν-

488 1798 709 1871 αγωγῆς
735 1801 835 1871 τῆς
873 1798 933 1866 ἐξ
960 1800 1235 1871 Αἰγύπτου
1283 1801 1610 1875 βλαστήσας,
1648 1803 1829 1869 καθὼς
1870 1802 2035 1866 αὐτὸς
2085 1804 2114 1857 ὁ
2171 1800 2365 1855 Ἰακώϐ
2418 1804 2551 1872 φησι
2584 1799 2722 1872 πρὸς
2755 1799 2917 1855 αὐτόν
2938 1816 2951 1830 ·
3007 1801 3110 1854 Ἐκ
3143 1798 3450 1865 βλαστοῦ,
3480 1798 3577 1853 υίέ
3608 1816 3761 1869 μου,

488 1888 738 1959 ἀνέσηςο
769 1891 863 1945 καὶ
885 1893 1293 1967 ὲδεσμεύθησαν
1326 1894 1394 1948 τὰ
1421 1893 1544 1967 ἔθνη
1574 1898 1633 1950 ὲν
1662 1894 1812 1967 αὐτῷ
1838 1894 2068 1958 ἁλύτως.

558 1979 686 2037 Vll.‘
708 1980 774 2041 Et
795 1998 897 2040 nos
921 1985 1106 2055 itaque
1135 1985 1502 2042 insolubiliter
1522 1986 1743 2044 Christo
1768 1988 2064 2059 alligemur.

2249 1978 2458 2036 Οὐκοῦν
2505 1978 2892 2051 δεσμευθῶμεν
2932 1979 3026 2033 καὶ
3065 1980 3224 2051 ἡμεῖς
3268 1981 3349 2043 εἰς
3387 1982 3478 2037 τὸν
3523 1984 3768 2056 Χριστὸν

490 2073 773 2144 Siquidem
794 2076 1019 2132 omnino
1042 2077 1112 2132 ab
1126 2077 1249 2147 ejus
1271 2079 1708 2136 solemnitatibus
1729 2081 1957 2137 salutem
1974 2081 2064 2137 oh-

2174 2074 2403 2139 άλύτως.
2445 2073 2569 2129 Ἐὰν
2615 2073 2752 2138 ὅλως
2802 2073 3196 2145 ἀγωνιζώμεθα
3234 2074 3330 2128 τοῦ
3372 2077 3621 2147 σωθῆναι
3655 2080 3770 2134 ἀπὸ

473 2168 667 2221 ‘tinere
706 2169 1128 2237 contendimus;
1158 2187 1260 2227 nos
1292 2186 1514 2243 quoque
1544 2173 1661 2244 ipse
1684 2189 1792 2229 una
1821 2189 1945 2230 cum
1968 2174 2064 2229 La-

2174 2167 2281 2221 τῶν
2307 2166 2510 2238 ἑορτῶν
2530 2164 2718 2229 αὐτοῦ,
2744 2165 2837 2218 καὶ
2866 2165 3029 2229 αὐτὸς
3057 2170 3337 2239 συνεγερεῖ
3363 2169 3509 2239 ἡμᾶς
3531 2169 3617 2240 τῷ
3648 2174 3769 2225 Λα-

489 2275 639 2323 zaro,
692 2277 726 2314 a
771 2264 995 2318 mortuis
1047 2264 1353 2334 operibus"
1383 2267 1586 2323 nostris
1662 2285 1782 2339 quae
1813 2271 1927 2325 sine
1963 2268 2064 2324 Dea

2176 2257 2329 2331 ζάρῳ
2378 2257 2498 2313 ἀπὸ
2545 2256 2663 2311 τῶν
2698 2256 2929 2327 νεκρῶν
2959 2257 3117 2330 ἡμῶν
3148 2258 3359 2329 ἔργων,
3406 2260 3528 2314 τῶν
3583 2266 3769 2332 χωρὶς

488 2360 611 2406 sunt
640 2352 785 2422 facta
806 2393 821 2417 ,
850 2356 1222 2413 suscitaturus
1251 2366 1338 2413 est
1358 2359 1428 2413 ⁸⁸.
1467 2359 1559 2415 Sic
1592 2361 1697 2433 ipsi
1726 2360 1781 2415 in
1810 2359 2064 2416 Bethania

2175 2351 2363 2406 αὐτοῦ
2396 2352 2754 2422 γενομένων.
2799 2349 2955 2404 Οὕτω
2983 2349 3294 2404 συνδειπνοῦ
3303 2369 3404 2423 μεν
3426 2354 3585 2425 αὐτῷ
3612 2356 3673 2408 ἐν
3700 2360 3767 2427 τῇ

489 2445 969 2512 concmnabimus,
1015 2464 1179 2520 quam
1223 2452 1627 2523 interpreteris,
1680 2453 1897 2507 domum
1950 2453 2064 2507 obe-

2176 2444 2435 2517 Βηθανίᾳ,
2459 2445 2580 2516 ἥτις
2604 2444 2964 2516 ἑρμηνεύεται
2991 2440 3152 2511 οἶκος
3180 2443 3289 2513 τῆς
3310 2446 3624 2515 ὑπακοῆς.
3660 2447 3769 2503 Οὖ-

487 2535 723 2593 άέειιιίω.
773 2536 867 2593 Sic
910 2553 941 2593 ο
972 2541 1291 2611 captivitate
1334 2545 1627 2601 oblivionis
1669 2545 1838 2600 animi
1871 2546 2064 2616 pariter

2172 2549 2284 2595 τως
2316 2530 2586 2603 ἁρμοδίως
2626 2532 2946 2603 συνάγωμεν
2973 2531 3085 2603 (75)
3111 2534 3235 2596 τοὺς
3275 2534 3581 2606 λογισμοὺς
3606 2539 3767 2609 sua»

488 2643 555 2684 ac
600 2633 851 2702 corporis
882 2648 1082 2690 sensus
1112 2644 1238 2707 apte
1286 2638 1628 2708 colligemus,
1676 2637 1975 2694 clamantes
2009 2651 2064 2692 ac

2174 2621 2283 2676 ἀπὸ
2305 2623 2404 2693 τῆς
2441 2621 2817 2694 αἰχμαλωσίας
2846 2623 2944 2695 τῆς
2974 2623 3145 2696 λήθης
3178 2625 3317 2695 μετὰ
3353 2628 3465 2679 τῶν
3490 2629 3768 2701 αἰσθητη-

489 2719 735 2776 dicentes
759 2740 772 2776 :
800 2720 1058 2777 Hosanna
1087 2724 1142 2777 in
1176 2723 1456 2781 altissimis
1480 2740 1499 2779 :
1524 2724 1841 2780 Benedictus
1868 2726 1961 2796 qui
1991 2741 2064 2779 ue-

2178 2713 2307 2785 ρίων
2336 2711 2429 2765 τοῦ
2455 2711 2722 2783 σώματος,
2750 2712 3044 2785 κράζοντες
3065 2715 3158 2767 καὶ
3176 2714 3426 2783 λέγοντες
3444 2732 3457 2745 ’
3494 2719 3767 2772 Ὠσαννα

491 2813 568 2865 nit
596 2815 651 2867 in
689 2815 898 2869 nomine
941 2814 1194 2880 Domini;
1225 2816 1279 2870 in
1316 2832 1474 2872 suam
1506 2817 1623 2887 ipse
1653 2814 1956 2872 Jerusalem
1988 2817 2064 2870 in-

2172 2803 2242 2856 ἐν
2272 2801 2398 2868 τοῖς
2434 2802 2722 2871 ὑψίστοις
2742 2820 2753 2831 ·
2785 2802 3207 2873 Εὐλογημένος
3251 2807 3286 2858 ό
3330 2804 3661 2875 ἐρχόμενος
3693 2811 3768 2863 ἐν

490 2921 786 2976 gressurus
820 2924 972 2963 :non
1004 2909 1118 2979 jam
1162 2917 1222 2964 ut
1259 2911 1517 2981 patiatur,
1563 2911 1641 2964 uti
1686 2918 1852 2975 tunc;
1886 2908 1981 2964 sed
2012 2916 2064 2963 ul

2174 2890 2419 2960 ὀνόματι
2448 2892 2693 2960 Κυρίου,
2724 2891 2982 2945 εἰσελθεῖν
3014 2893 3095 2955 εἰς
3124 2892 3220 2964 τὴν
3243 2894 3439 2948 ἑαυτοῦ
3485 2898 3766 2969 Ἰερουσα-

490 2998 662 3054 salvet
710 3015 852 3067 eam,
893 2998 1254 3072 Salvatorqye
1294 3001 1363 3057 ab
1407 3017 1471 3057 ea
1520 3000 1878 3073 gloriﬁcetur,
1930 3018 2064 3074 quo-

2172 2981 2318 3056 λήμο
2356 2984 2417 3036 οὐ
2451 2983 2539 3038 διὰ
2567 2983 2628 3037 τὸ
2675 2983 2886 3049 παθεῖν,
2925 2982 3112 3057 ῶσπερ
3143 2986 3286 3050 τότε,
3326 2987 3442 3040 ἀλλ’
3471 2989 3563 3042 ἵνα
3610 2990 3767 3062 σώσῃ

490 3090 654 3146 modo
700 3090 871 3145 David
916 3107 1037 3148 eam
1073 3094 1411 3164 compellans
1450 3094 1529 3149 ait
1558 3114 1571 3150 :
1603 3093 1817 3161 Lauda,
1844 3093 2064 3150 Jerusa-

2174 3076 2363 3149 αὐτὴν,
2394 3076 2491 3132 καλ⁸
2517 3075 2747 3149 δοξασθῇ
2797 3076 2890 3129 ὑπ’
2921 3076 3120 3148 αὐτῆς·
3155 3078 3334 3142 καθὼς
3374 3084 3548 3148 φωνεῖ
3584 3083 3766 3152 αὐτὴν

491 3183 614 3249 lem,
650 3183 973 3251 Dominum;
1018 3185 1184 3240 lauda
1229 3186 1395 3242 Deum
1443 3196 1613 3253 tuum,
1659 3187 1791 3243 Sion
1811 3188 1879 3243 ".
1926 3188 2064 3243 Dixil

2174 3169 2337 3224 Δαϐὶδ
2362 3170 2567 3239 λέγων·
2609 3170 2888 3231 Ἐπαίνει,
2925 3169 3335 3240 Ἰερουσαλὴμ,
3366 3172 3470 3225 τὸν
3488 3175 3764 3241 Κύριον·

489 3276 725 3333 iterum:
763 3275 951 3332 Lauda
996 3293 1061 3334 ac
1101 3278 1298 3344 lauda;
1349 3279 1533 3336 animo
1579 3280 1783 3351 pariter
1824 3296 1889 3336 ac
1945 3296 2064 3336 cor-

2174 3263 2329 3317 αἷνει
2361 3262 2468 3317 τὸν
2493 3264 2644 3317 Θεόν
2671 3278 2810 3327 σου,
2841 3262 3015 3317 Σιών.
3042 3263 3298 3336 Δεύτερον
3318 3259 3463 3317 εἶπεν
3483 3282 3498 3295 °
3543 3266 3763 3320 Ἐπαί-

489 3383 639 3438 pore.
702 3368 969 3435 Quoniam
1012 3374 1344 3441 conﬁrmavit
1392 3382 1555 3427 vectes
1615 3384 1894 3444 portarum
1953 3384 2064 3428 tua-

2174 3373 2266 3411 νει
2308 3354 2409 3409 καί
2453 3356 2629 3421 αἶνει,
2687 3355 2833 3427 ψυχῇ
2875 3355 2969 3409 καὶ
3013 3354 3247 3427 σώματι.
3289 3356 3414 3410 Ὀτι
3452 3358 3765 3427 ἑνίσχυσε

489 3477 605 3513 rum
629 3461 673 3493 ‘°
704 3481 715 3516 :
742 3477 939 3533 nempe
996 3462 1179 3529 (idem,
1221 3481 1371 3535 spem
1424 3472 1476 3520 et
1518 3464 1866 3531 charitatem,
1903 3465 2064 3521 medi-

2173 3447 2317 3515 τοὺς
2338 3448 2608 3518 μοχλοὺς
2631 3446 2749 3501 τῶν
2773 3446 2985 3502 πυλῶν
3008 3462 3124 3502 σου
3143 3465 3157 3478 ·
3186 3449 3382 3513 οἵτινές
3410 3450 3516 3503 εἰσι
3551 3451 3762 3516 πίστις,

491 3553 753 3608 lationem
790 3570 855 3610 ac
884 3555 1127 3621 studium
1156 3558 1407 3624 caeleste,
1441 3556 1938 3627 longanimitatem,
1968 3572 2064 3627 pa-

2172 3539 2348 3604 ὲλπὶς,
2396 3539 2608 3612 ἀγάπη,
2664 3539 2881 3612 μελέτη,
2931 3539 3300 3611 μακροθυμία,
3333 3542 3604 3612 ὑπομονὴ.
3646 3545 3765 3596 Εὑ-

2170 3636 2401 3703 λόγησε
2427 3633 2569 3699 τοὺς
2606 3634 2776 3700 υἱούς
2808 3648 2924 3687 σου
2949 3633 3020 3687 ὲν
3042 3638 3142 3687 σοι
3166 3650 3180 3663 ·
3205 3634 3404 3695 οἵτινές
3436 3636 3545 3687 εἰσι
3569 3634 3639 3688 τὰ
3675 3653 3765 3688 πι-

488 3740 594 3796 hus
622 3738 1003 3812 ﬁdelibus,’qui
1021 3741 1309 3798 Dominum
1327 3759 1452 3800 cum
1482 3743 1650 3807 ramis
1677 3753 2064 3814 susceperunt;

2172 3725 2276 3779 στὰ
2302 3726 2471 3795 νήπια
2492 3724 2561 3779 τὰ
2586 3725 2850 3797 δεχόμενα
2878 3726 2968 3781 τὸν
2995 3726 3200 3800 Κύριον
3228 3726 3370 3797 μετὰ
3393 3727 3502 3782 τῶν
3524 3728 3762 3783 κλάδων·

488 3847 615 3886 eum
659 3833 817 3889 novis
862 3836 1051 3905 utique
1097 3834 1368 3892 fructibus
1403 3855 1417 3891 :
1460 3835 1787 3904 infantibus,
1820 3837 2064 3913 inquam,

2170 3818 2415 3872 τουτέστι
2451 3818 2591 3889 μετὰ
2618 3818 2849 3891 καρπῶν
2887 3818 3022 3873 νέων
3046 3835 3059 3849 ’
3092 3818 3163 3873 τὰ
3192 3818 3500 3892 θηλάζοντα
3529 3822 3592 3874 τὸ
3613 3822 3766 3890 γάλα

488 3926 815 3996 augentibus
846 3927 933 3981 lac
961 3927 1231 3983 doctrinae
1252 3928 1481 3984 Christi.
1506 3928 1808 3985 Credentes
1836 3910 1979 3987 enim
2010 3929 2064 3985 in

2170 3912 2268 3983 τῆς
2308 3910 2661 3976 διδασκαλίας
2700 3911 2794 3965 τοῦ
2842 3911 3102 3985 Χριστοῦ.
3141 3913 3502 3977 Πιστεύοντες
3536 3913 3652 3986 γάρ
3681 3916 3766 3978 εἰς

487 4026 637 4075 cum,
671 4027 797 4067 mox
828 4012 1074 4077 laudant,
1103 4016 1248 4071 sicut
1275 4017 1543 4088 scriptum
1586 4026 1709 4074 est:
1744 4017 1829 4072 Es:
1866 4036 1955 4074 ore
1982 4020 2064 4075 ἕης

2172 4003 2355 4069 αὐτὸν,
2387 4003 2588 4067 εὐθέως
2615 4002 2845 4067 αἰνοῦσι,
2885 4003 3069 4069 καθὼς
3097 4004 3435 4075 γέγραπταιο
3480 4005 3582 4058 Ἐκ
3605 4006 3765 4059 στό-

488 4103 719 4175 fantium
756 4115 807 4160 et
839 4106 1146 4162 lactentium
1191 4110 1459 4180 perfecisti
1497 4110 1801 4167 laudem".
1852 4111 2064 4168 Eﬂicia-

2170 4112 2353 4166 ματος
2385 4096 2618 4164 νηπίων
2653 4098 2751 4150 καί
2786 4097 3162 4165 θηλαζόντων
3190 4098 3517 4167 κατηρτίσω
3546 4093 3759 4152 αἶνον.

487 4209 613 4250 mur
650 4210 750 4265 pro
780 4196 1062 4253 immundo
1104 4200 1252 4269 pullo
1282 4215 1499 4256 sacrum
1550 4202 1600 4258 ei
1629 4203 1959 4269 vehiculum,
2005 4212 2064 4259 ut

2174 4188 2468 4261 Γενώμεθα
2500 4188 2648 4259 αὐτῷ
2677 4188 2859 4261 ὄχημα
2885 4188 3038 4258 ἅγιον
3060 4190 3183 4244 ἀντὶ
3209 4190 3506 4263 ἀκαθάρτου
3532 4188 3756 4274 πώλου,

487 4286 543 4340 in
575 4302 675 4343 nos
711 4288 993 4344 ascendat.
1035 4289 1270 4345 Currum
1316 4292 1365 4347 ei
1417 4301 1733 4349 nostrarum
1776 4297 2064 4368 cogitatio-

2170 4282 2254 4336 ἵνα
2298 4282 2458 4353 ἐπιϐῇ
2511 4283 2595 4351 ἐφ’
2625 4284 2791 4353 ἡμᾶς.
2832 4281 3118 4354 Ζεύξωμεν
3163 4284 3314 4354 αὐτῷ
3341 4283 3401 4336 τὸ
3447 4282 3600 4354 ἅρμα
3632 4283 3761 4337 τῶν

486 4396 616 4434 num
644 4379 964 4453 iungamus.
998 4391 1053 4438 et
1086 4382 1324 4455 regnabit
1354 4401 1518 4457 super
1552 4403 1654 4444 nos
1687 4389 1741 4442 in
1764 4389 1981 4454 saecula,
2014 4399 2064 4445 et

2170 4373 2439 4445 λογισμῶν
2465 4373 2645 4445 ήμῶν,
2689 4375 2784 4429 καὶ
2810 4375 3171 4440 βασιλεύσει
3202 4377 3291 4447 ἐφ’
3323 4377 3467 4447 ημᾶς
3492 4378 3581 4441 εἰς
3604 4376 3763 4444 τοὺς

485 4474 632 4545 regni
656 4474 770 4544 ejus
806 4492 909 4529 non
954 4477 1053 4530 erit
1082 4478 1207 4547 ﬁnis
1233 4479 1298 4533 “.
1341 4476 1582 4535 llilarem
1634 4481 1759 4536 vita:
1794 4482 2062 4537 rationem

2170 4465 2409 4533 αἰῶνας,
2440 4467 2539 4521 καί
2575 4465 2687 4537 τῆς
2716 4466 3041 4535 βασιλείας
3081 4467 3270 4522 αὐτοῦ
3309 4470 3423 4523 οὐκ
3456 4468 3634 4522 ἔσται
3659 4468 3761 4522 τέ-

492 3647 766 3702 tieutiam.
795 3647 1074 3702 Benediait
1092 3649 1221 3720 [iliis
1242 3651 1346 3703 tuis
1366 3650 1419 3703 in
1441 3660 1489 3704 te
1504 3650 1547 3682 ’ί
1573 3669 1586 3704 :
1607 3665 1802 3720 nempe
1847 3648 2068 3703 infanti-

483 4582 585 4622 ceu
624 4582 805 4622 ramos
826 4568 1094 4623 olivarum
1123 4586 1491 4636 assumamus,
1516 4579 1575 4626 ut
1603 4573 2061 4644 quemadmodum

483 4660 560 4714 ait
602 4658 787 4731 regius
829 4657 1063 4725 Psaltes,
1093 4660 1312 4717 Faciem
1338 4671 1578 4717 nostram
1607 4665 1661 4717 in
1702 4664 1815 4718 oleo
1853 4663 2060 4717 exhila-
2092 4683 2140 4742 ι)

481 4767 656 4805 remus
681 4752 745 4807 “.
800 4751 866 4805 Et
908 4752 1104 4808 iterum
1138 4774 1151 4811 τ
1181 4752 1383 4810 Servite
1419 4756 1645 4811 Domino
1688 4756 1743 4811 in
1776 4755 1964 4812 laetitia
1986 4756 2054 4812 ⁸⁸.

479 4832 729 4896 Divinam
765 4858 984 4898 rursum
1021 4860 1086 4900 ac
1129 4846 1430 4916 Spiritalem
1471 4850 1844 4919 operationem
1889 4849 1944 4904 in
1977 4849 2059 4903 in-

479 4934 667 4990 teriori
703 4936 924 4992 homine
962 4952 1061 4993 ceu
1092 4940 1394 5010 palmarum
1417 4945 1623 4997 ‘ramos
1656 4941 1927 5006 tollentes,
1973 4957 2057 4997 se-

477 5040 735 5095 quamur,
789 5028 995 5098 gratias
1032 5029 1084 5085 ei
1113 5037 1337 5101 agentes
1366 5050 1379 5085 :
1412 5047 1477 5086 ae
1509 5048 1625 5103 pro'
1652 5033 1892 5089 candore
1930 5033 2054 5103 qui-

475 5116 624 5181 dem,
671 5128 876 5173 rectam
922 5120 1413 5195 intemeratamque
1455 5140 1519 5180 ac
1553 5126 1855 5196 simplicem
1901 5141 2054 5183 assu-

478 5225 694 5267 mamus
769 5210 970 5280 ﬁdem;
1026 5229 1124 5284 pro
1180 5216 1424 5287 agilitate
1474 5225 1694 5283 autem,
1757 5218 2051 5289 patientem

473 5314 628 5373 seem
649 5321 671 5380 ί
691 5320 844 5376 spem
877 5306 1126 5377 inquam,
1156 5322 1279 5378 quas
1308 5317 1514 5381 pungat
1536 5324 1599 5365 ac
1616 5309 1829 5382 jugulet
1849 5311 2056 5383 cogita-

2165 4563 2295 4627 λος.
2349 4560 2618 4631 Λάὸωμεν
2656 4559 2845 4631 ἱλαρὰν
2886 4559 3157 4614 πολιτείαν
3195 4559 3272 4621 ὡς
3315 4559 3488 4631 κλάδη
3530 4560 3758 4623 ἐλαιῶν,

2173 4652 2281 4707 Τοῦ
2315 4651 2592 4719 ἰλσρῦναι
2633 4652 2700 4718 τὸ
2741 4653 3067 4720 πρόσωπον
3111 4650 3281 4722 ἡμῶν
3318 4651 3523 4719 ἐλαίῳ,
3568 4651 3760 4715 καθώς

2166 4762 2329 4816 φησιν
2344 4748 2372 4800 ὁ
2394 4743 2715 4816 Ψαλμῳδόςο
2735 4744 2829 4797 καὶ
2845 4743 3025 4799 πάλιν·
3046 4746 3427 4800 Δουλεύσατε
3449 4743 3532 4810 τῷ
3552 4745 3756 4813 Κιφίῳ

2160 4840 2230 4892 ὲν
2250 4839 2620 4908 εὐφροσύνην
2644 4837 2865 4909 ἄρωμεν
2882 4837 3043 4892 πάλιν
3072 4838 3129 4892 ὲν
3142 4838 3221 4909 τῷ
3237 4836 3344 4891 ἔσω
3362 4835 3641 4909 ἀνθρώπῳ
3655 4838 3754 4908 τὴν

2160 4930 2346 5003 θεῑκὴν
2390 4931 2487 4985 καὶ
2531 4930 2909 5001 πνευματικὴν
2959 4930 3243 5001 ἐργασίαν,
3275 4928 3351 4992 ὡς
3380 4927 3447 4981 τά
3480 4927 3591 4981 τῶν
3640 4946 3756 4998 φοι-

2157 5028 2323 5081 νίκων
2350 5026 2497 5098 βάῖα,
2532 5026 2627 5079 καὶ
2662 5022 3114 5094 ἀκολουθήσωμεν
3158 5020 3613 5094 εὐχαριστοῦντες
3661 5022 3757 5073 αὐ-

2157 5118 2262 5190 τῷ’
2310 5119 2404 5172 καὶ
2438 5116 2560 5171 ἀντὶ
2607 5117 2706 5189 μὲν
2739 5116 2839 5187 τῆς
2877 5113 3218 5186 ἀσπρότητος
3658 5113 3753 5182 τὴν

2159 5212 2326 5285 ὀρθὴν
2362 5213 2457 5266 καὶ
2509 5211 2772 5282 ἀμίαντον
2806 5208 2901 5262 καὶ
2933 5206 3110 5279 ἁπλῆν
3146 5206 3359 5259 πίστιν·
3401 5204 3528 5259 ἀντὶ
3567 5205 3627 5258 δὲ
3657 5206 3750 5274 τῆς

2160 5296 2419 5378 ὀξύτητος
2466 5302 2565 5375 τὴν
2610 5300 3021 5374 ὑπομονητικὴν
3063 5300 3287 5354 ἐλπίδα*
3321 5299 3422 5370 τὴν
3451 5298 3746 5352 κεντοῦσαν

547 5461 590 5494 ⁵⁸
630 5459 829 5518 Cenes.
865 5480 1025 5525 χιιι,
1063 5464 1149 5521 ll.
1224 5466 1271 5497 ”
1307 5464 1452 5522 Psal.
1489 5483 1685 5533 Lxxnt,
1723 5468 1777 5528 9.
1855 5467 1899 5499 "
1938 5464 2064 5523 “ehi

2170 5465 2231 5523 τ’,
2268 5463 2319 5517 l.
2394 5461 2440 5493 ⁸⁸
2476 5458 2632 5533 Joan.
2669 5475 2759 5533 xy,
2791 5459 2848 5533 ᾗ.
2899 5458 2968 5533 _”
3007 5455 3386 5533 Psal.§wa1,
3421 5456 3474 5511 l.
3556 5450 3743 5511 “did.

471 5528 528 5585 9.
606 5533 648 5563 “
689 5534 823 5589 ibid.
901 5535 945 5567 ⁶²
984 5533 1130 5590 Psal.
1167 5552 1295 5604 vm,
1332 5537 1385 5592 5.
1464 5538 1508 5570 ⁵³
1546 5526 1685 5599 Luc:
1717 5526 1773 5605 ι,
1798 5538 1897 5604 52,
1935 5537 2024 5594 53.

2186 5534 2331 5591 Psal.
2370 5546 2500 5597 cm,
2537 5530 2624 5585 15.
2701 5530 2750 5561 ⁸⁸
2790 5527 2934 5585 Psal.
2972 5544 3130 5595 xcrx,
3161 5526 3215 5582 2.

545 5756 659 5833 (Ἠ)
686 5758 831 5829 Παρ⁹
865 5758 1072 5815 αὑτοῦ.
1107 5758 1283 5815 Scrih.
1326 5759 1456 5830 παρ’
1490 5760 1678 5833 αὐτῆς.

2236 5757 2347 5829 (75)
2378 5756 2753 5831 Συνὰγωμεν.
2792 5757 2953 5817 Forte
2982 5758 3296 5833 συνάξομεν.
