4022 6208
295 323 435 380 1977

1373 328 1627 386 ORATIO
1656 329 1720 384 IN
1751 329 1986 385 RAMOS
2013 328 2418 387 PALMARUM.

3392 328 3529 385 1278

296 442 392 497 καὶ
426 442 732 512 σφάζουσαν
757 443 932 499 πάντα
968 446 1223 517 λογισμὸν
1249 448 1625 520 ἐπαιρόμενον,
1657 451 1859 520 αἰχμα-

1975 452 2168 504 Lionem
2229 465 2449 504 omnem
2499 447 2846 504 extollentem
2903 463 2963 503 se
2985 447 3052 512 “,
3109 454 3168 502 ut
3220 461 3320 501 nos
3369 459 3400 498 a
3436 443 3530 500 Dei

295 534 564 589 λωτεῢσαι
597 535 744 604 ἡμᾶς
774 535 881 590 ἀπὸ
906 537 1003 608 τῆς
1029 538 1280 607 γνώσεως
1305 539 1400 594 τοῦ
1430 539 1592 593 Θεοῦ·
1627 543 1719 594 καὶ
1749 543 1868 594 ἀντὶ

295 628 396 698 τῆς
416 625 753 698 γλυκύτητος
798 628 890 681 τοῦ
933 630 1171 698 φοίνικος
1207 631 1306 703 τὴν
1343 631 1599 700 γλυκεῖαν
1625 631 1877 704 ἀγάπην,

295 717 394 788 τὴν
437 720 836 790 συνισταμένην
875 721 938 774 ὲκ
979 722 1086 776 τῶν
1141 723 1556 794 προρρηθέντων
1613 724 1866 788 πίστεως,

297 811 393 865 καὶ
431 811 672 876 ἐλπίδος,
715 815 808 866 καὶ
839 814 944 866 τῶν
985 814 1206 881 λοιπῶν,
1235 816 1322 868 ἵνα
1368 813 1624 888 πληρωθῇ
1649 817 1706 868 ὲν
1738 817 1869 886 ἡμῖν

297 900 358 958 τὸ
385 901 550 971 ῥηθέν
567 919 580 933 '
608 903 841 967 Δίκαιος
859 903 938 967 ὠς
958 903 1156 971 φοίνιξ
1181 898 1430 968 ἀνθήσει
1447 919 1460 931 ·
1489 902 1628 955 ὡσεὶ
1661 901 1870 969 κέδρος

235 1029 241 1036 -
299 991 338 1058 ἠ
476 991 558 1058 τῷ
589 991 816 1059 Λιϐάνῳ
839 993 1342 1058 πληθυνθήσεται.
1393 991 1869 1062 Ἀκολουθήσωμεν

303 1083 453 1154 αὐτῷ
485 1086 564 1147 είς
578 1085 676 1155 τὴν
701 1085 858 1152 ἁγίαν
889 1085 1040 1136 πόλιν
1059 1103 1072 1113 ·
1097 1083 1422 1154 εἰσέλθωμεν
1442 1083 1557 1152 μετ’
1598 1082 1762 1136 αὑτοῦ
1787 1082 1866 1144 είς

303 1176 542 1247 τὸίερδν,
570 1176 657 1230 ἵνα
679 1176 776 1239 τὰς
807 1176 1082 1247 τραπέζας
1109 1175 1216 1228 τῶν
1253 1178 1308 1229 ὲν
1337 1177 1468 1246 ἡμῖν
1508 1173 1868 1228 κολλυϐιστῶν

306 1266 678 1338 καταστρέψῃ,
717 1268 810 1320 καὶ
850 1269 974 1330 τοὺς
1000 1267 1256 1338 δαίμονας
1282 1269 1408 1330 τοὺς
1446 1266 1754 1330 πωλοῦντας
1773 1265 1871 1329 τὰς

307 1357 654 1428 περιστερὰς,
672 1359 797 1420 τοὺς
815 1358 873 1409 ὲν
890 1357 1064 1430 πλάνῃ
1081 1358 1407 1426 πετομένους
1427 1357 1873 1426 λογισμοὺς,ἀπο-

304 1448 470 1520 διώξῃ
507 1450 598 1517 ἀφ’
627 1448 782 1519 ήμῶν
801 1449 937 1519 μετὰ
971 1438 1183 1502 πάντων
1201 1448 1312 1500 τῶν
1333 1447 1650 1504 πωλούντων
1668 1449 1724 1499 ὲν
1741 1449 1871 1517 ἡμῖν

306 1542 403 1594 καὶ
433 1539 810 1610 ἁγοραζόντων
829 1557 845 1572 ο
875 1541 968 1594 καὶ
998 1541 1116 1594 ἀντὶ
1149 1539 1409 1610 σπηλαίου
1437 1539 1646 1610 λῃστῶν
1671 1541 1872 1610 ποιήσῃ

303 1633 453 1702 ἡμᾶς
478 1630 619 1685 κατὰ
655 1631 744 1684 τὸν
771 1632 994 1700 ἀρχαῖον
1029 1630 1170 1702 ἱερὸν
1215 1629 1334 1684 ναὸν
1366 1630 1538 1698 ἅγιον,
1568 1633 1624 1683 ὲν
1659 1623 1703 1697 ᾧ
1738 1633 1876 1684 οἰκεῖ

305 1723 401 1776 καὶ
440 1725 730 1794 περιπατεῖ
773 1721 1038 1792 Χριστός⁹
1060 1723 1146 1775 ἴνα
1179 1724 1290 1784 τοῖς
1317 1721 1533 1790 τυφλοῖς
1577 1721 1731 1792 ἡμῶν
1761 1720 1875 1790 φῶς

1971 544 2198 598 scientia
2249 543 2653 612 captivetzpro
2707 542 2899 611 palma:
2943 539 3159 595 demum
3211 538 3528 602 dulcedine,

1969 634 2183 690 dulcem
2222 634 2569 700 charitatem,
2613 649 2734 704 qua:
2778 649 2844 686 ex
2878 632 3136 702 praefatis,
3169 631 3295 695 ﬁde,
3343 646 3437 700 spe
3468 645 3534 685 ac

1971 726 2194 796 reliquis
2227 734 2466 788 constat,
2516 733 2574 779 ut
2616 726 2671 779 in
2727 724 2886 778 nobis
2921 723 3208 792 impleatur
3265 721 3408 791 quod
3449 720 3536 774 di-

1970 825 2117 872 ctum
2139 826 2222 872 est
2250 835 2263 870 :
2289 817 2478 871 Justus
2499 827 2554 870 ut
2581 817 2760 887 palma
2781 815 3024 884 ﬂorebit;
3046 815 3178 868 sicut
3207 813 3391 866 cedrus
3419 828 3535 882 qua:

1970 909 2026 961 in
2057 908 2256 963 Libano
2283 918 2382 975 est,
2414 910 2852 979 multiplicabitur
2873 910 2939 964 ⁸⁷.
2974 907 3278 977 Sequamur
3314 911 3534 960 euntem

1971 1002 2025 1055 in
2057 1009 2302 1056 sanctam
2335 1001 2612 1055 civitatem
2643 1019 2655 1054 :
2680 1001 3052 1070 ingrediamur
3077 1013 3199 1053 cum
3227 1012 3291 1052 eo
3316 998 3370 1049 in
3396 1003 3536 1049 tem-

1971 1092 2144 1162 plum,
2171 1101 2230 1145 ut
2262 1093 2315 1146 in
2349 1092 2508 1146 nobis
2542 1109 2759 1149 mensas
2788 1091 3274 1146 nummulariorum
3306 1087 3536 1143 subver-

1971 1190 2049 1236 tat
2066 1183 2146 1247 ⁸⁸,
2208 1198 2272 1238 ac
2331 1182 2608 1239 daemones
2651 1184 2948 1239 vendentes
2995 1182 3538 1250 columbasmempe

1973 1273 2331 1342 cogitationes
2371 1273 2426 1326 in
2455 1287 2642 1328 errore
2672 1273 2937 1338 volantes,
2980 1287 3103 1326 cum
3148 1270 3400 1325 omnibus
3441 1267 3537 1338 qui

1973 1366 2029 1420 in
2077 1366 2236 1420 nobis
2267 1374 2457 1420 emunt
2491 1365 2860 1435 venduntque,
2896 1380 2925 1418 a
2961 1364 3119 1418 nobis
3169 1363 3442 1433 expellat,
3473 1374 3538 1414 ac

1974 1471 2074 1524 pro
2103 1455 2360 1524 spelunca
2407 1455 2702 1520 latronum,
2739 1469 2954 1508 sacrum
2988 1468 3088 1507 nos
3130 1454 3408 1522 templum,
3459 1451 3537 1504 uti

1977 1550 2260 1617 antiquum
2285 1547 2440 1612 illud,
2471 1547 2524 1601 in
2547 1563 2655 1617 quo
2678 1546 2931 1601 Christus
2956 1544 3161 1598 habitet
3191 1559 3253 1596 ac
3275 1542 3538 1596 deambu-

1976 1638 2072 1700 let,
2109 1637 2307 1703 faciat;
2357 1653 2465 1708 quo
2492 1638 2648 1693 caecis
2698 1637 2903 1692 nostris
2937 1635 3199 1705 largiatur
3231 1635 3428 1696 visum,
3476 1647 3540 1686 ac

1979 1725 2176 1780 surdos
2213 1725 2374 1779 faciat
2407 1727 2616 1790 audire,
2672 1733 2727 1780 et
2772 1725 3052 1778 ambulare
3099 1722 3347 1782 claudos.
3395 1736 3541 1775 mor-

307 1815 615 1886 χαρίσηται,
663 1813 755 1867 καὶ
805 1815 930 1877 τοὺς
981 1814 1195 1882 κωφοὺς
1248 1815 1445 1885 ποιήσῃ
1493 1811 1742 1877 ἀκοῦσαι,
1781 1813 1872 1866 καὶ

1980 1825 2212 1886 tuosque
2245 1831 2369 1872 cum
2402 1816 2608 1872 Lazaro
2645 1817 2956 1872 resuscitet.
2993 1814 3091 1869 Ubi
3124 1815 3268 1868 enim
3309 1813 3415 1866 vita
3447 1813 3542 1866 ha-

306 1907 433 1969 τοὺς
457 1905 660 1975 χωλοὺς
685 1906 1072 1975 περιπατῆσαι,
1097 1906 1188 1958 καὶ
1212 1904 1338 1967 τοὺς
1365 1904 1590 1974 νεκροὺς
1614 1903 1753 1974 μετὰ
1773 1904 1877 1966 Λα-

306 1981 478 2066 ζάρου
515 1996 720 2066 ἐγείρῃ.
761 1996 932 2049 Ὅπου
967 1994 1074 2066 γὰρ
1101 1996 1243 2048 οἰκεῖ
1269 1994 1402 2066 ζωὴ,
1437 1997 1552 2048 ἐκεῖ
1583 1993 1875 2058 ἀνάστασίς

309 2084 484 2136 ἐστιν·
529 2083 613 2135 ἵνα
653 2083 792 2152 μετὰ
833 2085 1106 2156 Λαζάρου,
1141 2085 1233 2138 καὶ
1270 2084 1377 2137 τῶν
1411 2084 1580 2155 ὄχλων
1624 2086 1718 2139 καὶ
1766 2084 1875 2139 τῶν

312 2169 568 2240 μαθητῶν
615 2171 802 2234 αὑτοῦ,
840 2173 979 2242 μετὰ
1016 2174 1222 2243 νηπίων
1255 2174 1345 2227 καὶ
1391 2173 1750 2244 θηλαζόντων,
1783 2174 1876 2227 καὶ

311 2263 447 2332 μετὰ
463 2261 567 2315 τῶν
584 2263 750 2330 ἁγίων
768 2264 1010 2332 ἀγγέλων
1029 2264 1317 2335 κράξωμεν
1335 2264 1562 2334 βοῶντες
1577 2282 1591 2296 ·
1620 2265 1878 2320 Ὡσαννὰ

306 2353 376 2407 ἐν
409 2353 530 2418 τοῖς
564 2355 847 2422 ὑψίστοις
868 2371 880 2383 ·
911 2355 1328 2424 Εὐλογημένος
1376 2358 1408 2408 ὁ
1448 2356 1767 2424 ἐρχόμενος
1807 2357 1877 2410 ἐν

308 2444 549 2512 ὀνόματι
578 2446 826 2513 Κυρίουσ
856 2445 1086 2516 Χριστὸς
1107 2445 1310 2516 Κύριος
1349 2446 1441 2498 καὶ
1474 2447 1502 2498 ὁ
1531 2445 1662 2509 Θεὸς
1694 2448 1871 2517 ἡμῶν,

308 2533 655 2598 όβασιλεὺς
691 2535 808 2588 τῶν
839 2535 1084 2602 αἰώνων.
1113 2535 1269 2605 Αὐτῷ
1295 2534 1442 2601 δόξα,
1477 2536 1634 2606 τιμὴ,
1675 2539 1875 2608 κράτος

1979 1907 2138 1970 bitat,
2178 1906 2250 1962 ibi
2277 1908 2612 1961 resurrectio
2643 1916 2727 1961 est
2756 1925 2768 1959 :
2805 1913 2862 1958 ut
2887 1920 3010 1959 cum
3045 1903 3252 1957 Lazaro
3283 1910 3336 1957 et
3366 1903 3542 1958 turbis

1979 2013 2044 2051 ac
2082 1997 2368 2068 discipulis
2415 1997 2557 2065 ejus,
2605 2010 2838 2064 cumque
2881 1993 3179 2048 infantibus
3223 2007 3288 2046 ac
3341 1991 3543 2062 angelis

1980 2089 2186 2144 sanctis
2220 2089 2518 2144 clamemus
2546 2087 2790 2142 dicentes
2817 2106 2830 2140 :
2861 2085 3116 2141 Hosnnna
3149 2087 3204 2139 in
3231 2084 3544 2139 altissimis:

1981 2179 2288 2233 Benedictus
2329 2181 2420 2250 qui
2465 2181 2595 2234 venit
2638 2181 2690 2233 in
2735 2179 2941 2232 nomine
2990 2177 3205 2232 Domini
3242 2193 3254 2230 :
3292 2175 3546 2232 Christus

1984 2267 2246 2325 Dominus
2289 2278 2343 2324 et
2388 2270 2532 2326 Deus
2578 2280 2792 2336 noster,
2842 2285 2932 2323 rex
2996 2267 3398 2323 saeculorum”.
3437 2266 3546 2335 Ipsi

1982 2362 2175 2432 gloria,
2208 2363 2402 2429 honor,
2446 2373 2687 2434 potestas
2731 2371 2785 2418 et
2829 2363 3095 2424 adoratio,
3143 2375 3267 2414 cum
3298 2357 3458 2412 Patre
3490 2365 3546 2409 et

1985 2451 2194 2524 Spiritu
2241 2463 2454 2519 sancto,
2488 2472 2636 2510 nunc
2664 2464 2719 2510 et
2764 2469 2999 2525 semper,
3029 2462 3083 2507 et
3119 2451 3174 2506 iu
3209 2451 3407 2506 saecula
3445 2463 3547 2502 sae-

1979 2546 2247 2602 culorum.
2281 2547 2475 2603 Amen.

309 2627 404 2681 καί
434 2628 822 2698 προσκύνησις,
861 2630 977 2700 ἅμα
1017 2629 1093 2700 τῷ
1125 2629 1301 2701 Πατρὶ
1339 2627 1434 2682 καὶ
1460 2627 1538 2700 τῷ
1572 2629 1711 2702 ἁγίῳ
1743 2632 2042 2706 Πνεῦματι,
2080 2640 2176 2696 νῦν
2207 2641 2300 2695 καὶ
2329 2641 2438 2707 ἀεὶ,
2477 2641 2572 2695 καὶ
2638 2643 2718 2705 εἰς
2749 2641 2872 2704 τοὺς
2903 2639 3101 2702 αἰῶνας
3135 2636 3245 2692 τῶν
3315 2633 3543 2690 αίὼνων.

323 2722 378 2775 Ἀ
387 2720 514 2789 μήν.
557 2771 560 2774 .

387 2917 433 2949 ⁸⁸
471 2915 513 2971 II
543 2917 671 2973 Cor.
702 2931 776 2986 ι,
808 2919 862 2975 5.
938 2921 958 2951 ⁸
1020 2919 1165 2976 Psal.
1200 2935 1320 2987 xei,
1355 2921 1443 2978 I3.
1519 2920 1565 2954 “
1602 2918 1790 2977 Matth.
1823 2939 1872 2976 ιι

1986 2922 2075 2980 I2.
2151 2924 2196 2956 "
2233 2922 2254 2976 I
2294 2922 2436 2982 Tim.
2471 2939 2512 2991 I,
2549 2924 2636 2978 Π.

333 3121 3542 3172 Μ

1475 3319 1612 3360 ANNO
1646 3319 1832 3359 DOIINI
1872 3314 2374 3362 οοοιιν-οοοωιιν.

422 3525 1362 3759 MARCELLUS
1468 3528 2429 3896 ANCYIIANUS
2539 3531 3430 3764 IlPISCOPIlS

1588 3979 2276 4134 DIATRIBA

1271 4262 1377 4322 DE
1419 4262 1669 4324 CAUSA
1718 4264 2126 4327 MARCELLI
2171 4265 2581 4328 ANCYRANI

1325 4425 1710 4486 (Mammeom.
1748 4424 1970 4477 Biblioth.
1991 4440 2113 4477 nova
2136 4429 2359 4489 Patrum,
2402 4429 2439 4489 l,
2465 4427 2548 4491 ιι.)

1399 4727 1796 4784 PROCEMIUM
1833 4728 1922 4783 ΕΤ
1968 4727 2218 4784 DIVISIO
2254 4727 2518 4787 OPERIS.

388 4879 464 4934 De
493 4875 735 4932 Marcelli
760 4875 1035 4949 Ancyrani
1059 4873 1334 4939 doctrina,
1364 4876 1465 4931 etsi
1497 4877 1566 4930 ab
1590 4877 1708 4946 ipso
1736 4876 1978 4933 Marcelli
2015 4893 2133 4933 avo
2161 4875 2230 4931 ad
2262 4877 2367 4932 hoc
2400 4891 2576 4947 usque
2611 4882 2828 4947 tempus
2849 4875 2916 4931 ab
2954 4876 3262 4948 insignibus
3293 4879 3426 4935 viris
3446 4879 3560 4938 dis-

319 4985 589 5046 ceptatum
628 4975 719 5037 sit,
770 4989 859 5029 res
897 4980 1078 5027 tamen
1120 4971 1300 5026 adhuc
1330 4971 1384 5025 in
1416 4971 1640 5041 ancipiti
1665 4983 1846 5026 manet
1885 4991 1899 5027 :
1933 4975 2023 5028 alii
2053 4989 2290 5044 namque
2336 4973 2492 5028 illum
2528 4982 2802 5029 temerata:
2850 4973 2969 5028 ﬁdei
3014 4990 3165 5030 reum
3207 4983 3409 5045 agunt,
3465 4978 3558 5031 alii

321 5082 378 5125 ut
401 5081 558 5126 recte:
586 5069 710 5125 ﬁdei
744 5067 1018 5124 vindicem
1047 5067 1496 5146 defendunt,alii
1525 5068 1846 5138 quaestionis
1875 5067 2200 5123 difﬁcultate
2239 5067 2510 5132 deterriti,
2542 5047 2677 5122 non.
2695 5068 2894 5123 audent
2933 5069 2990 5122 in
3037 5069 3304 5126 utramvis
3351 5078 3559 5138 partem

320 5167 465 5222 ferre
487 5166 777 5235 judicium.
809 5165 888 5218 Ad
921 5173 1228 5234 postremos
1250 5173 1431 5218 autem
1474 5164 1858 5219 incunctanter
1891 5165 2231 5230 accederem,
2251 5165 2360 5218 nisi
2391 5180 2455 5218 ex
2488 5180 2573 5227 eo,
2612 5163 2759 5234 quod
2807 5165 2920 5234 jam
2972 5165 3205 5235 primum
3231 5167 3557 5235 publicatur,

318 5259 591 5329 opusculo
622 5275 763 5314 nova
797 5258 1164 5314 Marcellianis
1187 5259 1354 5313 rebus
1381 5258 1469 5311 lux
1509 5257 1771 5312 oriretur.
1805 5257 1979 5326 Hujus
2009 5257 2345 5311 adminiculo
2376 5272 2487 5312 non
2521 5259 2640 5312 sine
2671 5272 2768 5326 spe
2797 5257 3116 5321 enodandaa,
3157 5259 3210 5311 in
3247 5257 3432 5312 multis
3451 5259 3561 5311 sal-

320 5358 452 5412 tem,
485 5352 563 5406 rei
593 5351 864 5405 hactenus
901 5349 1169 5420 perplexze
1198 5356 1252 5402 et
1279 5347 1570 5413 intricatm,
1605 5346 1733 5399 huic
1761 5343 2017 5400 Diatribae
2040 5361 2263 5399 manum
2297 5346 2674 5408 admovemus,
2703 5352 2982 5414 totamque
3009 5345 3122 5398 haec
3150 5345 3206 5399 in
3238 5347 3420 5415 capita
3443 5345 3559 5400 disc

320 5441 632 5498 tribuimus.
679 5441 842 5496 Praeit
875 5440 1283 5509 compendiaria
1307 5439 1376 5495 de
1411 5439 1524 5493 vita
1563 5439 1802 5516 Marcelli
1829 5437 2108 5502 narratio;
2141 5438 2269 5491 hinc
2292 5437 2619 5508 exquiritur,
2643 5438 2736 5507 qui
2766 5437 2928 5491 fuerit
2960 5438 3048 5492 ille
3083 5436 3338 5493 Marcello
3360 5440 3561 5494 ascris-

325 5541 450 5602 ptus
476 5549 665 5599 error;
720 5542 833 5587 tum
862 5547 930 5586 an
962 5533 1017 5585 in
1051 5531 1170 5599 ejus
1217 5539 1414 5586 contra
1442 5532 1720 5587 Asterium
1754 5531 1896 5585 libro
1930 5529 2266 5600 deprehendi
2291 5529 2560 5598 potuerit;
2611 5529 2807 5589 deinde
2840 5543 2969 5582 num
3008 5544 3250 5584 errorem
3304 5531 3454 5585 illum
3504 5532 3560 5586 in

321 5625 560 5680 decursu
593 5626 716 5680 vita:
741 5625 908 5680 verbo
931 5624 1016 5677 vel
1044 5625 1252 5693 scripto
1275 5622 1596 5688 tradiderit;
1619 5623 1856 5692 itemque
1880 5638 1947 5677 an
1981 5623 2050 5678 ab
2066 5622 2365 5676 Athanasio
2388 5636 2417 5674 a
2433 5621 2824 5676 communione
2845 5621 3094 5688 remotus
3123 5621 3321 5689 fuerit;
3343 5622 3560 5682 demum

323 5717 504 5788 agitur
532 5729 599 5775 de
631 5717 872 5773 Marcelli
900 5726 952 5772 et
973 5716 1229 5774 Ecclesia:
1260 5715 1564 5782 Aucyrana:
1591 5713 1658 5769 ad
1689 5712 2048 5776 Athanasium
2082 5713 2370 5780 legatione,
2408 5726 2570 5780 quam
2614 5727 2758 5766 nunc
2795 5713 3029 5775 primum
3065 5713 3302 5770 edimus.
