3984 6212
465 300 602 357 122⁷9
1311 353 1322 362 .

971 418 1201 474 CAPUT
1236 421 1527 480 PRIMUM.

608 568 1006 610 COIPENDIARIA
1036 573 1102 611 DE
1135 575 1259 612 \‘lTA
1297 576 1562 616 HABCELLI
1592 579 1884 619 NARBATlO.

532 682 637 748 Qui
669 697 815 738 anno
845 684 951 738 574
986 687 1178 740 saltem
1208 691 1559 746 centenarius
1587 707 1618 747 e
1650 693 1793 749 vivis
1835 708 2032 749 exces-

463 774 556 836 sit,
588 774 901 841 Marcellus,
929 793 1074 833 anno
1097 781 1319 836 circiter
1350 783 1477 845 274,
1517 785 1815 840 Aureliano
1850 801 2030 840 rerum

462 864 726 933 potiente,
772 877 936 923 natus
973 875 1044 924 sit
1075 878 1313 940 Oportet,
1351 873 1541 928 eodem
1575 873 1746 930 ferme
1787 882 2032 946 tempore

463 973 573 1026 quo
605 956 810 1014 Paulus
859 959 1280 1027 Samosatenus,
1333 965 1494 1034 cujus
1540 965 1770 1022 haaresin
1820 975 2034 1022 restau-

461 1065 618 1107 rasse
649 1051 826 1106 fertur
852 1053 1162 1118 Marcellus,
1189 1055 1528 1112 Antiochena
1561 1059 1690 1113 sede
1713 1060 1905 1128 pulsus
1924 1068 2028 1116 est.

460 1140 600 1196 Ante
629 1157 835 1196 annum
851 1144 954 1198 3H
975 1145 1030 1198 in
1052 1144 1401 1216 Ancyranum
1422 1147 1737 1218 episcopum
1765 1147 2028 1215 adlectus,

461 1234 764 1304 Ancyrana:
789 1235 1001 1305 synodo
1029 1236 1218 1292 eodem
1252 1254 1398 1293 anno
1431 1240 1720 1295 celebrata:
1752 1241 2028 1298 interfuit.

460 1322 598 1377 Hine
623 1325 677 1378 in
709 1323 928 1380 Nicaana
963 1327 1175 1397 synodo
1204 1328 1258 1382 in
1281 1329 1471 1383 Arium
1500 1339 1554 1385 et
1573 1332 1818 1388 asseclas
1831 1333 2035 1388 acriter

460 1417 729 1479 invectus.
771 1433 959 1472 eorum
995 1419 1048 1472 in
1091 1436 1151 1475 se
1198 1421 1556 1476 inflammavit
1603 1423 1750 1477 odia.
1783 1423 2033 1479 Excitata

457 1524 586 1564 vero
621 1510 893 1564 oissensio
923 1512 978 1566 in
1001 1521 1249 1581 apertum
1278 1514 1480 1568 bellum
1511 1516 1714 1583 erupit,
1735 1532 1857 1570 cum
1877 1518 2033 1571 Aste-

457 1602 542 1658 rio
569 1604 813 1672 sophista
845 1605 1178 1658 Arianorum
1209 1605 1429 1661 vindice
1462 1607 1515 1661 in
1545 1607 1693 1662 edito
1710 1609 1778 1662 ab
1806 1624 1865 1664 se
1890 1609 2032 1663 libro

455 1696 780 1750 catholicam
800 1696 954 1750 ﬁdem
969 1707 1336 1768 oppugnante,
1355 1699 1852 1770 Marcellusinsigni
1869 1716 2032 1770 opere

455 1787 731 1842 Asterium
771 1787 1017 1852 adortus,
1055 1787 1384 1846 Arianorum
1426 1782 1806 1863 primipilares'
1837 1809 2030 1848 omnes

455 1879 773 1946 exagitavit.
806 1877 931 1934 Haec
957 1881 1222 1952 princeps
1253 1897 1419 1938 causa
1450 1883 1679 1946 irarum,
1701 1884 1753 1936 hi
1781 1885 1908 1938 saevi
1940 1883 2031 1938 do-

462 1967 609 2024 lores
638 1971 992 2036 Arianorum,
1024 1972 1120 2041 qui
1148 1973 1344 2028 exinde
1373 1973 1666 2029 classicum
1713 1974 1769 2028 in
1802 1974 2030 2029 Marcel-

457 2059 566 2115 lum
600 2069 886 2124 canentes,
917 2078 1041 2117 eum
1080 2071 1133 2118 et
1164 2064 1386 2133 scriptis
1413 2073 1468 2118 et
1498 2065 1869 2120 molimiuibus
1899 2073 2030 2120 sunt

457 2153 724 2224 aggressi.
777 2152 1057 2223 Siquidem
1111 2155 1442 2211 ulciscendae
1480 2155 1699 2225 injuriae
1749 2157 2025 2226 cupidine,

457 2246 633 2312 primo
669 2243 1086 2317 Jerosolymam,
1122 2256 1258 2302 teste
1283 2245 1527 2310 Socrate,
1555 2248 1869 2305 Marcellum
1894 2264 2028 2303 evo-

457 2340 606 2394 cant,
643 2349 865 2389 causam
897 2335 1210 2404 dicturum;
1243 2337 1439 2392 deinde
1470 2353 1600 2393 vero
1643 2337 2029 2393 Constantino-

457 2426 604 2496 polin
649 2437 962 2492 accersunt,
1024 2429 1467 2502 abnuentemque
1517 2431 1734 2500 ejurare
1774 2431 2026 2495 liaaresin,

461 2533 623 2587 quam
655 2517 710 2572 in
737 2521 875 2573 libro
916 2520 1036 2590 ejus
1066 2521 1245 2599 etierri
1277 2525 1698 2584 contendebant.
1736 2526 1906 2595 gradu
1933 2526 2030 2579 de-

455 2609 671 2679 jiciunt,
702 2611 914 2680 ipsique
957 2611 1217 2666 Basilium
1248 2614 1726 2684 subrogant.lliuc
1757 2613 2028 2670 Eusebius

455 2700 810 2758 Ctesariensis
859 2705 1076 2760 duobus
1125 2714 1316 2760 contra
1365 2706 1681 2761 Marcellum
1730 2709 1885 2763 libris
1928 2708 2028 2760 tri-

456 2794 666 2864 busque
689 2795 814 2851 aliis
846 2797 998 2849 vario
1026 2797 1186 2850 titulo
1217 2798 1546 2852 Arianorum
1569 2815 1656 2854 res
1685 2800 1979 2853 vindicavit
2009 2818 2022 2854 :

458 2896 625 2957 atque
649 2887 722 2940 ita
749 2888 1062 2960 gregalibus
1092 2889 1208 2944 suis
1242 2890 1422 2943 oblata
1448 2891 1679 2944 crimina
1705 2891 1934 2960 depulit,
1969 2899 2027 2945 ut

456 2995 516 3034 se
547 2978 662 3048 ipse
690 2959 939 3046 proderet
973 2979 1259 3034 Arianum.
1290 2979 1427 3034 Tum
1447 2981 1645 3036 ibidem
1677 2959 1866 3035 contra
1885 2982 2029 3036 Mar-

457 3071 653 3124 cellum
685 3085 798 3125 rem
843 3079 1064 3126 strenue
1093 3072 1282 3142 gessit,
1321 3089 1482 3143 quem
1509 3074 1719 3128 violata
1747 3089 1894 3129 sana:
1924 3075 2027 3130 do-

457 3163 648 3215 ctrina:
683 3175 836 3214 reum
873 3161 984 3230 egit
1017 3180 1030 3216 :
1064 3176 1128 3216 ac
1159 3162 1446 3218 instaurati
1478 3164 1726 3218 Pauliani
1755 3175 1809 3219 et
1846 3163 2030 3219 Sabel-

457 3252 591 3306 liani
625 3253 832 3306 erroris
859 3254 1160 3306 accusavit.
1195 3253 1308 3308 Hac
1336 3262 1518 3310 autem
1560 3256 1612 3308 in
1650 3271 1708 3311 re
1734 3272 1842 3310 non
1872 3273 2029 3328 pror-

457 3359 555 3400 sus
584 3344 825 3399 infausto
859 3352 1061 3398 conatu
1094 3344 1412 3401 Marcellum
1433 3347 1657 3403 adortus
1683 3359 1758 3402 est
1791 3368 1803 3403 :
1836 3348 2030 3404 exinde

460 3451 703 3505 namque
733 3451 841 3490 non
873 3437 1034 3490 modo
1064 3437 1282 3492 Arianis
1317 3439 1559 3502 invisus,
1603 3443 1697 3493 sed
1730 3442 1890 3495 etiam
1926 3442 2030 3495 Ca-

459 3525 788 3580 tholicorum
832 3527 1019 3581 multis
1054 3538 1345 3597 suspectus
1374 3545 1496 3584 esse
1525 3531 1709 3600 cccpit.

533 3616 649 3673 Sub
677 3618 793 3672 hac
822 3617 1082 3674 defuncto
1110 3619 1493 3687 Constantino,
1521 3637 1644 3676 cuni
1679 3623 1801 3677 aliis
1828 3624 2029 3678 exsuli-

462 3710 565 3766 bus
590 3709 880 3765 Marcellus
906 3710 1019 3764 sedi
1052 3713 1360 3778 restitutus,
1396 3729 1504 3767 non
1541 3715 1660 3769 sine
1702 3715 1936 3769 tumultu
1968 3732 2032 3770 ac

462 3802 706 3857 caedibus
755 3803 936 3857 locum
986 3804 1221 3871 repetiit.
1279 3803 1389 3858 Nec
1429 3805 1521 3860 diu
1567 3814 1755 3876 postea
1795 3809 2030 3862 extorris

461 3896 640 3949 denuo
674 3893 873 3958 factus,
919 3895 985 3948 ad
1019 3893 1224 3949 .iulium
1265 3911 1457 3966 papam
1504 3905 1782 3967 receptum
1819 3899 2028 3954 habuit.

462 3986 537 4041 lbi
567 3986 739 4041 ﬁdens
771 3985 1113 4042 adversarios
1144 3995 1404 4057 provocat
1442 3989 1507 4042 ad
1552 3988 1842 4059 judicium,
1867 3990 2031 4046 Julio

465 4077 584 4131 ﬁdei
617 4092 730 4131 suae
760 4077 1046 4132 formulam
1076 4079 1253 4145 θεῖοι-ι,
1287 4080 1456 4144 nullo,
1484 4091 1542 4134 ut
1564 4084 1784 4151 planum
1805 4093 1908 4148 cst,
1944 4085 2029 4137 vi-

463 4169 540 4222 tio
573 4170 908 4223 laborantem
945 4190 956 4225 :
997 4187 1156 4251 suum
1197 4180 1387 4226 contra
1407 4173 1681 4227 Asterium
1705 4177 1900 4230 librum
1936 4177 2034 4233 de-

462 4259 656 4323 fendit,
693 4269 919 4316 truncas
959 4263 1262 4318 sententias
1311 4263 1380 4316 ab
1432 4262 1758 4320 Eusebianis
1803 4283 2028 4336 pravum

463 4351 521 4404 in
547 4365 767 4405 sensum
783 4351 1049 4414 detortas,
1069 4352 1429 4406 adulteratam
1447 4354 1736 4408 verborum
1757 4357 1954 4412 seriem
1973 4360 2026 4410 in

1722 311 1811 366 DE
1857 312 2012 367 VlTA
2051 312 2138 369 ET
2175 313 2484 368 SCRIPTIS

2067 438 2108 494 Α
2141 430 2304 485 nibus
2337 427 2641 484 secundum
2674 425 2980 481 uaereticam
3005 425 3335 480 sententiam
3362 425 3702 495 explicaret;

3571 310 3697 365 19.30

2135 522 2250 576 sive
2280 523 2411 591 quia
2444 520 2712 574 Photinus
2741 519 2862 587 ejus
2884 518 3192 588 discipulus
3219 531 3407 586 parem
3455 517 3705 585 impieta—

2135 619 2265 676 tem,
2297 612 2407 666 imo
2456 610 2787 682 graviorem,
2829 609 3007 679 palam
3035 616 3089 662 et
3124 609 3178 661 in
3209 607 3458 662 Ecclesia
3497 609 3705 676 deprae-

2132 701 2360 765 dicaret,
2394 715 2502 770 qua
2527 701 2594 755 de
2618 715 2785 755 causa
2815 715 2913 754 nec
2936 699 3026 752 diu
3070 708 3257 768 postea
3287 699 3582 752 damnatus
3610 699 3705 753 de-

2133 794 2457 862 positusque
2509 801 2632 858 est;
2683 792 2811 844 hinc
2868 790 3108 844 Marcelli
3161 789 3303 843 fama
3351 791 3407 843 in
3468 789 3700 846 deterius

2131 899 2319 938 versa:
2341 885 2624 938 crescebat
2639 883 2694 936 in
2711 883 2828 937 dies
2843 882 3103 951 suspicio,
3125 882 3278 934 multi
3296 880 3694 935 Catholicomm

2133 979 2308 1047 palam
2352 977 2646 1038 hominem,
2682 984 2743 1028 ut
2782 975 3018 1030 Sabellio
3045 973 3281 1038 afﬁnem,
3318 973 3643 1028 damnabant
3678 995 3694 1030 :

2132 1084 2334 1138 resque
2367 1068 2460 1121 illo
2485 1068 2720 1123 deducta
2752 1075 2858 1132 est,
2883 1073 2942 1119 ut
2962 1067 3123 1120 etiam
3142 1065 3699 1135 Athanasio,qnicuu

2133 1160 2239 1231 ipsi
2271 1160 2536 1214 hactenus
2569 1157 2924 1214 necessitudo
2961 1167 3015 1212 et
3058 1155 3406 1211 familiaritas
3437 1160 3704 1212 interceso

2135 1259 2306 1314 serat,
2335 1260 2624 1320 suspectus
2654 1265 2776 1305 esse
2818 1249 3067 1319 coeperit.
3109 1247 3292 1317 Neque
3321 1257 3529 1310 tamen,
3573 1265 3707 1302 nar-

2131 1343 2382 1398 rantibus
2414 1343 2537 1396 licet
2563 1340 2772 1394 Hilario
2791 1351 2844 1396 et
2883 1338 3126 1409 Sulpicio
3170 1337 3390 1404 Severo,
3427 1340 3496 1393 ab
3538 1339 3709 1393 Atha-

2131 1434 2289 1489 nasio
2320 1443 2452 1488 tunc
2498 1432 2811 1496 damnatus,
2861 1439 2916 1485 et
2951 1446 2982 1483 a
3019 1431 3410 1484 communione
3458 1440 3706 1485 remotus

2134 1525 2258 1587 fuit,
2286 1534 2345 1580 ut
2382 1539 2506 1578 mox
2536 1521 3080 1578 commonstrabitur.
3102 1519 3400 1574 Postremis
3418 1521 3705 1574 Athanasii

2129 1617 2256 1672 vita:
2305 1617 2467 1670 anuis
2518 1630 2658 1670 nova
2711 1615 3068 1683 omniumque
3107 1613 3242 1666 forte
3285 1614 3614 1682 gravissima
3649 1616 3705 1669 in

2132 1705 2444 1760 Marcellum
2483 1711 2782 1773 tempestas
2810 1703 3080 1758 excitatur
3117 1720 3130 1754 :
3171 1717 3292 1756 cum
3331 1701 3570 1758 Basilius
3607 1704 3700 1758 ille

2062 1779 2103 1835 Β
2133 1797 2360 1868 Magnus
2390 1805 2444 1851 et
2468 1796 2560 1850 alii
2593 1797 2729 1850 bene
2757 1795 2914 1849 multi
2943 1793 3117 1848 coorti
3145 1802 3292 1857 sunt,
3315 1804 3368 1849 et
3385 1795 3560 1848 virum
3591 1795 3694 1848 im-

2131 1888 2350 1958 pietatis
2383 1902 2552 1942 causa
2592 1885 2962 1940 damnandum
3008 1885 3306 1954 praedicant
3334 1904 3347 1940 :
3376 1894 3494 1939 tum
3530 1886 3701 1938 Atha-

2128 1983 2287 2037 nasio
2317 1989 2573 2035 auctores
2605 1986 2754 2044 sunt,
2785 1989 2842 2033 ut
2889 1979 3164 2033 hominem
3208 1993 3238 2031 a
3281 1979 3554 2032 catholica
3597 1979 3708 2034 ﬁde

2127 2075 2362 2128 alienum
2399 2074 2466 2128 ab
2509 2073 2764 2128 Ecclesia:
2807 2072 3192 2126 communione
3220 2071 3472 2142 depellat.
3507 2071 3705 2126 Sensit

2129 2165 2420 2220 Marcellus
2457 2166 2540 2218 vir
2589 2163 2988 2218 annosissimus
3043 2171 3096 2218 et
3150 2179 3288 2232 pene
3325 2165 3704 2226 centenarius,

2124 2255 2236 2325 jam
2274 2257 2578 2325 proximum
2611 2269 2735 2308 esse
2755 2262 2814 2306 ut
2839 2253 3174 2308 Athanasius
3205 2254 3461 2316 ille,olim
3484 2255 3708 2311 amicus

2127 2355 2181 2402 et
2221 2345 2566 2400 fortunarum
2608 2360 2859 2410 consors,
2924 2347 3254 2400 sententiam
3302 2346 3596 2402 adversum
3643 2362 3708 2403 se

2127 2439 2356 2504 diceret,
2388 2445 2442 2492 et
2475 2453 2598 2491 cum
2632 2438 2743 2505 jam
2785 2437 3086 2505 periculum
3114 2435 3563 2507 portenderetur,
3610 2437 3701 2492 sui

2127 2539 2180 2587 et
2201 2534 2366 2586 totius
2399 2530 2704 2601 Ancyranae
2736 2529 2992 2584 Ecclesia:
3009 2531 3226 2583 nomine
3244 2528 3550 2599 Eugenium
3579 2531 3702 2583 dia-

2127 2639 2324 2679 conum
2379 2623 2629 2692 aliosque
2688 2622 2756 2677 ad
2806 2623 3166 2678 Athanasium
3217 2633 3469 2677 oratores
3511 2623 3702 2684 mittit,

2127 2715 2590 2771 commendatitiis
2634 2715 3021 2784 episcoporum
3077 2714 3299 2768 Graeciaa
3343 2722 3401 2768 et
3441 2712 3698 2768 Macedo-

2128 2805 2250 2865 niai.
2281 2805 2610 2873 quibuscum
2640 2805 2826 2873 pacem
2849 2811 2902 2857 et
2925 2803 3238 2859 societatem
3289 2803 3501 2859 fovebat
3522 2805 3699 2857 Atha-

2126 2897 2338 2960 nasius,
2375 2895 2575 2949 litteris
2616 2896 2915 2950 instructos
2950 2913 2963 2948 :
2996 2896 3090 2964 qui
3140 2895 3368 2948 recitata
3416 2881 3703 2949 ﬁdei-sua

2129 2984 2387 3048 formula,
2427 2986 2633 3040 erroris
2672 2985 2739 3039 ab
2769 3002 2828 3040 se
2869 2994 2923 3040 et
2969 3001 3147 3056 prava:
3198 2985 3472 3056 opinionis
3513 2986 3704 3055 suspi-

2127 3071 2340 3127 cionem
2373 3072 2712 3126 dimoverent
2749 3090 2775 3126 :-
2795 3072 2925 3139 quia
2953 3087 3086 3126 vero
3123 3072 3236 3126 haec
3273 3071 3389 3126 ﬁdei
3420 3071 3704 3140 professio

2130 3163 2184 3216 in
2212 3163 2469 3217 omnibus
2503 3163 2621 3218 suis
2653 3163 2897 3233 partibus
2926 3163 3190 3219 catholica
3221 3174 3320 3223 est,
3365 3165 3696 3232 ascriptam-

2129 3270 2236 3325 que
2271 3253 2527 3309 Marcello
2563 3255 2793 3309 haeresin
2828 3257 3175 3310 anathemate
3213 3255 3349 3320 ferit,
3401 3255 3465 3308 ab
3512 3254 3690 3306 Atha-

2129 3347 2286 3403 nasio
2343 3356 2398 3402 et
2445 3347 2718 3418 Egyptiis
2764 3348 3036 3418 episcopis
3083 3347 3345 3413 admissa,
3392 3363 3694 3416 eorumque

2129 3435 2402 3507 suﬁragiis
2435 3437 2643 3489 munita
2677 3443 2780 3490 est.
2816 3435 3236 3490 Hallucinantur
3267 3453 3399 3507 ergo
3426 3438 3516 3504 qui
3549 3435 3693 3489 Mar-

2129 3529 2325 3583 cellum
2383 3536 2574 3598 putant
2630 3528 2700 3581 ab
2753 3525 3052 3581 Athanasio
3105 3520 3290 3582 Basilii
3345 3529 3702 3597 instigationis

2129 3621 2469 3682 damnatum,
2495 3635 2526 3675 e
2558 3634 2790 3689 quorum
2826 3635 3054 3674 numero
3089 3618 3490 3676 Tillemontius.
3537 3618 3698 3680 Nam,

2131 3722 2190 3767 ut
2219 3716 2272 3766 in
2302 3713 2404 3765 hoc
2437 3711 2654 3782 egregio
2680 3713 2948 3782 opusculo
2979 3710 3184 3772 videas,
3217 3711 3581 3772 Athanasius,
3605 3710 3699 3778 qui

2130 3805 2388 3860 Ecclesiae
2424 3805 2727 3876 Ancyraua:
2760 3804 3072 3858 oratoribus
3097 3804 3376 3874 postulata
3417 3802 3699 3863 concedit,

2130 3911 2430 3966 eorumque
2461 3897 2581 3950 ﬁdei
2601 3896 2848 3950 formulae
2864 3895 3212 3964 astipulatur,
3239 3896 3403 3948 etiam
3425 3909 3539 3954 eas,
3559 3909 3698 3963 quas

2130 3993 2412 4054 expetunt,
2437 3986 2912 4040 commendatitias
2947 3986 3158 4039 litteras
3212 3983 3355 4038 haud
3395 3984 3558 4036 dubie
3596 3983 3697 4036 de-

2131 4077 2272 4131 derit
2310 4093 2535 4131 necesse
2562 4083 2663 4131 est.
2697 4073 2812 4130 Sub
2841 4076 2954 4128 ha>c
2994 4084 3170 4130 autem
3212 4075 3355 4129 diem
3390 4075 3518 4127 obiit
3544 4072 3690 4125 Mar-

2131 4169 2323 4230 cellus,
2353 4169 2511 4222 annis
2533 4168 2750 4221 circiter
2780 4166 2996 4222 duobus
3030 4175 3323 4236 antequam
3355 4163 3686 4234 Epiphanius

2130 4260 2198 4313 de
2226 4259 2592 4312 Marcellianis
2628 4259 2681 4311 in
2724 4257 2964 4312 Panario
3003 4259 3286 4319 scriberet,
3323 4257 3521 4310 scilicet
3541 4269 3689 4308 anno

2133 4349 2359 4402 circiter
2377 4348 2501 4404 574.
2522 4348 2677 4413 Nam,
2706 4363 2828 4402 cum
2854 4348 3190 4418 Epiphanius
3217 4347 3505 4400 Panarium
3529 4360 3691 4400 suum

461 4444 706 4497 Romana
734 4444 803 4498 50
831 4444 1213 4513 episcoporum
1259 4444 1468 4514 synodo
1502 4446 1846 4516 comprobat,
1884 4446 2027 4500 dicta
2061 4449 2106 4509 ι)
2133 4441 2204 4494 sit
2233 4455 2394 4495 orsus
2417 4455 2558 4494 anno
2591 4441 2714 4506 575,
2744 4449 2803 4493 ιιι
2835 4440 3158 4496 testiﬁcatur
3185 4440 3322 4509 ipse,
3356 4449 3411 4492 et
3435 4454 3576 4492 anno
3608 4453 3695 4492 se-

459 4543 646 4590 tuetur
687 4543 735 4590 et
773 4536 1011 4604 explicat
1046 4554 1059 4588 :
1091 4535 1418 4604 demumque
1458 4536 1525 4589 ab
1552 4535 1697 4592 .lulio
1732 4548 1785 4592 et
1816 4539 2030 4607 episco-

459 4627 545 4698 pis
577 4627 644 4681 ad
673 4627 1114 4682 communionem
1149 4633 1206 4680 ut
1236 4627 1492 4682 innoxius
1537 4628 1846 4682 admittitur
1887 4645 2030 4683 anno

461 4723 584 4777 542.
614 4723 832 4777 Arianis
872 4737 1002 4776 vero
1037 4737 1146 4774 non
1191 4720 1623 4789 quiescentibus,
1668 4721 2028 4775 detrectanti-

460 4816 672 4886 busque
712 4815 1018 4869 Romanum
1068 4812 1370 4883 judicium,
1413 4829 1595 4882 parem
1632 4815 1735 4869 sub
1779 4814 1890 4869 haec
1923 4815 2032 4869 for-

461 4914 648 4961 tunam
680 4915 935 4976 expertus
966 4913 1050 4960 est
1095 4907 1150 4959 in
1193 4904 1504 4959 Sardiccnsi
1540 4906 1749 4976 synodo
1791 4921 2033 4962 (Boume-

461 5001 583 5054 nica
619 5018 632 5052 :
668 4999 759 5052 ubi
795 5006 1080 5069 postquam
1117 5012 1338 5051 causam
1355 4997 2028 5069 dixerat,purgatusipse,

458 5091 644 5146 Ariani
693 5091 952 5160 praesules
998 5090 1240 5142 damnati
1288 5090 1743 5160 anathemateque
1781 5092 2032 5159 percussi

461 5192 607 5239 sunt.
637 5182 757 5235 Jam
787 5197 954 5250 prona
986 5181 1240 5235 Marcello
1272 5181 1453 5234 omnia
1477 5190 1636 5235 erant
1669 5200 1680 5234 :
1711 5189 1765 5235 et
1804 5191 1927 5252 post
1956 5183 2034 5238 di-

457 5283 602 5330 ctam
623 5275 920 5329 secundum
942 5275 1116 5343 ipsum
1141 5272 1356 5326 duabus
1373 5273 1426 5325 in
1443 5272 1664 5342 synodis
1681 5275 2027 5337 sententiam,

460 5385 585 5439 spes
607 5369 895 5424 videbatur
907 5383 1029 5422 esse
1050 5367 1319 5422 neminem
1338 5365 1742 5420 Catholicorum
1767 5382 2030 5421 ausurum

468 5461 612 5513 ultra
647 5460 712 5516 de
730 5461 943 5515 sincera
969 5461 1088 5530 ejus
1109 5459 1208 5513 ﬁde
1232 5459 1500 5513 dubitare.
1538 5456 1730 5511 Verum
1757 5474 1918 5514 secus
1945 5473 2032 5513 res

463 5551 629 5605 cessit
665 5568 679 5604 :
709 5567 830 5605 nam
862 5555 977 5608 sive
1011 5552 1139 5623 quia
1167 5551 1482 5613 Marcellus,
1528 5567 1648 5620 quae
1678 5551 1731 5604 iu
1763 5551 1902 5605 libro
1929 5567 2032 5606 suo

462 5643 538 5699 ita
568 5641 935 5711 adtemperate
952 5644 1233 5696 enuntiata
1251 5649 1408 5697 erant
1435 5649 1488 5693 ut
1512 5650 1739 5710 possent
1758 5640 1810 5693 in
1832 5640 2029 5693 bonam

441 5724 727 5791 'malamve
761 5742 968 5799 partem
1004 5734 1238 5800 deflecti,
1276 5734 1328 5788 in
1365 5733 1701 5804 quotidianis
1744 5731 2031 5787 fabulatio-

2131 4541 2332 4603 qucnte
2365 4532 2467 4587 ’.576
2494 4532 2560 4586 ad
2591 4532 3006 4588 Manichaeorum
3025 4533 3250 4587 liceresin
3278 4532 3528 4602 (numero
3551 4532 3696 4601 vai)

2131 4627 2432 4689 devenerit,
2479 4638 2532 4680 ut
2567 4627 2764 4681 ibidem
2804 4628 2958 4696 legis,
2995 4626 3184 4680 eodem
3222 4643 3364 4678 anno
3393 4624 3701 4678 Marcellia-

2133 4735 2328 4774 norum
2355 4719 2586 4774 haeresin
2612 4718 2861 4788 (numero
2901 4719 3070 4786 Lxxu)
3114 4718 3406 4786 scripsisse
3456 4715 3695 4777 videtur,

2132 4813 2226 4866 ubi
2260 4820 2448 4865 narrat
2481 4827 2511 4864 a
2540 4811 2756 4865 duobus
2790 4812 3016 4864 circiter
3048 4811 3207 4864 annis
3238 4809 3446 4863 obiisse
3465 4808 3699 4862 Marcel-

2133 4904 2265 4958 lum.
2299 4903 2428 4956 Erat
2460 4919 2621 4973 porro
2653 4912 2764 4956 tum
2801 4901 3110 4969 Marcellus,
3147 4910 3206 4955 ut
3247 4901 3482 4963 videtur,
3515 4911 3702 4954 cente—

2131 4997 2288 5052 nario
2313 4997 2507 5066 major,
2547 5005 2729 5066 utpote
2751 4995 2842 5065 qui
2878 4995 2988 5063 jam
3010 5010 3153 5048 anno
3170 4993 3271 5048 556
3294 5009 3483 5056 senex,
3499 5007 3700 5055 canus,

2132 5101 2185 5146 et
2218 5091 2272 5144 in
2304 5091 2619 5158 episcopatu
2652 5087 3012 5142 consenuisse
3061 5087 3276 5140 dicatur
3319 5086 3389 5140 ab
3433 5084 3698 5145 Eusebio,

2131 5184 2425 5252 itidemque
2457 5182 2524 5235 ab
2563 5181 2864 5234 Athanasio
2905 5200 2917 5235 :
2949 5196 3069 5249 quae
3105 5181 3362 5249 frequens
3400 5179 3703 5234 senectutis

2129 5274 2380 5343 repetitio
2433 5272 2792 5341 sexagenario
2844 5271 3106 5338 majorem
3153 5281 3404 5342 Spectare
3447 5277 3696 5339 putatur.

2130 5365 2259 5418 Post
2294 5365 2532 5418 Marcelli
2559 5365 2866 5429 decessum,
2903 5365 3157 5432 discipuli
3206 5364 3348 5431 ejus,
3393 5364 3700 5432 Ancyram:

2131 5457 2387 5512 Ecclesia:
2413 5457 2621 5518 clerici,
2663 5456 2726 5509 ad
2755 5457 3043 5526 episc0pos
3078 5462 3132 5508 et
3164 5453 3513 5508 coufcssores
3574 5450 3699 5503 Dio-

2131 5563 2379 5604 czcsarete
2404 5555 2627 5617 agentes
2657 5547 2933 5611 adierunt,
2977 5547 3315 5618 prolatisque
3345 5541 3699 5599 commend»

2132 5640 2267 5695 titiis
2297 5639 2601 5703 Athanasii,
2629 5655 2788 5709 quem
2810 5640 3205 5710 τρισμακάριον
3231 5644 3448 5702 vocant,
3475 5635 3697 5697 litteris,

2134 5731 2367 5801 dataque
2403 5731 2523 5788 ﬁdei
2558 5731 2788 5788 formula
2833 5732 2961 5787 huic
3000 5748 3108 5786 non
3139 5729 3396 5792 absimili,
3441 5727 3536 5782 sed
3575 5727 3704 5781 bre-
