4022 6208
321 279 454 334 1281

1555 286 1900 340 MARCELLI
1939 289 2073 338 ANJ
2086 289 2114 338 ἴ
2129 289 2308 340 ΒΑΜ.

3431 297 3568 348 HS!

320 397 485 461 viori,
519 397 923 452 communionis
959 397 1272 470 societatem
1313 403 1600 473 rogabant.
1647 419 1753 474 qua
1791 403 1892 458 im-
1921 407 1966 464 Α
1993 418 2057 455 ex
2122 405 2382 456 diametro
2440 403 2734 472 oppositam
2795 405 2922 457 Aria
2981 405 3292 473 impietatem
3341 411 3566 463 extulit.

321 495 556 559 petrata,
597 496 960 542 recesserunt.
1010 487 1346 562 Demumque
1394 491 1649 557 Basilius,
1699 494 1892 548 horum

2002 504 2155 566 atque
2185 497 2236 550 in
2285 498 2452 565 ipsam
2487 495 2754 566 Unigeniti
2788 495 3003 550 deitutis
3025 499 3383 553 exsistentiam
3415 502 3569 569 impie

318 582 569 651 exemplo
597 588 652 636 et
679 582 1012 638 auctoritate
1043 593 1247 648 motus,
1301 585 1429 641 licet
1452 601 1614 657 aegre,
1655 585 1894 641 Marcelli
1995 589 2120 658 egit,
2194 588 2441 658 Verbique
2485 589 2885 658 appellationem
2942 589 3078 641 male
3131 591 3366 658 accepit,
3417 593 3565 647 nulla

319 673 524 727 clerum
557 679 611 726 et
652 671 768 742 ipse
797 675 1169 729 communioni
1208 691 1322 730 sua:
1368 677 1679 732 restituisSe
1713 679 1892 732 credi-

317 771 428 817 tur.
461 761 537 816 En
566 765 755 832 paucis
801 771 970 818 totam
1004 766 1069 820 de
1099 765 1353 821 Marcello
1396 768 1784 822 narrationem.
1833 769 1888 824 Si

317 855 450 924 quid
474 870 604 910 vero
641 868 837 925 praeter
880 859 1156 928 vulgarem
1193 861 1530 915 eruditorum
1577 862 1886 931 opinionem

322 945 414 1000 hic
451 946 800 1001 enuntiatum
851 949 1253 1018 deprehendas,
1279 951 1334 1006 id
1364 955 1529 1008 certis
1557 953 1887 1010 testimoniis

319 1036 612 1102 asseritur,
639 1044 699 1092 ut
731 1037 784 1091 in
817 1039 1172 1108 sequentibus
1205 1041 1382 1110 palam
1410 1040 1536 1095 erit.

938 1150 1168 1206 CAPUT
1193 1151 1257 1206 ll.

487 1281 574 1328 QUI
615 1281 812 1320 FUERIT
855 1283 1030 1323 EBBOB
1068 1284 1348 1324 ΙΑιιεειιο
1391 1284 1701 1327 Δεειιιιιτυε.

311 1373 353 1428 Ι.
386 1374 462 1450 ρε
493 1376 1030 1450 Marcellisententia
1075 1383 1224 1434 varia
1269 1381 1574 1435 traduntur.
1631 1381 1694 1436 11.
1739 1383 1883 1450 Qutd

383 1446 624 1522 Basilius
660 1448 726 1522 d_e_
747 1448 1002 1522 Marcelli
1019 1467 1202 1522 errore
1228 1453 1395 1506 dicat.
1427 1451 1524 1522 ilﬁll.
1572 1453 1714 1519 Quid
1743 1446 1878 1522 'Epi-

373 1515 622 1586 pltanius.
661 1518 748 1572 IV.
791 1519 932 1585 Quid
963 1519 1396 1587 Cltrttsostomus.
1423 1521 1484 1577 V.
1529 1515 1670 1588 Quid
1705 1515 1874 1580 Theo-

377 1587 594 1642 doretus
625 1629 639 1642 .
695 1588 782 1643 Vl.
829 1591 970 1656 Quid
1032 1590 1293 1648 Eusebius
1344 1587 1713 1650 Cwsariensis.
1762 1595 1872 1651 VII.

379 1656 601 1712 Summa
631 1658 888 1714 doctrina:
923 1659 1310 1718 Marcellianw.

535 1771 575 1822 Ι.
600 1772 675 1822 De
702 1772 919 1823 Marcelli
945 1778 1193 1825 sententia
1215 1778 1339 1826 varia
1367 1779 1638 1829 traduntur.

374 1863 494 1921 Non
543 1882 772 1937 prorsus
809 1869 1128 1926 dillicultate
1154 1883 1328 1938 vacat,
1371 1891 1494 1946 qua
1545 1875 1713 1932 fuerit
1756 1878 1869 1944 illa,

303 1957 373 2015 de
402 1975 509 2031 qua
537 1959 823 2018 Marcellus
864 1963 1247 2030 accusabatur,
1278 1967 1503 2025 haeresis
1536 1973 1670 2026 :etsi
1714 1988 1874 2027 nam-

307 2067 416 2123 que
437 2052 579 2122 apud
638 2051 900 2109 Basilium
951 2065 1007 2111 et
1055 2055 1461 2114 Theodoretum
1515 2060 1874 2120 Marcelliame

308 2145 595 2201 sententiae
630 2148 811 2216 capita
845 2163 953 2202 non
994 2149 1230 2206 obscure
1281 2152 1545 2220 ferantur,
1603 2155 1871 2213 Eusebius

303 2245 509 2300 tamen,
545 2239 638 2307 qui
668 2255 789 2292 cum
809 2240 1004 2310 aequali
1035 2257 1136 2296 suo
1163 2243 1526 2315 disceptabat,
1573 2249 1776 2320 quique
1804 2266 1871 2306 ex

300 2326 441 2381 libro
469 2326 708 2383 Marcelli
742 2330 960 2401 singula
983 2333 1274 2403 excerpsit,
1315 2352 1436 2406 qua:
1466 2339 1546 2392 vel
1601 2354 1865 2406 errorem,

297 2418 380 2472 vel
415 2419 620 2474 erroris
653 2421 889 2489 speciem
928 2421 1270 2492 praeferrent,
1297 2428 1351 2478 in
1386 2428 1714 2496 quibusdam
1754 2446 1864 2485 non

295 2508 372 2563 ita
432 2508 592 2566 facile
649 2526 775 2566 cum
805 2512 1008 2569 Basilio
1039 2522 1094 2570 et
1127 2515 1477 2574 Theodoreto
1520 2521 1863 2578 conciliatur.

294 2597 505 2655 Idcirco
533 2616 564 2655 e
589 2618 649 2656 re
683 2603 862 2658 visum
891 2614 978 2660 est
1011 2605 1147 2673 fore,
1192 2617 1252 2661 ut
1305 2609 1484 2666 allatis
1525 2611 1581 2665 in
1623 2613 1864 2670 medium

295 2691 386 2756 iis,
429 2707 550 2762 qua
583 2693 652 2747 ab
698 2693 892 2748 iisdem
953 2697 1313 2766 scriptoribus
1358 2699 1426 2755 de
1462 2701 1698 2758 Marcelli
1749 2706 1862 2775 opi-

294 2785 458 2841 nione
508 2795 824 2852 narrantur,
888 2804 1008 2858 qua:
1062 2806 1187 2847 vere
1229 2792 1392 2857 luerit
1438 2795 1530 2849 illa
1575 2797 1864 2869 diligenter

293 2878 656 2932 excutiamus.

510 2980 568 3030 ll.
597 2983 721 3041 Quid
746 2984 952 3034 Basilius
972 2986 1034 3035 de
1061 2985 1276 3039 Marcelli
1305 3005 1474 3042 errore
1497 2995 1640 3046 dicat.

363 3063 598 3173 {insilias
630 3067 792 3173 igitur
837 3069 889 3173 in
933 3071 1091 3173 epist.
1124 3071 1212 3173 5.2—,
1241 3089 1361 3173 qua:
1390 3087 1472 3132 est
1503 3080 1570 3134 ad
1607 3081 1856 3152 Magnum
1885 3111 1929 3173 ε

296 3153 683 3223 Athanasium,
717 3158 830 3213 hac
871 3160 1030 3214 habet
1077 3181 1090 3217 :
1154 3165 1517 3237 Ἐπιζητεῖται
1555 3171 1610 3224 δὲ
1649 3175 1866 3234 κάκεῖνο

295 3246 450 3317 παρά
500 3265 659 3302 τινων
703 3250 812 3303 τῶν
844 3252 1089 3306 ὲντεῦθεν
1113 3256 1424 3326 ἀναγκαίως
1457 3259 1531 3325 ὡς
1567 3266 1659 3317 καὶ
1685 3269 1868 3335 αὑτοῖς

301 3339 433 3410 ἡμῖν
455 3341 863 3408 καταφαίνεται,
893 3343 953 3396 τὸ
971 3345 1068 3414 τὴν
1093 3347 1410 3417 Μαρκέλλου
1437 3353 1645 3424 αἵρεσιν
1669 3361 1866 3426 αὑτοὺς

289 3429 364 3494 ὼς
417 3431 656 3502 χαλεπὴν
689 3433 782 3485 καὶ
816 3433 1102 3506 βλαϐερὰν,
1137 3437 1229 3490 καὶ
1272 3440 1370 3510 τῆς
1404 3442 1753 3520 ὑγιαινούσης
1785 3450 1868 3504 πί·

292 3538 470 3615 στεωςῗ
489 3522 780 3596 ἀλλοτρίως
818 3525 1067 3615 ἔχουσαν,
1099 3529 1460 3600 ὲξορίζεσθαι.
1504 3536 1658 3592 Ἐπεὶ
1702 3542 1864 3615 μέχρι

287 3613 383 3668 τοῦ
423 3614 516 3667 νῦν
562 3617 619 3667 ὲν
662 3617 825 3668 πᾶσιν
853 3611 933 3680 οἷς
975 3619 1380 3676 ὲσπιστέλλουσι
1418 3611 1863 3697 γράμμασι,

289 3707 387 3776 μὲν
416 3706 728 3777 δυσώνυμον
753 3709 970 3778 Ἀρειον
1001 3709 1112 3763 ἄνω
1137 3714 1230 3766 καὶ
1255 3715 1402 3768 κάτω
1435 3718 1861 3791 ἀναθεματίζον-

283 3816 373 3863 τες
399 3799 492 3851 καὶ
526 3799 634 3852 τῶν
683 3799 1016 3870 Ἐκκλησιῶν
1041 3801 1372 3872 ὲξορίζοντες
1401 3809 1460 3860 οὑ
1491 3809 1824 3870 διαλείπουσι
1845 3834 1860 3849 ο

287 3889 590 3962 Μαρκέλλῳ
619 3890 695 3954 δὲ,
733 3891 810 3961 τῷ
844 3891 984 3945 κατὰ
1023 3892 1308 3965 διάμετρον
1341 3898 1532 3970 ἐκείνῳ
1594 3902 1692 3974 τὴν
1737 3905 1864 3959 ἀσέ-

286 3980 436 4034 6ειαν
479 3982 902 4054 ὲπιδειξαμένῳ,
930 3984 1023 4037 καὶ
1047 3987 1127 4049 είς
1161 3986 1330 4058 αὑτὴν
1360 3989 1458 4060 τὴν
1493 3989 1724 4063 ὓπαρξιν
1762 3998 1863 4069 τῆς

288 4070 382 4123 τοῦ
411 4071 748 4140 Μονογενοῦς
779 4073 1028 4143 θεότητος
1061 4075 1409 4148 ἀσεϐήσαντι,
1441 4082 1534 4134 καὶ
1556 4083 1741 4148 κακῶς
1765 4086 1861 4157 τὴν

285 4163 381 4218 τοῦ
405 4163 577 4233 Λόγου
595 4165 960 4236 προσηγορίαν
991 4167 1352 4238 ἐκδεξαμένῳ,
1377 4171 1631 4242 οὐδεμίαν
1657 4173 1861 4246 μέμψιν

276 4256 667 4324 ἐπενεγκόντες
703 4257 980 4324 φαίνονται
1003 4275 1015 4287 ο
1049 4257 1106 4321 ὃς
1148 4259 1318 4328 Λόγον
1362 4262 1459 4332 μὲν
1487 4265 1734 4336 εἰρῆσθαι
1771 4268 1860 4321 τὸν

278 4345 557 4414 Μονογενῆ
580 4343 782 4408 δίδωσι,
814 4346 954 4399 κατά
1007 4347 1194 4418 χρείαν
1218 4351 1309 4402 καὶ
1343 4352 1434 4404 ἐπὶ
1470 4354 1660 4424 καιροῦ
1695 4373 1862 4429 προσ-

1997 682 2331 734 accusatione
2382 682 2633 748 impetum
2679 696 2696 733 :
2727 681 2816 749 qui
2849 679 3181 750 Unigenitum
3225 683 3429 753 quidem
3458 688 3565 741 dici

2003 770 2224 825 Verbum
2244 771 2426 835 tradit,
2455 781 2709 842 quatenus
2740 771 2808 824 ad
2852 788 3001 824 nsunt
3035 782 3084 825 et
3113 773 3182 825 ad
3219 784 3414 843 tempus
3442 794 3564 846 pro-

1989 862 2206 924 dit,'ac
2237 880 2422 915 rursus
2476 863 2544 916 ad
2571 879 2686 916 eum
2735 877 2798 916 ea:
2838 879 2938 932 quo
2992 864 3185 930 prodiit
3237 867 3508 920 revertitur
3540 884 3561 923 :

1992 971 2153 1023 neque
2194 964 2313 1008 ante
2368 971 2670 1023 egressum,
2731 970 2863 1017 esse,
2922 971 3013 1010 nec
3064 965 3178 1024 post
3243 974 3556 1028 regressum,

1985 1047 2270 1101 subsistere
2310 1049 2404 1101 ait.
2436 1046 2599 1116 Cujus
2632 1048 2706 1101 rei
2749 1059 3112 1115 argumentum
3141 1060 3262 1103 sunt
3298 1051 3436 1120 apud
3462 1069 3557 1106 nos

1982 1138 2239 1217 reconditi
2297 1140 2488 1210 iniquae
2541 1141 2689 1194 illius
2737 1140 3058 1213 Syngrapltaz
3107 1142 3248 1198 libri.
3309 1145 3558 1199 Attamen

1981 1229 2121 1282 nunc
2150 1230 2452 1284 nullatenus
2502 1231 2796 1299 improbare
2834 1235 2930 1286 visi
2956 1243 3075 1287 sunt
3109 1249 3126 1286 :
3159 1235 3281 1303 quin
3305 1244 3352 1288 et
3380 1235 3433 1288 in
3461 1235 3556 1292 hac

1981 1322 2252 1391 culpandi,
2287 1322 2424 1392 quod
2460 1341 2576 1376 eum
2613 1342 2644 1376 a
2673 1325 2928 1393 principio
2964 1341 3054 1392 per
3080 1326 3435 1392 ignorantiam
3475 1343 3556 1380 re-

1981 1417 2157 1469 ritatis
2210 1416 2278 1469 ad
2327 1417 2739 1472 ecclesiasticam
2787 1419 3198 1472 communionem
3246 1420 3553 1489 receperint.

2051 1510 2193 1564 Idem
2244 1508 2479 1565 Basilius
2526 1511 2686 1582 epist.
2723 1511 2812 1577 74,
2844 1511 2909 1564 ad
2948 1509 3308 1575 Eustathium,
3346 1510 3556 1582 Apolli-

1977 1601 2190 1654 narium
2230 1612 2283 1656 et
2313 1600 2626 1666 Paulinum,
2673 1602 2785 1657 haac
2817 1603 3017 1658 habet:
3063 1603 3120 1657 '0
3151 1603 3328 1673 μέντοι
3353 1602 3555 1656 Παυλῖ-

1976 1709 2064 1756 νος
2109 1695 2157 1746 εί
2196 1694 2296 1764 μέν
2323 1712 2375 1747 τι
2413 1695 2507 1748 καὶ
2552 1695 2680 1766 περὶ
2719 1695 2817 1766 τὴν
2851 1695 3180 1766 χειροτονίαν
3229 1694 3553 1766 ἐπιλήψιμον

1905 1771 1949 1828 Β
1979 1783 2110 1855 ἔχει,
2145 1785 2296 1838 αὑτοὶ
2335 1784 2399 1839 ἂν
2445 1785 2645 1837 εἴποιτε
2665 1801 2679 1814 ο
2712 1785 2860 1855 ἡμᾶς
2890 1785 2945 1837 δὲ
2978 1785 3136 1837 λυπεῖ
3165 1787 3275 1848 τοῖς
3308 1783 3555 1860 Μαρκέλ-

1975 1877 2067 1930 λου
2094 1875 2368 1938 πεποιθὼς
2398 1875 2646 1946 δόγμασι,
2691 1876 2784 1929 καὶ
2811 1877 2936 1939 τοὺς
2956 1874 3375 1938 ἀκολουθοῦντας
3404 1873 3551 1944 αὑτῷ

1975 1970 2300 2039 ἀδιακρίτως,
2354 1969 2434 2032 είς
2479 1967 2576 2039 τὴν
2639 1968 2922 2020 κοινωνίαν
2975 1966 3136 2021 αὑτοῦ
3174 1965 3546 2036 προσιέμενος.

1974 2061 2184 2120 Οἴδατε,
2221 2059 2436 2128 ἀδελφοὶ
2467 2056 2802 2128 τιμιώτατοι,
2833 2059 2913 2111 ὅτι
2942 2059 3119 2128 πάσης
3154 2056 3309 2128 ἡμῶν
3335 2057 3432 2127 τῆς
3460 2056 3549 2109 ὲλη

1974 2150 2126 2214 πίδος
2158 2149 2415 2218 ἀθέτησιν
2454 2149 2565 2220 ἔχει
2598 2148 2658 2202 τὺ
2684 2148 3004 2220 Μαρκέλλου
3027 2149 3201 2219 δόγμα
3221 2166 3234 2181 ⁸
3262 2147 3385 2201 οὔτε
3421 2147 3549 2202 Υίὸν

1971 2244 2028 2296 ἐν
2052 2243 2156 2314 ἰδίᾳ
2183 2242 2473 2295 ὑποστάσει
2508 2240 2817 2312 ὁμολογοῦν,
2843 2241 2977 2294 ἀλλά
3006 2239 3419 2312 προενεχθέντα,
3454 2241 3550 2294 καὶ

1971 2335 2132 2388 πάλιν
2169 2333 2579 2402 ὑποστρέψαντα
2614 2335 2692 2396 εἰς
2721 2333 2811 2384 τὸν
2848 2331 2969 2385 ὅθεν
2997 2331 3284 2403 προῆλθεν,
3306 2330 3428 2384 οὔτε
3455 2331 3548 2384 τὸν

1969 2423 2323 2494 Παράκλητον
2351 2420 2492 2480 ἰδίως
2517 2421 2878 2492 ὑφεστηκέναι
2902 2421 3244 2493 συγχωροῦν·
3273 2421 3413 2474 ὥστε
3445 2422 3546 2476 οὑκ

1967 2516 2032 2570 ἀν
2073 2533 2155 2579 τις
2188 2515 2424 2587 ἁμάρτοι
2454 2514 2878 2586 Χριστιανισμοῦ
2927 2517 3022 2586 μὲν
3065 2516 3342 2580 παντελῶς
3389 2515 3546 2571 ἀλλο-

1964 2606 2121 2677 τρίαν
2171 2606 2489 2675 ἀποφαίνων
2521 2605 2617 2676 τὴν
2669 2606 2898 2678 αἵρεσιν,
2944 2606 3268 2680 Ἰουδαῖσμδν
3305 2606 3360 2660 δὲ
3399 2624 3546 2677 παρ-

1965 2695 2304 2766 εφθαρμένον
2338 2695 2506 2764 αὑτὴν
2543 2695 2982 2766 προσαγορεύων.
3023 2693 3136 2748 Hoc
3189 2702 3316 2750 est:
3353 2694 3545 2749 Pauli-

1965 2803 2063 2841 nus
2093 2803 2209 2841 eero
2237 2803 2306 2839 an
2333 2787 2470 2856 quod
2509 2786 2577 2839 ad
2600 2787 2980 2840 ordinationem
3009 2795 3206 2854 spectat
3250 2785 3543 2855 culpandus

1963 2879 2055 2941 sit,
2080 2895 2167 2932 eos
2191 2879 2291 2946 ipsi
2322 2878 2600 2940 dixeritis;
2633 2895 2726 2932 nos
2754 2894 2880 2932 sane
2903 2881 3205 2940 contristat,
3229 2879 3364 2947 quod
3393 2876 3544 2930 Mar-

1963 2969 2083 3022 celli
2129 2968 2463 3039 dogmatibus
2502 2969 2659 3038 [idem
2695 2969 2901 3030 habeat,
2948 2979 2994 3022 et
3055 2978 3336 3022 sectatores
3397 2969 3543 3024 illius

1964 3062 2076 3114 sine
2121 3060 2423 3114 discrimine
2470 3060 2539 3114 ad
2573 3063 2988 3116 communionem
3041 3063 3304 3114 admittat.
3357 3060 3538 3125 Scitis,

1966 3152 2320 3206 colendissimi
2367 3153 2584 3221 fratres,
2640 3151 2883 3206 Marcelli
2925 3155 3114 3224 dogma
3155 3170 3358 3208 omnem
3399 3168 3540 3221 spem

1965 3255 2199 3299 nostram
2233 3247 2442 3298 irritam
2475 3245 2667 3313 facere,
2711 3246 2850 3315 quod
2893 3263 3052 3316 neque
3085 3246 3283 3300 Filium
3321 3248 3373 3300 in
3417 3262 3540 3316 pro-

1963 3338 2081 3407 pria
2131 3335 2400 3407 ltypostasi
2452 3337 2788 3405 conﬁteatur,
2843 3338 2938 3391 scd
2971 3339 3318 3406 productum,
3370 3349 3421 3392 et
3469 3337 3540 3393 ad

1963 3447 2078 3492 eum
2113 3431 2316 3498 ipsum,
2358 3445 2422 3483 ea:
2466 3445 2564 3499 quo
2601 3440 2944 3497 processerat,
2985 3431 3171 3484 iterum
3214 3447 3538 3485 reversurum

1964 3521 2171 3575 tradit:
2206 3536 2364 3589 neque
2402 3519 2739 3573 Paracletum
2772 3519 3036 3588 propriam
3079 3519 3265 3574 habere
3297 3519 3538 3590 hyposta-

1962 3616 2042 3668 sin
2072 3613 2342 3676 concedit;
2392 3613 2465 3666 ita
2489 3621 2545 3664 ut
2589 3626 2915 3682 nequaquam
2947 3608 3148 3663 aberret
3180 3611 3228 3664 si
3257 3611 3371 3678 quis
3400 3610 3536 3662 lianc

1961 3707 2181 3760 Ita'resin
2210 3721 2424 3773 prorsus
2456 3723 2487 3757 a
2515 3703 2925 3759 Christianismo
2963 3703 3190 3756 alienam
3221 3717 3331 3756 esse
3358 3701 3538 3754 decla-

1962 3807 2058 3861 ret,
2081 3813 2293 3867 eamque
2315 3806 2614 3862 corruptum
2640 3796 2913 3866 quemdam
2930 3793 2963 3847 .1
2971 3794 3268 3848 udaismum
3291 3793 3531 3864 appellet.

1963 3888 2199 3959 Epistola
2224 3903 2348 3942 vero
2375 3887 2462 3952 '78,
2485 3887 2598 3941 haec
2622 3886 2781 3941 habet
2804 3886 2870 3940 de
2900 3884 3113 3939 Nicazna
3143 3883 3244 3938 ﬁde
3273 3885 3528 3954 loquens:

1961 3981 2082 4034 Εἰσὶ
2117 3979 2228 4051 γάρ
2264 3996 2427 4042 τινες,
2457 3980 2503 4032 οἱ
2550 3979 2643 4032 καὶ
2671 3981 2728 4032 ὲν
2751 3979 2921 4050 ταύτῃ
2955 3980 3020 4048 τῇ
3047 3977 3226 4030 πίστει
3259 3977 3535 4044 δολοῦντες

1960 4075 2050 4127 τὸν
2074 4073 2229 4141 λόγον
2256 4071 2354 4143 τῆς
2378 4072 2653 4144 ἀληθείας,
2679 4074 2771 4126 καὶ
2799 4073 2935 4142 πρὸς
2967 4072 3026 4125 τὸ
3054 4071 3258 4124 ἑαυτῶν
3287 4070 3532 4142 βούλημα

1959 4163 2050 4218 τὸν
2083 4165 2206 4218 νοῦν
2249 4163 2356 4217 τῶν
2403 4166 2460 4217 ὲν
2501 4164 2638 4234 αὑτῇ
2682 4166 2939 4234 ῥημάτων
2975 4164 3251 4226 ἕλκοντες·
3284 4164 3417 4216 ὅπου
3465 4180 3529 4232 γε

1961 4259 2055 4311 καὶ
2078 4255 2391 4327 Μάρκελλος
2423 4255 2736 4326 ἐτόλμησεν,
2776 4255 2986 4307 ἀσεϐῶν
3013 4256 3090 4317 είς
3119 4255 3216 4324 τὴν
3239 4254 3529 4308 ὑπόστασιν

1960 4347 2053 4398 τοῦ
2086 4345 2288 4417 Κυρίου
2321 4342 2480 4414 ἡμῶν
2522 4342 2692 4412 Ἰησοῦ
2721 4343 2989 4412 Χριστοῦ,
3031 4343 3125 4395 καὶ
3166 4341 3318 4412 ψιλὸν
3369 4343 3528 4396 αὑτὸν

276 4435 522 4498 ελθόντα,
554 4436 716 4489 πάλιν
765 4436 822 4490 δὲ
857 4439 935 4501 είς
978 4439 1068 4493 τὸν
1109 4439 1232 4494 ὅθεν
1269 4441 1488 4512 ἐξῆλθεν
1527 4447 1859 4518 ἐπαναστρέ-
1893 4455 1934 4510 D
1963 4437 2318 4509 ἐξηγούμενος
2345 4435 2520 4502 λόγον.
2545 4433 2752 4486 ἐκεῖθεν
2779 4433 3212 4504 προφασίσασθαι
3235 4434 3331 4497 τὰς
3355 4434 3527 4504 ἀρχὰς

276 4526 486 4597 ψαντα,
535 4524 658 4578 οὗτε
701 4526 806 4598 πρὸ
841 4527 937 4597 τῆς
984 4527 1162 4592 ἐξόδου
1204 4524 1378 4595 εἶναι,
1419 4529 1542 4584 οὑτε
1582 4534 1724 4603 μετά
1757 4535 1855 4606 τὴν

174 4659 178 4662 .
278 4617 536 4672 ἐπάνοδον
581 4619 894 4686 ὑφεστάναι.
946 4620 1056 4672 Καὶ
1096 4619 1283 4672 τούτου
1330 4621 1602 4688 ἀπόδειξις
1639 4625 1695 4677 αἱ
1727 4641 1854 4695 παρ’

273 4713 407 4784 ἡμῖν
438 4710 796 4782 ἀποκείμεναι
847 4710 1018 4780 βίϐλοι
1075 4713 1172 4782 τῆς
1213 4712 1399 4766 ἀδίκου
1455 4715 1667 4786 ἐκείνης
1721 4734 1855 4786 συγ-

273 4804 490 4875 γραφῆς
513 4804 864 4876 ὑπάρχουσιν.
884 4803 1024 4856 Ἀλλ’
1055 4806 1206 4876 ὅμως
1237 4805 1427 4859 τοῦτον
1458 4808 1709 4878 οὐδαμῶς
1741 4809 1854 4863 δια-

275 4895 561 4960 ϐάλλοντες
585 4895 880 4966 ἐφάνησαν,
907 4898 1000 4950 καὶ
1027 4897 1198 4951 ταῦτα
1230 4899 1406 4952 αἰτίαν
1431 4901 1660 4970 ἔχοντες,
1693 4902 1768 4964 ὡς
1793 4902 1854 4955 τὸ

272 4987 332 5054 ἐξ
376 4989 550 5059 ἀρχῆς
589 4990 709 5041 κατ’
752 4989 972 5056 ἄγνοιαν
1012 4989 1110 5059 τῆς
1150 4990 1404 5060 ἀληθείας
1443 4995 1522 5056 είς
1573 4992 1852 5046 κοινωνίαν

275 5081 438 5135 αὑτὸν
469 5080 927 5154 ὲκκλησιαστικὴν
949 5084 1400 5155 παραδεξάμενοι.
1448 5085 1499 5138 Id
1529 5093 1612 5141 est
1648 5105 1660 5139 :
1693 5086 1852 5150 Qua:-

276 5177 412 5229 ritur
445 5186 618 5228 autem
668 5175 751 5228 Itic
791 5194 824 5231 a
874 5178 1140 5231 nonnullis
1199 5188 1255 5229 ut
1308 5179 1678 5238 necessarium,
1713 5179 1850 5248 quod

275 5264 455 5319 itidem
483 5266 631 5319 nobis
684 5266 922 5330 videtur;
967 5277 1024 5319 ut
1059 5266 1300 5320 Marcelli
1340 5267 1562 5321 ltwresin
1600 5268 1699 5329 illi,
1733 5277 1852 5321 tan--

275 5372 434 5426 quant
487 5358 684 5410 malam
721 5368 770 5412 et
827 5359 1062 5421 noxiam,
1111 5367 1160 5412 et
1206 5375 1239 5411 a
1282 5375 1414 5411 sana
1474 5358 1578 5427 fide
1623 5358 1848 5412 alienam

275 5449 636 5503 exterminent.
666 5449 926 5514 Quoniam
959 5448 1027 5501 ad
1057 5453 1152 5503 hoc
1183 5467 1342 5520 usque
1373 5462 1570 5519 tempus
1603 5454 1654 5505 in
1678 5455 1848 5507 amtti-

275 5539 369 5594 bus
400 5557 533 5611 quas
573 5542 804 5594 scribunt
845 5541 1036 5594 litteris
1074 5542 1453 5596 exsecrandum
1484 5543 1689 5606 Arium,
1726 5561 1846 5597 sur-

274 5647 391 5684 sum
428 5648 491 5684 ac
519 5632 762 5685 deorsum
798 5642 1060 5686 versantes
1095 5632 1563 5697 anathematizare,
1605 5643 1758 5702 atque
1781 5650 1848 5688 ex

277 5720 525 5778 Ecclesiis
555 5722 827 5778 eliminare
857 5739 960 5778 non
989 5731 1227 5788 cessant;
1254 5719 1564 5776 Marcellum
1593 5738 1732 5788 vero,
1755 5723 1845 5790 qui

1959 4529 2256 4598 εἰληφέναι,
2301 4526 2394 4580 τοῦ
2437 4527 2721 4597 ὁμοουσίου
2773 4527 2870 4592 τὴν
2917 4526 3152 4580 διάνοιαν
3211 4525 3391 4588 κακῶς
3443 4526 3529 4592 ἐξ-

1958 4622 2276 4694 ηγούμενος.
2309 4620 2420 4674 lloc
2451 4629 2534 4674 est
2567 4635 2581 4672 :
2623 4619 2756 4674 Sunt
2784 4621 2920 4673 enim
2964 4619 3178 4689 quidam
3221 4621 3309 4690 qui
3344 4621 3399 4673 in
3430 4621 3528 4674 hac

1957 4714 2062 4784 ﬁde
2097 4711 2372 4784 [Nica'na]
2397 4728 2684 4766 sermonem
2716 4713 2950 4765 veritatis
2979 4711 3101 4765 dolo
3133 4711 3447 4776 adulterent,
3474 4722 3526 4767 et

1957 4805 2024 4859 ad
2073 4805 2278 4858 libitum
2339 4820 2492 4858 suum
2560 4803 2831 4858 uerborum
2894 4815 3112 4857 mentem
3165 4805 3520 4875 detorqueant.

1956 4896 2395 4968 Quandoquidem
2446 4882 2494 4950 et
2544 4894 2851 4961 Marcellus,
2892 4895 2956 4949 de
3000 4896 3270 4966 [typostasi
3316 4896 3524 4952 Domini

1954 4990 2122 5044 nostri
2146 4989 2276 5044 Jesu
2326 4987 2526 5042 Christi
2564 4990 2718 5056 impie
2748 4989 2992 5051 sentiens,
3028 5005 3090 5041 ac
3132 4988 3326 5042 nudum
3369 4989 3522 5042 illum

1955 5098 2253 5152 merumque
2287 5081 2493 5136 verbum
2519 5097 2630 5135 esse
2657 5097 2935 5150 exponens,
2984 5080 3130 5132 illinc
3162 5096 3321 5133 ausus
3356 5089 3432 5134 est
3465 5096 3524 5134 se

1953 5194 2142 5229 causas
2186 5177 2469 5244 impietatis
2509 5175 2792 5243 sumpsisse
2835 5185 3136 5240 prtctexere,
3161 5170 3521 5226 Consubstan-

1955 5269 2098 5322 tialis
2126 5285 2280 5321 sensu
2305 5284 2573 5336 perperam
2603 5268 2856 5336 exposito.
2891 5265 3016 5320 Haec
3048 5265 3281 5320 Basilius
3311 5264 3379 5320 de
3408 5263 3521 5320 ιιω-

1956 5359 2060 5417 resi
2105 5357 2358 5412 Marcello
2400 5359 2656 5428 ascripta.

2444 5457 2528 5507 Ill.
2555 5459 2681 5518 Quid
2706 5458 3018 5520 Epiphanlus.

2022 5538 2355 5609 Epiphanius
2377 5541 2579 5593 veroin
2621 5538 2877 5605 Panario,
2918 5541 3106 5596 haeresi
3137 5557 3306 5606 uxu,
3341 5556 3514 5612 pauca

1951 5631 2018 5686 de
2052 5630 2287 5687 Marcelli
2331 5631 2520 5686 haeresi
2569 5632 2751 5696 effert,
2783 5632 3167 5702 aitque-solum
3199 5633 3376 5705 ipsum
3408 5631 3511 5688 Sa-

1949 5723 2277 5782 bellianismi
2329 5731 2642 5781 accusatum
2694 5722 2882 5791 fuisse,
2935 5723 3164 5796 ejusque
3211 5723 3513 5798 discipuli»
