3984 6212
494 293 631 360 1283

1720 301 1806 356 DE
1844 291 2004 356 VITA
2046 300 2132 356 ET
2175 295 2482 358 SCRIPTIS

3595 303 3743 360 ηεξ

487 430 601 477 tres
630 419 948 492 hypostascs
983 416 1228 474 conﬁteri
1266 415 1509 474 noluisse
1544 439 1556 474 :
1590 435 1777 476 verum
1810 420 1903 473 illo
1931 428 2068 475 tem-
2095 426 2143 482 Α
2173 422 2363 486 fuisse,
2389 420 2573 477 Jesum
2607 420 2888 478 Christum
2923 425 3200 486 vocatum,
3227 436 3524 493 regemque
3555 425 3748 494 appet-

487 527 621 584 pore
649 512 876 566 liberum
898 517 1013 566 erat
1045 510 1126 566 eis
1153 510 1239 566 vel
1266 518 1378 566 tres
1402 513 1485 566 vel
1523 527 1688 565 unam
1728 521 1937 567 tantum
1974 515 2070 586 hy-

487 605 735 675 postasin
786 603 1059 671 conﬁteri,
1105 603 1232 658 dum
1262 612 1468 658 rectam
1501 613 1784 660 servarent
1813 615 2066 661 mentem.

487 696 622 750 Nam
656 697 752 766 qui
797 697 1063 752 Catholici
1114 713 1276 752 unam
1323 698 1640 770 hypostasin
1674 707 1886 752 tantum
1926 715 2071 757 assc-

488 789 718 847 rebant.
761 790 1122 861 hypostaseos
1184 792 1401 846 nomine
1454 791 1814 846 substantiam
1861 793 2067 894 ingdica—

486 881 638 946 bant,
669 897 832 952 quam
858 897 1020 936 unam
1059 881 1114 936 in
1147 880 1254 936 Deo
1285 897 1407 937 esse
1439 890 1646 937 certum
1669 893 1753 939 est
1788 903 1800 938 :
1828 880 1934 954 qui
1954 892 2066 940 tres

483 974 811 1046 hypostases
839 975 1235 1045 proﬁtebantur
1257 1016 1270 1038 ,
1296 975 1383 1030 his
1409 992 1516 1030 non
1546 977 1908 1032 substantiam
1927 1021 1940 1046 ,
1968 979 2064 1034 sed

487 1067 757 1136 cujusque
779 1081 1031 1135 persona:
1049 1067 1458 1122 subsistentiam
1482 1069 1854 1140 intelligebant
1870 1090 1884 1126 :
1903 1081 2065 1142 atque

487 1154 566 1208 ita
602 1156 677 1209 illi
711 1157 877 1211 verbo
922 1165 1297 1213 tantumtenus
1325 1159 1740 1215 dissentiebant.
1775 1161 1906 1228 Quae
1935 1179 2062 1218 vero

485 1244 810 1318 Fragmenta
868 1249 1052 1305 Acacii
1101 1251 1454 1307 Caesariensis
1508 1259 1699 1307 contra
1750 1254 2060 1311 Marcellqu

485 1338 642 1394 aﬂert
671 1339 1028 1411 Epiphanius,
1074 1357 1137 1398 ea
1165 1344 1348 1398 omnia
1391 1359 1490 1400 ceu
1519 1348 1901 1416 compendium
1935 1356 2061 1403 sunt

485 1429 711 1488 fusioris
735 1434 954 1490 Eusebii
982 1433 1336 1492 Caesariensis
1383 1446 1576 1492 contra
1617 1437 1924 1496 Marcellum
1948 1449 2060 1495 tra-

484 1523 765 1588 ctationis,
793 1524 860 1580 de
879 1541 1138 1612 quamox
1161 1539 1406 1597 agemus.

943 1631 1024 1681 ιν.
1057 1633 1181 1692 Quid
1212 1634 1600 1695 Cbrysostomus.

555 1712 794 1770 Joannes
847 1716 1270 1788 Chrysostomus
1315 1719 1369 1773 in
1413 1719 1511 1788 Ep.
1549 1721 1617 1773 ad
1661 1719 1825 1774 Hebr.
1886 1735 1937 1774 c.
2003 1738 2054 1784 ι,

485 1804 798 1861 Marcellum
854 1809 1036 1879 culpat
1093 1812 1238 1881 quod
1301 1811 1532 1880 dixerit,
1583 1814 1808 1868 verbum
1869 1815 2058 1868 ἐνυπά-

485 1914 696 1964 στατον,
721 1899 865 1970 quod
890 1901 962 1954 ita
995 1903 1285 1974 intelligas,
1308 1906 1463 1974 quasi
1493 1905 1736 1982 ejusdem
1762 1922 1869 1962 non
1897 1907 2060 1962 modo

483 1991 822 2059 substantias,
852 1993 946 2048 sed
979 1997 1142 2048 etiam
1185 1997 1495 2067 hypostasis
1537 1999 1608 2053 sit
1659 2009 1825 2070 atque
1860 1999 2055 2055 Pater:

481 2083 734 2138 eumdem
775 2100 904 2139 vero
950 2085 1298 2150 Marcellum,
1336 2091 1495 2160 quasi
1536 2089 1774 2157 Pbotini,
1812 2092 2056 2157 Sabellii,

480 2173 634 2229 Pauli
687 2177 1028 2234 Samosateni
1079 2181 1354 2254 ὁμόφρονα
1394 2199 1501 2237 non
1539 2186 1706 2239 semel
1759 2186 2060 2241 insectatur

480 2267 706 2334 ibidem,
743 2284 807 2324 ac
836 2286 960 2326 cum
994 2255 1372 2328 haereticorum
1398 2277 1654 2346 pessimis
1683 2286 1985 2334 enumerat.

945 2373 1027 2424 .V.
1058 2373 1183 2434 Quid
1210 2374 1568 2426 Thcodoretus.

551 2453 930 2512 Theodorctus
969 2457 1063 2512 lib.
1117 2473 1154 2511 ll
1211 2456 1599 2514 "wreticarum
1647 2461 1952 2530 fabularum
1991 2461 2058 2516 de

479 2543 734 2601 Marcello
809 2547 923 2601 haec
975 2547 1138 2602 habet
1183 2567 1195 2603 :
1255 2549 1571 2622 Μάρκελλος
1626 2537 1692 2605 δι’
1730 2554 1758 2606 δ
1813 2547 2058 2622 Γαλάτης

477 2637 654 2710 τούτῳ
691 2639 788 2709 μὲν
834 2640 1230 2712 παραπλησίως
1280 2641 1490 2714 ἠρνήθη
1546 2643 1655 2696 τῶν
1709 2644 2057 2698 ὑποστάσεων

477 2731 577 2802 τὴν
606 2732 798 2803 τριάδα
817 2750 830 2763 ·
867 2733 1086 2787 ἔκτασιν
1111 2733 1168 2786 δέ
1194 2751 1312 2786 τινα
1333 2738 1430 2806 τῆς
1450 2735 1542 2788 τοῦ
1572 2737 1781 2806 Πατρδς
1807 2734 2058 2807 θεότητος

479 2821 679 2892 ἔφησεν
714 2824 792 2885 εἰς
813 2824 902 2876 τὸν
924 2823 1156 2894 Χριστὸν
1188 2825 1522 2896 ἐληλυθέναι,
1558 2816 1652 2879 καὶ
1690 2826 1892 2896 ταύτην
1923 2825 2055 2880 Θεὸν

477 2914 650 2983 Λόγον
695 2916 958 2968 ἐκάλεσεο
991 2916 1130 2986 μετὰ
1170 2913 1226 2968 δὲ
1269 2917 1365 2988 τὴν
1407 2917 1701 2987 σύμπασαν
1745 2919 2054 2988 οἰκονομίαν

477 3007 639 3060 πάλιν
671 3008 1104 3079 ἀνασπασθῆναι,
1137 3010 1230 3063 καὶ
1269 3010 1595 3081 συσταλῆναι
1626 3013 1761 3083 πρὸς
1784 3012 1873 3066 τὸν
1899 3013 2049 3077 Θεὸν,

2172 513 2361 582 latum,
2391 515 2520 569 item
2552 513 2842 586 imaginem
2874 511 2968 568 Dei
3017 515 3344 580 invisibilis,
3376 526 3434 571 et
3469 517 3749 587 primoge-

2170 608 2341 660 nitum
2369 607 2549 662 omnis
2575 615 2861 671 creaturae,
2907 607 3040 661 nihil
3095 616 3276 664 autem
3335 609 3532 663 horum
3587 611 3750 681 prius

2167 699 2469 765 exstitisse,
2501 716 2565 756 ac
2602 713 2727 770 post
2749 699 3019 769 judicium
3045 701 3160 758 haec
3191 701 3374 756 omnia
3407 705 3747 760 amissurum

2166 806 2322 857 esse;
2384 793 2674 862 ipsumque
2706 792 2913 846 nudum
2943 809 3068 848 esse
3099 791 3337 849 Verbum
3387 794 3618 850 humano
3655 797 3743 851 si-

2166 883 2292 936 mile
2329 884 2405 952 (.p.
2443 883 2551 954 l9),
2585 899 2690 937 non
2729 892 2910 938 autem
2940 882 3136 938 Filium
3168 901 3290 942 esse
3319 885 3415 942 Dei
3469 889 3636 942 vivum
3680 895 3741 943 et

2165 975 2592 1041 subsistentem;
2640 991 2746 1030 non
2777 977 2944 1032 fuisse
2980 977 3072 1032 Dei
3119 962 3410 1048 imaginem
3443 989 3738 1049 antequam

2165 1065 2328 1122 homo
2359 1068 2544 1130 lleret;
2597 1069 2943 1124 existentia‘m
2976 1068 3208 1141 ὕπαρξιν
3238 1079 3292 1126 et
3321 1071 3624 1124 ὑπόστασιν
3650 1072 3740 1126 Fi-

2164 1157 2221 1210 lii
2251 1156 2344 1212 Dci
2379 1159 2566 1213 tollere
2593 1157 2908 1214 Marcellum
2947 1163 3024 1214 ait
3053 1172 3128 1232 (p.
3162 1163 3250 1222 55.
3281 1164 3369 1228 55,
3407 1165 3523 1232 36},
3559 1181 3626 1219 ac
3657 1167 3744 1218 di-

2163 1265 2287 1304 cere
2326 1251 2503 1320 ipsum
2539 1250 2709 1307 fuisse
2754 1253 2961 1308 nudum
2998 1256 3342 1311 solummodo
3396 1259 3632 1322 verbum
3675 1260 3742 1313 ad

2157 1340 2313 1410 jussa
2340 1344 2721 1413 exsequenda;
2765 1343 3083 1400 Marcellum
3135 1348 3262 1402 item
3308 1349 3401 1418 qui
3453 1350 3510 1404 in
3551 1349 3746 1406 Sabel-

2161 1435 2293 1488 lium
2327 1435 2621 1500 invehitur,
2652 1435 2899 1492 Sabellio
2924 1439 3075 1508 paria
3105 1441 3336 1505 sentire,
3389 1444 3484 1511 qui
3516 1440 3742 1497 Patrem

2159 1533 2214 1581 et
2269 1525 2506 1582 Verbum
2562 1543 2731 1582 unum
2773 1543 2896 1583 esse
2939 1529 3122 1595 dicat;
3165 1532 3457 1602 ipsumque
3491 1536 3572 1603 (p.
3613 1535 3739 1598 167,

2161 1617 2287 1681 174)
2315 1625 2426 1674 tres
2478 1619 2802 1684 ὑποστάσεις
2841 1636 3037 1691 negare
3064 1662 3079 1686 ,
3128 1631 3184 1678 et
3223 1641 3386 1680 unam
3440 1627 3742 1681 ὑπόστασιν

2159 1709 2572 1780 τριπρόσωπον,
2626 1711 2717 1763 καὶ
2761 1709 3123 1782 τρισὼνυμον,
3159 1713 3212 1766 id
3252 1725 3337 1770 est
3370 1716 3738 1772 substantiam

2162 1799 2597 1868 tripersonalem,
2625 1809 2679 1856 et
2709 1799 3055 1857 trinominem
3081 1804 3283 1862 dicere.
3312 1805 3438 1862 Haec
3466 1812 3737 1880 praecipue

2161 1891 2216 1946 in
2252 1891 2487 1946 Marcelli
2535 1892 2671 1947 libro
2725 1895 2908 1964 culpat
2939 1895 3204 1954 Eusebius
3235 1917 3249 1953 :
3280 1901 3370 1953 ubi
3429 1905 3693 1956 nonnulla
3720 1946 3736 1968 ,

2161 1983 2388 2054 ipsaque
2415 1983 2731 2041 orthodoxa:
2752 1991 3033 2043 sententia:
3047 1992 3231 2054 verba,
3257 2002 3443 2062 utp0te
3469 1996 3740 2060 Arianus,

2159 2081 2420 2145 tanquam
2468 2076 2722 2132 heretica
2773 2080 2952 2150 carpit
2983 2092 3034 2135 et
3088 2081 3368 2149 confutat;
3412 2086 3516 2138 alia
3567 2105 3736 2152 vero,

2159 2184 2279 2238 quae
2309 2184 2439 2225 sane
2475 2177 2533 2224 ut
2571 2186 2798 2226 erronea
2834 2173 2998 2242 probe
3029 2176 3498 2244 reprehenduntur
3522 2220 3538 2242 ,
3583 2180 3739 2236 baud

2157 2261 2230 2329 ita
2255 2262 2401 2317 clare
2428 2263 2483 2316 in
2513 2258 2752 2318 Marcelli
2786 2265 2920 2321 locis
2971 2267 3348 2335 enuntiantur,
3385 2278 3443 2323 ut
3497 2271 3738 2328 inferius

2157 2353 2462 2421 videbitur;
2499 2355 2573 2409 ita
2599 2363 2798 2426 utqua:
2821 2358 3025 2413 diserte
3053 2369 3107 2414 et
3139 2359 3286 2414 nulla
3319 2361 3552 2432 ambage
3591 2363 3739 2433 apud

2158 2443 2417 2500 Basilium
2445 2454 2499 2500 et
2515 2445 2919 2502 Theodorelum
2943 2449 3164 2505 effertur
3186 2451 3428 2508 Marcelli
3464 2455 3696 2510 haeresis
3715 2499 3732 2521 ,

2157 2538 2294 2591 adeo
2327 2538 2582 2608 perplexe
2607 2539 2750 2610 apud
2777 2538 3075 2596 Eusebium
3106 2542 3306 2612 jaceat,
3342 2551 3403 2598 ut
3428 2544 3482 2598 in
3519 2555 3732 2602 utram-

2155 2629 2236 2684 vis
2263 2638 2466 2700 partem
2497 2630 2656 2686 facile
2675 2631 2950 2688 deﬂectas.

2464 2729 2567 2783 VII.
2596 2735 2792 2785 Summa
2814 2735 3135 2786 Marcelliana‘:
3158 2735 3412 2788 doctrinae.

2224 2811 2301 2866 Ex
2331 2813 2512 2868 allatis
2549 2829 2714 2884 porro
2747 2818 3076 2873 testimoniis
3109 2817 3473 2875 Marcelliana:
3499 2829 3727 2878 senten-

2153 2905 2241 2960 tia:
2272 2921 2541 2960 summam
2582 2907 2805 2963 duxeris
2836 2928 2851 2964 :
2893 2907 3044 2966 Unus
3075 2911 3142 2964 ab
3173 2919 3382 2966 aeterno
3413 2913 3556 2970 Deus
3580 2919 3729 2972 exsi-

2153 2997 2288 3051 stit:
2346 2997 2508 3066 cujus
2545 2997 2719 3067 λόγος,
2780 3015 2874 3056 seu
2924 3001 3063 3056 ratio
3088 3042 3102 3066 ,
3160 3012 3253 3057 aut
3284 3005 3508 3060 verbum
3536 3049 3552 3070 ,
3597 3025 3729 3064 nam

476 3099 538 3191 EE
564 3092 732 3170 οὗπερ
756 3098 979 3171 ἐξετάθη
999 3117 1015 3131 ⁸
1047 3100 1109 3153 τὸ
1141 3100 1197 3153 δὲ
1227 3101 1739 3181 πανάγιονοΠνεῆμα
1771 3092 2050 3174 παρέκταέ

2155 3097 2385 3159 utroque
2418 3089 2578 3146 modo
2600 3093 2959 3162 exprimitur,
2995 3096 3201 3165 pariter
3243 3107 3522 3163 aeternum,
3549 3118 3727 3157 unum

480 3209 564 3244 σιν
587 3192 686 3261 τῆς
713 3193 987 3256 ἐκτάσεως
1017 3193 1183 3262 λέγει,
1222 3195 1315 3247 καὶ⁵
1350 3194 1552 3265 ταύτην
1589 3197 1696 3258 τοῖς
1715 3195 2050 3258 .ἀποστόλοις

478 3283 908 3353 παρασχεθῆναι.
955 3284 1064 3337 Καὶ
1088 3284 1422 3348 ἁπαξαπλῶς
1451 3285 1680 3338 ὑπέθετο
1717 3287 1919 3356 Τριάδα
1955 3287 2048 3338 ὲκ-

477 3372 790 3442 τεινομένην
823 3373 914 3424 καὶ
960 3372 1381 3444 συστελλομένην
1419 3374 1560 3426 κατὰ
1587 3372 1874 3446 διαφόρους
1905 3375 2049 3425 οἰκο-

478 3463 691 3534 νομίας.
728 3463 784 3518 Id
814 3473 934 3520 est:
965 3463 1252 3518 Marcellus
1279 3474 1451 3519 autem
1472 3463 1687 3529 Galata,
1711 3464 1955 3518 similiter
1993 3469 2050 3517 ut

476 3554 588 3615 ille,
639 3555 840 3624 negavit
883 3554 1243 3623 hypostasium
1307 3555 1617 3608 trinitatem.
1679 3553 2049 3609 Extensionem

477 3661 598 3698 vero
637 3645 922 3715 quamdam
977 3647 1189 3700 deitatis
1240 3645 1422 3700 Patris
1466 3648 1518 3700 in
1551 3645 1820 3701 Christum
1853 3650 2050 3702 venisse

477 3735 633 3803 dixit,
659 3749 706 3792 et
732 3739 863 3792 hanc
895 3739 1060 3793 Deum
1098 3731 1314 3794 Verbum
1353 3730 1631 3809 appellavit
1662 3756 1680 3794 :
1711 3752 1924 3807 peracta
1952 3759 2050 3795 au-

483 3839 582 3883 tem
623 3831 862 3884 universa
902 3832 1206 3893 azconomia,
1237 3846 1449 3884 rursum
1490 3841 1774 3885 attractam
1804 3850 1935 3896 esse,
1975 3847 2050 3887 re-

479 3938 780 3991 versumque
804 3922 871 3975 ad
903 3921 1092 3985 Deum,
1125 3938 1189 3976 ex
1222 3940 1324 3993 quo
1353 3932 1569 3976 extensa
1612 3923 1733 3992 fuit.
1786 3915 2048 3992 Spiritum

481 4030 598 4067 vero
651 4024 892 4068 sanclum
955 4001 1262 4068 ulteriorem
1329 4016 1680 4069 extensionem
1729 4015 2046 4071 extensionis

483 4121 616 4168 esse,
647 4115 698 4158 et
731 4106 867 4159 lianc
907 4103 1160 4174 apostolis
1189 4107 1372 4160 datam
1421 4107 1585 4175 fuisse
1627 4105 1911 4161 secundum
1963 4109 2049 4162 di-

483 4215 656 4255 versas
686 4203 1017 4255 aeconomias.

832 4306 914 4356 Vl.
943 4306 1068 4365 Quid
1093 4305 1332 4356 Eusebius
1361 4305 1690 4356 Casariensis.

544 4390 662 4446 Jam
712 4407 778 4446 ex
834 4390 1069 4444 Eusebio
1123 4390 1281 4460 ipso,
1329 4390 1421 4460 qui
1478 4399 1670 4444 contra
1732 4389 2043 4445 Marcellum

2153 3188 2237 3236 cst
2264 3195 2388 3236 cum
2421 3181 2530 3238 Deo
2576 3184 2694 3254 ipso
2733 3186 2891 3258 οὐσίᾳ
2931 3187 3026 3240 καὶ
3056 3177 3370 3253 ὑποστάσει,
3405 3193 3727 3249 substantia

2151 3283 2206 3328 et
2238 3274 2539 3346 hypostasi,
2570 3277 2643 3330 ita
2676 3285 2735 3331 ut
2764 3279 2909 3332 nulla
2936 3281 3004 3334 sit
3036 3280 3182 3334 inter
3207 3291 3485 3353 utrumque
3512 3285 3729 3340 distin-

2151 3368 2262 3422 ctio
2301 3387 2314 3422 :
2347 3379 2541 3439 estque
2571 3371 2796 3424 verbum
2839 3371 3037 3438 silens,
3078 3373 3374 3440 internum,
3403 3377 3517 3432 sive
3545 3379 3727 3434 ἐνδιά-

2151 3457 2321 3511 θετον.
2381 3459 2616 3528 Spiritus
2664 3459 2790 3514 item
2845 3471 3072 3516 sanctus
3126 3463 3180 3517 in
3229 3464 3340 3520 Deo
3396 3467 3463 3520 ab
3515 3479 3726 3525 aeterno

2150 3551 2271 3614 fuit,
2295 3553 2457 3606 ’nulla
2489 3553 2741 3608 similiter
2769 3553 2874 3607 nisi
2908 3554 3149 3610 nominis
3181 3565 3234 3611 et
3259 3558 3494 3614 rationis
3520 3561 3724 3615 distin-

2150 3646 2350 3701 ctione.
2381 3646 2516 3700 Cum
2549 3653 2733 3702 autem
2761 3643 2903 3702 Deus
2926 3659 3184 3716 operatur
3206 3659 3260 3704 et
3303 3651 3570 3722 loquitur,
3594 3665 3720 3709 tunc

2150 3736 2390 3792 Verbum
2416 3752 2514 3791 ceu
2545 3737 2794 3807 qua-dam
2825 3738 3070 3802 emissio,
3100 3741 3347 3796 extensio
3382 3752 3437 3798 et
3474 3745 3723 3800 dilatatio

2149 3828 2371 3884 deitatis
2401 3830 2606 3899 prodit,
2637 3839 2688 3884 et
2723 3837 2845 3900 post
2877 3839 3089 3901 gestum
3137 3847 3276 3902 opus
3327 3835 3394 3888 ad
3428 3835 3593 3892 Deum
3640 3856 3723 3895 re-

2148 3921 2408 3985 vertitur,
2446 3928 2500 3975 et
2530 3921 2584 3975 in
2616 3921 2850 3991 pristina
2898 3922 3213 3977 conditione
3260 3935 3461 3980 manet.
3513 3927 3723 3984 Pariter

2148 4014 2410 4068 emissum
2434 4008 2537 4067 fuit
2565 4011 2828 4077 Verbum,
2860 4020 2918 4067 ut
2947 4027 3166 4068 carnem
3189 4027 3487 4072 assumeret
3514 4037 3528 4084 ;
3557 4033 3720 4076 tunc-

2148 4123 2255 4178 que
2279 4107 2450 4161 Fillus
2478 4106 2570 4162 Dei
2613 4107 2866 4162 ell’ectum
2919 4117 3046 4174 est,
3091 4100 3185 4164 rex
3237 4112 3384 4175 item,
3414 4113 3668 4171 Christus
3696 4159 3712 4181 ,

2148 4199 2326 4270 imago
2361 4197 2456 4254 Dei
2487 4199 2780 4254 invisibilis
2803 4240 2816 4264 ,
2854 4207 2908 4254 et
2938 4201 3332 4271 primogenitus
3368 4206 3538 4261 omnis
3559 4199 3716 4262 crea-

2131 4301 2301 4359 turae,
2325 4308 2448 4348 cum
2481 4303 2637 4346 antea
2663 4294 2797 4347 nihil
2832 4308 3017 4348 eorum
3049 4292 3276 4350 fuisset:
3315 4313 3378 4351 ac
3415 4309 3533 4368 post
3564 4301 3718 4370 judi-

2149 4386 2293 4440 cium
2324 4387 2442 4440 baec
2472 4383 2653 4438 omnia
2684 4385 3036 4450 amissurum,
3069 4395 3231 4456 atque
3265 4397 3324 4442 ut
3369 4392 3521 4460 prius
3546 4410 3718 4448 unum

475 4485 716 4553 scripsit,
753 4484 871 4536 loca
905 4482 1196 4537 all‘eramus
1229 4481 1295 4536 ad
1326 4481 1724 4536 Marcellianam
1767 4483 1910 4536 illam
1935 4483 2045 4537 hae-

2155 4494 2270 4533 cum
2305 4477 2462 4532 Patre
2493 4477 2734 4531 futurum
2771 4485 2876 4532 est.
2918 4477 2988 4532 Ut
3018 4490 3198 4535 autem
3227 4480 3471 4538 Verbum
3502 4496 3588 4541 est
3623 4504 3719 4555 cx-

477 4581 624 4634 resin
661 4577 1063 4647 intelligendam
1089 4584 1415 4646 opportuna.
1446 4575 1535 4629 Ait
1564 4578 1746 4647 itaque
1777 4576 1853 4646 (p.
1883 4573 2038 4646 4,5”)

476 4665 616 4722 hanc
643 4681 764 4722 esse
797 4665 1030 4719 Marcelli
1063 4665 1397 4735 opinionem,
1422 4664 1658 4720 Verbum
1693 4666 1882 4725 silens.
1916 4675 2040 4721 ante

474 4759 826 4821 creationem,
862 4759 915 4812 in
947 4757 1107 4813 Patre
1142 4743 1332 4822 fuisse,
1367 4775 1536 4812 unum
1563 4775 1685 4814 cum
1712 4758 1822 4814 Deo
1858 4746 2036 4823 Patre,

474 4851 900 4918 sempiternum.
964 4848 1166 4911 ἀΐδιον,
1220 4863 1327 4902 ηοη
1359 4849 1624 4919 genitum,
1669 4851 1739 4902 ita
1773 4857 1832 4903 ut
1879 4848 2040 4903 Pater

471 4942 690 5010 quidem
727 4948 780 4996 ct
814 4939 984 4996 Filius
1037 4939 1271 4995 diversis
1331 4940 1646 4995 nominibus
1698 4931 2034 5008 ell‘erantur;

474 5034 568 5088 sed
605 5049 770 5087 unum
799 5042 979 5087 tamen
1011 5033 1122 5088 sint
1149 5033 1387 5088 essentia
1428 5040 1482 5087 et
1509 5032 1788 5103 hypostasi
1813 5071 1827 5098 ,
1880 5033 2038 5104 οὐσίᾳ

471 5125 529 5178 δὲ
562 5127 655 5179 καὶ
692 5126 983 5180 ὑποστάσει
1039 5125 1096 5178 ἓν
1155 5125 1316 5189 ὄντα,
1371 5125 1450 5179 uti
1488 5123 1757 5180 Sabellius
1809 5125 2036 5179 docuit:

473 5216 710 5273 Verbum
744 5219 869 5271 item
919 5225 1045 5272 ante
1091 5218 1441 5272 emissionem
1490 5233 1610 5272 esse
1644 5217 1822 5272 simile
1872 5219 2038 5272 verbo

471 5321 664 5365 nostro
712 5311 922 5374 silenti,
980 5312 1163 5382 ὅμοιον
1182 5310 1260 5380 τῷ
1288 5313 1345 5364 ὲν
1395 5312 1523 5381 ἡμῖν
1575 5310 1880 5364 σιωπῶντιο
1913 5325 2038 5364 cum

472 5403 740 5456 emittitur
770 5419 898 5458 vero
927 5402 993 5458 ad
1029 5403 1432 5473 operationem,
1481 5418 1602 5458 esse
1647 5403 1823 5458 simile
1871 5403 2037 5458 verbo

472 5501 685 5569 nostro.
720 5509 843 5548 cum
875 5495 1167 5564 loquimur.
1216 5493 1349 5549 lllud
1400 5496 1474 5565 (p.
1517 5487 1572 5564 6)
1601 5509 1762 5564 porro
1797 5493 2036 5549 Verbum

472 5598 597 5639 cum
628 5600 844 5641 carnem
891 5588 1207 5658 assumpsit,
1252 5595 1392 5664 tunc
1431 5587 1626 5643 Filium
1681 5585 1770 5642 Dei
1833 5585 2036 5640 factum

2145 4571 2321 4625 tensio
2347 4578 2401 4624 et
2441 4567 2691 4624 dilatatio
2753 4569 2888 4634 Dei,
2941 4571 3021 4625 sic
3076 4579 3130 4626 et
3185 4573 3422 4643 Spiritus
3489 4590 3718 4635 sanctus

2146 4662 2379 4717 ulterior.
2401 4663 2647 4717 extensio
2696 4662 2750 4715 et
2795 4662 3043 4718 dilatatio
3073 4671 3194 4730 est,
3248 4669 3591 4739 παρέκτασις
3625 4675 3720 4745 τῆς

2144 4756 2450 4822 ἐκτάσεως;
2488 4757 2579 4825 qui
2616 4755 2819 4826 pariter
2858 4771 2886 4808 a
2925 4757 3031 4812 Deo
3060 4759 3328 4814 emittitur
3357 4770 3412 4817 et
3443 4764 3513 4817 ad
3549 4764 3719 4821 Deum

2144 4849 2436 4902 revertitur
2483 4860 2541 4902 ut
2570 4835 2806 4901 Verbum
2837 4888 2851 4910 ,
2891 4865 3145 4919 unusque
3190 4859 3274 4905 est
3319 4867 3445 4906 cum
3498 4853 3611 4910 Deo
3667 4867 3720 4912 et

2145 4933 2323 4994 Verbo
2353 4939 2470 4994 sine
2499 4938 2606 4992 ulla
2639 4935 3008 4992 distinctione.
3051 4935 3179 4992 Haec
3228 4938 3464 4996 Marcelli
3494 4955 3722 4998 senten-

2142 5033 2219 5086 tia
2245 5041 2350 5096 est,
2384 5030 2681 5087 secundum
2717 5030 2937 5085 Eusebii
2969 5030 3388 5100 explicationem
3415 5073 3429 5096 ,
3471 5035 3584 5097 cui.
3622 5038 3717 5091 sed

2144 5140 2251 5180 non
2281 5113 2358 5178 ita
2389 5126 2554 5188 clare,
2593 5123 2959 5194 astipulantur
2984 5122 3217 5181 Basilius
3237 5133 3290 5180 et
3313 5125 3716 5186 Theodoretus.

2147 5209 2202 5272 Si
2236 5233 2399 5288 porro
2428 5218 2552 5271 talis
2581 5217 2700 5284 ejus
2730 5216 2978 5271 doctrina
3037 5215 3235 5282 fuerit,
3290 5219 3344 5272 in
3393 5223 3547 5276 nullo
3589 5241 3718 5280 vere

2145 5310 2360 5366 diﬂerat
2385 5327 2412 5363 a
2443 5308 2682 5364 Sabellio
2703 5318 2754 5362 et
2777 5308 3238 5378 Patripassianis:
3273 5311 3480 5365 nullam
3515 5317 3718 5386 quippe

2143 5399 2548 5453 distinctionem
2605 5412 2962 5467 personarum
3024 5397 3296 5463 admittit,
3343 5410 3397 5456 et
3427 5402 3576 5456 illam
3619 5422 3713 5459 ex-

2145 5481 2444 5546 tensionem
2476 5499 2530 5543 et
2559 5491 2875 5546 ulteriorem
2921 5490 3318 5558 dilatationem,
3351 5497 3562 5550 nullam
3590 5515 3716 5568 pro-

2142 5585 2317 5656 priam
2349 5583 2575 5655 ὓπαρξιν
2601 5592 2654 5639 et
2684 5582 2978 5638 ὑπόστασιν
2998 5625 3013 5651 ,
3051 5585 3424 5641 exsistentiam
3455 5597 3511 5643 et
3545 5590 3717 5662 b3110-

599 5737 831 5815 Pgajnas
860 5742 1109 5815 intellige
1142 5744 1398 5802 editionis
1431 5743 1758 5803 Parlsiensis
1785 5757 2016 5814 quarum
2059 5741 2257 5801 seriem
2298 5742 2469 5801 textui
2494 5741 2804 5804 Eusebiano
2838 5744 3184 5806 inserendam
3218 5748 3555 5806 curavimus.
3581 5747 3722 5804 Vide

475 5818 606 5866 tom.
635 5808 799 5866 XXIV
859 5811 1013 5868 Enn.
