4022 6208
299 263 440 328 1285

1523 272 1527 276 ’
1556 261 1913 322 MARCELLI
1952 259 2322 318 ANCYRANI.

3405 268 3428 325 ί
3437 269 3542 326 286

299 381 476 437 stasin
502 421 516 445 ,
556 378 758 434 habere
795 378 974 434 docet.
1013 379 1240 448 Verum,
1273 384 1319 440 si
1367 383 1609 440 Marcelli
1644 385 1762 440 loca
1814 382 1884 437 ab
1911 385 1956 442 A
1984 388 2095 437 tres
2146 382 2484 438 substantias
2516 389 2796 452 separatas
2828 389 2882 438 et
2928 381 3170 453 dispares
3218 384 3542 456 intelligere,

301 473 540 528 Eusebio
569 472 732 525 allata
752 472 898 528 serio
923 474 1322 544 expendantur,
1353 491 1460 532 non
1494 479 1566 531 ita
1602 476 1761 534 facile
1789 484 1874 532 est

301 565 355 619 in
383 564 700 620 Marcellum
733 567 1059 622 sententiam
1089 568 1294 636 dicere,
1317 577 1378 625 ut
1423 586 1550 627 mox
1592 586 1875 629 common-

299 653 588 709 strabitur.

906 769 1135 826 CAPUT
1180 770 1270 827 ΠΙ.

291 897 368 941 ’ΛΝ
397 901 678 941 κρικοειιο
707 901 995 941 ASCRIPTUS
1026 903 1202 942 BRROR
1238 903 1290 942 IN
1322 903 1445 943 EJUS
1475 901 1686 942 CONTRA
1715 904 1871 944 δετε-

586 973 714 1012 RIUI
744 973 901 1012 LIBRO
930 973 1264 1013 DEPREHENDI
1299 974 1588 1015 POTUEBIT.

306 1076 352 1131 l‘.
396 1074 635 1127 Asterius
683 1088 778 1141 pro
823 1072 1040 1126 Arianis
1097 1072 1316 1134 scribit,
1369 1080 1555 1126 contra
1606 1072 1870 1126 Asterium

372 1143 693 1208 Marcellus,
739 1161 886 1214 quem
936 1143 1135 1212 refutat
1167 1142 1449 1197 Eusebius.
1503 1145 1565 1198 ll.
1613 1144 1689 1196 An
1721 1142 1873 1214 Mar.

373 1217 534 1269 celius
588 1212 999 1268 dicat'Patrem
1040 1225 1090 1268 et
1133 1213 1356 1268 Verbum
1403 1215 1531 1269 solis
1577 1212 1873 1268 nominibus

373 1287 646 1354 distingui.
677 1283 760 1340 ιιι.
803 1284 886 1338 Αη
929 1285 1122 1338 dixerit
1159 1285 1381 1354 Verbum
1409 1285 1700 1354 ἀγέννητον
1735 1301 1867 1348 esse,

369 1366 421 1409 et
453 1352 656 1408 Filium
690 1372 791 1409 non
817 1356 979 1424 fuisse
1011 1364 1130 1409 ante
1159 1353 1410 1410 Mariam.
1455 1356 1538 1410 IV.
1585 1352 1694 1410 Cur
1731 1356 1874 1408 dicat

379 1425 605 1481 Verbum
638 1436 752 1494 post
781 1427 1196 1480 incarnationem
1220 1437 1422 1480 tantum
1453 1443 1566 1480 esse
1595 1427 1874 1494 imaginem

368 1496 502 1560 Dei,
538 1507 587 1552 et
616 1483 1019 1566 primogenitum
1051 1499 1221 1550 omnis
1268 1507 1544 1551 creatum.
1598 1498 1660 1552 V.
1699 1483 1764 1549 Ῐη
1810 1496 1878 1550 li-

371 1567 463 1622 bro
491 1567 742 1621 Marcelli
769 1568 902 1622 nihil
929 1577 1106 1636 aperte
1134 1585 1408 1622 erroneum
1444 1568 1608 1636 fuisse
1647 1567 1872 1621 videtur.

301 1679 344 1730 1.
359 1681 586 1732 Asterius
601 1695 691 1744 pro
707 1681 899 1731 Arianis
920 1682 1106 1738 scribit,
1131 1689 1298 1732 contra
1327 1683 1572 1732 Asterium
1594 1682 1875 1742 Marcellus,

774 1757 922 1806 quem
944 1745 1125 1795 refutat
1146 1744 1404 1794 Eusebius.

366 1838 721 1896 Asteriusille
747 1840 993 1911 supbista
1024 1842 1342 1905 circulator,
1373 1841 1485 1911 qui,
1522 1848 1580 1894 ut
1609 1840 1685 1895 ait
1709 1840 1871 1894 Atha-

299 1933 512 1996 nasius,
537 1944 819 2004 grassante
841 1934 896 1988 in
926 1933 1273 1990 Christianos
1315 1933 1634 1996 Maximino,
1664 1932 1868 1988 Christi

298 2023 512 2094 eiurata
559 2024 691 2092 ﬁde,
741 2025 904 2081 idolis
966 2026 1375 2091 immolaverat,
1433 2026 1678 2082 nascenti
1710 2025 1869 2079 Aria-

297 2105 482 2173 nismo
531 2135 729 2175 nomen
782 2119 968 2185 dedit,
1027 2120 1340 2191 librumque
1391 2120 1703 2190 evulgavit,
1758 2135 1869 2190 quo

297 2208 622 2264 catholicam
702 2209 1008 2265 doctrinam
1087 2209 1370 2280 impeteret
1403 2249 1418 2275 ,
1501 2209 1868 2279 Arianamque

295 2301 617 2356 vindicaret.
648 2301 934 2358 Marcellus
971 2318 1098 2358 vero
1145 2303 1367 2358 Arianis
1405 2318 1435 2356 a
1479 2303 1750 2373 principio
1781 2303 1867 2358 in-

295 2391 681 2458 fensissimus,
715 2393 990 2450 Asterium
1048 2395 1195 2450 edito
1249 2396 1513 2465 opusculo
1565 2394 1863 2459 rcfutavit,

294 2486 737 2558 Arianorumque
793 2487 1070 2558 principes
1133 2487 1427 2543 Eusebium
1485 2487 1866 2544 Nicomedien-

296 2593 434 2640 sem,
459 2576 753 2633 Eusebium
787 2577 1200 2642 Caesariensem,
1232 2577 1523 2632 Paulinum
1554 2577 1703 2648 Tyri,
1727 2576 1866 2630 Nar-

295 2666 502 2720 cissum
550 2665 872 2722 Neroniadis
903 2675 957 2722 et
987 2667 1122 2722 alios
1152 2669 1353 2737 passim
1402 2668 1590 2722 eodem
1625 2669 1677 2721 in
1722 2669 1863 2724 libro

295 2757 617 2813 lacessivit:
671 2773 779 2830 qua
821 2774 881 2813 re
924 2767 1206 2829 permotus
1255 2758 1522 2814 Eusebius
1560 2759 1850 2815 Cazsarieno

295 2853 397 2915 sis,
424 2853 664 2924 quinque
694 2852 865 2907 libros
911 2852 1082 2907 edidit
1110 2871 1122 2906 :
1155 2853 1244 2908 ubi
1278 2853 1603 2907 Arianorum
1638 2868 1860 2907 causam

295 2960 397 3016 pro
425 2944 634 3001 viribus
661 2945 976 3004 defendens.
1009 2961 1198 3002 eorum
1230 2947 1620 3016 antesignanos
1654 2959 1684 2999 a
1721 2945 1863 3001 Mar-

295 3037 438 3112 cello
470 3038 766 3108 exagitatos
801 3038 1054 3094 laudibus
1083 3039 1147 3093 ad
1186 3039 1367 3094 sidera
1399 3040 1574 3103 tollit,
1622 3039 1678 3093 in
1719 3039 1861 3093 Mar-

1979 487 2144 526 uuam
2178 481 2388 527 tantum
2423 472 2762 542 bypostasin,
2790 473 2924 535 sive,
2967 480 3024 526 ut
3068 473 3144 527 illi
3175 475 3542 544 explicabant,

1979 565 2342 621 substantiam
2375 566 2430 619 in
2470 565 2579 619 Deo
2608 581 2730 620 esse
2775 565 3206 634 contendebant;
3260 567 3332 621 ita
3363 577 3543 623 tamen

1977 665 2035 712 ut
2066 657 2301 722 Patrem,
2337 656 2534 711 Filium
2577 666 2631 712 et
2681 656 2938 728 Spiritum
2973 666 3244 722 sanctum,
3293 659 3461 712 alium
3490 668 3545 714 et

1977 747 2142 801 alium
2177 758 2230 803 et
2262 750 2427 802 alium
2454 763 2576 804 esse
2605 749 3018 818 proﬁterentur;
3054 749 3146 803 alii
3178 764 3306 804 vero
3338 751 3544 804 formu-

1977 838 2083 891 lam
2115 839 2276 893 trium
2304 840 2676 911 hypostasium
2710 840 2777 894 ad
2806 839 2970 894 trium
3007 840 3414 897 distinetionem
3443 857 3542 912 op-

1977 939 2264 998 portunam
2311 932 2600 997 admisere,
2636 931 2764 986 dum
2817 946 2976 986 unam
3038 934 3242 1003 pariter
3287 933 3541 988 substan-

1975 1021 2108 1074 tiam
2151 1022 2204 1075 in
2231 1021 2340 1076 Deo
2370 1038 2492 1078 esse
2517 1024 2780 1079 dicerent.
2810 1024 3143 1080 Athanasius
3170 1033 3348 1080 autem
3379 1027 3540 1081 modo

1978 1126 2164 1177 unam,
2220 1113 2380 1167 modo
2431 1122 2540 1168 tres
2576 1114 2631 1168 in
2687 1113 2796 1169 Deo
2835 1115 3155 1186 hypostases
3189 1117 3355 1183 dicit;
3400 1118 3541 1172 etin

1977 1201 2186 1271 synodo
2217 1201 2586 1256 Alexandrina
2616 1205 2741 1258 anui
2772 1204 2895 1268 562,
2926 1207 3015 1259 cui
3047 1214 3276 1275 praeerat
3300 1204 3543 1260 Athana-

1977 1294 2112 1359 sius,
2154 1295 2382 1350 liberum
2432 1311 2555 1353 esse
2589 1297 2845 1353 delinitur
2872 1302 2953 1354 vel
3007 1316 3167 1354 unam
3219 1301 3539 1372 bypostasin

1976 1387 2178 1452 dicere,
2217 1389 2345 1442 dum
2379 1389 2542 1444 trium
2575 1389 2853 1446 distinctio
2885 1404 3150 1458 servetur,
3181 1395 3266 1449 vel
3297 1403 3408 1449 tres
3440 1395 3540 1465 hy-

1976 1487 2222 1549 postases
2275 1481 2556 1551 proﬁteri,
2614 1483 2744 1537 dum
2806 1499 2913 1538 una
2968 1494 3173 1540 tantum
3231 1487 3540 1542 substantia

1977 1569 2210 1625 dicatur.
2251 1571 2368 1626 Non
2406 1574 2708 1644 culpandus
2754 1589 2882 1646 ergo
2913 1575 3220 1639 Marcellus,
3257 1578 3401 1647 quod
3429 1576 3538 1631 Pa-

1980 1668 2116 1717 trem
2151 1670 2204 1717 et
2235 1662 2470 1718 Verbum
2503 1666 2782 1736 hypostasi
2811 1683 2981 1721 unum
3010 1684 3132 1723 esse
3159 1669 3374 1732 dixerit,
3407 1669 3538 1723 dum

1905 1741 1951 1800 Β
1979 1753 2144 1807 alium
2193 1763 2246 1809 et
2276 1755 2440 1810 alium
2472 1772 2594 1813 esse
2625 1760 2908 1828 professus
2953 1759 3044 1823 sit,
3096 1775 3196 1814 nec
3228 1761 3540 1816 distinctio-

1970 1859 2093 1897 nem
2122 1845 2430 1900 abstulerit.
2469 1848 2526 1902 ld
2575 1864 2704 1904 vero
2730 1866 2796 1904 ex
2819 1851 2999 1905 allatis
3027 1851 3094 1907 ab
3133 1851 3368 1907 Eusebio
3393 1853 3537 1907 Mar-

1970 1934 2092 1988 celli
2141 1935 2278 1989 locis
2307 1937 2727 1993 examinandum
2757 1940 2926 1994 venit.
2975 1940 3065 1994 Ait
3107 1941 3272 2011 igitur
3307 1941 3536 1997 Marcel-

1969 2024 2054 2079 lus
2098 2025 2173 2096 (p.
2229 2028 2347 2097 55),
2402 2029 2674 2085 referente
2722 2030 3000 2088 Eusebio:
3032 2033 3238 2086 Οὐκοῦν
3281 2034 3387 2105 πρὸ
3436 2035 3535 2106 μὲν

1967 2119 2059 2172 τοῦ
2089 2122 2386 2190 κατελθεῖν,
2433 2125 2528 2178 καὶ
2558 2124 2646 2177 διὰ
2675 2124 2776 2194 τῆς
2804 2125 3077 2196 Παρθένου
3113 2125 3385 2197 τεχθῆναι,
3434 2127 3538 2180 Λό-

1966 2228 2062 2280 γος
2099 2209 2167 2284 ἦν
2223 2215 2401 2284 μόνον.
2446 2217 2596 2269 Ἐπεὶ¹
2620 2217 2673 2270 τι
2705 2216 2891 2287 ἕτερον
2929 2212 3019 2287 ἦν,
3059 2217 3165 2288 πρὸ
3191 2217 3283 2270 τοῦ
3310 2218 3409 2290 τὴν
3451 2220 3538 2272 ἀν-

1968 2303 2240 2376 θρωπίνην
2269 2306 2556 2360 ἀναλαϐεῖν
2592 2309 2790 2378 σάρκα,
2819 2309 2880 2362 τὸ
2907 2308 3163 2362 κατελθὸν
3193 2311 3278 2362 ἐπ’
3311 2310 3536 2380 ἔσχατον

1963 2395 2072 2450 τῶν
2103 2397 2344 2468 ἡμερῶν,
2372 2399 2448 2462 ὠς
2483 2401 2576 2453 καὶ⁵
2602 2401 2761 2465 αὐτὸς
2782 2401 3041 2475 γέγραφε,
3070 2403 3160 2456 καὶ
3187 2403 3248 2455 τὸ
3279 2403 3534 2474 γεννηθὲν

1964 2490 2028 2542 ὲκ
2059 2490 2159 2561 τῆς
2190 2492 2498 2564 Παρθένου;
2531 2495 2696 2547 Οὐδὲν
2741 2494 2925 2564 ἕτερον
2953 2494 2986 2565 ἢ
3021 2494 3214 2562 Λόγος.
3263 2494 3375 2550 Hoc
3405 2507 3487 2550 est
3514 2515 3528 2550 :

1965 2580 2153 2652 Itaque
2201 2584 2507 2653 priusquam
2547 2583 2897 2651 descenderet,
2948 2595 2997 2640 et
3061 2601 3126 2640 ex
3180 2585 3389 2656 Virgine
3436 2603 3534 2640 na-

1963 2682 2212 2736 sceretur,
2257 2672 2474 2726 Verbum
2521 2683 2637 2727 erat
2666 2673 3015 2728 solummodo.
3054 2672 3198 2727 Nam
3227 2676 3350 2744 quid
3383 2674 3533 2728 aliud

1963 2772 2099 2827 erat,
2149 2765 2457 2834 priusquam
2515 2766 2801 2818 humanam
2852 2777 3061 2820 carnem
3106 2775 3436 2830 assumeret,
3479 2765 3534 2820 id

1963 2855 2098 2925 quod
2127 2856 2179 2908 in
2212 2856 2505 2910 novissimis
2561 2856 2742 2911 diebus
2777 2856 3040 2911 descendit
3070 2857 3532 2927 (quemadmodum

1963 2946 2072 3015 ipse
2121 2947 2345 3012 scribit),
2377 2956 2426 3000 et
2466 2949 2602 3017 quod
2633 2952 2695 3002 de
2755 2948 2962 3020 Virgine
3010 2959 3192 3003 natum
3221 2951 3344 3004 est?
3379 2945 3533 3004 Nihil

1965 3038 2111 3091 aliud
2159 3056 2317 3110 quam
2377 3039 2622 3095 Verbum.
2672 3041 2963 3098 Marcellus
3013 3058 3165 3110 sane,
3202 3044 3296 3114 qui
3343 3054 3534 3098 contra

295 3109 604 3200 collumque
632 3129 1038 3187 Sabellianismi
1061 3132 1282 3187 nomine
1316 3132 1517 3186 acriter
1561 3131 1858 3187 invehitur.
1889 3097 1931 3153 θ
1971 3127 2262 3183 Sabellium
2297 3145 2485 3199 agens,
2526 3129 2741 3185 Patrem
2797 3141 2959 3203 negat
3007 3097 3369 3198 incarnatum,
3420 3134 3535 3188 haec

298 3220 413 3275 Sub
445 3225 560 3276 haec
584 3233 763 3277 autem
796 3223 863 3278 de
890 3211 1131 3279 Marcelli
1193 3224 1463 3280 sententia
1509 3223 1671 3279 etiam
1727 3225 1867 3280 inter

297 3315 608 3376 Catholicos
668 3318 1004 3386 disputatum
1061 3325 1182 3382 est:
1221 3317 1342 3371 aliis
1391 3316 1517 3386 jure
1546 3325 1865 3372 accusatum

297 3407 612 3462 Marcellum
671 3410 1072 3479 pugnantibus;
1129 3409 1251 3463 aliis
1316 3425 1505 3464 sanam
1567 3409 1689 3479 ejus
1745 3420 1867 3464 esse

297 3489 459 3553 ﬁdem
514 3499 811 3554 tuentibus.
864 3501 973 3555 Nos
1012 3499 1195 3570 igitur,
1249 3500 1564 3569 ponderatis
1603 3500 1767 3556 rebus
1813 3509 1868 3557 et

296 3593 552 3663 expensis
589 3593 807 3647 Eusebii
867 3593 1313 3649 accusationibus
1337 3633 1352 3659 ,
1403 3593 1532 3664 quid
1571 3593 1642 3647 sit
1676 3593 1767 3647 illa
1800 3593 1868 3649 de

298 3700 358 3740 re
387 3685 730 3759 sentiendum
763 3685 1165 3756 indagabimus.

299 3796 360 3849 ΙΙ.
383 3799 462 3849 An
480 3799 740 3850 Marcellus
761 3801 890 3849 dicat
916 3800 1112 3911 Pstgﬁm
1138 3806 1191 3911 eit
1211 3799 1430 3850 Verbum
1453 3799 1572 3850 solis
1593 3799 1868 3850 nominibus

987 3877 1000 3910 1
1069 3877 1164 3911 "Eu
1191 3900 1202 3911 .

987 3877 1202 3924 tsungur.

368 3955 519 4010 Hanc
549 3957 725 4026 primo
771 3956 825 4010 in
878 3955 1193 4010 Marcellum
1242 3956 1679 4012 criminationem
1712 3954 1867 4011 aﬁert

300 4045 566 4109 Eusebius
600 4046 676 4118 (p.
729 4048 806 4118 5)⁹
845 4046 992 4116 quod
1026 4047 1248 4112 dixerit,
1297 4045 1534 4102 Verbum
1567 4049 1636 4102 ab
1665 4057 1866 4102 aeterno

301 4156 467 4195 unum
510 4156 632 4196 esse
665 4155 787 4194 cum
838 4139 999 4194 Patre
1029 4140 1185 4210 οὐσίᾳ
1216 4140 1309 4193 καὶ
1340 4140 1652 4203 ὑποστάσει,
1681 4156 1868 4196 essen-

299 4233 374 4286 tia
401 4239 455 4288 et
479 4232 793 4302 hypostasi;
830 4232 902 4285 ita
934 4240 991 4285 ut
1013 4233 1145 4287 solis
1171 4233 1483 4287 nominibus
1506 4240 1694 4288 mutuo
1723 4232 1868 4288 diﬁ'e-

299 4334 424 4379 rant
457 4344 469 4378 :
502 4340 734 4394 esseque
785 4322 1023 4378 Verbum
1085 4336 1345 4379 aeternum
1409 4334 1463 4381 et
1519 4325 1863 4395 ingenitum:

1968 3221 2210 3276 scribere
2257 3236 2364 3276 non
2414 3224 2612 3291 potuit,
2645 3223 2778 3292 quin
2810 3222 3046 3278 Verbum
3081 3240 3112 3278 a
3140 3225 3300 3281 Patre
3338 3227 3533 3282 distin-

1967 3319 2115 3366 ctum
2151 3312 2414 3366 crederet.
2447 3311 2514 3365 Et
2551 3315 2740 3382 paucis
2769 3315 3106 3384 interpositis
3151 3316 3265 3370 haec
3295 3317 3533 3375 Marcelli

1966 3403 2130 3458 verba
2161 3402 2497 3458 aﬁ'erutitur:
2529 3403 2712 3458 Discat
2742 3405 2922 3475 igitur,
2963 3405 3184 3458 Verbum
3211 3406 3326 3474 Dei,
3347 3424 3449 3461 non
3472 3419 3532 3462 ut

1966 3494 2048 3547 illi
2077 3494 2274 3558 uolunt,
2313 3494 2536 3548 Verbum
2567 3497 3369 3566 καταχρηστικῶς-αρρειιαιιιηι
3387 3514 3406 3563 ;
3434 3499 3525 3553 sed

1967 3583 2103 3655 quod
2127 3601 2324 3650 revera,
2345 3585 2419 3648 ὡς
2450 3584 2682 3655 ἀληθῶς,
2703 3587 3004 3650 exsistebat,
3042 3587 3282 3643 Verbum.
3310 3587 3431 3654 Ubi,
3464 3591 3532 3644 il-

1968 3675 2082 3740 lud,
2114 3693 2313 3741 revera,
2345 3675 2580 3732 Verbum
2623 3678 2901 3733 exstitisse
2946 3695 3068 3734 vere
3093 3687 3146 3734 et
3176 3695 3271 3749 per
3317 3696 3394 3746 se,
3429 3695 3532 3735 nec

1967 3784 2134 3822 unum
2183 3779 2235 3824 et
2286 3769 2428 3843 idem
2476 3785 2600 3825 cum
2645 3768 2808 3825 Patre
2859 3762 3049 3836 fuisse,
3099 3770 3340 3827 denotat.
3387 3771 3531 3826 Alibi

1966 3862 2210 3932 vero-(p.
2245 3861 2334 3931 59')
2368 3863 2444 3915 ait
2490 3861 2778 3917 Marcellus
2809 3863 2959 3934 εΠρὸ
2999 3863 3108 3936 γὰρ
3138 3863 3238 3934 τῆς
3277 3863 3535 3935 δημιουρ-

1966 3951 2090 4019 γίας
2119 3952 2333 4022 ἁπάσης
2364 3951 2562 4022 ἡσυχία
2609 3970 2692 4016 τις
2720 3948 2809 4023 ἦν,
2856 3953 2932 4016 ὡς
2965 3953 3132 4016 εἰκὸς,
3180 3953 3256 4006 ἐν’
3287 3952 3364 4023 τῷ
3415 3951 3534 4023 Θεῷ

1965 4043 2059 4096 τοῦ
2088 4043 2260 4111 Λόγου
2290 4043 2461 4106 ὄντος.
2486 4043 2598 4098 Hoc
2630 4053 2713 4100 est
2737 4063 2750 4098 :
2785 4043 2918 4098 Ante
2943 4061 3145 4098 omnem
3175 4061 3350 4099 rerum
3389 4060 3536 4098 crea-

1970 4136 2160 4190 tionem
2209 4145 2347 4199 erat,
2383 4145 2439 4188 ut
2481 4151 2580 4204 par
2618 4145 2696 4190 est
2733 4120 2980 4202 credere;
2999 4139 3142 4210 quies
3190 4139 3244 4192 in
3283 4138 3413 4204 Deo,
3444 4155 3535 4194 ex-

1966 4229 2176 4281 sistente
2233 4226 2372 4296 apud
2424 4227 2592 4282 Deum
2651 4228 2839 4283 Verbo.
2909 4228 3014 4285 Ubi
3067 4231 3201 4284 nihil
3267 4246 3375 4284 non
3429 4230 3537 4284 Ca-

1967 4317 2228 4372 tholicum
2283 4317 2656 4387 deprehendas
2691 4337 2704 4373 :
2737 4335 2863 4373 nam
2909 4320 3054 4390 quod
3104 4320 3239 4374 dicit
3293 4320 3534 4376 Verbum

299 4415 470 4484 quod,
506 4423 564 4469 ut
616 4416 694 4470 ait
757 4415 866 4478 ille,
914 4416 1190 4486 ipsissima
1244 4424 1328 4472 est
1377 4414 1597 4471 Sabellii
1657 4417 1861 4487 opinio.
1897 4432 1942 4489 υ
1969 4425 2090 4466 esse
2116 4410 2169 4463 in
2189 4409 2298 4464 Deo
2329 4411 2410 4465 vel
2441 4411 2583 4482 apud
2610 4411 2799 4479 Deum,
2822 4411 3048 4468 Joannis
3077 4423 3180 4469 est.
3207 4413 3418 4469 Etenim
3441 4415 3534 4468 alii

299 4507 455 4575 Quod
505 4517 684 4562 autem
729 4506 889 4561 Pater
918 4515 971 4563 et
1003 4507 1239 4562 Verbum
1284 4508 1442 4580 οὐσία
1488 4508 1602 4564 sive
1627 4509 1866 4565 essentia

300 4617 471 4655 unum
504 4609 708 4667 essent,
740 4601 792 4656 id
824 4601 1089 4656 Catholici
1133 4617 1324 4656 omnes
1354 4601 1608 4656 dicebant
1635 4619 1649 4668 ;
1676 4602 1867 4656 Ariani

299 4707 432 4747 vero
470 4693 714 4748 diversas
761 4694 816 4748 in
847 4692 1008 4748 Patre
1045 4702 1099 4749 et
1132 4692 1308 4749 Verbo
1347 4702 1400 4748 et
1433 4701 1712 4762 separatas
1749 4693 1867 4748 dis-

299 4798 568 4853 paresque
620 4785 892 4839 essentias
930 4798 1052 4838 esse
1085 4783 1489 4838 contendebant
1548 4801 1562 4837 :
1603 4783 1870 4852 idipsum-

300 4891 407 4943 que
434 4882 635 4946 pugnat
666 4875 936 4931 Eusebius
963 4885 1022 4930 ut
1047 4876 1101 4930 in
1130 4874 1583 4944 praeliminaribus
1619 4873 1686 4928 ad
1714 4889 1870 4928 com-

301 4969 567 5022 mentaria
596 4969 651 5021 in
682 4967 926 5022 Psalmos
972 4967 1380 5038 comprobatum
1413 4975 1516 5022 est.
1570 4965 1643 5021 De
1691 4967 1871 5038 bypo-

303 5059 458 5126 stasi,
505 5061 819 5127 ὑποστάσει,
876 5076 1006 5116 vero
1054 5063 1282 5130 quaestio
1335 5069 1451 5116 erat
1513 5061 1675 5116 etiam
1724 5061 1865 5114 inter

212 5225 221 5238 ἲ
302 5153 653 5208 Catholicos.
686 5170 917 5223 quorum
959 5153 1050 5208 alii
1099 5165 1208 5210 tres
1243 5155 1564 5225 bypostases
1595 5154 1649 5207 iu
1680 5151 1867 5207 Trini-

217 5267 222 5274 -
306 5253 416 5300 tate
456 5245 868 5316 proﬁtebantur,
901 5247 992 5301 alii
1029 5261 1212 5312 unam,
1257 5262 1366 5301 non
1409 5263 1487 5313 re,
1521 5245 1616 5302 sed
1645 5247 1865 5300 nomine

226 5353 235 5364 ’
305 5351 513 5394 tantum
559 5342 698 5398 inter
727 5357 785 5396 se
817 5341 1211 5410 discrepantes.
1252 5339 1387 5394 Nam
1417 5356 1543 5395 cum
1576 5340 1765 5393 Ariani
1803 5339 1871 5392 ab

305 5446 496 5488 exortu
531 5435 800 5491 haereseos
843 5441 956 5490 tres
995 5434 1316 5504 hypostases
1352 5433 1406 5486 in
1442 5433 1706 5487 Trinitate
1740 5447 1868 5501 pro-

305 5523 438 5580 fessi
481 5535 684 5589 essent,
731 5541 795 5580 ac
846 5527 1163 5588 ὑπόστασις,
1194 5534 1331 5580 teste
1373 5525 1697 5588 Athanasio,
1740 5524 1872 5579 sub-

307 5621 565 5674 stantiam
594 5635 660 5674 ex
693 5635 752 5674 se
791 5617 1092 5690 signiﬁcet;
1122 5617 1277 5670 multi
1317 5615 1728 5671 Catholicorum
1757 5630 1867 5670 non

307 5712 476 5769 nescii
535 5711 789 5773 Arianos,
827 5710 954 5767 dum
1004 5717 1115 5767 tres
1166 5710 1486 5778 bypostases
1533 5707 1867 5776 proferrent,
1912 5781 1946 5796 ﬂ

1970 4519 2037 4560 ex
2081 4501 2181 4558 SS.
2211 4503 2484 4567 Patribus,
2532 4504 2585 4558 in
2615 4505 2814 4574 quibus
2841 4505 3175 4560 Athanasius
3217 4506 3441 4577 passim,
3481 4512 3536 4559 et

1969 4598 2328 4668 Augustinus,
2355 4597 2592 4667 idipsum
2620 4613 2764 4663 esse,
2800 4597 2934 4670 πρὸς
2965 4597 3058 4649 τὸν
3083 4597 3215 4652 Θεὸν
3243 4597 3336 4649 καὶ
3375 4597 3432 4648 ὲν
3457 4594 3538 4666 τῷ

1969 4689 2109 4760 Θεῷ,
2137 4687 2275 4756 apud
2305 4687 2474 4742 Deum
2506 4699 2555 4742 et
2584 4688 2637 4742 in
2674 4687 2783 4742 Deo
2813 4704 2935 4743 esse
2964 4687 3253 4754 dicebant;
3286 4687 3376 4742 alii
3408 4702 3537 4740 vero

1970 4795 2024 4840 et
2047 4784 2266 4856 quidem
2302 4797 2500 4853 magno
2527 4799 2776 4847 numero,
2810 4783 2943 4838 illud
2978 4784 3034 4835 ὲν
3057 4782 3134 4853 τῷ
3155 4781 3293 4853 Θεῷ,
3322 4782 3447 4852 quia
3482 4781 3535 4834 in

1971 4877 2262 4947 Evangelio
2281 4877 2353 4930 ita
2369 4892 2476 4930 non
2500 4877 2720 4948 legitur,
2744 4881 3056 4945 suspectum
3074 4873 3382 4928 habebant:
3412 4886 3536 4924 nam

1971 4971 2116 5042 quod
2138 4970 2402 5034 Pauliani,
2425 4970 2741 5035 Sabelliani,
2780 4966 3132 5029 Marcelliani,
3152 4971 3206 5020 et
3226 4962 3536 5018 Photiniani

1972 5063 2218 5134 forteque
2239 5064 2351 5129 alii,
2389 5063 2568 5118 omnis
2588 5063 2728 5116 inter
2748 5059 2966 5114 Patrem
2993 5068 3044 5112 et
3073 5055 3266 5110 Filium
3290 5054 3539 5110 tollenda:

1971 5157 2343 5212 distinctionis
2371 5171 2562 5220 causa,
2593 5157 2694 5210 hac
2720 5152 2976 5225 loquendi
3010 5151 3220 5205 ratione
3250 5150 3542 5204 abuteren-

1972 5255 2083 5311 tur,
2133 5249 2267 5303 illud
2318 5251 2376 5302 ὲν
2421 5250 2498 5321 τῷ
2545 5249 2683 5320 Θεῷ,
2709 5247 3047 5318 rejiciebant.
3099 5241 3257 5309 Quod
3306 5257 3436 5297 vero
3466 5243 3540 5294 ait

1972 5339 2278 5406 Marcellus,
2321 5349 2446 5398 ante
2469 5343 2800 5396 creationem
2834 5339 3007 5393 fuisse
3050 5337 3287 5407 quietem
3323 5335 3377 5388 in
3411 5332 3540 5398 Deo,

1973 5434 2086 5489 sive
2126 5432 2418 5497 silentium,
2452 5441 2511 5486 ut
2538 5433 2676 5489 alias
2717 5432 3001 5501 loquitur;
3045 5427 3098 5482 id
3147 5441 3332 5482 sanam
3382 5423 3541 5479 ﬁdem

1973 5526 2109 5580 nihil
2136 5525 2298 5580 laedit.
2331 5523 2482 5580 Licet
2517 5525 2661 5580 enim
2689 5524 2742 5578 in
2773 5522 2886 5577 Deo
2920 5521 3067 5576 nulla
3101 5516 3430 5572 conditionis
3459 5515 3543 5571 vel

1974 5625 2150 5674 status
2201 5617 2430 5673 mutatio
2463 5631 2592 5672 vere
2639 5615 2892 5679 exsistat,
2941 5621 2995 5667 et
3035 5609 3276 5666 Verbum
3320 5605 3544 5677 perinde

1976 5719 2122 5770 ante.
2170 5724 2334 5768 uuam
2381 5716 2506 5767 post
2553 5707 2884 5765 creationem
2915 5712 2969 5763 et.
3009 5701 3444 5761 incarnationem
3487 5698 3543 5750 in
