3984 6212
447 233 584 286 19.87

1686 214 1772 273 DE
1810 211 1967 272 VlTA
2000 212 2085 266 ΕΤ
2121 211 2427 269 SCRIPTIS

3519 200 3661 255 1288

449 348 558 402 lleo
592 346 749 401 Patre
790 345 1051 400 manserit
1079 350 1132 399 et
1159 350 1406 407 maneat;
1452 339 1690 394 humano
1710 345 1889 391 tamen
1923 334 2000 388 lo-
2028 337 2076 391 Α
2101 343 2153 388 et
2181 333 2571 394 extensionem,
2604 344 2766 396 quam
2796 326 3095 384 secumlum
3144 319 3384 376 Marcelli
3439 329 3663 372 senten-

448 438 645 509 quendi
675 453 842 502 more,
887 434 1259 494 descendisse,
1285 432 1505 496 esiisse,
1531 444 1811 498 egressum
1857 441 1999 490 esse,

450 529 756 599 pariterque
776 526 1057 595 quiescere
1078 531 1132 578 et
1154 523 1310 578 silere
1335 522 1554 576 dicitur.
1571 517 1739 572 Paulo
1761 525 1880 587 post
1903 532 2001 570 au-

449 627 554 672 tem
593 625 666 684 (μ.
700 616 789 684 40)
827 616 940 670 Ιιεθο
983 614 1220 669 Marcelli
1264 614 1430 668 verba
1460 611 1805 667 vehementer
1831 606 2004 676 carpit

449 712 756 768 Eusebius:
793 709 999 766 Sciebat
1022 721 1198 764 autem
1237 707 1368 762 illud
1407 708 1708 767 conducere,
1743 712 1800 756 ut
1827 700 2005 756 crede-

449 816 559 860 rent
622 822 782 858 unum
851 803 1011 856 Deum
1057 818 1189 857 esse.
1228 799 1355 854 Ideo
1405 799 1481 853 sic
1527 814 1644 852 eum
1671 795 1958 865 alloquitur
1985 808 2004 847 :

454 919 472 950 ι
537 897 645 968 Ego
698 909 814 952 sum
871 897 959 966 qui
1021 912 1138 950 sum
1180 895 1236 958 ’ς
1297 912 1316 945 ι
1385 900 1442 944 ut
1487 901 1639 944 extra
1699 905 1754 943 se
1800 888 2004 942 nullum

436 993 613 1056 ‘nlium
675 1006 786 1044 esse
844 989 1013 1042 Deum
1088 986 1315 1041 doceret.
1379 982 1618 1036 Proclive
1669 991 1745 1035 est
1805 989 2003 1042 autent,

448 1095 505 1138 ut
553 1082 804 1146 arbitror,
855 1082 1038 1150 cuique
1082 1075 1345 1148 prudenti,
1389 1074 1442 1128 id
1490 1073 1553 1127 ab
1599 1073 1826 1126 humano
1875 1087 2006 1142 quo-

448 1177 595 1239 dam,
645 1177 832 1245 exiguo
871 1181 919 1227 et
961 1171 1148 1225 humili
1202 1168 1435 1236 exemplo
1490 1161 1818 1234 intelligere:
1847 1176 2008 1232 neque

452 1269 586 1322 enim
634 1274 801 1336 potest
848 1265 1122 1333 quisquam
1173 1258 1382 1314 verbum
1413 1257 1639 1310 hominis
1679 1255 1910 1323 potentia
1957 1261 2006 1305 et

455 1360 750 1415 substantia
781 1367 1042 1420 separare.
1084 1352 1252 1408 Unum
1284 1361 1362 1406 est
1389 1353 1527 1405 enim
1555 1358 1708 1418 atque
1732 1345 1866 1400 idem
1890 1361 2006 1399 cum

455 1453 658 1506 homine
691 1450 914 1505 Verbum
935 1464 954 1501 :
985 1461 1105 1518 quae
1142 1446 1185 1501 si
1217 1443 1446 1500 seorsim
1487 1443 1556 1496 ab
1585 1441 1706 1495 aliis
1737 1439 2008 1508 accipian-

456 1552 563 1609 tur,
595 1560 624 1597 a
662 1554 810 1599 recta
853 1555 984 1596 sane
1029 1538 1132 1593 [ide
1175 1537 1508 1590 desciscunt.
1549 1531 1747 1586 Verum
1779 1547 1845 1585 ex
1889 1529 2010 1584 aliis

456 1635 696 1690 Marcelli
743 1633 880 1688 locis
926 1631 1102 1701 palam
1158 1627 1372 1683 videtur
1425 1623 2011 1694 eumocomparatione

458 1726 694 1780 hominis
734 1732 788 1778 ct
838 1723 984 1778 verbi
1029 1722 1114 1776 sui
1147 1721 1257 1787 uti;
1307 1730 1365 1774 ut
1412 1718 1727 1788 comprobet
1776 1715 2012 1770 Verbum

463 1833 623 1872 unam
665 1827 718 1874 et
748 1817 1013 1880 eamdem,
1045 1830 1204 1884 quam
1238 1813 1396 1867 Pater
1426 1811 1609 1874 habet,
1653 1810 2014 1865 substantiam

459 1908 662 1963 habere
690 1927 701 1961 :
731 1922 853 1961 nam
889 1906 1048 1975 paulo
1083 1905 1309 1958 inferius
1340 1904 1452 1957 haec
1485 1901 1722 1956 Marcelli
1749 1900 1908 1954 verba
1940 1899 2016 1952 le-

460 2009 703 2070 guntur:
741 1999 836 2060 Ti;
885 1997 992 2068 γὰρ
1017 1996 1188 2058 οὕτως
1239 1996 1271 2068 ἢ
1318 1995 1428 2048 τῶν
1478 1995 1643 2062 ἁγίων
1687 1989 1931 2060 ἀγγέλων
1980 1989 2012 2061 ἦ

459 2090 566 2144 τῶν
598 2090 805 2160 ἀνδρῶν
835 2089 1058 2142 δικαίων
1087 2088 1395 2154 ἀξιόπιστος
1419 2082 1506 2156 ἦν,
1533 2086 1629 2156 τὴν
1669 2087 1732 2138 ὲκ
1759 2083 1851 2137 τοῦ
1881 2081 2014 2135 Θεοῦ

461 2177 750 2250 προσώπου
793 2176 1100 2247 ὁρισθεῖσαν
1132 2175 1280 2247 αὐτῷ
1311 2175 1578 2246 τιμωρίαν
1606 2173 1794 2226 λῦσαι·
1841 2174 1889 2224 εἰ
1943 2170 2018 2240 μὴ

462 2269 624 2333 αὐτὸς
656 2272 683 2323 ὁ
722 2269 890 2336 Λόγος
933 2270 961 2322 ὁ
1005 2267 1307 2340 συμπαρὼν
1351 2269 1444 2322 καὶ
1477 2267 1854 2338 συμπλάττων,
1885 2268 2019 2336 πρὸς

460 2363 518 2414 ὃν
545 2362 573 2415 ὁ
605 2360 810 2430 Πατὴρ,
844 2358 1191 2428 Ποιήσωμεν
1231 2359 1560 2426 ἄνθρωπον,
1595 2357 1720 2426 ἔφη,
1746 2355 1845 2409 οὐκ
1871 2355 2019 2417 δντος

462 2453 649 2522 ἑτέρου
697 2449 829 2502 Θεοῦ
862 2449 954 2502 τοῦ
990 2449 1354 2520 συμπλάττειν
1401 2449 1547 2518 αὑτῷ
1591 2449 1920 2518 δυναμένου;
1965 2445 2020 2499 ld

462 2553 545 2596 est
578 2559 592 2595 :
630 2540 762 2606 Quis
808 2544 944 2594 enim
991 2549 1140 2593 tanta
1169 2539 1427 2607 dignitate
1460 2541 1580 2606 fuit,
1613 2537 1690 2591 vel
1717 2545 2020 2589 sanctorum

464 2632 792 2704 angelorum,
823 2631 900 2684 cel
922 2631 1190 2700 justorum
1221 2631 1472 2691 virorum,
1495 2629 1584 2698 qui
1609 2629 1926 2681 destinatum
1958 2639 2022 2678 ea:

461 2739 684 2791 persona
713 2721 803 2776 Dei
830 2722 1025 2774 homini
1051 2719 1361 2788 supplicium
1390 2721 1628 2780 solveret,
1661 2719 1762 2770 nisi
1802 2715 2021 2770 Verbum

463 2817 656 2877 solum,
681 2813 816 2884 quod
849 2830 952 2866 una
983 2811 1089 2866 Deo
1122 2811 1326 2874 aderat,
1360 2821 1408 2864 et
1437 2827 1542 2863 una
1587 2826 1702 2863 cum
1732 2810 1825 2862 illo
1863 2809 2022 2878 e/for-

464 2907 642 2960 mabat
671 2904 929 2958 hominem
953 2918 972 2956 :
1003 2901 1070 2955 ad
1103 2918 1252 2972 quem
1299 2900 1461 2954 Pater
1491 2899 1733 2954 dicebat:
1770 2916 1787 2948 ι
1828 2896 2022 2952 Facia-

2105 427 2233 482 tiam
2266 424 2502 480 Verbum
2536 423 2704 479 fuisse
2745 429 2970 474 narrant
3002 416 3236 470 Basilius
3263 422 3320 467 et
3351 409 3672 465 Theodore-

2103 529 2212 583 tus,
2264 536 2332 576 ne
2375 518 2542 574 semel
2583 516 2799 585 quidem
2857 521 3120 568 memorat
3167 507 3442 562 Eusebius
3483 503 3672 558 Caesa-

2102 613 2300 668 riensis
2329 630 2342 664 :
2375 611 2516 666 unde
2560 610 2736 679 palam
2781 607 2852 662 sit
2901 607 2956 658 in
3005 603 3144 657 libro
3189 598 3429 654 Marcelli
3475 607 3672 651 contra

2104 705 2367 760 Asterium
2398 702 2530 758 nihil
2553 699 2864 770 bujusmodi
2889 695 3286 768 deprehensum
3312 706 3448 746 esse.

2101 819 2186 870 Ill.
2211 820 2288 870 Au
2307 815 2490 869 dixerit
2509 816 2720 867 Verbum
2753 829 2938 872 ἀτιννητω
2961 826 3092 870 esse,
3117 815 3170 860 et
3188 804 3373 860 Filium
3393 821 3482 856 no
3504 806 3667 856 tuisse

2709 887 2823 927 ante
2845 873 3052 924 Mariam.

2173 987 2253 1042 Ad
2273 987 2386 1040 haec
2402 984 2653 1040 Marcello
2674 982 2888 1037 crimini
2912 981 3001 1035 dat
3024 978 3312 1036 Eusebius.
3342 973 3492 1046 quod
3518 973 3670 1026 dixev

2104 1082 2197 1145 rit,
2229 1077 2464 1133 Verbum
2507 1075 2802 1146 ingenitum
2836 1088 2956 1128 esse
2988 1088 3052 1126 ac
3092 1078 3220 1124 tunc
3247 1069 3428 1123 solum
3473 1063 3672 1118 Filium

2105 1172 2202 1226 Dei
2236 1169 2435 1224 factum
2464 1167 2649 1230 fuisse,
2681 1182 2804 1220 cum
2825 1179 3040 1219 carnem
3061 1162 3356 1231 assumpsit
3372 1176 3440 1214 ex
3472 1157 3673 1212 Maria.

2107 1263 2305 1319 Verum
2330 1276 2434 1316 non
2461 1268 2545 1317 sat
2575 1259 2677 1314 sibi
2709 1267 2958 1314 constare
2982 1256 3194 1310 videtur
3214 1253 3518 1308 Eusebius:
3547 1263 3676 1304 nam

2109 1355 2162 1410 in
2193 1352 2462 1422 excerptis
2505 1350 2743 1406 Marcelli
2789 1365 2908 1420 quae
2941 1347 3112 1412 allert,
3143 1362 3340 1400 nomen
3393 1343 3582 1396 Patris
3620 1349 3677 1394 et

2108 1446 2254 1510 Filii,
2311 1444 2489 1498 Patris
2548 1443 2674 1497 item
2718 1451 2773 1496 et
2825 1439 3027 1503 Verbi,
3077 1441 3237 1492 etiam
3274 1453 3373 1507 pro
3429 1445 3675 1504 tempore

2110 1537 2439 1592 creationem
2483 1532 2830 1588 antecedente
2859 1532 3060 1601 passim
3091 1536 3416 1598 usurpatum
3445 1527 3674 1589 videas;

2116 1628 2217 1683 sub
2248 1627 2459 1682 initium
2489 1639 2619 1694 ergo
2648 1625 2742 1677 lib.
2784 1637 2825 1689 ι,
2863 1638 2918 1692 p.
2953 1621 2987 1675 4
3015 1628 3071 1676 et
3096 1623 3149 1684 5,
3183 1621 3321 1674 hanc
3350 1619 3504 1673 elIert
3531 1615 3676 1670 Mar-

2116 1718 2236 1775 celli
2262 1718 2582 1773 sententiam
2611 1735 2623 1769 :
2656 1716 2822 1784 Λόγον
2864 1711 3022 1768 αὐτὸν
3056 1713 3211 1784 μόνον
3243 1713 3420 1774 διδοὺς
3456 1709 3671 1781 ἡνωμέ-

2116 1823 2205 1862 νον
2235 1807 2310 1878 τῷ
2337 1806 2452 1877 Θεῷ
2471 1824 2484 1836 ·
2517 1807 2610 1861 καὶ
2651 1807 2805 1859 τοῦτο
2848 1801 2986 1859 εἶναι
3030 1805 3194 1859 ἀΐδιον
3239 1804 3330 1857 καὶ
3360 1803 3674 1872 ἀγέννητον,

2116 1899 2172 1954 ἓν
2195 1918 2254 1954 τε
2284 1897 2420 1954 εἶναι
2448 1901 2541 1953 καὶ
2570 1899 2730 1952 αὑτὸν
2755 1899 2832 1970 τῷ
2863 1897 3000 1968 Θεῷ,
3033 1897 3256 1968 ὀνόμασι
3284 1897 3382 1966 μὲν
3399 1896 3680 1966 διαφόροις

2117 1995 2326 2063 Πατρὸς
2371 1994 2464 2046 καὶ
2511 1991 2642 2045 Υἱοῦ
2686 1990 3104 2064 χρηματίζοντα,
3137 1991 3293 2061 οὐσίᾳ
3328 1990 3383 2043 δὲ
3419 1991 3511 2043 καὶ
3551 1991 3675 2043 ὑπο-

2119 2089 2300 2141 στάσει
2331 2086 2386 2139 ἓν
2419 2087 2566 2138 ὄντα.
2604 2085 2655 2140 Id
2687 2092 2803 2140 est:
2842 2083 3018 2152 Ipsum
3052 2083 3405 2136 tantummodo
3445 2081 3680 2136 Verbum

2117 2196 2228 2233 esse
2257 2178 2558 2238 concedens,
2587 2176 2691 2231 Deo
2723 2178 2922 2229 unitum
2948 2192 2967 2229 :
2988 2176 3259 2245 ipsumque
3289 2184 3542 2228 internum
3569 2189 3682 2226 esse

2117 2280 2166 2324 et
2212 2271 2532 2339 ingenitum;
2586 2285 2845 2338 unumque
2895 2283 3005 2320 esse
3030 2283 3145 2318 cum
3200 2265 3330 2326 Deo,
3380 2265 3682 2319 nominibus

2119 2361 2324 2432 quidem
2355 2361 2574 2414 diversis
2629 2358 2809 2413 Patris
2861 2368 2911 2412 et
2965 2357 3093 2411 Filii
3140 2369 3403 2419 vocatum.
3452 2359 3685 2412 essentia

2120 2471 2238 2509 vero
2277 2466 2325 2508 et
2363 2453 2630 2523 hypostasi
2683 2465 2862 2506 unum.
2908 2454 2966 2505 ln
3019 2450 3252 2506 Marcelli
3289 2452 3563 2520 excerptis
3615 2451 3688 2505 ab

2121 2543 2355 2598 Eusebio
2387 2543 2586 2605 allatis,
2620 2558 2834 2610 semper
2861 2543 2949 2596 ille
2989 2537 3164 2597 Patris
3185 2551 3238 2598 et
3266 2539 3430 2596 Verbi
3462 2543 3690 2596 nomine

2120 2635 2293 2688 utitur
2337 2653 2349 2687 :
2401 2631 2542 2687 unde
2599 2632 2812 2686 videtur
2873 2631 3138 2686 Eusebius
3191 2649 3260 2687 ex
3324 2631 3687 2701 consequenti

2123 2732 2330 2778 tantum
2361 2725 2500 2778 hanc
2530 2723 2758 2779 hzeresin
2786 2722 3038 2777 Marcello
3068 2722 3342 2778 aﬂlnxisse
3376 2743 3388 2776 :
3424 2724 3683 2777 nimirum

2124 2817 2204 2872 sic
2233 2817 2324 2872 ille
2357 2817 2673 2885 frequenter
2699 2817 2752 2869 in
2779 2816 2929 2871 libris
2959 2829 3143 2870 contra
3176 2815 3490 2869 Marcellum
3520 2831 3688 2886 argu-

2123 2917 2308 2963 tatur:
2351 2909 2407 2962 Si
2453 2907 2689 2963 Verbum
2735 2917 2817 2964 est
2855 2909 3042 2971 ἀΐδιον,
3090 2910 3510 2978 sempiternum,
3561 2907 3693 2962 inde

465 3013 579 3053 mus
628 2997 887 3051 hominem
941 2998 1009 3047 ad
1055 2992 1334 3062 imaginem
1383 3002 1430 3044 et
1479 2989 1872 3045 similitudinem
1922 3005 2021 3042 no-
2049 3017 2095 3079 ο
2124 3000 2370 3070 sequitur
2412 3015 2519 3053 ηοη
2555 2999 2724 3052 fuisse
2758 2999 2997 3068 genitum
3030 3018 3043 3054 ε
3077 3015 3201 3052 nam
3231 2998 3370 3067 φ,οά
3413 2999 3687 3068 εῖὲηηω-ς

463 3100 630 3142 stram
657 3101 674 3139 :
707 3105 725 3137 ι
753 3101 870 3138 cum
899 3102 1000 3138 non
1031 3094 1161 3139 esset
1195 3083 1330 3137 alius
1358 3081 1857 3151 Deus,quicumillo
1870 3081 2023 3149 e/Tor-

459 3197 608 3239 mare
637 3181 851 3248 posset?
881 3177 1017 3232 Hinc
1037 3176 1166 3230 mihi
1200 3177 1416 3245 planum
1449 3174 1684 3239 videtur,
1715 3172 2024 3227 Marcellum

465 3274 873 3330 distinctionem
927 3271 1066 3324 inter
1093 3268 1307 3323 Patrem
1352 3275 1407 3322 et
1433 3265 1670 3321 Verbum
1716 3265 2022 3330 admisisse,

465 3373 629 3436 atque
665 3364 830 3418 alium
880 3369 933 3416 et
969 3361 1134 3414 alium
1186 3359 1527 3413 exiszimasse
1559 3375 1573 3412 :
1608 3363 1884 3425 unumque
1933 3371 2024 3410 so-

466 3455 743 3512 lummodo
775 3467 1041 3523 negasse;
1071 3450 1317 3505 videlicet
1339 3447 1576 3504 Verbum
1605 3449 1774 3504 alium
1799 3463 1827 3501 a
1863 3447 2026 3503 Patre

464 3548 634 3602 Deum
659 3562 801 3608 esse,
837 3546 1106 3614 aliamque
1134 3541 1495 3601 substantiam
1522 3540 1791 3595 obtinere.
1826 3540 2023 3594 Verum

467 3640 757 3702 Eusebius,
794 3638 906 3707 qui,
942 3636 1018 3690 uti
1055 3636 1192 3690 alias
1219 3640 1700 3687 commonstratum
1728 3640 1831 3697 est,
1862 3633 2023 3685 aliam

467 3747 497 3786 a
527 3739 751 3802 paterna
782 3729 1055 3789 deitatem,
1088 3726 1354 3794 aliamque
1385 3723 1740 3779 substantiam
1767 3724 1822 3778 in
1844 3721 2025 3778 Verbo

467 3823 772 3884 constituit,
819 3836 884 3874 ex
927 3817 1280 3886 consequenti
1323 3816 1634 3870 Marcellum
1688 3815 2025 3870 damnaverit

469 3929 694 3970 necesse
719 3920 823 3974 est,
855 3913 944 3980 qui
980 3909 1264 3963 adversam
1311 3907 1438 3961 huic
1479 3907 1783 3976 opinionem
1824 3923 2025 3977 propuo

469 4013 598 4076 gnat
629 4023 642 4058 :
675 4001 821 4074 quod
855 4016 980 4055 vero
1013 3999 1198 4068 adjicit
1223 3997 1533 4053 Marcellum
1561 4007 1773 4067 putare,
1807 3996 2021 4052 Patrem

469 4107 524 4154 ct
552 4097 788 4154 Verbum
821 4110 985 4150 unum
1011 4101 1065 4148 et
1093 4093 1231 4148 idem
1266 4106 1408 4155 esse,
1449 4091 1689 4160 solisque
1717 4091 2026 4146 nominibus

471 4190 764 4260 distingui;
798 4187 851 4242 id
880 4187 966 4241 ille
1001 4200 1106 4238 non
1147 4199 1211 4238 ex
1243 4183 1548 4253 perspicuis
1590 4182 1825 4237 Marcelli
1860 4181 2026 4236 dictis

469 4282 786 4352 comprobat
816 4299 828 4334 :
863 4277 956 4335 sed
1006 4277 1130 4348 quia
1160 4277 1411 4336 aestimat,
1453 4274 1668 4329 Patrem
1699 4284 1754 4329 et
1786 4272 2023 4328 Verbum

469 4376 516 4435 si
546 4389 688 4428 unus
717 4381 770 4427 et
800 4370 938 4425 idem
963 4383 1186 4422 numero
1219 4366 1360 4422 Deus
1391 4367 1483 4431 sit,
1508 4381 1674 4419 unum
1708 4366 1870 4421 etiam
1904 4380 2025 4420 esse
2057 4349 2100 4404 Ῑ)

470 4463 769 4522 secundum
817 4459 950 4514 alias
995 4473 1184 4512 omnes
1213 4458 1474 4518 rationes,
1523 4457 1595 4509 ita
1631 4465 1689 4510 ut
1731 4456 1878 4509 nulla
1911 4456 2025 4509 dis-

469 4558 665 4612 tinctio
705 4551 1172 4623 deprehendatur;
1225 4550 1346 4604 ideo
1391 4547 1726 4610 Marcellum,
1785 4549 1875 4618 qui
1920 4547 2024 4601 Pa-

469 4656 604 4702 trem
631 4654 683 4701 et
712 4642 947 4698 Verbum
971 4657 1136 4696 unum
1168 4639 1334 4695 Deum
1362 4655 1632 4709 unamque
1659 4639 2022 4694 substantiam

469 4755 591 4796 esse
622 4737 881 4801 defendit,
930 4735 1134 4788 nullam
1178 4733 1401 4788 omnino
1433 4732 1537 4787 nisi
1580 4733 1858 4786 nominum
1914 4731 2027 4784 dis-

469 4833 780 4888 tinctionem
816 4832 1098 4887 admittere
1129 4829 1425 4885 contendit.
1479 4827 1535 4882 Si
1569 4842 1693 4881 vero
1732 4826 2020 4882 Marcellus

469 4943 594 4981 vere
621 4925 1024 4980 distinctionem
1054 4924 1194 4978 inter
1221 4922 1434 4978 Patrem
1483 4934 1535 4977 et
1577 4921 1812 4977 Verbum
1849 4921 2027 4975 admi.

470 5019 619 5081 serit,
649 5018 773 5072 hinc
802 5019 1036 5088 explices
1081 5019 1225 5072 illam
1272 5016 1366 5072 Dei
1427 5014 1602 5072 Patris
1644 5015 2018 5070 dilatationem

468 5120 522 5166 et
564 5112 958 5174 extensionem,
1006 5127 1165 5181 quam
1200 5109 1506 5165 Marcellum
1538 5109 1792 5165 docuisse
1828 5109 2022 5164 testiﬁ-

469 5211 693 5266 cantur;
719 5201 976 5272 dicasque
997 5202 1041 5256 si
1062 5218 1183 5258 vere.
1206 5201 1487 5256 Marcellus
1512 5203 1584 5255 ita
1607 5201 1823 5264 dixerit,
1846 5202 2022 5270 ipsum

469 5294 554 5348 bis
578 5295 802 5350 vocibus
843 5295 978 5348 nihil
1009 5294 1154 5348 aliud
1198 5293 1549 5352 intellexisse.
1579 5308 1742 5362 quam
1767 5293 2023 5349 emissio-

469 5396 592 5435 nem
634 5381 754 5437 Filii
784 5382 851 5436 ad
896 5384 1223 5436 creationem
1269 5382 1624 5452 peragendam
1658 5402 1671 5437 :
1708 5398 1870 5453 quam
1919 5381 2022 5437 SS.

469 5469 658 5528 Patres
687 5473 887 5542 passim
915 5473 1247 5541 exprimunt.
1290 5471 1440 5526 lianc
1483 5487 1614 5527 vero
1643 5473 2015 5529 dilatationem

541 5630 559 5660 ⁸
593 5627 763 5682 Exod.
794 5631 985 5691 nuli.
1062 5632 1081 5662 ³
1108 5629 1237 5684 Gen.
1269 5645 1305 5693 ι,
1337 5628 1427 5682 ‘36.

2126 3090 2394 3161 posterius
2444 3097 2528 3144 est
2573 3089 2666 3142 illo
2713 3089 2806 3158 qui
2835 3089 3026 3160 gignit,
3075 3105 3297 3158 vereque
3331 3088 3533 3141 dicitur
3563 3101 3686 3139 non

2125 3182 2294 3237 fuisse
2320 3189 2608 3250 antequam
2644 3181 2972 3250 gigneretur,
3006 3191 3169 3250 atque
3209 3181 3333 3235 adeo
3360 3181 3528 3234 ἀΐδιον
3557 3182 3687 3238 sive

2126 3280 2513 3348 sempiternum
2541 3291 2664 3330 esse
2687 3277 2890 3346 nequit.
2917 3277 3051 3330 Cum
3080 3291 3210 3346 ergo
3231 3275 3511 3331 Marcellus
3533 3275 3686 3331 dicat

2127 3368 2362 3424 Verbum
2411 3381 2533 3423 esse
2582 3366 2752 3420 ἀΐδιον
2810 3368 2925 3422 sive
2977 3369 3384 3436 sempiternum,
3432 3381 3542 3420 non
3593 3382 3687 3436 ge-

2127 3459 2298 3513 nitum
2331 3459 2499 3514 fuisse
2532 3461 2722 3514 credat
2765 3467 2998 3529 oportet.
3043 3457 3134 3512 Sic
3182 3460 3272 3513 ille
3302 3473 3426 3512 cum
3467 3459 3692 3514 Ariani:

2127 3551 2386 3619 loquitur,
2419 3566 2529 3604 non
2561 3550 2998 3605 animadvertetis
3033 3566 3138 3604 non
3177 3552 3348 3620 magis
3382 3566 3692 3621 repugnare

2125 3643 2344 3698 Patrem
2377 3644 2445 3696 ab
2472 3650 2677 3697 esterno
2707 3643 2946 3712 gignere,
2981 3659 3141 3712 quam
3177 3644 3243 3696 ab
3275 3651 3479 3697 aeterno
3523 3659 3688 3698 esse:

2126 3750 2226 3790 nec
2271 3735 2732 3804 posterioritatem
2786 3736 2948 3788 ullam
2980 3735 3240 3804 temporis
3293 3735 3346 3788 in
3401 3732 3538 3788 Filio
3565 3735 3692 3788 inde

2127 3827 2333 3892 inferri,
2370 3827 2517 3896 quod
2545 3828 2796 3897 gignatur
2823 3845 2836 3879 :
2870 3842 2993 3880 nam
3017 3843 3136 3881 esse
3163 3837 3215 3880 et
3241 3829 3462 3896 gignere
3490 3827 3546 3879 in
3574 3825 3688 3878 Dm

2125 3917 2282 3973 Patre
2303 3919 2464 3975 simul
2495 3928 2618 3976 sunt
2647 3929 2701 3973 et
2723 3920 3112 3986 intelliguntur,
3134 3934 3232 3971 nec
3259 3919 3400 3971 aliud
3430 3918 3548 3972 sine
3569 3918 3684 3973 alio

2125 4026 2246 4066 esse
2275 4027 2512 4081 unquam
2556 4012 2781 4080 potuit;
2805 4017 2967 4080 atque
3007 4009 3140 4064 adeo
3191 4009 3382 4063 Filium
3410 4019 3680 4063 aeternum

2127 4102 2348 4172 perinde
2393 4109 2553 4172 atque
2594 4101 2808 4155 Patrem
2852 4117 2992 4163 esse,
3027 4111 3084 4154 ut
3124 4116 3336 4170 semper
3375 4101 3552 4154 docuit
3579 4115 3680 4152 ca-

2125 4193 2324 4248 tholica
2339 4191 2600 4249 Ecclesia.
2628 4193 2780 4259 Quod
2809 4201 2986 4248 autem
3015 4203 3224 4263 spectat
3240 4193 3306 4246 ad
3325 4207 3502 4245 vocem
3525 4192 3689 4260 ἁγὲνε

2127 4300 2303 4354 νητον,
2340 4301 2440 4339 non
2463 4285 2712 4354 genitum,
2745 4300 2906 4352 quam
2940 4282 3118 4338 Verbo
3146 4283 3344 4338 ascribi
3373 4300 3402 4336 a
3429 4281 3692 4336 Marcello

2133 4375 2450 4431 testiﬁcatur
2497 4375 2783 4438 Eusebius,
2832 4375 2942 4429 duo
2971 4375 3315 4444 potissimum
3352 4383 3481 4428 sunt
3512 4375 3690 4427 consi-

2133 4469 2372 4524 derauda
2406 4487 2418 4523 :
2452 4470 2627 4538 primo
2655 4469 2872 4538 quidem
2920 4485 3026 4522 non
3072 4469 3256 4522 haberi
3300 4469 3445 4521 illam
3489 4469 3546 4522 in
3591 4483 3690 4522 ex-

2133 4561 2333 4630 cerptis
2382 4560 2622 4615 Marcelli
2657 4577 2777 4631 qua:
2808 4561 2960 4614 alfert
3005 4559 3306 4624 Eusebius;
3331 4559 3584 4628 -proinde
3610 4561 3692 4608 vi-

2133 4654 2250 4707 deri
2277 4669 2344 4707 ex
2386 4655 2700 4724 conjectura
2729 4664 2781 4708 ct
2810 4654 3193 4723 consequentia
3230 4653 3483 4707 Marcello
3518 4652 3694 4706 ascri-

2132 4754 2279 4814 ptam
2330 4743 2519 4808 fuisse,
2557 4744 2682 4812 quia
2723 4744 2968 4798 videlicet
3019 4760 3087 4797 ex
3137 4743 3354 4798 Eusebii
3398 4743 3696 4798 ratiocinio

2133 4837 2382 4906 superius
2411 4838 2594 4901 allato,
2629 4835 2769 4906 quod
2799 4835 2965 4889 ἀῐδιον
3009 4837 3124 4890 sive
3155 4841 3414 4889 aeternum
3446 4843 3554 4894 est.
3585 4850 3692 4886 non

2133 4936 2309 4998 potest
2353 4943 2472 4983 esse
2515 4929 2776 4998 genitum.
2830 4926 3079 4982 Secundo
3125 4935 3304 4980 autem
3349 4936 3565 4980 certum
3611 4932 3695 4978 est

2133 5021 2360 5075 Arianos
2403 5021 2457 5074 in
2489 5021 2712 5075 vocibus
2755 5021 3034 5091 ἀγένητον,
3071 5036 3173 5073 non
3204 5019 3425 5086 factum,
3450 5027 3507 5072 et
3535 5019 3694 5086 ἀγέν-

2131 5129 2308 5183 νητον,
2357 5130 2455 5167 non
2477 5115 2730 5183 genitum,
2781 5129 2995 5182 semper
3021 5113 3238 5174 lusisse,
3283 5119 3342 5164 ut
3389 5111 3696 5166 sexcenties

2133 5203 2272 5272 apud
2302 5204 2658 5256 Athanasium
2691 5205 2965 5256 observes.
3000 5201 3159 5266 Nam,
3191 5202 3317 5271 quia
3351 5200 3519 5255 Pater
3547 5202 3694 5255 solus

2132 5294 2442 5365 ἁγέννητος,
2494 5297 2608 5349 sive
2644 5312 2744 5348 non
2780 5295 3002 5364 genitus,
3038 5305 3142 5360 est,
3195 5295 3490 5349 fatentibus
3532 5295 3693 5347 etiam

2132 5387 2458 5452 Catholicis;
2508 5387 2582 5440 illi
2623 5402 2754 5443 voce
2781 5390 3073 5460 ἀγέννητος
3109 5397 3164 5441 et
3204 5389 3466 5458 ἀγένητος
3497 5385 3699 5456 protri-

2134 5478 2262 5534 scue
2307 5489 2358 5534 ct
2405 5479 2630 5534 subdole
2691 5487 2922 5542 utentes.
2955 5478 3150 5534 Filium
3191 5494 3297 5534 non
3337 5493 3462 5534 esse
3510 5477 3700 5546 ayéw;
