4022 6208
323 285 346 338 1
358 285 462 340 9.89

1579 294 1919 351 MARCELLI
1959 296 2328 354 ANCYRANI.

3411 314 3545 372 1290

322 420 417 456 τον
461 402 576 458 sive
610 419 715 457 non
746 401 969 471 factum,
1004 413 1167 476 atque
1209 407 1345 463 adeo
1386 406 1585 464 factum
1617 422 1669 466 et
1700 412 1890 466 condi-
1919 418 1966 472 Α
1993 413 2082 468 ille
2113 431 2143 469 a
2167 415 2435 471 catholica
2463 416 2710 471 doctrina
2741 416 3076 486 deﬂectebat,
3114 428 3172 473 ut
3197 423 3548 492 conspicuum

324 502 440 549 tum
482 495 652 551 fuisse
699 494 972 550 dicebant.
1022 496 1221 553 Eadem
1275 515 1404 555 vero
1453 503 1662 559 ratione
1713 505 1887 574 potuit

322 587 595 642 Eusebius
639 585 895 642 Marcello
928 588 995 644 de
1047 588 1183 644 Filio
1239 591 1480 661 loquenti
1511 610 1698 649 vocem
1727 595 1889 664 ἀγέν-

321 695 502 749 νητον,
548 679 664 734 sive
713 683 1075 752 non-genitum
1115 681 1405 753 aﬂingere;
1457 687 1550 756 qui
1605 689 1886 760 ἀγένητον,

322 772 438 828 sive
470 773 804 841 non-factum
849 775 1096 832 dixisset.
1141 777 1206 832 Et
1235 794 1367 833 sane
1396 779 1489 848 qui
1519 795 1644 835 vere
1672 779 1887 836 Patrem

321 871 376 917 et
417 863 615 918 Filium
648 865 703 918 in
733 863 1001 922 Trinitate
1049 867 1307 934 admittit,
1340 876 1400 923 ut
1453 868 1761 939 Marcellus,
1794 889 1888 944 ge-

321 958 658 1010 nerationem
689 956 938 1012 admittat
965 975 1187 1014 necesse
1226 971 1340 1026 est;
1388 977 1560 1032 neque
1594 972 1770 1034 potest
1803 964 1886 1018 di-

323 1062 447 1102 cere
473 1047 667 1102 Filium
698 1064 820 1104 esse
849 1051 1139 1124 ἁγέννητον
1174 1056 1285 1110 sive
1315 1058 1697 1126 non-genitum.

324 1156 405 1206 IV.
431 1157 525 1225 Cur
562 1160 688 1225 dicat
718 1160 932 1225 Verbum
976 1171 1085 1225 post
1123 1167 1504 1216 incarnationem
1550 1175 1737 1218 tantum
1777 1184 1886 1221 esse

444 1222 703 1282 imaginem
730 1223 823 1272 Dei
848 1231 900 1272 et
932 1222 1307 1290 primogenitum
1331 1230 1489 1279 omnis
1511 1238 1763 1281 creaturis.

390 1323 590 1394 Adjicit
653 1325 922 1384 Eusebius
983 1330 1187 1387 dixisse
1239 1334 1585 1402 Marcellum,
1648 1336 1885 1393 Verbum

322 1423 451 1470 tunc
478 1418 653 1472 solum
692 1419 980 1491 imaginem
1012 1422 1105 1478 Dei
1140 1425 1429 1485 invisibilis
1459 1440 1513 1485 et
1557 1432 1885 1502 primogeni-

319 1515 434 1562 tum
482 1511 661 1566 omnis
707 1525 972 1570 creaturae
1009 1516 1213 1573 factum
1269 1521 1460 1587 fuisse,
1499 1539 1622 1578 cum
1666 1540 1885 1579 carnem

320 1604 635 1671 assumpsit.
655 1602 780 1658 llaec
811 1621 938 1661 vero
963 1607 1163 1662 diserte
1184 1609 1345 1666 habet
1367 1611 1651 1668 Marcellus
1669 1613 1744 1685 (p.
1761 1614 1883 1681 9.4):

320 1691 647 1764 Consequens
694 1711 804 1750 esse
852 1697 1083 1753 arbitror
1123 1703 1304 1771 paucis
1339 1706 1401 1756 de
1454 1705 1680 1774 imagine
1728 1706 1888 1759 disse-

319 1801 462 1849 rere;
503 1788 714 1855 scripsit
748 1790 885 1842 enim
936 1789 1224 1864 [Asterius]
1253 1813 1264 1848 :
1289 1795 1442 1849 Alius
1491 1806 1666 1850 autem
1709 1808 1784 1850 est
1821 1813 1886 1852 ea:

321 1878 432 1946 ipso
463 1881 686 1949 genitus,
718 1883 808 1951 qui
835 1892 912 1936 est
952 1885 1120 1955 imago
1156 1886 1252 1939 Dei
1280 1887 1576 1942 invisibilis.
1605 1888 1732 1944 Ideo
1759 1891 1888 1945 ima-

320 1970 456 2038 ginis
503 1970 602 2025 Dei
647 1974 924 2028 invisibilis
969 1978 1204 2030 meminit
1254 1979 1526 2047 Asterius,
1577 1991 1633 2035 ut
1675 1983 1881 2047 doceat,

318 2057 486 2112 Deum
537 2077 570 2114 a
620 2061 786 2117 Verbo
848 2077 1049 2119 tantum
1100 2068 1348 2137 diﬂ‘erre,
1405 2082 1661 2141 quantum
1705 2074 1884 2144 di/fert

319 2153 469 2208 homo
495 2153 558 2207 ab
583 2155 934 2226 imaginesua.
961 2159 1026 2212 Et
1049 2163 1326 2218 nonnullis
1347 2164 1653 2234 interjectis
1688 2168 1838 2223 addit
1861 2189 1874 2225 :

317 2243 510 2298 Palam
536 2247 698 2316 igitur
725 2261 823 2313 est,
856 2249 1099 2318 Verbum,
1123 2263 1400 2324 antequam
1431 2274 1616 2328 corpus
1645 2271 1882 2316 nostrum

315 2336 701 2405 assumpsisset,
735 2354 824 2406 per
847 2357 901 2393 se
925 2357 1025 2394 non
1054 2345 1315 2398 exstitisse
1332 2346 1611 2417 imaginem
1643 2350 1880 2405 invisibi-

315 2428 383 2480 lis
411 2426 527 2480 Dei.
560 2427 696 2494 Quia
725 2430 890 2500 igitur
917 2431 1106 2489 Ariani
1142 2435 1245 2490 hoc
1273 2435 1572 2508 Scriptura:
1603 2441 1743 2510 loco,
1780 2442 1880 2498 Est

312 2519 483 2590 imago
525 2518 963 2588 Dei‘inuisibilis,
1011 2525 1078 2580 ad
1121 2542 1275 2581 suam
1322 2531 1605 2586 tutandam
1647 2535 1875 2591 liaaresin

312 2611 701 2679 abutebantur;
751 2614 1037 2674 Marcellus
1065 2628 1216 2676 ratus
1241 2622 1528 2693 imaginem
1558 2625 1652 2682 Dei
1687 2628 1878 2684 invisi-

310 2700 453 2767 bilis,
505 2705 771 2761 visibilem
819 2723 961 2776 esse,
990 2726 1090 2766 nec
1122 2727 1235 2768 rem
1275 2714 1597 2772 invisibilem
1629 2719 1878 2791 imaginis

310 2795 576 2851 rationem
613 2799 878 2862 obtinere,
912 2801 1058 2857 hunc
1091 2804 1270 2859 locum
1313 2806 1380 2862 de
1432 2806 1651 2866 Christo
1695 2812 1876 2868 incar-

310 2895 441 2939 nato
489 2894 542 2941 et
576 2889 775 2944 visibili
827 2891 1059 2961 proferri
1103 2905 1326 2966 pugnat,
1362 2905 1422 2952 ut
1475 2899 1671 2956 Asterii
1715 2917 1878 2975 argu-

312 2986 496 3033 mento
529 2980 776 3036 obsistat.
808 2983 923 3038 Etsi
955 2999 1083 3040 vero
1117 2987 1205 3041 hic
1233 2985 1530 3060 Scripturae
1560 2991 1713 3049 locus
1736 3012 1869 3052 con-

311 3075 598 3143 gruentius
641 3079 810 3146 possit
839 3077 907 3132 ad
953 3080 1344 3148 argutationem
1379 3081 1705 3138 Arianorum
1740 3102 1870 3142 con-

307 3164 586 3221 futandam
639 3169 930 3238 explicari,
986 3186 1052 3226 eo
1099 3179 1280 3227 tamen
1315 3176 1534 3230 nomine
1583 3176 1870 3236 Marcellus
1897 3164 1939 3192 u

309 3272 418 3311 non
446 3260 649 3315 erroris
677 3262 1024 3318 accusandus
1067 3271 1170 3325 est,
1201 3265 1329 3319 dum
1358 3283 1427 3322 ne
1457 3267 1869 3326 similitudinem

306 3363 433 3403 cum
478 3348 637 3406 Patre
691 3354 1001 3419 sustulerit;
1044 3355 1188 3424 quod
1236 3371 1305 3411 ne
1352 3359 1647 3415 credideris
1701 3363 1874 3416 admi-

309 3425 449 3498 sisse
484 3462 498 3496 :
532 3460 690 3500 nemo
734 3445 878 3499 enim
931 3462 1167 3515 unquam
1205 3445 1516 3504 Marcellum
1549 3452 1690 3507 inter
1720 3454 1871 3509 Ano-

309 3550 482 3591 mmos
515 3537 869 3607 computavit.
903 3537 1034 3602 Quae
1064 3554 1193 3592 vero
1225 3539 1387 3595 fuerit
1417 3556 1480 3596 ea
1527 3544 1584 3598 in
1619 3560 1678 3600 re
1711 3546 1869 3616 plana

308 3637 361 3682 et
411 3630 696 3699 perspicua
752 3629 987 3685 Marcelli
1035 3634 1338 3698 sententia,
1392 3650 1458 3690 ex
1512 3637 1703 3706 paucis
1751 3656 1872 3710 quae

309 3730 600 3790 supersunt
625 3723 916 3792 excerptis,
944 3724 1212 3794 expiscari
1245 3741 1352 3781 non
1390 3741 1683 3796 possumus
1709 3749 1721 3785 :
1744 3747 1868 3787 nam

306 3812 600 3867 verisimile
639 3823 723 3868 est
764 3813 1055 3869 Eusebium
1089 3816 1258 3870 multa
1297 3819 1547 3874 consulto
1579 3823 1817 3880 tacuisse
1853 3844 1866 3880 :

309 3913 518 3959 certum
561 3907 687 3960 item
732 3910 1230 3972 est,.narrantibus
1263 3913 1487 3982 synodis
1533 3911 1780 3972 Romana
1817 3926 1870 3974 et

310 3995 643 4061 Sardicensi,
676 3999 1124 4055 loca'Eusebium
1159 4003 1386 4058 subdole
1413 4003 1791 4074 detruncasse,
1818 4019 1873 4066 et

308 4090 528 4167 mutilas
555 4094 854 4148 sententias
880 4093 1147 4155 attulisse,
1182 4104 1241 4149 ut
1275 4097 1486 4153 facilius
1525 4111 1710 4169 posset
1733 4101 1873 4157 Mar-

308 4182 447 4237 cello
481 4182 594 4238 hzee
628 4195 680 4238 et
701 4184 790 4237 illa
821 4199 919 4254 pro
951 4185 1172 4241 libidine
1210 4188 1342 4244 vitio
1369 4198 1600 4246 vertere.
1637 4191 1872 4250 Pariter-

308 4289 415 4345 que
464 4275 524 4328 in
571 4276 1021 4344 interpretatione
1068 4277 1199 4332 dicti
1246 4280 1430 4347 illius,
1480 4281 1871 4354 Primogenitus

306 4368 477 4422 omnis
508 4375 762 4422 creatura:
786 4368 826 4433 ³,
860 4367 995 4422 nihil
1014 4368 1281 4425 haareseos
1297 4371 1690 4442 deprehendas.
1726 4375 1872 4441 Quo-

1989 513 2091 558 est.

1989 628 2046 678 V.
2069 629 2123 678 In
2144 629 2267 681 libro
2292 632 2505 683 Marcelli
2531 635 2647 684 nihil
2674 643 2844 698 aperte
2868 649 3126 688 erroneum
3165 640 3228 689 fui
3248 655 3312 690 .se
3337 642 3546 695 videtur.

2062 732 2138 786 Ex
2170 735 2255 789 his
2287 752 2451 806 pprro
2474 738 2678 808 liqueat
2707 739 2762 794 in
2789 740 3022 796 Marcelli
3055 752 3246 798 contra
3276 746 3548 802 Asterium

1988 825 2129 880 libro
2154 828 2287 882 nihil
2324 832 2529 886 erroris
2584 843 2678 886 aut
2716 832 2982 888 haeretica:
3013 837 3314 900 sententiae,
3364 849 3550 909 aperte

1988 917 2180 971 saltem
2234 919 2632 989 deprehensum
2667 923 2881 979 fuisse:
2921 940 3045 980 nam
3107 944 3227 998 quae
3281 926 3549 986 Eusebius

1988 1007 2166 1072 affert,
2196 1011 2264 1064 ad
2307 1026 2492 1067 sanam
2529 1015 2830 1070 doctrinam
2879 1017 3063 1073 reduci
3102 1019 3257 1075 facile
3295 1031 3547 1091 possunt.

1987 1098 2192 1164 Quodsi
2244 1102 2374 1172 quid
2427 1104 2649 1160 ulterius
2709 1114 2902 1176 przeter
2981 1116 3180 1163 rectam
3239 1113 3548 1182 opinionem

1986 1190 2216 1246 dixisset
2263 1193 2584 1262 Marcellus,
2638 1197 2692 1250 id
2741 1213 2871 1254 sane
2922 1216 3029 1255 non
3082 1207 3548 1272 prietermissurus

1987 1294 2104 1338 erat
2137 1285 2424 1354 Eusebius,
2460 1291 2552 1360 qui
2583 1293 2636 1344 in
2662 1292 2970 1348 Marcellum
3021 1307 3326 1356 commotus
3348 1310 3401 1356 et
3436 1305 3552 1358 nul-
3615 1329 3618 1332 η

1987 1375 2093 1429 iam
2125 1393 2234 1432 non
2268 1389 2507 1438 sectatus
2541 1383 2766 1439 lzedendi
2801 1386 2961 1450 viam,
2990 1403 3098 1442 non
3135 1392 3308 1445 solum
3343 1409 3406 1448 ea
3430 1411 3551 1466 quae

1988 1481 2110 1521 cum
2145 1470 2328 1525 colore
2363 1472 2552 1526 saltem
2581 1474 2766 1544 aliquo
2805 1475 2952 1544 carpi
2981 1482 3035 1529 et
3063 1479 3382 1546 reprehendi
3418 1497 3549 1552 pos-

1989 1564 2138 1624 sunt,
2169 1558 2265 1613 sed
2310 1560 2472 1614 etiam
2507 1577 2570 1616 ea
2604 1578 2724 1632 qua:
2775 1579 2905 1619 sana
2951 1573 3005 1619 et
3055 1571 3352 1624 orthodoxa
3395 1583 3546 1637 sunt,

1987 1652 2225 1721 exagitat
2256 1660 2309 1708 et
2344 1653 2635 1722 impietatis
2657 1666 2898 1712 accusat.
2929 1659 3061 1715 Cum
3091 1672 3270 1717 autem
3308 1667 3550 1736 synodus

1988 1742 2231 1798 Romana
2265 1746 2368 1801 sub
2406 1746 2548 1802 Julio
2589 1764 2732 1803 anno
2762 1751 2886 1815 542,
2930 1760 2984 1806 et
3021 1753 3364 1813 Sardicensis
3406 1774 3550 1814 anno

1987 1836 2112 1901 347,
2174 1837 2370 1892 librum
2427 1838 2696 1907 Marcelli,
2752 1844 3074 1900 examinatis
3137 1858 3188 1902 et
3234 1851 3550 1919 ponderatis

1987 1928 2296 1993 sententiis,
2323 1945 2505 1986 errore
2527 1947 2759 1988 vacuum
2790 1936 3206 2003 declaraverint,
3237 1959 3343 1996 non
3371 1927 3550 2012 potest

1987 2022 2042 2074 in
2078 2020 2316 2077 Marcelli
2369 2024 2564 2079 librum
2619 2030 2887 2083 sententia
2923 2032 3049 2086 dici.
3091 2033 3288 2088 Verum
3331 2037 3550 2092 aliunde

1986 2120 2134 2168 tanta
2157 2121 2240 2169 est
2266 2116 2505 2171 virorum
2531 2119 2848 2191 insignium,
2875 2124 2964 2192 qui
2993 2126 3276 2181 adversum
3306 2136 3547 2196 tuentur,

1984 2205 2303 2271 auctoritas,
2324 2215 2382 2260 ut
2403 2209 2494 2262 vix
2516 2225 2781 2266 excusare
2806 2212 3117 2270 Marcellum
3149 2219 3327 2272 liceat.
3353 2219 3552 2285 Quam-

1982 2293 2166 2348 obrem
2201 2297 2476 2364 existimo,
2509 2317 2620 2355 rem
2655 2304 2727 2356 ita
2761 2313 3092 2376 temperasse
3124 2309 3460 2377 Marcellum,
3489 2320 3549 2366 ut

1982 2384 2028 2438 si
2056 2385 2184 2455 quid
2224 2402 2404 2457 pravm
2436 2392 2708 2461 opinionis
2739 2396 2792 2450 in
2834 2397 2970 2452 libro
3005 2417 3105 2455 suo
3142 2401 3455 2465 inseruerit,
3491 2405 3545 2460 id

1979 2477 2268 2532 verborum
2309 2481 2630 2554 ambagibus
2672 2494 2724 2540 et
2765 2487 3177 2549 circuitionibus
3217 2493 3544 2560 involutum,

1978 2566 2139 2623 facile
2186 2574 2425 2640 potuerit
2482 2576 2536 2628 in
2595 2577 2791 2633 bonam
2842 2592 3048 2650 partem
3108 2583 3354 2653 deflecti;
3421 2602 3544 2640 cum

1979 2666 2159 2714 autem
2212 2662 2303 2717 ille
2361 2664 2415 2718 in
2470 2664 2832 2725 familiaribus
2883 2673 3170 2742 colloquiis
3205 2675 3270 2729 ad
3325 2693 3544 2748 pravam

1980 2752 2313 2807 sententiam
2349 2754 2495 2809 dicta
2545 2772 2644 2813 sua
2678 2761 2959 2827 derivarit,
2996 2765 3124 2820 hinc
3152 2768 3210 2822 in
3248 2769 3541 2824 multorum

1977 2841 2335 2899 offensionem
2363 2845 2688 2915 incurrisse,
2719 2863 2779 2907 ut
2808 2853 2948 2908 infra
2988 2857 3206 2914 dicitur.

2589 2963 2817 3019 CAPUT
2859 2967 2948 3022 lV.

1974 3084 2083 3125 Νωι
2122 3088 2436 3131 IIARCELLUS
2473 3093 2723 3134 ERROREM
2761 3098 2828 3135 DE
2870 3101 3040 3140 VERBO
3078 3104 3148 3144 ΕΤ
3187 3107 3328 3146 ῖιιιο
3366 3106 3452 3146 »ει
3494 3107 3544 3146 ιω

2063 3158 2303 3199 DECURSU
2338 3163 2480 3200 ὙΙΤᾹΞ
2519 3163 2653 3202 VOCE
2694 3166 2792 3204 νει
2834 3169 3056 3211 SCRIPTO
3096 3175 3443 3216 TRADIDERIT.

1973 3252 2013 3307 l.
2051 3252 2380 3344 lignei-lunt
2398 3255 2611 3344 Pl‘iotini
2629 3260 2876 3344 discipuli
2901 3265 3114 3344 ltazresis
3133 3272 3184 3325 in
3201 3278 3545 3344 suspicionem

2043 3323 2398 3407 adduxit.
2440 3329 2515 3407 _ln
2575 3323 2849 3407 colloquiis
2895 3336 3003 3403 ipse
3038 3323 3546 3407 erro'iés"'£,}2ir'£§§§£

2041 3403 2278 3477 putatur.
2307 3395 2394 3477 l|_|.
2419 3395 2742 3477 Athanasius
2772 3421 2888 3477 eum
2911 3395 3006 3472 pro
3029 3395 3544 3477 δυερεειοίθδξςξξῖἇξ

2040 3479 2158 3546 pro.
2178 3465 2420 3546 lueretiao
2439 3468 2640 3546 habuit.
2674 3470 2760 3526 ιν.
2781 3465 3067 3546 Marcellus
3103 3465 3154 3533 et
3205 3465 3544 3546 Min—diuit}?

2041 3536 2094 3588 in
2121 3534 2244 3603 ﬁdei
2271 3539 2684 3606 professionibus
2730 3545 2981 3600 catholica
3028 3534 3330 3620 loquuntur.

1971 3644 2011 3695 Ι.
2058 3646 2340 3696 Marcellum
2385 3649 2582 3700 Photini
2620 3652 2848 3767 diztélipuil:
2887 3657 3086 3710 hiet-esis
3121 3662 3175 3710 in
3217 3667 3545 3727 suspicionem

2644 3730 2669 3764 a
2741 3732 2800 3766 ux
2851 3757 2863 3767 .

2644 3730 2863 3768 εααυχιι.

2045 3811 2333 3871 Marcellus
2392 3818 2725 3889 synodorum
2787 3821 3044 3882 Romanae
3101 3839 3154 3885 et
3204 3831 3544 3895 Sardicensis

1969 3903 2182 3974 judicio
2207 3905 2513 3974 absolutus,
2548 3918 2609 3964 ut
2639 3911 2845 3969 dictum
2879 3923 2983 3982 est,
3009 3927 3283 3993 utcunque
3318 3929 3542 3994 sarcito,

1974 3998 2120 4066 quod
2156 3998 2211 4052 in
2254 3999 2398 4054 fama
2444 4001 2662 4069 tulerat,
2693 4003 3038 4076 detrimento,
3068 4012 3180 4081 jam
3233 4019 3543 4088 suspicione

1975 4087 2114 4143 liber
2153 4098 2207 4144 et
2256 4105 2462 4146 vacuus
2498 4093 2796 4151 videbatur.
2848 4096 3048 4155 Verum
3075 4120 3175 4159 nec
3200 4107 3292 4162 diu
3331 4087 3540 4180 postea,

1977 4181 2132 4236 novis
2154 4181 2314 4236 etiam
2342 4181 2747 4242 Catholicorum
2797 4195 3240 4254 accusationibus
3267 4200 3542 4272 impetitus

1976 4280 2080 4328 est.
2111 4273 2341 4330 Occasio
2373 4275 2476 4330 fuit
2520 4288 2707 4334 exorta
2753 4279 2972 4340 Photini
3015 4287 3278 4345 haeresis:
3312 4293 3360 4349 is
3396 4295 3541 4352 enim

1980 4364 2082 4419 sub
2138 4365 2378 4423 Marcelli
2430 4370 2717 4441 disciplina
2770 4374 3091 4447 institutus,
3142 4397 3205 4436 ac
3246 4383 3440 4441 deinde
3486 4387 3542 4443 in

308 4461 475 4525 circa,
503 4459 583 4514 sic
607 4460 716 4525 ille,
757 4461 1147 4514 sanctissimum
1195 4463 1338 4516 istud
1381 4464 1603 4518 Verbum
1642 4484 1747 4521 non
1785 4467 1873 4521 di-

1983 4457 2332 4517 Sirmiensem
2387 4464 2702 4535 episcopum
2757 4469 3023 4540 adlectus,
3073 4491 3232 4545 quem
3281 4480 3543 4550 magistro

307 4553 521 4606 cabatur
584 4564 704 4608 ante
772 4555 1220 4620 incarnationem,
1266 4556 1642 4626 primogenitus
1703 4560 1872 4615 omnis

309 4656 585 4699 creaturae.
613 4645 753 4699 Nam
773 4644 1029 4716 quomodo
1052 4646 1169 4715 ﬁeri
1187 4656 1410 4715 poterat,
1445 4659 1496 4701 ut
1530 4650 1596 4714 is,
1624 4651 1712 4718 qui
1736 4667 1870 4704 sem-

307 4751 400 4804 per
444 4751 589 4803 erat,
631 4737 856 4807 alicujus
899 4747 1030 4791 esset
1074 4740 1448 4808 primogenitus
1477 4743 1502 4795 ?
1538 4739 1628 4794 sed
1671 4743 1872 4810 primus

307 4829 399 4882 ille
424 4846 584 4883 novus
613 4829 786 4892 homo,
826 4830 878 4883 in
906 4846 1060 4900 quem
1084 4833 1260 4884 omnia
1287 4830 1489 4884 volebat
1511 4831 1651 4886 Deus
1674 4834 1877 4887 instau-

309 4938 450 4986 rare,
483 4939 651 4976 sacra:
681 4921 973 4992 Scriptura:
999 4923 1400 4992 primogenitum
1427 4924 1594 4978 omnis
1619 4934 1876 4980 creatura:

312 5013 594 5082 appellant.
634 5013 898 5068 Nimirum
931 5014 1118 5068 Ariani
1153 5015 1255 5069 hoc
1301 5014 1527 5082 dictum,
1565 5018 1879 5088 primogeni-

312 5116 421 5160 tum
465 5107 631 5160 omnis
673 5116 948 5171 creaturae,
980 5106 1047 5158 ad
1088 5122 1246 5161 suum
1276 5108 1343 5162 de
1378 5107 1554 5163 Verbo
1591 5108 1684 5164 Dei
1717 5117 1879 5164 tuen-

311 5197 440 5252 dum
493 5213 732 5254 errorem
780 5198 1113 5267 usurpabant
1150 5218 1164 5255 :
1197 5215 1263 5255 eo
1309 5201 1452 5255 enim
1500 5210 1878 5270 processerant

311 5287 603 5356 impietatis
637 5299 696 5342 ut
729 5288 993 5349 dicerent,
1027 5285 1270 5342 Verbum
1305 5287 1400 5342 Dei
1431 5289 1576 5344 inter
1606 5305 1694 5345 res
1721 5305 1875 5346 crea-

312 5385 397 5435 tas
441 5381 671 5450 primum
718 5395 859 5436 esse.
913 5379 1096 5446 Quare
1154 5379 1443 5437 Marcellus
1492 5382 1548 5436 in
1600 5382 1872 5439 hominem

312 5472 591 5530 Christum
619 5474 750 5528 dicti
776 5474 938 5542 bujus
968 5473 1472 5542 interpretationem
1507 5475 1787 5530 derivabat
1816 5489 1876 5534 ut

310 5563 512 5622 Asterii
557 5573 933 5638 argumentum
985 5565 1320 5635 depelleret;
1361 5583 1467 5638 qua
1525 5569 1581 5622 in
1633 5584 1688 5624 re
1739 5571 1874 5626 nihil

385 5720 406 5752 ³
445 5720 656 5777 Coloss.
686 5737 724 5783 ι,
757 5720 840 5772 15.
971 5746 980 5756 -

631 5815 900 5874 Pnact.
935 5813 1050 5875 Gn.
1089 5815 1312 5878 XVIII.

1981 4566 2080 4606 suo
2157 4555 2490 4624 ascripserat
2537 4556 2807 4616 Eusebius
2859 4579 3095 4620 errorem
3135 4569 3240 4624 late
3289 4585 3544 4643 spargere

1980 4645 2165 4714 coepit,
2191 4645 2466 4702 Christum
2499 4666 2605 4704 non
2651 4661 2776 4708 ante
2809 4664 2984 4711 ortum
3030 4675 3095 4714 ex
3127 4659 3295 4716 Maria
3324 4662 3545 4736 Virgine

1982 4735 2178 4790 Filium
2213 4736 2310 4792 Dei
2355 4738 2526 4796 fuisse
2564 4742 2863 4801 dictitans:
2897 4763 3067 4817 quare
3118 4752 3208 4807 ille
3256 4735 3444 4811 multis
3489 4759 3542 4812 in

1983 4827 2208 4897 synodis
2229 4829 2518 4888 damnatus
2546 4833 2938 4907 abdicatusque
2963 4848 3047 4895 est
3075 4861 3087 4896 :
3125 4841 3193 4896 Et
3223 4843 3318 4899 hoc
3349 4862 3540 4916 tpsum.

1983 4920 2158 4990 inquit
2189 4919 2462 4992 Sulpicius
2491 4924 2744 4994 Severus,
2779 4928 3092 4986 Marcellum
3119 4938 3392 5005 gravabat,
3418 4943 3543 5010 quia

1983 5010 2241 5069 Photinus
2272 5015 2485 5070 auditor
2515 5018 2628 5085 eius
2653 5019 2818 5088 fuisse
2846 5024 2900 5076 in
2935 5023 3288 5082 adolescentia
3336 5031 3543 5085 videba-

1983 5114 2087 5158 tur.
2120 5103 2386 5162 Haustum
2419 5123 2448 5162 a
2482 5108 2714 5165 Photino
2742 5127 2807 5166 ex
2832 5111 3066 5170 Marcelli
3109 5118 3421 5189 magisterio
3442 5137 3544 5177 er-

1982 5211 2160 5253 rorem
2205 5199 2574 5268 opinabantur
2621 5203 2820 5258 multi:
2860 5221 2982 5260 cum
3031 5209 3284 5274 maxime,
3317 5211 3444 5267 licet
3485 5212 3542 5268 in

1982 5298 2082 5344 suo
2113 5287 2375 5345 adversus
2408 5290 2681 5348 Asterium
2716 5295 2854 5350 libro
2881 5297 3150 5367 ejusmodi
3194 5301 3331 5356 nihil
3359 5311 3545 5374 aperte

1979 5381 2357 5454 proﬁteretur;
2389 5384 2570 5456 aliqua
2613 5393 2794 5442 tamen
2837 5399 3044 5461 essent,
3073 5407 3194 5461 quae
3227 5394 3545 5450 viderentur

1979 5491 2100 5532 eam
2142 5478 2198 5531 in
2230 5485 2438 5549 partem
2475 5478 2833 5549 propendere.
2868 5479 3180 5553 importune
3223 5485 3391 5556 igitur
3423 5501 3544 5540 ma-

1981 5571 2154 5647 gistro
2194 5569 2415 5638 accidit,
2465 5579 2523 5625 ut
2565 5586 2729 5642 quam
2779 5574 2867 5629 ille
2913 5575 3218 5633 doctrinam
3260 5579 3549 5636 tradidisse

3199 5826 3276 5885 ιιι
