3984 6212
426 310 559 364 189!

1653 294 1743 349 DE
1772 289 1935 346 VITA
1971 286 2058 341 ET
2101 282 2416 341 SCRIPTIS

3518 272 3652 323 {9.9-2

429 431 718 483 accusatus
762 422 959 484 fuerat,
992 405 1253 473 eamdem'
1267 409 1566 481 discipulus
1610 407 1788 477 palam
1819 403 1992 458 disse-
2021 404 2068 460 Α
2093 396 2211 451 Non
2249 396 2415 449 alium
2451 408 2581 448 sane
2625 391 2823 446 librum
2867 388 3083 444 videtur
3116 399 3346 455 carpere
3376 382 3653 437 ttasilius:

429 520 681 574 minaret.
746 511 883 566 Hinc
930 507 1117 563 multis
1174 510 1460 573 suspectus
1524 497 1811 552 Marcellus
1870 509 1993 549 esse

430 608 619 678 cmpit,
650 603 793 675 quod
824 606 1083 673 putarent
1110 595 1402 650 Photinum
1426 606 1613 656 eorum
1642 588 1992 656 interpretem

430 674 609 772 agere,
659 674 779 767 qua:
827 691 1116 749 Marcellus
1164 688 1355 742 doctor
1401 683 1628 738 obscure
1673 684 1727 733 et
1770 674 1996 731 subdole

430 791 767 863 scripsisset.

664 901 725 953 ll.
750 900 805 950 In
826 897 1080 960 colloquiis
1102 904 1297 943 errores
1314 888 1548 952 sparsisse
1569 888 1780 947 putatur.

500 1009 620 1063 Alia
654 1007 783 1061 item
806 1000 1095 1059 intervenit
1113 992 1429 1066 suspicandi
1444 989 1690 1055 occasio;
1710 983 1995 1039 Marcellus

434 1102 583 1159 enim
602 1116 734 1154 nova
753 1095 997 1169 quazdam
1019 1094 1253 1152 miscere,
1275 1097 1324 1142 et
1340 1083 1594 1155 ambiguis
1609 1074 1998 1150 prmdicationi-

436 1195 552 1257 bus,
598 1190 710 1261 ejus
749 1190 803 1243 in
835 1203 991 1259 quam
1037 1183 1294 1238 Photinus
1329 1176 1521 1244 erupit,
1550 1172 1805 1225 doctrina:
1858 1169 1996 1221 viam

442 1258 674 1368 quwrere.
693 1280 1036 1354 deprehensus
1081 1284 1157 1328 est
1186 1274 1285 1344 (Ι).
1318 1269 1491 1323 Homo
1516 1265 1716 1336 quippe
1746 1258 1997 1359 garrulus

437 1348 492 1434 et
522 1348 961 1447 loquacissimus,
1013 1373 1074 1420 ut
1130 1363 1291 1417 habet
1349 1357 1637 1419 Eusebius,
1674 1360 1728 1407 et
1777 1366 1843 1405 es
1878 1348 1997 1418 ejus

435 1486 557 1540 qua:
586 1441 879 1537 supersunt
908 1456 1224 1529 fragmentis
1268 1449 1454 1505 videre
1481 1459 1585 1510 est,
1621 1444 1748 1498 dum
1780 1441 1834 1494 in
1870 1454 2001 1511 quo-

433 1531 674 1616 tidianis'
713 1548 1140 1610 fabulationibus
1184 1552 1241 1599 et
1281 1539 1591 1610 colloquiis,
1614 1533 1903 1591 obscurius
1941 1531 1998 1584 in

435 1652 616 1708 libello
646 1647 847 1703 tradita
877 1642 1217 1713 explanaret,
1244 1637 1311 1690 ad
1335 1649 1455 1690 eam
1487 1645 1649 1702 quam
1694 1629 1747 1682 in
1779 1622 1998 1698 synodis

436 1744 680 1800 Romana
708 1748 762 1795 et
797 1731 1119 1791 Sardicensi
1141 1727 1542 1805 repudiaverat,
1572 1719 1884 1791 Opinionem
1913 1730 2000 1770 re—
2033 1744 2075 1799 Β

432 1835 617 1892 cidere
643 1830 782 1887 forte
796 1824 1251 1896 comperiebatur.
1286 1816 1423 1871 Hinc
1454 1815 1582 1878 late,
1611 1826 1706 1882 per
1723 1807 1999 1864 Orientem

434 1928 691 1993 maxime,
734 1936 962 1995 sparsus
1011 1928 1201 1971 rumor
1234 1908 1548 1966 Marcellum
1581 1903 1743 1973 impie
1773 1900 1840 1955 de
1864 1897 2001 1952 Filio

436 2020 531 2076 Dei
554 1991 784 2080 sentire,
802 2011 1100 2079 eademque
1131 2007 1249 2075 ipsa
1287 2002 1484 2057 docere
1520 2010 1641 2067 quae
1679 1996 1736 2048 in
1773 1991 2002 2047 Ariano—

434 2126 560 2167 rum
610 2100 1054 2162 accusationibus
1104 2094 1441 2151 ferebantur.
1499 2085 1617 2141 Non
1667 2097 1778 2138 una
1823 2090 2003 2136 tamen

435 2205 540 2261 fuit
571 2201 816 2257 omnium
852 2194 921 2250 de
950 2188 1207 2246 Marcello
1242 2180 1546 2245 sententia;
1586 2192 1733 2243 nam,
1768 2172 2002 2246 Epipha-

435 2298 529 2353 nio
566 2300 728 2356 teste,
776 2287 932 2343 multi
977 2298 1076 2355 pro
1128 2277 1384 2335 Marcello
1416 2270 1759 2339 stabant,-,in
1801 2265 2005 2338 quibus

435 2388 702 2445 Paulinus
748 2378 1123 2437 Antiochenus
1179 2372 1471 2443 episcopus
1516 2385 1530 2420 :
1579 2363 1742 2434 idque
1790 2359 2005 2431 signum

436 2490 520 2539 est
553 2476 928 2536 manifestum,
975 2484 1087 2525 non
1130 2465 1307 2537 palam
1350 2469 1405 2515 et
1450 2464 1635 2528 aperte
1695 2446 2006 2507 Marcellum

437 2572 601 2645 impia
625 2566 922 2641 protulisse
945 2562 1196 2632 dogmata
1217 2574 1232 2624 ;
1250 2553 1345 2610 sed
1368 2552 1443 2607 ita
1471 2548 1723 2621 perplexe
1742 2546 2006 2609 locutum,

438 2676 499 2724 ut
514 2634 653 2720 hinc
681 2660 1000 2732 opinionum
1040 2651 1192 2705 facta
1221 2647 1332 2703 sint
1369 2642 1633 2707 divortia;
1661 2638 1782 2693 aliis
1829 2634 2011 2690 catho-

440 2762 562 2822 lice,
590 2766 842 2828 perverse
880 2755 934 2803 et
978 2744 1143 2815 impie
1186 2740 1308 2795 aliis
1351 2736 1556 2793 sentire
1594 2734 1774 2787 virum
1820 2735 2012 2800 putan-

438 2850 608 2906 tibus.

438 2982 524 3035 ιιι
549 2980 844 3033 Athanasius
881 2988 995 3025 eum
1032 2985 1122 3035 pro
1130 2971 1409 3080 δῖιξὶιιξῗοῑο,
1432 2962 1643 3015 Basilius
1667 2974 1755 3024 pro
1777 2959 2010 3010 haeretico

509 3126 704 3182 Gravis
741 3125 870 3176 item
894 3116 1149 3173 Marcello
1179 3113 1309 3168 hinc
1350 3120 1504 3182 parta
1527 3102 1731 3162 invidia
1767 3103 2003 3166 videtur,

441 3234 566 3276 cum
601 3217 711 3271 duo
752 3210 1008 3267 Ecclesiae.
1058 3206 1262 3262 lumina
1310 3200 1644 3257 Athanasius
1679 3204 1733 3254 et
1772 3194 2007 3251 Basilius

441 3326 627 3368 errore
657 3306 918 3362 infectum
948 3300 1221 3355 hominem
1254 3293 1518 3366 suspicati
1549 3297 1696 3347 sunt.
1744 3287 1819 3343 De
1848 3287 2009 3340 Atha-

444 3404 603 3460 nasio
635 3402 833 3472 quippe
860 3397 975 3452 hmc
1012 3392 1331 3451 testificatur
1372 3384 1706 3459 Epiphanius
1733 3380 2007 3454 εἮρόμην

442 3499 501 3554 δὲ
525 3495 686 3560 αὐτὸς
716 3492 827 3562 ἐγὼ
849 3490 1024 3563 χρόνῳ
1045 3487 1155 3541 τινὶ
1182 3485 1273 3539 τὸν
1301 3481 1606 3554 μακαρίτην
1632 3477 1816 3531 πάπαν
1854 3473 2009 3527 Ἀθα-

445 3590 627 3646 νάσιον
651 3588 779 3658 περ)⁸
797 3582 986 3638 τούτου
1015 3577 1109 3634 τοῦ
1138 3574 1480 3649 Μαρκέλλου,
1505 3570 1621 3634 πῶς
1652 3569 1717 3622 ἂν
1744 3565 1854 3638 ἔχοι
1879 3582 1945 3617 πε
1954 3564 2008 3636 ρὶ

445 3679 632 3736 αὐτοῦ.
690 3655 750 3730 'D
789 3675 845 3728 δὲ
891 3672 1013 3727 οὔτε
1067 3665 1616 3741 ὑπεραπελογήσατο,
1673 3657 1795 3712 οὔτε
1848 3655 2008 3710 πάλιν

448 3772 583 3845 πρὸς
611 3768 772 3825 αὐτὸν
796 3763 1047 3835 ἀπεχθῶς
1074 3759 1278 3831 ἠνέχθη
1296 3775 1307 3787 ·
1335 3755 1493 3827 μόνον
1524 3752 1580 3805 δὲ
1603 3750 1691 3805 διὰ
1716 3748 1810 3802 τοῦ
1844 3762 2011 3818 προσ-

446 3839 593 3920 ὠίκου
643 3860 922 3934 μειδιάσας
984 3855 1250 3925 ὑπέφηνε,
1316 3845 1643 3934 μοχθηρίας-
1669 3842 1743 3914 μὴ
1782 3839 2010 3934 μακρὰν

449 3952 608 4009 αὐτὸν
644 3930 812 4012 ἐῖναι,
842 3947 937 4001 καὶ
968 3944 1044 4008 ὡς
1073 3938 1553 4010 ἀπολογησάμενον
1595 3930 1725 4003 εἶχε.
1782 3930 1837 3985 Id
1884 3938 2008 3983 est:

448 4044 584 4101 Cum
617 4038 902 4113 aliquando
945 4037 1152 4092 beatum
1180 4048 1372 4104 papam
1411 4027 1754 4082 Athanasium
1787 4024 2013 4076 interro-

447 4151 650 4211 garem,
677 4130 800 4204 quid
828 4129 893 4184 de
922 4126 1174 4183 Marcello
1208 4124 1557 4183 existimaret,
1590 4117 1678 4171 ille
1704 4130 1860 4186 neque
1882 4128 2012 4183 pur-

450 4208 588 4298 gauit
622 4224 902 4287 hominem,
943 4235 1101 4290 neque
1133 4233 1249 4272 vero
1286 4214 1521 4286 asperius
1548 4211 1747 4266 notauit
1777 4224 1794 4261 :
1824 4208 1913 4261 sed
1941 4208 2014 4260 le-

452 4322 588 4377 niter
629 4316 890 4379 arridens,
936 4329 1042 4367 non
1090 4310 1311 4364 multant
1347 4308 1411 4360 ab
1452 4303 1782 4375 improbitate
1824 4299 2015 4353 abhor-

452 4415 624 4470 ruisse
664 4407 981 4483 signiﬁcavit
1010 4422 1029 4460 :
1059 4414 1109 4459 et
1138 4404 1191 4458 in
1237 4417 1416 4456 eorum
1456 4398 1590 4465 loco,
1623 4397 1714 4467 qui
1750 4409 1860 4449 sese
1887 4408 2016 4462 pur-

454 4512 686 4579 gassent,
719 4500 923 4555 habuit.
968 4497 1152 4568 Longe
1183 4496 1365 4549 acrior
1392 4491 1651 4551 Basilius,
1698 4485 2012 4541 Marcellum

454 4614 556 4672 pro
603 4595 858 4653 haeretico
909 4592 1091 4659 habet,
1148 4588 1267 4659 ejus
1309 4585 1640 4657 impietatem
1689 4581 1903 4635 Arianae
1947 4592 2014 4632 ex

453 4670 724 4748 diametro
770 4685 1076 4757 oppositam
1120 4680 1375 4747 aestimat,
1424 4674 1792 4731 damnandum
1840 4670 2015 4726 homi-

457 4784 660 4839 minem
693 4785 903 4842 censet,
932 4776 1059 4846 quia
1087 4772 1409 4844 unigenitum
1440 4769 1649 4840 quidem
1676 4766 1783 4820 dici
1809 4763 2019 4818 verbum

460 4874 645 4938 tradit,
681 4881 933 4945 quatenus
965 4867 1036 4922 ad
1081 4881 1234 4920 usum
1280 4872 1330 4918 et
1377 4861 1445 4916 ad
1490 4870 1689 4928 tempus
1724 4855 1917 4927 prodit,
1959 4869 2020 4907 ac

457 4983 644 5023 rursus
674 4964 741 5019 ad
768 4978 885 5019 eum
906 4976 971 5016 ea:
1001 4976 1102 5031 quo
1134 4956 1325 5027 prodiit
1356 4954 1630 5009 reuertitur
1655 4966 1673 5005 :
1705 4965 1863 5019 neque
1903 4955 2022 5001 ante

458 5074 743 5132 egressum,
778 5072 912 5120 esse,
958 5070 1049 5108 nec
1077 5060 1193 5122 post
1240 5063 1554 5121 regressum,
1596 5044 1879 5100 subsistere
1923 5041 2020 5094 ait.

463 5153 627 5223 Cuius
651 5151 726 5205 rei
754 5154 1119 5221 argumentum
1156 5150 1278 5199 sunt
1308 5142 1502 5212 iniqua'
1530 5139 1676 5192 illius
1707 5132 2021 5206 syngrapha:

428 5308 435 5327 ι
464 5247 610 5304 libri.
640 5246 847 5302 Caetera
889 5238 1145 5312 superius
1185 5236 1347 5290 allata
1393 5239 1540 5290 sunt.
1568 5229 1687 5285 Jam
1714 5242 1844 5284 vero
1877 5242 2028 5298 quae-

465 5352 620 5396 ratur
652 5353 779 5394 num
813 5335 1000 5405 iniqua
1049 5331 1140 5386 illa
1190 5328 1500 5401 συγγραφή,
1549 5338 1711 5396 quam
1765 5326 2029 5376 memorat

466 5428 900 5494 Basilius,°idem
951 5429 1069 5500 ipse
1098 5424 1238 5481 liber
1272 5423 1363 5485 sit,
1413 5418 1510 5491 qui
1556 5419 1608 5473 in
1657 5414 1881 5488 synodis
1921 5412 2029 5467 Ilo-

469 5539 629 5581 mana
670 5535 723 5581 et
762 5522 1075 5579 Sardicensi
1115 5533 1303 5577 errore
1331 5528 1537 5572 vacuus
1569 5512 1877 5569 declaratus
1922 5514 2027 5564 est.

541 5728 616 5798 (1)
654 5726 824 5785 Hilar.
858 5726 1073 5796 Fragm.

2094 502 2202 540 non
2248 487 2445 554 legitur
2504 482 2650 538 enim
2701 480 3017 534 Marcellum
3069 478 3240 531 alium
3293 473 3536 528 edidisse
3591 472 3651 523 li-

2092 578 2273 641 brum,
2324 590 2487 646 quam
2534 574 2685 628 illum
2722 580 2915 627 contra
2959 570 3259 631 Asterium,
3302 566 3391 621 cui
3440 566 3657 621 titulus.

2095 668 2171 724 De
2191 668 2515 739 subjectione
2549 666 2784 730 Domini,
2817 672 2956 719 teste
3002 661 3229 717 Hilario.
3276 659 3477 715 Verum
3514 657 3659 711 dicet

2093 763 2389 834 quispiam,
2433 776 2503 815 an
2547 758 2784 814 Basilius
2817 756 3135 812 haereticum
3178 768 3242 806 ac
3285 749 3657 807 damnandum

2096 854 2295 907 librum
2338 856 2580 912 censeat,
2613 848 2707 918 qui
2745 847 2800 901 in
2840 843 3065 918 synodis
3098 842 3344 897 Romana
3376 850 3433 896 et
3471 839 3656 893 Sardi-

2095 942 2246 999 censi
2302 950 2365 995 ut
2424 938 2761 994 orlbodoxus
2802 937 3075 992 admissus
3106 933 3287 989 fuerit.
3322 932 3461 987 Huic
3500 946 3656 1001 argu-

2096 1043 2280 1091 mento
2322 1042 2381 1089 ut
2436 1042 2801 1095 occurratur,
2848 1029 3141 1101 repetenda
3184 1028 3275 1081 illa
3325 1042 3447 1097 quae
3497 1040 3657 1094 supra

2096 1127 2357 1192 diximus,
2397 1125 2710 1180 Marcellum
2760 1123 3015 1178 videlicet
3062 1123 3136 1176 ita
3197 1136 3309 1175 rem
3356 1129 3661 1192 temperare.

2098 1215 2362 1285 potuisse,
2402 1222 2459 1267 ut
2482 1213 2783 1295 dicta‘ejus
2814 1221 3035 1282 possent
3066 1211 3121 1264 in
3156 1209 3354 1263 bonam
3393 1182 3663 1260 malam“:

2098 1317 2305 1377 partem
2341 1303 2571 1360 deﬂecti.
2605 1305 2746 1359 Cum
2771 1310 2950 1359 autem
2972 1302 3063 1357 ille
3093 1301 3430 1372 synodorum
3455 1297 3666 1367 judicio

2098 1413 2338 1469 praesens
2367 1413 2587 1453 causam
2625 1396 2963 1459 defenderet,
2996 1402 3049 1450 et
3087 1408 3275 1449 sanam
3312 1391 3661 1446 catholicam

2099 1506 2205 1561 que
2235 1489 2506 1545 dictorum
2535 1494 2769 1542 mentem
2797 1494 3081 1551 tueretur;
3128 1481 3231 1537 SS.
3265 1480 3486 1544 Patres,
3516 1480 3667 1550 quod

2100 1585 2305 1640 nullam
2338 1583 2475 1639 liber
2509 1581 2839 1651 impietatem
2866 1579 3042 1649 palam
3074 1585 3127 1632 et
3157 1592 3268 1646 pra:
3302 1590 3362 1631 se
3386 1573 3578 1637 ferret,
3615 1582 3669 1626 et

2100 1662 2261 1734 effata
2290 1678 2411 1746 ejus
2434 1673 2704 1729 catholice
2732 1676 2979 1741 possent,
3016 1676 3072 1723 ut
3118 1666 3409 1721 Marcellus
3435 1673 3669 1719 conten-

2098 1772 2282 1834 debat,
2309 1768 2503 1838 accipi,
2536 1774 2596 1820 ut
2626 1766 2897 1819 insontem
2927 1776 3051 1817 cum
3080 1760 3222 1814 libro
3255 1774 3358 1825 suo
3390 1757 3662 1811 hominem

2102 1863 2414 1919 absolutum
2464 1858 2811 1913 dimiserunt.
2856 1854 2995 1908 Nam
3048 1852 3175 1923 quid
3207 1867 3335 1906 vere
3381 1853 3442 1905 in
3485 1851 3667 1906 animo

2101 1956 2344 2013 volveret
2375 1953 2687 2016 Marcellus,
2732 1950 2864 2021 quid
2903 1949 3014 2005 imo
3058 1956 3277 2017 pectore
3317 1944 3576 2010 sentiret,
3617 1944 3675 2001 il

2102 2047 2268 2104 unius
2300 2045 2395 2101 Dei
2416 2044 2628 2116 judicio
2656 2040 3093 2113 permittebatur.
3120 2034 3233 2092 Sub
3255 2038 3390 2101 haec,
3420 2044 3477 2090 ut
3510 2036 3671 2092 arbi-

2104 2140 2388 2195 trabantur
2447 2136 2649 2202 multi,
2699 2148 2825 2188 cum
2882 2132 2935 2185 in
2971 2127 3329 2185 familiaribus
3376 2127 3668 2198 colloquiis

2106 2229 2394 2284 Marcellus
2424 2225 2573 2280 dicta
2612 2239 2710 2280 sua
2746 2219 3046 2278 secundum
3089 2217 3399 2273 haereticam
3429 2223 3671 2271 mentem

2106 2322 2393 2393 discipulis
2424 2319 2764 2390 explanaret,
2811 2314 3043 2385 ejuSque
3083 2311 3161 2365 rei
3196 2310 3337 2363 fama
3368 2309 3480 2362 late
3513 2323 3674 2378 vaga-

2107 2424 2281 2479 retur,
2314 2421 2446 2468 tunc
2477 2410 2696 2465 demum
2731 2407 2955 2463 subdole
2985 2415 3166 2459 actum
3208 2401 3463 2456 Marcello
3497 2401 3675 2454 credi-

2108 2516 2222 2561 tum
2251 2512 2356 2567 est,
2391 2504 2616 2572 ipseque
2648 2500 2731 2554 sui
2758 2499 3029 2567 interpres
3063 2495 3258 2548 librum
3289 2506 3459 2562 prava
3496 2502 3678 2546 meme

2109 2596 2482 2665 conscriptum
2514 2592 2825 2647 declarasse
2857 2589 3090 2643 videtur.
3137 2584 3252 2641 Etsi
3281 2598 3450 2655 porro
3483 2598 3573 2639 res
3619 2584 3673 2635 in

2110 2690 2276 2745 dubio
2302 2698 2569 2749 versetur,
2594 2700 2722 2738 num
2756 2698 2879 2737 vere
2908 2680 3192 2735 Marcellus
3220 2679 3276 2732 in
3297 2692 3442 2741 eam,
3476 2675 3543 2731 de
3565 2692 3675 2746 qna

2110 2783 2429 2853 plerumque
2468 2788 2757 2834 accusatus
2808 2775 2931 2839 fuit,
2991 2773 3326 2844 impietatem
3367 2769 3667 2825 deciderit:

2111 2891 2236 2931 nam
2264 2889 2389 2929 cum
2421 2871 2758 2944 Epiphanius
2786 2868 3040 2923 Marcello
3069 2865 3316 2936 aequalis,
3352 2863 3534 2919 varias
3570 2863 3676 2917 hac

2110 2968 2179 3022 de
2215 2981 2275 3022 rc
2304 2964 2734 3020 orthodoxorum
2768 2959 3069 3017 sententias
3113 2966 3245 3011 tunc
3276 2955 3449 3027 fuisse
3484 2954 3679 3010 testiﬁ-

2035 3082 2078 3139 ρ
2113 3067 2288 3121 cetur,
2330 3072 2434 3113 nec
2460 3056 2659 3111 audeat
2688 3057 2802 3123 ipse
2830 3053 3149 3107 alterutram
3197 3050 3251 3103 in
3282 3058 3488 3120 partem
3547 3062 3683 3101 con-

2114 3151 2327 3215 cedere,
2365 3148 2497 3220 quid
2524 3162 2816 3218 possumus
2846 3160 2949 3199 nos
2978 3151 3059 3196 tot
3088 3142 3158 3196 ab
3188 3141 3305 3196 inde
3330 3139 3535 3210 elapsis
3571 3153 3678 3193 sa:-

2113 3244 2253 3299 culis
2286 3240 2603 3299 aestimare?
2643 3254 2807 3310 grave
2838 3246 3018 3292 tamen
3070 3243 3439 3305 argumentum
3471 3240 3669 3285 contra

2115 3332 2426 3390 Marcellum
2455 3332 2584 3386 hinc
2613 3331 2845 3393 eruitur,
2893 3326 3041 3398 quod
3075 3327 3212 3381 tanti
3243 3325 3490 3380 doctores
3517 3323 3673 3379 Basi-

2115 3428 2222 3482 lius
2272 3434 2326 3482 et
2378 3422 2734 3487 Athanasius,
2772 3420 2973 3491 quibus
3004 3434 3113 3473 non
3159 3417 3321 3471 facile
3362 3423 3480 3471 erat
3512 3416 3680 3471 verba

2115 3520 2271 3585 dare,
2297 3533 2420 3574 eum
2475 3516 2561 3571 vel
2595 3529 2823 3586 prorsus
2871 3512 3213 3574 haereticum,
3264 3509 3348 3563 vel
3389 3506 3687 3563 admodum

2116 3619 2429 3683 suspectum
2468 3608 2777 3663 habuerint.

2115 3745 2194 3795 IV.
2222 3743 2483 3794 Marcellus
2512 3747 2566 3791 et
2595 3741 2895 3791 Marcelliani
2937 3742 2986 3789 in
3016 3740 3130 3788 fidei
3161 3736 3683 3801 professionibusca—

2656 3804 2837 3852 tboiice
2862 3804 3145 3864 loquuntur.

2188 3936 2260 3990 Ut
2326 3943 2387 3989 ut
2447 3935 2519 3990 sit
2564 3935 2631 3990 de
2700 3933 2939 3989 Marcelli
2986 3933 3283 3999 opinione,
3341 3931 3686 4002 exploratum

2119 4045 2251 4084 sane
2292 4038 2377 4084 est
2421 4045 2546 4084 cum
2590 4029 2769 4091 illum,
2818 4035 2933 4080 tum
2978 4026 3280 4096 discipulos
3321 4026 3437 4093 ejus
3471 4025 3524 4077 in
3553 4023 3682 4077 fidei

2120 4120 2369 4176 formulis
2415 4135 2554 4191 quas
2596 4120 2865 4184 obtulere,
2905 4119 2997 4173 ubi
3043 4119 3147 4174 sibi
3185 4118 3475 4188 ascriptum
3518 4130 3681 4170 erro-

2120 4230 2233 4269 rem
2259 4214 2521 4269 damnant
2551 4220 2605 4268 et
2634 4213 2946 4284 repudiant,
2974 4228 3083 4267 non
3118 4210 3489 4281 paenitentiam
3518 4216 3574 4262 et
3599 4224 3678 4260 re.

2122 4305 2497 4375 sipiscentium
2538 4320 2692 4361 more
2756 4306 2808 4360 id
2856 4320 3047 4377 agere;
3106 4303 3201 4360 sed
3242 4303 3421 4357 addita
3462 4316 3680 4372 semper

2122 4404 2376 4458 cautione
2416 4403 2857 4459 adversariorum
2903 4403 3209 4458 calumnias
3255 4400 3550 4471 depellere,
3583 4413 3685 4453 nec

2119 4511 2177 4552 se
2200 4497 2274 4550 ita
2304 4497 2536 4551 sentisse
2592 4495 2860 4551 confiteri.
2881 4495 2937 4549 Id
2969 4495 3226 4550 observes
3259 4492 3404 4563 apud
3450 4491 3686 4563 Epipha-

2116 4585 2265 4640 nium
2316 4587 2370 4640 in
2419 4584 2672 4640 Formula
2705 4586 2825 4641 ﬁdei
2873 4585 3134 4651 Marcelli,
3162 4583 3309 4639 Julio
3350 4583 3555 4642 oblata,
3598 4582 3688 4635 ubi

2119 4682 2166 4736 is
2197 4695 2255 4735 se
2280 4679 2355 4733 ita
2384 4680 2626 4735 sensisse
2660 4687 2821 4749 negat
2852 4685 2910 4732 ut
2933 4677 3120 4731 Ariani
3152 4676 3475 4732 dictitabant
3506 4693 3522 4728 :
3556 4676 3688 4728 etin

2120 4773 2398 4828 luculenta
2431 4771 2568 4849 fidei,
2589 4772 2818 4826 formula
2862 4771 2919 4825 in
2946 4770 3216 4841 legatione
3247 4767 3495 4839 Eugenii,
3523 4780 3689 4835 quam

2120 4881 2269 4921 nunc
2297 4866 2534 4936 primum
2565 4882 2595 4921 e
2628 4865 2866 4921 tenebris
2897 4864 3164 4927 eruimus,
3197 4862 3278 4917 sic
3307 4861 3542 4931 legitur:
3580 4856 3691 4910 Ne-

2122 4975 2219 5029 que
2258 4958 2398 5012 en‘im
2447 4972 2710 5012 censemus
2750 4958 2917 5010 alium
2964 4970 3075 5009 esse
3105 4952 3328 5013 Filium,
3374 4952 3545 5005 alium
3583 4967 3696 5003 esse

2137 5049 2384 5114 Verbum,
2421 5064 2477 5103 ut
2509 5049 2723 5120 quidam
2767 5065 2861 5103 nos
2905 5047 3097 5101 sentire
3130 5045 3335 5099 mentiti
3365 5051 3487 5096 sunt
3519 5057 3537 5093 :
3566 5041 3693 5095 item

2128 5145 2183 5199 in
2220 5143 2577 5215 Expositione
2617 5142 2741 5198 ﬁdei
2792 5141 2860 5197 ad
2911 5141 3366 5197 Diocmsarienscs
3405 5140 3697 5209 episcopos

2127 5238 2332 5301 oblata,
2369 5237 2523 5291 aiunt
2571 5235 2906 5290 Marcelliani
2957 5250 3018 5290 se
3060 5234 3292 5289 libenter
3314 5231 3575 5287 Patribus
3613 5247 3699 5286 re-

2129 5330 2405 5401 spondere
2443 5327 2876 5391 sciscitantibus,
2913 5334 2973 5381 ut
3006 5325 3146 5401 falso
3184 5325 3365 5380 oblata
3395 5323 3497 5378 sibi
3528 5331 3700 5378 teme-

2130 5431 2264 5479 ratae
2310 5422 2594 5494 religionis
2628 5420 2862 5477 crimina
2892 5399 3297 5491 propulsarent,
3338 5416 3428 5471 διὰ
3463 5415 3700 5487 μάλιστα

2130 5515 2256 5579 τοὺς
2280 5512 2637 5586 βουλομένους
2675 5511 2922 5583 ματαίως
2949 5509 3197 5582 Θρυλλεῑν
3230 5508 3358 5581 περὶ
3386 5505 3552 5579 ἡμῶν
3582 5521 3700 5561 τινα
