3984 6212
329 334 355 386 1
365 334 472 388 εὶοῖ

326 545 688 600 orthodoxam
725 546 1053 601 sententiam
1081 545 1204 602 fidei
1233 546 1498 604 formulas
1528 565 1657 606 suas
1682 567 1897 621 semper

326 636 735 701 concinnarint,
782 649 834 691 et
881 638 1103 694 aliunde
1135 654 1166 693 a
1209 641 1399 696 multis
1434 651 1749 698 sanctorum
1794 643 1898 699 Pas

324 743 473 785 trum
508 730 765 786 Marcello
813 730 1106 802 aequalium
1143 747 1243 803 pro
1272 732 1546 789 heretieis
1578 736 1660 789 vel
1704 752 1898 806 suspe-

323 825 435 882 ctis
462 825 633 880 habiti
666 823 892 889 fuerint,
922 840 1034 880 non
1067 824 1266 879 mirum
1296 827 1342 882 si
1380 826 1723 881 tanta-fuerit
1748 829 1896 882 circa

324 914 572 971 Marcelli
624 916 783 970 iidem
842 916 1235 971 sententiarum
1290 916 1570 982 varietas,
1637 924 1895 987 quantam

322 1008 549 1065 exhibet
580 1007 939 1081 Epiphanius.

939 1144 1170 1202 CAPUT
1218 1146 1281 1201 V.

859 1276 1178 1316 IARCELLUI
1218 1277 1431 1325 UNQUAM
1485 1279 1518 1317 Α
1555 1278 1893 1318 COIIUNIONE

880 1347 976 1387 SUA
1016 1347 1345 1387 ιιειιονειιιτ.

321 1275 437 1315 NUI
479 1275 809 1315 ATHANASIUS

324 1464 370 1519 Ι.
412 1463 734 1520 Athanasius
784 1463 1098 1519 Marcellum
1146 1485 1178 1519 a
1225 1470 1587 1524 communione
1643 1487 1741 1523 sua
1793 1486 1894 1524 non

397 1533 860 1610 removergt'ante
890 1553 1096 1610 annum
1150 1537 1275 1594 358.
1327 1539 1391 1594 ll.
1446 1538 1559 1594 Nec
1609 1540 1897 1610 instigante

393 1616 575 1674 postea
606 1606 814 1661 Basilio
846 1605 900 1660 id
930 1608 1051 1678 egit.

322 1717 368 1770 Ι.
392 1718 685 1769 Athanasius
708 1719 986 1769 Marcellum
1011 1734 1036 1769 a
1060 1722 1400 1771 communione
1427 1736 1512 1772 sua
1533 1737 1629 1772 non
1668 1736 1892 1773 remove-

572 1788 646 1831 rat
668 1788 783 1831 ante
805 1795 984 1831 annum
1006 1782 1113 1831 558.
1143 1783 1335 1847 Fragm.
1365 1785 1411 1843 2,
1438 1799 1485 1847 p.
1516 1785 1645 1834 1500.

397 1899 751 1963 Athanasius,
797 1902 889 1972 qui
935 1888 1329 1958 multis'annis
1374 1901 1627 1960 Marcello
1658 1903 1896 1959 fortuna-

321 2010 449 2051 rum
476 2009 703 2050 consors
732 2005 785 2050 et
824 1995 1032 2051 amicus
1063 1994 1260 2062 fuerat,
1306 1996 1523 2051 demum
1556 1998 1764 2067 sparsis
1802 2013 1896 2052 ru-

320 2086 595 2148 moribus,
630 2094 685 2141 et
735 2087 1008 2141 clarorum
1043 2085 1326 2141 hominum
1366 2088 1697 2142 testimoniis
1727 2086 1897 2142 abdu-

319 2185 472 2241 ctus,
502 2190 663 2246 quem
697 2176 850 2247 prius
878 2191 978 2246 pro
1012 2174 1273 2231 facultate
1316 2176 1656 2240 defenderat,
1703 2192 1896 2247 suspe-

319 2275 474 2322 ctum
506 2265 709 2322 habere
738 2266 923 2337 erepit.
948 2266 1006 2321 id
1043 2266 1347 2338 Epiphanio
1381 2275 1520 2324 teste
1556 2267 1891 2324 ediscimus:

317 2357 438 2420 cui,
469 2366 657 2427 utpote
703 2356 773 2412 ab
837 2356 1141 2413 Athanasio
1191 2359 1313 2427 ipso
1375 2358 1560 2413 audita
1622 2359 1893 2421 narranti,

317 2445 488 2502 ﬁdem
543 2447 808 2518 derogare
852 2464 963 2502 non
997 2449 1141 2503 licet.
1194 2449 1395 2505 Verum
1433 2449 1705 2515 Hilarius,
1765 2452 1893 2506 item

313 2536 574 2606 aequalis,
626 2553 711 2605 eo,
751 2548 974 2592 ventum
1033 2555 1156 2595 esse
1205 2541 1553 2605 testificatur,
1613 2553 1673 2595 ut
1729 2542 1893 2597 ctiam

316 2628 583 2685 Marcello
624 2630 1064 2687 communionem
1115 2634 1446 2692 Athanasius
1501 2644 1744 2706 negaret.
1792 2635 1894 2691 Sed

315 2739 422 2778 cur
473 2723 748 2794 abnegata:
805 2727 1214 2789 communionis,
1275 2728 1355 2782 sic
1406 2728 1521 2790 ille,
1569 2729 1894 2783 Athanasius

315 2830 445 2870 reus
476 2832 587 2870 esse
624 2816 972 2873 rescribitur?
1005 2816 1259 2888 Nunquid
1295 2827 1507 2889 propter
1549 2819 1672 2872 fibri
1712 2820 1894 2873 uitium

319 2907 614 2963 Marcellus
643 2909 911 2964 abstentus
935 2913 1055 2966 est?
1083 2909 1259 2965 Testes
1285 2912 1383 2979 ipsi
1409 2920 1552 2975 sunt,
1582 2926 1647 2965 ex
1678 2912 1896 2965 institu-

323 3004 396 3057 tis
418 3002 532 3072 ejus
554 3002 837 3057 Photinum
860 3004 1218 3071 perversitatis
1242 3005 1398 3058 istius
1413 3004 1565 3058 initia
1588 3004 1890 3073 sumpsisse.

325 3094 474 3149 Nam
534 3106 723 3165 negata
768 3095 873 3150 sibi
922 3094 985 3149 ab
1042 3096 1333 3151 Athanasio
1378 3098 1760 3159 communione,
1811 3096 1893 3149 in-

324 3204 509 3260 gressu
553 3162 666 3242 sese
706 3187 942 3243 ecclesia:
987 3187 1272 3244 Marcellus
1318 3188 1589 3242 abstinuit.
1626 3185 1713 3239 Ita
1754 3204 1897 3239 com-
1922 3162 1964 3219 ε

322 3280 508 3332 munia
541 3294 661 3331 cum
706 3294 767 3332 eo
805 3279 860 3331 in
912 3279 1016 3330 ista
1050 3279 1153 3346 [ide
1190 3280 1254 3332 de
1283 3278 1601 3343 subiectione
1634 3288 1681 3330 et
1728 3277 1899 3332 tradi-

324 3371 464 3426 tione
518 3370 663 3439 regni
724 3369 872 3422 docet
922 3385 939 3421 :
986 3379 1173 3439 negata
1233 3386 1443 3421 rursum
1496 3370 1757 3435 pravitate
1804 3368 1900 3424 do-

324 3463 513 3516 ctrina:
557 3462 779 3515 alterius
830 3460 1080 3514 ostendit.
1131 3460 1209 3514 Ex
1260 3459 1491 3517 Hilario.
1550 3469 1609 3514 ut
1660 3462 1894 3525 videtur,

325 3559 608 3609 mutuatus
650 3551 928 3624 Sulpicius
980 3552 1237 3613 Severus,
1294 3552 1528 3622 idipsum
1582 3561 1769 3606 narrat
1816 3554 1899 3609 his

326 3644 545 3700 verbis:
575 3642 859 3713 Interfecto
902 3642 1087 3697 deinde
1137 3653 1383 3711 tempore,
1407 3644 1731 3698 Athanasius
1780 3663 1898 3699 cum

326 3733 641 3791 Marcellam
690 3752 879 3805 parum
918 3751 1065 3789 sonte
1112 3735 1237 3804 ﬁdei
1278 3752 1388 3790 esse
1445 3738 1814 3806 comperisset,
1867 3755 1900 3791 a

326 3828 688 3880 communione
717 3824 1009 3895 suspendit.
1043 3824 1344 3896 Habuitque
1366 3826 1458 3881 ille
1484 3827 1621 3881 hanc
1656 3845 1899 3883 verecun-

326 3918 494 3983 diam,
519 3928 576 3972 ut
608 3920 745 3972 tanti
776 3919 874 3972 viri
890 3917 1097 3988 judicio
1122 3927 1336 3972 notatus
1366 3929 1546 3986 sponte
1575 3920 1895 3978 concederet.

326 4007 591 4063 Ceterum
639 4018 796 4063 antea
838 4009 1110 4072 innocens,
1142 4017 1326 4078 postea
1356 4009 1698 4079 deprauatus,
1737 4013 1901 4066 uideri

326 4111 534 4173 poterat
570 4102 689 4172 jam
731 4113 842 4155 tum
896 4119 1083 4156 nocens
1117 4101 1303 4170 fuisse,
1351 4118 1469 4156 cum
1523 4104 1587 4158 de
1634 4121 1694 4158 eo
1725 4105 1901 4173 fuerat

327 4193 645 4261 iudicatum.
683 4193 788 4249 Sed
820 4193 935 4249 haec
969 4193 1232 4257 Hilarius,
1267 4210 1428 4264 quem
1474 4192 1752 4266 Sulpicius
1794 4214 1864 4251 an
1886 4224 1898 4237 -

328 4293 538 4341 clorem
566 4287 746 4350 habet,
780 4301 849 4340 ex
882 4286 1075 4357 synodi
1117 4283 1455 4350 Sirmiensis,
1488 4287 1544 4341 in
1575 4303 1684 4358 qua
1714 4287 1902 4343 Photi—

327 4393 437 4433 nus
469 4392 613 4434 anno
642 4377 745 4433 549
801 4377 1094 4432 damnatus
1131 4388 1235 4441 est,
1278 4379 1547 4449 rescripto
1593 4387 1896 4436 mutuatur.

326 4468 468 4525 Cum
494 4479 673 4526 autem
708 4469 850 4524 hanc
879 4468 1147 4540 synodum
1178 4470 1367 4525 Ariani
1392 4472 1736 4528 solummodo
1761 4489 1901 4544 prm-

326 4562 479 4619 sules
528 4562 948 4626 celebraverint,
991 4561 1141 4616 nulla
1180 4561 1248 4616 iis
1299 4561 1434 4619 fides
1491 4563 1760 4629 habenda,
1802 4566 1895 4636 qui

326 4662 588 4711 sexcenta
620 4654 820 4710 similia
859 4661 1051 4709 contra
1079 4653 1439 4711 Athanasium
1469 4664 1524 4712 et
1559 4657 1893 4723 Marcellum,

326 4758 447 4805 tum
479 4748 646 4804 verbo
681 4758 795 4802 tum
826 4749 1050 4819 scripto,
1085 4762 1342 4818 spargere
1371 4749 1642 4806 solebant.
1673 4751 1754 4805 Ad
1783 4753 1896 4807 hanc

324 4843 664 4901 Athanasius
709 4843 902 4899 saltem
951 4842 1018 4897 ad
1051 4856 1255 4895 annum
1308 4857 1480 4912 usque
1511 4844 1636 4907 558,
1674 4844 1899 4901 Marcel-

327 4937 444 4992 lum
479 4943 537 4991 ut
564 4937 835 4993 insontem
879 4943 934 4990 et
975 4934 1261 4991 fraudibus
1291 4936 1621 4991 Arianorum
1661 4937 1897 4993 circum-

328 5038 550 5086 ventum
581 5029 847 5093 defendit,
878 5037 940 5084 ut
968 5028 1155 5085 videre
1202 5037 1290 5085 est
1320 5031 1374 5085 in
1407 5030 1666 5102 Apologia
1713 5044 1898 5087 contra

330 5126 585 5189 Arianos,
617 5124 672 5178 in
705 5122 969 5193 Apologia
1012 5123 1076 5177 de
1104 5123 1252 5194 fuga,
1283 5132 1338 5178 et
1367 5124 1420 5178 in
1451 5122 1692 5179 Historia
1733 5127 1896 5180 Aria-

330 5231 521 5270 norum
557 5215 626 5268 ad
655 5216 936 5270 monachos
961 5231 979 5269 :
1005 5214 1149 5270 unde
1175 5214 1454 5285 propalam
1488 5217 1559 5271 sit
1598 5232 1705 5271 non
1738 5218 1898 5273 modo

332 5306 739 5361 communionis
791 5306 1105 5362 societatem
1170 5321 1294 5360 cum
1358 5306 1451 5360 illo
1510 5306 1744 5375 fovisse;
1803 5308 1897 5364 sed

254 5386 257 5387 ⁷
333 5396 499 5450 etiam
538 5396 781 5452 nondum
825 5398 880 5452 in
914 5398 1059 5452 illam
1107 5398 1323 5453 venisse
1355 5405 1544 5453 contra
1589 5399 1897 5455 Marcellum

333 5486 730 5556 suspicionem,
771 5503 933 5559 quam
976 5500 1241 5545 memorat
1273 5490 1631 5561 Epiphanius.
1667 5493 1732 5545 Et
1769 5507 1899 5547 sane

333 5595 571 5637 concors
611 5590 697 5636 est
731 5598 868 5652 pene
915 5583 1159 5638 omnium
1195 5585 1491 5646 sententia,
1537 5584 1663 5639 huic
1706 5583 1894 5638 Hilarii

336 5674 672 5737 testimonio,
709 5682 897 5745 utpote
925 5675 993 5729 ab
1018 5674 1239 5731 Arianis
1271 5684 1517 5746 accepto,
1548 5677 1750 5731 nullam
1777 5692 1899 5732 esse

335 5764 492 5820 tidem
526 5764 851 5823 habendam.

1623 337 1969 394 MARCELLI
2008 340 2379 399 ANCYRANI.

323 453 518 525 ψευδῆ.
549 454 682 508 Cum
712 459 890 508 autem
924 452 1213 509 Marcellus
1236 462 1291 510 et
1313 454 1569 525 discipuli
1593 459 1892 512 secundum
1924 466 1969 521 Α

1929 4503 1978 4565 D

3427 351 3564 410 i295

2337 462 2395 511 ll.
2426 460 2527 510 Nec
2546 461 2809 525 instigante
2835 463 3015 514 Basilio
3038 465 3089 514 id
3106 467 3224 527 egit.

2070 572 2188 629 Non
2240 575 2439 631 desunt
2484 579 2575 645 qui
2616 576 2929 633 Marcellum
2983 579 3203 648 quidem
3240 582 3293 635 in
3321 592 3564 654 tempore

1999 680 2094 733 per
2159 664 2421 721 Hilarium
2489 674 2779 730 annotato,
2850 668 3092 723 nondum
3152 670 3219 722 ab
3269 670 3565 727 Athanasio

1998 756 2315 811 damnatum
2352 759 2521 815 fuisse
2551 759 2869 814 existiment
2903 779 2919 826 ;
2963 761 3054 814 sed
3097 760 3293 815 deinde
3323 776 3565 818 commo‘

1997 856 2158 903 vente
2193 847 2420 914 Basilio,
2459 850 2529 905 ab
2574 850 2871 906 Athanasio
2911 851 3225 906 Marcellum
3251 858 3305 905 et
3335 850 3565 906 Marcel-

1998 940 2179 995 lianos
2219 956 2249 994 a
2296 943 2683 997 communione
2721 952 2959 999 remotos
3010 942 3177 998 fuisse
3207 943 3561 998 arbitrentur.

1998 1031 2063 1087 Et
2092 1032 2209 1087 haec
2240 1033 2369 1088 item
2407 1041 2490 1089 est
2520 1032 2849 1090 Tillemontii
2878 1036 3083 1106 opinio.
3112 1034 3310 1089 Verum
3341 1035 3564 1106 ignora~

1997 1123 2129 1177 bant
2158 1123 2233 1177 illi
2266 1123 2583 1180 Marcellum
2614 1134 2667 1179 et
2700 1128 2939 1182 asseclas
2970 1126 3196 1199 Eugenii
3231 1136 3286 1183 et
3326 1128 3562 1183 aliorum

1997 1217 2346 1287 deputatione
2382 1218 2662 1274 Athanasii
2709 1219 2979 1289 judicium
3026 1220 3387 1290 praevertisse.
3426 1219 3563 1274 Cum

1997 1308 2142 1360 enim
2178 1307 2407 1363 instaret
2431 1307 2684 1371 Basilius,
2719 1320 2977 1381 urgerent
3010 1311 3100 1364 alii
3140 1311 3384 1382 episcopi
3411 1310 3566 1365 dam.

1997 1398 2345 1469 nandumque
2410 1398 2719 1455 Marcellum
2760 1400 3056 1457 Athanasio
3111 1404 3449 1467 dictitarent,
3505 1418 3565 1458 re

1997 1499 2296 1560 comperta,
2335 1490 2646 1555 Marcellus,
2700 1503 2758 1547 ut
2811 1510 3001 1548 eorum
3040 1504 3269 1550 conatus
3312 1503 3366 1550 et
3408 1495 3566 1550 moli-

1997 1582 2145 1636 mina
2213 1583 2609 1653 interpellaret,
2671 1594 2918 1641 oratores
2983 1588 3075 1656 qui
3138 1603 3359 1642 causam
3421 1587 3564 1658 apud

1996 1673 2355 1731 Athanasium
2408 1694 2563 1732 suam
2616 1690 2860 1749 agerent,
2911 1696 2974 1735 ac
3022 1683 3105 1736 sui
3152 1683 3566 1751 Ancyranzeque

1924 1807 1967 1861 Β
2000 1765 2257 1823 Ecclesia:
2313 1771 2536 1825 nomine
2592 1770 2717 1826 fidei
2774 1772 3171 1841 professionem
3223 1773 3562 1834 emitterent,

1996 1860 2279 1932 delegavit.
2314 1862 2561 1936 Cumque
2594 1866 2892 1935 legatorum
2928 1866 3160 1922 formula
3182 1881 3369 1922 sanam
3403 1880 3564 1936 pror-

1997 1970 2094 2009 sus
2123 1962 2178 2011 et
2220 1956 2584 2013 orthodoxam
2618 1958 2778 2014 fidem
2817 1959 3119 2030 praeferret,
3161 1960 3288 2014 huic
3325 1960 3566 2014 Athana-

1998 2049 2114 2105 sius
2154 2065 2278 2105 cum
2323 2053 2447 2107 aliis
2493 2053 2585 2124 qui
2634 2053 2860 2109 aderant
2898 2055 3173 2125 episcopis
3215 2054 3563 2124 astipulatus,

1997 2143 2210 2199 litteras
2233 2145 2714 2202 commendatitias
2742 2146 3060 2217 rogantibus
3090 2146 3383 2203 concessit.
3410 2144 3566 2212 Quod

1992 2234 2103 2304 jam
2143 2235 2415 2290 neminem
2454 2234 2667 2290 inficias
2697 2238 2899 2291 iturum
2939 2236 3194 2292 arbitror.

2572 2350 2575 2353 ’
2620 2371 2849 2426 CAPUT
2888 2371 2974 2425 Vl.

1993 2492 2060 2531 DE
2111 2492 2374 2531 IABCELH
2428 2494 2497 2531 ΕΤ
2547 2493 2820 2533 ιῑεειι-ϊειε
2877 2495 3163 2533 ANCYHANJS
3216 2495 3283 2532 Αἰ)
3328 2494 3567 2535 ΑΤΗΑΝΑ·

2100 2563 2224 2604 SIUI
2267 2563 2593 2614 LEGATIONE,
2628 2566 2770 2612 QUAII
2819 2565 2954 2604 NUNC
2999 2565 3200 2603 PRIHUH
3243 2565 3458 2605 ευιιυε.

1994 2660 2035 2715 l.
2070 2660 2246 2733 Hujus
2280 2662 2555 2733 legationis
2597 2664 2866 2731 exemplar
2906 2662 3042 2733 unde
3075 2662 3313 2733 prodeat.
3351 2661 3412 2714 Il.
3446 2662 3568 2729 Qua

2064 2732 2338 2786 occasione
2396 2743 2445 2786 et
2498 2750 2598 2801 quo
2636 2750 2778 2786 anno
2824 2733 2967 2801 facta
3018 2732 3209 2801 legatio
3253 2732 3433 2795 fuerit.
3479 2733 3564 2787 Ill.

2066 2801 2141 2855 De
2168 2801 2293 2871 ﬁdei
2316 2803 2639 2870 professione
2673 2802 2916 2856 Marcelli
2964 2804 3172 2854 nomine
3206 2803 3447 2857 recitata.
3474 2802 3566 2858 IV.

2066 2871 2167 2943 De
2200 2872 2672 2943 subscriptionibus
2715 2872 3087 2943 /Eggptiorum
3140 2872 3447 2939 prwsulum.
3502 2873 3565 2928 ν.

2066 2941 2171 3008 Qui
2200 2942 2363 3010 fuerit
2393 2943 2587 3013 negotii
2613 2941 2802 2996 exitus.
2829 2941 2833 2942 “
3082 2980 3085 2985 .

2178 3054 2216 3105 Ι.
2242 3054 2400 3116 Hujus
2424 3055 2687 3118 legationis
2709 3056 2964 3116 exemplar
2988 3054 3118 3103 unde
3142 3054 3361 3116 prodeat.

2067 3155 2276 3212 Prodiit
2323 3173 2385 3211 ex
2435 3158 2762 3213 bibliotheca
2804 3157 3137 3213 Scorialensi
3182 3158 3379 3229 legatio
3427 3156 3568 3210 Mar-

2000 3250 2123 3304 celli
2171 3257 2225 3303 et
2281 3248 2427 3302 Eccl.
2484 3249 2786 3320 Ancyrante
2845 3249 2912 3301 ad
2958 3249 3339 3305 Athanasium.
3393 3247 3568 3319 Hujus

2000 3351 2179 3396 autem
2220 3343 2496 3410 exemplar
2522 3340 2808 3396 Mediolani
2839 3342 2894 3396 in
2920 3342 3171 3398 biblioth.
3206 3342 3568 3396 Ambrosiana

2001 3431 2146 3487 inter
2195 3433 2414 3487 codices
2442 3432 2659 3489 Graecos
2697 3434 2900 3489 recenti
2955 3449 3120 3488 manu
3166 3434 3431 3503 scriptum
3472 3433 3564 3488 de-

2000 3524 2414 3595 prehendimus.
2447 3525 2649 3596 Estque
2694 3541 2919 3580 aureum
2952 3526 3056 3579 hoc
3088 3525 3411 3595 opusculum
3448 3539 3565 3577 om-

2000 3618 2161 3672 nibus
2211 3618 2326 3673 suis
2375 3620 2616 3675 numeris
2653 3628 2707 3675 et
2747 3619 2995 3691 partibu$
3039 3618 3345 3671 absolutum
3384 3635 3397 3670 :
3436 3616 3569 3671 sub-

2000 3710 2329 3780 scriptiones
2378 3719 2558 3765 tamen
2593 3711 2970 3782 .IEgyptiorum
3026 3710 3319 3782 praesulum
3367 3710 3419 3764 in
3460 3711 3567 3764 line

2002 3801 2280 3865 subnesae,
2329 3811 2618 3867 truncatae,
2680 3812 2739 3857 ut
2779 3804 3047 3874 liquidum
3102 3812 3205 3867 est,
3251 3816 3313 3857 ac
3363 3802 3567 3857 mutila:

2002 3902 2167 3959 sunt;
2220 3894 2293 3947 ita
2337 3903 2393 3948 ut
2438 3894 2612 3964 ipsius
2661 3894 2946 3951 Athanasii
2992 3911 3212 3961 nomen,
3249 3893 3395 3964 quod
3443 3893 3566 3947 aliis

2000 3984 2143 4038 haud
2170 3984 2335 4039 dubie
2365 3988 2708 4056 praemissum
2739 3993 2876 4051 erat,
2917 3987 3204 4043 exciderit.
3248 3985 3373 4040 Haec
3403 4000 3567 4057 porro

2002 4077 2465 4147 subscriptionum
2506 4094 2629 4135 sors
2657 4077 2778 4143 fuit,
2814 4087 2874 4133 ut
2906 4079 3319 4134 amanuensium
3355 4078 3566 4133 incuria

2001 4169 2243 4237 perirent
2290 4188 2303 4223 :
2354 4171 2483 4239 quia
2541 4171 2619 4225 illi
2666 4187 2816 4227 mera
2870 4172 3091 4227 nomina
3152 4171 3219 4226 ad
3271 4188 3385 4228 rem
3430 4173 3566 4228 nihil

2003 4261 2274 4330 pertinere
2321 4261 2733 4317 arbitrabantur
2789 4265 2970 4319 :inde
3025 4268 3131 4325 est,
3182 4263 3326 4335 quod
3386 4262 3569 4318 Sardi-

2002 4366 2195 4408 censes
2272 4353 2705 4425 subscriptiones
2766 4357 2972 4410 mutila:
3043 4356 3186 4419 sint,
3254 4356 3569 4427 pariterque

2004 4446 2387 4503 Alexandrinae
2417 4449 2544 4501 anni
2577 4446 2703 4501 52L
2739 4450 2795 4503 ln
2819 4449 3217 4504 contestatione
3252 4456 3433 4502 autem
3470 4464 3568 4519 po-

2006 4537 2117 4607 puli
2161 4538 2514 4593 Alexandrini
2559 4554 2701 4594 anno
2744 4538 2848 4594 356
2889 4540 3053 4605 facta,
3109 4539 3565 4609 subscriptiones,

2000 4643 2119 4697 quae
2193 4644 2391 4699 magno
2447 4645 2676 4685 numero
2731 4636 2921 4694 erant,
2981 4645 3010 4683 a
3063 4630 3301 4686 librariis
3352 4632 3569 4703 penitus

1999 4718 2213 4773 omissa:
2259 4729 2405 4774 sunt.
2463 4718 2549 4774 Nil
2591 4736 2720 4792 ergo
2761 4721 2957 4777 mirum
3006 4721 3095 4776 hic
3137 4721 3571 4794 subscriptiones

2000 4828 2223 4867 maneas
2245 4821 2297 4869 et
2327 4815 2549 4869 mutilas
2583 4814 2787 4870 haberi.

2112 4928 2167 4978 Il.
2198 4930 2300 4988 Qua
2322 4930 2576 4977 occasione
2598 4933 2766 4989 et.quo
2786 4940 2913 4976 anno
2934 4926 3058 4977 facta
3081 4926 3265 4991 legatio
3288 4927 3452 4977 fuerit.

2071 5035 2203 5101 Quae
2246 5048 2436 5097 causa,
2481 5049 2670 5103 quave
2700 5035 2920 5088 occasio
2955 5033 3124 5102 hujus
3174 5033 3456 5089 mittendae
3491 5035 3563 5088 le-

1999 5127 2238 5199 gationis
2283 5125 2540 5179 Marcello
2590 5123 2777 5182 fuerit.
2827 5122 2970 5179 haud
3010 5123 3226 5180 diliicile
3271 5133 3357 5179 est
3393 5140 3564 5196 augu-

2002 5222 2132 5276 rari.
2179 5220 2317 5274 Cum
2366 5218 2510 5273 enim
2557 5232 2699 5272 anno
2752 5217 2972 5271 circiter
2999 5216 3095 5271 '57!
3127 5215 3365 5272 Basilius
3390 5226 3443 5271 ct
3476 5212 3610 5277 alii’_

2001 5311 2242 5381 cpisc0pi
2301 5308 2443 5378 apud
2483 5307 2841 5361 Athanasium
2874 5306 2926 5359 id
2964 5307 3307 5372 molirentur,
3337 5315 3397 5361 ut
3427 5306 3557 5362 Mar-

2001 5404 2198 5458 cellum
2218 5409 2478 5470 tanquam
2503 5414 2656 5454 novae
2677 5399 2948 5454 hereseos
2965 5398 3183 5452 Arianis
3210 5413 3275 5452 cx
3299 5397 3567 5452 diametro

2001 5494 2264 5564 opposita?
2332 5499 2647 5553 auctorem,
2717 5491 2786 5545 ab
2852 5489 3113 5545 Ecclesia:
3181 5490 3568 5547 communione.

2002 5587 2388 5642 submoverent
2447 5598 2607 5663 :.non
2650 5584 2874 5638 nescius
2933 5582 3219 5638 Marcellus
3259 5581 3311 5636 id
3360 5598 3455 5639 eos
3510 5583 3566 5638 in

2003 5676 2301 5747 perniciem
2345 5690 2501 5729 suam
2569 5676 2900 5737 machinari,
2944 5684 3003 5728 ut
3048 5675 3356 5745 proximum
3426 5676 3567 5746 peri-

2004 5772 2186 5825 cu’um
2240 5767 2577 5837 declinaret,
2648 5768 3128 5826 commendatitias
3182 5769 3566 5839 episcoporum
