2011 3104
194 109 204 135 Ι
211 108 260 137 Ξ97

809 122 980 151 MARCELLI
996 125 1062 153 Α.Νο
1070 126 1170 155 YKANI

1733 139 1798 167 120$

191 168 244 202 giis
263 167 334 195 haud
347 169 428 197 dubie
438 173 607 206 praemissum
624 175 722 211 fuerat,
735 187 788 207 non
806 188 971 217 compareat,
987 188 1009 214 Α
1024 194 1074 212 non
1092 191 1178 215 tamen
1202 189 1307 218 licuisse
1332 194 1400 220 vobis
1423 194 1486 228 ipsis
1506 204 1558 222 rem
1585 198 1652 223 tanti
1677 204 1798 225 momenti

193 218 363 228 η.......,.-,...η
390 220 490 228 .--.,.Α.
607 222 612 228 .
757 226 762 228 ,

192 218 364 250 quatuorque
389 220 492 244 tantum
515 222 661 254 prazsulum
690 226 801 253 nomina
821 230 970 262 supersint.

191 259 298 286 Primus
323 265 366 288 est
386 261 542 293 Theodulus
567 267 726 304 Oxyrinrhi,
745 273 824 307 cujus
845 275 970 309 nuspiam

193 307 325 334 memoria
356 311 485 338 occurrit.
516 313 591 341 Alter
613 320 670 349 est,
700 317 796 347 Plenes
826 307 971 356 episcopus

191 351 349 386 llermothi,
373 355 430 384 sive
447 357 596 393 llermethi,
618 362 641 389 is
660 363 727 398 ipse,
747 368 776 391 ut
794 351 971 403 vidi-numqui

191 399 226 426 ab
246 399 402 429 Alexandro
424 404 577 437 ordinatus,
596 409 630 435 ab
644 409 752 438 Ariauis
769 411 797 438 in
812 412 971 441 Ammonia-

190 453 250 473 cam
275 447 411 483 relegatus
438 449 524 478 fuerat
553 460 625 481 anno
645 455 706 487 556,
730 458 830 493 quique
855 459 912 494 jam
943 462 969 488 in

191 491 351 527 episcopatu
384 502 575 526 consenuerat.
610 500 717 529 Tertius
755 508 797 531 est
831 505 970 542 Ischyrion

190 538 335 572 cpiscopus
352 538 465 573 Leonte,
483 543 540 571 sive
552 543 726 581 Leontopolis
743 558 749 575 :
770 549 839 577 idem
854 538 971 580 fortasse

191 583 238 616 qui
259 583 285 609 in
302 585 406 619 synodo
423 586 503 622 Tyria
527 596 638 618 causam
657 592 800 622 Athanasii
823 604 885 623 cutn
909 598 969 625 aliis

192 628 326 664 xligyptiis
344 633 505 665 presulibus
520 640 630 664 strenue
645 639 738 673 gessit.
754 640 910 671 Postremus
929 649 970 672 est

191 673 266 701 Isaac
287 676 443 711 episcopus.
463 677 547 710 Cujus
567 682 686 711 nominis
706 686 815 719 quidam
837 689 970 723 reperitur

189 720 261 746 inter
274 720 414 756 Egyptios
433 726 576 760 episcopos
599 727 626 755 in
646 720 893 766 subscriptionibus
906 733 969 761 Sar-

188 763 358 793 dicensibus.
372 767 424 794 Alii
439 768 646 800 interciderunt.

394 845 421 869 V.
436 846 480 875 Qui
492 847 563 873 fuerit
574 852 666 882 negotii
679 853 767 879 exitus.

224 913 282 940 Jam
298 923 361 943 vero
378 921 471 951 restat,
488 924 516 947 ut
534 921 580 956 qui
597 924 663 950 tanti
686 928 787 960 negotii
806 930 895 958 exitus
909 931 968 960 fue-

191 961 223 986 rit
242 962 404 995 aperiamus.
422 965 586 996 Athanasius
598 976 670 997 anno
685 971 737 999 575
747 973 891 1004 defunctus
907 984 965 1005 est:

190 1005 333 1035 Marcellus
359 1017 422 1036 vero
447 1014 569 1046 sequenti
585 1015 636 1041 374
657 1020 686 1042 ut
702 1017 803 1046 dictum
830 1027 880 1048 est.
904 1022 967 1050 Post

189 1050 248 1084 ejus
263 1051 377 1085 obitum,
403 1056 484 1088 paulo
508 1061 652 1094 antequam
668 1061 701 1088 de
724 1061 848 1092 Marcello
863 1068 963 1095 scribe-

189 1101 228 1122 ret
244 1095 419 1132 Epiphanius,
440 1109 501 1128 nam
523 1111 579 1130 rem
612 1105 656 1133 ille
671 1108 815 1136 admodum
834 1119 965 1146 nuperam

189 1151 249 1170 esse
273 1145 443 1179 testiﬁcatur,
459 1149 568 1183 quidatn
584 1151 719 1188 Ancyrani
736 1164 768 1182 ex
784 1145 901 1186 Marcelli
925 1161 966 1187 di—

188 1190 309 1224 scipulis,
336 1191 429 1220 Patres
454 1194 627 1225 Diocmsareze
652 1207 701 1234 pro
731 1201 782 1229 ﬁde
812 1205 965 1234 exsulantes

189 1236 331 1271 adierunt;
360 1239 486 1268 videlicet
513 1241 660 1277 Photinus,
692 1246 867 1282 Eustathius,
897 1252 966 1280 alter

188 1282 335 1316 Photinus,
364 1285 495 1319 Sigerius,
523 1289 690 1325 presbyteri;
721 1292 842 1328 Hyginus
876 1297 966 1325 diaco-

187 1336 255 1361 nus,
282 1330 436 1359 [leraclides
464 1333 662 1368 subdiaconus,
690 1337 819 1373 Cyriacus
849 1344 965 1377 προστά-

186 1383 245 1409 της,
258 1376 283 1402 id
297 1380 347 1408 est,
365 1382 495 1412 patronus
510 1381 551 1408 vel
563 1381 699 1415 defensor,
714 1376 882 1421 prolatisque
894 1396 966 1415 com-

187 1421 352 1449 mendatitiis
376 1428 403 1450 et
423 1426 673 1455 communicatoriis
700 1429 841 1458 Athanasii
867 1433 964 1462 litteris

187 1473 255 1499 quas
278 1474 292 1493 a
309 1467 405 1502 legatis
422 1471 569 1504 postulatus
586 1472 797 1510 impetratasque
815 1485 895 1512 supra
911 1487 964 1506 mc-

984 852 1005 880 B

1021 234 1186 266 permittere;
1209 236 1254 262 sed
1276 240 1422 270 oportuisse
1435 249 1524 267 eorum
1543 242 1586 276 qui
1605 247 1657 269 tam
1679 244 1706 270 in
1726 244 1791 271 Orci

1021 276 1106 309 dente,
1131 287 1208 313 quam
1226 282 1253 307 iu
1274 282 1380 311 Oriente
1395 291 1484 312 vestra:
1504 287 1693 314 crnmtunionis
1712 294 1798 317 erant.

1021 323 1137 351 calculos
1161 330 1186 352 et
1209 329 1364 355 sententiam
1389 332 1459 358 circa
1483 333 1671 360 restitutionem
1695 335 1797 361 illorutr

1021 376 1180 403 exspectare.
1202 371 1263 400 llaec
1290 374 1428 409 Basilius;
1456 378 1497 404 vel
1521 378 1650 412 ignorans
1674 387 1715 411 ea,
1740 388 1797 414 qua

1021 414 1191 442 Alexandria:
1216 416 1241 443 in
1266 419 1380 451 gratiam
1400 420 1516 448 Marcelli
1537 427 1563 449 et
1585 424 1749 451 asseclarum
1767 425 1797 451 ab

1020 458 1169 488 Athanasio
1186 467 1260 496 gesta
1282 463 1404 497 fuerant;
1422 467 1472 498 vel,
1491 472 1520 493 ut
1534 475 1598 495 vero
1613 469 1738 501 similius,
1760 478 1787 496 ra

1021 510 1065 532 tus
1083 506 1238 534 Marcellum
1263 513 1289 536 et
1318 509 1505 540 Marcellianos
1531 514 1557 540 in
1583 514 1642 541 ﬁdei
1664 515 1797 547 formulis,

1020 558 1088 585 quas
1113 551 1262 580 Athanasio
1288 559 1314 582 et
1344 555 1601 586 Diucmsarirnsibus
1627 560 1797 592 obtulerant,

1020 597 1134 624 subdole
1148 602 1174 624 et
1191 598 1376 629 fraudulenter
1391 604 1487 638 egisse.
1512 605 1567 632 Etsi
1583 600 1650 632 vero.
1666 606 1794 634 Dioczesa-

1020 641 1149 668 rieusium
1166 643 1200 669 ad
1216 643 1344 672 liasilium
1363 654 1521 681 responsum
1540 658 1672 684 nusquam
1690 658 1791 686 compa-

1019 691 1094 721 reat,
1118 696 1178 715 cum
1202 690 1282 718 Iebus
1299 691 1375 725 ipsis,
1398 698 1453 720 tum
1472 695 1699 730 subsequentibus
1715 699 1797 732 gestis

1019 735 1208 768 suadentibus,
1237 738 1407 772 exploratum
1439 741 1552 773 videtur,
1575 741 1797 770 Diocaasarienses

1020 779 1123 807 Basilio
1136 783 1289 816 reposuisse
1306 794 1312 810 ι
1327 793 1381 812 non
1400 785 1509 814 licuisse
1524 788 1573 815 sibi
1592 788 1634 818 iis,
1649 788 1694 822 qui
1705 796 1796 815 omnes

1021 825 1147 854 Marcello
1166 829 1312 856 attributos
1326 838 1434 858 errores
1463 833 1680 867 proscripseraut
1691 833 1792 860 anatlte

1019 880 1143 907 maleque
1155 874 1327 907 damnarant,
1345 877 1445 911 quique
1464 879 1578 913 symboli
1596 878 1698 906 Nic-teni
1719 879 1795 907 ﬁdem

1016 919 1142 953 professi,
1168 921 1278 955 insuper
1294 930 1308 948 a
1328 930 1424 956 magno
1442 924 1486 950 illo
1507 924 1656 952 Athanasio
1674 925 1789 960 aliisque

1017 961 1151 999 Atgyptiis
1168 966 1302 1001 episcopis
1327 970 1427 1003 recepti
1451 970 1616 1004 admissique
1636 971 1751 1002 fuerant,
1768 975 1795 997 ut

1016 1009 1135 1043 ejusdem
1153 1010 1293 1039 Athanasii
1307 1013 1402 1040 littera:
1420 1014 1498 1042 fidetn
1518 1015 1662 1048 faciebant,
1677 1025 1795 1044 cominu-

1016 1055 1124 1082 nionetn
1154 1057 1366 1086 ecclesiasticam
1390 1059 1534 1095 denegare.
1560 1061 1607 1089 His
1627 1062 1745 1092 demunt,
1767 1068 1795 1090 ut

1015 1101 1125 1129 credere
1151 1106 1202 1134 est,
1228 1104 1367 1139 mitigatus
1400 1105 1626 1139 Basilius,-licet
1650 1117 1737 1143 ξρετε,
1762 1110 1794 1136 ad

1014 1145 1201 1175 Marcellianos
1216 1149 1385 1183 recipiendos
1399 1152 1519 1179 animum
1536 1154 1648 1188 appulit.
1662 1162 1692 1181 ea
1705 1159 1794 1182 tamen

1014 1193 1140 1220 cautione
1152 1198 1178 1220 ut
1186 1202 1220 1221 ne
1228 1195 1400 1224 videreturse
1413 1198 1445 1224 ad
1454 1198 1641 1227 Marcellianos
1648 1201 1795 1228 accessisse

1015 1237 1062 1264 sed
1079 1237 1268 1268 Marcellianos
1281 1241 1307 1268 in
1323 1241 1473 1270 Ecclesium
1489 1243 1535 1270 Dei
1557 1245 1683 1272 reductos
1699 1245 1793 1274 fuisse.

1015 1282 1076 1310 llaec
1090 1284 1190 1320 quippe
1208 1286 1304 1314 scribit
1320 1286 1412 1322 (epist.
1424 1289 1487 1321 521)
1504 1290 1537 1316 ad
1554 1290 1660 1317 l’ctrnm
1678 1291 1794 1318 Alexan-

1014 1328 1123 1357 drinum
1139 1332 1281 1365 praesulem
1294 1342 1300 1360 ε
1312 1333 1444 1367 Πολλάκις
1456 1333 1501 1362 οὖν
1515 1336 1637 1371 ὀχληοεὶς
1654 1337 1727 1372 παρὰ
1742 1338 1795 1364 τῶν

1014 1374 1150 1407 Γαλατῶν,
1175 1377 1301 1405 οὐδέποτε
1324 1379 1457 1415 ἠδυνήθην
1481 1382 1572 1413 αὑταῖς
1599 1383 1794 1417 ἀποκρίνασθαι

1014 1420 1154 1455 ἀναμένων
1183 1423 1232 1454 τὰς
1260 1424 1394 1460 ὑμετέρας
1422 1427 1572 1462 ἐπικρίσεις
1600 1426 1793 1464 [arranging].

1015 1464 1069 1490 Καὶ
1084 1465 1139 1496 νῦν,
1153 1466 1199 1493 ἐὰν
1215 1468 1229 1493 ὀ
1241 1468 1341 1504 Κύριος
1354 1469 1400 1504 δῷ,
1414 1472 1460 1497 καὶ
1474 1471 1620 1507 θελήσωσιν
1632 1473 1793 1509 αναο)ἐα1)αι

188 1512 327 1546 minitnus,
350 1514 410 1542 ﬁdei
435 1517 632 1546 confessionem
658 1521 741 1547 edunt
759 1522 808 1557 (ll,
829 1525 872 1551 cui
890 1533 961 1560 sym—

1015 1510 1102 1544 ἡμῶν,
1120 1511 1265 1547 ἐλπίζομεν
1280 1514 1324 1540 τὸν
1339 1515 1401 1542 λαὸν
1417 1518 1561 1552 προσάξειν
1575 1520 1606 1553 τῇ
1629 1519 1775 1555 Ἐκκλησίᾳ.
1785 1530 1791 1535 ·

186 1558 276 1585 bolum
296 1559 432 1587 Niczcnum
456 1563 630 1591 subncctunt.
651 1565 697 1592 Est
720 1571 810 1594 autern
826 1568 962 1596 confessio

186 1610 239 1630 non
256 1604 387 1632 absimilis
414 1607 438 1633 ei
459 1615 539 1642 quant
560 1609 708 1637 Athanasio
723 1612 877 1639 obtulerant
892 1623 898 1640 :
916 1622 961 1641 ve-

185 1657 245 1676 ιικη
260 1650 288 1677 in
303 1651 353 1678 hac
366 1652 477 1685 diserte,
492 1655 554 1689 τρία
568 1655 710 1690 πρόσωπα,
732 1657 857 1693 δίνου-οε
873 1667 962 1693 perso-

185 1703 233 1723 ttas
257 1696 284 1723 in
312 1696 443 1724 Trinitate
464 1699 636 1733 conﬁtentur,
657 1701 727 1735 quod
746 1710 812 1729 sane
840 1704 960 1739 magistri

184 1740 225 1767 sui
247 1740 366 1768 Marcelli
390 1743 509 1776 opinioni
524 1744 646 1778 apprime
662 1750 794 1773 consonat
810 1756 816 1773 :
833 1755 894 1774 nam
917 1748 961 1775 ille

184 1786 267 1814 Deum
292 1788 491 1823 τριπρόσωπον,
510 1789 567 1816 sive
584 1790 786 1825 tripersonalem
804 1800 864 1820 esse
884 1793 959 1826 dicit,

184 1841 235 1867 qua
252 1833 285 1860 de
310 1841 338 1861 re
363 1839 505 1861 accusatus
530 1835 564 1862 ab
587 1835 702 1864 Eusebio
720 1837 807 1865 fuerat
826 1848 831 1865 :
853 1847 960 1867 errores

184 1886 246 1905 vero
269 1878 448 1906 Marcellianis
466 1881 598 1915 ascriplos
616 1884 787 1912 anathemate
818 1885 958 1913 damnattt.

184 1922 230 1950 lfis
243 1925 396 1959 conspectis
410 1925 633 1955 Diocmsaricnscs
650 1929 829 1964 confcssores,
844 1932 888 1966 qui
905 1933 961 1967 ple—

184 1970 259 2004 rique
276 1978 370 1998 omnes
385 1972 532 2000 Athanasio
550 1973 695 2003 familiares
709 1976 825 2009 fuerant,
840 1979 914 2012 ipsos
926 1980 959 2006 ad

182 2017 398 2044 communionem
423 2019 567 2052 recipiunt.
593 2021 627 2047 At
654 2021 877 2060 Basiliuslepist.
897 2024 959 2060 293)

181 2061 318 2089 ardentior
339 2062 532 2092 ecciesiastica:
546 2065 605 2093 ﬁdei
629 2059 797 2096 vindicandae
821 2070 957 2104 cupidine,

181 2108 243 2141 quia
260 2109 342 2135 semel
356 2115 515 2144 conceptam
539 2111 572 2137 de
597 2111 714 2140 Marcelli
739 2114 878 2149 impietate
900 2117 960 2150 opi-

181 2155 287 2181 nionem
309 2155 351 2182 vix
370 2157 478 2183 missam
503 2157 592 2185 facere
608 2164 724 2194 poterat,
741 2169 801 2187 cum
824 2161 958 2189 Diocaesa-

180 2199 316 2227 riensihus
346 2202 469 2235 patribus
493 2211 545 2230 non
573 2204 667 2232 leviter
695 2207 857 2239 expostulat.
884 2207 955 2241 quod

179 2244 366 2273 Marcellianos
395 2247 429 2273 ad
457 2251 675 2278 communionem
706 2253 866 2280 inconsultis
898 2254 957 2281 aliis

181 2291 316 2325 epist-opis
332 2292 489 2320 admiserint
505 2304 511 2320 :
529 2295 566 2321 ait
583 2303 645 2323 vero
660 2306 665 2323 :
682 2297 755 2329 Τέως
783 2298 811 2324 δὲ
828 2298 875 2324 νῦν
891 2307 957 2325 κατ-

178 2336 310 2368 αξιώσατε
336 2339 401 2372 ἡμῖν
423 2339 579 2368 ἀπεστεῖἓιαι
596 2342 645 2374 τὰς
660 2343 821 2377 προτάσεις,
847 2344 889 2378 ἐφ’
914 2342 958 2376 αἶς

178 2381 303 2414 ἐδέξασθε
323 2384 386 2415 τοὺς
411 2385 587 2420 Μαρκέλλου·
607 2388 692 2414 ἐκεῖνο
709 2388 817 2422 εἰδότες,
838 2390 888 2422 ὅτι,
906 2391 957 2417 κᾶν

178 2427 248 2453 πάνυ
268 2427 299 2453 τὸ
315 2428 375 2454 καθ’
391 2429 503 2461 ἑαυτοὺς
525 2431 719 2468 ἀσφαλίσηςοε,
739 2433 829 2468 μόνοις
851 2435 957 2466 ἑαυτοῖς

177 2473 319 2507 ἐπιτρέψαι
335 2475 449 2510 πρᾶγμα
468 2476 593 2504 τοσοῦτον
609 2479 658 2505 οὐκ
674 2479 806 2512 ὀφείλετε*
825 2480 891 2506 ἀλλὰ
904 2482 956 2517 χρὴ

177 2519 225 2544 καὶ
239 2520 301 2550 τοὺς
324 2520 352 2545 ἐν
369 2522 401 2556 τῇ
426 2521 509 2555 δύσει,
530 2523 577 2549 καὶ
593 2524 655 2556 τοὺς
677 2525 746 2552 κατὰ
763 2525 811 2561 τὴν
827 2526 957 2562 ἀνατολὴν

177 2566 350 2597 κοινωνικοὺς
378 2567 538 2603 συμψήφους
561 2570 650 2596 αὐτῶν
676 2572 707 2606 τῇ
737 2572 956 2600 ἀποκαταστάσει

176 2610 317 2644 γενέσθαι·
346 2612 373 2639 id
397 2618 438 2640 est
454 2623 461 2641 :
480 2614 524 2641 γει
546 2623 613 2642 nunc
636 2617 729 2644 saltem
755 2618 828 2645 nobis
855 2619 956 2647 mittere

176 2656 318 2690 dignemini
333 2659 448 2686 rationes
465 2665 492 2686 et
505 2669 610 2693 causas,
626 2662 719 2696 quibus
740 2663 774 2689 ad
796 2664 955 2699 recipiendos

177 2700 298 2729 Marcelli
315 2705 431 2739 gregales
452 2705 551 2732 inducti
564 2707 625 2733 estis
641 2716 650 2734 :
667 2716 717 2735 non
741 2710 832 2741 nescii,
850 2711 956 2737 etiamsi

177 2756 217 2775 res
237 2753 333 2776 vestras
358 2755 413 2777 tuto
432 2756 456 2777 et
474 2752 637 2780 considerate
657 2756 780 2782 statuisse
804 2756 955 2789 videamini,

212 2817 250 2847 (il
270 2816 401 2848 Eniphan.
420 2826 446 2848 ι).
464 2818 525 2845 845.

974 2185 995 2211 D

1014 1555 1051 1586 ὼς
1061 1556 1097 1591 μὴ
1106 1557 1201 1589 αὐτοὺς
1216 1560 1287 1593 ἡμᾶς
1301 1561 1473 1593 ὀνειδίζεσθαι
1482 1564 1693 1599 Μαρκελλιανοίς
1709 1575 1793 1601 προσ-

1014 1603 1208 1637 κεχωρηκέναι,
1225 1605 1282 1630 ἀλλ*
1305 1606 1423 1638 ἐκείνους
1442 1608 1508 1643 μέλη
1530 1610 1654 1642 γενέσθαι
1670 1612 1715 1638 τοῦ
1743 1612 1793 1638 σώ-

1015 1655 1098 1681 ματος
1115 1648 1164 1683 τῆς
1194 1649 1356 1685 Ἐκπλησίας
1372 1652 1417 1678 τοῦ
1434 1654 1551 1688 Χριστοῦ
1562 1664 1568 1669 ·
1593 1655 1663 1688 ibat;
1681 1658 1725 1684 τὸν
1742 1667 1791 1684 πο-

1012 1693 1090 1728 νηρὸν
1108 1694 1190 1728 ψόγον
1209 1696 1254 1723 ειν
1276 1698 1525 1727 κατασκεδασθέντα
1547 1702 1579 1728 ἐκ
1604 1703 1648 1737 τῆς
1664 1704 1792 1738 αἱρέσεως

1011 1739 1220 1775 ἐναφανισθῆνςιι
1231 1744 1263 1777 τῇ
1280 1743 1400 1779 ἡμετέρᾳ
1414 1745 1572 1781 προσλήψειί
1597 1749 1641 1774 καὶ
1665 1749 1701 1784 μὴ
1718 1751 1791 1784 ἡμᾶς

1012 1787 1238 1823 καταισχυνθῆναι
1253 1789 1290 1820 ὡς
1310 1790 1518 1826 προσθεμένους.
1534 1792 1628 1820 σι’ωοει
1642 1795 1737 1822 afferre
1751 1797 1791 1823 vi-

1011 1839 1070 1859 sum
1084 1838 1134 1864 est,
1158 1835 1220 1868 quia
1243 1835 1356 1870 insignis
1381 1837 1424 1863 hic
1445 1837 1520 1865 locus
1543 1846 1558 1865 a
1577 1838 1682 1866 Micrwo
1706 1840 1790 1868 inter-

1011 1881 1087 1911 prete
1099 1883 1260 1913 prmposterc
1272 1889 1366 1908 versus
1379 1881 1466 1909 fuerat
1481 1893 1487 1910 :
1507 1884 1547 1911 sic
1566 1892 1616 1911 nos
1633 1885 1788 1913 reddimus:

1012 1922 1113 1949 Calatis
1130 1924 1277 1959 frequenter
1295 1931 1319 1953 et
1339 1927 1443 1955 moleste
1460 1929 1621 1963 urgentibus,
1641 1931 1725 1957 adhuc
1739 1940 1789 1958 non

1009 1969 1082 2002 potui
1095 1970 1236 2005 quidquam
1258 1973 1420 2006 respondere.
1443 1975 1510 2010 quod
1532 1981 1643 2002 castraut
1660 1982 1790 2010 exspectm

1010 2023 1063 2041 rem
1079 2018 1281 2050 responsionem.
1299 2018 1376 2046 Nunc
1389 2025 1486 2053 autem,
1502 2022 1525 2048 si
1543 2022 1635 2057 faverit
1653 2023 1788 2056 Dominus,

1010 2062 1133 2096 nobisque
1152 2064 1202 2095 ipsi
1219 2065 1339 2099 morigeri
1359 2074 1415 2092 esse
1432 2067 1519 2099 relint,
1535 2076 1668 2101 speramus
1682 2078 1728 2097 nos
1740 2077 1787 2103 po-

1009 2107 1099 2141 pulum
1116 2109 1142 2134 in
1161 2108 1304 2136 Ecclesium
1328 2110 1481 2139 rctlucluros
1503 2121 1575 2144 esse;
1598 2113 1625 2140 ut
1644 2124 1675 2141 ne
1688 2116 1788 2149 possint

1010 2155 1077 2181 illud
1094 2157 1168 2183 nobis
1184 2157 1353 2190 exprobrare,
1369 2166 1415 2185 nos
1433 2159 1467 2185 ad
1484 2159 1716 2188 Marcellianorum
1731 2171 1789 2196 pur-

1010 2204 1047 2226 tes
1064 2202 1275 2231 accessisse:scd
1285 2211 1342 2230 vere
1352 2202 1456 2230 dicatur
1466 2205 1526 2231 illos
1541 2207 1655 2233 membra
1670 2215 1786 2241 corporis

1009 2244 1132 2272 Ecclesia!
1139 2246 1237 2273 Christi
1245 2248 1327 2282 fauos
1334 2258 1402 2280 esse;
1413 2251 1448 2276 ita
1457 2255 1483 2276 ut
1492 2253 1689 2287 circumquaque
1697 2261 1788 2287 sparsa

1007 2291 1133 2318 lucreseos
1144 2293 1216 2319 illius
1226 2294 1346 2327 inlumin.
1355 2304 1400 2328 per
1413 2304 1501 2322 eorum
1510 2297 1544 2323 ad
1554 2306 1599 2324 nos
1616 2300 1787 2326 accessionem

1008 2339 1241 2373 admissionemque
1250 2340 1281 2366 de
1291 2341 1373 2367 medfo
1386 2342 1503 2373 tollatur,
1514 2351 1594 2377 neque
1604 2353 1649 2371 nos
1665 2350 1786 2380 tanquam

1008 2382 1041 2409 ad
1054 2388 1141 2418 partes
1156 2393 1244 2411 eorum
1259 2386 1418 2419 accedentes,
1435 2388 1533 2421 pudore
1547 2399 1576 2416 ac
1592 2390 1714 2417 dedecore
1731 2393 1786 2426 afﬁ-

1007 2429 1119 2455 ciamur.
1135 2429 1211 2457 Humi
1222 2431 1336 2463 onditio,
1346 2432 1389 2459 hic
1406 2433 1501 2460 modus
1519 2442 1533 2460 a
1550 2435 1649 2462 Basilio
1664 2444 1711 2470 pro
1721 2436 1788 2462 Mar-

1007 2474 1131 2502 cellianis
1149 2476 1314 2510 recipiendis
1337 2478 1501 2512 propositus,
1526 2483 1552 2506 et
1570 2479 1649 2507 l’etro
1672 2481 1787 2507 Alexan-

1006 2518 1086 2546 drino
1109 2519 1250 2547 Athanasii
1267 2523 1429 2555 successori,
1460 2528 1488 2550 ut
1517 2525 1661 2553 verisimile
1683 2530 1733 2558 est,
1762 2531 1788 2554 et

1007 2562 1198 2597 Marcellianis,
1219 2566 1265 2600 qui
1291 2574 1384 2600 pacem
1407 2573 1431 2595 et
1456 2570 1673 2597 communionem
1698 2576 1786 2598 tanto-

1006 2616 1071 2643 pere
1093 2608 1260 2644 llagitabant,
1280 2616 1423 2646 pergratus
1441 2621 1540 2648 perque
1560 2615 1697 2649 jucundus
1726 2617 1785 2643 fuit.

1006 2654 1073 2682 Nam
1090 2656 1141 2683 sub
1152 2657 1208 2683 haec
1224 2658 1298 2684 nulla
1309 2658 1341 2685 de
1357 2658 1483 2686 Marcello
1492 2661 1532 2687 vel
1549 2661 1659 2688 asseclis
1674 2663 1787 2696 quaestio

1006 2702 1135 2729 occurrit.
1153 2702 1230 2730 Hune
1249 2704 1383 2737 ordinem,
1402 2709 1428 2733 et
1444 2707 1546 2733 exitum
1563 2707 1727 2736 Marcelliani
1743 2713 1786 2736 tu-

1006 2748 1108 2776 multus
1124 2748 1208 2777 fuissc
1223 2757 1327 2777 mecum
1346 2759 1426 2785 spero
1442 2751 1598 2780 fatebuntur
1612 2754 1720 2782 eruditi.
