3984 6212
380 314 386 318 .
414 269 547 327 I239
1654 272 2008 328 MARCELLI
2058 272 2403 329 ANCYRANI
3491 272 3623 326 1500

437 452 1481 468 ...Μ-

747 623 1324 741 CHRIST.
1413 625 1847 740 ΗΕΝΒ.
1939 624 2450 741 GEORG.
2552 624 3306 740 RETTBERG

1691 863 2319 954 PBJEFATIO

536 1056 627 1115 Ad
707 1073 885 1117 suam
954 1058 1303 1133 editionem
1385 1059 1489 1119 cui
1558 1056 1815 1117 titulum
1893 1054 2110 1121 fecit:
2181 1055 2622 1123 Marcelliana.
2692 1057 3006 1137 Gottingte
3063 1056 3239 1131 1794,
3308 1058 3374 1118 in
3447 1056 3513 1119 8.

487 1330 753 1397 Quidnam
788 1330 1003 1386 consilii
1036 1330 1087 1383 in
1122 1329 1345 1385 edendis
1378 1330 1529 1386 hisce
1564 1338 1796 1400 secutus
1817 1330 1919 1385 sim
1941 1369 1957 1394 ,
1990 1331 2180 1400 paucis
2206 1338 2411 1389 tamen.
2440 1326 2835 1400 expediendum
2857 1327 3092 1400 videtur.

488 1396 624 1457 Cum
656 1402 709 1454 in
737 1400 1145 1470 perscrutandis
1194 1409 1434 1455 veterum
1482 1401 1736 1455 Ecclesiae
1769 1399 1969 1454 Graecas
1991 1396 2338 1470 scriptorum
2386 1400 2451 1454 de
2496 1397 2605 1453 Deo
2634 1398 2920 1454 sententiis
2951 1396 3018 1453 ad
3050 1396 3359 1453 Marcellum
3404 1397 3635 1469 Ancyra:

418 1488 504 1542 ep.
542 1471 900 1542 devenissem,
931 1486 1185 1541 perquam
1228 1470 1632 1542 incommodum
1665 1471 1795 1524 mihi
1830 1470 2045 1537 quidem
2063 1471 2354 1542 accidebat
2375 1509 2390 1533 ,

490 1543 541 1595 I.
579 1540 732 1607 Quod
766 1536 945 1594 nemo'
970 1536 1209 1595 veterum
1243 1541 1364 1605 ejus
1396 1551 1628 1596 mentem
1661 1552 1754 1594 aut
1785 1536 1994 1608 cepisse
2024 1540 2310 1594 videbatur
2332 1580 2346 1602 ,
2393 1544 2487 1591 aut
2514 1552 2641 1608 vere
2662 1538 3017 1608 expressisse.
3073 1536 3441 1608 Conferantur
3466 1540 3631 1593 modo

419 1613 729 1667 testimonia
750 1650 779 1681 ,ί
798 1626 917 1678 quae
944 1610 1005 1664 C.
1032 1609 1099 1663 Η.
1131 1608 1295 1680 Vogel
1332 1612 1386 1665 in
1429 1611 1568 1665 Diss.
1602 1612 1665 1663 de
1696 1607 1946 1663 Marcello
1995 1608 2297 1681 Goettingae
2321 1609 2457 1663 I757
2495 1608 2564 1663 ab
2592 1607 2823 1663 Eusebio
2850 1608 2976 1661 inde
3005 1622 3177 1678 usque
3196 1607 3262 1661 ad
3284 1607 3629 1664 Gennadium

419 1684 670 1752 colligere
698 1680 890 1752 voluit,
923 1695 1048 1752 gum
1068 1681 1172 1752 phis
1201 1696 1326 1752 qute
1357 1682 1791 1752 nuneexhibeo;

488 1745 737 1816 2.‘Quod
768 1751 889 1821 libri
922 1745 1441 1821 Eusebiani'Contra
1474 1750 1785 1805 Marcellum
1806 1759 1860 1805 et
1886 1750 1958 1805 De
1990 1751 2247 1821 theologia
2288 1747 2664 1821 ecclesiastica,
2694 1746 2761 1801 ad
2783 1749 2987 1821 calcem
3010 1748 3167 1821 edit_._
3194 1745 3403 1821 Morell.
3449 1747 3626 1805 Paris.

422 1822 559 1877 16:28
584 1822 733 1881 editi.
760 1820 1051 1893 admodum
1082 1820 1294 1893 confusi
1322 1861 1335 1893 ,
1365 1823 1615 1893 mendosi
1646 1821 1974 1893 obscurique
1998 1830 2125 1876 sunt
2149 1817 2248 1893 (ἀ).
2289 1820 2451 1889 Atqui
2483 1835 2544 1893 ex
2582 1819 2651 1893 iis
2673 1818 2944 1893 praecipue
2970 1834 3095 1893 vera
3118 1817 3358 1893 Marcelli
3386 1821 3627 1873 eruenda

419 1902 503 1946 est
547 1894 833 1953 sententia,
868 1890 973 1945 nisi
1005 1891 1148 1959 quod
1179 1889 1446 1945 Eusebius
1477 1891 1773 1945 fortissima
1820 1887 2049 1960 qti’aaque
2088 1887 2170 1947 ,δέ
2209 1887 2603 1958 longe—optima
2626 1887 2961 1960 praeteriisse
2980 1888 3151 1960 videri
3190 1890 3401 1960 possit:
3435 1905 3625 1944 eorum

418 1977 549 2016 vero
562 1961 807 2083 .llijahilus,
830 1960 1041 2083 (ιιῦῗιθηι
1073 1959 1230 2040 modo
1254 1960 1384 2023 dixi,
1416 1960 1471 2014 in
1495 1976 1660 2014 causa
1689 1969 1790 2027 est,
1820 1958 1976 2030 quod
1998 1961 2261 2015 nonnulla
2292 1959 2546 2014 Marcello
2581 1959 2783 2012 tributa
2809 1967 2955 2023 sunt,
2978 1968 3030 2013 et
3065 1958 3241 2013 adhuc
3274 1959 3593 2014 tribuuntur
3616 2007 3631 2025 ,

420 2049 450 2083 a
482 2048 573 2083 (Illi
620 2047 681 2083 us
708 2046 866 2083 Insea
928 2040 1154 2083 IOI‘I‘Illl:

420 2049 450 2089 a
482 2033 681 2095 quibus
708 2031 819 2095 ipse
839 2030 1154 2095 abhorruit;

839 2064 851 2082 ι
1043 2049 1054 2080 1
1140 2049 1153 2060 ⁸

482 2049 1367 2171 (1;:Iauuﬁidpzisilpgrﬁllalrcelliana
1414 2102 1489 2154 ita
1543 2101 1788 2171 dispersa
1836 2110 1985 2163 sunt.
2020 2110 2080 2157 ut
2116 2103 2266 2171 plura
2322 2099 2593 2154 volumina
2628 2100 2776 2171 adire
2833 2099 2904 2171 sit
2934 2114 3155 2171 necesse
3179 2141 3194 2165 ,
3229 2100 3297 2159 si.
3330 2116 3432 2169 qua
3454 2100 3628 2170 judex

416 2172 630 2242 jurzitns
656 2171 911 2239 religione
940 2168 1116 2233 debet,
1147 2173 1200 2223 in
1231 2186 1421 2242 urnam
1447 2172 1585 2242 velis
1615 2168 1922 2226 tabularum
1955 2168 2254 2235 demittere,
2277 2185 2510 2242 cumque
2538 2184 2602 2224 ea
2620 2169 2709 2242 de
2728 2169 2902 2238 capite
2927 2170 3057 2223 civis
3083 2168 3392 2224 decernere.

489 2242 732 2306 Quatuor
760 2250 939 2293 autem
964 2279 977 2301 ,
1013 2249 1273 2308 qttantum
1298 2241 1546 2309 equidem
1586 2244 1700 2296 scio
1720 2282 1735 2304 ,
1768 2259 1834 2295 ex
1863 2243 2093 2298 violenta
2132 2243 2219 2296 illa
2245 2257 2308 2294 ac
2337 2239 2802 2310 turbulentissima
2855 2247 3207 2310 tempestate,
3250 2249 3507 2309 tanquam
3539 2249 3629 2293 ta-

423 2313 561 2367 bulae
594 2311 658 2364 ad
692 2310 841 2382 littus
866 2316 994 2364 sunt
1035 2311 1239 2382 ejecta},
1271 2311 1401 2382 ipsa
1441 2311 1657 2366 levitate
1713 2328 1810 2382 sua
1836 2352 1849 2373 ,
1898 2320 1957 2366 ut
2006 2312 2327 2382 quibusdam
2365 2311 2672 2382 videbitur,
2730 2309 2988 2382 fluctuum
3030 2311 3134 2382 ine
3174 2310 3520 2382 insultantes.
3554 2312 3637 2382 Ae

423 2383 594 2452 prima
632 2390 758 2453 sunt
787 2381 1086 2453 fragmenta
1116 2381 1238 2435 libri
1269 2380 1401 2453 [legi
1422 2382 1518 2453 τῆς
1539 2382 1632 2434 τοῦ
1664 2381 1793 2434 Υῐοῦ
1835 2380 2131 2453 onerariis,
2163 2384 2229 2436 ab
2278 2382 2431 2436 hoste
2457 2380 2703 2453 Eusebio
2735 2381 2791 2433 in
2818 2395 2980 2449 supra
3009 2380 3171 2453 dictis
3200 2380 3393 2453 libris,
3422 2380 3628 2453 partim

422 2448 585 2538 eti-am
623 2450 690 2503 ab
726 2449 805 2520 Ep
830 2448 1029 2538 pharii?
1072 2452 1125 2531 in
1166 2448 1438 2538 excerptis
1464 2448 1771 2538 Acaciauis,
1805 2461 1844 2508 t.
1881 2452 1918 2515 I,
1955 2448 2162 2538 pii-858
2196 2448 3000 2538 sqnqq‘servataz‘Alterum’est
3028 2451 3242 2538 libellus
3270 2448 3627 2538 'llulioltom.

420 2523 653 2591 oblatus,
674 2518 1191 2591 quem'Epiphanius
1230 2518 1389 2576 nobis
1421 2523 1657 2577 servavit
1692 2523 1727 2577 I.
1762 2538 1835 2583 ε..
1870 2538 1925 2591 p.
1954 2518 2057 2577 854
2096 2538 2214 2591 sqq.
2243 2518 2537 2591 TertiumL
2540 2520 2669 2573 mihi
2700 2518 2913 2589 quidem
2957 2520 3180 2591 dubium
3203 2560 3217 2584 ,
3259 2518 3485 2589 Eugenii
3511 2518 3634 2572 dio-

420 2593 539 2646 coni
589 2589 807 2661 Legatio
837 2594 906 2643 ad
942 2590 1290 2644 Athanasium
1328 2608 1422 2660 pro
1455 2608 1617 2645 causa
1663 2589 1907 2646 Marcelli
1956 2602 2009 2647 et
2038 2589 2312 2647 confessio
2347 2591 2470 2646 Iidei
2501 2589 2646 2644 Eccl.
2681 2591 3000 2661 Ancyranaa.
3052 2589 3184 2659 Ejus
3216 2591 3412 2653 nobis,
3454 2598 3521 2661 ut;
3545 2598 3633 2644 est

421 2659 1005 2735 praeclaredeﬁrgegis
1038 2659 1515 2735 litterisomuino.
1550 2678 1638 2735 ae
1666 2663 1980 2735 singulatim
2029 2662 2096 2718 de
2114 2663 2231 2735 hac
2279 2670 2430 2735 parte
2461 2660 2690 2735 meritus
2715 2702 2729 2724 ,
2778 2659 3217 2735 Illoutfauconius
3246 2661 3462 2735 copiam
3499 2659 3630 2735 l'ecit

422 2729 463 2786 ἰ.
500 2731 541 2783 ll
577 2730 712 2785 Coll.
747 2730 821 2785 Ν.
861 2729 970 2783 PP.
1002 2739 1051 2783 et
1074 2730 1175 2786 SS.
1205 2729 1321 2792 Gr.,
1358 2732 1540 2785 addita
1570 2729 1837 2788 Diatrfde
1887 2749 2050 2787 causa
2103 2729 2367 2793 Marcelli,
2410 2730 2594 2785 multis
2629 2732 2739 2799 jant
2792 2730 3029 2799 laudata.
3074 2729 3338 2795 Quartum
3397 2729 3627 2799 denique

421 2800 693 2871 confessio
718 2810 802 2871 est
835 2800 964 2854 cleri
990 2800 1259 2871 Ancyrani
1295 2801 1360 2854 ad
1391 2803 1703 2856 exsulantes
1742 2801 2094 2857 Diocaasareaa
2117 2802 2421 2871 episcopos,
2448 2815 2608 2868 quam
2634 2798 2777 2854 idem
2808 2798 3141 2871 Epiphanius
3168 2800 3347 2855 habet.

490 2870 844 2924 Commodum
877 2871 1041 2940 igitur
1066 2872 1186 2924 aliis
1219 2870 1357 2923 forte
1388 2871 1687 2933 videbitur,
1722 2872 1767 2926 si
1798 2876 2081 2940 superiora
2114 2873 2217 2926 tria
2253 2872 2341 2925 hic
2376 2871 2708 2939 colligerem,
2742 2872 2815 2940 ita
2846 2881 2902 2923 ut
2933 2870 3262 2940 fragmenta,
3298 2872 3630 2940 quaaprimo

421 2941 542 2994 loco
574 2941 751 3009 posui,
786 2955 815 2993 a
840 2939 1051 2993 mendis
1084 2940 1417 3009 purgatiora,
1444 2954 1507 2993 ac
1543 2940 1717 2994 sicubi
1747 2937 1966 2995 necesse
2002 2941 2303 3002 videbatur,
2329 2956 2466 2995 nova
2496 2937 2744 2995 versione
2767 2937 2914 3009 (nam
2938 2937 3058 3008 qua:
3082 2937 3395 2993 Montacutii
3421 2937 3592 2994 fertur
3612 2980 3631 3000 ,

423 3011 629 3067 nullum
676 3010 896 3081 omnino
948 3024 1167 3081 sensum
1198 3010 1403 3081 plurie_s
1430 3009 1627 3081 fundit)
1666 3012 2118 3081 uberioribusque
2150 3010 2712 3065 animadversionibus
2737 3010 3023 3081 explanata
3058 3010 3634 3081 proponerentur,his

422 3096 561 3151 vero
580 3079 927 3151 reliquaduo
961 3078 1306 3151 subjicerem.
1343 3078 1433 3151 Sic
1459 3080 1807 3151 iluculentius
1834 3078 2273 3151 utique'pateat,
2305 3080 2505 3150 quibus
2538 3080 2702 3135 veluti
2732 3079 3010 3148 gradibus,
3045 3078 3092 3134 si
3125 3078 3334 3145 tamen,
3384 3080 3451 3134 ad
3477 3080 3624 3149 ejus-

422 3150 566 3222 modi
594 3151 759 3222 verba
784 3149 1365 3222 descenderit,_qu:e_et
1386 3148 1769 3222 Athanasianis
1789 3148 1949 3221 paulo
1977 3148 2643 3222 mollioribus'approbare
2677 3158 2876 3222 posset,

494 3218 639 3291 Satis
669 3221 736 3274 de
768 3220 998 3291 consilio
1026 3219 1172 3291 quod
1196 3220 1248 3272 in
1293 3218 1655 3274 Marcellianis
1685 3217 1907 3277 secutus
1936 3236 2078 3276 sum.
2112 3219 2307 3276 Paucis
2336 3217 2394 3276 te
2414 3217 2607 3276 ’adhuc
2635 3217 2837 3273 morari
2871 3219 3053 3284 liceat,
3081 3236 3202 3291 quae
3228 3220 3396 3273 locum
3426 3218 3481 3272 in
3515 3217 3613 3272 ad.

423 3290 795 3344 notatiouibus
830 3304 933 3342 non
964 3288 1256 3351 habebant,
1290 3304 1391 3344 nec
1415 3296 1595 3345 tamen
1630 3292 2002 3359 praetereunda
2031 3291 2305 3346 videntur.

492 3359 757 3415 Eusebius
788 3360 924 3431 Cres.
958 3373 1097 3428 saape
1129 3374 1294 3427 parva
1341 3375 1553 3429 quoque
1601 3357 1897 3417 insectatur
1920 3403 1934 3425 ,
1980 3377 2031 3415 v.
2065 3378 2114 3416 e.
2147 3361 2290 3430 quod
2345 3360 2651 3416 Salomonis
2685 3360 2885 3429 scripta
2931 3361 3264 3431 προφητείαν
3298 3357 3620 3431 nominarit,

423 3432 565 3500 quod
606 3431 867 3484 nonnulla
896 3426 1188 3498 Scriptura
1215 3426 1419 3483 sanctae
1450 3426 1566 3483 loca
1600 3431 1774 3494 aliter,
1808 3433 1860 3486 h.
1906 3449 1957 3487 e.
2006 3447 2070 3486 ex
2110 3426 2214 3485 alia
2264 3431 2399 3486 forte
2426 3432 2744 3486 recensione
2772 3426 3075 3500 protulerit,
3099 3426 3238 3495 etc.,
3268 3446 3385 3500 quae
3412 3426 3627 3498 quidem

422 3502 667 3571 neglexi.
682 3501 910 3571 nisiuhi
942 3514 1066 3553 cum
1105 3501 1354 3569 dogmate
1399 3515 1642 3554 connexa
1692 3502 1861 3555 videri
1922 3503 2146 3571 possint.
2183 3500 2581 3571 Nonnunquam
2615 3516 2691 3571 ne
2734 3500 3000 3571 intellexit
3047 3500 3266 3570 quidem
3317 3500 3541 3571 verba,
3577 3507 3634 3551 ut

426 3568 617 3639 fragm.
653 3568 816 3624 XXIII
848 3568 944 3639 (ὁ),
978 3578 1070 3627 aut
1094 3568 1312 3623 sensum
1342 3584 1528 3624 eorum
1568 3574 1843 3641 pervertit.
1877 3568 2086 3641 Ubique
2118 3580 2298 3625 autem
2329 3568 2518 3627 eodem
2558 3570 2734 3641 modo
2784 3569 3024 3641 disputat
3048 3568 3079 3633 ,“
3114 3571 3209 3640 qui
3256 3578 3371 3623 tum
3415 3569 3638 3641 quidem

425 3642 609 3695 uiultis
643 3641 908 3709 placebat,
934 3655 1032 3693 nec
1058 3646 1242 3694 nostra
1268 3648 1424 3695 mtate
1446 3640 1729 3703 obsolevit,
1762 3658 1868 3695 non
1906 3650 1965 3696 ut
1999 3639 2118 3695 rem
2161 3642 2331 3710 ipsam
2374 3640 2739 3711 aggrediatur,
2769 3639 2948 3711 sed’ut
2971 3656 3035 3695 ex
3065 3639 3365 3694 adversarii
3411 3639 3593 3711 verbis
3618 3676 3634 3697 .

424 3708 760 3781 quaecunque
790 3711 998 3781 libitum
1026 3718 1142 3781 erat
1165 3748 1181 3771 ,
1218 3711 1419 3781 eliciat,
1446 3724 1616 3778 eaque
1654 3712 2009 3767 absurditatis
2040 3708 2268 3779 arguere
2294 3708 2563 3781 cunctum.
2593 3710 2767 3781 Porro
2817 3710 3057 3779 undique
3104 3711 3340 3780 partium
3392 3708 3637 3781 studium

423 3779 715 3849 odiumque
743 3780 1025 3840 elucescit,
1051 3779 1185 3834 adeo
1214 3780 1583 3835 inconsultum
1606 3788 1767 3849 atque
1790 3784 2092 3845 immemor,
2117 3792 2173 3833 ut
2212 3782 2264 3833 in
2320 3780 2575 3835 Marcello
2608 3779 2826 3834 damnet
2867 3796 2987 3849 quae
3015 3779 3130 3849 ipse
3158 3781 3288 3835 alibi
3316 3780 3635 3848 scripserat.

428 3852 669 3921 Sumpsit
694 3859 873 3921 autem
904 3851 1209 3921 exemplum
1237 3865 1268 3903 a
1295 3849 1577 3912 Marcello,
1613 3854 1704 3919 qui
1729 3868 1836 3907 non
1867 3853 2072 3921 minore
2101 3852 2226 3905 odio
2259 3851 2314 3904 in
2341 3851 2638 3921 Asterium,
2664 3849 2971 3913 Paulinum,
3003 3849 3287 3910 Eusebios.
3316 3858 3445 3909 etc..
3473 3863 3638 3921 extar-

425 3915 590 3981 serat',
614 3938 713 3977 nec
744 3920 962 3989 Origeni
985 3915 1120 3974 adeo
1146 3929 1458 3988 pepercerat
1476 3960 1509 3990 ,Α
1528 3915 1837 3990 qua-nquam
1867 3920 1996 3976 huic
2025 3936 2134 3981 non
2164 3922 2401 3990 iniquus,
2429 3929 2483 3976 et
2511 3920 2580 3975 ab
2609 3915 2673 3974 eo
2698 3922 2968 3990 nonnulla
2996 3921 3158 3990 etiam
3187 3927 3483 3973 mutuatus.
3510 3915 3633 3971 Jam

425 3993 471 4046 si
507 3993 630 4061 quis
659 3987 876 4061 cogitet,
901 4004 1064 4058 quam
1097 3987 1445 4061 vehementer
1479 3987 1764 4060 Or’igenem
1798 3991 2066 4047 Eusebius
2099 3991 2169 4045 sit
2198 3987 2532 4061 admiratus,
2569 3988 2713 4060 quod
2762 3991 2845 4044 vel
2886 3989 3125 4061 ex__Hist.
3158 3990 3285 4061 sccl.
3321 3990 3425 4061 lib.
3464 4004 3529 4061 _vt
3579 3995 3636 4061 et

426 4058 651 4117 Socrate
681 4058 751 4127 u,'
773 4061 862 4124 20,
899 4069 1155 4130 apparet;
1185 4075 1346 4129 quem
1379 4058 1662 4127 honorem,
1698 4062 1968 4117 levissime
1995 4062 2117 4115 dico
2139 4102 2154 4124 ,
2200 4060 2431 4115 Paulino
2460 4058 2729 4125 habuerit,
2763 4068 2822 4112 ut
2848 4075 2914 4113 ex
2942 4058 3086 4114 Hist.
3119 4058 3245 4113 ccci.
3278 4060 3371 4113 lib.
3402 4075 3431 4112 ι
3463 4058 3629 4109 intel-

425 4133 650 4201 ligitur;
690 4131 923 4201 denique
967 4130 1328 4198 theologiam,
1379 4146 1540 4200 quam
1576 4132 2002 4186 ecclesiasticam
2046 4133 2289 4192 vocavit,
2350 4133 2418 4186 ab
2465 4132 2669 4185 Ariaua
2728 4132 2993 4185 sententia
3042 4130 3377 4184 mollioribus
3414 4135 3625 4181 tantum

428 4203 605 4257 verbis
634 4202 838 4256 distare
863 4220 875 4254 :
908 4216 1013 4253 non
1053 4201 1272 4269 quidem
1299 4208 1615 4261 excusatum
1650 4201 1895 4265 habebit,
1931 4201 2082 4258 dabit
2109 4211 2289 4255 tamen
2319 4201 2643 4265 humanitati
2670 4202 2904 4255 veniam.

496 4271 640 4327 Inter
665 4287 759 4327 eos
794 4273 884 4341 qui
918 4270 1153 4323 Marcelli
1197 4273 1519 4325 sententiam
1535 4280 1794 4341 _evertere
1824 4272 2171 4336 studuerunt,
2216 4272 2576 4327 Athanasium
2610 4285 2770 4325 nemo
2820 4278 3062 4324 veterum
3092 4277 3186 4323 aut
3216 4269 3574 4341 recentiorum
3604 4306 3623 4331 ,

425 4358 582 4412 quem
614 4339 860 4412 equidem
895 4342 1118 4412 legerim
1134 4379 1149 4401 ,
1184 4341 1501 4412 nominavit.
1535 4339 1585 4412 ls_
1613 4352 1812 4408 tamen,
1854 4341 1959 4395 nisi
1988 4357 2070 4396 or.
2108 4341 2141 4394 5
2178 4352 2367 4395 contra
2398 4341 2629 4412 Arianos
2657 4341 2982 4412 panniculus
3011 4348 3115 4403 est,
3145 4349 3204 4412 ut
3235 4341 3342 4393 alia
3366 4339 3594 4412 plurima
3614 4380 3631 4401 ,

424 4408 678 4471 adsutus.
698 4413 876 4482 ipsum
899 4408 1048 4464 illum
1076 4408 1158 4475 ,De
1189 4410 1508 4482 subjectione
1538 4410 1668 4464 Filii
1702 4412 1899 4465 librum
1935 4412 2180 4482 relellere
2208 4413 2407 4482 voluit;
2443 4410 2586 4480 quod
2625 4408 2820 4482 cuique
2850 4411 3069 4482 patebit,
3092 4411 3185 4481 qui
3209 4411 3463 4482 perlectis
3485 4410 3640 4482 hisce

428 4480 742 4553 lragmentis
771 4481 837 4535 ad
878 4483 1031 4553 istius
1063 4480 1365 4553 orationem
1407 4482 1623 4553 demum
1655 4483 1978 4553 accesserit:
2004 4480 2216 4553 Ubique
2263 4480 2557 4535 Sabellinm
2590 4480 2807 4553 quidem
2850 4480 3123 4553 nominat,
3170 4480 3266 4553 sed
3316 4480 3640 4553 Marcellum

429 4549 716 4623 intelligit.
750 4561 807 4605 ιιι
840 4553 929 4605 alii
959 4550 1403 4623 ejusdemlzelatis
1435 4552 1629 4616 solent,
1660 4554 1750 4621 qui
1800 4568 1905 4605 nou
1946 4550 2239 4606 Sabellium
2292 4553 2472 4611 modo,
2500 4549 2688 4623 sediet
2720 4549 3289 4623 §abelliosrhetorice
3317 4551 3591 4623 appellant
3620 4567 3637 4623 ς

425 4624 568 4694 quod
603 4619 905 4692 neglectum
959 4621 1258 4694 Epiphanio
1313 4622 1541 4694 aliisque
1580 4619 1820 4677 veterum
1849 4663 1862 4683 ,
1916 4639 1983 4675 cx
2026 4624 2419 4694 recentioribus
2459 4637 2589 4694 vero
2621 4621 2684 4675 (3.
2721 4619 2963 4673 Worntio
2993 4619 3109 4694 (qui
3144 4629 3325 4694 tamen
3351 4619 3441 4674 vel
3469 4621 3642 4676 semel

426 4689 477 4764 p.
507 4696 578 4750 40
609 4689 847 4748 errorem
880 4689 1144 4764 agnuscit)
1175 4699 1228 4745 et
1252 4692 1346 4761 qui
1381 4689 1522 4746 hunc
1551 4694 1748 4746 incauti
1781 4689 2082 4761 sequuntur
2107 4732 2120 4755 ,
2161 4692 2420 4745 miraruui
2462 4693 2745 4764 turbarum
2782 4689 3104 4764 _causa_l‘uit.
3152 4692 3475 4764 Arianorum
3517 4705 3646 4764 par-

424 4760 561 4827 cius.
583 4773 634 4818 et
661 4760 1277 4832 tauqua:n'prmterieus,
1294 4778 1590 4832 eorumque
1612 4760 1869 4832 exemplo
1885 4777 2239 4832 commoneas
2260 4802 2275 4826 ,
2312 4762 2577 4817 meminit.
2603 4760 2763 4832 Unde
2782 4761 2884 4832 hoc
2900 4760 3086 4832 saltem
3104 4761 3406 4832 coniicitur,
3424 4762 3643 4832 titulum

424 4837 567 4890 aliud
603 4829 1109 4903 promittere-{aliud
1134 4834 1262 4885 dare
1286 4829 1546 4903 paginas;
1577 4829 1784 4889 deinde
1802 4834 2012 4903 ethoc,
2039 4831 2348 4903 Marcellum
2380 4833 2591 4886 auctori
2621 4829 3185 4903 σειὸελλίζειννγίειιιηζ
3222 4831 3327 4886 Sed
3370 4831 3641 4903 pannicu-

426 4910 534 4960 lum
568 4900 800 5026 alienulm
824 4919 952 5026 Esse
976 4905 1081 4965 aio,
1113 4903 1291 4972 qualis
1318 4911 1400 4955 est
1434 4902 1507 4956 De
1535 4913 1621 4958 ιω.
1650 4904 1815 4957 subst.
1849 4901 1913 4955 ιθ.
1944 4912 1990 4957 et
2024 4902 2114 4971 Sp.
2141 4901 2199 4956 S.
2232 4901 2294 4954 de
2330 4901 2475 4958 ltum.
2512 4912 2623 4956 nat.
2663 4917 2801 4956 susc.
2835 4900 3013 4971 qualis
3049 4911 3104 4955 et
3144 4900 3205 4954 C.
3248 4911 3422 4971 gentes
3464 4911 3521 4956 et
3565 4900 3645 4954 De

426 4980 626 5026 incum.
654 4993 738 5026 ver
776 4976 790 5025 i
870 4976 1065 5026 ei.ctr.

423 4980 626 5031 incum.
654 4976 790 5028 verbi
824 4976 941 5032 Dei,
959 4983 1065 5027 ctr.

491 5047 746 5102 Basilium
776 5044 867 5108 M.,
899 5060 1007 5114 quo
1038 5059 1204 5113 puero
1233 5042 1407 5096 adhuc
1437 5040 1720 5099 Marcellus
1762 5045 1959 5101 librum
1992 5042 2063 5097 De
2106 5042 2420 5112 subjectione
2455 5041 2585 5096 Filii
2614 5042 2931 5111 scripserat,
2956 5040 3085 5108 quid
3126 5041 3401 5114 imprimis
3428 5054 3649 5110 permo-

421 5121 578 5178 verit,
609 5125 665 5169 ut
691 5112 938 5169 Marcello
961 5112 1185 5184 ejusque
1213 5114 1543 5183 sequacibus
1567 5114 1723 5182 paulo
1746 5124 1889 5168 esset
1923 5114 2180 5184 iniquior,
2218 5121 2276 5166 ut
2301 5114 2536 5177 videtur,
2561 5114 2606 5167 si
2638 5129 2704 5166 ex
2738 5128 2823 5164 me
2848 5126 3103 5184 quaeras,
3134 5112 3252 5184 duo
3278 5112 3410 5184 mihi
3434 5127 3639 5184 occur:

422 5195 647 5243 rerunt:
686 5187 933 5251 alterum,
965 5181 1114 5254 quod
1143 5181 1471 5254 lidei,_quant
1509 5202 1537 5237 a
1568 5181 1769 5237 teneris
1794 5181 2097 5248 imbiberat,
2130 5184 2513 5254 tenacissimus
2544 5192 2690 5237 esset
2712 5224 2724 5243 ,
2770 5192 2826 5235 ut
2867 5183 3100 5251 ingenue
3129 5181 3414 5254 iateturlin
3439 5197 3525 5251 ep.
3574 5181 3647 5234 ad

421 5257 918 5319 Neue-esurienscs,
953 5252 1072 5325 quae
1095 5264 1179 5311 est
1210 5253 1421 5318 LXXV,
1473 5272 1524 5324 p.
1557 5254 1661 5325 sas
1682 5293 1707 5325 ,ν
1740 5254 1876 5325 5‘27;
1910 5258 2135 5325 alterum
2158 5295 2171 5319 ,
2223 5256 2366 5321 quod
2404 5253 2691 5308 Marcellus
2723 5268 2845 5307 cum
2877 5254 2991 5307 suis
3023 5253 3271 5307 instituta
3300 5252 3422 5321 ejus
3453 5266 3651 5305 mona-

424 5330 556 5385 stica
580 5324 1077 5399 reprehendissent,
1106 5336 1162 5382 ut
1186 5334 1332 5397 patet
1361 5342 1426 5379 ex
1458 5342 1545 5395 ep.
1575 5324 1808 5388 LXXIII,
1852 5342 1904 5394 p.
1945 5324 2067 5378 5H.

496 5472 569 5535 (τι)
604 5469 734 5523 Vide
761 5481 891 5524 tem.
921 5470 1104 5525 XXIV.
1142 5472 1361 5525 Eusebii
1402 5481 1606 5526 textum
1642 5486 1764 5529 cum
1798 5488 1928 5526 mss.
1968 5469 2246 5525 codicibus
2284 5476 2337 5521 et
2364 5466 2488 5538 ipsa
2523 5454 2614 5535 qui
2660 5467 2747 5521 hic
2784 5465 3041 5539 pra‘fatur
3077 5463 3374 5532 Rettbergii
3407 5462 3649 5517 editione

423 5540 808 5601 eoiil'vi-ctitltiiit
836 5546 1164 5597 curavimus.
1196 5543 1347 5596 Eutr.
1381 5542 1550 5596 Pun.
2402 5542 2406 5547 ’

494 5611 567 5691 lli)
604 5609 743 5735 Vidl:
763 5614 1051 5669 editionem
1086 5624 1346 5667 nostram.
1388 5611 1835 5683 Fragmcntorum
1871 5610 2168 5680 Retthcrgii
2206 5624 2460 5663 numeros
2492 5609 2633 5660 inter
2668 5607 3022 5677 parenthcscs
3056 5605 3260 5675 positos
3293 5604 3463 5657 textui
3492 5603 3641 5655 inae-

495 5700 648 5735 ιεειυξ.
722 5697 766 5731 ’.

426 5700 648 5750 [tristius
695 5697 766 5735 ιφ).
