3984 6212
460 283 598 340 1503

1656 275 2011 355 MARCELLI
2046 254 2397 335 suetam

3532 262 3665 319 ιεοι

458 409 620 465 porro
649 394 715 451 de
746 395 902 451 nobis
945 396 1236 467 loquimur,
1277 396 1561 453 universos
1605 397 1731 452 item
1774 396 2002 466 populos

2121 410 2300 457 mea;
2334 394 2481 465 ἡμᾶς
2523 392 2727 454 πάντας
2758 389 2935 453 λαούς·
2969 388 3028 443 οὗ
3068 386 3181 458 γὰρ
3214 384 3408 454 ὀλίγοι,
3439 381 3558 436 ἀλλ’
3582 383 3672 434 ἂν·

458 486 549 555 qui
582 501 682 541 nos
715 487 1002 553 miserunt,
1042 489 1136 560 qui
1169 504 1277 544 non
1307 489 1465 559 pauci
1497 504 1650 552 sane,
1684 488 1777 543 sed
1810 486 2012 559 ingenti

459 576 801 632 multitudine
827 588 978 643 sunt,
1009 580 1289 635 nobiscum
1322 595 1766 635 annumeramus.

526 667 581 722 2.
621 665 734 721 Nos
775 668 940 739 igitur
985 670 1038 724 in
1085 670 1274 737 primis
1307 670 1657 727 anathemate
1687 670 2013 725 damnamus

456 761 712 815 Arianam
741 760 1022 830 haeresim;
1049 764 1453 834 credimusque,
1488 762 1940 834 quemadmodum
1962 770 2016 816 et

458 850 646 910 Patres
691 856 867 911 nostri
919 856 976 910 in
1021 855 1235 911 Nicaeus
1295 855 1505 927 synodo
1568 855 1805 911 confessi
1860 861 2010 921 sunt,

456 964 522 1002 ex
553 946 857 1003 substantia
888 947 1071 1005 Patris
1104 964 1226 1006 esse
1257 948 1453 1004 Filium
1487 956 1542 1003 ct
1568 947 2016 1004 consubstantia-

396 1068 399 1073 ·
456 1039 559 1093 lem
586 1037 758 1101 Patri.
791 1039 1074 1111 ipsumque
1101 1056 1275 1111 neque
1303 1055 1417 1096 rem
1437 1048 1673 1095 creatam
1697 1055 1871 1110 neque
1898 1056 2012 1095 rem

459 1128 651 1182 factam
681 1143 804 1184 esse
830 1147 843 1181 :
877 1144 1063 1183 verum
1086 1130 1265 1184 omnia
1295 1128 1509 1200 opiﬁcia
1539 1143 1636 1198 per
1663 1128 1839 1199 ipsum
1871 1128 2014 1183 facta

458 1221 645 1276 fuisse.
693 1220 878 1291 Neque
923 1222 1066 1276 enim
1106 1235 1394 1279 censemus
1432 1221 1596 1276 alium
1636 1236 1760 1277 esse
1793 1220 2013 1287 Filium,

456 1314 622 1367 alium
648 1327 770 1368 esse
794 1311 1050 1379 Verbum,
1084 1321 1143 1367 ut
1175 1310 1395 1383 quidam
1429 1328 1531 1368 nos
1560 1312 1768 1368 sentire
1799 1314 2014 1367 mentiti

457 1410 620 1467 sunt;
655 1402 748 1458 sed
784 1403 960 1472 ipsum
1004 1401 1241 1457 Verbum
1272 1418 1392 1459 esse
1424 1401 1641 1467 Filium,
1668 1404 2012 1474 sapientiam,

456 1496 710 1548 virtutem
741 1493 938 1558 Patris,
977 1495 1031 1548 in
1071 1510 1179 1565 qua
1210 1496 1412 1563 omnia,
1443 1502 1502 1549 ut
1534 1510 1635 1551 nos
1658 1496 1845 1550 docuit
1870 1497 2018 1567 Apo-

458 1586 630 1641 stolus
653 1588 671 1618 ¹
716 1602 841 1641 cum
871 1588 1133 1648 visibilia,
1165 1595 1280 1642 tum
1319 1587 1634 1653 invisibilia,
1665 1587 1780 1644 sive
1809 1588 2013 1653 throni,

458 1677 571 1730 sive
588 1675 1009 1742 dominationes,
1030 1678 1145 1733 sive
1162 1678 1520 1749 principatus,
1541 1678 1657 1734 sive
1683 1686 2013 1748 potestates;

456 1771 639 1822 omnia
679 1769 894 1825 demitm
927 1785 1022 1841 per
1052 1771 1229 1842 ipsum
1260 1777 1315 1827 et
1342 1772 1396 1824 in
1429 1763 1606 1841 ipsum
1644 1779 1825 1825 creata
1866 1779 2013 1828 sunt.
2048 1757 2087 1811 Β

457 1860 591 1915 Cum
624 1863 695 1917 ita
732 1877 894 1933 porro
928 1864 1249 1928 sentiamus,
1284 1863 1631 1918 anathemate
1663 1861 1888 1920 ferimus
1917 1880 2018 1919 no-

457 1954 703 2007 minatim
726 1954 1110 2025 impiissimum
1136 1953 1456 2020 Sabellium,
1488 1964 1542 2011 et
1566 1970 1690 2010 cum
1721 1956 1841 2025 ipso
1862 1964 2021 2026 quot-

457 2051 592 2112 quot
628 2042 747 2112 ejus
774 2042 1038 2097 doctrinte
1069 2044 1455 2113 astipulantur,
1486 2052 1541 2100 et
1579 2043 1790 2107 dicunt,
1843 2045 2019 2115 ipsum

456 2131 669 2186 Patrem
696 2147 816 2187 esse
844 2131 1071 2201 Filium;
1106 2134 1391 2205 ipsumque
1442 2123 1661 2205 quando
1706 2133 1878 2192 Filius
1907 2136 2020 2191 elli-

457 2227 621 2290 citur,
656 2240 764 2279 non
797 2225 1027 2281 ulterius
1057 2241 1180 2282 esse
1217 2225 1469 2293 Patrem;
1503 2237 1556 2283 et
1584 2230 1804 2300 quando
1845 2230 2023 2285 ﬁtPa-

456 2323 560 2380 ter,
593 2330 700 2370 non
728 2331 850 2371 esse
886 2326 1014 2371 tunc
1045 2314 1261 2372 Filium.
1307 2317 1421 2374 Nos
1461 2321 1659 2391 quippe
1703 2321 2025 2377 conﬁtemur

456 2405 670 2463 Patrem
700 2415 984 2474 aeternum,
1020 2408 1157 2464 Filio
1192 2417 1398 2466 aeterno
1435 2421 1687 2470 exstante
1734 2430 1798 2469 ac
1842 2415 2026 2471 subsi-

459 2507 670 2565 stente;
707 2498 968 2571 Spiritum
1015 2518 1234 2574 quoque
1280 2513 1530 2560 sanctum
1572 2507 1900 2576 sempiterne
1930 2523 2025 2563 ex-

458 2599 690 2647 stantem
719 2601 880 2662 atque
907 2593 1316 2650 subsistentem.
1348 2594 1464 2650 Non
1513 2596 1657 2651 enim
1700 2596 2023 2653 Trinitatem

459 2684 578 2739 sine
593 2683 945 2739 subsistentia
961 2685 1074 2741 sive
1098 2686 1378 2757 hypostasi
1407 2688 1642 2744 dicimus
1657 2705 1777 2746 eSse
1797 2729 1811 2754 ,
1836 2706 2025 2746 verum

458 2774 513 2826 in
548 2772 823 2844 hypostasi
855 2774 1029 2842 ipsam
1057 2776 1467 2844 cognoscimus.

528 2864 581 2918 3.
623 2861 750 2927 Sed,
776 2863 990 2918 etiamsi
1037 2863 1152 2920 haec
1187 2865 1324 2921 satis
1360 2866 1466 2923 sint
1488 2866 1556 2920 ad
1587 2877 2027 2924 commonstran~

456 2956 585 3011 dum
607 2955 793 3011 eadem
830 2970 930 3010 nos
962 2963 1125 3025 atque
1152 2955 1336 3013 Patres
1364 2960 1537 3014 nostri
1565 2959 1832 3016 sententia
1866 2976 2021 3025 esse,

459 3056 697 3103 attamen
720 3048 845 3118 quia
875 3049 1122 3103 nonnulli
1157 3058 1306 3109 sunt.
1337 3053 1429 3121 qui
1462 3068 1585 3107 cum
1617 3052 2025 3108 dissimulanter

460 3142 815 3213 proﬁteantur
847 3157 905 3196 se
944 3141 1166 3196 minime
1196 3158 1319 3198 cum
1359 3144 1487 3199 Ario
1518 3145 1741 3210 sentire,
1775 3146 1914 3201 idem
1944 3154 2021 3200 ta.

459 3250 581 3290 men
603 3236 743 3305 quod
773 3234 863 3289 ille
894 3236 1177 3302 sentiunt;
1218 3243 1381 3306 atque
1418 3237 1631 3303 dicunt,
1665 3236 1861 3291 Filium
1898 3240 2023 3308 qui-

457 3324 579 3378 dem
602 3324 917 3380 dissimilem
944 3341 1066 3380 esse
1087 3324 1256 3391 Patri,
1284 3326 1543 3397 Spiritum
1567 3338 1747 3385 autem
1773 3341 2021 3385 sanctum

458 3433 590 3479 esse.
616 3433 727 3472 rem
762 3425 1020 3484 creatam,
1055 3433 1327 3489 unamque
1370 3435 1436 3474 ex
1483 3421 1646 3477 rebus
1677 3423 1867 3490 factis;
1899 3438 2023 3477 cum

456 3526 581 3573 nos,
610 3519 722 3563 tum
750 3510 909 3580 ii.qui
946 3525 1046 3565 nos
1079 3510 1186 3564 huc
1209 3512 1549 3582 delegarunt,
1578 3513 1889 3583 hujusmodi
1918 3516 2026 3569 ha:-

460 3616 609 3656 rcses
643 3602 987 3658 anathemate
1022 3602 1265 3659 ierimus.
1307 3603 1492 3675 Neque
1522 3606 1668 3660 enim
1703 3605 1874 3663 Filius
1906 3608 2023 3664 dis-

460 3692 657 3748 similis
680 3700 762 3747 est
785 3690 952 3760 Patri,
978 3695 1070 3749 sed
1103 3695 1587 3752 consuhstantialis
1616 3697 1719 3767 ipsi
1742 3696 1891 3752 Patri
1917 3707 2021 3765 est;

458 3798 637 3853 neque
661 3781 896 3853 Spiritus
927 3791 1149 3841 sanctus
1180 3801 1266 3841 res
1308 3794 1393 3841 est
1432 3795 1635 3851 creata,
1682 3800 1774 3843 aut
1808 3804 1917 3843 una
1957 3806 2024 3845 ex

458 3876 623 3930 rebus
654 3874 906 3941 conditis,
964 3877 1059 3931 sed
1105 3884 1307 3932 sancta;
1349 3874 1637 3933 Trinitatis
1669 3887 1752 3935 est
1801 3900 1813 3935 :
1863 3892 2024 3953 atque

461 3966 794 4022 conﬁdenter
824 3966 1160 4036 proﬁtemur,
1194 3967 1333 4022 nihil
1366 3969 1585 4025 aliunde
1619 3970 1902 4027 inductum
1930 3983 2025 4027 aut

461 4069 702 4115 creatum
752 4061 807 4114 in
848 4068 1038 4116 sancta
1084 4056 1348 4116 Trinitate
1399 4075 1539 4117 esse.
1592 4060 1726 4117 Nam
1786 4061 2025 4135 Spiritus

463 4152 770 4207 sanctitatis
819 4159 922 4216 est,
981 4167 1089 4206 non
1152 4151 1247 4222 qui
1308 4151 1701 4219 sanctiﬁcetur,
1735 4171 1922 4212 verum
1970 4158 2024 4211 in

460 4260 571 4313 quo
608 4259 797 4299 omnes
833 4246 1006 4299 sancti
1036 4244 1465 4300 sanctiﬁcantur.
1496 4245 1764 4303 Perfectio
1817 4250 2019 4320 quippe

461 4346 648 4392 nostra
694 4339 747 4390 in
790 4336 949 4391 Patre
985 4345 1040 4391 et
1089 4334 1228 4391 Filio
1269 4345 1325 4393 et
1371 4335 1578 4407 Spiritu
1627 4346 1819 4394 sancto
1863 4342 2027 4396 datur

2111 483 2408 556 αρίθμητον
2447 481 2647 553 πλῆθός
2674 482 2828 534 εἰσιν.

2180 685 2234 738 2.
2288 686 2479 756 Ἡμεῖς
2518 700 2696 738 τοινυν
2737 680 3157 755 προηγουμένως
3203 677 3303 748 μὲν
3345 671 3673 744 ἀναθεματί-

2114 776 2276 849 ζομεν
2312 778 2409 848 τὴν
2454 777 2731 847 Ἀρειανην
2768 776 2997 849 αἵρεσιν·
3028 769 3355 838 πιστεύομεν
3392 765 3463 829 δὲ,
3501 765 3581 827 ὡς
3611 764 3668 816 οε

2114 870 2353 943 Πατέρες
2383 870 2539 942 ἡμῶν
2573 869 2924 941 ὡμολόγησαν
2954 868 3010 919 ὲν
3043 867 3107 935 τῇ
3134 861 3275 916 κατά
3310 858 3536 912 Νίκαιαν
3569 873 3666 925 γε·

2113 961 2313 1033 νομένῃ
2348 960 2567 1032 συνόδῳ
2606 962 2671 1017 ὲκ
2707 961 2805 1031 τῆς
2831 958 3016 1020 οὐσίας
3046 954 3139 1009 τοῦ
3169 951 3383 1023 Πατρὸς
3414 946 3552 1003 εἶναι
3576 948 3667 1000 τὸν

2117 1055 2241 1109 Υἱὺν
2267 1054 2360 1108 καὶ
2380 1053 2658 1123 ὁμοούσιον
2681 1052 2759 1124 τῷ
2790 1050 2983 1122 Πατρὶ,
3014 1049 3109 1103 καὶ
3131 1049 3269 1118 μήτε
3299 1044 3509 1113 κτίσμα
3541 1041 3675 1110 μήτε

2115 1147 2239 1218 ποίη
2249 1164 2323 1217 μα
2346 1144 2479 1198 εἶναι
2516 1126 2693 1198 αὐτόν·
2719 1141 2854 1196 ἀλλὰ
2883 1142 2949 1195 δι’
2976 1138 3140 1193 αὑτοῦ
3168 1139 3342 1192 πάντα
3374 1135 3445 1189 τά
3470 1130 3680 1201 γενητὰ

2113 1237 2455 1309 γεγενῆσθαι.
2490 1237 2565 1309 ('5)
2597 1236 2670 1291 Οὐ
2698 1235 2805 1306 γὰρ
2828 1233 2982 1288 ἄλλον
3009 1231 3098 1284 τὸν
3131 1230 3258 1283 Υίὸν
3286 1228 3383 1280 καὶ
3404 1224 3566 1279 ἄλλον
3588 1221 3680 1275 τὸν

2112 1330 2283 1398 Λόγον
2313 1327 2631 1399 φρονοῦμεν,
2674 1325 2749 1389 ὣς
2786 1342 2933 1389 τινες
2955 1324 3099 1395 ἡμᾶς
3118 1320 3383 1382 διέϐαλον,
3414 1314 3553 1370 ἀλλὰ
3584 1313 3681 1366 τὸν

2115 1424 2283 1491 Λόγον
2311 1418 2444 1475 εἶναι
2476 1421 2622 1484 Υἱὸν,
2662 1419 2870 1488 σοφίαν,
2901 1416 3125 1486 δύναμιν
3155 1413 3246 1466 τοῦ
3286 1409 3521 1481 Πατρὺς,
3552 1409 3611 1459 ὲν

2114 1515 2182 1568 τὰ
2218 1515 2411 1578 πάντα,
2455 1514 2531 1578 ὡς
2571 1512 2807 1577 ἐδίδαξεν
2841 1513 2870 1564 ὁ
2918 1506 3253 1570 Ἀπόστολος,
3294 1504 3363 1557 τά
3403 1519 3463 1554 τε
3502 1498 3677 1569 ὁρατὰ

2114 1608 2208 1661 καὶ
2247 1607 2315 1661 τὰ
2347 1608 2571 1678 ἀόρατα,
2618 1606 2729 1658 εἴτε
2777 1604 2972 1674 θρόνοι,
3020 1604 3128 1655 εἴτε
3172 1598 3516 1669 κυριότητες,
3564 1594 3676 1644 εἴτε

2115 1700 2298 1770 ἁρχαὶ,
2337 1699 2445 1752 εἴτε
2479 1698 2734 1766 ἐξουσίαι,
2769 1697 2836 1751 τὰ
2864 1696 3038 1748 πάντα
3064 1695 3130 1747 δι’
3162 1691 3326 1746 αὑτοῦ
3355 1690 3450 1743 καὶ
3474 1689 3558 1750 εἰς
3578 1687 3677 1738 αὐ-

2116 1793 2206 1846 τὸν
2241 1792 2505 1847 ἐκτίσθαι.
2554 1790 2710 1844 Οὕτω
2744 1790 2801 1843 δὲ
2849 1786 3164 1860 φρονοῦντες
3208 1780 3674 1854 ἀναθεματξξομεν

2116 1888 2209 1941 καὶ
2239 1884 2298 1951 ἐξ
2320 1886 2579 1956 ὀνόματος
2602 1884 2692 1937 τὸν
2716 1882 3070 1936 ἀσεϐέστατον
3092 1878 3401 1938 Σαὸέλλιον.
3432 1876 3530 1927 καὶ
3560 1872 3675 1944 μετ’

2117 1969 2278 2031 αὑτοῦ
2309 1978 2433 2040 τοὺς
2461 1976 2528 2030 τά
2558 1977 2763 2030 ἐκείνου
2798 1975 3141 2047 φρονοῦντας,
3171 1971 3265 2026 καὶ
3288 1970 3547 2036 λέγοντας
3578 1966 3680 2017 αὐ-

2116 2069 2207 2123 τὸν
2233 2070 2324 2123 τὸν
2360 2071 2576 2142 Πατέρα
2604 2066 2741 2123 εἶναι
2759 2070 2902 2124 Υίόν·
2936 2070 3028 2123 καὶ
3058 2069 3146 2121 ὅτε
3176 2067 3272 2137 μὲν
3296 2064 3496 2133 γίνεται
3525 2061 3677 2123 Υίὸς,

2124 2162 2196 2234 μὴ
2229 2159 2367 2216 εἶναι
2398 2163 2516 2216 τότε
2550 2163 2710 2217 αὐτὸν
2739 2164 2976 2235 Πατέρα⁶
3010 2163 3096 2216 ὅτε
3126 2161 3183 2214 δὲ
3217 2161 3418 2229 γίνεται
3453 2158 3676 2225 Πατὴρ,

2125 2255 2197 2326 μὴ
2232 2249 2368 2310 εἶναι
2388 2256 2509 2309 τότε
2536 2257 2680 2310 Υἱόν.
2712 2256 2903 2327 Ἡμεῖς
2927 2255 3033 2329 γὰρ
3064 2251 3424 2324 ὁμολογοῦμεν
3453 2250 3679 2319 Πατέρ⁵

2122 2344 2312 2409 ἀΐδιον,
2338 2344 2467 2399 Υίοῦ
2495 2346 2665 2399 ἀϊδίου
2691 2346 2843 2409 ὄντος
2877 2347 2968 2399 καὶ
2996 2344 3320 2416 ὑφεστῶτος·
3337 2343 3431 2395 καὶ
3452 2339 3678 2409 Πνεῦμα

2122 2434 2273 2503 ἆγιον
2311 2435 2493 2499 ἀϊδίως
2528 2435 2587 2489 ὃν
2631 2436 2724 2489 καὶ
2756 2435 3002 2506 ύφεστός.
3042 2436 3116 2488 Οὐ
3158 2432 3266 2503 γὰρ
3308 2430 3680 2484 ἀνυπόστατον

2120 2527 2218 2597 τὴν
2263 2527 2467 2599 Τριάδα
2506 2528 2767 2600 λέγομεν·
2813 2529 2889 2599 (4)
2938 2527 3050 2581 ἀλλ’
3086 2528 3143 2579 ὲν
3185 2525 3477 2578 ὑποστάσει
3513 2520 3681 2592 αὐτὴν

2123 2617 2479 2689 γινώσκομεν.

2194 2885 2254 2939 5)
2288 2886 2396 2941 Καὶ
2417 2888 2466 2939 εί
2491 2887 2739 2958 αὐτάρκη
2758 2888 2932 2942 ταῦτα
2947 2888 3113 2956 δεῖξαι
3137 2890 3233 2962 τὴν
3255 2891 3394 2963 πρὸς
3412 2895 3537 2957 τοὺς
3561 2895 3677 2948 Πα-

2124 2977 2287 3049 τέρας
2324 2978 2482 3049 ἡμῶν
2523 2982 2914 3053 ὁμοφροσύνηνσ
2955 2986 3120 3055 ὅμως,
3160 2986 3341 3059 ἐπειδή
3389 3004 3530 3052 τινες
3574 2989 3680 3042 τῶν

2126 3067 2607 3142 ἐπαγγελλομένων
2648 3072 2720 3143 μὴ
2766 3076 2978 3144 φρονεῖν
3009 3074 3078 3128 τὰ
3126 3076 3345 3144 Ἀρείου,
3388 3078 3680 3150 ὑποκρινό·

2128 3181 2277 3235 μενοι
2312 3165 2585 3237 φρονοῦσι,
2610 3167 2854 3236 λέγοντες
2881 3167 2969 3222 τὸν
3001 3169 3102 3239 μὲν
3129 3170 3248 3222 Υίὸν
3270 3172 3509 3242 ἀνόμοιον
3529 3170 3680 3229 εἶναι

2124 3254 2218 3308 τοῦ
2258 3256 2485 3329 Πατρὸς,
2519 3258 2580 3311 τὸ
2620 3259 2677 3312 δὲ
2710 3259 2932 3331 Πνεῦμα
2968 3262 3029 3313 τὺ
3062 3262 3213 3330 ἅγιον
3247 3264 3439 3333 κτίσμα
3476 3267 3575 3318 καὶ
3611 3267 3674 3320 ἒν

2123 3346 2231 3400 τῶν
2265 3348 2579 3418 ποιημάτων
2608 3351 2752 3403 ἐστίν
2770 3352 2805 3380 ⁸*
2828 3350 3309 3421 ἀναθεματίζομεν,
3326 3354 3479 3423 ήμεξ
3503 3372 3566 3407 τε
3580 3358 3675 3410 καὶ

2124 3438 2174 3491 οἱ
2217 3439 2628 3503 ἀποστείλαντες
2668 3443 2834 3512 ἡμᾶς,
2875 3442 2972 3507 τὰς
3003 3444 3240 3517 αἱρέσεις
3278 3446 3499 3510 ταύτας.
3544 3447 3680 3502 Οὔτε

2125 3532 2233 3603 γὰρ
2269 3532 2517 3602 ἀνόμοιος
2610 3534 2740 3598 Υίὸς
2772 3534 2849 3606 τῷ
2884 3537 3083 3608 Πατρὶ,
3122 3537 3238 3590 ἀλλ’
3264 3538 3545 3609 ὀμοούσιός
3573 3542 3682 3593 ἐστι

2125 3620 2202 3690 τῷ
2245 3621 2437 3693 Πατρὶ·
2474 3608 2599 3678 οὕτε
2630 3625 2692 3678 τὸ
2732 3626 2954 3698 Πνεῦμα
2988 3628 3049 3681 τὸ
3085 3630 3237 3697 ἆγιον
3276 3608 3514 3695 ιιτιστὸν,
3562 3635 3595 3703 ἢ
3630 3634 3686 3685 ἒν

2124 3713 2233 3767 τῶν
2256 3716 2569 3785 ποιημάτων
2606 3718 2773 3784 ἐστὶν,
2808 3720 2942 3775 ἀλλὰ
2974 3721 3073 3792 τῆς
3096 3723 3257 3791 ἁγίας
3286 3725 3517 3795 Τριάδος
3548 3726 3686 3779 ἐστί·

2124 3804 2218 3857 καί
2240 3804 2677 3878 τεθαρρήκαμεν,
2704 3809 2785 3862 ὅτι
2816 3810 2967 3864 οὐδὲν
2993 3812 3314 3866 ἐπείσακτον
3344 3816 3466 3869 οὐδὲ
3486 3817 3683 3886 κτίσμα

2126 3895 2271 3949 ἐστὶν
2301 3898 2357 3950 ἐν
2397 3900 2462 3970 τῇ
2504 3900 2709 3971 Τριάδι.
2750 3902 2973 3974 Πνεῦμα
3011 3904 3117 3976 γάρ
3165 3907 3476 3978 ἁγιωσύνης
3517 3910 3684 3962 ἐστίν*

2124 3988 2223 4059 οὐχ
2262 3989 2638 4061 ἁγιαζόμενον,
2676 3993 2790 4046 ἀλλ’
2830 3997 2887 4048 ἐν
2925 3996 3074 4067 αὐτῷ
3120 3999 3337 4051 πάντων
3376 4001 3480 4053 τῶν
3513 4002 3684 4069 άγέων

2125 4079 2518 4151 άγιαζομένων.
2552 4085 2660 4137 Καὶ
2688 4085 2795 4156 γὰρ
2838 4089 2871 4157 ἡ
2911 4088 3183 4160 τελειότης
3219 4090 3373 4161 ἡμῶν
3411 4094 3465 4144 ἐν
3502 4092 3678 4163 Πατρὶ

2125 4172 2219 4223 καὶ
2244 4171 2360 4242 Υίῷ
2384 4173 2478 4226 καὶ
2497 4174 2637 4247 άγίῳ
2662 4176 2936 4247 Πνεύματι
2957 4179 3177 4245 δίδοται,
3210 4183 3304 4235 καὶ
3327 4184 3539 4251 γίνεται.
3566 4186 3675 4237 Καὶ

2129 4262 2225 4332 μία
2259 4264 2441 4330 πίστις
2479 4268 2627 4321 ἐστὶν
2660 4271 2739 4331 εἰς
2766 4268 2861 4322 ἕνα
2892 4269 3024 4324 Θεὸν
3054 4272 3122 4325 δι’
3148 4272 3279 4326 Υίοῦ
3314 4275 3369 4328 ὲν
3405 4274 3676 4344 Πνεύματι

2124 4353 2282 4425 ἁγίῳ.
2318 4355 2488 4429 Ὑπὲρ
2523 4358 2763 4424 πλείονος
2786 4361 2914 4428 γοῦν
2947 4364 3269 4436 μαρτυρίας,
3295 4365 3681 4437 άναθεματίζο-

462 4438 625 4499 atque
662 4427 913 4482 ellicitur.
963 4427 1192 4498 Unaque
1235 4427 1368 4483 ﬁdes
1406 4436 1491 4484 est
1532 4430 1589 4484 in
1624 4446 1791 4486 unum
1849 4431 2019 4489 Deum

2131 4462 2230 4516 μεν
2251 4447 2376 4511 τοὺς
2404 4427 2729 4518 φρονοῦντας
2759 4427 2853 4505 καὶ
2883 4427 3154 4524 λέῆοᾴταέ-
3185 4427 3292 4509 Ἦν
3324 4427 3684 4528 ποτειμονάς,

462 4536 559 4589 per
617 4517 815 4575 Filium
875 4521 930 4575 in
989 4519 1192 4591 Spiritu
1248 4528 1458 4576 sancto.
1520 4521 1792 4581 Plenioris
1838 4526 2024 4597 itaque

463 4613 795 4684 maiorisque
862 4614 1155 4669 testimonii
1230 4629 1430 4679 causa,
1489 4617 1835 4674 anathemate
1897 4620 2026 4675 feri-

462 4718 585 4759 mus
620 4717 717 4760 eos
748 4703 841 4774 qui
884 4691 1123 4759 sentiunt
1158 4719 1223 4760 ac
1259 4703 1449 4759 dicunt
1495 4724 1510 4759 :
1558 4705 1683 4761 Fuit
1722 4709 2022 4779 aliquando

461 4810 667 4858 inanes,
708 4796 825 4850 sive
853 4796 1053 4861 unitas,
1101 4811 1225 4850 cum
1269 4796 1508 4852 nondum
1548 4808 1696 4853 esset
1728 4798 1935 4868 Filius;
1970 4809 2025 4858 et.

464 4884 565 4939 fuit
586 4885 879 4956 aliquando
902 4887 1055 4956 dyas,
1083 4887 1240 4957 quasi
1261 4887 1475 4942 dicatur
1500 4887 1703 4954 duitas,
1728 4906 1851 4948 cum
1878 4911 2017 4950 nou~

462 4976 590 5035 dum
620 4985 765 5034 esset
792 4978 1027 5049 Spiritus
1058 4986 1303 5035 sanctus.
1338 4977 1554 5036 Scimus
1586 4982 1733 5036 enim
1762 4997 2012 5043 sanctam

2130 4536 2204 4609 μὴ
2235 4538 2385 4603 ὄντος
2414 4540 2563 4594 Υίοῦ·
2607 4545 2699 4597 καὶ
2735 4540 2801 4615 ἦν
2841 4563 2968 4599 ποτε
3005 4547 3173 4615 δυὰς,
3218 4551 3292 4623 μὴ
3335 4552 3489 4615 ὄντος
3532 4554 3684 4621 ἁγίου

2126 4629 2456 4702 Πνεύματος·
2497 4634 2664 4688 ἀΐδιον
2703 4637 2811 4710 γάρ
2844 4639 2938 4693 καὶ
2972 4640 3265 4695 ἀειτελείαν
3309 4644 3551 4715 οἴδαμεν,
3594 4646 3684 4699 καὶ

2127 4721 2385 4787 ὡσαύτως
2416 4723 2642 4795 ἔχουσαν
2673 4726 2768 4800 τὴν
2803 4731 2964 4800 ἁγίαν
3002 4734 3045 4786 Τ
3052 4734 3225 4805 ριάδα.
3267 4736 3359 4789 Διὸ
3398 4738 3664 4793 καὶ’άλλο

2127 4811 2307 4882 τρίους
2334 4816 2432 4885 τῆς
2472 4817 2796 4888 Ἐκκλησίας
2832 4820 3027 4894 ἔχομεν
3067 4826 3193 4889 τοὺς
3225 4826 3555 4899 φρονοῦντας
3593 4832 3684 4883 καὶ

2126 4902 2398 4972 λέγοντας·
2432 4905 2538 4962 Ἦν
2564 4928 2693 4964 ποτε
2718 4913 2806 4967 ὅτε
2834 4915 2934 4969 οὐκ
2960 4911 3030 4988 ἦν
3058 4919 3087 4970 ὁ
3112 4918 3258 4983 Υἱὸς,
3281 4921 3375 4975 καὶ
3397 4922 3479 4975 ὅτι
3499 4921 3562 4987 ἐξ
3588 4923 3687 4975 οὖν

2125 4995 2292 5051 ὄντων
2317 4999 2532 5068 ἐγένετο
2560 5004 2620 5057 τὺ
2647 5005 2866 5077 Πνεῦμα
2896 5007 2958 5061 τὸ
2987 5009 3161 5078 ἅγιον.

462 5070 787 5171 Trinitatem
805 5076 1210 5171 sempiternam,
1241 5091 1453 5147 semper
1478 5076 1772 5147 perfectam
1803 5079 1992 5151 fuisse,
2030 5102 2093 5145 ac
2115 5092 2303 5149 eodem
2355 5096 2514 5153 modo
2553 5115 2612 5155 se
2644 5070 2921 5159 habuisse.
2989 5070 3356 5171 Quamobrem
3393 5107 3464 5163 ab
3506 5108 3686 5163 Eccle-

461 5163 542 5219 sia
587 5165 859 5277 catholica
903 5168 1107 5277 alienos
1151 5180 1463 5277 reputemus
1508 5189 1605 5229 eos
1642 5177 1735 5245 qui
1800 5182 2047 5237 sentiunt
2082 5192 2242 5257 atque
2270 5189 2495 5249 dicunt:
2544 5193 2674 5250 Fuit
2707 5214 2829 5253 cum
2879 5163 3169 5258 nonwesset
3200 5202 3393 5271 Filius,
3426 5214 3592 5277 atque
3623 5223 3685 5263 ex

460 5272 570 5317 non
598 5263 937 5319 exstantibus
968 5262 1143 5320 factus
1173 5274 1257 5320 est
1290 5265 1524 5336 Spiritus
1548 5278 1793 5326 sanctus.

535 5356 552 5387 ¹
580 5353 793 5413 Coloss.
827 5374 867 5425 ι,
903 5358 989 5413 16.

553 5475 609 5617 δζ
636 5475 773 5534 Vide
799 5478 1094 5537 Diatriham
1127 5494 1368 5539 nostram
1400 5485 1467 5540 de
1496 5484 1768 5542 Marcello.

553 5545 588 5617 ξ
628 5546 869 5617 Licitum
901 5561 1017 5606 erat
1049 5554 1150 5608 hoc
1184 5564 1423 5617 tempore
1470 5556 1768 5617 hypostasit

530 5476 609 5617 (5;
636 5476 773 5534 Vide
799 5478 1094 5537 Diatriham
1127 5494 1368 5539 nostram
1400 5485 1467 5540 de
1496 5484 1768 5542 Marcello.

532 5545 589 5627 (ξ
624 5546 869 5627 .Licitum
901 5561 1017 5627 erat
1049 5554 1158 5627 hoc
1184 5564 1423 5625 tempore
1470 5556 1802 5627 hypostasim
1822 5626 1825 5627 ν
1848 5573 2009 5614 unam

462 5630 518 5696 in
547 5616 811 5696 Trinitate
833 5621 1103 5696 conﬁteri,
1128 5624 1255 5679 dum
1293 5616 1600 5695 ityposta'sis
1630 5643 1726 5696 pro
1748 5626 2011 5683 substan-

461 5685 534 5733 tia
585 5686 910 5744 haberetur:
943 5693 1299 5759 similiterque
1330 5685 1450 5750 'ti'cs
1497 5685 1814 5767 Itypo'stascs
1855 5698 2023 5754 conﬁ-

2117 5498 2245 5571 teri,
2256 5496 2401 5571 dum
2429 5507 2541 5556 tres
2589 5514 2836 5571 persona:
2863 5503 3191 5561 exsistentes
3225 5512 3282 5560 et
3327 5504 3689 5563 subsistentes

2117 5564 2760 5647 intelligerentur.:V_ide
2813 5573 2867 5647 in
2924 5575 3156 5647 epistola
3185 5575 3252 5631 ad
3294 5576 3689 5638 Antiocheam.

2117 5642 2249 5696 tom.
2273 5637 2559 5711 l'Operum
2584 5639 2889 5699 Athanasii.
