3984 6212
294 268 440 326 I305

1288 259 1656 325 EXPOSITIO
1688 262 1870 320 FfDEl
1902 261 1994 317 AD
2020 261 2493 319 ATHANASIUM.

3361 268 3497 326 1506

369 390 428 445 4.
456 389 571 443 Ἵνα
593 386 649 441 δὲ
673 388 745 458 μή
770 386 854 450 τίς
885 403 1012 440 ποτε
1037 386 1182 457 ἡμᾶς
1203 386 1295 438 καί
1321 384 1448 457 περὶ
1471 384 1569 455 τῆς
1598 384 1861 457 ὲνσάρκου

2029 382 2083 436 4.
2121 381 2200 438 Ne
2231 383 2354 453 quis
2384 397 2511 438 vero
2543 380 2677 439 falsa
2709 381 2965 452 jactitans
2994 399 3093 441 nos
3126 383 3325 442 frustra
3348 386 3502 443 incu-

293 480 602 554 παρουσίας
628 478 721 532 τοῦ
747 479 995 549 Σωτῆρος
1019 476 1171 548 ἡμῶν
1199 475 1424 548 διαϐάλῃ
1452 476 1820 546 ματαιολογῶν
1838 492 1854 508 ⁸

295 566 615 637 ἀναγκαίως
653 565 746 620 καὶ
778 568 905 638 περὶ
930 566 1116 619 τούτου
1145 564 1444 636 γράφομεν,
1474 567 1555 619 ὅτι
1587 569 1615 620 ὁ
1652 566 1860 638 Κύριος

294 657 398 710 καὶ
422 655 609 728 Σωτὴρ
630 656 782 728 ἡμῶν
799 656 828 709 ό
852 655 1100 726 Χριστὸς,
1128 655 1226 726 οὐχ
1249 656 1435 727 ὥσπερ
1466 658 1545 720 είς
1572 657 1696 721 τοὺς
1722 676 1858 730 προ.

294 748 482 819 φήτας
516 750 762 819 ἐγίνετο,
786 746 955 811 οὕτως
983 747 1076 801 καὶ
1104 748 1195 801 ὲπὶ
1217 748 1488 820 συντελείᾳ
1514 749 1623 803 τῶν
1649 750 1857 806 αἰώνων

293 833 467 909 ἦλθεν
488 841 566 903 είς
587 841 738 908 ἅγιον
763 838 1062 909 ἄνθρωπον.
1088 838 1247 892 Ἀλλά
1262 839 1604 911 πιστεύομεν,
1621 841 1701 895 ὅτι
1718 842 1858 898 κατὰ

294 929 398 982 τὸν
440 929 688 1001 Ἰωάννην
722 932 751 983 ό
779 929 946 998 Λόγος
975 929 1109 1002 σάρξ
1151 929 1383 999 ἐγένετο,
1430 932 1525 986 καὶ
1578 933 1718 987 κατὰ
1767 934 1860 988 τὸν

310 1020 635 1074 Ἀπόστολον
682 1022 739 1074 ἐν
775 1023 951 1093 μορφῇ
988 1021 1122 1075 Θεοῦ
1174 1021 1430 1094 ὑπάρχων
1475 1023 1631 1078 ἔλαϐε
1679 1025 1859 1080 δούλου

300 1111 542 1182 μορφὴν,
571 1109 632 1164 τὸ
657 1109 796 1164 κατὰ
820 1111 995 1184 σάρκα
1022 1110 1295 1182 γεννηθεὶς
1318 1114 1380 1165 ὲκ
1408 1114 1623 1184 Μαρίας
1652 1114 1860 1186 ἄνθρω-

297 1220 411 1267 πος
435 1202 513 1257 δι
533 1204 678 1274 ἡμᾶς
694 1218 706 1231 ⁸
731 1203 833 1257 ἵνα,
858 1202 932 1267 ὼς
962 1199 1112 1258 εἶπεν
1133 1204 1312 1269 αὐτὸς,
1338 1204 1594 1279 τελειώσῃ
1619 1207 1678 1259 τὸ
1705 1206 1862 1278 ἔργον

294 1291 399 1345 τοῦ
428 1293 665 1364 Πατρός·
689 1294 779 1347 καὶ
815 1292 985 1357 οὕτως
1015 1294 1074 1348 τὸ
1104 1294 1435 1367 ἀνθρώπινον
1457 1296 1607 1365 γένος
1640 1298 1696 1351 ὲν
1719 1297 1863 1370 αύτῷ

296 1379 600 1446 τελειώσας
624 1382 716 1435 καὶ
746 1382 981 1451 συνάψας
1002 1386 1066 1454 τῇ
1094 1382 1323 1456 θεότητι,
1354 1384 1621 1459 εἰσαγάγῃ
1655 1387 1732 1447 είς
1765 1386 1864 1456 τὴν

299 1471 586 1547 βασιλείαν
614 1472 719 1526 τῶν
738 1473 797 1525 οῦ
808 1472 1001 1544 ρανῶν.
1026 1476 1133 1528 Καὶ
1164 1478 1212 1529 εἰ
1233 1476 1403 1530 ταῦτα
1436 1476 1594 1531 πάλιν
1620 1477 1864 1550 αὐτάρκη

294 1562 477 1630 δεῖξαι
501 1563 599 1634 τὴν
628 1564 762 1635 πρὸς
805 1563 893 1617 τὸν
941 1564 1141 1637 Κύριον
1184 1567 1338 1637 ἡμῶν
1392 1567 1595 1638 Ἰησοῦν
1633 1567 1865 1640 Χριστὸν

299 1653 521 1706 πίστιν·
550 1654 696 1724 ὅμως
716 1654 859 1725 ὑπὲρ
884 1654 1122 1720 πλείονος
1152 1658 1446 1725 ἀσφαλείας
1471 1658 1867 1730 άναλαμὸάνον-

296 1761 400 1808 τες
431 1744 599 1799 ταῦτα
623 1745 869 1817 λέγομεν,
908 1748 1002 1801 καὶ
1038 1748 1499 1821 άναθεματίζομεν
1531 1725 1658 1814 τοὺς
1681 1750 1865 1819 λέγον·
1895 1725 1937 1779 Β

300 1852 409 1898 τας
438 1836 530 1889 καὶ
556 1837 901 1907 φρονοῦντας,
926 1840 1053 1893 ποτὲ
1080 1840 1168 1892 τὸν
1186 1840 1403 1911 Πατέρα
1424 1836 1557 1895 εἶναι
1584 1842 1751 1913 χωρὶς
1770 1840 1862 1894 τοῦ

301 1925 465 1991 Υίοῦ,
517 1928 609 1981 καὶ
653 1928 779 1983 ποτὲ
810 1930 899 1984 τὸν
942 1931 1156 2004 Πατέρα
1181 1932 1273 1984 καὶ
1297 1931 1386 1985 τὸν
1432 1932 1559 1986 Υίὺν
1582 1933 1747 2004 χωρὶς
1770 1932 1865 1986 τοῦ

301 2017 467 2085 ἁγίου
500 2019 829 2090 Πνεύματος.
860 2020 1083 2093 Πνεῦμα
1108 2023 1215 2092 γάρ
1236 2022 1369 2076 Θεοῦ
1404 2025 1539 2087 ἐστι,
1568 2024 1658 2077 καὶ
1689 2023 1867 2077 τελεία

303 2109 405 2162 καὶ
442 2109 610 2174 άῖδιός
649 2113 795 2165 ἐστιν
829 2113 861 2184 ὴ
908 2114 1093 2185 Τριάς.
1145 2114 1626 2187 ’Λναθεματίζομέν
1673 2132 1733 2170 τε
1776 2116 1868 2171 καὶ

300 2202 437 2266 τοὺς
465 2200 557 2255 νῦν
587 2201 915 2269 ἐξελθόντας,
933 2205 1026 2259 καὶ
1054 2205 1375 2277 λεγομένους
1400 2208 1720 2278 ’Ἀνομοίους
1738 2222 1752 2236 ⁸
1772 2210 1868 2263 καὶ

307 2293 415 2346 σὺν
441 2293 621 2359 αὐτοῖς
654 2294 749 2365 τὴν
772 2294 867 2348 τοῦ
903 2296 1256 2367 Σαμοσατέως
1281 2298 1370 2350 καὶ
1391 2299 1653 2353 Φωτείνου
1689 2316 1868 2371 παρα-

304 2383 605 2457 φροσύνην,
630 2385 723 2439 καὶ
750 2385 876 2449 τοὺς
904 2385 973 2439 τὰ
998 2386 1135 2440 αὑτά
1169 2387 1492 2459 φρονοῦντας
1521 2390 1719 2454 αὐτοῖς.
1748 2391 1869 2445 Ὅτι

307 2474 390 2546 μὴ
415 2474 631 2543 λέγουσι
653 2475 743 2527 τὸν
764 2474 857 2527 τοῦ
879 2473 1013 2527 Θεοῦ
1036 2476 1205 2544 Λόγον
1228 2474 1401 2541 ζῶντα
1424 2479 1593 2547 Λόγον
1618 2473 1752 2533 εἶναι
1777 2482 1871 2535 καὶ⁸

304 2565 534 2636 ὲνεργῆ,
567 2563 632 2616 δι’
659 2560 719 2619 οὗ
744 2564 813 2618 τὰ
847 2566 1021 2620 πάντα
1050 2566 1281 2635 ἐγένετο,
1317 2567 1449 2621 ἀλλὰ
1473 2569 1548 2633 ὡς
1585 2569 1869 2642 ἀνθρώπου

303 2654 469 2721 λόγον
501 2655 832 2726 προφορικδν
884 2657 1039 2728 μόνον
1059 2674 1073 2688 ⁸
1105 2660 1199 2712 καὶ
1237 2660 1318 2712 ὅτι
1370 2661 1444 2732 μὴ
1494 2661 1745 2733 φρονοῦσι
1781 2663 1871 2717 τὸν

303 2745 446 2797 Υίὸν
467 2744 560 2797 τοῦ
588 2745 720 2798 Θεοῦ
738 2746 897 2800 αὐτὸν
922 2742 1060 2801 εἶναι
1082 2748 1172 2804 τὸν
1192 2750 1360 2818 Λόγον
1376 2766 1388 2779 ⁸
1418 2751 1551 2806 ἀλλὰ
1575 2753 1871 2826 διαιροῦσιν

305 2834 542 2903 ἀλόγως,
579 2834 670 2888 καὶ
711 2835 882 2907 ἀρχὴν
909 2835 986 2907 τῷ
1006 2836 1119 2909 Υἱῷ
1152 2838 1381 2892 διδοῦσιν
1412 2840 1519 2893 άπὸ
1544 2841 1640 2912 τῆς
1666 2842 1729 2893 ὲκ
1754 2842 1874 2895 Μα-

312 2923 436 2995 ρίας
464 2923 603 2977 κατὰ
627 2923 803 2993 σάρκα
823 2925 1107 2994 γενέσεως,
1132 2926 1571 3000 βλασφημοῦντες
1589 2947 1601 2962 ⁸
1626 2930 1706 2982 ὅτι
1737 2930 1871 3003 μηδὲ

307 3023 448 3076 Θεὸν
470 3025 717 3097 ἀληθινὸν
748 3028 907 3103 αύτδν
944 3024 1082 3084 εἶναι
1110 3032 1467 3087 πιστεύουσιν.

1959 483 2041 529 set
2082 474 2226 529 circa
2267 475 2539 530 carnalem
2592 471 2893 530 Servatoris
2940 476 3247 542 adventum,
3280 493 3505 535 necesse

1958 580 2172 636 quoque
2206 564 2369 619 fuerit
2401 572 2461 618 ut
2496 580 2560 620 ea
2597 566 2663 621 de
2694 580 2754 618 re
2790 566 3033 635 quaedam
3083 566 3275 623 litteris
3320 572 3503 625 consi-

1959 672 2217 726 gnemus;
2248 657 2393 727 quod
2420 657 2636 712 scilicet
2673 656 2935 713 Dominus
2962 666 3014 712 et
3047 656 3294 711 Salvator
3322 667 3505 716 noster

1959 746 2229 811 Christus,
2263 762 2373 802 non
2404 747 2854 817 quemadmodum
2894 748 2958 803 ad
3003 749 3290 818 prOphetas
3333 749 3504 819 factus

1960 846 2055 900 est,
2089 836 2162 890 ita
2196 838 2248 892 in
2284 839 2749 894 consummatione
2782 839 3101 893 saeculorum
3150 840 3426 895 advenerit
3452 844 3504 895 in

1960 935 2208 981 sanctum
2246 929 2537 984 hominem.
2576 928 2679 984 Sed
2697 929 2990 993 credimus,
3013 930 3178 1000 quod,
3209 931 3507 985 secundum

1944 1016 2219 1073 Joannem
2244 1017 2540 1085 ’,Verbum
2573 1036 2701 1076 caro
2735 1021 2933 1076 factum
2974 1022 3066 1085 sit,
3114 1030 3167 1076 et
3211 1021 3506 1076 secundum

1960 1110 2281 1180 Apostolum
2299 1110 2339 1177 ³,
2368 1111 2511 1181 quod
2544 1127 2665 1165 cum
2696 1112 2748 1166 in
2779 1111 2949 1167 forma
2982 1112 3073 1166 Dei
3099 1119 3261 1175 esset,
3293 1118 3508 1181 propter

1960 1218 2062 1258 nos
2090 1202 2359 1271 acceperit
2382 1203 2525 1256 servi
2558 1200 2809 1265 formam,
2839 1200 3135 1257 secundum
3172 1217 3390 1256 carnem
3416 1217 3510 1272 ge-

1961 1293 2111 1348 nitus
2140 1292 2301 1347 homo
2344 1308 2410 1347 ex
2441 1292 2608 1346 Maria
2652 1291 2905 1363 Virgine;
2946 1299 3025 1358 ut,
3060 1292 3507 1362 quemadmodum

1962 1386 2079 1457 ipse
2126 1385 2199 1439 ait
2221 1383 2263 1449 ⁵,
2314 1384 2594 1454 perliceret
2640 1399 2778 1454 opus
2823 1382 3035 1450 Patris;
3083 1389 3244 1451 atque
3277 1383 3348 1436 ita
3386 1396 3508 1437 cum

1961 1497 2131 1552 genus
2189 1480 2481 1534 humanum
2539 1478 2595 1532 in
2655 1479 2834 1549 seipse
2888 1476 3208 1549 perfecerit,
3274 1491 3337 1531 ac
3387 1492 3510 1532 cum

1963 1558 2245 1626 divinitate
2292 1570 2657 1639 conjunxcrit,
2710 1569 2888 1638 ipsum
2946 1566 3254 1621 introducat
3317 1566 3370 1619 in
3425 1580 3514 1620 re-

1965 1680 2129 1733 gnum
2177 1664 2463 1718 caelorum.
2511 1663 2584 1716 Ac
2635 1660 2847 1715 etiamsi
2896 1660 3082 1716 istbaec
3120 1659 3254 1715 satis
3290 1658 3398 1714 sint
3445 1657 3511 1713 ad

1965 1754 2349 1810 declarandam
2398 1752 2557 1807 ﬁdem
2595 1753 2650 1808 in
2704 1751 2987 1806 Dominum
3036 1757 3284 1805 nostrum
3328 1748 3512 1805 Jesum

1965 1843 2243 1900 Christum
2270 1883 2285 1909 ,
2349 1849 2588 1897 attamen
2622 1840 2846 1910 majoris
2892 1838 3198 1895 securitatis
3232 1851 3359 1908 ergo
3400 1836 3515 1891 haec

1965 1937 2258 2007 repetimus
2278 1949 2342 1988 ac
2360 1934 2614 1998 dicimus,
2645 1940 2807 2004 atque
2826 1932 3166 1987 anathemate
3196 1929 3518 1984 damnamus

1965 2043 2060 2084 eos
2091 2029 2184 2100 qui
2219 2027 2409 2082 dicunt
2442 2033 2496 2081 et
2528 2025 2778 2089 credunt,
2821 2023 3036 2080 Patrem
3084 2021 3373 2094 aliquando
3401 2022 3517 2077 sine

1967 2119 2007 2176 Ε
2011 2120 2104 2175 ilio
2133 2120 2303 2176 fuisse
2327 2139 2341 2189 ;
2374 2119 2701 2189 Patremque
2725 2132 2788 2172 ac
2812 2116 3008 2172 Filium
3036 2114 3326 2187 aliquando
3354 2113 3520 2169 fuisse

1968 2216 2086 2273 sine
2120 2212 2325 2284 Spiritu
2358 2218 2570 2267 sancto.
2603 2209 2838 2282 Spiritus
2868 2209 3010 2265 enim
3042 2205 3130 2262 Dei
3170 2214 3274 2268 est,
3305 2220 3369 2259 ac
3396 2220 3520 2274 per-

1968 2308 2109 2364 fecta
2156 2318 2319 2379 atque
2360 2303 2689 2374 sempiterna
2736 2308 2820 2357 est
2859 2299 3117 2355 Trinitas.
3169 2297 3521 2352 Anathemate

1969 2415 2185 2471 quoque
2228 2399 2549 2454 damnamus
2585 2410 2679 2450 eos
2728 2392 2823 2463 qui
2867 2405 3040 2460 nuper
3077 2388 3251 2445 exorti
3289 2395 3435 2451 sunt,
3466 2392 3522 2441 et

1967 2489 2216 2547 Anomcei
2275 2489 2547 2554 dicuntur,
2608 2502 2672 2544 ac
2724 2500 2847 2541 cum
2891 2483 3024 2555 ipsis
3085 2479 3418 2535 Samosateni
3466 2487 3522 2536 et

1969 2583 2185 2639 Photini
2214 2582 2477 2637 insaniam
2499 2620 2515 2645 ,
2558 2594 2769 2635 necnon
2804 2592 2898 2633 eos
2928 2577 3020 2647 qui
3060 2576 3210 2645 paria

1971 2673 2233 2730 sentiunt.
2281 2670 2417 2737 Quia
2462 2684 2571 2724 non
2618 2669 2824 2733 dicunt,
2873 2666 3106 2721 Verbum
3157 2664 3272 2730 Dei,
3299 2664 3521 2718 verbum

1970 2778 2094 2819 esse
2119 2764 2309 2817 vivens
2342 2768 2395 2816 et
2419 2759 2628 2823 efﬁcax,
2667 2775 2764 2829 per
2791 2758 2935 2829 quod
2967 2757 3147 2812 omnia
3176 2756 3316 2810 facta
3354 2761 3519 2810 sunt:

1971 2853 2068 2910 sed
2092 2852 2249 2924 quasi
2284 2851 2519 2907 hominis
2544 2850 2769 2905 verbum
2801 2847 3132 2919 prolatitium
3157 2847 3442 2909 duntaxat,
3470 2850 3527 2899 et

1973 2945 2100 3016 quia
2135 2958 2243 2999 non
2280 2942 2618 2997 arbitrantur
2666 2940 2862 2994 Filium
2905 2938 2999 2994 Dei
3038 2939 3214 3010 ipsum
3255 2952 3377 2992 esse
3403 2950 3527 2991 ver-

1980 3037 2140 3095 bum;
2193 3048 2381 3089 verum
2426 3040 2628 3087 temere
2666 3039 2721 3086 et
2760 3032 2877 3087 sine
2909 3030 3120 3085 ratione
3160 3028 3425 3093 dividunt,
3474 3032 3528 3080 et

308 3133 641 3204 principium
672 3134 810 3191 Filio
841 3152 870 3191 a
935 3139 1213 3198 nativitate
1275 3142 1569 3197 secundum
1600 3156 1817 3199 carnem
1847 3159 1913 3200 ex
1955 3144 2121 3198 Maria
2150 3142 2465 3213 blasphemo
2502 3154 2597 3195 ore
2627 3139 2892 3201 tribuunt,
2938 3138 3063 3208 quia
3104 3138 3227 3191 item
3260 3152 3368 3191 non
3406 3149 3527 3191 cre-

311 3224 452 3280 dunt
473 3227 649 3296 ipsum
689 3244 870 3282 verum
906 3218 1027 3286 esse
1057 3231 1246 3287 Deum.

388 3319 443 3372 5.
476 3320 659 3372 Ταῦτα
709 3322 994 3391 τοιγαροῦν
1050 3322 1387 3393 φρονοῦντες,
1443 3323 1537 3375 καὶ
1586 3323 1873 3395 ἐγγράφως

2050 3320 2100 3374 5.
2144 3316 2265 3372 Haec
2292 3315 2472 3383 itaque
2493 3328 2614 3367 cum
2652 3312 2949 3368 sentiamus
2982 3319 3143 3381 atque
3177 3314 3381 3385 scripto
3405 3332 3530 3386 pro-

316 3408 724 3478 όμολογοῦντες,
750 3409 1209 3480 διαϐεϐαιούμενοι
1244 3429 1303 3464 τε
1330 3411 1501 3465 ταῦτα
1545 3417 1757 3485 φρονεῖν
1783 3415 1877 3469 καὶ

316 3500 448 3560 τοὺς
490 3497 907 3561 ἀποστείλαντας
947 3500 1111 3570 ἡμᾶς,
1155 3499 1406 3569 ἀξιοῦμεν
1439 3500 1536 3572 τὴν
1571 3502 1668 3574 σὴν
1693 3501 1876 3556 θεοσέ-

319 3589 473 3641 ϐειαν
496 3588 691 3659 μηκέτι
711 3589 985 3642 πιστεύειν
1003 3592 1114 3653 τοῖς
1132 3589 1251 3643 καθ’
1271 3589 1424 3661 ἡμῶν
1446 3590 1690 3660 λέγουσιν
1708 3610 1721 3624 ⁸
1746 3594 1880 3649 ἀλλὰ

325 3678 525 3751 μᾶλλον
556 3683 665 3743 τοῖς
702 3679 1079 3734 άποστείλασιν
1106 3682 1249 3752 ἡμᾶς
1278 3680 1447 3734 ταῦτα
1472 3683 1753 3755 γνωρίσαι,
1787 3685 1880 3739 καὶ

322 3771 533 3843 γράψαι
576 3773 667 3825 καὶ
698 3767 776 3836 οἷς
808 3771 873 3826 ἂν
904 3771 1173 3845 γινώσκῃς
1204 3772 1499 3844 όρθοδόξοις
1534 3775 1878 3840 ὲπισκόποιςυ
1900 3822 1907 3835 ,

324 3861 435 3924 ἵνα,
468 3862 517 3914 εί
544 3861 789 3933 καὶπρὸς
813 3862 1006 3925 αὐτοὺς
1027 3863 1061 3932 ἡ
1084 3860 1205 3914 καθ’
1227 3864 1260 3932 ἡ
1269 3860 1383 3931 μῶν
1407 3861 1625 3935 διαὸολὴ
1646 3864 1877 3933 ἐγένετο,

328 3950 588 4023 μαθόντες
631 3952 728 4024 τὴν
774 3951 1056 4023 ὁμολογίαν
1103 3954 1134 4024 ἠ
1144 3952 1258 4022 μῶν
1304 3952 1523 4025 ταύτην,
1572 3955 1880 4024 καταγνῶσι

324 4042 435 4095 τῶν
459 4041 792 4113 θελησάντων
819 4044 946 4114 ἡμῖν
969 4042 1153 4107 ἁπλῶς
1186 4041 1376 4112 φθόνον
1399 4045 1636 4115 κινῆσαι.
1663 4045 1882 4098 Θεόδου-

326 4134 419 4199 λος
446 4134 735 4197 ἐπίσκοπος
769 4132 1114 4206 Ὀξυρύγχου.
1133 4134 1348 4206 Πλὴνης
1369 4136 1663 4200 ἐπίσκοπος
1696 4136 1886 4207 Ἑρμο-

328 4226 435 4292 θιὲ,
481 4227 752 4298 Ἰσχυρίων
776 4225 1065 4289 ἐπίσκοπος
1085 4226 1317 4293 Λεοντῶ,
1360 4227 1546 4281 Ἰσαάκ
1567 4227 1882 4291 ἐπίσκοπος.

345 4315 401 4371 ’Λ
409 4318 535 4388 μήν.

403 4474 422 4502 ¹
453 4469 608 4525 Joan.
647 4489 685 4535 ι,
713 4471 794 4527 14.
872 4473 892 4504 ³
931 4472 1121 4542 Philip.
1160 4488 1217 4537 ll,
1246 4472 1299 4538 6,
1337 4473 1386 4529 7.
1464 4472 1486 4504 ⁸
1515 4470 1671 4527 Ιοθη.
1709 4488 1783 4539 tv,
1813 4472 1903 4527 5L

404 4624 482 4693 (5)
518 4624 589 4679 De
628 4626 712 4697 his
745 4625 1232 4697 subscriptionibus
1273 4625 1393 4697 vide
1442 4626 1499 4679 in
1543 4625 1880 4682 Diatriba'de

336 4696 609 4768 Marcello.
661 4694 753 4749 Hae
795 4694 974 4768 porro
1006 4696 1430 4768 subscriptiones
1487 4697 1690 4750 mutila:
1736 4696 1881 4752 haud

334 4766 497 4819 dubie
530 4773 673 4831 sunt,
710 4766 829 4820 cum
867 4766 1143 4819 Athanasii
1174 4779 1515 4835 nomenﬁnon
1548 4775 1880 4835 compareat,

335 4838 427 4904 qui
462 4850 591 4889 sane
623 4835 747 4889 huic
778 4835 895 4889 fidei
937 4835 1262 4904 confessioni
1296 4834 1609 4903 suffragium
1647 4834 1796 4890 dedit
1819 4849 1885 4889 ac

338 4903 690 4974 subscripsit;
723 4905 856 4959 alias
885 4920 1029 4969 vero,
1065 4903 1370 4973 refragante
1399 4905 1719 4967 Athanasio,
1760 4919 1885 4959 eam

338 4975 560 5029 minime
596 4975 932 5044 probassent,
979 4974 1264 5043 additoquc
1302 4975 1519 5030 nomine
1564 4974 1888 5030 confirmas.

1982 3404 2249 3467 flteamur,
2273 3414 2688 3467 asseramusque
2717 3398 2948 3469 idipsum
2983 3400 3183 3455 sentire
3203 3416 3295 3458 eos
3319 3405 3409 3472 qui
3433 3420 3533 3460 nos

1982 3495 2160 3551 isthuc
2191 3494 2451 3549 miserunt
2478 3511 2489 3545 :
2530 3500 2674 3545 tuam
2705 3505 2957 3560 rogamus
2987 3490 3257 3558 pietatem,
3285 3509 3351 3548 ne
3375 3493 3528 3548 fidem

1980 3588 2048 3643 iis
2078 3586 2278 3641 habeas
2312 3584 2401 3654 qui
2440 3598 2541 3637 nos
2575 3582 2926 3647 insimulant;
2962 3580 3123 3650 idque
3155 3582 3221 3637 iis
3262 3584 3532 3654 signiﬁces

1979 3678 2069 3748 qui
2106 3692 2206 3731 nos
2247 3677 2352 3730 huc
2404 3675 2751 3745 delegarunt;
2792 3672 3061 3727 rescribas
3112 3673 3236 3727 item
3290 3675 3356 3730 iis
3395 3691 3532 3746 quos

1979 3767 2307 3825 orthodoxos
2331 3768 2612 3837 episcopos
2641 3780 2762 3820 esse
2785 3764 3032 3830 noveris;
3065 3772 3122 3818 ut
3153 3763 3196 3819 si
3226 3764 3293 3819 ad
3325 3777 3419 3829 eos
3440 3781 3534 3822 ca-

1981 3862 2186 3916 lumnia
2211 3860 2496 3916 adversum
2519 3874 2619 3914 nos
2644 3856 2872 3912 conﬂata
2895 3857 3215 3927 pervenerit,
3242 3866 3530 3929 conspecta

1982 3952 2085 4006 hac
2111 3959 2300 4005 nostra
2327 3950 2447 4005 fidei
2472 3948 2832 4013 confessione,
2856 3950 3112 4004 malitiam
3132 3964 3319 4004 eorum
3350 3949 3531 4021 depre-

1984 4040 2244 4105 hendant,
2273 4039 2367 4109 qui
2407 4045 2608 4093 temere
2653 4038 2909 4093 invidiam
2951 4039 3107 4093 nobis
3156 4052 3371 4093 movere
3421 4046 3536 4093 stu-

1983 4130 2332 4202 duerunt(5).
2376 4128 2689 4183 Theodulus
2723 4129 3007 4198 episcopus
3061 4128 3534 4201 0xyryncbi,Ple-

1983 4238 2083 4279 nes
2104 4222 2392 4292 episcopus
2421 4219 2721 4288 Hermothi,
2750 4220 3026 4292 lschyrion
3060 4221 3352 4295 episcopus
3368 4219 3541 4275 Leo»

1985 4326 2065 4384 to,
2104 4315 2255 4371 Isaac
2278 4316 2580 4390 episcopus.
2611 4314 2802 4368 Amen.

1982 4633 2101 4682 sent
2144 4627 2381 4698 episcopi
2434 4626 2531 4698 hic
2572 4628 2873 4683 memorati.
2924 4626 3228 4698 Verisimile
3272 4626 3399 4681 item
3425 4632 3536 4698 _est

1982 4694 2424 4769 aliosiA’a‘gyptios
2453 4697 2755 4769 episcopos.
2778 4712 3007 4769 quorum
3026 4697 3268 4751 cecidere
3292 4694 3534 4769 nomina,

1983 4764 2235 4822 eamdenf
2249 4764 2380 4822 fidei
2407 4764 2809 4821 confessiOnem
2835 4766 3091 4836 suffragio
3118 4781 3219 4821 suo
3250 4764 3532 4836 muniisse.

1986 4837 2204 4892 Solebat
2236 4838 2380 4891 enim
2408 4836 2733 4892 Athanasius
2766 4837 2833 4889 ad
2871 4834 3026 4890 tanti'
3037 4835 3294 4907 ponderis
3326 4834 3539 4905 negotia

1984 4922 2017 4963 e
2044 4907 2396 4963 vicinioribus
2424 4907 2626 4962 multos
2658 4921 2960 4962 accersere.
