3984 6212
248 292 378 349 1599
1656 266 1660 273 ’
1707 284 1771 339 lN

1903 286 2081 360 nam
3330 300 3466 355 l510

242 425 435 465 εκτικα
474 409 612 483 μέρη
646 425 738 462 του
778 423 974 470 παντος
1014 406 1235 478 κόσμου,
1283 406 1507 479 οὐρανὸν
1530 404 1692 459 αὐτόν
1719 421 1803 459 τον

1918 403 2008 461 Dei
2060 422 2340 464 sernzones
2373 419 2636 467 convocat
2678 415 2972 485 propheta,
3025 416 3222 473 caelum
3256 417 3465 475 scilicet

240 504 336 568 τὰς
358 503 504 567 θείας
529 503 779 573 δυνάμεις
804 499 1158 571 ἀπειληφότα,
1181 499 1272 552 καὶ
1288 499 1388 571 γῆν
1398 498 1458 553 τὸ
1471 498 1581 553 τῶν
1596 499 1803 569 θνητῶν

1909 500 2122 558 divinas
2149 504 2386 560 virtutes
2414 506 2799 577 complectens,
2846 519 2900 565 et
2934 517 3133 564 terram
3159 525 3189 563 a
3218 512 3465 567 mortali-

242 597 572 668 οίκητήριον·
616 594 711 648 καὶ
743 588 956 665 οὐρανῷ
999 590 1095 662 μὲν
1140 589 1377 655 ἀκούειν,
1415 593 1485 661 γῇ
1527 590 1584 644 δὲ
1622 590 1803 644 ἐνωτί-

1906 593 2011 649 bus
2037 604 2379 664 occupatam.
2416 596 2550 651 Dum
2580 606 2757 654 autem
2783 600 2979 657 cadum
3004 599 3193 655 audire
3213 599 3387 669 jubet,
3411 609 3466 657 et

243 683 426 750 ζεσθαι
468 682 927 756 παρακελεύεται,
960 680 1025 735 δι’
1051 679 1228 734 αὐτῶν
1258 678 1357 743 τὰς
1394 680 1620 750 ἀφανεῖς
1648 678 1803 733 δυνά-

1905 693 2108 739 terram
2142 687 2365 743 auribus
2395 690 2692 760 percipere,
2727 691 2957 746 latentes
2985 691 3040 744 in
3061 690 3196 761 ipsis
3223 698 3464 761 potesta-

248 790 364 846 μεις
433 775 492 827 ὲν
550 772 734 836 αὐτοῖς
781 770 1231 841 ἀνακαλούμενος.
1287 769 1397 823 Καὶ
1463 770 1580 840 μετ’
1628 766 1802 837 ὀλίγα,

241 863 426 935 ἐπειδὴ
467 862 688 935 κέντρον
737 863 955 934 μνήμης
994 859 1367 931 παρασχέσθαι
1412 860 1594 922 αὐτοῖς
1642 858 1804 929 ήδού-

241 958 361 1012 λετο
377 955 487 1010 τῶν
509 953 811 1026 λεγομένων
832 956 861 1007 6
885 952 1185 1024 προφήτης,
1208 952 1503 1020 ἀναγκαῖον
1522 949 1612 1004 τοῦ
1638 951 1802 1021 ούρα-

241 1050 333 1105 νοῦ
355 1052 449 1104 καὶ
474 1049 575 1120 γῆς
601 1046 901 1119 μαρτυρίαν
926 1044 1358 1118 παραλαμϐάνει*
1384 1045 1490 1108 ἵνα,
1514 1044 1615 1098 κᾶν
1634 1044 1802 1117 λήθην

241 1141 568 1211 ποιήσωνται
599 1136 709 1191 τῶν
738 1135 1032 1207 λεχθέντων
1063 1135 1212 1207 παρά
1249 1134 1345 1189 τοῦ
1384 1135 1680 1207 προφήτου,
1714 1134 1804 1186 ού-

240 1231 401 1305 ρανὸς
424 1232 516 1284 καὶ
541 1232 613 1302 γῆ
645 1227 906 1301 ὁρώμενοι
936 1230 1389 1300 ύπομιμνήσκωσι
1412 1227 1519 1281 τῶν
1543 1226 1635 1280 τοῦ
1669 1224 1801 1281 Θεοῦ

235 1325 502 1397 ῥημάτων

303 1414 455 1468 Υῐῶν
476 1415 694 1485 μνήμην
716 1412 1026 1485 πεποίηται,
1049 1414 1142 1467 καὶ
1166 1413 1546 1484 γεγεννηκέναι
1581 1413 1800 1482 φάσκει,

225 1507 471 1570 δεικνὺς,
492 1506 566 1569 ὡς
592 1506 689 1558 οὐκ
716 1504 1022 1576 ἀλλοτρίους
1045 1506 1440 1576 εἰσεποιήσατο,
1471 1505 1584 1559 ἀλλ’
1612 1505 1688 1569 ὼς
1709 1506 1802 1557 αύ-

224 1602 317 1656 τοῦ
358 1600 531 1662 ὄντας
568 1601 869 1670 ποιήματα,
907 1597 1175 1668 πατρικῆς
1220 1597 1539 1669 κηδεμονίας
1580 1596 1798 1668 ἠξίωσε·

226 1695 320 1748 καὶ
357 1692 640 1762 ὑψωκέναι
679 1691 735 1744 δὲ
772 1691 917 1760 λέγει
961 1691 1388 1760 ὑπομιμνήσκων
1426 1690 1525 1761 τῆς
1555 1691 1648 1743 ἀπ’
1688 1690 1798 1743 Ἀἰ-

1905 783 1988 832 tes
2016 777 2355 835 adhortatur.
2388 779 2454 834 Et
2485 781 2646 851 paulo
2687 791 2810 852 post
2838 800 2851 836 :
2886 782 3297 837 lncitamentum
3318 798 3466 853 quae-

1905 870 2045 923 renti
2076 872 2353 941 prophetae
2372 888 2481 943 quo
2504 871 2721 930 Iudaeos
2760 873 2827 929 ad
2849 874 3117 929 dictorum
3148 874 3464 930 memoriam

1902 962 2237 1029 concitaret,
2275 963 2659 1033 proferendum
2692 975 2810 1020 erat
2849 965 2974 1019 cmli
3002 974 3057 1020 et
3098 972 3260 1021 terra:
3309 964 3465 1021 testi-

1904 1055 2184 1127 monium,
2226 1064 2317 1121 ut,
2361 1056 2577 1112 etiamsi
2612 1054 2814 1112 fuerint
2843 1056 3141 1127 prophetici
3194 1055 3463 1112 sermonis

1903 1144 2080 1211 obliti,
2118 1145 2427 1215 conspectis
2471 1147 2612 1200 cmlo
2673 1155 2726 1201 et
2778 1154 2945 1212 terra,
2976 1145 3137 1201 verba
3164 1143 3257 1202 Dei
3301 1146 3466 1201 remi-

1903 1235 2262 1292 niscerentur.

1979 1410 2143 1466 Vens.
2201 1410 2255 1464 εὶ.
2306 1410 2586 1482 [Filiorum
2644 1419 2971 1467 mentionem
3021 1410 3149 1465 facit
3200 1409 3463 1466 Dominus

1905 1513 1959 1561 et
1992 1520 2089 1561 eos
2116 1505 2370 1575 genuisse
2414 1504 2646 1568 fatetur,
2678 1504 2927 1561 indicans
2974 1520 3082 1559 non
3126 1503 3330 1559 alienos
3365 1502 3464 1559 ad—
3503 1537 3511 1547 -

1904 1594 2259 1664 Optivosque,
2309 1593 2399 1649 sed
2450 1604 2731 1650 creaturas
2788 1611 2915 1650 suas
2950 1604 3173 1664 paterna
3214 1608 3343 1648 cura
3388 1592 3466 1648 fu.

1904 1680 2069 1736 visse.
2123 1679 2458 1736 Exaltavisse
2499 1698 2595 1737 eos
2629 1682 2763 1735 dicit
2814 1698 3070 1751 quoque,
3120 1681 3348 1737 reditum
3395 1695 3459 1736 ex

231 1754 443 1851 γύπτου
477 1781 685 1847 ἐξόδου,
716 1754 936 1835 καὶτῶν
969 1781 1025 1834 ὲν
1055 1754 1202 1852 μέσῳ
1226 1754 1545 1851 θαυμάτων,
1574 1782 1664 1834 καὶ
1688 1780 1794 1834 τῶν

1904 1765 2138 1839 Egypto
2167 1769 2425 1834 innuens,
2456 1778 2509 1823 et
2540 1770 2799 1823 miracula
2835 1779 2964 1823 tunc
3008 1754 3268 1838 temporis
3298 1769 3460 1832 edita,

234 1876 435 1946 ἑφεξῆς
457 1876 637 1938 αὐτοῖς
669 1874 928 1928 δοθέντων
954 1875 1079 1945 παρ’
1108 1873 1291 1927 αὑτοῦ·
1332 1873 1585 1944 ἀθέτησιν
1623 1872 1677 1926 δὲ
1709 1890 1803 1926 κυ-

239 1967 372 2039 ρίως
412 1966 565 2021 καλεῖ
594 1968 693 2036 τὴν
721 1966 899 2020 αὐτῶν
927 1967 1291 2030 ἀποστασίαν,
1328 1966 1419 2022 καὶ
1458 1966 1555 2038 τήν
1583 1966 1709 2038 περὶ
1734 1966 1803 2019 τά

238 2061 429 2114 εἴδωλα
449 2060 728 2132 πλάνησιν.

308 2155 569 2223 Σημαίνει
597 2155 695 2226 τὴν
733 2152 967 2224 παντελῆ
1014 2152 1193 2207 αὐτῶν
1228 2154 1520 2227 ἀκαρπίανο
1561 2154 1664 2217 ἓως
1705 2154 1804 2225 μὲν

228 2248 344 2318 γάρ
401 2247 626 2320 καρπῶν
681 2246 897 2316 ἀγαθῶν
947 2246 1298 2318 πεπλήρωται
1346 2245 1604 2318 ἀμπελὼν
1631 2284 1645 2309 ,
1711 2247 1802 2300 τὸν

232 2340 569 2413 φρουροῦντα
593 2341 684 2394 καὶ
709 2340 1039 2410 φυλάττοντα
1063 2340 1345 2411 κέκτηται,
1366 2340 1444 2405 ὃς,
1474 2339 1673 2411 σκηνὴν
1700 2357 1803 2411 πη-

231 2432 493 2503 ξάμενος,
533 2431 735 2487 ἀνωθεν
770 2432 862 2501 ἀφ’
892 2429 1096 2501 ὑψηλοῦ
1125 2431 1325 2501 ἀφορᾷ,
1361 2433 1454 2485 καὶ
1481 2434 1803 2503 περισκοπεῖ

230 2526 327 2579 καὶ
346 2523 600 2595 φυλάττει
615 2525 705 2577 τὸν
724 2524 1035 2595 ἀμπελῶνα·
1068 2523 1189 2579 εἰδὲ
1208 2524 1394 2578 τούτου
1412 2525 1619 2595 καρπὸς
1640 2525 1803 2594 ἀφαι-

233 2614 439 2686 ρεθείη,
470 2617 769 2688 τηνικαῦτα
794 2619 822 2671 6
849 2616 1053 2687 φύλαξ,
1079 2617 1155 2681 ὡς
1187 2618 1260 2688 μὴ
1293 2618 1371 2681 εἰς
1398 2616 1621 2687 μάταιον
1653 2617 1800 2687 κάμ-

228 2725 329 2771 νοι,
356 2710 456 2782 τὴν
486 2711 689 2782 σκηνὴν
718 2711 921 2782 ἔρημον
949 2709 1248 2776 ἀπολιπὼν,
1282 2712 1552 2782 ἀναχωρεῖ
1577 2711 1673 2780 τῆς
1702 2728 1803 2779 φυ-

231 2817 424 2869 ιακης.

310 2894 530 2964 Ἐπειδὴ
562 2893 671 2965 γάρ
691 2894 720 2946 6
751 2894 846 2966 μὲν
876 2894 1089 2966 Ἰσραὴλ
1122 2894 1282 2949 αὑτὸν
1312 2895 1412 2948 οὐκ
1446 2895 1583 2963 ἔγνω
1602 2933 1615 2956 ,
1652 2893 1742 2946 καὶ
1769 2894 1797 2945 6

224 2986 353 3051 λαὸς
402 2985 568 3039 αὐτὸν
606 2986 665 3038 ού
718 2985 946 3055 συνῆκε,
984 2986 1045 3039 τὸ
1085 2986 1142 3039 δὲ
1186 2985 1247 3050 ἐξ
1291 2985 1468 3038 αὐτῶν
1510 2984 1728 3054 σπέρμα
1771 2982 1799 3033 ό

224 3082 583 3145 ἀποστολικὸς
620 3082 776 3152 χορὸς
810 3082 1007 3151 συνῆκέ
1040 3100 1097 3134 τε
1140 3083 1301 3136 αὑτὸν
1332 3085 1426 3135 καὶ
1459 3080 1690 3151 ἐπέγνωο
1721 3081 1795 3133 εί·
1829 3098 1873 3157 c

230 3174 402 3239 κότως
432 3173 750 3245 ἀφορίζεται
785 3171 879 3225 τοῦ
908 3171 1163 3244 πλήθους⁸
1201 3172 1398 3227 ἄτοπον
1431 3171 1539 3242 γάρ
1565 3172 1624 3223 τὸ
1649 3171 1800 3240 νομί-

232 3264 343 3327 ζειν
377 3266 500 3327 τοὺς
535 3263 864 3325 ἀποστόλους
895 3262 1003 3314 τῶν
1031 3261 1242 3315 ἀσεϐῶν
1272 3262 1493 3332 σπέρμα
1517 3260 1799 3329 λέγεσθαι,

231 3357 360 3426 περὶ
402 3348 475 3407 ὧν
519 3355 774 3427 ἀνωτέρω
804 3353 975 3419 ἔλεγε⁸
1011 3371 1030 3403 ι
1060 3354 1133 3405 Τὸ
1172 3353 1388 3423 σπέρμα
1429 3354 1661 3424 πονηρὸν
1696 3353 1803 3404 υἱοὶ

228 3450 441 3516 ὐνομοι·
475 3464 492 3495 ι
528 3445 726 3516 πρέπει
766 3443 822 3496 δὲ
858 3442 965 3495 τῶν
1010 3443 1304 3515 προφητῶν
1352 3443 1571 3514 σπέρμα
1609 3443 1803 3502 αὐτοὺς

231 3534 372 3589 εἶναι
399 3536 668 3609 ήγεῖσθαι.

312 3632 387 3684 Οὐ
428 3631 672 3703 λουτροῖς
710 3634 820 3695 τοῖς
862 3629 1178 3700 καθαίρουσι
1216 3628 1311 3700 τὴν
1354 3627 1671 3697 ἐπιφάνειαν
1710 3626 1802 3680 τοῦ

236 3722 504 3793 σώματος·
532 3723 653 3776 οὐδὲ
676 3723 782 3795 γάρ
809 3721 965 3776 τοῦτο
988 3718 1311 3774 ὲδέϐλαπτο·
1346 3719 1480 3773 ἀλλά
1510 3736 1803 3789 πνευματι-

235 3819 351 3880 κοῖς
375 3816 688 3888 δυναμένοις
717 3815 973 3885 ἀφανίσαι
1003 3815 1099 3886 μὲν
1129 3813 1323 3883 γνόφον
1355 3811 1765 3884 ἁμαρτημάτων
1786 3851 1802 3876 ,

234 3909 476 3982 καθᾶραι
501 3909 557 3962 δὲ
583 3908 756 3980 ψυχῆς
795 3907 964 3963 κακὸν
1005 3906 1255 3970 συνειδός·
1296 3905 1592 3959 καὶταῦτα
1631 3910 1804 3960 ποιεῖν

234 4001 328 4070 ἀφ’
357 4000 582 4056 ἑαυτῶν.

295 4078 707 4154 ’Καταλιπόντες
746 4091 855 4164 γάρ
885 4093 975 4145 τὸν
1011 4091 1304 4163 εὐεργέτην
1339 4107 1398 4143 τε
1441 4092 1536 4144 καὶ
1567 4093 1801 4163 σωτῆρα,

232 4185 541 4257 ὲπήλπισαν
570 4189 680 4250 τοῖς
712 4185 937 4255 ἀψύχοις
971 4185 1066 4239 καὶ
1102 4183 1459 4255 ἀναισθήτοις
1500 4183 1579 4237 διὸ
1608 4184 1804 4254 γυμνοὶ

232 4275 415 4347 πάσης
442 4275 650 4346 ἀγαθῆς
672 4274 828 4345 δόξης
855 4274 1146 4345 ἐτύγχανον
1165 4316 1179 4339 ,
1214 4274 1369 4345 δίκην
1409 4274 1660 4328 στυπείου
1709 4292 1806 4329 κα-

229 4370 725 4443 τακαυθησόμενοι,
769 4370 862 4423 καὶ
895 4369 993 4422 ούκ
1025 4370 1174 4422 ἔσται
1216 4370 1244 4421 ὁ
1285 4368 1523 4423 σϐέσων·
1564 4369 1648 4432 τίς
1694 4368 1803 4442 γάρ

227 4463 509 4529 ἐξελέσθαι
531 4465 771 4528 δυνατὸς,
798 4463 889 4517 τοῦ
911 4462 1043 4516 Θεοῦ
1069 4462 1164 4533 τήν
1187 4464 1304 4515 κατ’
1331 4461 1508 4515 αὐτῶν
1532 4462 1802 4531 ἀπόφασιν

223 4554 601 4629 ἐξενηνοχότος
622 4573 635 4621 ;
660 4557 770 4627 Τὴν
801 4556 859 4609 ὲν
878 4559 944 4627 τῇ
972 4554 1312 4625 αἰχμαλωσίᾳ
1342 4554 1515 4606 τοίνυν
1543 4554 1802 4624 αἰσχύνην

226 4650 525 4707 αἰνίττεται
561 4652 589 4702 6
621 4649 796 4717 λόγος·
833 4649 1047 4701 πάντων
1084 4645 1321 4701 ἐκποδὼν
1353 4646 1661 4717 γενομένων
1694 4646 1803 4699 τῶν

230 4741 472 4816 ὲπιθυμη
483 4744 666 4813 μάτων
703 4741 900 4795 αὐτῶν
944 4739 1340 4811 ματαιωθείσης
1370 4740 1425 4793 δὲ
1461 4741 1552 4792 καὶ
1582 4740 1681 4811 τῆς
1716 4739 1804 4793 ἐλ-

234 4837 383 4901 πίδος
418 4836 596 4892 αὐτῶν
624 4838 720 4906 τῆς
753 4839 845 4891 ἐπὶ
863 4841 974 4901 τοῖς
1004 4835 1257 4898 εἰδώλοις.

304 4929 421 4983 Κᾶν
446 4928 624 4997 λόγος,
656 4927 758 4981 κᾶν
788 4928 972 4997 ὅρασις
1002 4926 1258 4995 λέγηται,
1286 4924 1437 4977 οὐδὲν
1467 4925 1672 4978 διοίσει·
1709 4924 1801 4979 καὶ

233 5021 343 5094 γὰρ
377 5025 436 5077 ὲν
468 5021 621 5092 ὅψεσί
649 5038 700 5075 τι
733 5020 1015 5090 φαίνεται·
1042 5018 1212 5080 οὕτως
1246 5019 1278 5088 ἡ
1305 5017 1501 5085 γνῶσις
1539 5016 1801 5071 διαϐαίνει

235 5116 315 5178 εἰς
336 5114 536 5187 ψυχήν,
569 5115 645 5167 ὅτ’
674 5112 739 5166 ἂν
783 5112 913 5176 Θεὸς
951 5110 1187 5183 δεικνύῃ,
1226 5110 1299 5174 ὡς
1338 5109 1633 5181 δεξαμένης
1663 5110 1802 5164 κατά

234 5206 474 5262 διάνοιαν
503 5210 625 5271 τοὺς
657 5206 859 5259 τούτων
891 5205 1101 5273 λόγουςο
1143 5204 1246 5258 κᾶν
1282 5204 1369 5258 διὰ
1406 5204 1577 5273 λόγων
1609 5203 1800 5276 ἀκούῃ,

234 5296 407 5361 οὕτως
436 5296 743 5369 βεὸαιοῦται
764 5297 861 5367 τὴν
881 5295 1116 5349 διάνοιαν
1135 5335 1149 5357 ,
1177 5296 1252 5359 ὡς
1277 5295 1483 5367 ἀθρόως
1513 5294 1804 5366 δεχομένης

236 5388 336 5457 τὴν
363 5389 579 5443 πάντων
611 5389 829 5457 γνῶσιν.
860 5421 925 5430 -
955 5387 1214 5441 Ἐνταῦοα
1231 5389 1292 5441 ού
1313 5387 1457 5457 λέγει
1481 5387 1638 5451 κατὰ,
1670 5386 1804 5440 αλλά

239 5482 385 5551 περὶ,
422 5481 655 5545 δεικνὺς,
701 5480 775 5544 ὡς
811 5482 926 5534 ἐκεῖ
961 5481 1057 5552 μὲν
1096 5479 1282 5550 ἐδήλου
1325 5479 1421 5553 τὴν
1464 5482 1581 5534 κατ’
1628 5478 1804 5534 αὐτῶν

236 5572 507 5646 ὲσθμένην
536 5574 629 5629 καὶ
657 5574 764 5627 τῶν
791 5574 970 5628 τόπων
1001 5573 1295 5645 ἐρήμωσιν.

1907 1858 1988 1912 vel
2020 1866 2206 1928 postea
2240 1856 2440 1914 Iudaeis
2466 1873 2748 1915 concessa.
2792 1859 3169 1930 Contemptum
3214 1860 3337 1930 jure
3367 1876 3465 1914 vo-

1905 1959 1992 2002 cat
2010 1948 2369 2004 del‘cctionem
2393 1951 2608 2004 illorum
2638 1960 2691 2006 et
2717 1952 2860 2006 circa
2890 1952 3178 2007 simulacra
3201 1967 3461 2008 errorem.

1898 2157 1907 2168 .
1976 2121 2140 2177 Vens.
2196 2123 2247 2177 8.
2288 2121 2566 2193 Signiﬁcat
2608 2139 2870 2177 summam
2920 2123 3227 2181 Iudaeorum
3266 2124 3465 2182 sterili-

1904 2226 2089 2273 tatem.
2132 2218 2311 2272 Donec
2340 2217 2486 2271 enim
2519 2217 2677 2273 bonis
2709 2217 2976 2274 fructibus
3013 2218 3269 2274 exuberat
3294 2219 3421 2275 vitis
3445 2261 3460 2285 ,

1906 2322 2005 2363 nec
2035 2323 2063 2360 a
2096 2308 2440 2380 vigilantibus
2493 2310 2841 2375 destituitur,
2892 2326 2992 2366 nec
3032 2327 3062 2365 a
3105 2311 3463 2367 custodienti.

1904 2399 2028 2464 bus,
2050 2402 2166 2470 qui,
2206 2400 2559 2456 tabernaculo
2589 2401 2905 2465 constituto,
2928 2400 3160 2472 desuper
3182 2418 3212 2458 e
3243 2402 3462 2458 sublimi

1904 2492 2287 2561 speculantur,
2337 2502 2390 2547 et
2438 2493 2915 2564 circumspiciunt,
2969 2501 3020 2549 et
3065 2493 3229 2548 vitem
3286 2503 3467 2549 custo-

1905 2583 2095 2650 diunt;
2131 2584 2397 2640 fructibus
2447 2594 2625 2640 autem
2659 2584 2918 2647 sublatis,
2967 2603 3034 2641 ne
3069 2586 3123 2641 in
3158 2601 3354 2641 vanum
3385 2587 3463 2641 la-

1902 2676 2055 2731 boret
2085 2685 2290 2741 custos,
2325 2676 2595 2731 desertum
2630 2678 2914 2748 dereliquit
2947 2678 3377 2744 tabernaculum,
3410 2688 3464 2734 ct

1901 2765 1967 2821 de
1995 2768 2227 2822 statione
2250 2768 2483 2823 decedit.

1976 2856 2140 2915 Vens.
2171 2860 2222 2914 9.
2259 2862 2392 2915 Cum
2421 2860 2586 2917 Israel
2618 2861 2787 2917 Deum
2808 2878 2914 2917 non
2933 2861 3264 2933 cognoverit,
3289 2877 3465 2931 neque

1901 2964 2025 3004 eum
2056 2952 2290 3022 populus
2327 2953 2671 3022 intellexerit,
2702 2955 2795 3011 sed
2833 2972 2898 3010 ex
2951 2955 3082 3024 ipsis
3105 2970 3312 3021 semen,
3335 2970 3465 3026 apo-

1906 3044 2131 3101 stolicus
2162 3047 2385 3111 chorus,
2423 3064 2544 3103 eum
2591 3057 2644 3103 ct
2677 3053 2987 3122 cognoverit
3023 3060 3078 3107 et
3117 3053 3460 3117 intellexerit,

1907 3135 2104 3191 merito
2137 3152 2165 3190 a
2190 3138 2345 3207 plebe
2380 3137 2748 3209 distinguitur.
2801 3140 2985 3212 Inepte
3023 3144 3221 3216 quippe
3252 3146 3464 3203 diceres

1904 3227 2184 3296 apostolos
2213 3242 2398 3282 semen
2430 3227 2599 3284 fuisse
2636 3230 2950 3300 impiorum,
2979 3234 3045 3289 de
3070 3237 3270 3306 quibus
3301 3240 3465 3296 modo

1904 3315 2109 3370 dictum
2140 3314 2328 3386 (Vens.
2354 3317 2410 3387 4)
2441 3336 2453 3370 :
2488 3337 2507 3370 ι
2558 3316 2750 3375 Semen
2776 3337 3003 3391 nequam
3031 3324 3121 3378 lilii
3155 3328 3400 3385 seelesti-
3439 3350 3458 3383 ι

1906 3407 2083 3475 aptius
2112 3423 2206 3463 eos
2237 3421 2419 3463 semen
2458 3409 2840 3479 prophetarum
2885 3415 3181 3469 vocaveris.

1975 3584 2139 3641 Vens.
2180 3585 2265 3642 16.
2308 3584 2424 3641 Non
2481 3588 2549 3643 iis
2603 3588 2942 3661 (lavamini)
2987 3591 3300 3656 lotionibus,
3345 3609 3467 3663 qua:

1904 3677 2148 3747 corporis
2182 3685 2359 3732 cutem
2395 3677 2710 3747 emundant,
2749 3695 2857 3734 non
2886 3681 3029 3735 enim
3060 3680 3186 3736 huic
3236 3685 3466 3739 munda-

1903 3773 2052 3828 tione
2076 3788 2243 3844 opus;
2268 3773 2362 3828 sed
2389 3775 2783 3845 spiritualibus,
2808 3792 2926 3847 qua:
2946 3789 3293 3848 peccatorum
3333 3780 3467 3835 cali-

1906 3866 2083 3935 ginem
2120 3866 2336 3921 auferre
2365 3865 2600 3937 possint,
2626 3874 2680 3922 et
2709 3870 2903 3924 sordes
2933 3869 3099 3924 animi
3128 3870 3384 3939 abluere;
3414 3880 3467 3927 et

1906 3957 2045 4010 mala
2074 3973 2303 4027 quaeque
2329 3958 2519 4027 procul
2547 3958 2833 4028 depellere.

1977 4049 2143 4104 Vens.
2190 4048 2279 4103 29.
2326 4047 2461 4103 Nam
2513 4051 2771 4106 derelicto
2809 4051 3152 4109 benefactore
3190 4063 3242 4109 et
3280 4054 3467 4109 Salva-

1905 4152 2043 4207 tore,
2077 4143 2235 4199 idolis
2268 4143 2459 4199 conﬁsi
2511 4151 2639 4199 sunt
2683 4145 2860 4199 anima
2905 4154 2958 4201 et
3004 4155 3183 4201 mente
3233 4147 3467 4202 carenti-

1907 4241 2007 4294 bus
2031 4258 2044 4305 ;
2088 4238 2290 4293 idcirco
2307 4240 2454 4293 omni
2480 4238 2618 4293 bona
2640 4239 2782 4292 fama
2811 4238 3074 4304 destituti,
3103 4240 3180 4294 vel
3199 4249 3255 4295 ut
3271 4247 3466 4311 stuppa
3526 4252 3535 4262 '

1906 4329 2522 4401 comburentur(Vnns.
2561 4332 2669 4403 5|)
2708 4350 2725 4383 t
2762 4340 2816 4385 et
2866 4348 2971 4387 non
3006 4331 3108 4387 erit
3138 4334 3233 4404 qui
3259 4333 3468 4389 exstin-

1834 4436 1877 4492 υ
1906 4433 2053 4493 gnat.
2103 4442 2121 4476 ι
2174 4421 2309 4488 Quis
2344 4422 2486 4478 enim
2520 4432 2701 4494 posset
2729 4438 2823 4477 eos
2856 4424 3095 4493 eripere,
3150 4421 3260 4478 Deo
3307 4424 3465 4477 ineu-

1905 4515 2101 4571 sante?
2132 4514 2310 4570 lnnuit
2334 4515 2498 4587 igitur
2527 4530 2706 4571 sermo
2737 4515 3116 4571 confusionem
3150 4517 3203 4571 iu
3234 4516 3464 4587 captivi-

1904 4613 2014 4658 tate
2073 4604 2349 4670 l‘uturam,
2402 4620 2525 4659 cum
2585 4606 2725 4661 bono
2772 4622 2988 4677 quoque
3044 4604 3214 4662 Judzei
3266 4608 3465 4667 fuerint

1903 4698 2092 4762 exuti,
2138 4706 2191 4751 et
2235 4714 2330 4769 spe
2390 4699 2641 4770 depulsi,
2699 4716 2859 4770 quam
2913 4701 2967 4755 in
3031 4698 3191 4756 idolis
3230 4701 3467 4759 colloca-

1905 4800 2111 4846 verant.

1974 4886 2102 4942 Car.
2132 4885 2198 4951 ll,
2225 4885 2391 4943 Vens.
2427 4887 2478 4943 l.
2520 4884 2626 4942 Seu
2653 4886 2875 4943 verbum
2893 4931 2908 4954 ,
2939 4901 3035 4943 seu
3063 4885 3199 4943 visio
3223 4886 3461 4953 dicatur,

1905 4981 2038 5035 nihil
2089 4981 2351 5046 interest;
2394 4996 2518 5034 nam
2567 4987 2620 5036 et
2658 4981 2957 5037 visionibus
2990 4981 3191 5051 aliquid
3226 4981 3461 5044 auditur.

1910 5073 2138 5140 Quando
2178 5071 2321 5128 Deus
2360 5071 2490 5145 quid
2538 5073 2712 5128 oculis
2740 5073 2990 5143 subiicit,
3028 5075 3341 5146 cognitione
3380 5075 3462 5128 in-

1912 5167 2142 5221 struitur
2173 5166 2408 5229 animus,
2444 5165 2587 5220 haud
2612 5181 2771 5222 secus
2813 5181 2876 5221 ac
2916 5166 2964 5221 si
2988 5173 3166 5221 mente
3190 5166 3461 5221 visionum

1908 5272 2212 5312 sermonem
2241 5260 2578 5328 perciperet;
2604 5270 2658 5314 et
2686 5258 2872 5313 audito
2892 5259 3056 5315 verbo
3080 5297 3096 5324 ,
3145 5258 3219 5312 ita
3258 5258 3455 5311 illumi-

1906 5357 2070 5403 natur
2113 5364 2304 5417 mens,
2352 5350 2506 5419 quasi
2556 5364 2663 5403 uno
2706 5349 2901 5404 intuitu
2935 5361 3255 5404 cunctorum
3288 5348 3467 5403 scien-

1909 5444 2041 5498 tiam
2073 5442 2544 5512 complecteretur.
2576 5471 2645 5481 -—
2673 5440 2770 5496 Hic
2793 5441 2908 5511 jam
2936 5456 3045 5496 non
3075 5448 3262 5496 contra
3291 5441 3465 5511 loqui-

1908 5547 2015 5598 tur.
2050 5539 2144 5594 sed
2176 5538 2243 5593 de
2273 5536 2651 5607 (Jerusalem),
2703 5537 2949 5594 indicans
2979 5553 3037 5594 se
3068 5538 3220 5608 prius
3243 5537 3464 5594 calamis

1913 5638 2055 5685 tates
2077 5630 2485 5687 denuntiavisse
2518 5636 2710 5691 contra
2745 5645 2838 5687 cos
2873 5630 3083 5688 futuras
3131 5638 3185 5688 et
3220 5630 3465 5691 locorum

1912 5721 2287 5781 vastationem.
2862 5724 2885 5735 ‘
