3984 6212
1715 277 2061 339 THEODORI
2098 270 2614 331 HERACLEENSIS

601 410 766 467 Vens.
790 413 845 467 5.
871 409 1055 480 Ipsum
1089 404 1389 465 Salvatoﬁs
1442 401 1615 457 nostri
1662 412 1964 456 sermonem
2011 395 2089 448 le-

2262 387 2443 456 Νόμον
2469 384 2527 438 δὲ
2553 385 2706 438 καλεῖ
2735 384 2830 437 καὶ
2859 382 3012 452 λόγον
3044 381 3140 436 τοῦ
3170 382 3425 450 mw;
3450 373 3628 480 ηιιῖνν·
3664 388 3766 480 ,καί

529 519 649 575 gem
684 501 936 559 vocavit:
971 498 1169 570 quippe
1222 497 1313 567 qui
1364 495 1432 550 de
1477 494 1778 548 Jerusalem
1810 488 2086 561 profectus

526 603 774 653 errantes
802 601 994 664 gentes
1045 593 1259 663 arguit,
1304 607 1412 645 non
1440 591 1695 660 judicans
1740 589 1967 654 dociles,
1992 589 2089 643 sed

527 702 754 744 munera
781 687 1018 756 largiens
1049 684 1472 754 agnoscentibus
1499 697 1639 737 eum.

597 777 767 833 Vsns.
805 777 891 831 18.
938 776 1201 829 Malorum
1249 789 1413 829 causa
1468 773 1759 842 (idolorum
1804 771 2086 843 eversio):

528 881 660 925 tunc
700 869 1005 939 intelligent
1061 884 1119 923 se
1170 867 1375 922 frustra
1431 864 1598 919 Deum
1637 864 1986 928 deseruisse,
2035 871 2089 919 et

527 962 820 1019 inservisse
868 962 1207 1027 simulacris;
1259 976 1382 1015 nam
1413 967 1711 1029 agnoscent
1756 957 2092 1028 vespertilio-

528 1068 625 1108 nes
677 1054 780 1109 sibi
822 1054 1002 1124 potius
1057 1055 1311 1109 colendas
1365 1052 1533 1107 fuisse
1573 1066 1737 1105 sensu
1792 1050 2086 1120 praeditas,

527 1159 688 1215 quam
723 1146 988 1216 imagines
1012 1161 1197 1200 eorum
1216 1161 1379 1200 sensu
1402 1150 1668 1198 carentes.
1694 1140 1865 1205 Tunc,
1891 1141 2086 1211 inquit,

529 1238 830 1295 imminenti
860 1240 1090 1310 judicio,
1131 1255 1237 1294 non
1265 1246 1478 1294 astante
1504 1238 1597 1307 qui
1631 1237 1921 1301 liberaret,
1976 1252 2090 1290 me-

529 1332 634 1386 rito
663 1348 723 1389 se
755 1333 807 1386 in
859 1343 1039 1403 petras
1070 1331 1429 1394 abscondent,
1462 1329 1529 1386 de
1562 1330 1784 1400 quibus,
1816 1331 1910 1394 ait,
1946 1329 2088 1384 idola

531 1423 635 1479 sibi
662 1422 1075 1478 fabricaveram.
1103 1422 1218 1478 Non
1243 1422 1496 1493 poteritis
1530 1421 1697 1483 enim,
1724 1420 1929 1489 adjicit,
1953 1420 2087 1475 iram

528 1514 624 1570 Dei
651 1515 705 1569 in
735 1530 831 1571 vos
861 1523 1188 1569 commotam
1211 1512 1460 1575 sufferre,
1494 1512 1590 1568 sed
1621 1511 2090 1567 demonstrabitur

529 1606 791 1679 fragilitas
823 1613 1025 1673 vestra,
1060 1606 1151 1662 Dei
1182 1621 1309 1662 vero
1335 1606 1592 1678 maiestas
1613 1605 1912 1676 apparebit.
1980 1608 1983 1609 ⁷

595 1868 723 1924 ΟΜ».
756 1868 845 1939 IV,
881 1870 1050 1929 Vsns.
1078 1873 1131 1927 4.
1172 1873 1381 1939 Quibus
1407 1873 1584 1929 verbis
1617 1874 1871 1930 salutaris
1904 1882 2090 1930 noster

530 1963 831 2033 baptismus
865 1964 1206 2035 signiﬁcatur
1224 1947 1247 2031 ,’
1273 1982 1368 2035 per
1396 1982 1557 2037 quem
1584 1967 1883 2038 praesertim
1911 1968 2089 2023 denuo

529 2054 714 2109 mundi
742 2057 1159 2126 conspiciemur.

596 2144 724 2199 Car.
756 2144 818 2211 V,
864 2145 1030 2202 Vsns.
1065 2149 1116 2203 Ι.
1158 2146 1332 2205 Voces
1368 2149 1483 2205 ista:
1520 2168 1539 2201 ‹
1576 2152 1631 2206 in
1660 2166 1852 2216 cornu,
1878 2151 1930 2206 in
1970 2153 2089 2208 loco

528 2230 734 2310 pingui,
766 2258 787 2293 ι
814 2240 1071 2296 selectum
1110 2240 1279 2297 fuisse
1319 2242 1495 2298 locum
1550 2244 1863 2310 declarant,
1894 2244 2090 2302 distin-

527 2340 801 2403 ctumque.
844 2332 1019 2388 Vitem
1072 2324 1310 2404 sepsisse
1355 2334 1508 2400 dicit,
1546 2346 1600 2391 et
1662 2338 1979 2404 vallavisse,
2037 2346 2089 2394 et

528 2423 891 2493 plantavisse,
947 2432 1002 2479 et
1040 2425 1396 2482 aediﬁcavisse
1444 2428 1677 2493 turrim,
1721 2437 1780 2483 ut
1829 2438 2092 2485 memoret

527 2517 715 2585 quanti
762 2515 979 2573 Iudaeos
1030 2515 1252 2586 fecerit,
1288 2528 1493 2589 quanta
1545 2520 1866 2575 custodierit
1914 2536 2087 2586 cura,

526 2616 731 2677 quanto
757 2609 939 2665 studio
980 2626 1077 2681 per
1115 2610 1413 2681 pr0pbetas
1445 2612 1714 2669 docuerit.
1751 2613 1829 2667 lta
1858 2614 2092 2671 excultis

527 2713 635 2751 non
667 2699 836 2769 spina:
861 2700 1098 2755 ferendae
1124 2711 1299 2767 erant,
1344 2702 1440 2757 sed
1472 2702 1774 2773 condignus
1806 2702 2016 2759 fructus
2036 2710 2092 2757 et

527 2790 805 2848 laboribus
830 2794 1177 2849 conveniens.
1215 2795 1401 2849 Talem
1431 2803 1613 2850 autem
1643 2795 1881 2850 fructum
1915 2796 1983 2850 ab
2009 2796 2090 2852 eis

531 2895 634 2934 non
665 2879 836 2939 fuisse
859 2883 1063 2938 editum
1094 2892 1324 2939 testatur
1368 2886 1538 2956 spinae
1574 2901 1775 2940 corona
1822 2885 2091 2943 Salvatori

530 2973 783 3043 imposita
806 3013 822 3041 ,
858 2975 1027 3045 ﬁgura
1065 2976 1345 3046 spinarum
1382 2978 1438 3030 in
1485 2977 1682 3035 animis
1713 2978 2017 3034 latentium.

592 3173 720 3230 Car.
755 3174 944 3240 XXIII.
977 3175 1142 3233 Vens.
1183 3178 1269 3234 l7.
1326 3177 1574 3250 (Tyrum)
1603 3180 1736 3235 dicit
1769 3196 1799 3234 a
1826 3180 1936 3237 Deo
1967 3190 2090 3253 post

529 3275 776 3339 acceptas
823 3283 1015 3339 poenas
1054 3269 1380 3325 visitandam
1414 3287 1537 3328 esse
1562 3312 1578 3339 ,
1629 3280 1683 3327 et
1714 3273 1770 3327 in
1811 3275 2088 3345 antiquam

528 3359 725 3415 famam
765 3362 1179 3430 restituendam,
1207 3374 1265 3418 ut
1298 3363 1407 3421 Deo
1437 3365 1631 3435 opibus
1686 3367 1969 3431 inserviat,
1995 3382 2090 3437 per

528 3456 948 3527 negotiationem
992 3458 1311 3528 requisitis:
1350 3474 1470 3530 quae
1495 3457 1795 3515 Jerusalem
1842 3462 2091 3517 habitan-

528 3546 673 3603 tibus
718 3548 1000 3618 perutilia,
1058 3556 1116 3602 ut
1147 3550 1203 3604 in
1238 3548 1537 3620 Scripturis
1572 3553 1746 3608 sacris
1772 3592 1787 3617 ,
1830 3565 2089 3625 regnante

529 3639 749 3706 Hiram,
789 3640 1084 3711 contigisse
1116 3651 1371 3696 narratur
1402 3644 1439 3696 ¹.

593 3731 724 3788 Car.
760 3731 1133 3797 XXVI,Vsns.
1170 3734 1222 3789 9.
1263 3735 1487 3791 Animas
1514 3736 1587 3791 ita
1615 3736 1909 3807 dispositas
1950 3739 2089 3795 dicit

528 3839 686 3880 mane
722 3841 1049 3899 consurgere
1084 3826 1152 3881 ad
1184 3828 1522 3884 exhibendas
1558 3829 1626 3886 de
1680 3834 1965 3901 prazteritis
1998 3850 2087 3890 re-

528 3915 629 3971 bus
672 3916 877 3987 gratias
906 3934 920 3970 :
955 3931 1130 3987 neque
1160 3917 1306 3973 enim
1336 3934 1464 3983 nox,
1499 3918 1704 3974 homini
1744 3921 1810 3975 ad
1837 3936 2090 3977 recrean-

527 4010 656 4065 dum
689 4025 889 4082 corpus
913 4011 1060 4077 data,
1092 4011 1427 4070 dormientes
1478 4014 1701 4070 reﬁcere
1743 4024 1948 4086 posset,
1979 4015 2086 4072 nisi

528 4099 719 4157 fuisset
748 4102 851 4156 hoc
879 4116 909 4155 a
939 4100 1048 4156 Deo
1075 4103 1461 4169 constitutum;
1486 4104 1686 4172 optime
1713 4104 1877 4174 igitur
1900 4113 1952 4159 et
1974 4120 2089 4158 ma-

528 4190 762 4245 tutinum
822 4200 1037 4261 tempus
1095 4199 1325 4263 occupat
1376 4194 1500 4249 tatis
1556 4194 1766 4259 anima,
1812 4202 1867 4248 ut
1925 4203 1976 4250 et
2022 4195 2088 4250 de

528 4284 816 4355 praeteritis
858 4285 1023 4340 rebus
1071 4286 1274 4356 gratias
1325 4285 1565 4352 referat,
1600 4295 1654 4342 et
1693 4286 1758 4341 ad
1796 4287 1936 4342 diem
1972 4287 2088 4357 jam

527 4378 861 4433 exorientem
913 4394 1069 4449 opem
1128 4378 1353 4450 flagitet.
1394 4378 1685 4450 Praeceptis
1730 4378 1821 4435 Dei
1854 4390 2085 4436 mentem

528 4470 741 4541 piorum
800 4471 1116 4537 illuminari,
1181 4469 1556 4540 manifestum;
1628 4487 1754 4526 nam
1821 4478 1879 4526 ut
1935 4474 2078 4528 omni
2114 4467 2158 4522 D

526 4562 694 4619 verbo
720 4562 814 4618 Dei
845 4564 1007 4618 alitur
1045 4564 1225 4619 anima
1247 4566 1291 4632 ',
1318 4565 1392 4619 ita
1419 4576 1473 4621 et
1498 4566 1646 4620 omni
1669 4573 1936 4637 prmcepto
1964 4566 2087 4622 illu-

529 4660 732 4711 stratur
759 4662 813 4711 et
842 4655 1199 4712 illuminatur.

595 4916 763 4975 Vens.
802 4919 886 4975 10.
921 4919 1112 4976 Studio
1143 4921 1308 4995 igitur
1326 4924 1521 4995 cuique
1563 4926 1634 4982 sit
1658 4934 1713 4983 et
1738 4944 1902 4998 curm,
1924 4932 2087 5001 justi-

528 5010 659 5065 tiam
691 5010 921 5069 discere.
952 5012 1073 5069 Non
1101 5015 1245 5071 enim
1285 5016 1498 5087 justitia
1519 5058 1534 5084 ,
1582 5021 1737 5092 quasi
1771 5030 1959 5080 nostra
1988 5041 2087 5080 na-

528 5113 648 5158 tura
675 5103 980 5172 inhaereret,
1002 5106 1076 5162 ita
1093 5108 1252 5164 nobis
1270 5110 1428 5166 insita
1455 5119 1560 5179 est,
1585 5121 1644 5168 ut
1671 5130 1788 5170 eam
1819 5118 1902 5172 vel
1930 5117 2084 5175 incuo
2163 5124 2167 5133 '

597 5260 613 5291 ⁸
634 5254 699 5310 Ill
726 5257 854 5331 Reg.
890 5275 968 5330 xl,
1005 5261 1063 5317 ﬂ
1095 5278 1220 5335 sqq.
1292 5265 1525 5326 'Matth.
1557 5282 1632 5334 tv,
1663 5269 1718 5328 4.

603 5415 682 5488 (2)
722 5418 1039 5493 Sequuntur
1074 5422 1321 5493 ingentes
1354 5423 1409 5479 in
1446 5422 1769 5484 Heracleota
1797 5437 1985 5486 nostro
2012 5431 2091 5486 la-

529 5502 682 5565 cuna;
708 5497 826 5565 tum
846 5490 907 5565 in_
927 5490 1030 5547 boc
1060 5490 1171 5547 tum
1204 5493 1259 5549 in
1284 5497 1482 5560 altero,
1510 5512 1669 5565 quem
1701 5501 1975 5565 consului,
1997 5516 2090 5557 ca-

529 5564 668 5642 terra:
709 5559 775 5614 ad
807 5561 1009 5642 Isaia-in.
1038 5576 1149 5642 ms.
1162 5559 1489 5642 exemplari.
1522 5559 1589 5623 Et
1630 5570 1850 5639 quidem
1881 5559 1980 5642 par
2004 5581 2090 5627 est

531 5632 817 5701 utriusque
839 5632 1043 5688 codicis
1073 5634 1233 5701 ratio,
1263 5632 1417 5691 ita'ut
1442 5638 1580 5694 alter
1598 5632 1665 5693 ei
1695 5642 1868 5696 altero
1885 5632 2089 5697 exscri-

530 5705 656 5773 ptus
684 5698 948 5755 videatur.
970 5700 1082 5757 Cur
1109 5698 1286 5760 autem
1314 5713 1461 5762 tanta
1486 5710 1750 5767 omissio?
1796 5710 2083 5768 Heracleo-

2191 490 2300 555 γὰρ
2348 480 2456 534 ἀπὸ
2491 474 2845 549 Ἰερουσαλὴμ
2880 476 3081 544 φανεὶς,
3129 470 3323 542 ἤλεγξε
3374 470 3468 539 μὲν
3520 468 3591 522 τά
3631 468 3764 540 se“;

2191 572 2546 643 πλανώμεναο
2602 570 2663 623 οὐ
2721 565 3063 637 κατακρίνων
3115 562 3586 634 ὁμολογήσαντας,

2189 666 2566 736 ἐπεγνωκότας
2585 660 2903 734 εὐεργετῶν.

2257 781 2339 834 Τά
2369 779 2477 833 τῶν
2520 776 2705 832 κακῶν
2741 776 2910 830 αῐτια·
2950 776 3029 838 είς
3067 770 3412 841 συναίσθησιν
3448 769 3761 840 ἐρχόμενοι,

2188 874 2265 927 ὅτι
2299 873 2387 940 δὴ,
2421 873 2595 942 μάτην
2632 869 3015 930 καταλιπόντες
3056 866 3141 919 τὸν
3187 863 3352 927 Θεὸν,
3385 863 3557 923 αὐτοῖς
3583 877 3765 932 προσ-

2189 964 2431 1019 εκύνουν*
2466 962 2871 1031 ἀναλογίσονται
2902 959 3010 1031 γάρ
3033 999 3047 1022 ,
3065 959 3145 1010 ὅτι
3172 956 3234 1027 δὴ
3254 953 3455 1026 μᾶλλον
3481 954 3765 1023 νυκτερίσι

2191 1054 2555 1127 προσεκύνουν
2580 1056 2697 1117 ταῖς
2719 1055 2775 1106 ἐν
2798 1051 3006 1114 τούτοις
3036 1046 3481 1120 ἐμφωλευούσαις
3510 1044 3765 1114 αἴσθησιν

2190 1146 2552 1218 κεκτημέναις
2587 1145 2619 1216 ἢ
2653 1147 2764 1208 τοῖς
2792 1142 2995 1196 τούτων
3029 1139 3389 1209 καταγωγίοις
3413 1135 3765 1204 ἀναισθήτοις

2188 1236 2327 1292 οὖσι.
2365 1240 2475 1309 Τῆς
2503 1236 2689 1307 δίκης,
2719 1234 2903 1306 φησὶν,
2929 1234 3071 1304 ὑμᾶς
3109 1229 3541 1298 καταλαϐούσης,
3576 1228 3675 1280 καὶ
3698 1226 3768 1297 μὴ

2190 1332 2341 1395 ὄντος
2362 1329 2453 1383 τοῦ
2480 1327 2863 1399 βοηθήσαντος,
2889 1325 3174 1380 ἀκόλουθον
3201 1326 3279 1387 είς
3302 1323 3403 1386 τάς
3426 1323 3641 1393 άτρας
3675 1337 3767 1373 κα·

2189 1419 2613 1494 τακρύπτεσθαι·
2649 1418 2709 1484 ἐξ
2746 1412 2929 1490 ὧνπερ
2950 1459 2964 1481 ,
2992 1417 3142 1489 φησὶ,
3178 1416 3270 1470 καὶ
3298 1415 3367 1468 τά
3401 1413 3596 1467 εῇυλα
3640 1413 3766 1465 ἐλα-

2193 1514 2435 1580 ξεύσατε·
2461 1513 2581 1566 οὐδέ
2607 1510 2714 1582 γάρ
2741 1508 2960 1577 ἐνέγκαι
2989 1506 3300 1578 δυνήσεσθε,
3325 1504 3482 1573 φησὶ,
3513 1504 3614 1573 τὴν
3644 1501 3767 1556 καθ’

2190 1606 2342 1677 ὑμῶν
2373 1604 2682 1675 κινηθεῖσαν
2714 1600 2865 1672 παρὰ
2893 1599 2985 1653 τοῦ
3018 1597 3153 1651 Θεοῦ
3179 1597 3368 1668 ὀργήν⁸
3410 1594 3550 1648 ἀλλά
3576 1595 3638 1648 τὸ
3668 1594 3766 1665 μὲν

2193 1697 2455 1769 ὑμέτερον
2482 1692 2705 1756 ἀσθενὲς
2725 1688 3205 1763 ὁμολογηθήσεται·
3237 1689 3479 1757 φανεῖται
3518 1686 3577 1739 δὲ
3599 1688 3633 1756 ἡ
3671 1702 3765 1756 με·

2186 1789 2463 1859 γαλειότης
2493 1786 2585 1841 τοῦ
2614 1784 2748 1839 Θεοῦ

2261 1882 2335 1934 Τὸ
2364 1879 2484 1934 καθ’
2514 1879 2661 1950 ἡμᾶς
2693 1878 2961 1948 σωτήριον
2998 1874 3280 1947 βάπτισμα
3323 1872 3649 1943 σημαίνεται
3673 1871 3760 1924 διὰ

2187 1971 2419 2025 τούτων·
2445 1962 2515 2025 δι”
2542 1962 2603 2022 οὗ
2632 1969 2867 2041 μάλιστα
2899 1965 3129 2037 καθαροὶ
3160 1964 3217 2031 ἐξ
3254 1965 3506 2035 ὑπαρχῆς
3551 1962 3760 2016 ἀνώι-

2188 2061 2432 2133 κνύμεθα

2256 2177 2330 2230 Τὸ
2370 2176 2448 2243 δέ,
2492 2195 2510 2227 ι
2535 2176 2593 2229 ἐν
2622 2176 2835 2248 κέρατι,
2866 2176 2923 2227 ἐν
2949 2174 3099 2244 τόπῳ
3138 2172 3303 2238 πίονι,
3341 2190 3360 2223 ι
3389 2170 3449 2223 τὸ
3476 2168 3760 2240 ἐξαίρετον

2190 2267 2283 2320 καὶ
2327 2265 2730 2338 κεχωρισμένον
2775 2263 2869 2317 τοῦ
2914 2265 3079 2317 τόπου
3106 2262 3274 2333 δηλοῖ.
3298 2260 3552 2333 Φραγμδν
3577 2259 3637 2312 δέ
3670 2259 3763 2314 καὶ

2193 2356 2439 2427 χάρακας
2465 2356 2558 2409 καὶ
2584 2354 2833 2425 φύτευμα
2855 2354 2947 2407 καὶ
2961 2352 3248 2424 οἰκοδομὴν
3274 2352 3422 2418 λέγει
3449 2352 3555 2420 τήν
3582 2367 3641 2402 τε
3667 2347 3759 2402 τοῦ

2190 2448 2376 2516 γένους
2428 2446 2775 2517 περιποίησιν
2807 2447 2901 2499 καὶ
2940 2445 3038 2517 τὴν
3085 2443 3251 2498 αὐτοῦ
3289 2444 3535 2516 φρουρὰν
3558 2443 3652 2496 καὶ
3677 2442 3761 2495 διὰ

2196 2538 2487 2609 προφητῶν
2523 2537 2859 2608 ἐπιμέλειαν,
2894 2538 2960 2591 δι’
2992 2531 3067 2590 ὧν
3105 2536 3321 2589 πάντων
3355 2534 3759 2605 γεωργούμενοι

2192 2628 2291 2681 οὐκ
2314 2628 2554 2693 ἀκάνθας
2590 2629 2772 2701 φέρειν
2810 2629 3089 2699 ἠδύναντο,
3135 2628 3271 2681 ἀλλά
3301 2629 3395 2681 τὸν
3421 2628 3644 2693 ἐπάξιον
3671 2629 3761 2681 καὶ

2198 2722 2547 2794 προσήκοντα
2580 2721 2690 2774 τῶν
2724 2721 2902 2775 πόνων
2944 2722 3173 2793 καρπόν.
3206 2721 3327 2775 Ὀτι
3357 2720 3414 2773 δὲ
3437 2722 3496 2773 οὐ
3517 2718 3763 2782 τοιοῦτος

2194 2813 2223 2865 ὁ
2247 2814 2527 2885 κομισθεὶς
2551 2815 2678 2888 παρ’
2714 2814 2894 2868 αὐτῶν
2923 2814 3157 2885 καρπὸς.
3184 2816 3451 2884 μαρτυρεῖ
3478 2814 3507 2864 ό
3645 2813 3761 2864 Σω-

2193 2904 2320 2975 τῆρι
2357 2905 2514 2976 ἡμῶν
2564 2906 2832 2970 ἐπιτεθεὶς
2878 2906 3164 2969 ἀκάνθινος
3207 2904 3493 2975 στέφανος,
3526 2905 3761 2972 ἐγκαλύ-

2192 3012 2339 3050 πτων
2384 2996 2476 3050 τὸν
2502 2997 2680 3068 ἀφανῆ
2723 3001 2780 3052 ὲν
2828 2996 3029 3068 ψυχαῖς
3082 2996 3366 3066 άκανθὼδη
3410 2994 3591 3050 αὐτῶν
3638 2996 3761 3067 τρό-

2115 3103 2156 3160 c
2194 3105 2291 3142 πον
2330 3088 2427 3161 (ε).

2272 3201 2385 3273 Τὴν
2446 3203 2732 3274 ἐπίσκεψιν
2785 3203 2877 3257 τοῦ
2919 3204 3055 3259 Θεοῦ
3101 3207 3193 3278 τὴν
3246 3202 3377 3275 μετά
3404 3203 3502 3274 τὴν
3535 3203 3761 3273 πληγὴν

2196 3295 2493 3367 γενομένην
2519 3295 2687 3365 λέγει,
2720 3296 2795 3361 ὡς
2823 3300 2901 3362 είς
2921 3299 3018 3370 τὴν
3046 3298 3275 3369 ἀρχαίαν
3308 3295 3565 3366 ἐπανήξει
3592 3292 3759 3360 δόξαν

2194 3386 2576 3458 δωροφοροῦσα
2622 3387 2698 3458 τῷ
2732 3388 2851 3459 Θεῷ
2899 3389 2963 3442 ἐκ
2994 3388 3085 3441 τοῦ
3128 3388 3583 3458 ἐπιδ-’ἀναγομένου
3616 3388 3752 3459 αὐτῇ

2197 3477 2397 3547 σπόρου
2423 3478 2488 3531 ἐκ
2532 3479 2631 3549 τῆς
2669 3480 2959 3551 ἐμπορίας,
2983 3479 3017 3533 ἀ
3049 3479 3199 3533 ἔσται
3228 3483 3338 3544 τοῖς
3362 3481 3419 3531 ἐν
3451 3482 3522 3551 τῇ
3567 3478 3759 3550 Ἰερου-

2196 3570 2378 3642 σαλὴμ
2436 3570 2747 3625 κατοικοῦσι
2798 3571 3091 3643 πρόσοδος·
3135 3571 3323 3643 ὥσπερ
3366 3567 3459 3626 οὖν
3520 3572 3616 3625 καὶ
3673 3573 3760 3625 ἐπὶ

2193 3659 2287 3714 τοῦ
2315 3661 2529 3733 Χειράμ
2552 3661 2831 3735 ἱστόρηται
2866 3661 3017 3734 παρὰ
3044 3663 3143 3732 τῆς
3174 3663 3324 3727 θείας
3365 3663 3609 3733 Γραφῆς.

2281 3752 2594 3806 Ἀκόλουθον
2622 3753 2720 3817 τὰς
2744 3752 2885 3807 οὕτω
2929 3753 3277 3825 διακειμένας
3301 3753 3483 3824 ψυχὰς
3517 3752 3759 3806 σπεύδειν

2194 3843 2251 3895 ἐν
2274 3844 2386 3906 τοῖς
2435 3842 2647 3915 δρθροις
2688 3843 2992 3898 ἀποδιδόναι
3034 3846 3130 3909 τὰς
3160 3846 3510 3917 εὐχαριστίας
3532 3844 3623 3897 ἐπὶ
3654 3844 3759 3898 τῶν

2195 3934 2674 4007 παρεληλυθότων·
2714 3937 2834 3990 οὐδὲ
2863 3937 2970 4009 γὰρ
3002 3937 3100 4002 νὺξ
3127 3940 3160 4008 ἠ
3197 3939 3279 4001 είς
3308 3937 3623 3992 ἀνάπαυλαν
3656 3937 3759 3990 τῶν

2195 4024 2461 4096 σωμάτων
2502 4025 2714 4079 δοθεῖσα
2748 4026 3057 4082 ἀναπαῦσαι
3094 4027 3376 4099 δυνήσεται
3404 4028 3492 4080 τὸν
3534 4027 3592 4077 ἐν
3620 4026 3757 4096 αὐτῇ

2196 4116 2560 4183 ὑπνώττοντα,
2620 4120 2667 4173 εἰ
2719 4122 2791 4192 μή
2843 4119 2945 4173 πού
2988 4137 3051 4188 γε
3104 4119 3315 4173 ἐκείνου
3356 4117 3596 4188 σύνθημα
3641 4117 3755 4189 εἴη.

2206 4210 2542 4279 Ἀναγκαίως
2591 4206 2683 4265 οὖν
2711 4213 2745 4282 ἡ
2785 4212 3005 4284 τοιαύτη
3065 4211 3211 4284 ψυχὴ
3242 4213 3469 4273 καὶτοὺς
3521 4209 3757 4281 ὄρθρους

2194 4301 2583 4372 προλαμϐάνει,
2611 4302 2695 4356 ἵνα
2713 4302 2805 4356 καὶ
2837 4304 3089 4376 περὶτῶν
3126 4302 3565 4375 παρεληλυθότων
3594 4301 3758 4371 εὔχα-

2199 4394 2449 4467 ριστήσῃ,
2483 4394 2577 4447 καὶ
2607 4396 2734 4465 περὶ
2763 4394 2860 4466 τῆς
2896 4395 3195 4466 μελλούσης
3220 4396 3384 4449 αὐτὸν
3419 4392 3756 4458 διαδέξασθαι

2194 4484 2405 4555 ἡμέρας
2425 4486 2799 4558 παρακαλέσῃ.
2837 4487 2973 4540 Ὑπὸ
3003 4487 3058 4541 δὲ
3077 4486 3184 4541 τῶν
3201 4486 3639 4560 προσταγμάτων
3663 4484 3755 4539 τοῦ

2188 4576 2322 4629 Θεοῦ
2352 4574 2680 4646 φωτίζεσθαι
2713 4577 2811 4649 τὴν
2847 4578 3084 4633 διάνοιαν
3110 4579 3216 4633 τῶν
3249 4578 3484 4632 εὐσεϐῶν
3513 4576 3751 4651 εὔδηλοψ

2189 4665 2377 4737 ὥσπερ
2402 4666 2507 4740 γάρ
2536 4668 2592 4720 ἐν
2633 4669 2796 4722 παντὶ
2836 4671 3039 4740 ῥήματι
3069 4669 3203 4723 Θεοῦ
3241 4669 3557 4740 τρέφεταιὴ
3588 4667 3753 4739 ψυχὴ,

2187 4756 2362 4822 οὕτως
2386 4760 2479 4812 καὶ
2518 4760 2576 4811 ἐν
2624 4760 2785 4815 παντὶ
2813 4761 3194 4833 προστάγματι
3235 4761 3640 4829 καταυγάζεται
3669 4761 3759 4813 καὶ

2188 4849 2496 4917 φωτίζεται.

2261 4943 2471 5015 Σπουδὴ
2495 4943 2671 4998 τοίνυν
2700 4944 2947 4999 ἑκάστων
2976 4946 3091 4998 ἐστὶ
3121 4945 3213 4999 καὶ
3245 4944 3439 5017 μελέτη
3471 4944 3532 4999 τδ
3561 4944 3737 5000 δικαιο

2193 5033 2358 5104 σύνην
2416 5034 2606 5106 μαθεῖν
2632 5052 2645 5066 ·
2698 5036 2819 5090 οὐδὲ
2877 5036 2984 5109 γὰρ
3018 5036 3093 5100 ὡς
3119 5035 3179 5088 ’ἐν
3200 5053 3254 5089 τι
3286 5035 3394 5090 τῶν
3420 5037 3479 5089 ἐν
3508 5038 3577 5106 τῇ
3606 5035 3757 5105 φύσει

2190 5124 2459 5194 κειμένων
2522 5126 2615 5180 καὶ
2653 5126 2810 5181 τοῦτο
2856 5128 2985 5199 ἡμῖν
3024 5128 3396 5198 συμπέφυκεν,
3437 5126 3531 5181 (va
3574 5127 3759 5198 ἀμελε-

2199 5442 2309 5488 tam
2354 5433 2579 5505 quidem
2628 5434 2900 5505 integrum
2956 5436 3405 5505 commentarium
3458 5432 3754 5491 confecisse

2197 5519 2307 5558 non
2336 5503 2562 5569 dubito;
2592 5504 2687 5559 sed
2709 5503 2915 5561 catenas
2936 5514 3125 5560 auctor
3144 5504 3332 5561 codice
3352 5506 3541 5574 aliquo
3568 5520 3754 5560 maneo

2196 5574 2433 5630 fortasse
2489 5576 2779 5640 utebatur;
2834 5591 3009 5645 neque
3057 5576 3203 5631 enim
3256 5584 3337 5631 tot
3380 5574 3759 5633 commentarii

2196 5654 2381 5715 partes
2410 5652 2604 5717 sponte
2641 5647 3054 5717 praetermisisse
3090 5646 3332 5702 videtur.
