3984 6212
227 313 377 370 1513

1702 311 1763 367 IN
1806 309 2058 370 lSAlAM.

3315 309 3450 364 13H

220 429 415 500 τήτως
469 425 598 481 αὐτὸ
630 426 861 497 ἔχωμεν,
901 426 1087 498 ῶσπερ
1132 422 1222 481 οῦν
1251 428 1311 480 τὸ
1343 427 1556 499 βλέπειν
1585 429 1619 500 ἢ
1649 428 1796 499 βαδί-

1903 428 2033 483 riosi
2064 442 2485 499 consequamur,
2509 423 2962 496 quemadmodum
2992 422 3451 478 oculisintuemur

224 517 352 583 ζειν
374 536 387 549 ·
416 518 530 572 ἀλλ’
548 518 759 589 ἑκάστῳ
783 520 941 590 χρεία
969 519 1218 590 σπουδῆς,
1254 519 1389 590 πρὸς
1416 519 1477 573 τὸ
1495 520 1793 591 ἀποστῆσαι

225 610 334 681 μὲν
357 610 453 682 τὴν
485 610 721 665 διάνοιαν
742 611 972 675 ἀδικίας,
996 612 1319 683 προσλαϐεῖν
1344 613 1399 667 δὲ
1431 614 1791 685 δικαιοσύνηνο

226 701 347 756 ἰδοὺ
378 703 486 775 γὰρ
512 703 561 756 οἱ
588 704 645 756 ἐν
670 703 894 774 ἀσεϐείᾳ
922 703 1184 773 ζήσαντες
1222 703 1464 759 ἐκποδὼν
1489 707 1791 776 γεγόνασιν·

222 794 483 867 οὐδὲγὰρ
520 791 629 848 οἷόν
657 796 716 848 τέ
755 797 900 848 ἐστιν
927 795 1181 865 ἀληθείας
1231 801 1466 871 ἐργάτην
1511 799 1795 870 εὑρεθῆναι

224 886 325 938 τὸν
369 888 444 959 μὴ
472 886 815 957 δικαιοσύνην
840 885 1227 958 μελετήσαντα.
1262 922 1330 930 —
1368 890 1795 961 Ἐκλαμϐάνεται

223 977 409 1031 ταῦτα
436 978 530 1030 καὶ
552 978 632 1040 εἰς
658 976 747 1030 τὸν
777 976 1040 1042 διάϐολον,
1086 979 1179 1032 καὶ
1211 982 1290 1045 εἰς
1321 982 1445 1045 τοὺς
1478 982 1796 1054 ἀγνώμονας

238 1067 561 1133 Ἰουδαίους,
620 1068 715 1133 ὼς,
769 1070 975 1123 πολλῶν
1029 1072 1351 1144 εὐεργεσιῶν
1392 1074 1662 1144 τυχόντες,
1718 1072 1796 1126 ἔτι

224 1158 499 1229 ἐπέμενον
541 1158 601 1211 τὸ
632 1159 784 1229 ὄμμα
813 1161 910 1231 τῆς
952 1161 1189 1226 διανοίας
1225 1163 1640 1234 κεκαμμυκότες
1663 1181 1675 1193 ·
1701 1164 1795 1216 τοῦ

224 1249 346 1321 γὰρ
392 1251 595 1321 Κυρίου
630 1252 783 1321 ἡμῶν
826 1254 996 1325 Ἰησοῦ
1046 1255 1279 1325 Χριστοῦ
1340 1255 1793 1327 ἐπιδημήσαντος,

226 1340 330 1391 καὶ
387 1339 493 1392 τῶν
540 1338 708 1394 έθνῶν
741 1343 1162 1405 πιστευσάντων,
1206 1337 1348 1397 οῦτοι
1383 1344 1444 1397 οὐ
1477 1345 1634 1415 μόνον
1671 1345 1797 1415 περὶ

222 1429 322 1481 τὸν
351 1428 645 1499 εὐεργέτην
688 1429 995 1502 ἀγνώμονες
1027 1433 1333 1501 γεγόνασιν,
1372 1432 1504 1486 ἀλλά
1539 1433 1634 1486 καὶ
1655 1432 1798 1504 ζήλῳ

226 1535 372 1589 πονη
383 1518 459 1589 ρῷ
472 1520 833 1591 ἐκκαιόμενοι,
853 1522 1201 1593 περίκαυστοι
1222 1523 1471 1593 γενέσθαι
1489 1523 1795 1594 ἠϐούλοντο,

226 1607 341 1677 ήπε
350 1625 385 1679 ρ
407 1610 538 1679 όρᾷν
566 1609 637 1662 τά
663 1609 786 1680 έθνη
814 1610 1111 1682 σωζόμενα.

316 1698 581 1752 Ἐνταῦθα
631 1699 727 1771 τὴν
780 1702 1129 1756 ἀνταπόδοσιν
1163 1703 1331 1772 λέγει,
1369 1705 1466 1775 τὴν
1485 1707 1606 1758 κατ’
1643 1705 1799 1772 ἀξίαν

1896 532 1989 575 aut
2042 521 2271 592 pedibus
2320 519 2656 585 incedimus;
2702 503 2798 573 sed
2852 514 3037 570 studio
3066 514 3262 583 cuique
3314 529 3453 586 opus

1894 618 1980 666 est
2003 652 2018 676 ,
2061 621 2120 666 ut
2167 609 2448 680 iniustitia:
2487 621 2708 663 sensum
2740 604 2892 675 prius
2919 610 3099 666 exuat,
3134 612 3188 656 et
3215 600 3340 656 dein
3368 602 3454 655 in-

1895 700 2030 755 duat
2056 701 2348 771 justitiam.
2391 701 2527 756 Ecce
2561 708 2743 755 autem
2773 696 2939 753 ablati
2971 703 3099 752 sunt
3125 696 3309 766 impii;
3342 711 3452 751 non

1896 793 2041 848 enim
2098 799 2271 862 potest
2310 792 2445 857 fieri,
2476 801 2535 845 ut
2593 791 2869 846 veritatem
2909 788 3112 854 faciat,
3149 788 3243 858 qui
3291 788 3455 857 justi-

1896 884 2024 937 tiam
2053 898 2160 937 non
2185 882 2456 937 didicerit.
2489 881 2818 937 Referuntur
2858 881 2973 936 hac
3005 895 3219 951 quoque
3250 880 3305 933 in
3334 878 3454 932 dia-

1895 972 2098 1036 bolum,
2133 978 2188 1026 et
2218 970 2272 1025 in
2311 972 2553 1042 ingratOs
2600 969 2835 1036 Iudaeos,
2865 971 2957 1041 qui
2992 971 3119 1025 licet
3152 968 3451 1024 innumeris

1897 1062 2099 1118 fuerint
2127 1063 2405 1118 beneficiis
2432 1063 2598 1126 aucti,
2627 1078 2850 1118 aversos
2880 1070 3063 1117 tamen
3091 1061 3289 1116 mentis
3316 1075 3447 1115 ocu-

1895 1154 1977 1209 los
2027 1153 2387 1222 reﬂexerunt;
2438 1170 2565 1209 nam
2622 1154 2941 1210 adveniente
2992 1153 3219 1209 Domino
3263 1160 3452 1208 nostro

1895 1245 2025 1302 Jesu
2053 1246 2291 1312 Christo,
2324 1248 2575 1319 gentibus
2604 1248 2671 1303 ad
2703 1248 2861 1302 fidem
2891 1249 3190 1311 conversis,
3223 1247 3315 1302 isti
3344 1262 3453 1302 non

1896 1339 2058 1394 modo
2082 1342 2324 1410 ingratos
2355 1355 2412 1395 se
2442 1340 2787 1411 praebuerunt
2833 1339 2890 1393 in
2938 1338 3267 1393 Salvatorem
3292 1378 3309 1405 ,
3356 1338 3451 1393 sed

1897 1446 2064 1503 pravo
2086 1432 2201 1486 zelo
2222 1430 2510 1502 flagrantes
2538 1432 2639 1501 ipsi
2674 1431 2923 1486 comburi
2954 1430 3262 1485 maluerunt
3290 1442 3452 1499 quam

1900 1531 2088 1594 gentes
2119 1524 2436 1593 conspicere
2466 1523 2640 1577 salute
2662 1523 2910 1577 donatas.

1974 1701 2137 1757 Vens.
2193 1701 2280 1755 12.
2338 1700 2436 1754 Hic
2496 1698 2665 1753 Deum
2722 1698 3025 1755 reddidisse
3068 1698 3226 1764 dicit,
3265 1711 3453 1768 pmnas

225 1787 346 1841 τῶν
408 1791 819 1863 ἁμαρτημάτων
845 1794 1173 1866 ἐπαχθεῖσαν
1209 1796 1364 1867 δίκην
1385 1814 1399 1826 ·
1424 1772 1661 1851 *ἐκείνων
1691 1798 1797 1870 γάρ

1903 1793 2111 1850 scilicet
2136 1792 2356 1847 meritas
2380 1805 2476 1861 pro
2506 1790 2781 1860 peccatis;
2812 1805 2935 1844 cum
2965 1788 3108 1845 enim
3141 1790 3321 1844 omnia
3342 1803 3455 1843 no—

228 1882 478 1947 πάντων,
533 1886 714 1955 φησὶν,
768 1888 897 1959 ἡμῖν
950 1888 1175 1950 δικαίως
1208 1888 1671 1943 ἀνταποδοθέντων
1706 1880 1799 1943 καλ¹

227 1970 428 2042 ῶσπερ
461 1973 618 2043 χρέος
648 1974 997 2039 έκτισάντων,
1028 1975 1223 2038 ἀπόδος
1248 1977 1381 2045 ἡμῖν
1413 1975 1504 2027 τὸν
1536 1975 1798 2045 μονογενῆ

228 2064 370 2117 Υίόν
424 2081 515 2116 σου
535 2081 548 2093 ο
584 2064 703 2118 οὐδὲ
730 2065 838 2138 γὰρ
894 2066 1050 2130 ἄλλος
1072 2067 1155 2131 τίς
1179 2069 1325 2121 ἐστιν
1360 2065 1499 2138 ἴαμα
1530 2064 1684 2137 ἡμῶν
1710 2066 1741 2142 ἢ
1771 2068 1800 2120 6

233 2157 535 2225 μονογενής
560 2172 653 2208 σου
678 2156 805 2219 mg
829 2158 1270 2229 παραγενόμενος
1318 2159 1411 2212 ἐπὶ
1436 2159 1559 2230 γῆς.

306 2248 433 2301 Ὅτι
495 2248 592 2318 μὲν
624 2251 656 2321 ὴ
703 2250 916 2304 πάντων
951 2251 1234 2305 δεσποτεία
1273 2253 1515 2323 προσῆκε
1556 2253 1634 2325 τῷ
1660 2252 1794 2324 Θεῷ,

229 2337 405 2392 παντὶ
446 2336 621 2408 δῆλον,
677 2340 770 2392 καὶ
804 2340 902 2392 οὐκ
932 2340 996 2394 ἀν
1025 2358 1109 2404 τις
1137 2341 1484 2412 ὑπονοήσειεν
1523 2343 1677 2405 ἐκτὸς
1704 2343 1801 2413 τῆς

229 2431 552 2495 δεσποτείας
575 2430 668 2484 τοῦ
686 2431 820 2485 Θεοῦ
848 2428 983 2487 εἶναι
1003 2450 1144 2487 τινα.
1168 2434 1241 2488 Τὸ
1255 2430 1367 2500 οὖν,
1398 2433 1609 2505 κτῆσαι
1631 2435 1797 2506 ἡμᾶς,

229 2520 467 2574 ἐνταῦθα
519 2519 788 2588 λέλεκται,
821 2522 900 2575 ὃτι
936 2522 1022 2576 διά
1055 2524 1155 2595 τῆς
1183 2523 1276 2578 τοῦ
1324 2525 1639 2596 μονογενοῦς
1671 2524 1800 2579 Υίοῦ

231 2627 333 2665 σου
392 2613 693 2684 παρουσίας
738 2612 1151 2687 λυτρωσάμενος
1192 2618 1367 2688 ἡμᾶς,
1418 2617 1658 2688 ᾠκείωσε
1709 2619 1801 2673 καὶ

230 2704 592 2776 περιεποίησε
623 2704 993 2777 νεκρωθέντας
1023 2711 1142 2771 ταῖς
1174 2709 1483 2781 ἁμαρτίαις.

304 2795 372 2848 Οἱ
418 2793 528 2867 γάρ
563 2797 952 2868 νενεκρωμένοι
1005 2802 1123 2863 ταῖς
1171 2800 1465 2871 ἁμαρτίαις
1494 2801 1553 2853 οὒ
1594 2801 1800 2871 μήποτε

233 2888 525 2944 θεάσονταί
576 2905 633 2943 σε
655 2905 669 2919 ⁸
696 2889 904 2961 νεκρῶν
943 2889 1052 2962 γάρ
1112 2891 1281 2944 ὄντων
1324 2890 1431 2944 τῶν
1464 2890 1604 2943 κατά
1642 2889 1801 2960 φύσιν

232 2979 548 3052 γενομένων
604 2979 833 3052 νεκρῶν,
890 2982 985 3036 καὶ
1029 2980 1236 3053 νεκρῶν
1267 2980 1372 3034 τῶν
1417 2980 1801 3051 νεκρωσάντων

1899 1887 1984 1942 bis
2009 1926 2023 1949 ,
2059 1886 2264 1955 inquit,
2318 1883 2441 1953 jure
2471 1882 2790 1947 reddidisti,
2839 1889 2892 1936 et
2921 1885 3076 1951 quasi
3100 1881 3340 1936 debitum
3369 1895 3456 1936 re-

1898 1974 2130 2039 misisti,
2189 1972 2256 2026 da
2307 1974 2467 2028 nobis
2496 1973 2835 2044 unigenitum
2866 1970 3063 2026 Filium
3119 1980 3307 2038 tttum;
3347 1985 3454 2025 non

1898 2067 2042 2123 enim
2069 2073 2154 2122 est
2181 2066 2321 2121 alius
2364 2065 2523 2121 nobis
2571 2065 2756 2133 saluti,
2786 2065 2893 2121 nisi
2923 2063 3238 2136 unigenitus
3284 2060 3457 2118 Filius

1901 2169 2026 2216 tuus
2053 2161 2107 2215 in
2142 2169 2340 2215 terram
2376 2156 2651 2228 delapsus.

1968 2253 2134 2309 Vsus.
2170 2254 2257 2308 l3.
2287 2249 2479 2307 Omnia
2535 2247 2590 2304 in
2638 2247 2890 2303 manibus
2926 2245 3018 2301 Dei
3050 2260 3205 2309 esse,
3259 2257 3456 2313 cuique

1899 2345 2283 2415 perspicuum,
2317 2355 2419 2397 nec
2455 2338 2822 2409 suspicaberis
2874 2350 3199 2407 quemquam
3248 2349 3312 2390 ex
3361 2332 3455 2387 Dei

1900 2435 2127 2507 imperio
2157 2448 2265 2488 non
2317 2432 2570 2502 pendere.
2622 2429 2720 2484 llic
2764 2429 2928 2499 igitur
2963 2443 3024 2483 ea
3053 2427 3119 2483 de
3150 2440 3315 2482 causa
3357 2439 3458 2480 nos

1900 2525 2163 2597 possidere
2190 2523 2409 2587 dicitur,
2447 2519 2591 2591 quod
2620 2518 2880 2589 unigeniti
2929 2516 3052 2572 Filii
3076 2516 3195 2586 ejus
3223 2515 3458 2571 adventu

1901 2617 2236 2688 puriﬁcatos,
2260 2621 2316 2672 et
2352 2615 2418 2671 de
2449 2620 2624 2668 morte
2655 2618 3003 2682 peccatorum
3046 2607 3324 2673 liberatos,
3353 2607 3459 2663 sibi

1901 2708 2235 2779 comparavit
2264 2714 2319 2762 et
2346 2705 2606 2760 devinxit.

1970 2799 2134 2853 Vens.
2172 2798 2258 2852 M.
2300 2794 2586 2865 Nunquam
2637 2792 2777 2848 enim
2835 2792 3094 2846 videbunt
3141 2799 3195 2846 te
3236 2796 3460 2862 peccato

1900 2889 2134 2955 mortui;
2167 2902 2291 2941 nam
2320 2884 2521 2940 mortui
2554 2890 2704 2948 sunt,
2735 2881 2935 2952 quibus
2981 2895 3182 2951 corpus
3215 2878 3457 2944 interiit;

1899 2979 2101 3036 mortui
2125 2987 2254 3035 sunt
2280 2985 2333 3032 et
2366 2976 2457 3031 alii
2491 2975 2585 3046 qui
2616 2975 2855 3030 membra
2875 2988 2973 3029 sua
2996 2970 3191 3029 mediis
3218 2970 3274 3025 in
3298 2969 3453 3025 volu-

233 3071 304 3124 τὰ
331 3068 544 3122 ἑαυτῶν
575 3058 710 3141 μέλη
731 3071 787 3124 ὲν
813 3073 932 3134 ταῖς
965 3071 1203 3141 ἡδοναῖς,
1241 3072 1333 3124 καὶ
1362 3070 1432 3124 τά
1484 3068 1629 3125 κακὰ
1680 3070 1799 3125 δια-

1903 3072 2144 3144 ριοιίὺιε
2174 3075 2449 3132 coercent,
2484 3074 2540 3122 et
2565 3065 2789 3122 affectus
2820 3079 3017 3135 pravos
3050 3062 3215 3118 animi
3238 3061 3459 3133 impios-

234 3164 486 3233 νοήματα
528 3162 596 3216 τά
619 3162 762 3217 κατά
794 3163 923 3216 Θεὸν
953 3163 1363 3235 νεκρωσάντων.
1406 3163 1671 3217 Ἐνταῦθα
1695 3161 1802 3216 τῶν

236 3256 499 3311 ἐναντίων
547 3257 838 3326 μέμνηται,
898 3256 1007 3308 τῶν
1046 3255 1454 3309 ἀποϐαλλόντων
1481 3256 1576 3326 μὲν
1627 3256 1804 3308 πᾶσαν

238 3348 479 3417 ζωτικῆς
518 3348 931 3418 δικαιοπραγίας
973 3346 1138 3418 ζωήν,
1162 3348 1550 3419 νεκρωσάντων
1579 3348 1635 3400 δὲ
1677 3349 1804 3401 ἑαυ-

237 3444 367 3503 τοὺς
383 3439 460 3509 τῷ
483 3439 599 3509 Θεῷ
619 3438 723 3491 ὑπὸ
751 3437 844 3490 τοῦ
875 3438 1110 3508 πλήθους
1133 3439 1241 3491 τῶν
1275 3437 1557 3509 ἁμαρτιῶν
1590 3439 1685 3492 καὶ
1705 3456 1804 3492 κα-

239 3530 549 3603 κοπραγίας
572 3528 1014 3599 ἀποϐεϐληκότας
1034 3529 1132 3601 τὴν
1160 3529 1417 3594 ζωοποιὸν
1440 3530 1801 3601 δικαιοσύνην·

240 3623 324 3676 διὸ
362 3623 455 3675 καὶ
489 3622 819 3692 φειδόμενος,
852 3624 879 3674 6
913 3621 1064 3686 Θεὸς,
1100 3623 1192 3677 καὶ
1218 3622 1512 3694 ἀγαθότητι
1553 3624 1805 3695 κινούμε-

240 3733 352 3782 νος,
373 3714 632 3784 ἑνέκοψας
656 3713 1044 3785 ἁμαρτάνουσι.

313 3807 596 3877 Σημαίνει,
647 3807 728 3859 ὃτι
773 3805 1082 3876 φειδόμενος
1122 3808 1149 3859 6
1174 3805 1305 3870 Θεὸς
1332 3805 1426 3860 τοῦ
1447 3806 1680 3877 Χριστοῦ
1709 3808 1807 3877 τῆς

242 3898 390 3969 ζωῆς
417 3898 595 3952 αὐτῶν
646 3897 965 3967 ὑπετέμετο,
1020 3897 1106 3951 ἵνα
1154 3899 1228 3969 μὴ
1271 3898 1349 3962 εἰς
1383 3898 1571 3971 χρόνον
1601 3898 1806 3971 μακρὸν

242 3986 653 4060 παραμένοντες
688 3985 1257 4057 συμπαρεκτείνωνται
1286 3990 1352 4059 τῇ
1383 3987 1570 4060 κακίᾳ,
1600 3989 1693 4041 καὶ
1719 3987 1809 4041 αῦ-

243 4081 409 4147 ξωσιν
441 4080 618 4135 αὐτῶν
642 4080 740 4152 τὴν
766 4080 1026 4151 πονηρίαν
1046 4097 1059 4110 ·
1087 4079 1173 4133 διὰ
1209 4080 1317 4152 γὰρ
1346 4080 1653 4151 ἀγαθότητα
1678 4082 1808 4146 Θεὸς

242 4177 336 4230 καὶ
376 4176 601 4247 χρόνους
645 4175 815 4246 ὁρίζει
860 4176 939 4237 εἰς
978 4169 1245 4246 τιμωρίαν
1275 4192 1288 4204 ⁸
1332 4176 1489 4230 τοῦτο
1537 4177 1634 4247 μὲν
1669 4176 1809 4248 μετά

244 4265 440 4318 ἑκατὸν
466 4265 666 4317 εἴκοσιν
724 4263 838 4335 ἐτη,
895 4264 1081 4335 ὥσπερ
1143 4259 1234 4318 οῦν
1276 4266 1369 4318 καί⁵
1403 4267 1496 4319 ἐπὶ
1528 4266 1619 4320 τοῦ
1643 4285 1811 4323 κατα-

244 4356 513 4428 κλυσμοῦ,
564 4355 719 4410 τοῦτο
765 4356 821 4409 δὲ
857 4357 1136 4428 ἑξήκοντα.
1183 4358 1292 4410 Καὶ
1324 4358 1392 4412 δι’
1418 4359 1580 4413 αὑτοῦ
1621 4358 1807 4414 τούτου

1903 3180 2008 3236 que
2042 3168 2415 3232 compescunt.
2453 3159 2552 3215 Hic
2605 3169 2792 3214 contra
2839 3159 2907 3213 de
2946 3157 3056 3212 illis
3096 3155 3275 3227 agitur
3298 3193 3314 3220 ,
3367 3154 3459 3224 qui

1904 3270 2094 3314 omnes
2123 3258 2391 3309 exuerunt
2425 3250 2607 3305 vitalis
2662 3248 2889 3318 justitiae
2928 3261 3143 3309 mores,
3199 3245 3293 3316 qui
3356 3243 3461 3298 Deo

1904 3349 2103 3404 mortui
2131 3355 2276 3409 sunt,
2324 3349 2546 3414 propter
2590 3337 2989 3393 multitudinem
3033 3342 3378 3405 peccatorum
3407 3341 3461 3388 et

1905 3439 2300 3511 nequitiarum,
2342 3434 2489 3488 vitali
2524 3430 2736 3503 justitia
2774 3426 2992 3498 spoliati
3028 3422 3269 3480 :idcirco
3298 3423 3461 3477 mise-

1905 3530 2141 3588 ricordia
2171 3528 2337 3593 Deus,
2367 3534 2419 3580 et
2444 3522 2776 3594 benignitate
2809 3522 3076 3580 movetur,
3098 3511 3313 3583 quando
3337 3524 3461 3581 pec-

1905 3621 2181 3677 catoribus
2211 3618 2409 3673 obstat.

1975 3804 2140 3859 Vsus.
2176 3802 2261 3856 14.
2302 3797 2510 3854 indicat
2531 3790 2736 3849 Christi
2772 3789 2915 3844 Deus
2940 3803 2998 3843 se
3031 3798 3127 3856 per
3154 3780 3460 3852 benignita-

1906 3905 2014 3952 tem
2048 3896 2210 3951 vitam
2246 3905 2431 3947 eorum
2477 3885 2796 3947 rescidisse,
2828 3896 2894 3934 ne
2925 3877 3129 3932 diutius
3170 3874 3458 3936 durantes,

1906 3988 2111 4043 malitia
2157 4000 2254 4041 sua
2303 3989 2526 4037 caeteros
2569 3975 2840 4035 ittficiant,
2915 3980 3175 4036 suamque
3232 3970 3460 4034 augeant

1907 4078 2231 4149 nequitiam;
2264 4087 2386 4127 nam
2412 4085 2506 4141 pcr
2538 4064 2923 4136 benignitatem
2960 4057 3103 4111 Deus
3131 4062 3185 4110 et
3215 4062 3459 4149 tempora

1908 4141 2094 4228 definit
2126 4169 2180 4222 in
2215 4178 2425 4237 patrnam
2467 4179 2479 4214 :
2542 4172 2688 4213 nunc
2742 4158 2865 4225 post
2916 4159 3132 4205 centum
3165 4152 3218 4202 et
3270 4141 3460 4237 viginti

1910 4277 2081 4318 annos
2113 4269 2165 4313 ut
2199 4232 2531 4325 temporibus
2559 4246 2744 4303 diluvii
2772 4244 2830 4309 ⁸;
2866 4254 3009 4295 nunc
3042 4244 3165 4309 post
3184 4232 3463 4303 sexaginta

1911 4356 2024 4426 (aut
2058 4351 2236 4422 potius
2253 4343 2588 4416 septuaginta
2606 4339 2627 4371 ⁵
2644 4338 2683 4409 ).
2702 4335 2787 4391 Fit
2808 4335 2989 4396 etiam,
3018 4327 3205 4386 eodem
3231 4331 3465 4381 testante

242 4450 336 4503 τοῦ
364 4422 641 4521 προφήτου
672 4449 767 4501 καὶ
798 4449 902 4520 πρὸ
925 4422 1022 4519 τῆς
1046 4448 1377 4520 προθεσμίας
1404 4451 1597 4519 ἐπάγει
1615 4452 1713 4522 τὴν
1740 4450 1802 4504 δί-

1914 4422 2173 4518 propheta
2202 4481 2218 4506 ,
2291 4447 2350 4493 ut
2411 4436 2493 4490 vel
2564 4438 2690 4487 ante
2745 4436 2957 4496 tempus
3022 4436 3212 4493 poenas
3259 4422 3466 4520 repetat

242 4557 369 4611 κην,
398 4539 680 4607 ἐγκόπτων
715 4538 891 4592 αὐτῶν
938 4541 1049 4601 τοῖς
1078 4539 1457 4610 ἁμαρτήμασι,
1494 4540 1588 4594 καὶ
1621 4539 1808 4594 παύων

244 4630 445 4694 αὐτοὺς
472 4630 569 4701 τῆς
599 4628 981 4702 παρανομίας,⁶
1005 4631 1349 4702 ἀμετανόητα
1384 4629 1670 4696 νοσοῦντας
1687 4648 1701 4661 ⁸
1729 4630 1809 4685 διό

247 4742 411 4797 φησιν
469 4726 498 4778 6
554 4722 915 4793 πεντηκοστὸς
940 4722 1199 4794 τέταρτος
1240 4722 1451 4794 ψαλμός
1475 4739 1487 4753 ·
1526 4740 1545 4774 ι
1585 4721 1807 4794 Ἄνδρες

248 4818 495 4889 αἱμάτων
518 4814 612 4868 καὶ
642 4814 944 4886 δολιὸτητος
984 4814 1042 4866 οὺ
1072 4813 1146 4883 μὴ
1176 4812 1512 4883 ἡμισεῦσωσι
1543 4814 1641 4877 τὰς
1672 4814 1809 4885 ήμέ-

252 4926 382 4979 ραςο
429 4928 447 4961 ο
492 4908 585 4961 καὶ
631 4906 821 4960 πάλιν·
866 4924 883 4957 t
914 4903 1005 4975 Μὴ
1046 4903 1326 4977 ἀναγάγῃς
1373 4922 1441 4976 με
1508 4905 1566 4959 ὲν
1626 4906 1811 4971 ἡμίσει

250 4999 494 5071 ἡμερῶν.
532 5018 551 5051 ι

332 5087 600 5143 Ἐνταῦθα
662 5085 808 5141 κακά
836 5085 983 5155 λέγει
1034 5085 1155 5156 οὐχὶ
1186 5084 1255 5139 τά
1294 5087 1352 5139 ἐν
1382 5085 1611 5159 πράξεσι
1646 5088 1811 5155 κακὰ,

250 5181 388 5236 ἀλλά
439 5180 509 5233 τὰ
562 5179 843 5234 κακωτικά
863 5195 876 5209 ο
916 5177 1058 5232 οὕτω
1086 5177 1195 5249 γὰρ
1236 5180 1329 5232 καὶ
1354 5181 1429 5234 ὅτ’
1457 5178 1522 5234 ἀν
1552 5179 1810 5253 ἀκούσης,

258 5288 276 5320 ι
299 5268 359 5319 '0
373 5264 570 5330 κτίζων
597 5265 761 5331 κακὰ,
790 5285 808 5318 ι
836 5264 1165 5336 ὲκλάμϐανε.
1193 5265 1302 5338 Τὴν
1320 5267 1500 5320 τοίνυν
1529 5267 1814 5339 ὑπερηφα-

251 5356 370 5410 νίαν
425 5354 532 5407 τῶν
583 5353 888 5425 λεγομένων
945 5352 1168 5419 ἐνδόξων
1205 5354 1291 5407 διὰ
1346 5353 1451 5407 τῶν
1492 5355 1813 5411 κακωτικῶν

252 5444 740 5518 καθαιρεθήσεσθαι
789 5446 1061 5517 σημαίνει.

1917 4506 2076 4601 Deus,
2108 4533 2323 4589 modum
2351 4527 2588 4598 peccatis
2611 4537 2799 4579 eorum
2838 4525 3102 4579 statuens,
3132 4525 3318 4567 eorum
3361 4506 3468 4561 ini-

1912 4599 2143 4699 quitates
2182 4621 2430 4676 inhibens
2461 4615 2672 4671 insania
2705 4609 3087 4666 laborantium.
3122 4602 3243 4699 Ideo
3274 4599 3467 4699 legitur

1914 4692 1967 4776 in
2006 4719 2215 4790 psalmo
2244 4731 2353 4781 Liv,
2382 4711 2452 4765 24
2483 4727 2554 4767 :u
2598 4705 2712 4761 Viri
2747 4704 3071 4775 sanguinum
3118 4704 3170 4752 et
3207 4692 3468 4790 dolosita-

1913 4781 2137 4875 tim-non
2170 4805 2530 4863 dimidiabunt
2564 4800 2678 4855 dies
2719 4810 2883 4860 suos;
2924 4812 2942 4844 ›
2976 4798 3029 4847 et
3063 4788 3296 4843 iterum:
3336 4803 3356 4835 ι
3390 4781 3468 4837 Ne

1917 4917 2139 4959 revoces
2164 4916 2248 4955 me
2281 4899 2335 4953 in
2363 4893 2588 4951 dimidio
2615 4891 2822 4946 dierum
2847 4895 3087 4939 meorum
3124 4879 3222 4934 ⁵..»

1986 5080 2153 5135 Vsus.
2184 5076 2271 5131 l5.
2330 5071 2430 5127 Hic
2468 5085 2563 5141 per
2604 5066 2746 5120 mala
2775 5078 2885 5118 non
2911 5072 3081 5131 opera
3111 5055 3252 5110 mala
3286 5054 3468 5108 inten-

1917 5170 2018 5235 dit,
2068 5167 2163 5224 sed
2207 5163 2509 5235 supplicia;
2559 5171 2682 5212 nam
2728 5162 2783 5210 et
2837 5152 2892 5207 in
2939 5151 3099 5205 istam
3148 5142 3467 5235 sententiam

1915 5230 2156 5318 eamdem
2176 5230 2359 5313 vocem
2386 5258 2634 5323 usurpat,
2652 5261 2775 5303 cum
2799 5244 2960 5300 dicit:
2983 5258 3003 5292 ι
3026 5237 3232 5294 Crcans
3244 5230 3462 5289 mala'.»

1924 5351 2172 5406 Declarat
2218 5347 2385 5419 igitur
2424 5360 2484 5401 se
2525 5358 2621 5415 per
2652 5338 2921 5410 supplicia
2938 5332 3252 5406 superbiam
3278 5338 3466 5385 eorum

1919 5444 2013 5516 qui
2046 5438 2278 5513 gloriosi
2309 5438 2577 5494 habentur
2605 5433 3007 5504 depresserunt.

326 5732 345 5764 ³
366 5731 501 5789 Gen.
533 5749 606 5796 vr.
631 5732 684 5787 5.
762 5734 780 5764 ⁵
802 5731 947 5788 Psal.
988 5744 1210 5797 LXXXIX,
1243 5729 1325 5785 lO.
1394 5730 1414 5762 ³
1440 5727 1585 5783 Psal.
1619 5743 1690 5792 Cl,
1721 5726 1802 5782 23.

1903 5725 1912 5757 ⁸
1931 5724 2033 5779 lsa.
2069 5738 2188 5787 stv,
2228 5721 2277 5773 7.
