  <div class='ocr_page' id='page_1' title='image "/cluster/home/n/w/nwhite01/storage/ocr_20150623/18/hvd.32044073501207/665.png"; bbox 0 0 3984 6212; ppageno 0'>
   <div class='ocr_carea' id='block_1_1' title="bbox 561 246 699 306">
    <p class='ocr_par' dir='ltr' id='par_1_1' title="bbox 561 246 699 306">
     <span class='ocr_line' id='line_1_1' title="bbox 561 246 699 306; baseline 0.022 -3"><span class='ocrx_word' id='word_1_1' title='bbox 561 246 699 306; x_wconf 69' lang='grc'><strong>1515</strong></span> 
     </span>
    </p>
   </div>
   <div class='ocr_carea' id='block_1_2' title="bbox 1743 244 2643 301">
    <p class='ocr_par' dir='ltr' id='par_1_2' title="bbox 1743 244 2643 301">
     <span class='ocr_line' id='line_1_2' title="bbox 1743 244 2643 301; baseline -0.003 0"><span class='ocrx_word' id='word_1_2' title='bbox 1743 246 2085 301; x_wconf 69' lang='grc' dir='ltr'><strong>Τίῐῖῖυῡϋῐὶὶ</strong></span> <span class='ocrx_word' id='word_1_3' title='bbox 2124 244 2643 301; x_wconf 68' lang='lat' dir='ltr'><strong>IIIZRACLEENSIS</strong></span> 
     </span>
    </p>
   </div>
   <div class='ocr_carea' id='block_1_3' title="bbox 3642 245 3773 298">
    <p class='ocr_par' dir='ltr' id='par_1_3' title="bbox 3642 245 3773 298">
     <span class='ocr_line' id='line_1_3' title="bbox 3642 245 3773 298; baseline 0.008 -1"><span class='ocrx_word' id='word_1_4' title='bbox 3642 245 3773 298; x_wconf 71' lang='grc'><strong>1516</strong></span> 
     </span>
    </p>
   </div>
   <div class='ocr_carea' id='block_1_4' title="bbox 632 359 2092 436">
    <p class='ocr_par' dir='ltr' id='par_1_4' title="bbox 632 363 2092 422">
     <span class='ocr_line' id='line_1_4' title="bbox 632 363 2092 422; baseline -0.002 -2"><span class='ocrx_word' id='word_1_5' title='bbox 632 363 793 422; x_wconf 68' lang='lat' dir='ltr'><strong>Vens.</strong></span> <span class='ocrx_word' id='word_1_6' title='bbox 842 366 924 419; x_wconf 86' lang='lat' dir='ltr'><strong>l6.</strong></span> <span class='ocrx_word' id='word_1_7' title='bbox 987 365 1184 419; x_wconf 88' lang='lat' dir='ltr'><strong>Iratum</strong></span> <span class='ocrx_word' id='word_1_8' title='bbox 1224 366 1387 420; x_wconf 88' lang='lat' dir='ltr'><strong>Deum</strong></span> <span class='ocrx_word' id='word_1_9' title='bbox 1427 366 1495 419; x_wconf 82' lang='lat' dir='ltr'><strong>ad</strong></span> <span class='ocrx_word' id='word_1_10' title='bbox 1537 366 1930 421; x_wconf 75' lang='lat' dir='ltr'><strong>convertendos</strong></span> <span class='ocrx_word' id='word_1_11' title='bbox 1990 366 2092 418; x_wconf 90' lang='lat' dir='ltr'><strong>ani-</strong></span> 
     </span>
    </p>
   </div>
   <div class='ocr_carea' id='block_1_5' title="bbox 2198 359 3773 436">
    <p class='ocr_par' dir='ltr' id='par_1_5' title="bbox 2282 359 3773 436">
     <span class='ocr_line' id='line_1_5' title="bbox 2282 359 3773 436; baseline -0.006 -18"><span class='ocrx_word' id='word_1_12' title='bbox 2282 366 2391 436; x_wconf 77' lang='grc' dir='ltr'><strong>Τὴν</strong></span> <span class='ocrx_word' id='word_1_13' title='bbox 2422 365 2525 428; x_wconf 83' lang='grc' dir='ltr'>ἓως</span> <span class='ocrx_word' id='word_1_14' title='bbox 2557 363 2785 433; x_wconf 77' lang='grc' dir='ltr'><strong>ἀπειλῆς</strong></span> <span class='ocrx_word' id='word_1_15' title='bbox 2822 361 2986 433; x_wconf 75' lang='grc' dir='ltr'>ὀργὴν</span> <span class='ocrx_word' id='word_1_16' title='bbox 3015 361 3165 433; x_wconf 85' lang='grc' dir='ltr'>παρὰ</span> <span class='ocrx_word' id='word_1_17' title='bbox 3195 360 3288 414; x_wconf 84' lang='grc' dir='ltr'><strong>τοῦ</strong></span> <span class='ocrx_word' id='word_1_18' title='bbox 3313 359 3450 412; x_wconf 84' lang='grc' dir='ltr'>Θεοῦ</span> <span class='ocrx_word' id='word_1_19' title='bbox 3485 360 3773 429; x_wconf 57' lang='grc' dir='ltr'>ἐκφερομέ-</span> 
     </span>
    </p>
   </div>
   <div class='ocr_carea' id='block_1_6' title="bbox 561 459 2107 529">
    <p class='ocr_par' dir='ltr' id='par_1_6' title="bbox 561 459 2107 529">
     <span class='ocr_line' id='line_1_6' title="bbox 561 459 2107 529; baseline -0.001 -17"><span class='ocrx_word' id='word_1_20' title='bbox 561 473 681 514; x_wconf 84' lang='lat' dir='ltr'><strong>mos</strong></span> <span class='ocrx_word' id='word_1_21' title='bbox 723 467 940 511; x_wconf 90' lang='lat' dir='ltr'><strong>nostros</strong></span> <span class='ocrx_word' id='word_1_22' title='bbox 969 459 1266 527; x_wconf 63' lang='lat' dir='ltr'><strong>,‘minaciter</strong></span> <span class='ocrx_word' id='word_1_23' title='bbox 1306 460 1490 529; x_wconf 86' lang='lat' dir='ltr'><strong>loqui;</strong></span> <span class='ocrx_word' id='word_1_24' title='bbox 1541 475 1649 513; x_wconf 86' lang='lat' dir='ltr'><strong>non</strong></span> <span class='ocrx_word' id='word_1_25' title='bbox 1697 474 1828 512; x_wconf 82' lang='lat' dir='ltr'><strong>vero</strong></span> <span class='ocrx_word' id='word_1_26' title='bbox 1863 467 2107 511; x_wconf 88' lang='lat' dir='ltr'><strong>acturum</strong></span> 
     </span>
    </p>
   </div>
   <div class='ocr_carea' id='block_1_7' title="bbox 559 547 2113 618">
    <p class='ocr_par' dir='ltr' id='par_1_7' title="bbox 559 547 2113 618">
     <span class='ocr_line' id='line_1_7' title="bbox 559 547 2113 618; baseline -0.001 -17"><span class='ocrx_word' id='word_1_27' title='bbox 559 554 1015 617; x_wconf 84' lang='lat' dir='ltr'><strong>cperaturumque</strong></span> <span class='ocrx_word' id='word_1_28' title='bbox 1064 547 1299 614; x_wconf 77' lang='lat' dir='ltr'><strong>indicat;</strong></span> <span class='ocrx_word' id='word_1_29' title='bbox 1350 564 1474 602; x_wconf 89' lang='lat' dir='ltr'><strong>nam</strong></span> <span class='ocrx_word' id='word_1_30' title='bbox 1524 556 1743 618; x_wconf 76' lang='lat' dir='ltr'><strong>propter</strong></span> <span class='ocrx_word' id='word_1_31' title='bbox 1804 549 2113 617; x_wconf 81' lang='lat' dir='ltr'><strong>benignita-</strong></span> 
     </span>
    </p>
   </div>
   <div class='ocr_carea' id='block_1_8' title="bbox 564 636 2114 709">
    <p class='ocr_par' dir='ltr' id='par_1_8' title="bbox 564 636 2114 709">
     <span class='ocr_line' id='line_1_8' title="bbox 564 636 2114 709; baseline 0.001 -19"><span class='ocrx_word' id='word_1_32' title='bbox 564 646 667 690; x_wconf 89' lang='lat' dir='ltr'><strong>tem</strong></span> <span class='ocrx_word' id='word_1_33' title='bbox 690 636 865 691; x_wconf 89' lang='lat' dir='ltr'><strong>minas</strong></span> <span class='ocrx_word' id='word_1_34' title='bbox 894 637 1145 705; x_wconf 89' lang='lat' dir='ltr'><strong>intendit,</strong></span> <span class='ocrx_word' id='word_1_35' title='bbox 1164 646 1223 691; x_wconf 89' lang='lat' dir='ltr'><strong>ut</strong></span> <span class='ocrx_word' id='word_1_36' title='bbox 1247 646 1562 708; x_wconf 88' lang='lat' dir='ltr'><strong>peccatores</strong></span> <span class='ocrx_word' id='word_1_37' title='bbox 1593 638 1887 702; x_wconf 81' lang='lat' dir='ltr'><strong>deterreat,</strong></span> <span class='ocrx_word' id='word_1_38' title='bbox 1921 647 1974 694; x_wconf 90' lang='lat' dir='ltr'><strong>et</strong></span> <span class='ocrx_word' id='word_1_39' title='bbox 2003 653 2114 709; x_wconf 73' lang='lat' dir='ltr'><strong>pm-</strong></span> 
     </span>
    </p>
   </div>
   <div class='ocr_carea' id='block_1_9' title="bbox 558 727 2109 797">
    <p class='ocr_par' dir='ltr' id='par_1_9' title="bbox 558 727 2109 797">
     <span class='ocr_line' id='line_1_9' title="bbox 558 727 2109 797; baseline 0.003 -17"><span class='ocrx_word' id='word_1_40' title='bbox 558 727 842 781; x_wconf 85' lang='lat' dir='ltr'><strong>nitentiam</strong></span> <span class='ocrx_word' id='word_1_41' title='bbox 876 738 1095 797; x_wconf 81' lang='lat' dir='ltr'><strong>agentes</strong></span> <span class='ocrx_word' id='word_1_42' title='bbox 1133 731 1467 786; x_wconf 84' lang='lat' dir='ltr'><strong>imminentia</strong></span> <span class='ocrx_word' id='word_1_43' title='bbox 1500 733 1640 785; x_wconf 88' lang='lat' dir='ltr'><strong>mala</strong></span> <span class='ocrx_word' id='word_1_44' title='bbox 1674 738 1948 795; x_wconf 77' lang='lat' dir='ltr'><strong>avertant;</strong></span> <span class='ocrx_word' id='word_1_45' title='bbox 2001 746 2109 784; x_wconf 88' lang='lat' dir='ltr'><strong>non</strong></span> 
     </span>
    </p>
   </div>
   <div class='ocr_carea' id='block_1_10' title="bbox 557 819 2111 891">
    <p class='ocr_par' dir='ltr' id='par_1_10' title="bbox 557 819 2111 891">
     <span class='ocr_line' id='line_1_10' title="bbox 557 819 2111 891; baseline 0.003 -21"><span class='ocrx_word' id='word_1_46' title='bbox 557 819 698 871; x_wconf 85' lang='lat' dir='ltr'><strong>enim</strong></span> <span class='ocrx_word' id='word_1_47' title='bbox 750 828 923 873; x_wconf 87' lang='lat' dir='ltr'><strong>morte</strong></span> <span class='ocrx_word' id='word_1_48' title='bbox 981 828 1165 875; x_wconf 88' lang='lat' dir='ltr'><strong>nostra</strong></span> <span class='ocrx_word' id='word_1_49' title='bbox 1211 821 1429 891; x_wconf 80' lang='lat' dir='ltr'><strong>gaudet,</strong></span> <span class='ocrx_word' id='word_1_50' title='bbox 1490 838 1599 879; x_wconf 90' lang='lat' dir='ltr'><strong>non</strong></span> <span class='ocrx_word' id='word_1_51' title='bbox 1656 829 1935 877; x_wconf 74' lang='lat' dir='ltr'><strong>creaturas</strong></span> <span class='ocrx_word' id='word_1_52' title='bbox 1983 836 2111 876; x_wconf 86' lang='lat' dir='ltr'><strong>suas</strong></span> 
     </span>
    </p>
   </div>
   <div class='ocr_carea' id='block_1_11' title="bbox 558 909 2111 984">
    <p class='ocr_par' dir='ltr' id='par_1_11' title="bbox 558 909 2111 984">
     <span class='ocr_line' id='line_1_11' title="bbox 558 909 2111 984; baseline 0.005 -24"><span class='ocrx_word' id='word_1_53' title='bbox 558 909 832 971; x_wconf 87' lang='lat' dir='ltr'><strong>abhorret,</strong></span> <span class='ocrx_word' id='word_1_54' title='bbox 862 926 967 965; x_wconf 91' lang='lat' dir='ltr'><strong>non</strong></span> <span class='ocrx_word' id='word_1_55' title='bbox 998 921 1144 967; x_wconf 86' lang='lat' dir='ltr'><strong>creat</strong></span> <span class='ocrx_word' id='word_1_56' title='bbox 1167 922 1225 965; x_wconf 90' lang='lat' dir='ltr'><strong>ut</strong></span> <span class='ocrx_word' id='word_1_57' title='bbox 1250 913 1443 969; x_wconf 84' lang='lat' dir='ltr'><strong>habeat</strong></span> <span class='ocrx_word' id='word_1_58' title='bbox 1483 929 1620 984; x_wconf 84' lang='lat' dir='ltr'><strong>quos</strong></span> <span class='ocrx_word' id='word_1_59' title='bbox 1645 914 1865 983; x_wconf 90' lang='lat' dir='ltr'><strong>puniat,</strong></span> <span class='ocrx_word' id='word_1_60' title='bbox 1913 915 2111 983; x_wconf 87' lang='lat' dir='ltr'><strong>quippe</strong></span> 
     </span>
    </p>
   </div>
   <div class='ocr_carea' id='block_1_12' title="bbox 562 1001 2111 1075">
    <p class='ocr_par' dir='ltr' id='par_1_12' title="bbox 562 1001 2111 1075">
     <span class='ocr_line' id='line_1_12' title="bbox 562 1001 2111 1075; baseline 0.002 -21"><span class='ocrx_word' id='word_1_61' title='bbox 562 1001 675 1065; x_wconf 90' lang='lat' dir='ltr'><strong>cui,</strong></span> <span class='ocrx_word' id='word_1_62' title='bbox 716 1002 761 1055; x_wconf 90' lang='lat' dir='ltr'><strong>si</strong></span> <span class='ocrx_word' id='word_1_63' title='bbox 792 1004 914 1057; x_wconf 91' lang='lat' dir='ltr'><strong>talis</strong></span> <span class='ocrx_word' id='word_1_64' title='bbox 945 1013 1110 1065; x_wconf 85' lang='lat' dir='ltr'><strong>esset,</strong></span> <span class='ocrx_word' id='word_1_65' title='bbox 1142 1005 1324 1059; x_wconf 90' lang='lat' dir='ltr'><strong>silenti</strong></span> <span class='ocrx_word' id='word_1_66' title='bbox 1365 1005 1695 1075; x_wconf 87' lang='lat' dir='ltr'><strong>puniendum</strong></span> <span class='ocrx_word' id='word_1_67' title='bbox 1734 1014 1869 1061; x_wconf 90' lang='lat' dir='ltr'><strong>erat.</strong></span> <span class='ocrx_word' id='word_1_68' title='bbox 1915 1004 2111 1060; x_wconf 88' lang='lat' dir='ltr'><strong>Omnia</strong></span> 
     </span>
    </p>
   </div>
   <div class='ocr_carea' id='block_1_13' title="bbox 554 1096 2109 1164">
    <p class='ocr_par' dir='ltr' id='par_1_13' title="bbox 554 1096 2109 1164">
     <span class='ocr_line' id='line_1_13' title="bbox 554 1096 2109 1164; baseline 0.005 -18"><span class='ocrx_word' id='word_1_69' title='bbox 554 1110 685 1148; x_wconf 87' lang='lat' dir='ltr'><strong>vero</strong></span> <span class='ocrx_word' id='word_1_70' title='bbox 719 1096 1067 1164; x_wconf 71' lang='lat' dir='ltr'><strong>prtenuntiat,</strong></span> <span class='ocrx_word' id='word_1_71' title='bbox 1104 1108 1157 1152; x_wconf 85' lang='lat' dir='ltr'><strong>et</strong></span> <span class='ocrx_word' id='word_1_72' title='bbox 1181 1098 1341 1153; x_wconf 80' lang='lat' dir='ltr'><strong>minis</strong></span> <span class='ocrx_word' id='word_1_73' title='bbox 1367 1099 1695 1154; x_wconf 88' lang='lat' dir='ltr'><strong>omnimodis</strong></span> <span class='ocrx_word' id='word_1_74' title='bbox 1725 1099 1950 1153; x_wconf 78' lang='lat' dir='ltr'><strong>affectus</strong></span> <span class='ocrx_word' id='word_1_75' title='bbox 1981 1115 2109 1155; x_wconf 88' lang='lat' dir='ltr'><strong>suos</strong></span> 
     </span>
    </p>
   </div>
   <div class='ocr_carea' id='block_1_14' title="bbox 554 1184 2109 1258">
    <p class='ocr_par' dir='ltr' id='par_1_14' title="bbox 554 1184 2109 1258">
     <span class='ocr_line' id='line_1_14' title="bbox 554 1184 2109 1258; baseline 0.004 -21"><span class='ocrx_word' id='word_1_76' title='bbox 554 1184 811 1249; x_wconf 85' lang='lat' dir='ltr'><strong>declarat,</strong></span> <span class='ocrx_word' id='word_1_77' title='bbox 849 1195 908 1240; x_wconf 93' lang='lat' dir='ltr'><strong>ut</strong></span> <span class='ocrx_word' id='word_1_78' title='bbox 939 1187 1220 1243; x_wconf 84' lang='lat' dir='ltr'><strong>audientes</strong></span> <span class='ocrx_word' id='word_1_79' title='bbox 1244 1204 1362 1258; x_wconf 59' lang='grc' dir='ltr'><strong>(ιλιαδ</strong></span> <span class='ocrx_word' id='word_1_80' title='bbox 1385 1188 1738 1244; x_wconf 79' lang='lat' dir='ltr'><strong>reformidare</strong></span> <span class='ocrx_word' id='word_1_81' title='bbox 1765 1190 2025 1251; x_wconf 91' lang='lat' dir='ltr'><strong>solemus,</strong></span> <span class='ocrx_word' id='word_1_82' title='bbox 2055 1198 2109 1243; x_wconf 88' lang='lat' dir='ltr'><strong>et</strong></span> 
     </span>
    </p>
   </div>
   <div class='ocr_carea' id='block_1_15' title="bbox 555 1275 1557 1346">
    <p class='ocr_par' dir='ltr' id='par_1_15' title="bbox 555 1275 1557 1346">
     <span class='ocr_line' id='line_1_15' title="bbox 555 1275 1557 1346; baseline 0.002 -18"><span class='ocrx_word' id='word_1_83' title='bbox 555 1275 815 1344; x_wconf 88' lang='lat' dir='ltr'><strong>supplicia</strong></span> <span class='ocrx_word' id='word_1_84' title='bbox 853 1285 1231 1346; x_wconf 62' lang='lat' dir='ltr'><strong>prmvertentes</strong></span> <span class='ocrx_word' id='word_1_85' title='bbox 1263 1279 1557 1332; x_wconf 74' lang='lat' dir='ltr'><strong>salveznur.</strong></span> 
     </span>
    </p>
   </div>
   <div class='ocr_carea' id='block_1_16' title="bbox 627 1560 2106 1619">
    <p class='ocr_par' dir='ltr' id='par_1_16' title="bbox 627 1560 2106 1619">
     <span class='ocr_line' id='line_1_16' title="bbox 627 1560 2106 1619; baseline 0.003 -4"><span class='ocrx_word' id='word_1_86' title='bbox 627 1560 785 1617; x_wconf 70' lang='lat' dir='ltr'><strong>Vens.</strong></span> <span class='ocrx_word' id='word_1_87' title='bbox 817 1563 897 1616; x_wconf 87' lang='lat' dir='ltr'><strong>l7.</strong></span> <span class='ocrx_word' id='word_1_88' title='bbox 945 1562 1041 1615; x_wconf 74' lang='lat' dir='ltr'><strong>llic</strong></span> <span class='ocrx_word' id='word_1_89' title='bbox 1098 1564 1353 1617; x_wconf 79' lang='lat' dir='ltr'><strong>dilectum</strong></span> <span class='ocrx_word' id='word_1_90' title='bbox 1408 1571 1565 1617; x_wconf 87' lang='lat' dir='ltr'><strong>vocat</strong></span> <span class='ocrx_word' id='word_1_91' title='bbox 1620 1563 1955 1618; x_wconf 82' lang='lat' dir='ltr'><strong>Salvatorcm</strong></span> <span class='ocrx_word' id='word_1_92' title='bbox 2009 1580 2106 1619; x_wconf 90' lang='lat' dir='ltr'><strong>no-</strong></span> 
     </span>
    </p>
   </div>
   <div class='ocr_carea' id='block_1_17' title="bbox 553 1653 2104 1726">
    <p class='ocr_par' dir='ltr' id='par_1_17' title="bbox 553 1653 2104 1726">
     <span class='ocr_line' id='line_1_17' title="bbox 553 1653 2104 1726; baseline 0.001 -20"><span class='ocrx_word' id='word_1_93' title='bbox 553 1663 745 1707; x_wconf 62' lang='lat' dir='ltr'><strong>strum,</strong></span> <span class='ocrx_word' id='word_1_94' title='bbox 785 1654 858 1707; x_wconf 70' lang='lat' dir='ltr'><strong>Ex</strong></span> <span class='ocrx_word' id='word_1_95' title='bbox 895 1671 1004 1723; x_wconf 82' lang='lat' dir='ltr'><strong>quo</strong></span> <span class='ocrx_word' id='word_1_96' title='bbox 1029 1655 1174 1707; x_wconf 80' lang='lat' dir='ltr'><strong>enim</strong></span> <span class='ocrx_word' id='word_1_97' title='bbox 1205 1654 1362 1723; x_wconf 80' lang='lat' dir='ltr'><strong>jux:a</strong></span> <span class='ocrx_word' id='word_1_98' title='bbox 1393 1657 1707 1725; x_wconf 67' lang='lat' dir='ltr'><strong>prapllclam</strong></span> <span class='ocrx_word' id='word_1_99' title='bbox 1744 1653 1910 1725; x_wconf 80' lang='lat' dir='ltr'><strong>Virgo</strong></span> <span class='ocrx_word' id='word_1_100' title='bbox 1940 1671 2104 1726; x_wconf 78' lang='lat' dir='ltr'><strong>pepe-</strong></span> 
     </span>
    </p>
   </div>
   <div class='ocr_carea' id='block_1_18' title="bbox 557 1747 2105 1818">
    <p class='ocr_par' dir='ltr' id='par_1_18' title="bbox 557 1747 2105 1818">
     <span class='ocr_line' id='line_1_18' title="bbox 557 1747 2105 1818; baseline 0.003 -21"><span class='ocrx_word' id='word_1_101' title='bbox 557 1747 693 1801; x_wconf 86' lang='lat' dir='ltr'><strong>risse</strong></span> <span class='ocrx_word' id='word_1_102' title='bbox 742 1747 965 1808; x_wconf 87' lang='lat' dir='ltr'><strong>dicitur,</strong></span> <span class='ocrx_word' id='word_1_103' title='bbox 1014 1749 1212 1817; x_wconf 78' lang='lat' dir='ltr'><strong>ubique</strong></span> <span class='ocrx_word' id='word_1_104' title='bbox 1248 1759 1552 1818; x_wconf 85' lang='lat' dir='ltr'><strong>opportune</strong></span> <span class='ocrx_word' id='word_1_105' title='bbox 1587 1748 1867 1817; x_wconf 88' lang='lat' dir='ltr'><strong>parvulum</strong></span> <span class='ocrx_word' id='word_1_106' title='bbox 1900 1763 2105 1803; x_wconf 82' lang='lat' dir='ltr'><strong>memo-</strong></span> 
     </span>
    </p>
   </div>
   <div class='ocr_carea' id='block_1_19' title="bbox 554 1838 2106 1910">
    <p class='ocr_par' dir='ltr' id='par_1_19' title="bbox 554 1838 2106 1910">
     <span class='ocr_line' id='line_1_19' title="bbox 554 1838 2106 1910; baseline 0.005 -21"><span class='ocrx_word' id='word_1_107' title='bbox 554 1846 677 1902; x_wconf 88' lang='lat' dir='ltr'><strong>rat;</strong></span> <span class='ocrx_word' id='word_1_108' title='bbox 710 1840 928 1908; x_wconf 87' lang='lat' dir='ltr'><strong>quando</strong></span> <span class='ocrx_word' id='word_1_109' title='bbox 959 1838 1126 1908; x_wconf 80' lang='lat' dir='ltr'><strong>igitur</strong></span> <span class='ocrx_word' id='word_1_110' title='bbox 1150 1854 1213 1893; x_wconf 88' lang='lat' dir='ltr'><strong>ea</strong></span> <span class='ocrx_word' id='word_1_111' title='bbox 1253 1840 1326 1896; x_wconf 89' lang='lat' dir='ltr'><strong>sit</strong></span> <span class='ocrx_word' id='word_1_112' title='bbox 1371 1840 1648 1893; x_wconf 86' lang='lat' dir='ltr'><strong>hominum</strong></span> <span class='ocrx_word' id='word_1_113' title='bbox 1682 1841 1941 1910; x_wconf 87' lang='lat' dir='ltr'><strong>nequitia,</strong></span> <span class='ocrx_word' id='word_1_114' title='bbox 1986 1856 2106 1909; x_wconf 67' lang='lat' dir='ltr'><strong>qua:</strong></span> 
     </span>
    </p>
   </div>
   <div class='ocr_carea' id='block_1_20' title="bbox 551 1930 2105 2003">
    <p class='ocr_par' dir='ltr' id='par_1_20' title="bbox 551 1930 2105 2003">
     <span class='ocr_line' id='line_1_20' title="bbox 551 1930 2105 2003; baseline 0.005 -21"><span class='ocrx_word' id='word_1_115' title='bbox 551 1944 658 1983; x_wconf 93' lang='lat' dir='ltr'><strong>non</strong></span> <span class='ocrx_word' id='word_1_116' title='bbox 694 1930 799 1984; x_wconf 91' lang='lat' dir='ltr'><strong>nisi</strong></span> <span class='ocrx_word' id='word_1_117' title='bbox 832 1930 1175 2001; x_wconf 79' lang='lat' dir='ltr'><strong>gravissimis</strong></span> <span class='ocrx_word' id='word_1_118' title='bbox 1208 1930 1383 2000; x_wconf 77' lang='lat' dir='ltr'><strong>ptenis</strong></span> <span class='ocrx_word' id='word_1_119' title='bbox 1424 1934 1628 2002; x_wconf 83' lang='lat' dir='ltr'><strong>expiari</strong></span> <span class='ocrx_word' id='word_1_120' title='bbox 1670 1936 1860 2003; x_wconf 88' lang='lat' dir='ltr'><strong>possit,</strong></span> <span class='ocrx_word' id='word_1_121' title='bbox 1909 1935 2105 1990; x_wconf 89' lang='lat' dir='ltr'><strong>dilecto</strong></span> 
     </span>
    </p>
   </div>
   <div class='ocr_carea' id='block_1_21' title="bbox 549 2022 2099 2094">
    <p class='ocr_par' dir='ltr' id='par_1_21' title="bbox 549 2022 2099 2094">
     <span class='ocr_line' id='line_1_21' title="bbox 549 2022 2099 2094; baseline 0.006 -22"><span class='ocrx_word' id='word_1_122' title='bbox 549 2029 640 2073; x_wconf 91' lang='lat' dir='ltr'><strong>tuo</strong></span> <span class='ocrx_word' id='word_1_123' title='bbox 682 2022 840 2075; x_wconf 91' lang='lat' dir='ltr'><strong>nobis</strong></span> <span class='ocrx_word' id='word_1_124' title='bbox 866 2034 1002 2092; x_wconf 90' lang='lat' dir='ltr'><strong>opus</strong></span> <span class='ocrx_word' id='word_1_125' title='bbox 1031 2031 1169 2088; x_wconf 84' lang='lat' dir='ltr'><strong>erat,</strong></span> <span class='ocrx_word' id='word_1_126' title='bbox 1210 2025 1383 2094; x_wconf 80' lang='lat' dir='ltr'><strong>gratia</strong></span> <span class='ocrx_word' id='word_1_127' title='bbox 1415 2040 1513 2081; x_wconf 88' lang='lat' dir='ltr'><strong>sua</strong></span> <span class='ocrx_word' id='word_1_128' title='bbox 1546 2040 1645 2080; x_wconf 92' lang='lat' dir='ltr'><strong>nos</strong></span> <span class='ocrx_word' id='word_1_129' title='bbox 1684 2026 1750 2081; x_wconf 92' lang='lat' dir='ltr'><strong>de</strong></span> <span class='ocrx_word' id='word_1_130' title='bbox 1774 2028 2099 2082; x_wconf 58' lang='lat' dir='ltr'><strong>calamitati.</strong></span> 
     </span>
    </p>
   </div>
   <div class='ocr_carea' id='block_1_22' title="bbox 547 2112 985 2168">
    <p class='ocr_par' dir='ltr' id='par_1_22' title="bbox 547 2112 985 2168">
     <span class='ocr_line' id='line_1_22' title="bbox 547 2112 985 2168; baseline 0.002 -1"><span class='ocrx_word' id='word_1_131' title='bbox 547 2113 648 2167; x_wconf 87' lang='lat' dir='ltr'><strong>bus</strong></span> <span class='ocrx_word' id='word_1_132' title='bbox 672 2112 985 2168; x_wconf 84' lang='lat' dir='ltr'><strong>liberatum.</strong></span> 
     </span>
    </p>
   </div>
   <div class='ocr_carea' id='block_1_23' title="bbox 612 2220 2103 2297">
    <p class='ocr_par' dir='ltr' id='par_1_23' title="bbox 612 2220 2103 2297">
     <span class='ocr_line' id='line_1_23' title="bbox 612 2220 2103 2297; baseline 0.005 -21"><span class='ocrx_word' id='word_1_133' title='bbox 612 2220 779 2279; x_wconf 72' lang='lat' dir='ltr'><strong>Vens.</strong></span> <span class='ocrx_word' id='word_1_134' title='bbox 812 2224 898 2279; x_wconf 82' lang='grc'><strong>18.</strong></span> <span class='ocrx_word' id='word_1_135' title='bbox 938 2224 1213 2290; x_wconf 87' lang='lat' dir='ltr'><strong>Quantum</strong></span> <span class='ocrx_word' id='word_1_136' title='bbox 1237 2226 1400 2282; x_wconf 84' lang='lat' dir='ltr'><strong>nobis</strong></span> <span class='ocrx_word' id='word_1_137' title='bbox 1441 2230 1653 2297; x_wconf 88' lang='lat' dir='ltr'><strong>prosint</strong></span> <span class='ocrx_word' id='word_1_138' title='bbox 1699 2230 1877 2293; x_wconf 77' lang='lat' dir='ltr'><strong>minze,</strong></span> <span class='ocrx_word' id='word_1_139' title='bbox 1918 2237 2103 2284; x_wconf 87' lang='lat' dir='ltr'><strong>osten—</strong></span> 
     </span>
    </p>
   </div>
   <div class='ocr_carea' id='block_1_24' title="bbox 544 2309 2101 2375">
    <p class='ocr_par' dir='ltr' id='par_1_24' title="bbox 544 2309 2101 2375">
     <span class='ocr_line' id='line_1_24' title="bbox 544 2309 2101 2375; baseline 0.007 -13"><span class='ocrx_word' id='word_1_140' title='bbox 544 2309 659 2375; x_wconf 90' lang='lat' dir='ltr'><strong>dit;</strong></span> <span class='ocrx_word' id='word_1_141' title='bbox 692 2326 814 2364; x_wconf 91' lang='lat' dir='ltr'><strong>nam</strong></span> <span class='ocrx_word' id='word_1_142' title='bbox 847 2318 1107 2367; x_wconf 89' lang='lat' dir='ltr'><strong>terrorem</strong></span> <span class='ocrx_word' id='word_1_143' title='bbox 1138 2324 1288 2367; x_wconf 88' lang='lat' dir='ltr'><strong>tuum</strong></span> <span class='ocrx_word' id='word_1_144' title='bbox 1319 2315 1469 2369; x_wconf 85' lang='lat' dir='ltr'><strong>velut</strong></span> <span class='ocrx_word' id='word_1_145' title='bbox 1512 2316 1713 2370; x_wconf 88' lang='lat' dir='ltr'><strong>bonum</strong></span> <span class='ocrx_word' id='word_1_146' title='bbox 1745 2333 1930 2373; x_wconf 91' lang='lat' dir='ltr'><strong>semen</strong></span> <span class='ocrx_word' id='word_1_147' title='bbox 1955 2320 2101 2373; x_wconf 90' lang='lat' dir='ltr'><strong>acci-</strong></span> 
     </span>
    </p>
   </div>
   <div class='ocr_carea' id='block_1_25' title="bbox 544 2402 2099 2477">
    <p class='ocr_par' dir='ltr' id='par_1_25' title="bbox 544 2402 2099 2477">
     <span class='ocr_line' id='line_1_25' title="bbox 544 2402 2099 2477; baseline 0.007 -23"><span class='ocrx_word' id='word_1_148' title='bbox 544 2402 753 2471; x_wconf 88' lang='lat' dir='ltr'><strong>pientes</strong></span> <span class='ocrx_word' id='word_1_149' title='bbox 804 2411 859 2458; x_wconf 91' lang='lat' dir='ltr'><strong>et</strong></span> <span class='ocrx_word' id='word_1_150' title='bbox 904 2405 1307 2473; x_wconf 87' lang='lat' dir='ltr'><strong>parturientes,</strong></span> <span class='ocrx_word' id='word_1_151' title='bbox 1365 2415 1607 2477; x_wconf 89' lang='lat' dir='ltr'><strong>tempore</strong></span> <span class='ocrx_word' id='word_1_152' title='bbox 1662 2409 1809 2474; x_wconf 87' lang='lat' dir='ltr'><strong>dato,</strong></span> <span class='ocrx_word' id='word_1_153' title='bbox 1872 2411 2099 2465; x_wconf 87' lang='lat' dir='ltr'><strong>salutem</strong></span> 
     </span>
    </p>
   </div>
   <div class='ocr_carea' id='block_1_26' title="bbox 541 2496 2097 2567">
    <p class='ocr_par' dir='ltr' id='par_1_26' title="bbox 541 2496 2097 2567">
     <span class='ocr_line' id='line_1_26' title="bbox 541 2496 2097 2567; baseline 0.008 -22"><span class='ocrx_word' id='word_1_154' title='bbox 541 2496 1279 2566; x_wconf 77' lang='lat' dir='ltr'><strong>consequemur;.quandiu</strong></span> <span class='ocrx_word' id='word_1_155' title='bbox 1328 2498 1472 2551; x_wconf 91' lang='lat' dir='ltr'><strong>enim</strong></span> <span class='ocrx_word' id='word_1_156' title='bbox 1521 2507 1720 2553; x_wconf 91' lang='lat' dir='ltr'><strong>terram</strong></span> <span class='ocrx_word' id='word_1_157' title='bbox 1778 2502 2097 2567; x_wconf 87' lang='lat' dir='ltr'><strong>incolimus,</strong></span> 
     </span>
    </p>
   </div>
   <div class='ocr_carea' id='block_1_27' title="bbox 545 2587 2101 2662">
    <p class='ocr_par' dir='ltr' id='par_1_27' title="bbox 545 2587 2101 2662">
     <span class='ocr_line' id='line_1_27' title="bbox 545 2587 2101 2662; baseline 0.007 -26"><span class='ocrx_word' id='word_1_158' title='bbox 545 2592 758 2654; x_wconf 88' lang='lat' dir='ltr'><strong>tempus</strong></span> <span class='ocrx_word' id='word_1_159' title='bbox 788 2587 1124 2653; x_wconf 76' lang='lat' dir='ltr'><strong>pomitentia:</strong></span> <span class='ocrx_word' id='word_1_160' title='bbox 1149 2589 1385 2659; x_wconf 80' lang='lat' dir='ltr'><strong>largiris,</strong></span> <span class='ocrx_word' id='word_1_161' title='bbox 1414 2605 1522 2645; x_wconf 89' lang='lat' dir='ltr'><strong>non</strong></span> <span class='ocrx_word' id='word_1_162' title='bbox 1544 2593 1737 2644; x_wconf 85' lang='lat' dir='ltr'><strong>merita</strong></span> <span class='ocrx_word' id='word_1_163' title='bbox 1767 2607 1868 2646; x_wconf 92' lang='lat' dir='ltr'><strong>nos</strong></span> <span class='ocrx_word' id='word_1_164' title='bbox 1886 2592 2101 2662; x_wconf 87' lang='lat' dir='ltr'><strong>justitia</strong></span> 
     </span>
    </p>
   </div>
   <div class='ocr_carea' id='block_1_28' title="bbox 541 2675 2098 2740">
    <p class='ocr_par' dir='ltr' id='par_1_28' title="bbox 541 2675 2098 2740">
     <span class='ocr_line' id='line_1_28' title="bbox 541 2675 2098 2740; baseline 0.007 -11"><span class='ocrx_word' id='word_1_165' title='bbox 541 2675 744 2735; x_wconf 82' lang='lat' dir='ltr'><strong>aufers.</strong></span> <span class='ocrx_word' id='word_1_166' title='bbox 769 2679 862 2733; x_wconf 90' lang='lat' dir='ltr'><strong>sed</strong></span> <span class='ocrx_word' id='word_1_167' title='bbox 893 2680 1147 2736; x_wconf 85' lang='lat' dir='ltr'><strong>concedis</strong></span> <span class='ocrx_word' id='word_1_168' title='bbox 1180 2689 1239 2735; x_wconf 91' lang='lat' dir='ltr'><strong>ut</strong></span> <span class='ocrx_word' id='word_1_169' title='bbox 1272 2685 1518 2739; x_wconf 91' lang='lat' dir='ltr'><strong>conversi</strong></span> <span class='ocrx_word' id='word_1_170' title='bbox 1537 2684 2098 2740; x_wconf 64' lang='lat' dir='ltr'><strong>salvemuL—Vitale</strong></span> 
     </span>
    </p>
   </div>
   <div class='ocr_carea' id='block_1_29' title="bbox 542 2768 2097 2843">
    <p class='ocr_par' dir='ltr' id='par_1_29' title="bbox 542 2768 2097 2843">
     <span class='ocr_line' id='line_1_29' title="bbox 542 2768 2097 2843; baseline 0.008 -24"><span class='ocrx_word' id='word_1_171' title='bbox 542 2768 707 2837; x_wconf 80' lang='lat' dir='ltr'><strong>igitur</strong></span> <span class='ocrx_word' id='word_1_172' title='bbox 739 2783 862 2822; x_wconf 89' lang='lat' dir='ltr'><strong>cum</strong></span> <span class='ocrx_word' id='word_1_173' title='bbox 890 2786 1072 2825; x_wconf 89' lang='lat' dir='ltr'><strong>semen</strong></span> <span class='ocrx_word' id='word_1_174' title='bbox 1116 2778 1509 2842; x_wconf 82' lang='lat' dir='ltr'><strong>acceperimus,</strong></span> <span class='ocrx_word' id='word_1_175' title='bbox 1565 2785 1771 2831; x_wconf 86' lang='lat' dir='ltr'><strong>terrore</strong></span> <span class='ocrx_word' id='word_1_176' title='bbox 1818 2777 2097 2843; x_wconf 90' lang='lat' dir='ltr'><strong>commoti,</strong></span> 
     </span>
    </p>
   </div>
   <div class='ocr_carea' id='block_1_30' title="bbox 541 2863 2096 2937">
    <p class='ocr_par' dir='ltr' id='par_1_30' title="bbox 541 2863 2096 2937">
     <span class='ocr_line' id='line_1_30' title="bbox 541 2863 2096 2937; baseline 0.006 -25"><span class='ocrx_word' id='word_1_177' title='bbox 541 2873 733 2928; x_wconf 74' lang='lat' dir='ltr'><strong>pmnas</strong></span> <span class='ocrx_word' id='word_1_178' title='bbox 785 2875 973 2916; x_wconf 87' lang='lat' dir='ltr'><strong>omnes</strong></span> <span class='ocrx_word' id='word_1_179' title='bbox 1017 2863 1374 2934; x_wconf 76' lang='lat' dir='ltr'><strong>effugiemus;</strong></span> <span class='ocrx_word' id='word_1_180' title='bbox 1428 2881 1553 2921; x_wconf 89' lang='lat' dir='ltr'><strong>nam</strong></span> <span class='ocrx_word' id='word_1_181' title='bbox 1588 2867 1682 2937; x_wconf 90' lang='lat' dir='ltr'><strong>qui</strong></span> <span class='ocrx_word' id='word_1_182' title='bbox 1712 2867 1866 2937; x_wconf 91' lang='lat' dir='ltr'><strong>prius</strong></span> <span class='ocrx_word' id='word_1_183' title='bbox 1896 2869 2096 2921; x_wconf 91' lang='lat' dir='ltr'><strong>mortui</strong></span> 
     </span>
    </p>
   </div>
   <div class='ocr_carea' id='block_1_31' title="bbox 539 2951 2096 3027">
    <p class='ocr_par' dir='ltr' id='par_1_31' title="bbox 539 2951 2096 3027">
     <span class='ocr_line' id='line_1_31' title="bbox 539 2951 2096 3027; baseline 0.006 -22"><span class='ocrx_word' id='word_1_184' title='bbox 539 2951 814 3007; x_wconf 79' lang='lat' dir='ltr'><strong>fueramus</strong></span> <span class='ocrx_word' id='word_1_185' title='bbox 840 2961 1062 3021; x_wconf 88' lang='lat' dir='ltr'><strong>peccato</strong></span> <span class='ocrx_word' id='word_1_186' title='bbox 1113 2963 1167 3009; x_wconf 88' lang='lat' dir='ltr'><strong>et</strong></span> <span class='ocrx_word' id='word_1_187' title='bbox 1202 2957 1619 3025; x_wconf 87' lang='lat' dir='ltr'><strong>cupiditatibus,</strong></span> <span class='ocrx_word' id='word_1_188' title='bbox 1653 2975 1799 3012; x_wconf 92' lang='lat' dir='ltr'><strong>nunc</strong></span> <span class='ocrx_word' id='word_1_189' title='bbox 1836 2960 1991 3027; x_wconf 86' lang='lat' dir='ltr'><strong>quasi</strong></span> <span class='ocrx_word' id='word_1_190' title='bbox 2027 2960 2096 3015; x_wconf 91' lang='lat' dir='ltr'><strong>de</strong></span> 
     </span>
    </p>
   </div>
   <div class='ocr_carea' id='block_1_32' title="bbox 2215 449 3773 527">
    <p class='ocr_par' dir='ltr' id='par_1_32' title="bbox 2215 449 3773 527">
     <span class='ocr_line' id='line_1_32' title="bbox 2215 449 3773 527; baseline -0.002 -19"><span class='ocrx_word' id='word_1_191' title='bbox 2215 472 2312 527; x_wconf 89' lang='grc' dir='ltr'><strong>νην</strong></span> <span class='ocrx_word' id='word_1_192' title='bbox 2362 455 2496 526; x_wconf 82' lang='grc' dir='ltr'>πρὸς</span> <span class='ocrx_word' id='word_1_193' title='bbox 2544 452 2876 524; x_wconf 66' lang='grc' dir='ltr'>ἐπιστροφὴν</span> <span class='ocrx_word' id='word_1_194' title='bbox 2948 451 3055 503; x_wconf 84' lang='grc' dir='ltr'><strong>τῶν</strong></span> <span class='ocrx_word' id='word_1_195' title='bbox 3097 451 3381 522; x_wconf 79' lang='grc' dir='ltr'><strong>ἡμετέρων</strong></span> <span class='ocrx_word' id='word_1_196' title='bbox 3437 449 3647 519; x_wconf 72' lang='grc' dir='ltr'>ψυχῶν.</span> <span class='ocrx_word' id='word_1_197' title='bbox 3704 453 3773 520; x_wconf 72' lang='grc' dir='ltr'>μὴ</span> 
     </span>
    </p>
   </div>
   <div class='ocr_carea' id='block_1_33' title="bbox 2217 538 3772 613">
    <p class='ocr_par' dir='ltr' id='par_1_33' title="bbox 2217 538 3772 613">
     <span class='ocr_line' id='line_1_33' title="bbox 2217 538 3772 613; baseline -0.003 -19"><span class='ocrx_word' id='word_1_198' title='bbox 2217 541 2398 611; x_wconf 86' lang='grc' dir='ltr'>μέντοι</span> <span class='ocrx_word' id='word_1_199' title='bbox 2421 544 2500 605; x_wconf 89' lang='grc' dir='ltr'><strong>είς</strong></span> <span class='ocrx_word' id='word_1_200' title='bbox 2532 540 2728 613; x_wconf 73' lang='grc' dir='ltr'>πρᾶξιν</span> <span class='ocrx_word' id='word_1_201' title='bbox 2751 540 2881 612; x_wconf 85' lang='grc' dir='ltr'><strong>μηδέ</strong></span> <span class='ocrx_word' id='word_1_202' title='bbox 2900 541 2978 602; x_wconf 89' lang='grc' dir='ltr'>εἰς</span> <span class='ocrx_word' id='word_1_203' title='bbox 3004 538 3160 610; x_wconf 80' lang='grc' dir='ltr'>ἔργον</span> <span class='ocrx_word' id='word_1_204' title='bbox 3190 539 3475 611; x_wconf 79' lang='grc' dir='ltr'><strong>χωροῦσαν</strong></span> <span class='ocrx_word' id='word_1_205' title='bbox 3494 538 3772 608; x_wconf 81' lang='grc' dir='ltr'>σημαίνει·</span> 
     </span>
    </p>
   </div>
   <div class='ocr_carea' id='block_1_34' title="bbox 2214 630 3774 705">
    <p class='ocr_par' dir='ltr' id='par_1_34' title="bbox 2214 630 3774 705">
     <span class='ocr_line' id='line_1_34' title="bbox 2214 630 3774 705; baseline -0.002 -18"><span class='ocrx_word' id='word_1_206' title='bbox 2214 634 2589 704; x_wconf 81' lang='grc' dir='ltr'>φιλάνθρωπος</span> <span class='ocrx_word' id='word_1_207' title='bbox 2626 634 2732 705; x_wconf 85' lang='grc' dir='ltr'>γὰρ</span> <span class='ocrx_word' id='word_1_208' title='bbox 2761 631 2836 685; x_wconf 83' lang='grc' dir='ltr'><strong>ὢν</strong></span> <span class='ocrx_word' id='word_1_209' title='bbox 2866 632 3095 695; x_wconf 82' lang='grc' dir='ltr'>ἀπειλεῖ,</span> <span class='ocrx_word' id='word_1_210' title='bbox 3124 632 3230 695; x_wconf 80' lang='grc' dir='ltr'>ἵνα,</span> <span class='ocrx_word' id='word_1_211' title='bbox 3277 631 3355 703; x_wconf 79' lang='grc' dir='ltr'>τῷ</span> <span class='ocrx_word' id='word_1_212' title='bbox 3386 630 3532 701; x_wconf 56' lang='grc' dir='ltr'>φόϐῳ</span> <span class='ocrx_word' id='word_1_213' title='bbox 3554 631 3774 701; x_wconf 79' lang='grc' dir='ltr'>χαλινα-</span> 
     </span>
    </p>
   </div>
   <div class='ocr_carea' id='block_1_35' title="bbox 2212 722 3768 796">
    <p class='ocr_par' dir='ltr' id='par_1_35' title="bbox 2212 722 3768 796">
     <span class='ocr_line' id='line_1_35' title="bbox 2212 722 3768 796; baseline -0.003 -18"><span class='ocrx_word' id='word_1_214' title='bbox 2212 726 2486 795; x_wconf 84' lang='grc' dir='ltr'>γωγήσας,</span> <span class='ocrx_word' id='word_1_215' title='bbox 2528 725 2887 796; x_wconf 84' lang='grc' dir='ltr'>μετανοήσασι</span> <span class='ocrx_word' id='word_1_216' title='bbox 2925 723 2999 794; x_wconf 80' lang='grc' dir='ltr'>μὴ</span> <span class='ocrx_word' id='word_1_217' title='bbox 3050 724 3315 792; x_wconf 76' lang='grc' dir='ltr'><strong>ἐπαγάγοι</strong></span> <span class='ocrx_word' id='word_1_218' title='bbox 3346 722 3447 793; x_wconf 77' lang='grc' dir='ltr'><strong>τὴν</strong></span> <span class='ocrx_word' id='word_1_219' title='bbox 3475 725 3768 794; x_wconf 74' lang='grc' dir='ltr'>τιμωρίανο</span> 
     </span>
    </p>
   </div>
   <div class='ocr_carea' id='block_1_36' title="bbox 2211 815 3773 888">
    <p class='ocr_par' dir='ltr' id='par_1_36' title="bbox 2211 815 3773 888">
     <span class='ocr_line' id='line_1_36' title="bbox 2211 815 3773 888; baseline -0.001 -18"><span class='ocrx_word' id='word_1_220' title='bbox 2211 817 2330 870; x_wconf 80' lang='grc' dir='ltr'>οὐδὲ</span> <span class='ocrx_word' id='word_1_221' title='bbox 2372 817 2478 888; x_wconf 82' lang='grc' dir='ltr'><strong>γὰρ</strong></span> <span class='ocrx_word' id='word_1_222' title='bbox 2504 816 2683 888; x_wconf 82' lang='grc' dir='ltr'>χαίρει</span> <span class='ocrx_word' id='word_1_223' title='bbox 2716 817 2809 869; x_wconf 76' lang='grc' dir='ltr'><strong>ἐπὶ</strong></span> <span class='ocrx_word' id='word_1_224' title='bbox 2837 815 2914 887; x_wconf 84' lang='grc' dir='ltr'>τῷ</span> <span class='ocrx_word' id='word_1_225' title='bbox 2940 816 3189 887; x_wconf 75' lang='grc' dir='ltr'><strong>ἡμετέρῳ</strong></span> <span class='ocrx_word' id='word_1_226' title='bbox 3221 815 3459 885; x_wconf 80' lang='grc' dir='ltr'>θανάτῳ,</span> <span class='ocrx_word' id='word_1_227' title='bbox 3487 816 3598 867; x_wconf 61' lang='lat' dir='ltr'><strong>o’arl‘:</strong></span> <span class='ocrx_word' id='word_1_228' title='bbox 3632 817 3773 868; x_wconf 81' lang='grc' dir='ltr'>ἀπο-</span> 
     </span>
    </p>
   </div>
   <div class='ocr_carea' id='block_1_37' title="bbox 2210 906 3771 981">
    <p class='ocr_par' dir='ltr' id='par_1_37' title="bbox 2210 906 3771 981">
     <span class='ocr_line' id='line_1_37' title="bbox 2210 906 3771 981; baseline -0.003 -20"><span class='ocrx_word' id='word_1_229' title='bbox 2210 908 2467 962; x_wconf 84' lang='grc' dir='ltr'>διάκειται</span> <span class='ocrx_word' id='word_1_230' title='bbox 2520 910 2655 981; x_wconf 75' lang='grc' dir='ltr'>πρὸς</span> <span class='ocrx_word' id='word_1_231' title='bbox 2677 910 2745 962; x_wconf 90' lang='grc' dir='ltr'><strong>τά</strong></span> <span class='ocrx_word' id='word_1_232' title='bbox 2793 906 2982 962; x_wconf 82' lang='grc' dir='ltr'>ἑαυτοῦ</span> <span class='ocrx_word' id='word_1_233' title='bbox 3028 908 3326 978; x_wconf 80' lang='grc' dir='ltr'>ποιήματα,</span> <span class='ocrx_word' id='word_1_234' title='bbox 3355 906 3480 958; x_wconf 77' lang='grc' dir='ltr'>οὐδὲ</span> <span class='ocrx_word' id='word_1_235' title='bbox 3518 911 3652 958; x_wconf 79' lang='grc' dir='ltr'>ποιεῖ</span> <span class='ocrx_word' id='word_1_236' title='bbox 3682 907 3771 958; x_wconf 76' lang='grc' dir='ltr'><strong>ἵνα</strong></span> 
     </span>
    </p>
   </div>
   <div class='ocr_carea' id='block_1_38' title="bbox 2210 994 3770 1072">
    <p class='ocr_par' dir='ltr' id='par_1_38' title="bbox 2210 994 3770 1072">
     <span class='ocr_line' id='line_1_38' title="bbox 2210 994 3770 1072; baseline -0.014 -2"><span class='ocrx_word' id='word_1_237' title='bbox 2210 998 2305 1070; x_wconf 72' lang='grc' dir='ltr'><strong>ἔχη</strong></span> <span class='ocrx_word' id='word_1_238' title='bbox 2358 1000 2482 1063; x_wconf 73' lang='grc' dir='ltr'>τοὺς</span> <span class='ocrx_word' id='word_1_239' title='bbox 2530 1000 2988 1072; x_wconf 82' lang='grc' dir='ltr'><strong>τιμωρουμένους.</strong></span> <span class='ocrx_word' id='word_1_240' title='bbox 3039 999 3212 1068; x_wconf 75' lang='grc' dir='ltr'>Εἴπερ</span> <span class='ocrx_word' id='word_1_241' title='bbox 3256 999 3362 1070; x_wconf 86' lang='grc' dir='ltr'><strong>γάρ</strong></span> <span class='ocrx_word' id='word_1_242' title='bbox 3408 994 3476 1069; x_wconf 78' lang='grc' dir='ltr'><strong>ἦν</strong></span> <span class='ocrx_word' id='word_1_243' title='bbox 3515 998 3770 1062; x_wconf 74' lang='grc' dir='ltr'>τοιοῦτος,</span> 
     </span>
    </p>
   </div>
   <div class='ocr_carea' id='block_1_39' title="bbox 2210 1087 3772 1160">
    <p class='ocr_par' dir='ltr' id='par_1_39' title="bbox 2210 1087 3772 1160">
     <span class='ocr_line' id='line_1_39' title="bbox 2210 1087 3772 1160; baseline 0 -20"><span class='ocrx_word' id='word_1_244' title='bbox 2210 1089 2337 1158; x_wconf 83' lang='grc' dir='ltr'>ἐνῆν</span> <span class='ocrx_word' id='word_1_245' title='bbox 2360 1089 2521 1141; x_wconf 78' lang='grc' dir='ltr'>αὐτὸν</span> <span class='ocrx_word' id='word_1_246' title='bbox 2540 1092 2715 1160; x_wconf 82' lang='grc' dir='ltr'>σιωπῇ</span> <span class='ocrx_word' id='word_1_247' title='bbox 2748 1089 2841 1141; x_wconf 79' lang='grc' dir='ltr'>καὶ</span> <span class='ocrx_word' id='word_1_248' title='bbox 2868 1088 2966 1158; x_wconf 75' lang='grc' dir='ltr'><strong>τὴν</strong></span> <span class='ocrx_word' id='word_1_249' title='bbox 2989 1087 3257 1157; x_wconf 76' lang='grc' dir='ltr'><strong>τιμωρίαν</strong></span> <span class='ocrx_word' id='word_1_250' title='bbox 3281 1090 3589 1155; x_wconf 71' lang='grc' dir='ltr'><strong>ἐπαγαγεῖν</strong></span> <span class='ocrx_word' id='word_1_251' title='bbox 3610 1106 3623 1117; x_wconf 86' lang='grc'>·</span> <span class='ocrx_word' id='word_1_252' title='bbox 3648 1089 3772 1140; x_wconf 67' lang='grc' dir='ltr'>ἀλλὰ</span> 
     </span>
    </p>
   </div>
   <div class='ocr_carea' id='block_1_40' title="bbox 2212 1180 3774 1250">
    <p class='ocr_par' dir='ltr' id='par_1_40' title="bbox 2212 1180 3774 1250">
     <span class='ocr_line' id='line_1_40' title="bbox 2212 1180 3774 1250; baseline -0.001 -18"><span class='ocrx_word' id='word_1_253' title='bbox 2212 1182 2388 1235; x_wconf 84' lang='grc' dir='ltr'>πάντα</span> <span class='ocrx_word' id='word_1_254' title='bbox 2421 1181 2591 1250; x_wconf 89' lang='grc' dir='ltr'>λέγει,</span> <span class='ocrx_word' id='word_1_255' title='bbox 2652 1183 2747 1235; x_wconf 74' lang='grc' dir='ltr'><strong>καὶ</strong></span> <span class='ocrx_word' id='word_1_256' title='bbox 2788 1181 2895 1234; x_wconf 84' lang='grc' dir='ltr'><strong>ἀπὸ</strong></span> <span class='ocrx_word' id='word_1_257' title='bbox 2931 1181 3143 1234; x_wconf 86' lang='grc' dir='ltr'>πάντων</span> <span class='ocrx_word' id='word_1_258' title='bbox 3174 1180 3280 1232; x_wconf 82' lang='grc' dir='ltr'><strong>τῶν</strong></span> <span class='ocrx_word' id='word_1_259' title='bbox 3315 1181 3563 1249; x_wconf 74' lang='grc' dir='ltr'>φοϐερῶν</span> <span class='ocrx_word' id='word_1_260' title='bbox 3593 1180 3774 1233; x_wconf 68' lang='grc' dir='ltr'>ἐαυτίςν</span> 
     </span>
    </p>
   </div>
   <div class='ocr_carea' id='block_1_41' title="bbox 2208 1268 3773 1341">
    <p class='ocr_par' dir='ltr' id='par_1_41' title="bbox 2208 1268 3773 1341">
     <span class='ocr_line' id='line_1_41' title="bbox 2208 1268 3773 1341; baseline -0.001 -18"><span class='ocrx_word' id='word_1_261' title='bbox 2208 1271 2573 1341; x_wconf 75' lang='grc' dir='ltr'>γνωρίζεσθαι</span> <span class='ocrx_word' id='word_1_262' title='bbox 2592 1271 2828 1330; x_wconf 82' lang='grc' dir='ltr'>σπεύδει,</span> <span class='ocrx_word' id='word_1_263' title='bbox 2852 1270 2918 1323; x_wconf 79' lang='grc' dir='ltr'>ἵν’</span> <span class='ocrx_word' id='word_1_264' title='bbox 2933 1271 3109 1340; x_wconf 76' lang='grc' dir='ltr'>ἡμεῖς,</span> <span class='ocrx_word' id='word_1_265' title='bbox 3129 1270 3410 1332; x_wconf 70' lang='grc' dir='ltr'>ἀκούοντες</span> <span class='ocrx_word' id='word_1_266' title='bbox 3433 1268 3468 1322; x_wconf 77' lang='lat' dir='ltr'><strong>a</strong></span> <span class='ocrx_word' id='word_1_267' title='bbox 3488 1269 3773 1338; x_wconf 70' lang='grc' dir='ltr'>εἰθίσμεθα</span> 
     </span>
    </p>
   </div>
   <div class='ocr_carea' id='block_1_42' title="bbox 2209 1360 3773 1433">
    <p class='ocr_par' dir='ltr' id='par_1_42' title="bbox 2209 1360 3773 1433">
     <span class='ocr_line' id='line_1_42' title="bbox 2209 1360 3773 1433; baseline -0.022 13"><span class='ocrx_word' id='word_1_268' title='bbox 2209 1360 2506 1428; x_wconf 61' lang='grc' dir='ltr'><strong>φοϐεῖσθαιν</strong></span> <span class='ocrx_word' id='word_1_269' title='bbox 2539 1362 2644 1433; x_wconf 72' lang='grc' dir='ltr'>πρὸ</span> <span class='ocrx_word' id='word_1_270' title='bbox 2686 1362 2781 1432; x_wconf 71' lang='grc' dir='ltr'><strong>τῆς</strong></span> <span class='ocrx_word' id='word_1_271' title='bbox 2809 1360 2961 1430; x_wconf 78' lang='grc' dir='ltr'>δίκης</span> <span class='ocrx_word' id='word_1_272' title='bbox 3002 1361 3423 1432; x_wconf 78' lang='grc' dir='ltr'>ἐπιστρέψαντες</span> <span class='ocrx_word' id='word_1_273' title='bbox 3461 1361 3624 1431; x_wconf 82' lang='lat' dir='ltr'><strong>(Cod.</strong></span> <span class='ocrx_word' id='word_1_274' title='bbox 3656 1362 3773 1413; x_wconf 82' lang='grc' dir='ltr'>ἐπι-</span> 
     </span>
    </p>
   </div>
   <div class='ocr_carea' id='block_1_43' title="bbox 2209 1452 2842 1525">
    <p class='ocr_par' dir='ltr' id='par_1_43' title="bbox 2209 1452 2842 1525">
     <span class='ocr_line' id='line_1_43' title="bbox 2209 1452 2842 1525; baseline 0.002 -19"><span class='ocrx_word' id='word_1_275' title='bbox 2209 1453 2530 1523; x_wconf 77' lang='grc' dir='ltr'><strong>γράψαντες)</strong></span> <span class='ocrx_word' id='word_1_276' title='bbox 2564 1452 2842 1525; x_wconf 81' lang='grc' dir='ltr'>σωθῶμεν.</span> 
     </span>
    </p>
   </div>
   <div class='ocr_carea' id='block_1_44' title="bbox 2291 1563 3771 1634">
    <p class='ocr_par' dir='ltr' id='par_1_44' title="bbox 2291 1563 3771 1634">
     <span class='ocr_line' id='line_1_44' title="bbox 2291 1563 3771 1634; baseline -0.001 -18"><span class='ocrx_word' id='word_1_277' title='bbox 2291 1563 2591 1634; x_wconf 81' lang='grc' dir='ltr'>Ἀγαπητὸν</span> <span class='ocrx_word' id='word_1_278' title='bbox 2633 1564 2863 1617; x_wconf 85' lang='grc' dir='ltr'>ἐνταῦθα</span> <span class='ocrx_word' id='word_1_279' title='bbox 2897 1564 3044 1633; x_wconf 80' lang='grc' dir='ltr'>λέγει</span> <span class='ocrx_word' id='word_1_280' title='bbox 3066 1565 3157 1618; x_wconf 80' lang='grc' dir='ltr'>τὸν</span> <span class='ocrx_word' id='word_1_281' title='bbox 3187 1564 3413 1634; x_wconf 80' lang='grc' dir='ltr'>Σωτῆρα</span> <span class='ocrx_word' id='word_1_282' title='bbox 3460 1563 3650 1633; x_wconf 74' lang='grc' dir='ltr'>ἡμῶν·</span> <span class='ocrx_word' id='word_1_283' title='bbox 3678 1565 3771 1615; x_wconf 78' lang='grc' dir='ltr'><strong>καὶ</strong></span> 
     </span>
    </p>
   </div>
   <div class='ocr_carea' id='block_1_45' title="bbox 2208 1651 3770 1727">
    <p class='ocr_par' dir='ltr' id='par_1_45' title="bbox 2208 1651 3770 1727">
     <span class='ocr_line' id='line_1_45' title="bbox 2208 1651 3770 1727; baseline -0.002 -18"><span class='ocrx_word' id='word_1_284' title='bbox 2208 1656 2315 1727; x_wconf 86' lang='grc' dir='ltr'>γὰρ</span> <span class='ocrx_word' id='word_1_285' title='bbox 2340 1657 2430 1725; x_wconf 75' lang='grc' dir='ltr'><strong>ἀφ’</strong></span> <span class='ocrx_word' id='word_1_286' title='bbox 2456 1651 2516 1710; x_wconf 79' lang='grc' dir='ltr'>οὗ</span> <span class='ocrx_word' id='word_1_287' title='bbox 2532 1656 2672 1710; x_wconf 86' lang='grc' dir='ltr'><strong>κατὰ</strong></span> <span class='ocrx_word' id='word_1_288' title='bbox 2700 1655 2797 1726; x_wconf 80' lang='grc' dir='ltr'><strong>τὴν</strong></span> <span class='ocrx_word' id='word_1_289' title='bbox 2839 1657 3171 1726; x_wconf 75' lang='grc' dir='ltr'>προφητείαν</span> <span class='ocrx_word' id='word_1_290' title='bbox 3198 1658 3231 1725; x_wconf 78' lang='grc' dir='ltr'>ἡ</span> <span class='ocrx_word' id='word_1_291' title='bbox 3254 1654 3532 1726; x_wconf 82' lang='grc' dir='ltr'>Παρθένος</span> <span class='ocrx_word' id='word_1_292' title='bbox 3560 1655 3770 1722; x_wconf 79' lang='grc' dir='ltr'>λέγεται</span> 
     </span>
    </p>
   </div>
   <div class='ocr_carea' id='block_1_46' title="bbox 2207 1743 3765 1815">
    <p class='ocr_par' dir='ltr' id='par_1_46' title="bbox 2207 1743 3765 1815">
     <span class='ocr_line' id='line_1_46' title="bbox 2207 1743 3765 1815; baseline 0 -18"><span class='ocrx_word' id='word_1_293' title='bbox 2207 1746 2518 1809; x_wconf 75' lang='grc' dir='ltr'>τετοκέναι,</span> <span class='ocrx_word' id='word_1_294' title='bbox 2562 1744 2875 1815; x_wconf 78' lang='grc' dir='ltr'>ἁπανταχοῦ</span> <span class='ocrx_word' id='word_1_295' title='bbox 2934 1745 3258 1815; x_wconf 77' lang='grc' dir='ltr'>εὐαφὸρμως</span> <span class='ocrx_word' id='word_1_296' title='bbox 3306 1743 3633 1814; x_wconf 69' lang='grc' dir='ltr'>μνημονεύει</span> <span class='ocrx_word' id='word_1_297' title='bbox 3673 1747 3765 1797; x_wconf 77' lang='grc' dir='ltr'><strong>τοῦ</strong></span> 
     </span>
    </p>
   </div>
   <div class='ocr_carea' id='block_1_47' title="bbox 2207 1834 3761 1907">
    <p class='ocr_par' dir='ltr' id='par_1_47' title="bbox 2207 1834 3761 1907">
     <span class='ocr_line' id='line_1_47' title="bbox 2207 1834 3761 1907; baseline 0.001 -19"><span class='ocrx_word' id='word_1_298' title='bbox 2207 1836 2436 1890; x_wconf 84' lang='grc' dir='ltr'>παιδίου.</span> <span class='ocrx_word' id='word_1_299' title='bbox 2484 1837 2699 1907; x_wconf 81' lang='grc' dir='ltr'>Ἐπειδὴ</span> <span class='ocrx_word' id='word_1_300' title='bbox 2736 1836 2915 1889; x_wconf 79' lang='grc' dir='ltr'>τοίνυν</span> <span class='ocrx_word' id='word_1_301' title='bbox 2950 1836 3018 1889; x_wconf 84' lang='grc' dir='ltr'><strong>τά</strong></span> <span class='ocrx_word' id='word_1_302' title='bbox 3047 1837 3290 1907; x_wconf 78' lang='grc' dir='ltr'>ἡμέτερα</span> <span class='ocrx_word' id='word_1_303' title='bbox 3325 1834 3576 1899; x_wconf 85' lang='grc' dir='ltr'>τοιαῦτα,</span> <span class='ocrx_word' id='word_1_304' title='bbox 3610 1839 3761 1906; x_wconf 64' lang='grc' dir='ltr'>φησι,</span> 
     </span>
    </p>
   </div>
   <div class='ocr_carea' id='block_1_48' title="bbox 2203 1926 3768 1999">
    <p class='ocr_par' dir='ltr' id='par_1_48' title="bbox 2203 1926 3768 1999">
     <span class='ocr_line' id='line_1_48' title="bbox 2203 1926 3768 1999; baseline 0.002 -19"><span class='ocrx_word' id='word_1_305' title='bbox 2203 1928 2425 1996; x_wconf 84' lang='grc' dir='ltr'>γέγονεν</span> <span class='ocrx_word' id='word_1_306' title='bbox 2473 1928 2549 1991; x_wconf 83' lang='grc' dir='ltr'>ὡς</span> <span class='ocrx_word' id='word_1_307' title='bbox 2586 1926 2671 1981; x_wconf 78' lang='grc' dir='ltr'>διὰ</span> <span class='ocrx_word' id='word_1_308' title='bbox 2712 1928 2960 1998; x_wconf 83' lang='grc' dir='ltr'>μεγάλων</span> <span class='ocrx_word' id='word_1_309' title='bbox 2997 1926 3270 1999; x_wconf 82' lang='grc' dir='ltr'>τιμωριῶν</span> <span class='ocrx_word' id='word_1_310' title='bbox 3311 1927 3370 1979; x_wconf 76' lang='grc' dir='ltr'><strong>τὸ</strong></span> <span class='ocrx_word' id='word_1_311' title='bbox 3409 1927 3573 1996; x_wconf 80' lang='grc' dir='ltr'>χρέος</span> <span class='ocrx_word' id='word_1_312' title='bbox 3597 1932 3768 1982; x_wconf 79' lang='grc' dir='ltr'>ἐκτιν-</span> 
     </span>
    </p>
   </div>
   <div class='ocr_carea' id='block_1_49' title="bbox 2201 2016 3762 2092">
    <p class='ocr_par' dir='ltr' id='par_1_49' title="bbox 2201 2016 3762 2092">
     <span class='ocr_line' id='line_1_49' title="bbox 2201 2016 3762 2092; baseline 0.003 -21"><span class='ocrx_word' id='word_1_313' title='bbox 2201 2019 2373 2085; x_wconf 83' lang='grc' dir='ltr'>νύναι,</span> <span class='ocrx_word' id='word_1_314' title='bbox 2426 2018 2584 2089; x_wconf 87' lang='grc' dir='ltr'>χρεία</span> <span class='ocrx_word' id='word_1_315' title='bbox 2638 2019 2697 2071; x_wconf 86' lang='grc' dir='ltr'><strong>τὸ</strong></span> <span class='ocrx_word' id='word_1_316' title='bbox 2755 2018 2938 2072; x_wconf 73' lang='grc' dir='ltr'>λοιπὸν</span> <span class='ocrx_word' id='word_1_317' title='bbox 2982 2019 3075 2072; x_wconf 88' lang='grc' dir='ltr'><strong>τοῦ</strong></span> <span class='ocrx_word' id='word_1_318' title='bbox 3112 2016 3393 2087; x_wconf 74' lang='grc' dir='ltr'>ἀγαπητοῦ</span> <span class='ocrx_word' id='word_1_319' title='bbox 3422 2034 3535 2085; x_wconf 77' lang='grc' dir='ltr'><strong>σου¹</strong></span> <span class='ocrx_word' id='word_1_320' title='bbox 3578 2020 3762 2092; x_wconf 84' lang='grc' dir='ltr'>χάριτι</span> 
     </span>
    </p>
   </div>
   <div class='ocr_carea' id='block_1_50' title="bbox 2202 2110 3034 2182">
    <p class='ocr_par' dir='ltr' id='par_1_50' title="bbox 2202 2110 3034 2182">
     <span class='ocr_line' id='line_1_50' title="bbox 2202 2110 3034 2182; baseline 0.002 -20"><span class='ocrx_word' id='word_1_321' title='bbox 2202 2112 2332 2181; x_wconf 82' lang='grc' dir='ltr'>ἡμῖν</span> <span class='ocrx_word' id='word_1_322' title='bbox 2364 2110 2578 2174; x_wconf 78' lang='grc' dir='ltr'>λύοντος</span> <span class='ocrx_word' id='word_1_323' title='bbox 2605 2110 2702 2173; x_wconf 88' lang='grc' dir='ltr'><strong>τάς</strong></span> <span class='ocrx_word' id='word_1_324' title='bbox 2734 2111 3034 2182; x_wconf 74' lang='grc' dir='ltr'>συμφοράς.</span> 
     </span>
    </p>
   </div>
   <div class='ocr_carea' id='block_1_51' title="bbox 2270 2219 3762 2298">
    <p class='ocr_par' dir='ltr' id='par_1_51' title="bbox 2270 2219 3762 2298">
     <span class='ocr_line' id='line_1_51' title="bbox 2270 2219 3762 2298; baseline 0.006 -26"><span class='ocrx_word' id='word_1_325' title='bbox 2270 2219 2378 2291; x_wconf 84' lang='grc' dir='ltr'><strong>Τὴν</strong></span> <span class='ocrx_word' id='word_1_326' title='bbox 2415 2221 2477 2273; x_wconf 83' lang='grc' dir='ltr'><strong>ἐκ</strong></span> <span class='ocrx_word' id='word_1_327' title='bbox 2525 2220 2624 2290; x_wconf 82' lang='grc' dir='ltr'>τῆς</span> <span class='ocrx_word' id='word_1_328' title='bbox 2672 2220 2901 2290; x_wconf 79' lang='grc' dir='ltr'>ἀπειλῆς</span> <span class='ocrx_word' id='word_1_329' title='bbox 2940 2221 3206 2291; x_wconf 71' lang='grc' dir='ltr'>ὠφέλειαν</span> <span class='ocrx_word' id='word_1_330' title='bbox 3241 2226 3521 2295; x_wconf 63' lang='grc' dir='ltr'>ἐμφαίνειο</span> <span class='ocrx_word' id='word_1_331' title='bbox 3574 2228 3762 2298; x_wconf 75' lang='grc' dir='ltr'>ὥσπερ</span> 
     </span>
    </p>
   </div>
   <div class='ocr_carea' id='block_1_52' title="bbox 2200 2310 3763 2382">
    <p class='ocr_par' dir='ltr' id='par_1_52' title="bbox 2200 2310 3763 2382">
     <span class='ocr_line' id='line_1_52' title="bbox 2200 2310 3763 2382; baseline 0.004 -19"><span class='ocrx_word' id='word_1_332' title='bbox 2200 2310 2308 2380; x_wconf 82' lang='grc' dir='ltr'>γὰρ</span> <span class='ocrx_word' id='word_1_333' title='bbox 2338 2311 2559 2382; x_wconf 85' lang='grc' dir='ltr'>σπέρμα</span> <span class='ocrx_word' id='word_1_334' title='bbox 2588 2310 2879 2381; x_wconf 82' lang='grc' dir='ltr'>δεξάμενος</span> <span class='ocrx_word' id='word_1_335' title='bbox 2923 2311 3126 2379; x_wconf 82' lang='grc' dir='ltr'>ἀγαθὸν</span> <span class='ocrx_word' id='word_1_336' title='bbox 3179 2312 3273 2365; x_wconf 83' lang='grc' dir='ltr'><strong>τὸν</strong></span> <span class='ocrx_word' id='word_1_337' title='bbox 3316 2315 3477 2382; x_wconf 64' lang='grc' dir='ltr'>φόϐον</span> <span class='ocrx_word' id='word_1_338' title='bbox 3518 2333 3635 2381; x_wconf 86' lang='grc' dir='ltr'>σου,</span> <span class='ocrx_word' id='word_1_339' title='bbox 3672 2318 3763 2369; x_wconf 83' lang='grc' dir='ltr'><strong>καὶ</strong></span> 
     </span>
    </p>
   </div>
   <div class='ocr_carea' id='block_1_53' title="bbox 2200 2401 3763 2477">
    <p class='ocr_par' dir='ltr' id='par_1_53' title="bbox 2200 2401 3763 2477">
     <span class='ocr_line' id='line_1_53' title="bbox 2200 2401 3763 2477; baseline 0.004 -23"><span class='ocrx_word' id='word_1_340' title='bbox 2200 2401 2384 2455; x_wconf 90' lang='grc' dir='ltr'>τοῦτον</span> <span class='ocrx_word' id='word_1_341' title='bbox 2413 2403 2867 2472; x_wconf 73' lang='grc' dir='ltr'>κυοφορήσαντες,</span> <span class='ocrx_word' id='word_1_342' title='bbox 2895 2403 2952 2453; x_wconf 92' lang='grc' dir='ltr'><strong>ἐν</strong></span> <span class='ocrx_word' id='word_1_343' title='bbox 2981 2403 3159 2474; x_wconf 79' lang='grc' dir='ltr'>καιρῷ</span> <span class='ocrx_word' id='word_1_344' title='bbox 3190 2404 3266 2474; x_wconf 85' lang='grc' dir='ltr'><strong>τῷ</strong></span> <span class='ocrx_word' id='word_1_345' title='bbox 3285 2405 3457 2458; x_wconf 85' lang='grc' dir='ltr'>δέοντι</span> <span class='ocrx_word' id='word_1_346' title='bbox 3490 2409 3763 2477; x_wconf 73' lang='grc' dir='ltr'>σωτηρίαν</span> 
     </span>
    </p>
   </div>
   <div class='ocr_carea' id='block_1_54' title="bbox 2199 2492 3763 2568">
    <p class='ocr_par' dir='ltr' id='par_1_54' title="bbox 2199 2492 3763 2568">
     <span class='ocr_line' id='line_1_54' title="bbox 2199 2492 3763 2568; baseline 0.005 -24"><span class='ocrx_word' id='word_1_347' title='bbox 2199 2492 2657 2563; x_wconf 84' lang='grc' dir='ltr'>ἐκαρπωσάμεθα.</span> <span class='ocrx_word' id='word_1_348' title='bbox 2697 2494 2818 2546; x_wconf 89' lang='grc' dir='ltr'>Ἔτι</span> <span class='ocrx_word' id='word_1_349' title='bbox 2847 2494 2954 2564; x_wconf 78' lang='grc' dir='ltr'>γὰρ</span> <span class='ocrx_word' id='word_1_350' title='bbox 2993 2495 3161 2547; x_wconf 80' lang='grc' dir='ltr'>ὄντων</span> <span class='ocrx_word' id='word_1_351' title='bbox 3192 2495 3349 2566; x_wconf 81' lang='grc' dir='ltr'>ἡμῶν</span> <span class='ocrx_word' id='word_1_352' title='bbox 3373 2497 3464 2549; x_wconf 75' lang='grc' dir='ltr'>ἐπὶ</span> <span class='ocrx_word' id='word_1_353' title='bbox 3490 2498 3613 2568; x_wconf 81' lang='grc' dir='ltr'>γῆς,</span> <span class='ocrx_word' id='word_1_354' title='bbox 3650 2516 3763 2552; x_wconf 79' lang='grc' dir='ltr'>και-</span> 
     </span>
    </p>
   </div>
   <div class='ocr_carea' id='block_1_55' title="bbox 2202 2583 3759 2661">
    <p class='ocr_par' dir='ltr' id='par_1_55' title="bbox 2202 2583 3759 2661">
     <span class='ocr_line' id='line_1_55' title="bbox 2202 2583 3759 2661; baseline 0.006 -25"><span class='ocrx_word' id='word_1_355' title='bbox 2202 2583 2290 2655; x_wconf 81' lang='grc' dir='ltr'><strong>ρὸν</strong></span> <span class='ocrx_word' id='word_1_356' title='bbox 2356 2584 2640 2655; x_wconf 80' lang='grc' dir='ltr'>μετανοίας</span> <span class='ocrx_word' id='word_1_357' title='bbox 2688 2585 2948 2657; x_wconf 90' lang='grc' dir='ltr'>ἐχαρίσω,</span> <span class='ocrx_word' id='word_1_358' title='bbox 3012 2586 3089 2655; x_wconf 83' lang='grc' dir='ltr'>μὴ</span> <span class='ocrx_word' id='word_1_359' title='bbox 3150 2588 3465 2658; x_wconf 82' lang='grc' dir='ltr'>προανελὼν</span> <span class='ocrx_word' id='word_1_360' title='bbox 3528 2593 3593 2661; x_wconf 78' lang='grc' dir='ltr'>τῇ</span> <span class='ocrx_word' id='word_1_361' title='bbox 3643 2589 3759 2647; x_wconf 80' lang='grc' dir='ltr'>κατ’</span> 
     </span>
    </p>
   </div>
   <div class='ocr_carea' id='block_1_56' title="bbox 2198 2675 3758 2752">
    <p class='ocr_par' dir='ltr' id='par_1_56' title="bbox 2198 2675 3758 2752">
     <span class='ocr_line' id='line_1_56' title="bbox 2198 2675 3758 2752; baseline 0.006 -25"><span class='ocrx_word' id='word_1_362' title='bbox 2198 2675 2352 2740; x_wconf 81' lang='grc' dir='ltr'>ἀξίαν</span> <span class='ocrx_word' id='word_1_363' title='bbox 2377 2675 2519 2747; x_wconf 85' lang='grc' dir='ltr'>δίκῃ,</span> <span class='ocrx_word' id='word_1_364' title='bbox 2556 2675 2671 2728; x_wconf 77' lang='grc' dir='ltr'>ἀλλ’</span> <span class='ocrx_word' id='word_1_365' title='bbox 2704 2676 3008 2741; x_wconf 87' lang='grc' dir='ltr'>ἐνδεδωκὼς</span> <span class='ocrx_word' id='word_1_366' title='bbox 3040 2679 3475 2750; x_wconf 76' lang='grc' dir='ltr'>ἐπιστρέψαντας</span> <span class='ocrx_word' id='word_1_367' title='bbox 3500 2682 3758 2752; x_wconf 73' lang='grc' dir='ltr'>σωθῆναι.</span> 
     </span>
    </p>
   </div>
   <div class='ocr_carea' id='block_1_57' title="bbox 2199 2765 3762 2839">
    <p class='ocr_par' dir='ltr' id='par_1_57' title="bbox 2199 2765 3762 2839">
     <span class='ocr_line' id='line_1_57' title="bbox 2199 2765 3762 2839; baseline 0.006 -22"><span class='ocrx_word' id='word_1_368' title='bbox 2199 2796 2267 2807; x_wconf 85' lang='grc'><strong><em>-</em></strong></span> <span class='ocrx_word' id='word_1_369' title='bbox 2293 2765 2584 2837; x_wconf 81' lang='grc' dir='ltr'>Δεξάμενοι</span> <span class='ocrx_word' id='word_1_370' title='bbox 2632 2767 2811 2820; x_wconf 85' lang='grc' dir='ltr'>τοίνυν</span> <span class='ocrx_word' id='word_1_371' title='bbox 2842 2767 2912 2821; x_wconf 76' lang='grc' dir='ltr'>τὰ</span> <span class='ocrx_word' id='word_1_372' title='bbox 2956 2768 3243 2839; x_wconf 86' lang='grc' dir='ltr'>σπέρματα</span> <span class='ocrx_word' id='word_1_373' title='bbox 3275 2771 3345 2823; x_wconf 77' lang='grc' dir='ltr'>τὰ</span> <span class='ocrx_word' id='word_1_374' title='bbox 3376 2772 3629 2836; x_wconf 75' lang='grc' dir='ltr'>ζωοποιά,</span> <span class='ocrx_word' id='word_1_375' title='bbox 3661 2773 3762 2828; x_wconf 74' lang='grc' dir='ltr'><strong>καὶ</strong></span> 
     </span>
    </p>
   </div>
   <div class='ocr_carea' id='block_1_58' title="bbox 2195 2858 3757 2935">
    <p class='ocr_par' dir='ltr' id='par_1_58' title="bbox 2195 2858 3757 2935">
     <span class='ocr_line' id='line_1_58' title="bbox 2195 2858 3757 2935; baseline 0.005 -26"><span class='ocrx_word' id='word_1_376' title='bbox 2195 2858 2287 2913; x_wconf 73' lang='grc' dir='ltr'>τὸν</span> <span class='ocrx_word' id='word_1_377' title='bbox 2313 2858 2475 2925; x_wconf 79' lang='grc' dir='ltr'>φόϐον</span> <span class='ocrx_word' id='word_1_378' title='bbox 2495 2858 2850 2929; x_wconf 85' lang='grc' dir='ltr'>κτησάμενοι,</span> <span class='ocrx_word' id='word_1_379' title='bbox 2869 2859 3261 2931; x_wconf 80' lang='grc' dir='ltr'>διαφευξόμεθα</span> <span class='ocrx_word' id='word_1_380' title='bbox 3278 2864 3456 2915; x_wconf 79' lang='grc' dir='ltr'>πᾶσαν</span> <span class='ocrx_word' id='word_1_381' title='bbox 3469 2866 3757 2935; x_wconf 71' lang='grc' dir='ltr'><strong>τιμωρίαν⁸</strong></span> 
     </span>
    </p>
   </div>
   <div class='ocr_carea' id='block_1_59' title="bbox 2196 2951 3762 3026">
    <p class='ocr_par' dir='ltr' id='par_1_59' title="bbox 2196 2951 3762 3026">
     <span class='ocr_line' id='line_1_59' title="bbox 2196 2951 3762 3026; baseline 0.004 -24"><span class='ocrx_word' id='word_1_382' title='bbox 2196 2951 2245 3002; x_wconf 78' lang='lat' dir='ltr'><strong>oi</strong></span> <span class='ocrx_word' id='word_1_383' title='bbox 2306 2951 2416 3022; x_wconf 89' lang='grc' dir='ltr'><strong>γάρ</strong></span> <span class='ocrx_word' id='word_1_384' title='bbox 2471 2968 2598 3004; x_wconf 88' lang='grc' dir='ltr'>ποτε</span> <span class='ocrx_word' id='word_1_385' title='bbox 2649 2952 2832 3024; x_wconf 78' lang='grc' dir='ltr'>νεκροὶ</span> <span class='ocrx_word' id='word_1_386' title='bbox 2879 2952 3031 3016; x_wconf 79' lang='grc' dir='ltr'>ὅντες</span> <span class='ocrx_word' id='word_1_387' title='bbox 3084 2956 3191 3011; x_wconf 73' lang='grc' dir='ltr'>τοῖς</span> <span class='ocrx_word' id='word_1_388' title='bbox 3226 2955 3636 3026; x_wconf 78' lang='grc' dir='ltr'>παραπτώμασι</span> <span class='ocrx_word' id='word_1_389' title='bbox 3671 2957 3762 3009; x_wconf 71' lang='grc' dir='ltr'><strong>καὶ</strong></span> 
     </span>
    </p>
   </div>
   <div class='ocr_carea' id='block_1_60' title="bbox 536 3040 2092 3135">
    <p class='ocr_par' dir='ltr' id='par_1_60' title="bbox 536 3044 2092 3119">
     <span class='ocr_line' id='line_1_60' title="bbox 536 3044 2092 3119; baseline 0.006 -24"><span class='ocrx_word' id='word_1_390' title='bbox 536 3044 942 3106; x_wconf 88' lang='lat' dir='ltr'><strong>monumentis,</strong></span> <span class='ocrx_word' id='word_1_391' title='bbox 1012 3052 1066 3099; x_wconf 91' lang='lat' dir='ltr'><strong>te</strong></span> <span class='ocrx_word' id='word_1_392' title='bbox 1120 3046 1569 3117; x_wconf 86' lang='lat' dir='ltr'><strong>reprehendente,</strong></span> <span class='ocrx_word' id='word_1_393' title='bbox 1620 3048 2092 3119; x_wconf 83' lang='lat' dir='ltr'><strong>cxpergiscemur;</strong></span> 
     </span>
    </p>
   </div>
   <div class='ocr_carea' id='block_1_61' title="bbox 2198 3040 3757 3135">
    <p class='ocr_par' dir='ltr' id='par_1_61' title="bbox 2198 3040 3757 3115">
     <span class='ocr_line' id='line_1_61' title="bbox 2198 3040 3757 3115; baseline 0.003 -20"><span class='ocrx_word' id='word_1_394' title='bbox 2198 3044 2315 3104; x_wconf 88' lang='grc' dir='ltr'>ταῖς</span> <span class='ocrx_word' id='word_1_395' title='bbox 2335 3040 2645 3111; x_wconf 76' lang='grc' dir='ltr'>ἐπιθυμίαις</span> <span class='ocrx_word' id='word_1_396' title='bbox 2674 3041 2769 3095; x_wconf 87' lang='grc' dir='ltr'><strong>νῦν</strong></span> <span class='ocrx_word' id='word_1_397' title='bbox 2795 3042 3203 3113; x_wconf 79' lang='grc' dir='ltr'>ἐγερθησόμεθα</span> <span class='ocrx_word' id='word_1_398' title='bbox 3230 3044 3422 3107; x_wconf 42' lang='grc' dir='ltr'>(κάπὸ</span> <span class='ocrx_word' id='word_1_399' title='bbox 3450 3046 3757 3115; x_wconf 78' lang='grc' dir='ltr'>μνημείων,</span> 
     </span>
    </p>
   </div>
   <div class='ocr_carea' id='block_1_62' title="bbox 536 3134 2093 3211">
    <p class='ocr_par' dir='ltr' id='par_1_62' title="bbox 536 3134 2093 3211">
     <span class='ocr_line' id='line_1_62' title="bbox 536 3134 2093 3211; baseline 0.008 -25"><span class='ocrx_word' id='word_1_400' title='bbox 536 3146 644 3202; x_wconf 85' lang='lat' dir='ltr'><strong>qua</strong></span> <span class='ocrx_word' id='word_1_401' title='bbox 700 3134 1119 3203; x_wconf 86' lang='lat' dir='ltr'><strong>reprehensione</strong></span> <span class='ocrx_word' id='word_1_402' title='bbox 1171 3138 1549 3204; x_wconf 86' lang='lat' dir='ltr'><strong>immutamur,</strong></span> <span class='ocrx_word' id='word_1_403' title='bbox 1586 3155 1616 3193; x_wconf 92' lang='lat' dir='ltr'><strong>a</strong></span> <span class='ocrx_word' id='word_1_404' title='bbox 1646 3141 1805 3197; x_wconf 90' lang='lat' dir='ltr'><strong>malis</strong></span> <span class='ocrx_word' id='word_1_405' title='bbox 1837 3142 2093 3211; x_wconf 85' lang='lat' dir='ltr'><strong>operibus</strong></span> 
     </span>
    </p>
   </div>
   <div class='ocr_carea' id='block_1_63' title="bbox 535 3223 2087 3298">
    <p class='ocr_par' dir='ltr' id='par_1_63' title="bbox 535 3223 2087 3298">
     <span class='ocr_line' id='line_1_63' title="bbox 535 3223 2087 3298; baseline 0.009 -22"><span class='ocrx_word' id='word_1_406' title='bbox 535 3223 906 3293; x_wconf 83' lang='lat' dir='ltr'><strong>abstinentes;</strong></span> <span class='ocrx_word' id='word_1_407' title='bbox 951 3242 1163 3298; x_wconf 91' lang='lat' dir='ltr'><strong>semper</strong></span> <span class='ocrx_word' id='word_1_408' title='bbox 1202 3231 1343 3284; x_wconf 90' lang='lat' dir='ltr'><strong>enim</strong></span> <span class='ocrx_word' id='word_1_409' title='bbox 1380 3231 1809 3287; x_wconf 86' lang='lat' dir='ltr'><strong>misericordiam</strong></span> <span class='ocrx_word' id='word_1_410' title='bbox 1836 3243 1891 3289; x_wconf 93' lang='lat' dir='ltr'><strong>tu</strong></span> <span class='ocrx_word' id='word_1_411' title='bbox 1911 3250 1995 3289; x_wconf 90' lang='lat' dir='ltr'><strong>am</strong></span> <span class='ocrx_word' id='word_1_412' title='bbox 2021 3236 2087 3290; x_wconf 90' lang='lat' dir='ltr'><strong>ad</strong></span> 
     </span>
    </p>
   </div>
   <div class='ocr_carea' id='block_1_64' title="bbox 534 3318 1648 3386">
    <p class='ocr_par' dir='ltr' id='par_1_64' title="bbox 534 3318 1648 3386">
     <span class='ocr_line' id='line_1_64' title="bbox 534 3318 1648 3386; baseline 0.009 -17"><span class='ocrx_word' id='word_1_413' title='bbox 534 3329 656 3381; x_wconf 88' lang='lat' dir='ltr'><strong>nos,</strong></span> <span class='ocrx_word' id='word_1_414' title='bbox 686 3318 841 3386; x_wconf 88' lang='lat' dir='ltr'><strong>quasi</strong></span> <span class='ocrx_word' id='word_1_415' title='bbox 870 3333 1049 3374; x_wconf 84' lang='lat' dir='ltr'><strong>rorem</strong></span> <span class='ocrx_word' id='word_1_416' title='bbox 1073 3322 1365 3377; x_wconf 89' lang='lat' dir='ltr'><strong>salutarem</strong></span> <span class='ocrx_word' id='word_1_417' title='bbox 1391 3323 1648 3379; x_wconf 87' lang='lat' dir='ltr'><strong>demittis.</strong></span> 
     </span>
    </p>
   </div>
   <div class='ocr_carea' id='block_1_65' title="bbox 603 3513 2090 3593">
    <p class='ocr_par' dir='ltr' id='par_1_65' title="bbox 603 3513 2090 3593">
     <span class='ocr_line' id='line_1_65' title="bbox 603 3513 2090 3593; baseline 0.006 -24"><span class='ocrx_word' id='word_1_418' title='bbox 603 3513 755 3569; x_wconf 81' lang='lat' dir='ltr'><strong>CAP.</strong></span> <span class='ocrx_word' id='word_1_419' title='bbox 786 3514 1023 3581; x_wconf 73' lang='lat' dir='ltr'><strong>XXVIII,</strong></span> <span class='ocrx_word' id='word_1_420' title='bbox 1071 3516 1235 3574; x_wconf 73' lang='lat' dir='ltr'><strong>Vens.</strong></span> <span class='ocrx_word' id='word_1_421' title='bbox 1268 3520 1314 3573; x_wconf 87' lang='lat' dir='ltr'><strong>I.</strong></span> <span class='ocrx_word' id='word_1_422' title='bbox 1356 3521 1533 3576; x_wconf 84' lang='lat' dir='ltr'><strong>Casus</strong></span> <span class='ocrx_word' id='word_1_423' title='bbox 1561 3520 1815 3593; x_wconf 86' lang='lat' dir='ltr'><strong>Ephraim</strong></span> <span class='ocrx_word' id='word_1_424' title='bbox 1849 3532 1902 3579; x_wconf 73' lang='lat' dir='ltr'><strong>et</strong></span> <span class='ocrx_word' id='word_1_425' title='bbox 1930 3524 2090 3578; x_wconf 86' lang='lat' dir='ltr'><strong>ruina</strong></span> 
     </span>
    </p>
   </div>
   <div class='ocr_carea' id='block_1_66' title="bbox 534 3606 2090 3683">
    <p class='ocr_par' dir='ltr' id='par_1_66' title="bbox 534 3606 2090 3683">
     <span class='ocr_line' id='line_1_66' title="bbox 534 3606 2090 3683; baseline 0.007 -24"><span class='ocrx_word' id='word_1_426' title='bbox 534 3606 788 3661; x_wconf 85' lang='lat' dir='ltr'><strong>omnibus</strong></span> <span class='ocrx_word' id='word_1_427' title='bbox 831 3608 1134 3677; x_wconf 89' lang='lat' dir='ltr'><strong>apparebit,</strong></span> <span class='ocrx_word' id='word_1_428' title='bbox 1191 3611 1338 3665; x_wconf 92' lang='lat' dir='ltr'><strong>velut</strong></span> <span class='ocrx_word' id='word_1_429' title='bbox 1395 3628 1558 3683; x_wconf 88' lang='lat' dir='ltr'><strong>super</strong></span> <span class='ocrx_word' id='word_1_430' title='bbox 1603 3620 1840 3668; x_wconf 88' lang='lat' dir='ltr'><strong>montem</strong></span> <span class='ocrx_word' id='word_1_431' title='bbox 1883 3615 2090 3670; x_wconf 85' lang='lat' dir='ltr'><strong>altissi-</strong></span> 
     </span>
    </p>
   </div>
   <div class='ocr_carea' id='block_1_67' title="bbox 532 3700 2087 3779">
    <p class='ocr_par' dir='ltr' id='par_1_67' title="bbox 532 3700 2087 3779">
     <span class='ocr_line' id='line_1_67' title="bbox 532 3700 2087 3779; baseline 0.008 -29"><span class='ocrx_word' id='word_1_432' title='bbox 532 3712 679 3751; x_wconf 90' lang='lat' dir='ltr'><strong>mum</strong></span> <span class='ocrx_word' id='word_1_433' title='bbox 709 3738 724 3762; x_wconf 93' lang='lat'><strong>,</strong></span> <span class='ocrx_word' id='word_1_434' title='bbox 785 3700 1040 3757; x_wconf 88' lang='lat' dir='ltr'><strong>omnibus</strong></span> <span class='ocrx_word' id='word_1_435' title='bbox 1095 3703 1305 3757; x_wconf 87' lang='lat' dir='ltr'><strong>scilicet</strong></span> <span class='ocrx_word' id='word_1_436' title='bbox 1351 3712 1404 3758; x_wconf 88' lang='lat' dir='ltr'><strong>et</strong></span> <span class='ocrx_word' id='word_1_437' title='bbox 1455 3706 1813 3777; x_wconf 88' lang='lat' dir='ltr'><strong>undequaque</strong></span> <span class='ocrx_word' id='word_1_438' title='bbox 1866 3709 2087 3779; x_wconf 89' lang='lat' dir='ltr'><strong>conspi-</strong></span> 
     </span>
    </p>
   </div>
   <div class='ocr_carea' id='block_1_68' title="bbox 530 3804 713 3844">
    <p class='ocr_par' dir='ltr' id='par_1_68' title="bbox 530 3804 713 3844">
     <span class='ocr_line' id='line_1_68' title="bbox 530 3804 713 3844; baseline 0 -1"><span class='ocrx_word' id='word_1_439' title='bbox 530 3804 713 3844; x_wconf 79' lang='lat' dir='ltr'><strong>Clllllll.</strong></span> 
     </span>
    </p>
   </div>
   <div class='ocr_carea' id='block_1_69' title="bbox 600 3877 2081 3956">
    <p class='ocr_par' dir='ltr' id='par_1_69' title="bbox 600 3877 2081 3956">
     <span class='ocr_line' id='line_1_69' title="bbox 600 3877 2081 3956; baseline 0.009 -22"><span class='ocrx_word' id='word_1_440' title='bbox 600 3877 763 3938; x_wconf 75' lang='lat' dir='ltr'><strong>Vens.</strong></span> <span class='ocrx_word' id='word_1_441' title='bbox 822 3884 874 3936; x_wconf 73' lang='lat'><strong>2.</strong></span> <span class='ocrx_word' id='word_1_442' title='bbox 939 3883 1107 3941; x_wconf 73' lang='lat' dir='ltr'><strong>Pmna</strong></span> <span class='ocrx_word' id='word_1_443' title='bbox 1160 3902 1254 3943; x_wconf 90' lang='lat' dir='ltr'><strong>eos</strong></span> <span class='ocrx_word' id='word_1_444' title='bbox 1300 3887 1432 3943; x_wconf 89' lang='lat' dir='ltr'><strong>dicit</strong></span> <span class='ocrx_word' id='word_1_445' title='bbox 1491 3890 1685 3943; x_wconf 90' lang='lat' dir='ltr'><strong>merito</strong></span> <span class='ocrx_word' id='word_1_446' title='bbox 1748 3890 2081 3956; x_wconf 79' lang='lat' dir='ltr'><strong>alliciendos,</strong></span> 
     </span>
    </p>
   </div>
   <div class='ocr_carea' id='block_1_70' title="bbox 528 3975 2084 4053">
    <p class='ocr_par' dir='ltr' id='par_1_70' title="bbox 528 3975 2084 4053">
     <span class='ocr_line' id='line_1_70' title="bbox 528 3975 2084 4053; baseline 0.01 -28"><span class='ocrx_word' id='word_1_447' title='bbox 528 3986 691 4041; x_wconf 86' lang='lat' dir='ltr'><strong>quam</strong></span> <span class='ocrx_word' id='word_1_448' title='bbox 746 3975 849 4045; x_wconf 91' lang='lat' dir='ltr'><strong>ipsi</strong></span> <span class='ocrx_word' id='word_1_449' title='bbox 893 3976 1005 4046; x_wconf 89' lang='lat' dir='ltr'><strong>jam</strong></span> <span class='ocrx_word' id='word_1_450' title='bbox 1067 3978 1291 4035; x_wconf 73' lang='lat' dir='ltr'><strong>sufferre</strong></span> <span class='ocrx_word' id='word_1_451' title='bbox 1336 3995 1442 4035; x_wconf 89' lang='lat' dir='ltr'><strong>non</strong></span> <span class='ocrx_word' id='word_1_452' title='bbox 1472 3990 1732 4050; x_wconf 85' lang='lat' dir='ltr'><strong>possunt;</strong></span> <span class='ocrx_word' id='word_1_453' title='bbox 1779 3998 1888 4053; x_wconf 88' lang='lat' dir='ltr'><strong>quo</strong></span> <span class='ocrx_word' id='word_1_454' title='bbox 1938 3985 2084 4039; x_wconf 90' lang='lat' dir='ltr'><strong>enim</strong></span> 
     </span>
    </p>
   </div>
   <div class='ocr_carea' id='block_1_71' title="bbox 528 4065 2084 4142">
    <p class='ocr_par' dir='ltr' id='par_1_71' title="bbox 528 4065 2084 4142">
     <span class='ocr_line' id='line_1_71' title="bbox 528 4065 2084 4142; baseline 0.009 -24"><span class='ocrx_word' id='word_1_455' title='bbox 528 4065 689 4121; x_wconf 87' lang='lat' dir='ltr'><strong>modo</strong></span> <span class='ocrx_word' id='word_1_456' title='bbox 712 4068 929 4137; x_wconf 91' lang='lat' dir='ltr'><strong>apricus</strong></span> <span class='ocrx_word' id='word_1_457' title='bbox 954 4084 1105 4140; x_wconf 88' lang='lat' dir='ltr'><strong>ager,</strong></span> <span class='ocrx_word' id='word_1_458' title='bbox 1134 4072 1284 4125; x_wconf 91' lang='lat' dir='ltr'><strong>nullo</strong></span> <span class='ocrx_word' id='word_1_459' title='bbox 1311 4073 1550 4142; x_wconf 86' lang='lat' dir='ltr'><strong>tegmine</strong></span> <span class='ocrx_word' id='word_1_460' title='bbox 1571 4073 1851 4139; x_wconf 83' lang='lat' dir='ltr'><strong>defensus,</strong></span> <span class='ocrx_word' id='word_1_461' title='bbox 1879 4076 2084 4132; x_wconf 87' lang='lat' dir='ltr'><strong>irruen-</strong></span> 
     </span>
    </p>
   </div>
   <div class='ocr_carea' id='block_1_72' title="bbox 528 4158 2079 4239">
    <p class='ocr_par' dir='ltr' id='par_1_72' title="bbox 528 4158 2079 4239">
     <span class='ocr_line' id='line_1_72' title="bbox 528 4158 2079 4239; baseline 0.01 -29"><span class='ocrx_word' id='word_1_462' title='bbox 528 4158 599 4212; x_wconf 90' lang='lat' dir='ltr'><strong>tis</strong></span> <span class='ocrx_word' id='word_1_463' title='bbox 647 4160 926 4229; x_wconf 87' lang='lat' dir='ltr'><strong>grandinis</strong></span> <span class='ocrx_word' id='word_1_464' title='bbox 967 4163 1192 4217; x_wconf 91' lang='lat' dir='ltr'><strong>verbera</strong></span> <span class='ocrx_word' id='word_1_465' title='bbox 1223 4164 1397 4220; x_wconf 84' lang='lat' dir='ltr'><strong>vitare</strong></span> <span class='ocrx_word' id='word_1_466' title='bbox 1434 4167 1642 4237; x_wconf 90' lang='lat' dir='ltr'><strong>nequit,</strong></span> <span class='ocrx_word' id='word_1_467' title='bbox 1698 4167 1774 4221; x_wconf 92' lang='lat' dir='ltr'><strong>ita</strong></span> <span class='ocrx_word' id='word_1_468' title='bbox 1817 4183 1917 4223; x_wconf 91' lang='lat' dir='ltr'><strong>nec</strong></span> <span class='ocrx_word' id='word_1_469' title='bbox 1946 4169 2079 4239; x_wconf 91' lang='lat' dir='ltr'><strong>ipsi;</strong></span> 
     </span>
    </p>
   </div>
   <div class='ocr_carea' id='block_1_73' title="bbox 526 4251 2080 4330">
    <p class='ocr_par' dir='ltr' id='par_1_73' title="bbox 526 4251 2080 4330">
     <span class='ocr_line' id='line_1_73' title="bbox 526 4251 2080 4330; baseline 0.009 -26"><span class='ocrx_word' id='word_1_470' title='bbox 526 4265 654 4304; x_wconf 90' lang='lat' dir='ltr'><strong>nam</strong></span> <span class='ocrx_word' id='word_1_471' title='bbox 705 4251 814 4307; x_wconf 89' lang='lat' dir='ltr'><strong>Deo</strong></span> <span class='ocrx_word' id='word_1_472' title='bbox 864 4268 1055 4324; x_wconf 61' lang='grc' dir='ltr'>ρωπος</span> <span class='ocrx_word' id='word_1_473' title='bbox 1108 4264 1408 4327; x_wconf 86' lang='lat' dir='ltr'><strong>repetente,</strong></span> <span class='ocrx_word' id='word_1_474' title='bbox 1462 4259 1609 4313; x_wconf 86' lang='lat' dir='ltr'><strong>omni</strong></span> <span class='ocrx_word' id='word_1_475' title='bbox 1657 4274 1759 4330; x_wconf 88' lang='lat' dir='ltr'><strong>ope</strong></span> <span class='ocrx_word' id='word_1_476' title='bbox 1790 4258 2080 4318; x_wconf 85' lang='lat' dir='ltr'><strong>destitutos</strong></span> 
     </span>
    </p>
   </div>
   <div class='ocr_carea' id='block_1_74' title="bbox 529 4349 1502 4421">
    <p class='ocr_par' dir='ltr' id='par_1_74' title="bbox 529 4349 1502 4421">
     <span class='ocr_line' id='line_1_74' title="bbox 529 4349 1502 4421; baseline 0.008 -25"><span class='ocrx_word' id='word_1_477' title='bbox 529 4358 688 4398; x_wconf 88' lang='lat' dir='ltr'><strong>nemo</strong></span> <span class='ocrx_word' id='word_1_478' title='bbox 715 4354 801 4400; x_wconf 90' lang='lat' dir='ltr'><strong>est</strong></span> <span class='ocrx_word' id='word_1_479' title='bbox 822 4349 915 4415; x_wconf 91' lang='lat' dir='ltr'><strong>qui</strong></span> <span class='ocrx_word' id='word_1_480' title='bbox 940 4362 1040 4403; x_wconf 88' lang='lat' dir='ltr'><strong>nos</strong></span> <span class='ocrx_word' id='word_1_481' title='bbox 1070 4353 1282 4421; x_wconf 84' lang='lat' dir='ltr'><strong>eripere</strong></span> <span class='ocrx_word' id='word_1_482' title='bbox 1310 4355 1502 4421; x_wconf 84' lang='lat' dir='ltr'><strong>possit.</strong></span> 
     </span>
    </p>
   </div>
   <div class='ocr_carea' id='block_1_75' title="bbox 588 4523 2077 4607">
    <p class='ocr_par' dir='ltr' id='par_1_75' title="bbox 588 4523 2077 4607">
     <span class='ocr_line' id='line_1_75' title="bbox 588 4523 2077 4607; baseline 0.01 -29"><span class='ocrx_word' id='word_1_483' title='bbox 588 4523 756 4582; x_wconf 71' lang='lat' dir='ltr'><strong>Vens.</strong></span> <span class='ocrx_word' id='word_1_484' title='bbox 803 4527 858 4593; x_wconf 82' lang='grc'>5,</span> <span class='ocrx_word' id='word_1_485' title='bbox 901 4528 955 4584; x_wconf 70' lang='grc'><strong>4.</strong></span> <span class='ocrx_word' id='word_1_486' title='bbox 999 4530 1207 4597; x_wconf 56' lang='lat' dir='ltr'><strong>Quibus</strong></span> <span class='ocrx_word' id='word_1_487' title='bbox 1259 4547 1354 4588; x_wconf 89' lang='lat' dir='ltr'><strong>eos</strong></span> <span class='ocrx_word' id='word_1_488' title='bbox 1394 4533 1633 4590; x_wconf 91' lang='lat' dir='ltr'><strong>hostium</strong></span> <span class='ocrx_word' id='word_1_489' title='bbox 1681 4537 1910 4607; x_wconf 89' lang='lat' dir='ltr'><strong>imperio</strong></span> <span class='ocrx_word' id='word_1_490' title='bbox 1952 4553 2077 4607; x_wconf 89' lang='lat' dir='ltr'><strong>pre-</strong></span> 
     </span>
    </p>
   </div>
   <div class='ocr_carea' id='block_1_76' title="bbox 520 4619 2076 4701">
    <p class='ocr_par' dir='ltr' id='par_1_76' title="bbox 520 4619 2076 4701">
     <span class='ocr_line' id='line_1_76' title="bbox 520 4619 2076 4701; baseline 0.009 -29"><span class='ocrx_word' id='word_1_491' title='bbox 520 4619 747 4675; x_wconf 90' lang='lat' dir='ltr'><strong>mendos</strong></span> <span class='ocrx_word' id='word_1_492' title='bbox 794 4621 1102 4689; x_wconf 85' lang='lat' dir='ltr'><strong>denuntiat,</strong></span> <span class='ocrx_word' id='word_1_493' title='bbox 1146 4635 1201 4681; x_wconf 88' lang='lat' dir='ltr'><strong>et</strong></span> <span class='ocrx_word' id='word_1_494' title='bbox 1249 4627 1477 4701; x_wconf 86' lang='lat' dir='ltr'><strong>indigna</strong></span> <span class='ocrx_word' id='word_1_495' title='bbox 1513 4643 1740 4700; x_wconf 60' lang='lat' dir='ltr'><strong>quaque</strong></span> <span class='ocrx_word' id='word_1_496' title='bbox 1768 4632 1824 4686; x_wconf 93' lang='lat' dir='ltr'><strong>in</strong></span> <span class='ocrx_word' id='word_1_497' title='bbox 1846 4633 2076 4701; x_wconf 87' lang='lat' dir='ltr'><strong>captivi-</strong></span> 
     </span>
    </p>
   </div>
   <div class='ocr_carea' id='block_1_77' title="bbox 519 4700 2072 4791">
    <p class='ocr_par' dir='ltr' id='par_1_77' title="bbox 519 4700 2072 4791">
     <span class='ocr_line' id='line_1_77' title="bbox 519 4700 2072 4791; baseline 0.012 -35"><span class='ocrx_word' id='word_1_498' title='bbox 519 4712 629 4759; x_wconf 87' lang='lat' dir='ltr'><strong>tate</strong></span> <span class='ocrx_word' id='word_1_499' title='bbox 682 4722 975 4777; x_wconf 89' lang='lat' dir='ltr'><strong>passuros;</strong></span> <span class='ocrx_word' id='word_1_500' title='bbox 1033 4728 1142 4767; x_wconf 90' lang='lat' dir='ltr'><strong>non</strong></span> <span class='ocrx_word' id='word_1_501' title='bbox 1183 4724 1440 4784; x_wconf 90' lang='lat' dir='ltr'><strong>poterunt</strong></span> <span class='ocrx_word' id='word_1_502' title='bbox 1464 4700 1606 4772; x_wconf 55' lang='lat' dir='ltr'><strong>Enim</strong></span> <span class='ocrx_word' id='word_1_503' title='bbox 1641 4719 1828 4785; x_wconf 89' lang='lat' dir='ltr'><strong>latere,</strong></span> <span class='ocrx_word' id='word_1_504' title='bbox 1863 4700 2072 4791; x_wconf 87' lang='lat' dir='ltr'><strong>inquit,</strong></span> 
     </span>
    </p>
   </div>
   <div class='ocr_carea' id='block_1_78' title="bbox 517 4796 2070 4878">
    <p class='ocr_par' dir='ltr' id='par_1_78' title="bbox 517 4796 2070 4878">
     <span class='ocr_line' id='line_1_78' title="bbox 517 4796 2070 4878; baseline 0.014 -30"><span class='ocrx_word' id='word_1_505' title='bbox 517 4796 603 4850; x_wconf 75' lang='lat' dir='ltr'><strong>vel</strong></span> <span class='ocrx_word' id='word_1_506' title='bbox 627 4799 784 4867; x_wconf 88' lang='lat' dir='ltr'><strong>pauci</strong></span> <span class='ocrx_word' id='word_1_507' title='bbox 807 4815 869 4856; x_wconf 86' lang='lat' dir='ltr'><strong>ex</strong></span> <span class='ocrx_word' id='word_1_508' title='bbox 896 4803 1212 4873; x_wconf 86' lang='lat' dir='ltr'><strong>captivitate</strong></span> <span class='ocrx_word' id='word_1_509' title='bbox 1236 4808 1456 4878; x_wconf 90' lang='lat' dir='ltr'><strong>reliqui,</strong></span> <span class='ocrx_word' id='word_1_510' title='bbox 1495 4811 1591 4865; x_wconf 90' lang='lat' dir='ltr'><strong>sed</strong></span> <span class='ocrx_word' id='word_1_511' title='bbox 1620 4812 1695 4866; x_wconf 92' lang='lat' dir='ltr'><strong>ita</strong></span> <span class='ocrx_word' id='word_1_512' title='bbox 1725 4813 1795 4869; x_wconf 89' lang='lat' dir='ltr'><strong>ab</strong></span> <span class='ocrx_word' id='word_1_513' title='bbox 1816 4815 2070 4871; x_wconf 90' lang='lat' dir='ltr'><strong>omnibus</strong></span> 
     </span>
    </p>
   </div>
   <div class='ocr_carea' id='block_1_79' title="bbox 516 4889 2069 4977">
    <p class='ocr_par' dir='ltr' id='par_1_79' title="bbox 516 4889 2069 4977">
     <span class='ocr_line' id='line_1_79' title="bbox 516 4889 2069 4977; baseline 0.015 -36"><span class='ocrx_word' id='word_1_514' title='bbox 516 4889 710 4946; x_wconf 86' lang='lat' dir='ltr'><strong>vicinis</strong></span> <span class='ocrx_word' id='word_1_515' title='bbox 760 4892 1252 4964; x_wconf 81' lang='lat' dir='ltr'><strong>deprchendemur,</strong></span> <span class='ocrx_word' id='word_1_516' title='bbox 1299 4902 1371 4956; x_wconf 89' lang='lat' dir='ltr'><strong>ita</strong></span> <span class='ocrx_word' id='word_1_517' title='bbox 1417 4903 1744 4960; x_wconf 83' lang='lat' dir='ltr'><strong>videbuntur</strong></span> <span class='ocrx_word' id='word_1_518' title='bbox 1786 4908 2069 4977; x_wconf 89' lang='lat' dir='ltr'><strong>suppliciis</strong></span> 
     </span>
    </p>
   </div>
   <div class='ocr_carea' id='block_1_80' title="bbox 514 4981 2068 5056">
    <p class='ocr_par' dir='ltr' id='par_1_80' title="bbox 514 4981 2068 5056">
     <span class='ocr_line' id='line_1_80' title="bbox 514 4981 2068 5056; baseline 0.013 -21"><span class='ocrx_word' id='word_1_519' title='bbox 514 4981 715 5050; x_wconf 86' lang='lat' dir='ltr'><strong>alllicti,</strong></span> <span class='ocrx_word' id='word_1_520' title='bbox 781 4993 840 5040; x_wconf 89' lang='lat' dir='ltr'><strong>ut</strong></span> <span class='ocrx_word' id='word_1_521' title='bbox 892 4986 1107 5045; x_wconf 89' lang='lat' dir='ltr'><strong>facilius</strong></span> <span class='ocrx_word' id='word_1_522' title='bbox 1157 4991 1345 5049; x_wconf 88' lang='lat' dir='ltr'><strong>lateret</strong></span> <span class='ocrx_word' id='word_1_523' title='bbox 1409 4994 1464 5049; x_wconf 91' lang='lat' dir='ltr'><strong>in</strong></span> <span class='ocrx_word' id='word_1_524' title='bbox 1516 4997 1823 5054; x_wconf 89' lang='lat' dir='ltr'><strong>summitate</strong></span> <span class='ocrx_word' id='word_1_525' title='bbox 1866 5002 2068 5056; x_wconf 86' lang='lat' dir='ltr'><strong>montis</strong></span> 
     </span>
    </p>
   </div>
   <div class='ocr_carea' id='block_1_81' title="bbox 516 5078 2066 5152">
    <p class='ocr_par' dir='ltr' id='par_1_81' title="bbox 516 5078 2066 5152">
     <span class='ocr_line' id='line_1_81' title="bbox 516 5078 2066 5152; baseline 0.014 -26"><span class='ocrx_word' id='word_1_526' title='bbox 516 5085 839 5143; x_wconf 69' lang='lat' dir='ltr'><strong>praematura</strong></span> <span class='ocrx_word' id='word_1_527' title='bbox 901 5078 1055 5146; x_wconf 85' lang='lat' dir='ltr'><strong>ficus,</strong></span> <span class='ocrx_word' id='word_1_528' title='bbox 1115 5100 1236 5152; x_wconf 67' lang='lat' dir='ltr'><strong>qua:</strong></span> <span class='ocrx_word' id='word_1_529' title='bbox 1275 5102 1383 5142; x_wconf 89' lang='lat' dir='ltr'><strong>una</strong></span> <span class='ocrx_word' id='word_1_530' title='bbox 1438 5104 1504 5143; x_wconf 77' lang='lat' dir='ltr'><strong>ex</strong></span> <span class='ocrx_word' id='word_1_531' title='bbox 1554 5090 1808 5147; x_wconf 89' lang='lat' dir='ltr'><strong>omnibus</strong></span> <span class='ocrx_word' id='word_1_532' title='bbox 1856 5101 2066 5147; x_wconf 92' lang='lat' dir='ltr'><strong>matura</strong></span> 
     </span>
    </p>
   </div>
   <div class='ocr_carea' id='block_1_82' title="bbox 516 5170 1613 5237">
    <p class='ocr_par' dir='ltr' id='par_1_82' title="bbox 516 5170 1613 5237">
     <span class='ocr_line' id='line_1_82' title="bbox 516 5170 1613 5237; baseline 0.016 -18"><span class='ocrx_word' id='word_1_533' title='bbox 516 5170 913 5226; x_wconf 85' lang='lat' dir='ltr'><strong>transeuntium</strong></span> <span class='ocrx_word' id='word_1_534' title='bbox 935 5174 1122 5231; x_wconf 88' lang='lat' dir='ltr'><strong>oculos</strong></span> <span class='ocrx_word' id='word_1_535' title='bbox 1156 5177 1211 5231; x_wconf 85' lang='lat' dir='ltr'><strong>in</strong></span> <span class='ocrx_word' id='word_1_536' title='bbox 1241 5194 1300 5234; x_wconf 92' lang='lat' dir='ltr'><strong>se</strong></span> <span class='ocrx_word' id='word_1_537' title='bbox 1327 5182 1613 5237; x_wconf 83' lang='lat' dir='ltr'><strong>convertit.</strong></span> 
     </span>
    </p>
   </div>
   <div class='ocr_carea' id='block_1_83' title="bbox 580 5430 2064 5517">
    <p class='ocr_par' dir='ltr' id='par_1_83' title="bbox 580 5430 2064 5517">
     <span class='ocr_line' id='line_1_83' title="bbox 580 5430 2064 5517; baseline 0.01 -31"><span class='ocrx_word' id='word_1_538' title='bbox 580 5430 745 5489; x_wconf 74' lang='lat' dir='ltr'><strong>Vens.</strong></span> <span class='ocrx_word' id='word_1_539' title='bbox 788 5434 841 5489; x_wconf 82' lang='lat'><strong>5.</strong></span> <span class='ocrx_word' id='word_1_540' title='bbox 891 5434 1068 5492; x_wconf 77' lang='lat' dir='ltr'><strong>Verba</strong></span> <span class='ocrx_word' id='word_1_541' title='bbox 1119 5438 1232 5494; x_wconf 55' lang='lat' dir='ltr'><strong>haec</strong></span> <span class='ocrx_word' id='word_1_542' title='bbox 1284 5440 1350 5497; x_wconf 90' lang='lat' dir='ltr'><strong>ad</strong></span> <span class='ocrx_word' id='word_1_543' title='bbox 1394 5457 1488 5498; x_wconf 89' lang='lat' dir='ltr'><strong>eos</strong></span> <span class='ocrx_word' id='word_1_544' title='bbox 1538 5452 1805 5513; x_wconf 84' lang='lat' dir='ltr'><strong>spectant,</strong></span> <span class='ocrx_word' id='word_1_545' title='bbox 1860 5446 1952 5517; x_wconf 88' lang='lat' dir='ltr'><strong>qui</strong></span> <span class='ocrx_word' id='word_1_546' title='bbox 1998 5462 2064 5503; x_wconf 89' lang='lat' dir='ltr'><strong>eo</strong></span> 
     </span>
    </p>
   </div>
   <div class='ocr_carea' id='block_1_84' title="bbox 512 5526 2061 5610">
    <p class='ocr_par' dir='ltr' id='par_1_84' title="bbox 512 5526 2061 5610">
     <span class='ocr_line' id='line_1_84' title="bbox 512 5526 2061 5610; baseline 0.01 -32"><span class='ocrx_word' id='word_1_547' title='bbox 512 5526 710 5591; x_wconf 85' lang='lat' dir='ltr'><strong>mentis</strong></span> <span class='ocrx_word' id='word_1_548' title='bbox 730 5537 987 5585; x_wconf 87' lang='lat' dir='ltr'><strong>venerant</strong></span> <span class='ocrx_word' id='word_1_549' title='bbox 1020 5538 1079 5584; x_wconf 91' lang='lat' dir='ltr'><strong>ut</strong></span> <span class='ocrx_word' id='word_1_550' title='bbox 1118 5540 1369 5601; x_wconf 89' lang='lat' dir='ltr'><strong>putarent</strong></span> <span class='ocrx_word' id='word_1_551' title='bbox 1416 5551 1559 5590; x_wconf 75' lang='lat' dir='ltr'><strong>suum</strong></span> <span class='ocrx_word' id='word_1_552' title='bbox 1592 5552 1761 5603; x_wconf 77' lang='lat' dir='ltr'><strong>genus</strong></span> <span class='ocrx_word' id='word_1_553' title='bbox 1790 5540 1935 5593; x_wconf 92' lang='lat' dir='ltr'><strong>omni</strong></span> <span class='ocrx_word' id='word_1_554' title='bbox 1961 5555 2061 5610; x_wconf 91' lang='lat' dir='ltr'><strong>ope</strong></span> 
     </span>
    </p>
   </div>
   <div class='ocr_carea' id='block_1_85' title="bbox 513 5613 2054 5694">
    <p class='ocr_par' dir='ltr' id='par_1_85' title="bbox 513 5613 2054 5694">
     <span class='ocr_line' id='line_1_85' title="bbox 513 5613 2054 5694; baseline 0.01 -25"><span class='ocrx_word' id='word_1_555' title='bbox 513 5613 829 5671; x_wconf 71' lang='lat' dir='ltr'><strong>destitutum</strong></span> <span class='ocrx_word' id='word_1_556' title='bbox 886 5619 1147 5675; x_wconf 89' lang='lat' dir='ltr'><strong>radicitus</strong></span> <span class='ocrx_word' id='word_1_557' title='bbox 1204 5637 1323 5678; x_wconf 74' lang='lat' dir='ltr'><strong>esse</strong></span> <span class='ocrx_word' id='word_1_558' title='bbox 1385 5627 1726 5694; x_wconf 66' lang='lat' dir='ltr'><strong>tollentium;</strong></span> <span class='ocrx_word' id='word_1_559' title='bbox 1787 5646 1854 5684; x_wconf 90' lang='lat' dir='ltr'><strong>nc</strong></span> <span class='ocrx_word' id='word_1_560' title='bbox 1913 5631 2054 5684; x_wconf 77' lang='lat' dir='ltr'><strong>enim</strong></span> 
     </span>
    </p>
   </div>
   <div class='ocr_carea' id='block_1_86' title="bbox 2195 3131 3756 3207">
    <p class='ocr_par' dir='ltr' id='par_1_86' title="bbox 2195 3131 3756 3207">
     <span class='ocr_line' id='line_1_86' title="bbox 2195 3131 3756 3207; baseline 0.001 -21"><span class='ocrx_word' id='word_1_561' title='bbox 2195 3134 2293 3203; x_wconf 83' lang='grc' dir='ltr'>τῆς</span> <span class='ocrx_word' id='word_1_562' title='bbox 2322 3133 2470 3204; x_wconf 85' lang='grc' dir='ltr'><strong>παρά</strong></span> <span class='ocrx_word' id='word_1_563' title='bbox 2502 3131 2596 3185; x_wconf 86' lang='grc' dir='ltr'><strong>σοῦ</strong></span> <span class='ocrx_word' id='word_1_564' title='bbox 2624 3132 2957 3204; x_wconf 79' lang='grc' dir='ltr'>ἀντιλήψεως</span> <span class='ocrx_word' id='word_1_565' title='bbox 2995 3136 3238 3206; x_wconf 75' lang='grc' dir='ltr'>τυχόντες</span> <span class='ocrx_word' id='word_1_566' title='bbox 3259 3152 3273 3167; x_wconf 77' lang='grc' dir='ltr'><strong><em>ο</em></strong></span> <span class='ocrx_word' id='word_1_567' title='bbox 3297 3136 3385 3204; x_wconf 70' lang='grc' dir='ltr'>ὑφ’</span> <span class='ocrx_word' id='word_1_568' title='bbox 3465 3137 3756 3207; x_wconf 61' lang='grc' dir='ltr'>ἀντιλήψει</span> 
     </span>
    </p>
   </div>
   <div class='ocr_carea' id='block_1_87' title="bbox 2194 3222 3753 3297">
    <p class='ocr_par' dir='ltr' id='par_1_87' title="bbox 2194 3222 3753 3297">
     <span class='ocr_line' id='line_1_87' title="bbox 2194 3222 3753 3297; baseline 0.001 -17"><span class='ocrx_word' id='word_1_569' title='bbox 2194 3222 2646 3295; x_wconf 82' lang='grc' dir='ltr'>ἀγαλλιασόμεθα,</span> <span class='ocrx_word' id='word_1_570' title='bbox 2687 3225 3021 3296; x_wconf 73' lang='grc' dir='ltr'>ἠρεμοῦντες</span> <span class='ocrx_word' id='word_1_571' title='bbox 3059 3228 3168 3281; x_wconf 71' lang='grc' dir='ltr'><strong>ἀπὸ</strong></span> <span class='ocrx_word' id='word_1_572' title='bbox 3189 3227 3288 3279; x_wconf 78' lang='grc' dir='ltr'>τῶν</span> <span class='ocrx_word' id='word_1_573' title='bbox 3320 3226 3504 3280; x_wconf 81' lang='grc' dir='ltr'>κακῶν</span> <span class='ocrx_word' id='word_1_574' title='bbox 3528 3227 3715 3297; x_wconf 74' lang='grc' dir='ltr'>ἔργων</span> <span class='ocrx_word' id='word_1_575' title='bbox 3737 3246 3753 3258; x_wconf 74' lang='grc' dir='ltr'><strong>ο</strong></span> 
     </span>
    </p>
   </div>
   <div class='ocr_carea' id='block_1_88' title="bbox 2192 3312 3754 3389">
    <p class='ocr_par' dir='ltr' id='par_1_88' title="bbox 2192 3312 3754 3389">
     <span class='ocr_line' id='line_1_88' title="bbox 2192 3312 3754 3389; baseline 0.007 -24"><span class='ocrx_word' id='word_1_576' title='bbox 2192 3312 2279 3366; x_wconf 80' lang='grc' dir='ltr'>ἀεὶ</span> <span class='ocrx_word' id='word_1_577' title='bbox 2309 3314 2417 3386; x_wconf 76' lang='grc' dir='ltr'><strong>γὰρ</strong></span> <span class='ocrx_word' id='word_1_578' title='bbox 2451 3316 2510 3367; x_wconf 87' lang='grc' dir='ltr'>τὸ</span> <span class='ocrx_word' id='word_1_579' title='bbox 2542 3313 2689 3378; x_wconf 79' lang='grc' dir='ltr'>ἔλεός</span> <span class='ocrx_word' id='word_1_580' title='bbox 2732 3332 2824 3369; x_wconf 88' lang='grc' dir='ltr'><strong>σου</strong></span> <span class='ocrx_word' id='word_1_581' title='bbox 2851 3316 3022 3381; x_wconf 73' lang='grc' dir='ltr'>οὕτως</span> <span class='ocrx_word' id='word_1_582' title='bbox 3059 3318 3355 3389; x_wconf 80' lang='grc' dir='ltr'>ἐκπέμπεις</span> <span class='ocrx_word' id='word_1_583' title='bbox 3380 3320 3458 3386; x_wconf 70' lang='grc' dir='ltr'><strong>ἐφ’</strong></span> <span class='ocrx_word' id='word_1_584' title='bbox 3495 3321 3637 3389; x_wconf 70' lang='grc' dir='ltr'>ἡμᾶς</span> <span class='ocrx_word' id='word_1_585' title='bbox 3672 3322 3754 3384; x_wconf 78' lang='grc' dir='ltr'>ὡς</span> 
     </span>
    </p>
   </div>
   <div class='ocr_carea' id='block_1_89' title="bbox 2191 3406 2677 3481">
    <p class='ocr_par' dir='ltr' id='par_1_89' title="bbox 2191 3406 2677 3481">
     <span class='ocr_line' id='line_1_89' title="bbox 2191 3406 2677 3481; baseline 0.008 -23"><span class='ocrx_word' id='word_1_586' title='bbox 2191 3406 2375 3478; x_wconf 88' lang='grc' dir='ltr'>δρόσον</span> <span class='ocrx_word' id='word_1_587' title='bbox 2412 3410 2677 3481; x_wconf 77' lang='grc' dir='ltr'>ἰατρικήν.</span> 
     </span>
    </p>
   </div>
   <div class='ocr_carea' id='block_1_90' title="bbox 2260 3518 3755 3598">
    <p class='ocr_par' dir='ltr' id='par_1_90' title="bbox 2260 3518 3755 3598">
     <span class='ocr_line' id='line_1_90' title="bbox 2260 3518 3755 3598; baseline 0.007 -27"><span class='ocrx_word' id='word_1_588' title='bbox 2260 3518 2363 3572; x_wconf 85' lang='grc' dir='ltr'><strong>Τοῦ</strong></span> <span class='ocrx_word' id='word_1_589' title='bbox 2388 3521 2676 3593; x_wconf 80' lang='grc' dir='ltr'>πτώματος</span> <span class='ocrx_word' id='word_1_590' title='bbox 2708 3524 2870 3577; x_wconf 71' lang='grc' dir='ltr'>αὐτοῦ</span> <span class='ocrx_word' id='word_1_591' title='bbox 2890 3523 2978 3578; x_wconf 87' lang='grc' dir='ltr'><strong>τοῦ</strong></span> <span class='ocrx_word' id='word_1_592' title='bbox 3017 3526 3276 3597; x_wconf 73' lang='grc' dir='ltr'>Ἐφραῒμ,</span> <span class='ocrx_word' id='word_1_593' title='bbox 3301 3528 3395 3580; x_wconf 76' lang='grc' dir='ltr'><strong>καὶ</strong></span> <span class='ocrx_word' id='word_1_594' title='bbox 3420 3528 3518 3598; x_wconf 74' lang='grc' dir='ltr'>τῆς</span> <span class='ocrx_word' id='word_1_595' title='bbox 3541 3530 3755 3582; x_wconf 77' lang='grc' dir='ltr'>ἑκπτὼο</span> 
     </span>
    </p>
   </div>
   <div class='ocr_carea' id='block_1_91' title="bbox 2191 3616 3756 3691">
    <p class='ocr_par' dir='ltr' id='par_1_91' title="bbox 2191 3616 3756 3691">
     <span class='ocr_line' id='line_1_91' title="bbox 2191 3616 3756 3691; baseline 0.007 -29"><span class='ocrx_word' id='word_1_596' title='bbox 2191 3627 2327 3675; x_wconf 90' lang='grc' dir='ltr'>σεως</span> <span class='ocrx_word' id='word_1_597' title='bbox 2350 3616 2585 3685; x_wconf 78' lang='grc' dir='ltr'>φανερᾶς</span> <span class='ocrx_word' id='word_1_598' title='bbox 2606 3617 2738 3668; x_wconf 77' lang='grc' dir='ltr'>πᾶσι</span> <span class='ocrx_word' id='word_1_599' title='bbox 2768 3617 3085 3687; x_wconf 80' lang='grc' dir='ltr'>γενομένης,</span> <span class='ocrx_word' id='word_1_600' title='bbox 3115 3616 3301 3689; x_wconf 81' lang='grc' dir='ltr'>ὥσπερ</span> <span class='ocrx_word' id='word_1_601' title='bbox 3329 3620 3422 3671; x_wconf 69' lang='grc' dir='ltr'><strong>ἐπὶ</strong></span> <span class='ocrx_word' id='word_1_602' title='bbox 3449 3619 3609 3689; x_wconf 75' lang='grc' dir='ltr'>ὃρους</span> <span class='ocrx_word' id='word_1_603' title='bbox 3630 3622 3756 3691; x_wconf 72' lang='grc' dir='ltr'>ὑψη-</span> 
     </span>
    </p>
   </div>
   <div class='ocr_carea' id='block_1_92' title="bbox 2188 3698 3752 3783">
    <p class='ocr_par' dir='ltr' id='par_1_92' title="bbox 2188 3698 3752 3783">
     <span class='ocr_line' id='line_1_92' title="bbox 2188 3698 3752 3783; baseline 0.009 -31"><span class='ocrx_word' id='word_1_604' title='bbox 2188 3698 2432 3767; x_wconf 84' lang='grc' dir='ltr'>λοτάτου,</span> <span class='ocrx_word' id='word_1_605' title='bbox 2465 3705 2634 3757; x_wconf 86' lang='grc' dir='ltr'>ταῦτα</span> <span class='ocrx_word' id='word_1_606' title='bbox 2663 3705 2766 3758; x_wconf 79' lang='grc' dir='ltr'>ὑπὸ</span> <span class='ocrx_word' id='word_1_607' title='bbox 2812 3707 3011 3769; x_wconf 80' lang='grc' dir='ltr'>παντὸς</span> <span class='ocrx_word' id='word_1_608' title='bbox 3034 3708 3126 3760; x_wconf 77' lang='grc' dir='ltr'><strong>καὶ</strong></span> <span class='ocrx_word' id='word_1_609' title='bbox 3158 3711 3274 3772; x_wconf 87' lang='grc' dir='ltr'>τοῖς</span> <span class='ocrx_word' id='word_1_610' title='bbox 3294 3712 3427 3762; x_wconf 72' lang='grc' dir='ltr'>πᾶσι</span> <span class='ocrx_word' id='word_1_611' title='bbox 3456 3712 3752 3783; x_wconf 78' lang='grc' dir='ltr'>καταδήλον</span> 
     </span>
    </p>
   </div>
   <div class='ocr_carea' id='block_1_93' title="bbox 2188 3795 2507 3866">
    <p class='ocr_par' dir='ltr' id='par_1_93' title="bbox 2188 3795 2507 3866">
     <span class='ocr_line' id='line_1_93' title="bbox 2188 3795 2507 3866; baseline 0.013 -20"><span class='ocrx_word' id='word_1_612' title='bbox 2188 3809 2250 3862; x_wconf 90' lang='grc' dir='ltr'><strong>γε</strong></span> <span class='ocrx_word' id='word_1_613' title='bbox 2257 3812 2315 3847; x_wconf 93' lang='grc' dir='ltr'><strong>νο</strong></span> <span class='ocrx_word' id='word_1_614' title='bbox 2320 3795 2480 3866; x_wconf 85' lang='grc' dir='ltr'>μένου</span> <span class='ocrx_word' id='word_1_615' title='bbox 2492 3834 2507 3850; x_wconf 93' lang='grc'><strong>.</strong></span> 
     </span>
    </p>
   </div>
   <div class='ocr_carea' id='block_1_94' title="bbox 2257 3886 3753 3966">
    <p class='ocr_par' dir='ltr' id='par_1_94' title="bbox 2257 3886 3753 3966">
     <span class='ocr_line' id='line_1_94' title="bbox 2257 3886 3753 3966; baseline 0.007 -27"><span class='ocrx_word' id='word_1_616' title='bbox 2257 3886 2367 3957; x_wconf 86' lang='grc' dir='ltr'>Τὴν</span> <span class='ocrx_word' id='word_1_617' title='bbox 2393 3889 2739 3960; x_wconf 81' lang='grc' dir='ltr'>ἐπαγομένην</span> <span class='ocrx_word' id='word_1_618' title='bbox 2768 3890 2988 3954; x_wconf 85' lang='grc' dir='ltr'>δικαίως</span> <span class='ocrx_word' id='word_1_619' title='bbox 3033 3892 3217 3956; x_wconf 83' lang='grc' dir='ltr'>αὐτοῖς</span> <span class='ocrx_word' id='word_1_620' title='bbox 3246 3894 3536 3964; x_wconf 84' lang='grc' dir='ltr'>τιμωρίαν,</span> <span class='ocrx_word' id='word_1_621' title='bbox 3562 3898 3630 3966; x_wconf 76' lang='grc' dir='ltr'>ἦν</span> <span class='ocrx_word' id='word_1_622' title='bbox 3656 3913 3753 3966; x_wconf 85' lang='grc' dir='ltr'><strong>ουχ</strong></span> 
     </span>
    </p>
   </div>
   <div class='ocr_carea' id='block_1_95' title="bbox 2183 3974 3753 4058">
    <p class='ocr_par' dir='ltr' id='par_1_95' title="bbox 2183 3974 3753 4058">
     <span class='ocr_line' id='line_1_95' title="bbox 2183 3974 3753 4058; baseline 0.007 -27"><span class='ocrx_word' id='word_1_623' title='bbox 2183 3974 2285 4032; x_wconf 77' lang='grc' dir='ltr'>οἷοί</span> <span class='ocrx_word' id='word_1_624' title='bbox 2328 3997 2387 4033; x_wconf 89' lang='grc' dir='ltr'><strong>τε</strong></span> <span class='ocrx_word' id='word_1_625' title='bbox 2421 3983 2677 4050; x_wconf 89' lang='grc' dir='ltr'>γεγόνασι</span> <span class='ocrx_word' id='word_1_626' title='bbox 2721 3982 3016 4054; x_wconf 79' lang='grc' dir='ltr'>διαδρᾶναι,</span> <span class='ocrx_word' id='word_1_627' title='bbox 3060 3984 3316 4055; x_wconf 84' lang='grc' dir='ltr'>σημαίνει</span> <span class='ocrx_word' id='word_1_628' title='bbox 3341 4003 3353 4015; x_wconf 69' lang='grc'><strong><em>³</em></strong></span> <span class='ocrx_word' id='word_1_629' title='bbox 3377 3985 3563 4056; x_wconf 76' lang='grc' dir='ltr'>ὥσπερ</span> <span class='ocrx_word' id='word_1_630' title='bbox 3592 3988 3702 4058; x_wconf 77' lang='grc' dir='ltr'>γὰρ</span> <span class='ocrx_word' id='word_1_631' title='bbox 3723 3992 3753 4042; x_wconf 77' lang='grc' dir='ltr'><strong><em>ὁ</em></strong></span> 
     </span>
    </p>
   </div>
   <div class='ocr_carea' id='block_1_96' title="bbox 2184 4068 3747 4143">
    <p class='ocr_par' dir='ltr' id='par_1_96' title="bbox 2184 4068 3747 4143">
     <span class='ocr_line' id='line_1_96' title="bbox 2184 4068 3747 4143; baseline 0.005 -22"><span class='ocrx_word' id='word_1_632' title='bbox 2184 4068 2392 4143; x_wconf 80' lang='grc' dir='ltr'>χαλάζῃ</span> <span class='ocrx_word' id='word_1_633' title='bbox 2438 4070 2724 4124; x_wconf 81' lang='grc' dir='ltr'>ὑποπεσὼν</span> <span class='ocrx_word' id='word_1_634' title='bbox 2778 4070 3041 4143; x_wconf 75' lang='grc' dir='ltr'>ὕπαιθρος</span> <span class='ocrx_word' id='word_1_635' title='bbox 3091 4074 3151 4125; x_wconf 78' lang='grc' dir='ltr'><strong>οὐ</strong></span> <span class='ocrx_word' id='word_1_636' title='bbox 3200 4073 3470 4143; x_wconf 74' lang='grc' dir='ltr'>διαφεύγει</span> <span class='ocrx_word' id='word_1_637' title='bbox 3528 4074 3631 4137; x_wconf 71' lang='grc' dir='ltr'><strong>τὰς</strong></span> <span class='ocrx_word' id='word_1_638' title='bbox 3678 4080 3747 4129; x_wconf 82' lang='grc' dir='ltr'><strong>ἐκ</strong></span> 
     </span>
    </p>
   </div>
   <div class='ocr_carea' id='block_1_97' title="bbox 2181 4160 3745 4234">
    <p class='ocr_par' dir='ltr' id='par_1_97' title="bbox 2181 4160 3745 4234">
     <span class='ocr_line' id='line_1_97' title="bbox 2181 4160 3745 4234; baseline 0.006 -23"><span class='ocrx_word' id='word_1_639' title='bbox 2181 4160 2384 4233; x_wconf 83' lang='grc' dir='ltr'>ταύτης</span> <span class='ocrx_word' id='word_1_640' title='bbox 2414 4161 2590 4232; x_wconf 82' lang='grc' dir='ltr'>βολὰς,</span> <span class='ocrx_word' id='word_1_641' title='bbox 2613 4163 2837 4234; x_wconf 75' lang='grc' dir='ltr'>μηδενὸς</span> <span class='ocrx_word' id='word_1_642' title='bbox 2868 4164 3018 4227; x_wconf 75' lang='grc' dir='ltr'>ὄντος</span> <span class='ocrx_word' id='word_1_643' title='bbox 3043 4164 3137 4217; x_wconf 89' lang='grc' dir='ltr'><strong>τοῦ</strong></span> <span class='ocrx_word' id='word_1_644' title='bbox 3170 4167 3526 4230; x_wconf 76' lang='grc' dir='ltr'>σκεπάζοντος</span> <span class='ocrx_word' id='word_1_645' title='bbox 3550 4169 3745 4221; x_wconf 76' lang='grc' dir='ltr'>αὐτόν’</span> 
     </span>
    </p>
   </div>
   <div class='ocr_carea' id='block_1_98' title="bbox 2182 4248 3747 4329">
    <p class='ocr_par' dir='ltr' id='par_1_98' title="bbox 2182 4248 3747 4329">
     <span class='ocr_line' id='line_1_98' title="bbox 2182 4248 3747 4329; baseline 0.005 -25"><span class='ocrx_word' id='word_1_646' title='bbox 2182 4251 2353 4316; x_wconf 78' lang='grc' dir='ltr'>οὕτως</span> <span class='ocrx_word' id='word_1_647' title='bbox 2405 4255 2499 4307; x_wconf 74' lang='grc' dir='ltr'>καὶ</span> <span class='ocrx_word' id='word_1_648' title='bbox 2543 4248 2717 4307; x_wconf 72' lang='grc' dir='ltr'>οὗτοι·</span> <span class='ocrx_word' id='word_1_649' title='bbox 2766 4254 2900 4308; x_wconf 83' lang='grc' dir='ltr'>Θεοῦ</span> <span class='ocrx_word' id='word_1_650' title='bbox 2955 4255 3253 4323; x_wconf 88' lang='grc' dir='ltr'>ἐπάγοντος</span> <span class='ocrx_word' id='word_1_651' title='bbox 3309 4258 3401 4329; x_wconf 81' lang='grc' dir='ltr'>τὴν</span> <span class='ocrx_word' id='word_1_652' title='bbox 3450 4259 3747 4328; x_wconf 85' lang='grc' dir='ltr'>τιμωρίαν,</span> 
     </span>
    </p>
   </div>
   <div class='ocr_carea' id='block_1_99' title="bbox 2182 4343 3751 4417">
    <p class='ocr_par' dir='ltr' id='par_1_99' title="bbox 2182 4343 3751 4417">
     <span class='ocr_line' id='line_1_99' title="bbox 2182 4343 3751 4417; baseline 0.006 -21"><span class='ocrx_word' id='word_1_653' title='bbox 2182 4343 2470 4415; x_wconf 83' lang='grc' dir='ltr'>ἁϐοήθητοί</span> <span class='ocrx_word' id='word_1_654' title='bbox 2503 4347 2687 4416; x_wconf 89' lang='grc' dir='ltr'>ἐσμεν,</span> <span class='ocrx_word' id='word_1_655' title='bbox 2718 4345 2940 4416; x_wconf 82' lang='grc' dir='ltr'>μηδενὸς</span> <span class='ocrx_word' id='word_1_656' title='bbox 2957 4346 3115 4411; x_wconf 76' lang='grc' dir='ltr'>ὄντος</span> <span class='ocrx_word' id='word_1_657' title='bbox 3146 4348 3241 4401; x_wconf 86' lang='grc' dir='ltr'><strong>τοῦ</strong></span> <span class='ocrx_word' id='word_1_658' title='bbox 3267 4349 3561 4417; x_wconf 75' lang='grc' dir='ltr'>ἐπαμύνειν</span> <span class='ocrx_word' id='word_1_659' title='bbox 3588 4351 3751 4405; x_wconf 64' lang='grc' dir='ltr'>δυναε</span> 
     </span>
    </p>
   </div>
   <div class='ocr_carea' id='block_1_100' title="bbox 2111 4437 2366 4507">
    <p class='ocr_par' dir='ltr' id='par_1_100' title="bbox 2111 4437 2366 4507">
     <span class='ocr_line' id='line_1_100' title="bbox 2111 4437 2366 4507; baseline 0.012 -19"><span class='ocrx_word' id='word_1_660' title='bbox 2111 4440 2154 4493; x_wconf 89' lang='grc'><strong>1)</strong></span> <span class='ocrx_word' id='word_1_661' title='bbox 2186 4437 2366 4507; x_wconf 78' lang='grc' dir='ltr'>μένου.</span> 
     </span>
    </p>
   </div>
   <div class='ocr_carea' id='block_1_101' title="bbox 2187 4530 3743 4606">
    <p class='ocr_par' dir='ltr' id='par_1_101' title="bbox 2187 4530 3743 4606">
     <span class='ocr_line' id='line_1_101' title="bbox 2187 4530 3743 4606; baseline 0.005 -24"><span class='ocrx_word' id='word_1_662' title='bbox 2187 4589 2190 4592; x_wconf 40' lang='grc'><strong>,</strong></span> <span class='ocrx_word' id='word_1_663' title='bbox 2254 4530 2363 4601; x_wconf 81' lang='grc' dir='ltr'><strong>Τὴν</strong></span> <span class='ocrx_word' id='word_1_664' title='bbox 2413 4532 2477 4583; x_wconf 88' lang='grc' dir='ltr'><strong>ἐκ</strong></span> <span class='ocrx_word' id='word_1_665' title='bbox 2516 4531 2622 4583; x_wconf 79' lang='grc' dir='ltr'><strong>τῶν</strong></span> <span class='ocrx_word' id='word_1_666' title='bbox 2670 4530 2941 4602; x_wconf 88' lang='grc' dir='ltr'>πολεμίων</span> <span class='ocrx_word' id='word_1_667' title='bbox 2989 4532 3341 4604; x_wconf 83' lang='grc' dir='ltr'>ἐπικράτειαν</span> <span class='ocrx_word' id='word_1_668' title='bbox 3381 4535 3618 4590; x_wconf 80' lang='grc' dir='ltr'>ἐνταῦθα</span> <span class='ocrx_word' id='word_1_669' title='bbox 3647 4553 3743 4606; x_wconf 85' lang='grc' dir='ltr'>ση-</span> 
     </span>
    </p>
   </div>
   <div class='ocr_carea' id='block_1_102' title="bbox 2186 4611 3743 4699">
    <p class='ocr_par' dir='ltr' id='par_1_102' title="bbox 2186 4611 3743 4699">
     <span class='ocr_line' id='line_1_102' title="bbox 2186 4611 3743 4699; baseline 0.005 -26"><span class='ocrx_word' id='word_1_670' title='bbox 2186 4622 2397 4691; x_wconf 69' lang='grc' dir='ltr'>μαίνειδ</span> <span class='ocrx_word' id='word_1_671' title='bbox 2433 4624 2524 4676; x_wconf 78' lang='grc' dir='ltr'><strong>καὶ</strong></span> <span class='ocrx_word' id='word_1_672' title='bbox 2570 4624 2650 4676; x_wconf 86' lang='grc' dir='ltr'><strong>ὃτι</strong></span> <span class='ocrx_word' id='word_1_673' title='bbox 2685 4624 2863 4694; x_wconf 88' lang='grc' dir='ltr'>πάσης</span> <span class='ocrx_word' id='word_1_674' title='bbox 2896 4611 3117 4693; x_wconf 68' lang='grc' dir='ltr'>ἁτιιιίας</span> <span class='ocrx_word' id='word_1_675' title='bbox 3154 4625 3375 4696; x_wconf 76' lang='grc' dir='ltr'>ἔμπλεοι</span> <span class='ocrx_word' id='word_1_676' title='bbox 3405 4626 3651 4694; x_wconf 80' lang='grc' dir='ltr'>γένοιντο</span> <span class='ocrx_word' id='word_1_677' title='bbox 3676 4632 3743 4699; x_wconf 76' lang='grc' dir='ltr'>τῇ</span> 
     </span>
    </p>
   </div>
   <div class='ocr_carea' id='block_1_103' title="bbox 2180 4711 3741 4790">
    <p class='ocr_par' dir='ltr' id='par_1_103' title="bbox 2180 4711 3741 4790">
     <span class='ocr_line' id='line_1_103' title="bbox 2180 4711 3741 4790; baseline 0.005 -27"><span class='ocrx_word' id='word_1_678' title='bbox 2180 4711 2524 4784; x_wconf 78' lang='grc' dir='ltr'>αἰχμαλωσίᾳ</span> <span class='ocrx_word' id='word_1_679' title='bbox 2585 4713 2970 4777; x_wconf 82' lang='grc' dir='ltr'>ὑποπεσόντες,</span> <span class='ocrx_word' id='word_1_680' title='bbox 3022 4715 3191 4786; x_wconf 88' lang='grc' dir='ltr'>δηλοῖ.</span> <span class='ocrx_word' id='word_1_681' title='bbox 3238 4718 3344 4770; x_wconf 79' lang='grc' dir='ltr'><strong>Καὶ</strong></span> <span class='ocrx_word' id='word_1_682' title='bbox 3384 4717 3515 4790; x_wconf 84' lang='grc' dir='ltr'>γὰρ,</span> <span class='ocrx_word' id='word_1_683' title='bbox 3559 4720 3741 4790; x_wconf 72' lang='grc' dir='ltr'>φησὶν,</span> 
     </span>
    </p>
   </div>
   <div class='ocr_carea' id='block_1_104' title="bbox 2180 4802 3744 4881">
    <p class='ocr_par' dir='ltr' id='par_1_104' title="bbox 2180 4802 3744 4881">
     <span class='ocr_line' id='line_1_104' title="bbox 2180 4802 3744 4881; baseline 0.008 -26"><span class='ocrx_word' id='word_1_684' title='bbox 2180 4802 2298 4856; x_wconf 80' lang='grc' dir='ltr'>οὐδὲ</span> <span class='ocrx_word' id='word_1_685' title='bbox 2345 4804 2393 4856; x_wconf 81' lang='grc' dir='ltr'><strong>οἱ</strong></span> <span class='ocrx_word' id='word_1_686' title='bbox 2445 4806 2508 4858; x_wconf 90' lang='grc' dir='ltr'><strong>ἐκ</strong></span> <span class='ocrx_word' id='word_1_687' title='bbox 2542 4806 2639 4877; x_wconf 82' lang='grc' dir='ltr'><strong>τῆς</strong></span> <span class='ocrx_word' id='word_1_688' title='bbox 2669 4806 3041 4878; x_wconf 76' lang='grc' dir='ltr'>αἰχμαλωσίας</span> <span class='ocrx_word' id='word_1_689' title='bbox 3081 4809 3253 4878; x_wconf 75' lang='grc' dir='ltr'>ὀλίγοι</span> <span class='ocrx_word' id='word_1_690' title='bbox 3280 4812 3744 4881; x_wconf 72' lang='grc' dir='ltr'>παραλειφθέντες</span> 
     </span>
    </p>
   </div>
   <div class='ocr_carea' id='block_1_105' title="bbox 2180 4893 3743 4974">
    <p class='ocr_par' dir='ltr' id='par_1_105' title="bbox 2180 4893 3743 4974">
     <span class='ocr_line' id='line_1_105' title="bbox 2180 4893 3743 4974; baseline 0.008 -28"><span class='ocrx_word' id='word_1_691' title='bbox 2180 4893 2357 4948; x_wconf 88' lang='grc' dir='ltr'>λαθεῖν</span> <span class='ocrx_word' id='word_1_692' title='bbox 2417 4895 2750 4968; x_wconf 81' lang='grc' dir='ltr'>δυνήσονται,</span> <span class='ocrx_word' id='word_1_693' title='bbox 2794 4898 2908 4952; x_wconf 87' lang='grc' dir='ltr'>ἀλλ’</span> <span class='ocrx_word' id='word_1_694' title='bbox 2961 4899 3133 4965; x_wconf 73' lang='grc' dir='ltr'>οὕτως</span> <span class='ocrx_word' id='word_1_695' title='bbox 3181 4902 3328 4974; x_wconf 87' lang='grc' dir='ltr'><strong>παρά</strong></span> <span class='ocrx_word' id='word_1_696' title='bbox 3369 4904 3592 4958; x_wconf 82' lang='grc' dir='ltr'>πάντων</span> <span class='ocrx_word' id='word_1_697' title='bbox 3640 4905 3743 4958; x_wconf 75' lang='grc' dir='ltr'>τῶν</span> 
     </span>
    </p>
   </div>
   <div class='ocr_carea' id='block_1_106' title="bbox 2177 4986 3742 5064">
    <p class='ocr_par' dir='ltr' id='par_1_106' title="bbox 2177 4986 3742 5064">
     <span class='ocr_line' id='line_1_106' title="bbox 2177 4986 3742 5064; baseline 0.009 -27"><span class='ocrx_word' id='word_1_698' title='bbox 2177 4986 2465 5057; x_wconf 89' lang='grc' dir='ltr'>περιοίκων</span> <span class='ocrx_word' id='word_1_699' title='bbox 2490 4987 2921 5059; x_wconf 77' lang='grc' dir='ltr'>φωραθήσονται,</span> <span class='ocrx_word' id='word_1_700' title='bbox 2945 4990 3036 5043; x_wconf 76' lang='grc' dir='ltr'><strong>καὶ</strong></span> <span class='ocrx_word' id='word_1_701' title='bbox 3064 4993 3347 5064; x_wconf 86' lang='grc' dir='ltr'>κατάδηλοι</span> <span class='ocrx_word' id='word_1_702' title='bbox 3375 4993 3593 5050; x_wconf 79' lang='grc' dir='ltr'>ἔσονται</span> <span class='ocrx_word' id='word_1_703' title='bbox 3616 4998 3742 5051; x_wconf 81' lang='grc' dir='ltr'>ὑπο-</span> 
     </span>
    </p>
   </div>
   <div class='ocr_carea' id='block_1_107' title="bbox 2175 5075 3740 5153">
    <p class='ocr_par' dir='ltr' id='par_1_107' title="bbox 2175 5075 3740 5153">
     <span class='ocr_line' id='line_1_107' title="bbox 2175 5075 3740 5153; baseline 0.01 -24"><span class='ocrx_word' id='word_1_704' title='bbox 2175 5075 2490 5149; x_wconf 79' lang='grc' dir='ltr'>ϐαλλόμενοι</span> <span class='ocrx_word' id='word_1_705' title='bbox 2536 5081 2600 5149; x_wconf 85' lang='grc' dir='ltr'>τῇ</span> <span class='ocrx_word' id='word_1_706' title='bbox 2662 5083 2916 5153; x_wconf 80' lang='grc' dir='ltr'>τιμωρίᾳ,</span> <span class='ocrx_word' id='word_1_707' title='bbox 2963 5085 3038 5147; x_wconf 87' lang='grc' dir='ltr'>ὡς</span> <span class='ocrx_word' id='word_1_708' title='bbox 3083 5085 3183 5138; x_wconf 75' lang='grc' dir='ltr'><strong>οὐκ</strong></span> <span class='ocrx_word' id='word_1_709' title='bbox 3223 5086 3396 5140; x_wconf 77' lang='grc' dir='ltr'>ἔνεστι</span> <span class='ocrx_word' id='word_1_710' title='bbox 3430 5088 3618 5143; x_wconf 88' lang='grc' dir='ltr'>λαθεῖν</span> <span class='ocrx_word' id='word_1_711' title='bbox 3653 5091 3740 5143; x_wconf 77' lang='grc' dir='ltr'><strong>τὸν</strong></span> 
     </span>
    </p>
   </div>
   <div class='ocr_carea' id='block_1_108' title="bbox 2173 5168 3737 5247">
    <p class='ocr_par' dir='ltr' id='par_1_108' title="bbox 2173 5168 3737 5247">
     <span class='ocr_line' id='line_1_108' title="bbox 2173 5168 3737 5247; baseline 0.009 -27"><span class='ocrx_word' id='word_1_712' title='bbox 2173 5168 2260 5221; x_wconf 82' lang='grc' dir='ltr'>ἐπ’</span> <span class='ocrx_word' id='word_1_713' title='bbox 2290 5170 2458 5240; x_wconf 78' lang='grc' dir='ltr'>ἄκρου</span> <span class='ocrx_word' id='word_1_714' title='bbox 2490 5170 2650 5242; x_wconf 79' lang='grc' dir='ltr'>ὅρους</span> <span class='ocrx_word' id='word_1_715' title='bbox 2673 5172 2799 5226; x_wconf 81' lang='grc' dir='ltr'>ὅντα</span> <span class='ocrx_word' id='word_1_716' title='bbox 2836 5174 2868 5245; x_wconf 87' lang='grc' dir='ltr'>ἢ</span> <span class='ocrx_word' id='word_1_717' title='bbox 2898 5175 3199 5247; x_wconf 78' lang='grc' dir='ltr'>πρόδρομον</span> <span class='ocrx_word' id='word_1_718' title='bbox 3229 5175 3413 5241; x_wconf 77' lang='grc' dir='ltr'>σύκου,</span> <span class='ocrx_word' id='word_1_719' title='bbox 3445 5179 3474 5230; x_wconf 87' lang='grc' dir='ltr'><em>ὃ</em></span> <span class='ocrx_word' id='word_1_720' title='bbox 3512 5182 3583 5233; x_wconf 78' lang='grc' dir='ltr'><strong>ἐκ</strong></span> <span class='ocrx_word' id='word_1_721' title='bbox 3611 5183 3737 5235; x_wconf 80' lang='grc' dir='ltr'>πάν-</span> 
     </span>
    </p>
   </div>
   <div class='ocr_carea' id='block_1_109' title="bbox 2172 5260 3736 5344">
    <p class='ocr_par' dir='ltr' id='par_1_109' title="bbox 2172 5260 3736 5344">
     <span class='ocr_line' id='line_1_109' title="bbox 2172 5260 3736 5344; baseline 0.008 -32"><span class='ocrx_word' id='word_1_722' title='bbox 2172 5276 2279 5313; x_wconf 87' lang='grc' dir='ltr'><strong>των</strong></span> <span class='ocrx_word' id='word_1_723' title='bbox 2306 5260 2414 5313; x_wconf 83' lang='grc' dir='ltr'>τῶν</span> <span class='ocrx_word' id='word_1_724' title='bbox 2447 5261 2619 5315; x_wconf 79' lang='grc' dir='ltr'>ἄλλων</span> <span class='ocrx_word' id='word_1_725' title='bbox 2660 5263 2818 5333; x_wconf 84' lang='grc' dir='ltr'>μόνον</span> <span class='ocrx_word' id='word_1_726' title='bbox 2846 5265 3104 5337; x_wconf 84' lang='grc' dir='ltr'>πέπειρον</span> <span class='ocrx_word' id='word_1_727' title='bbox 3135 5269 3433 5322; x_wconf 79' lang='grc' dir='ltr'>ἐπισπᾶται</span> <span class='ocrx_word' id='word_1_728' title='bbox 3464 5272 3568 5335; x_wconf 65' lang='grc' dir='ltr'><strong>τὰς</strong></span> <span class='ocrx_word' id='word_1_729' title='bbox 3594 5273 3736 5344; x_wconf 68' lang='grc' dir='ltr'>ὄψεις</span> 
     </span>
    </p>
   </div>
   <div class='ocr_carea' id='block_1_110' title="bbox 2171 5349 2578 5421">
    <p class='ocr_par' dir='ltr' id='par_1_110' title="bbox 2171 5349 2578 5421">
     <span class='ocr_line' id='line_1_110' title="bbox 2171 5349 2578 5421; baseline 0.007 -19"><span class='ocrx_word' id='word_1_730' title='bbox 2171 5349 2279 5402; x_wconf 83' lang='grc' dir='ltr'><strong>τῶν</strong></span> <span class='ocrx_word' id='word_1_731' title='bbox 2309 5350 2578 5421; x_wconf 83' lang='grc' dir='ltr'>ὁρώντων.</span> 
     </span>
    </p>
   </div>
   <div class='ocr_carea' id='block_1_111' title="bbox 2240 5442 3734 5525">
    <p class='ocr_par' dir='ltr' id='par_1_111' title="bbox 2240 5442 3734 5525">
     <span class='ocr_line' id='line_1_111' title="bbox 2240 5442 3734 5525; baseline 0.008 -30"><span class='ocrx_word' id='word_1_732' title='bbox 2240 5442 2381 5512; x_wconf 83' lang='grc' dir='ltr'>Πρὸς</span> <span class='ocrx_word' id='word_1_733' title='bbox 2424 5445 2548 5508; x_wconf 81' lang='grc' dir='ltr'>τοὺς</span> <span class='ocrx_word' id='word_1_734' title='bbox 2605 5446 2744 5500; x_wconf 84' lang='grc' dir='ltr'>κατὰ</span> <span class='ocrx_word' id='word_1_735' title='bbox 2788 5446 3025 5502; x_wconf 81' lang='grc' dir='ltr'>διάνοιαν</span> <span class='ocrx_word' id='word_1_736' title='bbox 3072 5448 3364 5522; x_wconf 77' lang='grc' dir='ltr'>λογισμοὺς</span> <span class='ocrx_word' id='word_1_737' title='bbox 3416 5453 3734 5525; x_wconf 69' lang='grc' dir='ltr'>κινηθέντες</span> 
     </span>
    </p>
   </div>
   <div class='ocr_carea' id='block_1_112' title="bbox 2168 5539 3734 5616">
    <p class='ocr_par' dir='ltr' id='par_1_112' title="bbox 2168 5539 3734 5616">
     <span class='ocr_line' id='line_1_112' title="bbox 2168 5539 3734 5616; baseline 0.007 -26"><span class='ocrx_word' id='word_1_738' title='bbox 2168 5539 2369 5601; x_wconf 81' lang='grc' dir='ltr'>αὐτοῖς,</span> <span class='ocrx_word' id='word_1_739' title='bbox 2402 5540 2482 5592; x_wconf 83' lang='grc' dir='ltr'><strong>ὅτι</strong></span> <span class='ocrx_word' id='word_1_740' title='bbox 2528 5539 2591 5611; x_wconf 84' lang='grc' dir='ltr'>δὴ</span> <span class='ocrx_word' id='word_1_741' title='bbox 2634 5543 2713 5606; x_wconf 79' lang='grc' dir='ltr'>εἰς</span> <span class='ocrx_word' id='word_1_742' title='bbox 2755 5542 3024 5613; x_wconf 81' lang='grc' dir='ltr'>ἐξάλειψιν</span> <span class='ocrx_word' id='word_1_743' title='bbox 3067 5545 3245 5599; x_wconf 82' lang='grc' dir='ltr'>αὐτῶν</span> <span class='ocrx_word' id='word_1_744' title='bbox 3292 5546 3410 5599; x_wconf 80' lang='grc' dir='ltr'>ἐστι</span> <span class='ocrx_word' id='word_1_745' title='bbox 3453 5548 3514 5600; x_wconf 83' lang='grc' dir='ltr'>τὸ</span> <span class='ocrx_word' id='word_1_746' title='bbox 3563 5550 3734 5616; x_wconf 81' lang='grc' dir='ltr'>γένος,</span> 
     </span>
    </p>
   </div>
   <div class='ocr_carea' id='block_1_113' title="bbox 2170 5630 3735 5708">
    <p class='ocr_par' dir='ltr' id='par_1_113' title="bbox 2170 5630 3735 5708">
     <span class='ocr_line' id='line_1_113' title="bbox 2170 5630 3735 5708; baseline 0.006 -26"><span class='ocrx_word' id='word_1_747' title='bbox 2170 5630 2392 5699; x_wconf 70' lang='grc' dir='ltr'>μηδενὸς</span> <span class='ocrx_word' id='word_1_748' title='bbox 2422 5632 2860 5704; x_wconf 81' lang='grc' dir='ltr'>ἀντιποιουμένου</span> <span class='ocrx_word' id='word_1_749' title='bbox 2908 5637 3105 5706; x_wconf 74' lang='grc' dir='ltr'>αὐτῶν,</span> <span class='ocrx_word' id='word_1_750' title='bbox 3141 5639 3232 5693; x_wconf 71' lang='grc' dir='ltr'><strong>καὶ</strong></span> <span class='ocrx_word' id='word_1_751' title='bbox 3274 5639 3342 5691; x_wconf 74' lang='grc' dir='ltr'>τὰ</span> <span class='ocrx_word' id='word_1_752' title='bbox 3384 5640 3636 5708; x_wconf 80' lang='grc' dir='ltr'>παρόντα</span> <span class='ocrx_word' id='word_1_753' title='bbox 3662 5640 3735 5692; x_wconf 79' lang='grc' dir='ltr'>λέ·</span> 
     </span>
    </p>
   </div>
  </div>
