4022 6208
327 263 467 321 1517
1787 265 1855 320 ιΝ
1895 262 1912 319 Ι

1952 265 2145 326 ›Ᾱ1ΑΜ.
3405 284 3540 340 1518

323 380 543 435 λεκται’
580 377 669 433 ἴνα
696 378 803 449 γὰρ
833 379 907 451 μὴ
943 379 1022 443 είς
1059 379 1404 435 ἀνελπιστίαν
1457 381 1687 452 παντελῆ
1735 399 1895 435 κατα-

1950 390 2145 454 lspem
2195 401 2414 443 onmem
2467 390 2743 459 abjiciant,
2795 392 3138 449 liberatorem
3189 402 3538 466 praznuntiat.

330 472 553 534 πέσωσι,
573 470 928 543 προαγορεύει
956 471 1046 524 τὸν
1080 471 1337 542 μέλλοντα
1386 473 1478 525 ἐπὶ
1513 472 1753 543 σωτηρίᾳ,
1790 472 1883 524 τοῦ

1993 477 2059 530 ad
2100 478 2417 533 salvandum
2467 494 2637 549 genus
2658 491 2964 545 venturum,
3001 482 3102 537 hoc
3121 496 3225 553 est,
3253 485 3538 544 Dominum

331 561 512 634 γένους
541 560 1072 633 παραγενησόμενον,
1105 562 1349 615 τουτέστι
1387 562 1475 615 τὸν
1504 561 1696 633 Κύριον
1730 562 1884 633 ἡμῶν

1990 576 2235 622 nostrum
2255 568 2442 624 Jesum
2477 570 2751 626 Christum
2782 571 3117 629 Salvatorem
3144 584 3414 641 nostrum,
3444 580 3536 649 qui

338 654 540 726 Ἰησοῦν
573 653 664 707 τὸν
692 652 923 723 Χριστὸν
972 653 1060 706 τὸν
1089 654 1354 726 ἡμέτερον
1398 655 1643 727 Σωτῆρα,
1676 654 1734 718 ὃς
1766 654 1885 707 στέ-

1990 661 2241 715 omnibus
2286 677 2484 717 corona
2529 664 2642 734 spei
2681 665 2803 729 erit,
2840 665 2953 730 ubi,
2983 681 3146 729 carne
3185 675 3370 724 nostra
3414 684 3537 726 sus-

326 766 488 819 φανος
508 748 607 819 τῆς
640 744 797 817 δόξης
833 745 983 800 ἔσται
1025 748 1181 814 πᾶσι,
1225 747 1412 816 φανεὶς
1451 748 1508 801 ἐν
1558 748 1744 818 κόσμῳ
1790 747 1883 801 καὶ

1367 749 1412 810 ις
1451 748 1508 801 ἐν
1558 748 1744 818 κόσμῳ
1790 747 1883 801 καὶ
1988 761 2163 821 cepta,
2189 753 2329 809 inter
2349 754 2594 811 homines
2624 756 2955 825 apparuerit.

326 839 604 897 ἀναλαϐὼν
635 838 733 911 τὴν
766 840 1040 910 ἡμετέραν
1079 839 1275 911 σάρκα.

393 932 504 1003 Τὴν
553 929 646 983 τοῦ
705 930 837 983 Θεοῦ
898 931 1211 995 ἐποπτείαν,
1260 934 1351 986 καὶ
1404 933 1502 1003 τὴν
1536 934 1746 988 δικαίαν
1787 937 1883 988 αύ-
2057 923 2219 981 νείκει
2262 926 2316 981 6·
2360 928 2451 984 θεῖ
2496 932 2890 1001 Ρτονίάθηιῖωη
2920 941 2974 989 εί
3002 935 3210 1005 iugum
3245 937 3365 1007 eius
3392 937 3537 1008 indi‘

326 1022 417 1075 τοῦ
446 1021 624 1093 κρίσιν
655 1019 823 1092 δηλοῖ,
859 1020 934 1083 ὡς
980 1020 1079 1073 οὐκ
1122 1021 1357 1093 ἀκρίτως
1400 1024 1599 1087 πάντες
1627 1025 1675 1077 οἱ
1706 1042 1881 1095 παρα-

1987 1016 2129 1070 cium
2180 1017 2444 1087 declarat,
2498 1036 2622 1075 cum
2667 1038 2777 1077 non
2828 1039 3023 1078 onmes
3060 1025 3161 1091 illi,
3196 1029 3288 1097 qui
3325 1028 3536 1085 fuerant

326 1113 566 1177 δοθέντες
601 1115 663 1183 τῇ
698 1110 1039 1181 αἰχμαλωσίᾳ
1076 1112 1488 1177 ἀποθανοῦνται,
1538 1114 1649 1167 ἀλλ’
1686 1117 1879 1171 ἐκεῖνοι

1986 1106 2040 1161 in
2094 1110 2463 1178 captivitatem
2516 1112 2761 1177 redacti,
2813 1114 3127 1170 indistincte
3197 1118 3535 1184 moriantur;

328 1201 863 1274 περιποιηθήσονται,
889 1200 982 1265 οὓς
1007 1201 1085 1271 τῷ
1112 1202 1229 1272 Θεῴ
1257 1202 1383 1275 δόξῃ
1415 1203 1699 1270 σώζεσθαι,
1726 1206 1879 1277 ἡμῶν

1987 1200 2286 1256 liberentur
2331 1219 2459 1258 vero
2491 1220 2631 1275 quos
2679 1204 2784 1260 Deo
2832 1222 3049 1262 servare
3092 1209 3376 1278 placuerit,
3412 1212 3537 1266 licet

330 1295 404 1366 μὴ
431 1294 734 1363 δυναμένων
772 1293 1068 1364 ἀνιχνεύειν
1112 1293 1235 1357 τοὺς
1269 1294 1458 1363 λόγους
1493 1295 1558 1349 δι’
1587 1296 1679 1361 οὓς
1721 1315 1879 1369 περι-

1984 1291 2086 1363 ipsi
2138 1308 2238 1348 nos
2298 1295 2603 1364 perspicere
2653 1312 2762 1351 non
2786 1299 3098 1367 possimus,
3133 1315 3237 1369 qua
3278 1301 3345 1355 de
3372 1315 3533 1355 causa

326 1385 728 1457 ποιηθήσονται.
920 1432 929 1437 -

714 1425 728 1437 .
920 1432 929 1437 .
1982 1383 2299 1438 liberantur.

394 1477 588 1546 Φάσμα
616 1475 722 1547 γὰρ
760 1475 854 1528 καὶ
882 1474 1141 1545 ἔκπληξις
1167 1475 1312 1528 τοῦτ’
1338 1475 1403 1529 ἂν
1436 1476 1519 1547 εἴη
1562 1478 1784 1549 κυρίως,
1817 1480 1879 1533 τὸ

2052 1473 2219 1531 Vens.
2258 1476 2311 1530 7.
2349 1474 2582 1533 Phasma
2635 1493 2767 1533 sane
2817 1488 2962 1536 esset
3014 1488 3067 1535 et
3114 1492 3440 1546 monstrum,
3488 1485 3533 1539 si

323 1567 561 1630 τούτους,
614 1566 783 1630 οὕτως
830 1566 1338 1638 παιδαγωγηθέντας
1394 1569 1541 1639 παρά
1586 1570 1678 1623 τοῦ
1720 1571 1874 1637 Θεοῦ,

1983 1567 2057 1620 ita
2092 1582 2120 1619 a
2168 1566 2278 1621 Deo
2321 1568 2557 1631 educati,
2604 1571 2770 1627 tantis
2812 1574 2956 1627 aucti
3001 1573 3299 1637 beneﬁciis,
3332 1575 3387 1629 in
3411 1583 3535 1629 tan-

325 1658 417 1710 καὶ
437 1657 701 1709 τοσούτων
732 1656 1145 1720 ἀπολαύσαντας
1174 1656 1281 1709 τῶν
1311 1658 1549 1727 ἀγαθῶν,
1584 1662 1664 1723 είς
1692 1660 1877 1714 τοσαύ⁹

1311 1658 1549 1727 ἀγαθῶν,
1584 1662 1664 1723 εις
1692 1660 1877 1714 τοσαύο
1983 1664 2091 1710 tam
2120 1658 2443 1727 impietatem
2475 1658 2873 1716 delaberentur.

321 1765 423 1819 την
452 1747 791 1818 παρανομίαν
822 1746 972 1818 χωρῆ
981 1765 1088 1801 σαι.
1909 1739 1952 1793 Β

394 1839 581 1901 Θλίψιν
610 1837 836 1891 ἐνταῦθα
864 1838 1009 1906 λέγει
1056 1838 1122 1891 τὰ
1153 1842 1208 1892 ἐν
1232 1843 1295 1911 τῇ
1320 1841 1663 1913 αἰχμαλωσίᾳ
1700 1842 1876 1896 δεινόν

2053 1832 2218 1889 Vens.
2285 1836 2371 1892 £0.
2427 1837 2858 1895 'l'rihulatiouem
2892 1841 2979 1894 hic
3008 1851 3167 1896 vocat
3196 1843 3534 1900 calamitates

326 1930 637 2001 προσθήκην
667 1929 722 1981 δὲ
752 1928 983 2001 θλίψεως
1022 1930 1120 2000 τὴν
1154 1931 1500 2001 συναίσθησιν
1529 1931 1636 1985 τῶν
1671 1932 1878 1995 αἰτίων,

1981 1926 2225 1995 captivos
2272 1928 2580 1995 invasuras,
2622 1932 3023 1987 tribulationem
3064 1947 3193 1987 vero
3221 1950 3384 2004 super
3428 1936 3531 1989 tri-

322 2022 390 2077 δι’
420 2021 484 2084 ἃς
511 2022 602 2074 καὶ
660 2020 723 2073 τὰ
762 2021 905 2074 κακά
952 2022 1133 2085 αὐτοῖς
1187 2023 1573 2092 ἐπενήνεκται’
1616 2024 1735 2093 ἥτις
1781 2024 1881 2076 ἐπ-

1979 2016 2344 2083 bulationem,
2400 2022 2789 2077 conscientiam
2831 2024 3142 2087 criminum,
3186 2024 3386 2095 quibus
3427 2026 3530 2080 sibi

320 2112 534 2184 ωφελὴς
563 2114 653 2167 καὶ
676 2114 937 2184 όνήσιμος
968 2114 1147 2177 αὐτοῖς
1169 2113 1391 2181 ἐγίνετο.

1980 2108 2085 2162 ista
2134 2110 2277 2163 mala
2308 2123 2762 2181 promeruerunt;
2794 2129 2914 2183 quae
2943 2122 2997 2169 et
3027 2114 3176 2169 utilis
3208 2116 3317 2171 illis
3348 2114 3448 2171 fuit
3478 2124 3532 2171 et

1978 2202 2255 2258 salutaris.

392 2295 502 2366 Τὴν
550 2295 758 2349 δικαίαν
812 2296 959 2367 παρά
1028 2315 1120 2351 του
1193 2297 1326 2351 Θεοῦ
1381 2297 1731 2351 ἀνταπόδοσιν
1780 2300 1877 2351 ἐπ-

2048 2292 2213 2350 Vsns.
2240 2295 2326 2350 ll.
2364 2295 2521 2351 Justa
2564 2312 2659 2353 eos
2704 2312 2732 2350 a
2775 2296 2883 2352 Deo
2929 2298 3167 2352 vindicta
3216 2298 3528 2368 plectendos

317 2386 700 2456 ενεχθήσεσθαι
736 2387 919 2451 αὐτοῖς
944 2387 1211 2456 προλέγειο
1229 2386 1441 2459 γλώττῃ
1468 2388 1565 2458 μὲν
1585 2388 1875 2456 φαυλισάν-

1978 2392 2353 2457 praenuntiat:
2390 2389 2574 2459 lingua
2612 2390 2740 2459 quia
2787 2389 2953 2444 Deum
2995 2390 3307 2454 irriserunt,
3345 2390 3526 2460 lingua

316 2492 426 2529 των
450 2477 510 2529 τὸ
536 2478 708 2541 Θεῖον,
732 2479 790 2531 ὲν
822 2478 879 2531 δὲ
911 2482 975 2549 τῇ
1005 2477 1216 2551 γλώττῃ
1250 2479 1552 2550 δεχομένων
1572 2478 1668 2550 τὴν
1700 2497 1873 2549 τιμω-

1974 2491 2164 2547 ρωηαε
2196 2479 2438 2546 dabunt;
2486 2480 2685 2536 etenim
2731 2481 2785 2535 in
2833 2482 3202 2550 captivitatem
3247 2482 3523 2545 abductis,

320 2568 443 2639 ρίαν
466 2583 479 2599 ⁶
514 2569 617 2623 ὑπὸ
649 2570 755 2639 γὰρ
793 2569 1167 2640 αἰχμαλωσίαν
1204 2571 1559 2640 πράττοντες,
1599 2570 1781 2624 οὐκέτι
1809 2573 1871 2641 τῇ

1969 2568 2080 2637 jazu
2117 2584 2223 2624 non
2262 2571 2438 2640 patrio
2468 2587 2719 2627 sermone
2764 2572 2918 2626 licuit
2963 2575 3062 2636 uti,
3111 2573 3205 2629 sed
3251 2574 3366 2644 ipsa
3410 2573 3526 2628 edi.

320 2659 535 2731 συνήθει
564 2660 821 2730 διαλέκτῳ
864 2661 1176 2732 ἐκέχρηντο,
1208 2660 1340 2714 ἀλλά
1369 2663 1433 2731 τῇ
1473 2660 1580 2715 τῶν
1615 2660 1874 2733 κρατούν-

1371 2663 1433 2731 τῇ
1473 2660 1580 2715 τῶν
1615 2660 1874 2733 κρατούν-
1973 2660 2173 2715 scenda
2207 2661 2309 2714 fuit
2333 2661 2727 2717 dominantium
2757 2661 2959 2732 lingua.

314 2764 423 2801 των
446 2752 593 2819 φωνῇ
628 2749 805 2802 λαλεῖν
827 2750 1210 2818 ἠναγκάζοντο.

388 2856 491 2908 Τὸν
527 2857 590 2908 ἐκ
618 2856 726 2909 τῶν
754 2856 928 2909 πόνων
972 2857 1154 2918 αὐτοῖς
1202 2855 1593 2927 ἐπιγενηθέντα
1640 2856 1869 2929 καρπὸν,

2056 2855 2222 2913 Vens.
2267 2857 2354 2914 12.
2410 2856 2669 2913 Fructum
2723 2861 2855 2931 ipsis
2905 2876 2971 2916 ex
3016 2861 3296 2916 laboribus
3347 2870 3522 2917 ortum

314 2945 377 2999 δν
406 2946 690 3018 ἐριστικῶς
738 2947 916 3011 αὐτοῖς
948 2947 1303 3001 ἐπιδείκνυσιν
1335 2950 1363 3001 ό
1403 2948 1706 3019 προφήτης,
1741 2948 1873 3001 ἀνά-

1982 2949 2187 3006 indicat
2214 2950 2475 3021 propheta
2524 2951 2749 3018 ironice,
2784 2952 2909 3007 dum
2942 2953 3181 3022 requiem
3212 2967 3398 3024 pmnas
3428 2969 3523 3022 ap-

318 3053 517 3089 παυσιν
538 3035 633 3109 τὴν
656 3036 919 3108 τιμωρίαν
938 3038 1116 3092 καλῶν
1136 3055 1149 3068 ·
1175 3032 1277 3092 ’Ὧν
1297 3038 1424 3109 γὰρ,
1450 3041 1630 3109 φησιν,
1657 3041 1869 3102 ἑαυτοῖς
1895 3077 1906 3128 ι

1932 3073 1940 3130 ι
1972 3039 2136 3108 pellat
2171 3040 2338 3106 τρυε
2366 3042 2557 3115 βηὶιη,
2593 3042 2787 3111 inquit,
2833 3043 2989 3098 vobis
3031 3043 3520 3107 thesaurizavistis,

314 3126 741 3199 ἐθησαυρίσατε,
804 3129 1005 3183 τούτων
1070 3130 1145 3193 ὼς
1205 3132 1263 3181 ἐν
1316 3130 1474 3200 ἡδονῇ
1536 3129 1866 3193 ἀπολαύετε,

1777 3147 1866 3193 τε,
1904 3126 1939 3131 ⁷
1975 3129 2095 3185 istis
2127 3129 2383 3183 fruamini
2417 3139 2473 3185 ut
2510 3132 2563 3185 in
2600 3132 2820 3202 gaudio,
2847 3134 3133 3203 suppliciis
3162 3134 3365 3190 aﬂlicti.

317 3218 718 3290 συντριϐόμενοι
744 3222 800 3272 ἐν
828 3223 946 3283 ταῖς
978 3223 1287 3292 τιμωρίαις.

382 3332 492 3404 Τὴν
540 3335 604 3385 ἐκ
653 3334 750 3403 τῆς
797 3333 1041 3395 παιδείας
1086 3334 1349 3401 ὠφέλειαν
1411 3333 1703 3403 γενομένην
1750 3335 1869 3395 ταῖς

2051 3325 2217 3380 Vens.
2252 3327 2337 3380 l5.
2391 3326 2508 3394 Qua
2542 3329 2752 3382 ratione
2790 3327 3078 3398 disciplina
3116 3330 3290 3398 prosit
3324 3331 3521 3387 animis

310 3423 505 3494 ψυχαῖς
542 3423 718 3476 αὐτῶν
747 3423 916 3492 λέγει·
953 3424 1237 3494 λαϐόμενοι
1271 3423 1378 3495 γὰρ
1415 3424 1642 3487 ἑαυτῶν,
1675 3425 1758 3493 ἐφ’
1786 3421 1868 3488 οἷς

1967 3432 2175 3481 eorum,
2212 3418 2421 3485 innuit;
2467 3433 2592 3472 nam
2626 3417 2952 3488 cupiditates
2987 3418 3366 3487 refrenantes,
3398 3424 3519 3491 qui-

310 3515 684 3587 διεπράξαντο,
712 3516 809 3585 τὴν
839 3515 1094 3585 ἐπικερδῆ
1138 3517 1258 3578 ταῖς
1290 3515 1484 3584 ψυχαῖς
1529 3516 1711 3569 αὐτῶν
1743 3516 1864 3569 ὀδύ-

1966 3508 2069 3562 bus
2100 3508 2487 3574 iuserviebant,
2519 3509 2810 3564 salutarem
2842 3510 3026 3563 animo
3054 3510 3297 3565 dolorem
3325 3514 3515 3567 conci-

311 3624 407 3676 νην
436 3624 495 3659 τε
528 3606 620 3659 καὶ
667 3606 841 3676 θλίψιν
885 3606 1057 3676 ἔσχον,
1116 3602 1497 3678 συνεργοῦντος
1544 3609 1725 3672 αὐτοῖς
1770 3608 1863 3661 τοῦ

1966 3600 2122 3668 piunt
2158 3608 2212 3654 et
2254 3600 2693 3667 tribulationem;
2726 3598 2838 3655 Deo
2869 3601 3184 3670 adiuvante,
3213 3612 3266 3657 et
3294 3603 3517 3659 insanos

309 3696 441 3749 Θεοῦ
486 3698 578 3749 καὶ
611 3697 1001 3759 ἀνακόπτοντος
1042 3696 1219 3751 αὐτῶν
1261 3696 1355 3761 τὰς
1398 3698 1623 3766 ἀλόγους
1649 3696 1824 3769 ὁρμάς
1847 3715 1860 3727 ·

1967 3697 2148 3746 motus
2186 3691 2540 3761 rcprimente,
2571 3698 2631 3744 ut
2660 3699 2880 3761 propter
2907 3691 3015 3744 vim
3049 3707 3318 3762 pressurae
3353 3693 3511 3763 quasi

307 3784 395 3839 ἵνα
426 3788 491 3856 τῇ
527 3785 618 3857 βίᾳ
644 3787 740 3855 τῆς
768 3785 1211 3851 ἀντανακλάσεως
1245 3787 1729 3858 παιδαγωγηθῶσιν
1767 3788 1863 3857 ὀψέ

1964 3780 2294 3848 repercussi,
2324 3779 2536 3835 discant
2561 3778 2777 3834 tandem
2805 3779 2994 3833 oculos
3024 3780 3091 3834 ad
3121 3781 3375 3836 sublimia
3399 3783 3506 3837 eri-

308 3893 459 3939 ποτε,
494 3878 573 3939 είς
611 3876 741 3945 ὕψος
782 3876 1010 3946 ἄραντες
1046 3876 1174 3939 τοὺς
1205 3876 1531 3947 ὀφθαλμοὺς,
1570 3877 1861 3946 ἐπιγνῶναι

1783 3894 1861 3931 ναι
1962 3887 2107 3941 gere,
2136 3870 2422 3926 Dominum
2448 3886 2605 3927 suum
2628 3886 2930 3941 agnoscere
2957 3879 3009 3926 et
3035 3870 3371 3927 Creatorem.

306 3969 396 4023 τὸν
424 3966 629 4022 ἑαυτῶν
650 3967 971 4039 δημιουργόν
991 3984 1049 4019 τε
1083 3966 1176 4020 καὶ
1211 3968 1456 4039 ποιητήν.

375 4079 528 4134 Μετὰ
554 4079 651 4152 τὴν
683 4080 788 4135 τῶν
822 4080 1064 4152 φοϐερῶν
1106 4080 1331 4151 ἀπειλὴν
1363 4074 1436 4134 ὧν
1467 4080 1605 4144 ἄξιοι
1637 4080 1860 4151 ἐτύγχα-

2030 4069 2199 4128 Vens.
2233 4069 2316 4125 l6.
2375 4069 2719 4126 Denuntiatis
2769 4071 3174 4128 calamitatibus
3214 4088 3351 4143 quas
3407 4074 3508 4131 sibi

305 4189 412 4238 νον,
456 4170 613 4225 πάλιν
675 4170 1103 4242 ἀνακαλούμενος
1148 4171 1342 4235 αὐτοὺς
1396 4173 1424 4224 ό
1466 4172 1595 4234 Θεὸς
1649 4171 1722 4243 μὴ
1781 4173 1860 4236 εἰς

1960 4172 2394 4236 promeruerant,
2417 4165 2663 4230 hortans,
2695 4179 2789 4219 eos
2818 4162 2961 4219 Deus
2989 4179 3058 4219 ne
3089 4164 3141 4219 in
3172 4165 3509 4237 desperatio-

303 4261 647 4315 ἀνελπιστίαν
695 4264 1039 4325 καταπεσεῖν,
1082 4264 1147 4332 τῇ
1188 4261 1243 4314 δὲ
1282 4260 1444 4314 αὑτοῦ
1485 4262 1859 4334 φιλανθρωπίᾳ

1959 4272 2082 4311 nem
2115 4254 2377 4319 ferantur,
2412 4254 2587 4324 ipsius
2614 4269 2743 4309 vero
2768 4253 3193 4310 misericorditer
3213 4254 3504 4321 conﬁdant,

304 4352 686 4425 προσδραμεῖν,
724 4353 977 4425 προλέγει
1013 4353 1074 4405 τὸ
1119 4352 1305 4423 μέλλον
1342 4355 1857 4425 οίκονομηθήσεσθαι
1889 4404 1892 4413 .

1916 4347 2191 4456 ’explicat
2227 4346 2355 4416 quid
2392 4345 2446 4399 in
2479 4361 2667 4400 eorum
2697 4347 2926 4400 salutem
2960 4347 3243 4402 statuerit:
3278 4346 3504 4416 Mittam,

1958 4439 2131 4458 =__--,.
2182 4438 2513 4458 ____._-_..__#
2559 4435 2748 4458 m;___
2796 4454 2967 4458 ﬂ---“
3020 4438 3070 4458 ,μ
3128 4454 3243 4458 ,ΑΜ
3314 4457 3343 4458 η
3398 4451 3431 4458 κ.

302 4446 382 4509 είς
420 4445 692 4516 σωτηρίαν
732 4444 943 4497 αὐτῶνθ
999 4443 1305 4496 Ἀποστελῶ
1346 4444 1454 4516 γὰρ
1479 4489 1492 4505 ,
1552 4448 1715 4517 φησι,
1763 4447 1855 4499 τὸν
1888 4450 1890 4457 “

1908 4435 1932 4457 ¹
1958 4439 2156 4508 inquit,
2181 4438 2517 4507 unigenitum
2559 4435 2753 4492 Filium
2796 4454 2971 4493 meum
3020 4438 3074 4492 in
3120 4454 3285 4495 carne
3312 4451 3496 4496 ventu-

304 4538 565 4609 μονογενῆ
624 4537 739 4591 Υίόκ
812 4555 910 4609 μου
965 4539 1023 4590 ὲν
1080 4538 1240 4608 σαρκὶ
1290 4538 1659 4609 φανησόμενον
1688 4555 1701 4568 ·
1766 4539 1855 4591 ού-

1957 4544 2076 4583 rum
2101 4546 2116 4592 ;
2169 4528 2303 4583 nihil
2336 4527 2481 4581 aliud
2509 4543 2537 4581 a
2569 4527 2729 4583 vobis
2756 4528 3035 4598 deposcet,
3059 4530 3165 4586 nisi
3204 4539 3263 4585 ut
3293 4532 3347 4586 iu
3375 4548 3497 4587 eum

298 4629 385 4682 δὲν
417 4629 599 4701 ἕτερον
630 4630 1001 4698 ἀπαιτήσαντα
1035 4628 1177 4698 ὑμᾶς
1208 4629 1239 4699 ἦ
1281 4629 1462 4681 πίστιν
1503 4628 1601 4700 τὴν
1638 4631 1715 4693 είς
1755 4631 1851 4683 αύ-

1954 4616 2209 4682 credatis,
2246 4626 2299 4672 et
2350 4617 2580 4673 salutem
2633 4618 2707 4671 ita
2758 4619 3061 4689 excipiatis,
3102 4619 3258 4686 Quod
3291 4622 3337 4676 si
3377 4622 3502 4676 hinc

297 4721 408 4784 τὸν,
447 4720 539 4773 καὶ
566 4719 932 4790 ἀντιδέχεσθαι
970 4721 1111 4791 ὑμᾶς
1137 4721 1407 4791 σωτηρίαν
1430 4736 1441 4747 ·
1476 4720 1535 4773 τὸ
1573 4721 1679 4792 γὰρ
1709 4721 1851 4774 λίθον

1956 4706 2193 4777 lapidem
2224 4705 2522 4777 pretiosum
2549 4714 2725 4768 vocet,
2755 4707 3009 4769 electum,
3030 4708 3381 4779 singularem,
3400 4710 3500 4765 ho-

298 4811 580 4883 πολυτελῆ,
633 4811 903 4876 ἐκλεκτὸν,
956 4813 1362 4881 ἁκρογωνιαῖον,
1418 4811 1651 4882 ἔντιμον,
1700 4812 1849 4866 οὐδὲν

1952 4799 2273 4861 norabilem,
2328 4798 2441 4852 haec
2489 4799 2624 4852 nihil
2675 4798 2821 4853 aliud
2852 4808 2980 4854 sunt
3007 4808 3205 4869 praeter
3249 4799 3440 4856 laudes
3470 4817 3500 4855 a

296 4901 477 4974 ἕτερόν
505 4903 651 4955 ἐστιν
689 4901 721 4973 ἢ
756 4901 970 4965 ἔπαινος
1004 4901 1156 4972 παρά
1196 4902 1411 4973 Πατρδς
1452 4903 1530 4964 εἰς
1556 4902 1680 4955 Υίὸν
1707 4904 1848 4970 γινό-

1949 4890 2114 4946 Patre
2162 4889 2304 4945 Filio
2349 4890 2601 4945 tributas.
2636 4890 2804 4957 Quem
2838 4892 2981 4946 enim
3012 4891 3238 4947 decebat
3266 4893 3334 4948 de
3362 4891 3504 4947 Filio

299 5010 482 5065 μενοςο
535 4995 640 5047 τίνι
690 4993 798 5065 γὰρ
845 4992 1048 5063 ἔπρεπε
1098 4997 1394 5066 μαρτυρεῖν
1446 4994 1520 5065 τῷ
1570 4998 1849 5065 μονογενεῖ

1949 4983 2167 5045 testari,
2195 4982 2301 5037 nisi
2327 4982 2502 5051 ipsius
2534 4980 2786 5036 Patrem?
2810 5013 2880 5022 —
2904 4984 3142 5053 Apparet
3167 4999 3383 5053 quoque
3410 4985 3500 5037 hic

295 5085 407 5156 Υἱῷ
445 5085 479 5156 ἢ
529 5085 704 5157 Πατρὶ
759 5084 836 5156 τῷ
886 5086 1083 5151 αὐτοῦ;
1123 5117 1189 5127 -——
1234 5085 1306 5139 Τὸ
1351 5086 1575 5159 ἀκριϐὲς
1616 5087 1713 5158 τῆς
1749 5088 1842 5141 τοῦ

1955 5088 2117 5142 quam
2174 5079 2488 5126 accuratum
2543 5071 2614 5125 sit
2657 5070 2749 5126 Dei
2786 5071 3091 5141 judicium;
3146 5088 3253 5128 non
3303 5089 3500 5129 omnes

292 5175 423 5230 Θεοῦ
454 5175 774 5249 κηδεμονίας
808 5174 1041 5229 ἐνταῦθα
1084 5177 1264 5248 δηλοῖο
1313 5177 1393 5230 ὅτι
1437 5177 1500 5249 δὴ
1538 5179 1598 5230 ού
1643 5178 1842 5243 πάντες

1942 5163 2085 5218 enim
2118 5161 2551 5217 misericordiam
2590 5161 2681 5217 Dei
2711 5172 3137 5234 consequentur,
3169 5164 3264 5220 sed
3298 5164 3335 5219 ii
3363 5172 3487 5221 tan-

290 5265 672 5339 ἀξιωθήσονται
696 5267 790 5321 τοῦ
815 5268 995 5331 ἐλέους
1025 5268 1117 5322 τοῦ
1149 5268 1303 5333 Θεοῦ,
1332 5269 1458 5324 ἀλλ’
1484 5272 1531 5324 οί
1575 5274 1654 5335 εἰς
1678 5273 1840 5326 αὑτὸν

1575 5274 1654 5335 εις
1678 5273 1840 5326 αὑτὸν
1943 5264 2077 5314 tum.
2108 5254 2201 5324 qui
2232 5269 2379 5323 spem
2406 5268 2561 5307 suam
2599 5252 2652 5307 in
2680 5268 2803 5308 eum
2838 5256 3135 5325 posuerim.

285 5362 348 5432 τῇ
378 5358 547 5412 ἐλπίδι
573 5360 929 5429 ἀνακείμενοι.

360 5473 574 5546 Ἐπειδὴ
594 5475 722 5546 γὰρ,
760 5475 941 5546 φησὶν,
970 5475 1179 5541 ἐδόξατε
1207 5475 1462 5546 δαίμονας
1504 5475 1832 5547 τεθεραπευ-

2006 5472 2172 5527 Vens.
2212 5474 2294 5528 l7.
2349 5474 2579 5540 Quando
2624 5474 2791 5536 enim,
2839 5473 3033 5543 inquit,
3079 5474 3352 5529 daemones
3396 5487 3489 5529 co-

281 5565 430 5620 κέναι
461 5566 593 5640 πρὸς
618 5566 1059 5637 ἀποτροπιασμὸν
1088 5565 1196 5620 τῶν
1218 5566 1398 5620 κακῶν
1416 5566 1590 5635 ὑμῶν,
1616 5568 1709 5620 καὶ
1740 5569 1831 5620 ἐπὶ

1936 5565 2122 5624 luistis
2153 5568 2217 5621 ad
2246 5566 2595 5638 depellendas
2636 5565 2971 5621 calamitates
2998 5573 3229 5631 vestras,
3259 5573 3493 5623 etvane

281 5661 341 5728 τῇ
379 5658 579 5730 ματαία
609 5657 778 5728 ταύτῃ
818 5657 989 5710 ἐλπίδι
1022 5656 1376 5719 ἐπεποίθειτε,
1409 5656 1722 5725 γινώσκετε,
1750 5658 1824 5719 ὡς

1943 5662 2072 5721 huic
2121 5664 2233 5735 spei
2284 5663 2608 5724 coutidistis,
2643 5661 2832 5716 sciatis
2856 5676 2952 5716 vos
2985 5661 3117 5716 nihil
3153 5675 3339 5717 eorum
3366 5673 3492 5731 quo
