3984 6212
561 292 697 349 1319

1725 278 2075 337 THEODORI
2115 275 2634 335 HERACLEENSIS

3644 277 3810 335 I320

558 412 712 469 vobis
792 409 1074 464 imminent
1124 402 1445 474 vitaturos,|
1490 409 1808 472 tempestate
1867 414 1995 456 vero
2060 404 2106 453 et

2216 396 2366 452 οὐδὲν
2391 398 2499 452 τῶν
2535 396 2885 468 ἐπαγομένων
2919 394 3289 467 διαφεύξεσθε,
3316 397 3385 466 τῇ
3420 411 3481 447 τε
3507 393 3809 464 καταιγίδι

558 511 730 559 morte
763 498 1146 572 opprimendos
1170 513 1313 553 esse.

626 590 793 646 νω.
822 589 906 644 l9.
952 588 1050 643 llic
1095 585 1464 642 misericordia
1494 590 1771 655 permotus
1810 590 2073 653 propneta
2099 619 2116 644 ,

557 689 610 736 et
638 679 973 734 calamitates
1014 678 1332 732 recordatus
1361 676 1467 730 illis
1499 675 1862 735 imminentes,
1889 687 2117 726 monen-

556 771 656 825 dos
684 786 778 825 eos
817 770 1074 838 suscipit,
1108 777 1164 821 ut
1200 783 1345 822 nunc
1385 766 1676 837 prudenter
1718 765 1973 829 audiant;
2007 780 2112 817 non

556 864 701 918 enim
736 862 844 916 fieri
879 871 1077 933 potest,
1108 869 1167 916 ut
1200 863 1365 915 tantis
1409 861 1758 931 voraginibus
1805 858 2112 921 submersi,

557 958 723 1012 tantis
746 956 987 1026 oppressi
1015 954 1438 1017 calamitatibus,
1464 953 1571 1007 Deo
1595 954 1946 1017 resistamus;
1982 958 2113 1005 tunc

556 1051 697 1103 enim
734 1065 830 1103 nec
854 1055 1066 1104 nosmet
1102 1047 1249 1117 ipsos
1278 1061 1493 1102 movere
1526 1045 1846 1110 valebimus,
1877 1045 1980 1099 nisi
2013 1045 2117 1098 im-

554 1142 785 1210 pellente
816 1139 941 1194 Deo.

619 1320 783 1376 Vens.
816 1321 907 1375 Ell.
954 1323 1091 1374 lram
1133 1319 1226 1375 Dei
1276 1335 1400 1374 cum
1442 1327 1625 1375 monte
1654 1334 1946 1390 impiorum
1980 1334 2114 1374 con-

555 1412 697 1475 fert,
734 1414 785 1465 in
816 1428 873 1467 se
898 1412 1123 1465 invicem
1163 1412 1625 1481 consurgentium.
1668 1411 1822 1477 Quod
1849 1412 1896 1466 si
1931 1410 2113 1467 furere

554 1502 770 1564 dicitur,
794 1513 845 1556 et
883 1501 1260 1557 amaritudinis
1282 1516 1421 1571 opus
1458 1502 1654 1565 facere,
1679 1517 1747 1556 ne
1772 1502 1976 1557 idcirco
2007 1501 2113 1557 Do-

554 1595 755 1647 minum
782 1596 1036 1648 incuses:
1069 1609 1181 1647 non
1240 1594 1385 1647 enim
1431 1593 1613 1650 furore
1657 1593 1892 1664 agitatur
1929 1594 2111 1659 Deus,

551 1700 672 1739 cum
706 1696 900 1739 natura
937 1685 1193 1741 immotus
1226 1693 1504 1741 remaneat
1544 1696 1600 1742 et
1641 1686 1855 1742 affectu.
1887 1686 2107 1741 Amari-

2218 489 2310 543 καὶ
2332 488 2409 559 τῷ
2435 488 2648 560 θανάτῳ
2677 488 3121 561 ὑποϐαλλόμενοι.

2284 582 2379 645 El;
2435 581 2773 653 συμπάθειαν
2824 580 3194 652 ἐπικαμφθεὶς
3246 581 3277 633 ό
3332 582 3636 650 προφήτης,
3696 579 3810 633 καὶ

2216 670 2355 723 κατὰ
2374 671 2495 724 νοῦν
2518 670 2697 725 λαϐὼν
2722 671 2790 726 τὰ
2835 671 3093 742 μέλλοντα
3127 673 3323 734 αὐτοὺς
3350 670 3809 742 καταλήψεσθαι,

2217 762 2597 834 συμϐουλεύειν
2643 763 2910 835 προήχθη,
2969 765 3051 817 ὅτι
3090 764 3208 816 Κᾶν
3253 763 3346 816 νῦν
3399 764 3519 833 γοῦν
3554 764 3807 817 συνέσει

2214 856 2511 909 ἀκούσατε·
2562 856 2682 908 οὐδὲ
2743 856 2853 927 γάρ
2903 851 3013 909 οἷόν
3061 857 3121 910 τέ
3171 859 3341 919 ἐστιν,
3395 858 3472 920 ei;
3525 854 3807 909 τοσοῦτον

2217 945 2371 1015 βυθὸν
2415 948 2559 1017 ὑμᾶς
2598 946 2782 1000 κακῶν
2822 948 3179 1018 ἐμπεσόντας,
3217 948 3309 1001 καὶ
3342 947 3805 1017 στενοχωρουμέ-

2214 1054 2338 1100 νους
2380 1040 2500 1100 ταῖς
2532 1040 2857 1107 συμφοραῖς,
2901 1037 3249 1091 ἀνθίστασθαι
3286 1037 3423 1108 Θεῷ·
3463 1038 3631 1091 ὁπότε
3667 1037 3809 1089 οῦδὲ

2218 1128 2506 1200 ἰσχύσομεν
2568 1130 2796 1192 ἑαυτοὺς
2860 1130 3083 1197 συνάξαι
3138 1129 3265 1183 ἄνευ
3319 1133 3420 1200 τῆς
3488 1129 3585 1183 τοῦ
3653 1128 3807 1182 Θεοῦ

2215 1222 2404 1292 ῥοπῆς.

2286 1314 2398 1385 Τὴν
2428 1313 2578 1385 παρὰ
2603 1313 2698 1367 τοῦ
2730 1314 2864 1367 Θεοῦ
2913 1314 3101 1386 ὀργὴν,
3154 1315 3229 1378 ὡς
3281 1317 3359 1378 εἰς
3395 1315 3521 1386 ὅρος
3565 1315 3804 1368 ἀσεϐῶν

2214 1406 2331 1460 κατ’
2375 1405 2552 1459 αὐτῶν
2596 1406 2948 1477 ἐπαγομένων
2990 1406 3173 1477 δηλοίο
3225 1405 3396 1477 θυμοῦ
3425 1407 3483 1459 δὲ
3541 1407 3801 1469 ἀκούων,

2213 1499 2306 1551 καὶ
2354 1497 2577 1568 πικρίαν
2631 1497 2799 1569 ὀργὴν
2857 1498 2963 1567 (5),
3004 1498 3079 1569 μὴ
3136 1498 3275 1551 κατά
3345 1498 3440 1551 τοῦ
3504 1500 3796 1552 Δεσπότου

2211 1594 2493 1665 γυμνάσῃς
2529 1590 2760 1663 μέμψιν·
2798 1590 2918 1645 ούδέ
2966 1589 3074 1662 γὰρ
3106 1590 3181 1653 ὡς
3211 1592 3268 1643 ἐν
3300 1589 3457 1660 θυμῷ
3497 1593 3794 1661 τραπήσε-

2211 1702 2298 1737 ται
2340 1684 2493 1747 Θεὸς,
2555 1683 2801 1754 μένοντος
2848 1679 3011 1735 αὐτοῦ
3062 1680 3325 1753 ἁτρέπτου
3378 1681 3542 1748 φύσει
3580 1700 3642 1735 τε
3689 1685 3789 1736 καὶ

550 1776 791 1831 tudinem
819 1778 1035 1847 quidem
1091 1778 1181 1833 isti
1231 1780 1496 1843 sentient,
1546 1794 1669 1833 cum
1725 1780 2103 1851 corrigentur;

2212 1773 2436 1845 γνώμη·
2485 1772 2601 1826 ἀλλ’
2660 1773 2742 1825 ὅτι
2789 1773 3008 1843 πικρίας
3046 1765 3191 1824 οὗτοι
3252 1771 3598 1842 αἰσθήσονται
3653 1790 3784 1826 παι-

550 1869 667 1939 ipsc
716 1877 897 1924 autem
940 1868 1082 1925 Deus
1115 1870 1488 1925 misericordia
1537 1884 1632 1927 eos
1678 1881 1732 1926 et
1780 1872 2110 1943 benignitate

550 1961 772 2031 corrigit
795 1999 810 2022 ,
853 1968 910 2013 ut
949 1961 1124 2030 poenis
1160 1960 1430 2028 deterriti,
1466 1976 1565 2032 per
1599 1962 1973 2032 pmnitentiam
2005 1963 2109 2018 sibi

550 2052 778 2111 salutem
801 2059 1115 2121 operentur.

618 2141 783 2199 Vens.
826 2142 917 2197 22.
952 2142 1142 2199 Sermo
1193 2143 1282 2198 hic
1329 2144 1395 2199 ad
1430 2143 1703 2200 lsraelitas
1736 2160 1954 2216 quoque
1985 2160 2110 2216 spe-

548 2241 676 2295 ctat,
703 2232 936 2287 maxime
965 2247 1094 2288 vero
1125 2232 1190 2286 ad
1223 2240 1433 2303 gentes.
1472 2231 1747 2288 lsraelitas
1765 2234 1983 2304 quidem
2011 2233 2108 2288 ad-

548 2332 732 2380 monet
758 2364 773 2389 ,
817 2339 886 2379 ne
931 2332 1278 2394 peccatorum
1306 2328 1584 2395 voluptate
1615 2325 1999 2391 detineantur,
2042 2342 2109 2383 ne

548 2418 759 2474 delictis
786 2418 1162 2488 opprimantur
1183 2458 1198 2481 ,
1228 2425 1322 2471 aut
1350 2418 1760 2485 devinciuntur,
1798 2420 1893 2475 sed
1922 2420 1988 2476 ad
2019 2420 2108 2489 ju-

549 2511 749 2565 dicium
793 2526 951 2565 aures
1001 2510 1378 2575 intendentes,
1437 2512 1599 2567 saluti
1647 2527 1759 2568 sua:
1800 2514 2104 2568 consulant.

548 2600 814 2659 Gentibus
844 2618 969 2658 vero
996 2602 1258 2669 declarat,
1294 2605 1401 2659 illis
1428 2620 1536 2660 non
1577 2620 1699 2661 esse
1730 2605 1799 2661 de
1829 2606 2104 2661 Israelita-

548 2711 667 2751 t‘um
701 2698 981 2769 suppliciis
1028 2698 1352 2766 laatandum,
1387 2715 1509 2754 cum
1538 2705 1591 2754 et
1624 2698 1759 2769 ipsis
1786 2699 2107 2754 immineant

548 2805 718 2859 prmia:
747 2806 842 2860 pro
867 2793 1105 2860 peccatis
1122 2792 1335 2846 debitae.

613 2971 741 3025 CAP.
773 2971 961 3033 XXIX,
993 2970 1155 3025 Vens.
1199 2970 1286 3024 Η.
1326 2970 1409 3025 Ab
1439 2954 1679 3041 Assyriis
1715 2984 1810 3026 eos
1853 2971 1910 3025 in
1935 2972 2106 3041 capti-

544 3065 760 3118 vitatem
812 3064 1155 3120 deducendos
1205 3079 1327 3119 esse
1378 3064 1611 3129 nuntiat,
1640 3063 1785 3135 quod
1842 3063 1899 3119 in
1953 3065 2104 3120 cultu

544 3155 636 3210 Dei
667 3173 979 3227 permanere
1006 3158 1326 3221 noluerunt,
1382 3157 1451 3211 ad
1508 3156 1653 3211 idola
1700 3171 1828 3212 vero
1881 3156 2107 3213 deﬂexe-

543 3254 670 3301 runt
720 3245 1075 3312 Quamobrem
1106 3248 1221 3316 ipse
1266 3261 1360 3302 eos
1389 3247 1689 3302 transferre
1712 3263 1820 3301 non
1854 3246 2103 3313 dubitat,

544 3336 699 3406 quasi
726 3337 793 3392 de
826 3337 942 3392 loco
976 3339 1032 3392 in
1073 3340 1240 3393 alium
1287 3339 1489 3405 locum,
1520 3354 1583 3394 ac
1613 3355 1679 3395 eo
1709 3340 1925 3413 quidem
1957 3356 2107 3396 sum-

544 3444 685 3482 mam
713 3428 995 3498 prolitetur
1026 3429 1459 3485 misericordiam
1485 3449 1499 3497 ;
1524 3432 1724 3501 quippe
1754 3448 1894 3501 quos
1930 3432 2106 3502 patria

543 3534 739 3589 pravos
768 3520 1067 3590 praebuerat
1114 3520 1166 3574 in
1221 3520 1449 3575 alienam
1505 3528 1708 3575 terram
1742 3520 2105 3577 transferendi

542 3618 716 3675 erant,
747 3618 805 3665 ut
828 3609 986 3674 forte,
1010 3612 1231 3666 mutatis
1250 3610 1405 3676 locis,
1440 3619 1787 3668 mutarentur
1814 3621 1869 3667 et
1893 3627 2095 3666 mores.

614 3787 776 3842 Vens.
827 3788 912 3841 Π.
965 3788 1215 3844 Chermel
1267 3804 1424 3843 mons
1477 3795 1598 3851 est,
1653 3789 1740 3842 cui
1798 3788 2098 3844 Jerusalem

543 3895 708 3949 prope
737 3880 1085 3950 subjacebat,
1135 3895 1293 3951 quem
1324 3880 1582 3937 lsraelitaa
1614 3882 1864 3937 colebant
1891 3901 1905 3949 ;
1934 3862 2105 3953 .Liba:

542 3987 672 4026 num
708 3987 836 4026 vero
869 3981 1106 4026 montem
1153 3973 1414 4049 tenebant
1445 3981 1653 4043 gentes.
1686 3972 1944 4028 Testatur
1970 3990 2103 4045 ergo

542 4062 630 4116 hic
663 4062 802 4118 Deus
828 4062 992 4118 Israel
1024 4063 1377 4133 rejiciendum
1405 4081 1527 4121 esse
1562 4075 1782 4136 propter
1813 4067 2098 4122 innumera

541 4162 758 4223 peccata
806 4162 859 4209 et
900 4155 1227 4225 impietatem
1270 4172 1445 4221 suam,
1480 4172 1544 4211 ac
1589 4159 1751 4214 unius
1782 4158 1899 4213 loco
1924 4159 2101 4229 gentis

540 4252 766 4300 cunctas
824 4255 1012 4316 gentes
1056 4247 1329 4318 eligendas
1386 4264 1508 4304 esse
1555 4260 1608 4304 et
1665 4264 1695 4303 a
1751 4249 1863 4305 Deo
1922 4251 2097 4306 susci-

538 4336 782 4406 pieudas.

608 4427 769 4526 Vens.
802 4428 853 4483 8.
896 4428 1161 4526 Loquitur
1189 4437 1243 4486 et
1270 4431 1462 4526 iterum
1494 4431 1568 4503 (4)
1597 4432 1663 4488 de
1691 4433 1903 4504 signato
1936 4436 2096 4504 libro,
2126 4466 2177 4526 D

2209 1862 2514 1932 δευόμενον
2546 1860 2632 1915 διὰ
2674 1860 2837 1931 φειδὼ
2875 1861 2932 1914 δέ
2965 1863 3055 1913 καὶ
3082 1861 3481 1932 φιλανθρωπίαν
3516 1862 3611 1915 τοῦ
3639 1863 3778 1917 Θεοῦ

2208 1954 2551 2018 παιδεύοντος
2595 1953 2789 2018 αὐτούς
2813 1972 2827 1985 ο
2869 1943 2976 2020 ἵνα,
3026 1954 3373 2026 συσχεθέντες
3414 1959 3528 2020 τοῖς
3558 1957 3779 2021 δεινοῖς,

2207 2046 2294 2101 διὰ
2338 2047 2621 2119 μετανοίας
2666 2049 2873 2111 ἑαυτοῖς
2910 2047 3180 2120 σωτηρίαν
3224 2049 3773 2119 πραγματεύσωνται.

2292 2142 2542 2214 Ἀρμόζει
2569 2143 2598 2195 ό
2630 2141 2784 2211 λόγος
2817 2142 2911 2196 καλ⁴
2949 2140 3084 2212 πρὸς
3113 2142 3239 2205 τοὺς
3266 2142 3330 2195 ἐκ
3370 2142 3455 2194 τοῦ
3484 2144 3768 2215 Ἰσραήλ·

2207 2234 2267 2289 ού
2300 2235 2405 2305 μὴν
2435 2234 2571 2288 ἀλλά
2616 2234 2711 2287 καὶ
2754 2234 2887 2305 πρὸς
2922 2234 2989 2288 τά
3028 2232 3190 2305 έθνηο
3248 2235 3341 2287 καὶ
3374 2236 3460 2287 ἐπὶ
3511 2237 3610 2305 μὲν
3660 2236 3777 2288 τῶν

2219 2326 2565 2398 Ἰσραηλιτῶν
2592 2328 2666 2399 μὴ
2688 2328 2964 2397 ἐπιμένειν
2996 2328 3191 2391 αὐτοὺς
3229 2327 3582 2399 συμϐωλεύει
3609 2332 3681 2400 τῇ
3714 2332 3778 2382 ἐκ

2206 2418 2313 2472 τῶν
2343 2419 2750 2491 ἁμαρτημάτων
2781 2420 2962 2491 ἡδονῇ,
2996 2421 3131 2491 μηδὲ
3168 2422 3512 2490 ἐπισιρίγγειν
3548 2423 3775 2485 ἑαυτοὺς

2207 2512 2324 2574 ταῖς
2360 2511 2670 2581 ἁμαρτίαις,
2723 2512 2855 2583 μηδὲ
2900 2511 3290 2583 ἐπιδεσμεύειν,
3339 2513 3475 2567 ἀλλά
3520 2514 3663 2586 πρὸς
3683 2516 3779 2586 τὴν

2208 2603 2376 2672 ἀκοὴν
2402 2604 2501 2675 τῆς
2541 2605 2774 2677 κρίσεως
2808 2605 3187 2671 συσταλέντας,
3219 2607 3544 2678 ἐπιμέλειαν
3571 2609 3773 2662 ἑαυτῶν

2208 2694 2578 2766 ποιήσασθαιο
2630 2698 2742 2760 τοῖς
2784 2695 2840 2748 δὲ
2884 2695 3111 2762 ἔθνεσιν,
3165 2697 3244 2749 ὅτι
3289 2697 3350 2750 ού
3404 2698 3515 2769 χρὴ
3568 2699 3774 2770 χαίρειν

2210 2789 2353 2858 ὑμᾶς
2385 2789 2477 2841 ἐπὶ
2520 2790 2585 2859 τῇ
2613 2788 2722 2841 τῶν
2763 2789 3110 2861 Ἰσραηλιτῶν
3149 2790 3418 2861 τιμωρία*
3461 2789 3773 2861 διαϐήσεται

2207 2882 2316 2952 γὰρ
2348 2884 2440 2937 καὶ
2469 2884 2548 2946 εἰς
2580 2883 2722 2954 ὑμᾶς
2747 2882 2816 2937 τὰ
2843 2884 2939 2955 τῆς
2968 2884 3159 2947 τίσεως
3185 2884 3624 2955 ἁμαρτάνοντας.

2279 2973 2389 3045 Τὴν
2416 2976 2497 3038 είς
2541 2975 2855 3047 Ἀσσυρίους
2882 2975 3254 3047 αἰχμαλωσίαν
3290 2975 3468 3028 αὐτῶν
3492 2976 3668 3047 δηλοῖ,
3704 2976 3771 3047 μὴ

2207 3062 2547 3134 θελησάντων
2607 3066 2784 3119 αὐτῶν
2846 3067 2945 3137 μὲν
3003 3069 3259 3140 ἐμμεῖναι
3314 3070 3422 3131 τοῖς
3478 3068 3575 3122 τοῦ
3639 3067 3771 3121 Θεοῦ

2208 3159 2611 3229 προστάγμασι,
2659 3158 3040 3228 μεταθεμένων
3081 3160 3139 3212 δὲ
3176 3162 3255 3223 είς
3293 3158 3765 3229 εἰδωλολατρείαν·

2205 3244 2325 3298 ὅθεν
2346 3247 2439 3299 καὶ
2469 3246 2793 3318 μεταθήσειν
2820 3248 3017 3311 αὐτοὺς
3042 3250 3072 3302 ὁ
3096 3249 3230 3312 Θεὸς
3251 3248 3393 3314 ἀξιοῖ,
3414 3247 3488 3311 ὡς
3524 3248 3632 3299 ἀπὸ
3661 3249 3762 3300 τό·

2208 3353 2305 3389 που
2366 3341 2445 3401 εἰς
2496 3339 2689 3392 τόπον’
2739 3340 2831 3393 καὶ
2886 3339 3044 3393 τοῦτο
3117 3341 3437 3410 ἀγαθότητος
3484 3337 3755 3409 ὑπερϐολῇ

2206 3427 2407 3480 ποιῶν·
2456 3427 2549 3492 οὓς
2599 3428 2707 3502 γὰρ
2747 3430 3052 3502 μοχθηροὺς
3095 3431 3291 3497 ἔδειξεν
3332 3434 3365 3502 ή
3398 3431 3505 3501 γῆ,
3540 3430 3754 3481 ἀκόλου-

2207 3518 2296 3572 θον
2323 3520 2542 3586 τούτους
2572 3524 2651 3585 εἰς
2686 3524 2879 3595 ἑτέραν
2923 3524 3256 3595 μεταχθῆναι
3282 3525 3406 3594 γῆν,
3445 3525 3497 3575 εἰ
3532 3540 3634 3576 που
3664 3524 3763 3592 ἄρα

2205 3615 2269 3683 τῇ
2321 3612 2601 3684 μεταθέσει
2644 3614 2751 3668 τῶν
2802 3615 2980 3669 τόπων
3025 3615 3314 3687 ἀμείψουσι
3352 3618 3446 3669 καὶ
3483 3616 3611 3679 τοὺς
3651 3615 3767 3686 τρὸ-

2205 3721 2357 3769 πους.

2275 3801 2347 3853 Τὸ
2375 3801 2589 3873 Χερ’μὲλ
2618 3804 2741 3875 ὅρος
2770 3800 2836 3876 ἦν
2862 3806 3252 3877 προσκείμενον
3280 3810 3350 3877 τῇ
3391 3806 3774 3878 Ἰερουσαλὴμ,

2202 3894 2231 3947 ὃ
2256 3900 2502 3967 κατεῖχον
2523 3900 2572 3951 οἱ
2595 3900 2701 3952 υἱοὶ
2745 3898 2990 3971 Ἰσραήλ*
3027 3904 3055 3954 ὁ
3092 3902 3148 3955 δὲ
3183 3902 3412 3965 Λίϐανος
3450 3903 3580 3973 ὅρος
3616 3899 3707 3974 ἦν,
3749 3903 3776 3955 δ

2202 3990 2445 4057 κατεῖχον
2474 3990 2541 4043 τὰ
2584 3990 2739 4060 ἔθνη·
2790 3992 2938 4063 δηλοῖ
2984 3993 3163 4046 τοίνυν
3210 3994 3301 4047 διὰ
3357 3994 3581 4059 τούτων,
3625 3996 3710 4060 ὡς
3749 3996 3779 4048 ό

2215 4079 2425 4153 Ἰσραὴλ
2451 4082 2753 4155 ἀπόϐλητος
2777 4086 3015 4155 ἐγεγόνει
3037 4086 3123 4141 διὰ
3153 4087 3254 4151 τὰς
3282 4089 3383 4157 πλη
3392 4088 3660 4159 μμεληθεέ
3666 4107 3778 4153 σας

2201 4171 2377 4224 αὐτῶν
2411 4176 2751 4245 παρανομίας
2788 4178 2879 4230 καὶ
2908 4178 3157 4232 ἀσέϐειαν
3190 4181 3286 4251 τὴν
3326 4182 3397 4242 εἰς
3424 4179 3584 4232 Θεό-ι’
3618 4181 3776 4234 ἀντ-

2200 4262 2633 4335 εισενεχθήσεται
2665 4266 2723 4318 δὲ
2771 4268 2892 4321 ἀντὶ
2920 4268 3110 4322 τούτου
3153 4269 3246 4322 τοῦ
3279 4269 3454 4333 ἔθνους
3481 4270 3663 4324 πάντα
3700 4274 3778 4325 τὰ

2199 4350 2347 4424 ἔθνη,
2375 4355 2467 4407 καὶ
2496 4356 2933 4429 ἀντιδεχθήσεται
2959 4360 3106 4432 παρά
3138 4360 3230 4414 τοῦ
3254 4350 3409 4417 Θεοῦ.

2285 4444 2496 4514 Ἀνάγει
2533 4448 2625 4502 τὸν
2663 4449 2817 4518 λόγον
2852 4451 2945 4505 καὶ
2978 4448 3133 4516 αὖθις
3166 4454 3259 4505 ἐπὶ
3294 4454 3354 4506 τὸ
3391 4454 3771 4525 ἐσφραγισμέ-

537 4534 645 4589 quo
679 4517 975 4575 Salvatoris
1026 4520 1314 4575 adventum
1366 4521 1561 4576 innuit.
1616 4542 1634 4575 ι
1667 4524 1899 4581 Audient
1940 4528 2094 4584 surdi

2212 4552 2288 4587 νον
2324 4535 2544 4606 βιϐλίον,
2593 4539 2659 4592 δι’
2688 4534 2747 4594 οὗ
2773 4543 3024 4614 σημαίνει
3056 4544 3156 4616 τὴν
3200 4545 3290 4599 τοῦ
3322 4546 3576 4616 Σωτῆρος
3622 4562 3772 4617 παρ-

537 4612 700 4668 verba
733 4612 890 4678 libri,
925 4631 943 4664 ι
979 4613 1080 4667 hcc
1111 4622 1231 4677 est,
1274 4614 1365 4683 qui
1394 4630 1502 4669 non
1536 4626 1893 4673 occurrerunt
1922 4620 2088 4691 lapidi

537 4703 777 4759 scandali
797 4705 840 4768 ",
867 4705 958 4774 qui
990 4720 1095 4759 non
1132 4704 1518 4761 dubitaverunt
1544 4710 1745 4762 astanti
1776 4711 2055 4779 signaculo
2075 4752 2091 4778 ,

534 4794 751 4850 Christo
802 4796 1031 4861 scilicet,
1080 4797 1320 4852 credere.
1362 4796 1497 4853 Nam
1549 4798 1606 4853 in
1642 4800 1880 4856 tenebris
1928 4811 1982 4857 et
2033 4802 2089 4857 in

534 4889 732 4943 nebulo
764 4889 1041 4959 degentes,
1083 4889 1138 4942 in
1164 4890 1542 4959 excipiendum
1572 4891 1870 4947 Salvatoris
1889 4894 2094 4950 adven-

532 4990 644 5037 tum
668 4982 1031 5052 prospicient;
1061 4991 1114 5037 et
1133 4981 1226 5052 qui
1256 4981 1443 5051 (Vens.
1470 4984 1557 5047 l9)
1588 4985 1777 5055 inopes
1800 4984 2079 5052 dicuntur,

530 5072 990 5143 perlapparentcm
1023 5071 1299 5129 Christum
1325 5074 1646 5132 ditabuntur
1680 5095 1693 5132 :
1739 5093 1929 5134 omnes
1984 5079 2089 5133 im-

528 5165 817 5236 plebuntur
843 5166 1024 5221 laatitia
1056 5168 1368 5239 quicunque
1397 5167 1454 5222 in
1482 5184 1607 5224 eum
1639 5172 1994 5228 crediderint.

599 5438 743 5510 l'lsa.
774 5470 894 5519 vui,
923 5455 1020 5524 H;
1051 5457 1071 5512 ἰ
1109 5456 1250 5514 Petr.
1293 5478 1325 5523 ι,
1355 5461 1406 5519 8.

601 5606 674 5678 (3)
707 5606 866 5693 Forte
904 5612 1373 5693 legendpguﬂﬂupbv
1397 5616 1451 5670 δὲ
1482 5617 1693 5672 ἀκούων
1718 5622 1811 5675 καὶ
1842 5622 2069 5693 πικρίας

531 5677 709 5746 ιργον,
750 5688 807 5733 ut
829 5677 1056 5736 ίιιιιιιῖιηῑ
1081 5681 1245 5741 LXX.

2199 4626 2415 4680 ουσίανο
2446 4646 2464 4679 ι
2506 4630 2852 4686 Ἀκούσονται
2885 4634 2993 4706 γὰρ
3025 4635 3199 4705 κωφοὶ
3236 4636 3426 4705 λόγους
3463 4635 3701 4705 βιϐλίου,
3749 4656 3769 4688 ι

2196 4716 2468 4770 τουτέστιν
2498 4721 2547 4772 οἱ
2581 4720 2656 4791 μὴ
2690 4722 3055 4792 προκόψαντες
3090 4724 3167 4795 τῷ
3197 4723 3328 4795 λίθῳ
3366 4722 3458 4776 τοῦ
3490 4726 3775 4795 προσκόμο

2200 4824 2364 4877 ματος
2384 4826 2397 4839 ·
2418 4811 2467 4863 οἱ
2493 4814 2558 4881 τῇ
2593 4813 2918 4887 ἐπικειμένῃ
2947 4816 3222 4885 σφραγῖδι,
3254 4817 3314 4878 ὃς
3342 4817 3457 4868 ἐστι
3503 4817 3772 4886 Χριστὸς,

2200 4897 2275 4970 μὴ
2308 4904 2770 4973 προφασισάμενοι
2806 4904 3122 4959 πιστεῦσαι·
3148 4907 3199 4959 oi
3230 4907 3337 4978 γὰρ
3358 4909 3414 4959 ἐν
3454 4908 3641 4978 σκότῳ
3675 4910 3775 4961 καὶ

2195 4990 2387 5061 ἀγνοίᾳ
2425 4991 2697 5060 διάγοντες
2737 4996 3145 5066 ἁναϐλέψουσιν,
3197 4998 3358 5069 ἡνίκα
3390 4998 3456 5052 ἂν
3513 4997 3615 5069 τὴν
3675 5000 3774 5052 τοῦ

2195 5081 2443 5154 Σωτῆρος
2510 5086 2915 5157 παραδέξωνται
2971 5089 3296 5161 παρουσίαν·
3353 5090 3447 5145 καὶ
3503 5091 3555 5143 οἱ
3623 5108 3775 5144 πτω-

2195 5173 2442 5243 χεύοντες
2488 5178 2545 5229 ἐν
2583 5176 2660 5246 τῷ
2697 5177 2837 5249 λόγῳ
2877 5179 3235 5249 πλουτήσουσι
3274 5180 3361 5234 διὰ
3398 5181 3488 5234 τὸν
3531 5182 3773 5251 φανέντα

2194 5265 2455 5335 Χριστόν·
2491 5267 2585 5321 καὶ
2616 5271 2816 5333 πάντες
2851 5272 3184 5344 εὐφροσύνης
3217 5272 3677 5345 πληρωθήσονται
3722 5275 3774 5326 oi

2195 5357 2274 5419 εἰς
2302 5358 2461 5411 αὐτὸν
2495 5361 2894 5427 πιστεύσαντες.

2254 5623 2329 5709 (4)
2370 5623 2493 5682 Vid.
2521 5642 2716 5698 supra,
2751 5643 2896 5685 vers.
2928 5626 3016 5685 ﬂ.
