3984 6212
243 235 370 290 ΙΞΞΙ

1665 223 1731 278 IN
1759 215 2026 277 iSAlAM.

3327 219 3470 276 15η

301 353 487 424 Θλίψιν
512 351 740 408 ἐνταῦθα
766 351 914 420 λέγει
957 351 1055 421 τὴν
1097 347 1282 418 ἔφοδον
1311 347 1418 400 τῶν
1475 346 1800 417 Ἀσσυρίων,

1974 340 2102 396 Car.
2136 341 2300 403 XXX,
2336 340 2498 396 Vens.
2530 341 2584 394 6.
2615 339 2718 395 Per
2747 338 3150 393 tribulationem
3181 337 3271 392 hic
3298 336 3468 410 Assy-

237 448 296 502 ἐν
382 445 724 516 συνεχόμενοι
773 441 873 507 τὰς
913 440 1244 512 ἀνηκέστους
1283 439 1554 509 ὑπέμενον
1595 453 1805 508 συμφο-

239 540 366 612 ράς’
399 537 622 600 τούτους
648 536 827 589 τοίνυν
867 533 954 587 διά
976 534 1074 603 τὴν
1107 533 1397 586 κακόνοιαν
1441 529 1548 583 τῶν
1588 528 1806 601 τρόπων

238 629 330 682 καὶ
369 627 585 691 λέοντας
623 627 719 680 καὶ
766 623 1037 693 σκύμνους
1083 622 1309 674 λεόντων
1349 619 1535 674 ἐκάλει
1582 619 1678 674 κα)⁵
1717 617 1805 671 ἔκ-

235 737 364 789 γονα
409 719 668 773 ἀσπίδων.
713 719 924 786 Ὠσπερ
969 711 1063 768 οὖν
1115 713 1209 768 καὶ
1234 715 1263 767 ό
1298 712 1565 786 μακάριος
1626 710 1805 764 Ἰωάν-

234 829 348 882 νης,
381 813 410 864 ό
447 811 750 881 πρόδρομος
781 807 874 860 τοῦ
906 805 1175 877 ἡμετέρου
1211 804 1482 875 Σωτῆρος,
1513 803 1666 872 ὄφεις
1709 802 1804 854 κα)⁸

231 905 546 974 γεννήματα
571 899 794 971 ἐχιδνῶν
827 899 1043 967 ἐλεγενο
1079 899 1140 951 ού
1187 898 1293 969 μὴν
1335 896 1469 949 ἀλλά
1520 896 1610 948 καὶ
1647 895 1802 947 ἵπποι

230 993 558 1064 θηλυμανείς
613 989 970 1060 ἐγενήθησαν,
1019 987 1114 1040 καὶ
1167 988 1279 1048 τοῖς
1321 984 1499 1048 ἄλλοις
1547 983 1802 1052 ὀνόμασιν

228 1087 436 1152 ἐκάλει,
476 1085 691 1148 δεικνὺς
718 1084 816 1154 τὴν
838 1081 1062 1135 ἐκείνων
1107 1080 1306 1134 κακίαν
1329 1096 1342 1108 ο
1389 1078 1532 1131 οὕτω
1577 1076 1670 1130 καὶ
1707 1075 1803 1130 νῦν

229 1174 644 1250 χαρακτηρίζων
686 1172 864 1227 αὐτῶν
905 1173 1032 1233 τοὺς
1073 1169 1331 1242 τρόπους,
1377 1169 1543 1240 θηρία
1585 1168 1796 1236 ἐλεγεψ

225 1269 439 1330 οἵτινες
495 1264 600 1318 ὑπὸ
646 1264 754 1317 τῶν
805 1262 994 1316 δεινῶν
1046 1261 1410 1331 συνεχόμενοι,
1444 1260 1544 1312 οὐκ
1586 1260 1676 1311 ἐπὶ
1712 1257 1802 1310 τὸν

224 1357 361 1411 Θεὸν
385 1354 719 1424 κατέφευγον
742 1353 836 1406 τὸν
858 1351 965 1405 τῶν
993 1351 1172 1406 καλῶν
1201 1351 1389 1412 αίτιον,
1420 1349 1518 1420 τὴν
1545 1348 1653 1402 τῶν
1675 1349 1802 1417 ἀγα-

223 1447 335 1502 θῶν
364 1447 578 1517 πηγήν’
616 1444 729 1499 ἀλλ’
764 1444 1040 1507 ἐπιθέντες
1084 1443 1174 1496 ἐπὶ
1204 1442 1356 1503 ὅνους
1395 1441 1488 1495 καὶ
1525 1439 1802 1511 καμήλους

221 1541 316 1593 τὸν
364 1537 574 1592 ἑαυτῶν
637 1536 894 1602 πλοῦτον,
943 1534 1234 1607 πρεσϐείαν
1291 1534 1426 1606 πρὸς
1474 1533 1801 1602 Αἰγυπτίους

220 1631 672 1688 ἀποστέλλουσιν.

295 1766 494 1821 Φθάνει
527 1763 658 1827 Θεὸς
681 1761 776 1816 καὶ
805 1760 910 1832 πρὸ
937 1759 1036 1830 τῆς
1071 1757 1178 1812 τῶν
1218 1772 1558 1829 πραγματων
1603 1756 1799 1828 πείρας

221 1857 691 1932 διαμαρτύρεσθαι
720 1856 810 1910 τὸν
849 1854 1152 1926 προφήτην,
1201 1851 1274 1914 ὼς
1302 1851 1452 1904 οὐδὲν
1494 1851 1677 1922 ὀνήσει
1705 1851 1802 1903 αὑ-

223 1955 354 2016 τοὺς
391 1953 424 2022 ὴ
465 1949 777 2004 ἐλπισθεῖσα
816 1945 944 2017 παρ’
997 1944 1174 1998 αὐτῶν
1213 1941 1526 2013 ἀνθρωπίνη
1561 1939 1799 2011 βοήθεια,

221 2045 302 2098 ὅτ’
337 2045 405 2098 ἂν
453 2041 662 2114 ἀπείπῃ
709 2041 743 2110 ή
789 2037 882 2090 τοῦ
925 2034 1058 2089 Θεοῦ
1111 2035 1271 2106 ῥοπή.
1311 2065 1380 2074 ——
1413 2033 1522 2086 Kal.
1570 2030 1801 2085 ἐνταῦθα

222 2136 400 2207 πολλὴ
429 2137 463 2206 ἡ
490 2131 583 2188 τοῦ
615 2132 748 2185 Θεοῦ
775 2128 1043 2200 άγαθότης
1079 2126 1373 2198 μηνύεται·
1432 2125 1649 2196 Ἐπειδὴ
1671 2123 1800 2195 γάρ,

223 2230 384 2300 φησὶ,
422 2227 577 2296 λόγος
612 2225 672 2278 οὐ
711 2222 961 2277 τοσοῦτον
993 2219 1329 2273 καθικνεῖται
1370 2217 1478 2271 τῶν
1520 2217 1802 2272 νουθετου-

225 2323 410 2394 μένων
457 2320 531 2384 ὼς
577 2317 850 2389 ἔγγραφος
902 2314 1071 2385 φωνὴ,
1121 2312 1410 2384 ἐγγράφως
1453 2312 1648 2374 αὐτοὺς
1689 2311 1804 2363 δια-

226 2413 568 2486 μαρτύρεται
603 2411 828 2482 γράφων
869 2407 937 2460 τά
975 2406 1231 2477 μέλλοντα
1270 2404 1466 2468 αὐτοὺς
1507 2401 1806 2474 καταλήψε-

221 2504 354 2558 σθαι
381 2505 459 2567 είς
485 2501 674 2568 πυξίον
706 2499 798 2553 καὶ
829 2500 907 2560 εἰς
939 2495 1159 2566 βιϐλίον.

314 2637 536 2708 Ἐπειδὴ
565 2635 674 2707 γὰρ
718 2635 813 2688 κα)⁸
862 2631 997 2704 μετὰ
1025 2631 1121 2703 τὴν
1163 2632 1366 2685 τούτων
1409 2629 1801 2701 προαγόρευσιν

223 2733 342 2796 τοῖς
400 2732 582 2794 αὐτοῖς
638 2730 982 2801 ἐπεμείνατε,
1036 2728 1172 2798 μήτε
1221 2726 1313 2795 ἀφ’
1371 2724 1577 2778 ἐαυτῶν
1633 2741 1802 2779 κατα-

222 2824 525 2895 νοήσαντες
551 2821 618 2875 τά
662 2821 1028 2893 συμφέροντα,
1070 2820 1204 2890 μήτε
1253 2817 1403 2889 παρὰ
1439 2816 1552 2870 τῶν
1585 2833 1797 2888 προφη-

217 2912 338 2966 τῶν
399 2911 722 2982 θελήσαντες
779 2909 1171 2982 ὀμματωθῆναι
1221 2911 1300 2972 είς
1345 2907 1596 2978 θεωρίαν,
1666 2923 1796 2960 κατ-

215 3003 493 3073 εδράμετε
531 3003 587 3056 δὲ
623 3003 702 3066 είς
733 3001 1003 3071 Αἴγυπτον
1034 3000 1108 3064 ὡς
1141 3001 1218 3063 είς
1263 2999 1483 3070 ἰσχυράν
1523 2997 1795 3068 βοήθειαν’

217 3097 314 3151 διὰ
346 3095 506 3149 τοῦτο
536 3096 631 3150 καὶ
683 3094 751 3147 τά
801 3097 918 3148 κατ’
967 3094 1238 3161 Αἴγυπτον
1273 3090 1541 3144 ἀκούσατε
1566 3107 1578 3119 ο
1617 3091 1650 3160 ή
1689 3088 1797 3159 γὰρ

219 3188 544 3242 ἐλπισθεῖσα
591 3188 721 3260 παρ’
749 3187 901 3258 ὑμῶν
943 3186 1124 3258 ἄμυνά
1169 3201 1227 3238 τε
1277 3184 1370 3237 καὶ
1399 3181 1616 3253 βοήθεια
1642 3183 1800 3252 γενή-

223 3280 423 3334 σεσθαι
483 3281 609 3351 ὑμῖν
670 3279 841 3342 οὕτως
883 3279 1032 3332 ἔσται
1083 3275 1334 3344 ἀσθενής,
1393 3273 1580 3345 ὥσπερ
1605 3272 1801 3340 τεῖχος

223 3373 464 3434 πόλεως
491 3370 712 3423 πίπτον
736 3367 1113 3436 παραχρῆμα.

301 3505 418 3573 υύχ
446 3503 476 3555 δ
513 3501 825 3565 ἐπιπόλαιος
855 3501 1154 3571 στεναγμὸς
1188 3500 1281 3552 καὶ
1313 3502 1348 3570 ἡ
1382 3499 1474 3552 τοῦ
1508 3497 1800 3572 προσώπου

221 3593 550 3663 ἀποστροφὴ
597 3591 854 3661 ὀνίνησιν,
893 3589 1006 3643 ἀλλ’
1051 3592 1084 3660 ή
1125 3589 1232 3642 τῶν
1273 3589 1490 3660 τρόπων
1533 3587 1800 3660 μεταϐολὴ

223 3686 327 3740 καὶ
380 3685 416 3755 ἡ
472 3683 580 3736 τῶν
634 3680 1047 3753 ἁμαρτημάτων
1116 3678 1460 3752 ἀναχώρησις
1529 3680 1800 3752 σωτηρίαν

223 3775 704 3851 πραγματεύεται.
745 3803 792 3812 -
827 3772 938 3844 Τὴν
984 3772 1121 3845 μετά
1166 3772 1266 3842 τὴν
1309 3771 1653 3843 ἀναχώρησιν
1691 3770 1799 3824 τῶν

224 3867 647 3942 ἁμαρτημάτων
709 3865 954 3937 καθαράν
998 3863 1346 3936 συναίσθησιν
1394 3864 1624 3933 φάσκεν
1678 3863 1798 3916 τότε

220 3963 340 4034 γάρ
389 3977 476 4024 τις
519 3957 847 4029 ἐπιγνώμων
893 3957 1086 4012 ἑαυτοῦ
1141 3955 1372 4028 ἀκριϐὴς
1398 3955 1568 4019 ἔσται,
1606 3956 1683 4008 ὅτ’
1709 3954 1796 4021 ἄν,

219 4053 424 4122 ῶσπερ
452 4050 606 4104 νόσου
635 4049 778 4112 τινὸς
806 4047 908 4118 τῆς
940 4047 1131 4119 ήδονῆς
1155 4065 1216 4101 τε
1245 4047 1339 4101 καὶ
1359 4046 1796 4118 είδωλολατρείας

220 4142 590 4211 ἀπαλλαγεὶς,
641 4139 1020 4212 καθαρώτερον
1053 4139 1120 4193 τὰ
1153 4140 1258 4210 πρὸ
1298 4139 1486 4193 τούτου
1518 4139 1667 4210 αὐτῷ
1705 4156 1800 4192 πε-

219 4232 529 4305 πλημμελη
537 4231 673 4302 μένα
690 4231 784 4286 καὶ
807 4230 1122 4303 ήσεόημένα
1149 4229 1368 4284 κατίδοι.

295 4347 414 4419 Τὴν
443 4347 523 4410 είς
565 4345 715 4400 οὐδὲν
765 4345 954 4416 δφελος
985 4342 1170 4408 ἀὐτοῖς
1219 4343 1507 4415 κληθεῖσαν
1550 4345 1798 4416 βοήθειαν

1906 435 2112 489 riorum
2151 435 2408 489 incursus
2442 433 2705 499 intendit,
2748 431 2949 502 quibus
2976 429 3222 500 oppressi
3247 430 3467 501 gravis-

1906 526 2075 582 simas
2100 525 2438 580 calamitates
2461 524 2823 595 pertulerunt.
2855 522 3008 593 ipsos
3033 520 3218 592 igitur,
3250 530 3471 594 propter

1905 632 2117 672 morum
2164 618 2519 688 pravitatem,
2577 624 2631 672 et
2677 616 2865 672 leones
2911 624 3101 677 vocat,
3150 621 3205 669 et
3248 615 3461 670 catulos

1905 709 2120 765 leonum
2142 749 2157 774 ,
2195 716 2249 784 et
2281 709 2555 780 genimina
2585 709 2856 780 aspidum.
2890 709 2965 764 lta
2995 717 3050 764 et
3079 709 3271 764 beatus
3302 708 3468 764 Joan-

1903 817 2022 867 nes,
2055 800 2354 857 Salvatoris
2387 802 2559 857 nostri
2591 817 2916 873 praecursor,
2948 801 3167 858 Iudaeos
3191 813 3467 872 serpentes

1901 893 2055 959 dicit,
2085 903 2140 949 et
2171 893 2443 964 genimina
2472 894 2778 965 viperarum
2798 893 2841 946 ⁸.
2874 891 3010 964 (Ubi
3035 893 3187 946 verba
3221 892 3332 947 hac
3365 907 3468 946 non

1903 1007 1934 1043 a
1977 987 2184 1043 Joanne
2217 988 2305 1044 sed
2361 987 2425 1042 ab
2477 989 2590 1058 ipso
2646 988 2859 1043 Christo
2910 987 3280 1057 usurpantur.)
3323 985 3469 1041 Prat-

1902 1082 2088 1136 sertim
2117 1097 2247 1137 vero
2286 1081 2561 1138 libidinosi
2604 1081 2730 1152 equi
2763 1080 3114 1144 exstiterant,
3149 1088 3203 1135 et
3237 1080 3343 1134 alia
3369 1094 3468 1133 no-

1901 1175 2047 1228 mina
2077 1174 2505 1244 usurpabantur,
2547 1173 2748 1245 quibus
2790 1173 3100 1230 declaretur
3130 1188 3318 1228 eorum
3350 1185 3468 1224 ma-

1903 1265 2040 1320 litia.
2091 1264 2183 1319 Sic
2233 1271 2287 1319 et
2319 1281 2467 1319 nunc
2515 1279 2697 1320 mores
2743 1279 2933 1320 eorum
2982 1262 3282 1325 deﬁniens,
3321 1260 3467 1317 feras

1899 1371 1996 1412 eos
2018 1365 2179 1412 vocat
2205 1357 2298 1426 qui
2329 1355 2736 1410 calamitatibus
2767 1354 3036 1426 oppressi,
3069 1368 3179 1408 non
3203 1352 3272 1406 ad
3297 1350 3464 1406 Deum

1901 1448 2290 1519 confugerunt,
2313 1448 2445 1503 doni
2471 1444 2739 1518 cujusque
2766 1455 3066 1511 auctorem,
3091 1446 3467 1515 bonorumque

1903 1538 2141 1607 fontem;
2189 1540 2284 1595 sed
2335 1540 2390 1593 in
2444 1538 2630 1594 asinos
2679 1549 2734 1595 et
2784 1539 3024 1594 camelos
3071 1536 3290 1593 divitias
3339 1550 3465 1591 suas

1901 1635 2258 1705 imponeutes,
2279 1635 2599 1705 legationem
2627 1634 2697 1689 ad
2728 1633 3012 1707 :Egyptios
3040 1635 3323 1690 miserunt.

1974 1747 2138 1802 Vens.
2168 1747 2221 1803 8.
2250 1746 2554 1803 Confestim
2580 1756 2634 1806 et
2661 1758 2951 1819 antequam
2982 1763 3070 1804 res
3099 1757 3294 1804 eventu
3316 1762 3467 1803 com-

1903 1842 2182 1912 probetur,
2213 1841 2364 1912 jubet
2408 1842 2570 1907 Deus,
2617 1849 2852 1897 testante
2891 1841 3187 1912 propheta,
3220 1841 3356 1895 nihil
3383 1841 3464 1896 eis

1904 1935 2271 2006 profecturum
2299 1935 2580 2002 auxilium,
2599 1936 2740 2006 quod
2773 1936 2842 1990 ab
2869 1935 3179 1989 hominibus
3205 1933 3311 1990 sibi
3337 1948 3464 2003 spe-

1904 2035 2179 2091 raverunt,
2208 2027 2298 2081 ubi
2327 2026 2468 2082 Deus
2496 2042 2652 2096 Opem
2688 2027 3056 2098 denegaverit.
3085 2025 3462 2082 —Commen-

1903 2120 2066 2175 datur
2111 2135 2328 2190 quoque
2369 2120 2458 2174 hic
2509 2135 2704 2192 magna
2747 2119 2842 2175 Dei
2892 2119 3306 2186 misericordia;
3339 2134 3464 2174 cum

1903 2213 2046 2268 enim
2068 2253 2083 2279 ,
2122 2213 2332 2283 inquit,
2370 2229 2472 2268 vox
2509 2229 2621 2268 non
2662 2220 2874 2267 tantum
2911 2213 3090 2267 valeat
3127 2213 3194 2266 ad
3219 2226 3464 2266 commo-

1902 2303 2110 2359 vendos
2143 2305 2356 2360 animos
2377 2344 2392 2369 ,
2438 2312 2705 2375 quantum
2735 2303 3082 2374 conscriptus
3115 2317 3327 2370 sermo,
3369 2318 3465 2373 per

1903 2395 2107 2464 scripta
2147 2408 2243 2450 eos
2284 2404 2593 2450 commonet
2623 2403 2679 2450 et
2708 2393 3056 2450 imminentes
3083 2392 3218 2464 ipsis
3243 2393 3466 2448 calami-

1903 2495 2044 2543 tates
2077 2502 2242 2557 super
2271 2487 2475 2542 buxum
2501 2495 2555 2543 et
2587 2488 2644 2543 in
2667 2487 2808 2543 libro
2833 2485 3115 2544 describit.

1975 2623 2141 2681 Vens.
2176 2626 2262 2679 19..
2294 2623 2544 2692 Quando,
2577 2625 2662 2680 bis
2691 2624 2986 2696 praedictis,
3020 2623 3380 2679 nihilominus
3409 2622 3464 2677 in

1901 2716 2094 2773 iisdem
2124 2717 2550 2789 perseverastis,
2580 2733 2683 2774 nec
2717 2726 2913 2789 sponte
2946 2717 3102 2772 utilia
3136 2719 3462 2778 sentientes,

1903 2825 2003 2866 nec
2034 2811 2182 2881 passi
2230 2826 2329 2867 vos
2368 2826 2466 2882 per
2510 2811 2897 2882 prophetarum
2937 2809 3173 2865 visiones
3215 2809 3461 2871 edoceri;

1902 2903 1968 2958 ad
2016 2902 2300 2974 Egyptios
2353 2919 2481 2958 vero
2531 2901 2894 2975 confugistis,
2940 2902 3088 2957 velut
3132 2902 3197 2956 ad
3251 2903 3462 2956 ﬁrmum

1903 2995 2197 3062 auxilium;
2230 2995 2435 3050 idcirco
2459 3003 2513 3051 et
2537 2992 2915 3068 Egyptioium
2953 2994 3061 3048 fata
3093 2994 3294 3050 audi-te.
3325 2994 3464 3050 Ecce

1904 3088 2189 3157 imperium
2231 3087 2364 3141 illud
2396 3102 2427 3141 a
2451 3103 2561 3157 quo
2590 3088 2914 3144 municndos
2949 3104 3045 3143 vos
3085 3088 3464 3159 juvandosque

1905 3178 2221 3248 speravistis
2246 3217 2260 3242 ,
2295 3187 2404 3232 tam
2439 3177 2603 3232 inane
2624 3179 2767 3244 erit,
2801 3193 2964 3247 quam
3015 3195 3196 3232 murus
3220 3178 3463 3233 decidens

1903 3272 2077 3325 subito
2110 3270 2336 3324 civitatis
2373 3267 2564 3340 (Vens.
2595 3270 2704 3340 15).

1973 3490 2140 3548 Vens.
2177 3491 2265 3547 15.
2312 3490 2431 3547 Non
2463 3492 2730 3548 clamores
2747 3492 2845 3547 tibi
2879 3491 3199 3562 proderunt,
3232 3509 3333 3550 nec
3368 3511 3462 3566 ge-

1902 3587 2090 3652 mitus,
2121 3601 2222 3642 nec
2250 3590 2364 3640 oris
2392 3585 2700 3641 immutatio
2721 3628 2737 3653 ,
2766 3585 2862 3641 sed
2893 3586 3174 3642 conversis
3196 3588 3459 3656 moribus,

1901 3679 2158 3736 derelicta
2193 3685 2540 3750 peccatorum
2571 3680 2656 3734 via
2675 3720 2693 3746 ,
2723 3679 2956 3734 salutem
2999 3682 3370 3752 consequeris.
3395 3713 3462 3727 —-

1902 3772 2221 3844 Repudiatis
2246 3773 2508 3844 peccatis,
2534 3782 2678 3830 recte
2703 3773 2834 3828 dicit
2856 3783 3092 3828 mentem
3122 3775 3420 3830 illuminari
3445 3795 3458 3842 ;

1901 3882 2025 3922 nam
2071 3875 2200 3923 tunc
2228 3875 2520 3922 accuratus
2547 3867 2658 3922 eris
2692 3866 2771 3921 tui
2805 3868 2979 3938 ipsius
3016 3868 3182 3938 judex
3203 3909 3218 3935 ,
3268 3884 3391 3923 cum
3430 3885 3460 3922 a

1901 3960 2264 4030 cupiditatum
2313 3959 2542 4030 imperio
2580 3967 2636 4014 et
2683 3959 2950 4014 idolorum
3006 3960 3188 4024 cultu,
3233 3962 3380 4017 velut
3429 3979 3459 4014 ιι

1898 4051 2090 4108 morbo
2141 4051 2435 4116 liberatus,
2489 4052 2684 4107 melius
2711 4066 2774 4106 ea
2801 4051 3094 4122 perspicies
3135 4067 3257 4122 quae
3311 4053 3459 4124 prius

1899 4145 2017 4216 ipse
2048 4143 2352 4216 neglexeris
2379 4152 2435 4200 et
2460 4144 2774 4217 deliqueris.

1972 4347 2138 4402 Vens.
2171 4345 2260 4402 16.
2309 4345 2562 4401 Praedicit
2607 4347 2746 4402 nihil
2777 4347 2858 4405 eis
2904 4347 3269 4419 profecturam
3297 4367 3460 4421 quam

213 4438 593 4515 προαγορεύει
617 4455 630 4468 ³
665 4438 778 4492 ἀλλ’
823 4440 888 4491 ἐκ
931 4438 1024 4491 τοῦ
1070 4438 1309 4491 ἐναντίου
1359 4437 1566 4506 ἐφῶιον
1617 4438 1798 4501 αὐτοῖς

1903 4439 2263 4511 implorabant
2298 4453 2456 4509 opem
2499 4457 2514 4493 :
2567 4439 2813 4510 quinimo
2845 4441 3112 4496 malorum
3143 4442 3346 4497 fontem
3379 4443 3464 4496 fu-

215 4533 421 4592 κακῶν
453 4532 769 4602 γενομένην,
809 4531 996 4602 ὥσπερ
1030 4531 1116 4583 ἐπ’
1148 4531 1358 4583 ἐκείνου
1391 4529 1800 4602 καταφευξόμε-

213 4648 326 4689 νοι,
363 4628 482 4690 τοῖς
530 4642 589 4679 τε
645 4625 831 4689 ἵπποις
871 4623 1076 4678 ἑαυτῶν
1117 4624 1440 4696 χρησόμενοι
1471 4625 1551 4687 είς
1601 4623 1800 4692 φυγὴν,

214 4722 427 4794 ἔμενον
469 4716 734 4771 ἀνένδοτοι
787 4715 880 4770 καί⁸
933 4717 1152 4788 ἀνήκοοι
1199 4717 1335 4788 πρὸς
1380 4716 1450 4769 τά
1499 4716 1651 4787 παρὰ
1694 4717 1801 4773 τῶν

215 4809 530 4887 προφητῶν
557 4808 848 4879 λεγόμενα·
887 4808 1008 4862 ὅθεν
1040 4807 1331 4877 γνώσεσθε,
1369 4808 1444 4872 ὡς
1475 4809 1672 4862 ἐκεῖνοι
1700 4812 1799 4865 αύ-

213 4906 308 4960 τοὶ
331 4903 385 4956 oi
434 4900 518 4969 ἐφ’
553 4900 696 4970 ὑμᾶς
751 4897 981 4962 ἐξιόντες
1023 4897 1308 4969 ταχύτεροι
1351 4899 1443 4951 καὶ
1485 4901 1800 4973 κουφότεροι

216 4998 468 5057 ἔσονται,
501 4991 749 5064 σύνθημα
787 4993 1184 5064 συγχωρήσεως
1219 4990 1370 5064 παρὰ
1399 4990 1492 5044 τοῦ
1527 4991 1635 5045 τῶν
1665 4993 1800 5046 ὅλων

214 5089 362 5144 Θεοῦ
402 5084 715 5155 δεξάμενοι·
761 5085 917 5155 ὑμεῖς
965 5084 1024 5137 δὲ
1072 5083 1242 5154 δειλίᾳ
1293 5083 1794 5156 κατασχεθήσεσθεο

211 5180 404 5249 τόλμα
436 5176 543 5246 γὰρ
571 5177 663 5229 καὶ
689 5176 860 5230 δειλία
883 5178 1011 5247 παρ’
1050 5175 1214 5230 αὐτοῦ
1239 5176 1690 5248 χορηγηθήσεται.

291 5287 459 5347 Μετά
483 5289 680 5353 τοίνυν,
707 5290 858 5360 φησὶ,
883 5289 952 5343 τὰ
975 5290 1339 5361 ἀπειλούμενα
1363 5289 1634 5356 ἐκδέξεται
1657 5292 1799 5363 ὑμᾶς

214 5391 247 5443 ὁ
282 5381 446 5445 Θεὸς,
480 5382 574 5435 καὶ
618 5384 876 5453 ἀναμενεί
913 5385 991 5447 είς
1013 5380 1214 5443 οἶκτον.
1246 5385 1338 5438 ἐάν
1381 5401 1486 5458 περ
1539 5388 1799 5457 μετανοή-

213 5491 357 5551 σητε
382 5491 396 5505 ο
429 5474 478 5526 εί
504 5473 559 5526 δέ
604 5475 907 5544 ἐπιμενεϊτε
943 5478 1009 5546 τῇ
1053 5474 1261 5529 ἑαυτῶν
1289 5475 1474 5548 κακίᾳ,
1520 5477 1796 5547 ἀσυγγνώ-

295 5632 537 5690 'Malth.
582 5651 668 5696 ιιι,
704 5636 768 5702 7;
795 5653 900 5701 xu,
929 5636 1017 5702 ὄις
1049 5652 1207 5700 xxiii,
1244 5637 1330 5693 53.

515 5732 780 5791 ιἈτιιοι.
814 5733 931 5792 Gn.
960 5731 1189 5795 XVIII.

1898 4542 2077 4589 turam
2102 4574 2115 4598 ,
2154 4530 2299 4602 quod
2332 4531 2388 4586 in
2418 4547 2536 4588 eam
2570 4531 2762 4587 conﬁsi
2797 4540 2851 4587 et
2873 4535 3033 4603 quasi
3063 4535 3218 4604 equis
3246 4536 3362 4590 suis
3393 4536 3461 4589 ad

1900 4627 2082 4700 fugam
2107 4627 2259 4680 usuri
2279 4665 2292 4688 .
2332 4625 2566 4679 indocile
2594 4633 2648 4680 et
2675 4625 2983 4680 contumaci
3018 4627 3200 4680 animo
3228 4627 3464 4697 prophe-

1899 4730 2080 4776 tarum
2129 4720 2293 4789 verba
2337 4718 2704 4773 fastidierunt.
2757 4717 2885 4773 Ideo
2933 4719 3277 4790 cognoscetis
3322 4720 3463 4776 cele-

1900 4815 2076 4869 riores
2123 4812 2335 4867 futuros
2368 4819 2423 4867 et
2464 4811 2728 4876 leviores,
2770 4811 2866 4881 qui
2895 4828 2994 4868 vos
3027 4823 3460 4883 persequentur;

1902 4904 2020 4976 ipse
2063 4904 2209 4959 enim
2253 4918 2347 4959 eos
2390 4903 2600 4973 juvabit
2647 4918 2935 4973 supremus
2985 4919 3164 4960 rerum
3221 4905 3461 4959 omnium

1903 4995 2201 5061 Dominus,
2250 5011 2348 5050 vos
2391 5003 2571 5048 autem
2607 4994 2824 5050 invadet
2869 5005 3082 5062 metus;
3150 5011 3276 5052 nam
3322 4995 3462 5052 Deus

1904 5088 2132 5151 animos,
2158 5093 2316 5157 prout
2347 5085 2583 5150 libuerit,
2611 5086 2780 5156 eriget
2808 5093 2901 5140 aut
2933 5087 3216 5156 deprimet.

1974 5291 2142 5349 Vsus.
2176 5293 2263 5348 18.
2313 5291 2602 5349 lntentatis
2645 5295 2808 5364 igitur
2840 5295 3042 5360 minis,
3088 5296 3320 5367 excipiet
3368 5311 3460 5350 vos

1906 5385 2050 5440 Deus
2073 5425 2088 5449 ,
2128 5386 2337 5457 inquit,
2372 5395 2425 5442 et
2455 5389 2833 5444 misericordia
2882 5389 3086 5445 fovebit
3129 5389 3258 5445 dum
3289 5391 3437 5461 paeni

1906 5480 2129 5537 tentiam
2164 5479 2420 5554 egeritis;
2455 5481 2601 5552 quod
2646 5481 2692 5540 si
2738 5491 2916 5538 autem
2953 5484 3006 5537 in
3038 5483 3240 5539 malitia
3279 5477 3454 5555 per-se.

3151 5734 3223 5794 ιι
