3984 6212
560 208 695 265 1325

1743 199 2092 260 TllEODORl
2131 198 2645 259 HERACLEENSIS

3634 213 3762 271 1594

554 322 871 381 veraveritis
914 327 1126 387 vestra,
1180 298 1682 397 immisericorditcr
1746 318 1953 375 meritis
2009 334 2104 374 vos

2212 335 2347 380 στως
2380 317 2436 369 ὲν
2460 318 2523 386 τῇ
2558 314 2733 385 κρίσει
2751 315 2856 369 τῶν
2878 317 3002 387 ὑμῖν
3033 318 3461 388 ἐτοιμασῡέντων
3489 322 3766 397 ἑκδέξητθε

556 416 733 490 pinnis
760 412 953 469 aﬂiciet
980 431 993 466 :
1023 409 1192 467 Judex
1220 409 1364 465 enim
1394 393 1829 467 omniutufDeus.

629 595 794 652 Vsus.
828 594 917 654 l9.
968 592 1199 649 Sanctos
1232 599 1392 647 vocat
1432 589 1555 645 illos
1593 589 1685 659 qui
1720 602 1815 658 per
1848 586 2114 657 poeniten-

557 692 689 745 tiam
740 687 1083 745 sanctitatem
1130 684 1235 740 sibi
1272 687 1748 753 comparaverunt.
1806 676 2114 732 Plorantem

555 781 856 839 Jerusalem
881 778 1032 850 ﬁngit
1056 776 1339 849 propheta,
1371 773 1514 848 quod
1543 786 1659 827 eam
1693 770 1871 842 reipsa
1900 768 2114 839 plorare

556 873 870 930 misericors
901 871 1116 926 animus
1146 874 1379 927 ootaret.

626 988 792 1044 Vsus.
819 986 910 1041 20.
942 986 1265 1045 Jerusalem,
1296 980 1381 1035 vel
1408 977 1477 1033 ad
1507 986 1719 1047 tempus
1744 975 1908 1030 breve
1932 971 2113 1026 tribu-

556 1080 853 1138 lationibus
892 1076 1122 1141 aﬁlicta,
1166 1082 1223 1129 te
1252 1071 1541 1142 gintelligas
1581 1067 1688 1124 Deo
1735 1066 1967 1122 alienam
1992 1076 2115 1117 esse

558 1173 792 1237 factam;
826 1169 893 1224 de
923 1182 1031 1238 quo
1056 1166 1149 1221 ubi
1183 1163 1362 1235 egeris
1391 1158 1768 1232 pmnitentiam
1795 1195 1810 1221 ,
1839 1155 1910 1209 ab
1935 1152 2114 1208 homi-

557 1265 719 1320 nibus
748 1259 1072 1318 liberaberis
1104 1256 1200 1330 qui
1232 1264 1287 1314 te
1310 1253 1608 1325 decipiunt.

626 1378 791 1434 Vsus.
822 1361 935 1432 2ΙΪ
964 1373 1238 1429 llluminat
1277 1369 1575 1446 Jerusalem
1624 1364 1691 1419 ad
1738 1358 2113 1435 agnoscendos

555 1484 804 1534 errores;
851 1463 1123 1522 vaticiniis
1181 1463 1329 1517 enim
1390 1458 1589 1514 ﬁdebat
1639 1469 1738 1527 per
1795 1453 2113 1522 deceptores

558 1560 804 1633 prolatis.
836 1558 970 1613 Cum
1004 1556 1089 1612 via
1131 1554 1199 1610 ad
1224 1554 1500 1610 dexteram
1532 1548 1630 1604 tibi
1668 1553 1847 1610 esset,
1877 1545 1946 1600 ad
1974 1544 2112 1600 sini-

2214 407 2283 461 τὰ
2332 405 2620 478 ἀμοιϐαῖα·
2662 404 2852 477 κριτὴς
2896 405 3002 478 γάρ
3034 408 3139 461 τῶν
3188 409 3405 463 πάντων
3456 411 3719 469 καθιείται
3744 420 3771 471 ὁ

2215 499 2437 570 Κύριος.

2295 589 2508 659 Ἀγίους
2531 589 2687 643 καλεῖ
2702 588 2828 653 τοὺς
2849 588 2938 643 διὰ
2964 589 3065 660 τῆς
3092 584 3380 661 μετανοίας
3404 592 3493 646 τόν
3509 594 3772 666 άγιασμὸν

2215 678 2707 750 ἐφελκυσαμένους·
2736 677 3027 732 κλαίουσαν
3061 680 3117 733 δὲ
3149 684 3247 753 τὴν
3284 682 3631 755 Ἰερουσαλὴμ
3672 687 3774 739 εἱσ-

2214 770 2335 838 άγει
2365 771 2393 822 ό
2422 770 2725 841 προφήτης,
2757 768 3150 840 προανατυπῶν
3178 770 3344 843 αὐτὴν
3368 773 3608 845 τοιαύτην
3626 772 3772 830 κατὰ

2214 858 2337 913 νοῦν
2366 858 2558 913 ἑαυτοῦ
2592 864 2703 924 τοῖς
2727 860 2826 931 τῆς
2860 860 3199 933 συμπαθείας
3221 863 3563 935 σπλάγχνοις.

2286 975 2423 1038 Ἵνα,
2454 974 2557 1028 κᾶν
2579 973 2709 1044 γοῦν
2754 975 2891 1047 πρὸς
2921 975 3100 1045 ὀλίγον
3140 975 3404 1042 θλιϐεἴσα,
3436 978 3614 1051 εὕροις
3649 984 3773 1037 tau-

2214 1064 2311 1136 τὴν
2345 1065 2623 1137 ἀλλοτρίαν
2677 1064 2813 1120 Θεοῦ
2859 1069 3250 1138 πει-..οιηκυὶἀν⁹
3285 1070 3369 1137 ἐφ’
3406 1064 3491 1134 οἷς
3521 1088 3775 1144 μετανοη-

2217 1157 2388 1229 σάσης
2416 1174 2528 1223 σου,
2552 1157 2909 1230 άπαλλαγήσῃ
2932 1158 3040 1213 τῶν
3068 1158 3390 1214 πλανώντων
3413 1178 3496 1216 σε.

2297 1357 2561 1426 Ὀμματοῖ
2591 1355 2688 1426 τὴν
2737 1356 3091 1430 Ἰερουσαλὴμ
3126 1359 3263 1431 πρὸς
3309 1357 3638 1433 κατανόησιν
3686 1366 3779 1436 τῆς

2219 1447 2352 1511 ἰδίας
2381 1446 2554 1518 αὐτῆς
2602 1447 2807 1520 πλάνης
2831 1466 2844 1479 ο
2879 1451 3067 1522 ὑπεῖχε
3098 1452 3205 1523 γὰρ
3247 1449 3445 1525 ἑαυτὴν
3492 1458 3602 1520 τοίς
3642 1458 3771 1529 μάνσ

2213 1557 2331 1594 τεσι
2368 1541 2695 1595 πιστεύουσα
2732 1543 2843 1607 τοῖς
2871 1545 3000 1616 παρ’
3038 1544 3260 1600 ἐκείνων
3305 1546 3659 1619 λεγομένοις⁸
3687 1552 3779 1604 καὶ

557 1631 724 1709 stram
784 1650 1047 1708 deﬂexisti
1073 1691 1088 1715 ,
1138 1649 1221 1721 ab}
1263 1646 1387 1703 istis
1438 1642 1692 1706 seducta‘,
1740 1638 1874 1696 mihi
1932 1646 2107 1692 autem

2212 1631 2333 1685 ὁδοῦ
2361 1649 2441 1686 σοι
2479 1634 2844 1706 προκειμένης
2864 1634 2957 1689 ἐπὶ
2988 1634 3056 1690 τὰ
3085 1635 3255 1704 δεξιά,
3281 1638 3661 1711 άνεκάμπτετε
3688 1645 3780 1696 ἐπὶ

558 1756 833 1829 nunquam
888 1738 1209 1804 credidisti,
1257 1748 1536 1808 nunquam
1581 1747 1665 1787 me
1716 1730 1772 1785 in
1822 1728 2108 1785 consilium

540 1835 653 1891 .tibi
683 1832 995 1889 adhibuisti.

629 2014 893 2070 Vsus.22.
923 2009 1277 2069 lllustrandos
1304 2007 1508 2063 indicat
1541 2019 1630 2061 res
1663 2000 1860 2057 animis
1883 2010 2110 2053 conver-

554 2106 660 2173 sis;
681 2106 792 2176 jam
824 2120 956 2170 non,
981 2104 1178 2173 inquit,
1197 2101 1436 2156 vanitate
1459 2098 1726 2153 idolorum
1742 2087 2106 2162 decipiemiui,

554 2197 649 2252 sed
680 2195 945 2266 dejicietis
983 2209 1070 2259 ea,
1106 2199 1160 2248 et
1182 2188 1577 2247 conculcabitis
1607 2201 1669 2242 ea
1691 2223 1707 2249 ,
1755 2192 1808 2240 et
1835 2179 2112 2252 apparebit

552 2303 741 2344 eorum
784 2286 1144 2353 imbecillitas,
1168 2295 1225 2339 et
1251 2289 1495 2338 stercore
1522 2279 1712 2334 viliora
1743 2273 2106 2330 habebuntur.

623 2401 786 2459 Vsus.
819 2401 908 2457 23.
942 2400 1220 2457 Converso
1249 2397 1450 2469 populo
1480 2402 1534 2451 et
1571 2393 1840 2466 justitiam
1879 2395 2106 2460 agente,

553 2495 833 2550 solventur
891 2506 1230 2563 quaecunque
1307 2498 1626 2561 peccantem
1705 2481 2107 2555 opprimebant.

552 2586 801 2654 Quandiu
840 2587 983 2642 enim
1013 2593 1236 2655 peccato
1266 2590 1321 2638 et
1352 2581 1511 2637 idolis
1552 2577 1890 2642 indulsistis,
1938 2572 2110 2627 fames

551 2694 648 2736 vos
688 2688 743 2735 et
785 2678 1220 2734 necessariorum
1272 2674 1455 2745 inopia
1485 2672 1797 2743 premebat;
1843 2669 1918 2723 ita
1964 2679 2109 2720 nunc

550 2784 674 2824 cum
703 2769 847 2824 idola
906 2767 1144 2838 fregistis
1164 2806 1179 2831 ,
1215 2772 1271 2820 et
1300 2766 1358 2819 in
1389 2763 1540 2818 nullo
1572 2761 1748 2833 pretio
1804 2756 2108 2818 habuistis,

552 2858 912 2916 servientibus
943 2856 1046 2912 sibi
1079 2855 1230 2911 dabit
1258 2852 1401 2908 Deus
1442 2850 1596 2906 vobis
1638 2847 1871 2920 pluviam
1910 2846 2109 2900 bonam

551 2962 605 3007 et
635 2948 818 3022 fruges
845 2964 1035 3005 omnes
1062 2958 1218 3003 terrae
1243 2946 1296 3000 in
1323 2959 1482 3000 usum
1509 2950 1782 3005 vestrum;
1814 2952 1935 3010 qua:
1954 2936 2111 2993 vobis

2210 1723 2281 1777 τά
2308 1723 2590 1796 ἀριστερὰ,
2630 1725 2853 1780 ἐκείνων
2900 1727 3373 1798 συμϐουλευόντων
3413 1748 3532 1786 σοι·
3565 1735 3692 1805 ἐμοὶ
3720 1735 3777 1789 ἃ

2215 1814 2418 1886 σαυτὴν
2459 1814 2713 1869 οὐδέποτε
2755 1815 2967 1880 άνέθου,
3005 1818 3124 1872 οὐδὲ
3153 1818 3448 1890 σύμϐουλον
3478 1821 3583 1875 τῶν
3633 1838 3773 1895 39a-

2212 1907 2382 1960 κτέων
2404 1905 2612 1971 ἔλαϐες.

2280 1996 2391 2068 Τὴν
2434 1997 2574 2068 μετὰ
2620 1997 2718 2071 τὴν
2747 1998 3040 2069 ἐπίγνωσιν
3083 2001 3424 2074 συναίσθησιν
3478 2005 3770 2077 σημαίνειυ

2210 2089 2303 2154 ὼς,
2326 2089 2540 2156 Οὐκέτι,
2565 2090 2748 2162 φησὶν,
2779 2090 3029 2158 ἀνέξεσθε
3058 2092 3159 2164 τῆς
3190 2094 3531 2169 ματαίοτητος
3555 2097 3670 2152 τῶν
3692 2102 3771 2153 εἰ-

2210 2181 2408 2237 δώλων*
2445 2183 2579 2238 ἀλλὰ
2606 2184 2963 2240 καταλάϐετε⁴
2990 2187 3083 2241 καὶ
3101 2188 3429 2260 συντρίψετε,
3453 2190 3517 2243 τὺ
3540 2190 3773 2256 ἀσθενὲς

2210 2274 2385 2328 αὐτῶν
2407 2275 2729 2342 δεικνύντες,
2755 2279 2847 2333 καὶ
2866 2279 3108 2352 κοπρίων
3132 2281 3427 2353 ἀτιμότερα
3452 2282 3771 2356 ἡγούμενοι.

2278 2385 2360 2440 Τὰ
2391 2387 2459 2441 δι’
2492 2388 2764 2461 ἁμαρτίαν
2795 2391 3108 2464 ἐπαγόμενα
3139 2394 3207 2447 δι’
3233 2395 3569 2467 ἐπιστροφῆς
3594 2414 3653 2450 τε
3681 2398 3773 2451 καὶ

2209 2481 2550 2553 δικαιοσύνης
2574 2482 2776 2539 λύεται.
2804 2485 3013 2558 ’Ὥσπερ
3031 2486 3160 2559 γὰρ,
3182 2489 3604 2561 ἁμαρτανόντων
3624 2489 3774 2561 ὑμῶν
3884 2512 3891 2523 ι

2209 2573 2304 2625 καὶ
2327 2575 2439 2637 τοῖς
2462 2572 2697 2639 είδώλοις
2727 2575 3105 2643 δουλευόντων,
3144 2578 3297 2649 λιμὸς
3324 2581 3419 2633 καὶ
3448 2581 3644 2644 σπάνις
3667 2580 3775 2634 τῶν

2210 2662 2518 2731 ἀναγκαίων
2546 2664 2857 2737 ἐπεκράτει·
2883 2666 3073 2732 οὕτως,
3102 2670 3448 2740 ἐκκοψάντων
3468 2671 3536 2723 τὰ
3557 2671 3771 2736 εἴδωλα,

2210 2753 2304 2807 καὶ
2335 2754 2485 2807 οὐδὲν
2515 2755 2695 2810 ἐκεῖνα
2731 2758 3091 2830 ἡγησαμένων
3129 2756 3291 2824 εἶναι,
3324 2761 3453 2814 ἀλλὰ
3490 2762 3774 2818 δουλευόν-

2208 2862 2315 2899 των
2340 2846 2416 2918 τῷ
2461 2847 2601 2919 Θεῷ,
2635 2848 2794 2902 δώσει
2819 2850 2945 2922 ὑμῖν
2982 2851 3073 2905 καὶ
3114 2852 3268 2906 ὑετὸν
3305 2854 3523 2923 ἀγαθον,
3555 2856 3653 2909 καὶ
3698 2854 3773 2909 τά

2210 2936 2274 2989 ἐκ
2318 2936 2422 3007 γῆς
2456 2938 2631 2992 πάντα
2684 2939 2819 3013 πρὸς
2853 2941 3146 2996 ἀπόλαυσιν
3198 2944 3487 3017 ὑμετέραν.
3537 2946 3773 3018 Παρέξει

551 3002 926 3112 copiosissime
958 3038 1235 3109 largietur.
1271 3034 1502 3105 Pmpter
1542 3046 1639 3087 vos
1678 3046 1802 3087 cum
1835 3030 1947 3086 sint
1994 3026 2107 3082 haec

2212 3002 2478 3101 yépvb‘ptv
2510 3031 2591 3094 είς
2617 3002 2810 3104 κόρονλ
2839 3034 2900 3087 ού
2933 3034 3091 3105 μόνον
3117 3035 3173 3088 δέ
3202 3002 3349 3107 ύμῖν,
3370 3002 3515 3091 αλλὰ
3661 3002 3770 3101 τοῖς

551 3133 768 3197 omnia,
828 3131 1109 3187 vobiscum
1173 3142 1390 3199 quoque
1445 3126 1631 3196 vigent
1682 3132 1774 3177 aut
1829 3120 2108 3177 deﬁciunt.

550 3227 785 3296 Apparet
819 3225 982 3280 etiam
1028 3239 1095 3279 ex
1140 3222 1228 3277 his
1260 3220 1429 3276 Deum
1469 3234 1591 3274 esse
1638 3232 1820 3272 rerum
1865 3215 2107 3270 omnium

550 3316 897 3381 Creatorem,
925 3330 1035 3369 non
1082 3312 1362 3368 hominum
1413 3310 1606 3373 modo,
1638 3307 1732 3363 sed
1777 3305 2109 3361 omnimodo-

550 3424 673 3464 rum
700 3408 865 3464 etiam
896 3405 1235 3461 animalium.

632 3582 787 3640 Vens.
816 3581 907 3637 26.
961 3584 1081 3638 Non
1125 3582 1333 3638 indicat
1378 3581 1470 3636 hic
1512 3580 1687 3635 lucem
1715 3582 2106 3634 eementorum

552 3675 853 3746 augendam
880 3690 1024 3740 esse,
1051 3675 1147 3733 sed
1174 3675 1440 3737 laetitiam,
1467 3688 1588 3744 qua:
1607 3671 1799 3729 diebus
1826 3671 1935 3726 illis
1959 3671 2107 3743 ipsos

552 3767 755 3825 eﬁ‘eret.
797 3771 876 3823 ita
903 3769 1049 3824 enim
1089 3768 1441 3824 exsultabunt
1482 3765 1649 3821 animi
1677 3780 1900 3831 eorum;
1932 3773 1993 3819 ut
2025 3762 2108 3818 lu-

552 3875 677 3916 men
726 3859 835 3915 diei
879 3868 1101 3916 auctum
1132 3859 1400 3925 credant,
1451 3866 1510 3912 ut
1552 3858 1837 3925 illustrior,
1867 3855 2108 3929 splendi-

552 3954 781 4024 diorque
825 3952 944 4009 dies
988 3952 1171 4007 lucere
1227 3950 1512 4016 videatur;
1573 3948 1915 4006 sanabuntur
1961 3946 2105 4004 enim

552 4047 717 4102 animi
742 4061 929 4102 eorum
953 4086 969 4112 ,
1012 4044 1388 4116 spiritualibus
1414 4041 1688 4099 emendati
1730 4040 2109 4113 reprehensio-

553 4139 734 4203 nibus,
767 4154 797 4192 a
826 4136 1028 4192 doloris
1055 4137 1405 4191 tribulatione
1432 4132 1669 4190 liberati.

2213 3120 2463 3190 κτήνεσιν
2500 3122 2685 3194 ὑμῶν’
2720 3123 2789 3178 τὰ
2821 3124 2930 3198 γὰρ
2956 3125 3024 3179 δι’
3059 3126 3198 3198 ὑμᾶς
3224 3128 3484 3198 γενόμενα
3516 3130 3609 3182 καὶ
3642 3146 3771 3182 συν.

2208 3218 2526 3288 τιμωρεῖται
2556 3217 2652 3271 καὶ
2689 3218 3044 3272 συναπολαύει
3076 3219 3177 3273 τῶν
3210 3219 3441 3288 ἀγαθῶν.
3473 3220 3768 3274 Δείκνυται

2207 3309 2264 3363 δὲ
2294 3309 2390 3364 καὶ
2436 3308 2526 3362 διὰ
2561 3309 2773 3375 τούτου,
2802 3310 2878 3373 ὡς
2905 3311 2933 3363 ὁ
2978 3310 3112 3374 Θεὸς
3151 3310 3256 3363 τῶν
3294 3311 3506 3364 πάντων
3534 3310 3773 3383 ποιητὴς

2209 3401 2564 3473 καθέστηκεν,
2594 3402 2654 3455 ού
2684 3403 2843 3473 μόνον
2866 3402 3163 3473 ἀνθρώπων
3186 3402 3320 3457 ἀλλὰ
3340 3402 3434 3456 καὶ
3457 3401 3609 3467 ζώων
3632 3418 3772 3457 παν-

2206 3495 2469 3550 τοδαπῶν.

2289 3586 2549 3642 Ἐνταῦθα
2570 3588 2632 3641 ού
2666 3589 2979 3661 προσθήκην
3011 3587 3103 3641 τοῦ
3139 3589 3317 3658 φωτὸς
3347 3593 3458 3639 τῶν
3499 3586 3778 3657 στοιχείων

2206 3680 2373 3751 δηλοῖ,
2400 3679 2535 3734 ἀλλὰ
2564 3680 2664 3751 τῆς
2707 3681 3155 3753 καταληψομένης
3206 3680 3404 3743 αὐτοὺς
3440 3681 3500 3734 ἐν
3542 3678 3781 3742 ἐκείναις

2205 3774 2326 3835 ταῖς
2359 3771 2595 3843 ἡμέραις
2625 3771 2961 3843 εὐφροσύνης
2981 3787 2995 3800 ’
3023 3770 3165 3825 οὕτω
3205 3771 3317 3842 γάρ
3350 3771 3432 3835 είς
3458 3770 3781 3840 άγαλλίασιν

2205 3860 2559 3917 ἐπιδώσουσιν
2580 3863 2759 3917 αὐτῶν
2778 3864 2835 3917 αί
2864 3862 3054 3933 ψυχαὶ,
3077 3862 3153 3926 ὡς
3173 3862 3271 3916 καὶ
3291 3861 3614 3935 προσθήκην
3635 3862 3783 3926 ἕξειν

2207 3954 2400 4018 αὐτοὺς
2415 3953 2663 4025 ἡγεῖσθαι
2686 3953 2755 4008 τὰ
2769 3955 2922 4025 φῶτα
2951 3954 3049 4025 τῆς
3075 3953 3310 4026 ἡμέρας,
3325 3956 3420 4007 καὶ
3450 3954 3786 4027 λευκοτέρας

2208 4046 2391 4109 αὐτοῖς
2405 4046 2499 4099 καὶ
2515 4045 2872 4117 φαιδροτέρας
2884 4044 3219 4117 ὀφθήσεσθαι
3237 4045 3334 4110 τὰς
3356 4049 3386 4117 η
3395 4046 3567 4117 μέρας
3586 4063 3602 4077 ·
3621 4046 3686 4099 τα
3696 4063 3787 4099 σιν

2206 4137 2313 4209 γὰρ
2327 4137 2658 4202 ἐπιδέξονται
2679 4137 2818 4191 κατὰ
2829 4136 3023 4209 ψυχὴν,
3038 4137 3449 4211 θεραπευόμενοι
3465 4137 3593 4201 τοὺς
3603 4139 3790 4211 ψυχι-

2208 4228 2337 4290 κοὺς
2351 4226 2593 4299 μώμους,
2611 4226 3179 4299 καὶάπαλλαττόμενοι
3191 4228 3288 4300 τῆς
3298 4226 3538 4290 θλιϐερᾶς
3547 4228 3783 4300 ὀδύνης,

623 4345 787 4403 Vsus.
813 4346 904 4403 28.
956 4345 1147 4400 Divina
1193 4344 1536 4416 providentia
1576 4348 1775 4398 cuncta
1813 4341 1924 4412 regi
1971 4353 2102 4394 con-

2277 4342 2389 4415 Τὴν
2413 4343 2555 4397 κατὰ
2580 4343 2798 4398 πάντων
2849 4342 3101 4397 θεοπτίαν
3129 4344 3232 4397 κάν
3271 4344 3443 4415 τούτῳ
3472 4343 3781 4411 δείκνυσιν,

552 4435 770 4491 ﬁrmant
806 4436 910 4491 ista
935 4475 950 4501 ,
985 4450 1108 4490 cum
1144 4435 1226 4489 ira
1268 4433 1363 4490 Dei
1398 4447 1506 4488 non
1546 4430 1614 4487 ad
1640 4429 1861 4486 Judaeos
1892 4436 2102 4489 tantum

551 4535 795 4601 spectet,
837 4528 931 4584 sed
959 4536 1013 4584 et
1058 4526 1342 4599 suppliciis
1372 4525 1521 4597 ipsas
1552 4531 1741 4595 gentes
1787 4521 2002 4576 alliciat.
2038 4518 2105 4573 Ni

547 4622 688 4682 alios
718 4620 865 4677 enim
910 4620 1383 4691 reprehendisset,
1420 4618 1666 4674 licuisset
1709 4614 1973 4673 lsraelitis
2014 4613 2102 4668 di-

545 4728 678 4774 cere
699 4716 845 4772 solos
871 4722 1090 4786 propter
1114 4722 1335 4785 peccata
1362 4729 1394 4767 a
1414 4710 1527 4768 Deo
1560 4710 1766 4782 puniri.
1798 4709 1914 4764 Hoc
1945 4708 2108 4779 igitur

547 4816 612 4867 ut
636 4816 953 4879 praecaveat,
977 4813 1160 4862 monet
1180 4821 1239 4862 se
1262 4814 1451 4877 gentes
1474 4819 1692 4876 quoque
1712 4803 2104 4873 judicaturum,

549 4900 704 4955 etab
747 4901 826 4955 eis
879 4912 1067 4970 poenas
1113 4897 1468 4969 repetiturum
1516 4912 1610 4967 per
1654 4909 1894 4953 errorem
1941 4894 2103 4949 meri-

549 4998 653 5048 tas.

616 5168 781 5228 Vsus.
810 5168 903 5226 29.
934 5168 1031 5225 His
1055 5166 1320 5224 discimus
1352 5167 1513 5225 nobis
1542 5182 1653 5223 non
1680 5168 1831 5223 omni
1863 5174 2105 5238 tempore

546 5259 745 5316 laetitiae
790 5259 1182 5330 indulgendum
1229 5274 1387 5326 esse;
1451 5259 1565 5315 noli
1614 5259 1759 5315 enim
1808 5265 2000 5329 putare
2051 5264 2105 5310 te

545 5351 828 5423 splendida
876 5352 1017 5410 festa
1077 5353 1437 5421 celebrando,
1489 5360 1543 5409 et
1598 5353 1841 5431 animum
1887 5350 2103 5423 gaudiis

552 5443 914 5511 liﬁundendo,
930 5447 1231 5503 mercedem
1252 5448 1348 5502 tibi
1371 5446 1814 5517 promeriturum.
1829 5443 1946 5499 Non
1968 5458 2098 5515 pec-

548 5552 668 5605 care
696 5539 915 5609 quidem
943 5540 1155 5595 videtur
1175 5541 1267 5612 qui
1292 5539 1446 5596 festis
1464 5540 1801 5603 convivatur,
1832 5546 1887 5592 at
1907 5536 2103 5593 exinde

546 5628 847 5685 mercedem
896 5631 1053 5686 nobis
1101 5632 1340 5687 futuram
1400 5648 1468 5689 ne
1513 5647 1811 5703 speremus.
1847 5631 2101 5698 Quinimo

2207 4435 2289 4490 ὅτι
2311 4436 2409 4507 οὐχ
2448 4435 2553 4499 ἕως
2591 4435 2794 4489 τούτων
2834 4437 3089 4508 στήσεται
3118 4436 3188 4490 τὰ
3234 4436 3337 4507 τῆς
3365 4436 3558 4509 ὀργῆς,
3587 4436 3790 4510 διαϐή-

2210 4544 2361 4583 σεται
2386 4528 2444 4583 δὲ
2477 4529 2571 4582 καὶ
2597 4530 2676 4593 είς
2705 4528 2772 4582 τὰ
2796 4528 2921 4600 ἔθνη
2954 4529 2987 4599 ἡ
3014 4529 3251 4601 τιμωρία
3269 4545 3281 4556 ·
3309 4529 3395 4582 ἴνα
3424 4528 3536 4602 γὰρ
3566 4530 3647 4601 μὴ
3685 4531 3787 4602 ἐξῇ

2206 4624 2321 4686 τοῖς
2357 4620 2716 4692 Ἰσραηλίταις
2758 4620 2937 4691 μόνοις
2963 4621 3066 4675 ὑπὸ
3099 4621 3194 4674 τοῦ
3226 4620 3359 4674 Θεοῦ
3395 4621 3788 4693 ἐλεγχομένοις

2208 4715 2385 4785 λέγειν
2416 4715 2612 4777 αὐτοὺς
2655 4713 2812 4785 μόνον
2853 4715 2943 4769 τὸν
2969 4714 3103 4768 Θεὸν
3129 4716 3221 4769 ἐπὶ
3263 4719 3377 4780 τοῖς
3411 4716 3791 4788 ἁμαρτήμασι

2206 4807 2583 4879 τιμωρεῖσθαι,
2610 4807 2734 4877 ούχὶ
2759 4807 2816 4861 δὲ
2842 4807 2937 4875 κα).
2962 4807 3029 4861 τὰ
3054 4807 3204 4880 ἐθνη,
3225 4808 3539 4877 ἀναγκαίως
3560 4811 3666 4863 καὶ
3686 4810 3789 4881 τὴν

2207 4899 2300 4952 ἐπὶ
2324 4899 2394 4954 τά
2420 4898 2548 4969 ἔθνη
2572 4898 2921 4970 διαϐήσεσθαι
2951 4900 3192 4955 ἐκδικίαν
3231 4901 3447 4971 φάσκει,
3484 4882 3582 4956 καὶ
3610 4920 3789 4959 κατα-

2207 4990 2473 5063 λήψεσθαι
2500 4990 2697 5054 αύτοὺς
2720 4989 2819 5062 τὴν
2844 4992 2908 5044 ἐκ
2944 4991 3044 5062 τῆς
3090 4992 3409 5064 πλανήσεως
3438 4991 3601 5064 δίκην
3648 5012 3787 5065 προ-

2208 5082 2477 5156 αγορεύει.

2277 5174 2377 5228 Διὰ
2396 5172 2596 5228 τούτων
2633 5171 3012 5244 διδασκόμεθα,
3054 5174 3131 5237 ὼς
3158 5174 3221 5228 ού
3252 5173 3357 5247 χρὴ
3391 5175 3633 5230 πάντοτε
3661 5179 3795 5241 ταῖς

2206 5269 2421 5322 ἀνέσεσι
2444 5268 2653 5340 χαίρειν
2671 5284 2686 5297 ·
2713 5266 2831 5321 οὐδὲ
2860 5266 2969 5338 γὰρ
2993 5268 3051 5320 ἐν
3071 5270 3191 5332 ταῖς
3216 5269 3427 5340 ἑορταῖς
3452 5268 3556 5339 ius
3568 5269 3786 5333 ίϐοντες

2205 5359 2423 5432 ἐσθῆτα,
2458 5360 2551 5413 καὶ
2600 5357 2933 5429 διαχεόμενοι
2981 5356 3079 5429 τὴν
3123 5357 3301 5429 ψυχὴν
3347 5358 3405 5410 ἐν
3438 5358 3783 5433 εὐφροσύνῃ,

2203 5449 2278 5515 ὼς
2310 5448 2495 5521 μισθὸν
2527 5449 2658 5520 ἡμῖν
2688 5447 2976 5521 προξενοῦν
3005 5448 3431 5519 μεταδιώξομεν·
3462 5448 3585 5502 ἀλλ’
3610 5453 3665 5504 εί
3689 5452 3792 5504 καὶ

2204 5541 2581 5612 ἀναμάρτητον
2608 5539 2753 5593 δοκεῖ
2779 5537 2916 5594 εἷναι
2950 5540 3012 5595 τὸ
3044 5543 3101 5595 ἐν
3133 5544 3250 5605 ταῖς
3279 5543 3493 5614 ἑορταῖς
3545 5543 3793 5613 εὐωχεῖ-

2207 5631 2347 5695 σθαι,
2383 5628 2495 5684 ἀλλ’
2528 5627 2646 5683 οὐδέ
2669 5646 2771 5684 που
2799 5630 2873 5695 ὡς
2904 5631 3091 5702 μισθὸν
3123 5630 3285 5685 αὑτοῦ
3309 5632 3497 5685 τούτου
3518 5631 3794 5707 ληψόμε-
