3984 6212
283 281 418 341 1325

1703 283 1781 337 ἸΝ
1821 282 2069 340 ISAIAM.

3345 299 3370 350 ’ί
3381 297 3482 351 5'26

280 416 359 452 νοι
384 397 703 468 ὲκδεξόμεθα
724 415 736 429 θ
765 397 924 450 ὁπότε
957 397 1063 450 οἶδε
1098 397 1356 459 πολλάκις
1387 397 1478 451 καὶ
1511 398 1670 469 ἑορτὴ
1700 400 1812 469 ἀμέη

1934 399 2132 468 saepius
2169 401 2334 455 etiam
2383 416 2668 470 peccamus
2710 418 2833 458 cum
2879 406 3041 460 nimia
3090 409 3159 463 ibi
3197 413 3482 484 voluptate

277 506 420 560 τρως
439 491 517 552 εἰς
541 488 731 558 ἡδονὴν
756 488 1043 560 ἐκχυθεῖσα
1070 487 1163 540 καὶ
1186 488 1457 559 ἁμαρτίαν
1479 489 1823 560 προξενῆσαι.

277 582 370 633 Δεῖ
394 577 484 635 οὖν
531 580 781 651 ἀσμένως
829 579 1026 651 μᾶλλον
1052 579 1152 644 τὰς
1193 579 1397 648 Θλίψεις
1427 580 1699 648 δέξασθαι,
1753 581 1828 645 ὼς

273 671 567 743 ἐμμίσθους
599 672 878 742 ἐσομένας.

343 765 416 818 Τὸ
466 765 787 830 ἐξάκουστον
813 764 910 834 τῆς
938 763 1236 836 μελλούσης
1278 764 1472 828 αὐτοὺς
1517 764 1828 836 καταλήψε-

272 858 396 912 σθαι
421 858 576 928 δίκης
595 857 792 928 δηλοῖό
829 856 1020 924 λόγος·
1050 855 1170 910 οὐδὲ
1212 855 1320 928 γάρ
1379 856 1454 920 ὼς
1497 856 1694 922 ἀδίκως
1737 859 1829 910 ἐπ-

271 951 636 1021 αχθησόμενον
670 948 846 1018 κρυφῆ
889 946 982 1000 καὶ
1015 946 1073 1000 ιν
1093 945 1262 1017 γωνίᾳ
1291 945 1681 1018 πραχθήσεται,
1711 947 1826 1002 ἀλλ’

271 1039 492 1110 ἔκδηλος
541 1038 689 1092 ἔσται
734 1041 843 1101 τοῖς
893 1039 1086 1108 πᾶσιὴ
1129 1036 1269 1108 μετά
1318 1036 1523 1091 δικαίου
1565 1037 1827 1110 κρίματος

269 1131 406 1204 ὀργὴ
433 1131 760 1201 ἐπαγομένη.

340 1223 527 1289 Τοῦτο,
559 1223 699 1278 κατά
743 1223 850 1277 τῶν
889 1222 1185 1293 Ἀσσυρίων
1229 1221 1448 1293 ὀλέθρου
1495 1239 1828 1294 προαγορευ-

269 1316 470 1381 θέντος,
495 1316 589 1369 καὶ
617 1316 714 1385 τῆς
740 1318 858 1368 κατ’
886 1314 1048 1369 αὐτοῦ
1080 1315 1234 1386 δίκης
1257 1314 1606 1385 δηλωθείσης,
1633 1314 1828 1368 δικαιό-

266 1423 402 1460 τατα
431 1407 481 1458 οἰ
527 1404 848 1476 Ἰσραηλῖται
877 1403 1248 1468 ταλανίζονται
1267 1421 1280 1436 °
1316 1405 1450 1477 πρὸς
1501 1405 1599 1476 μὲν
1637 1403 1825 1458 τοῦτον

268 1496 612 1568 ἐπτοημένοι,
651 1497 798 1569 παρά
849 1497 905 1549 δὲ
934 1497 1242 1565 Αἰγυπτίων
1271 1495 1623 1567 βοηθήσεσθαι
1669 1513 1829 1568 προσ-

263 1587 546 1651 δοκῶντες,
589 1590 681 1641 καὶ
733 1588 807 1659 μὴ
851 1588 1279 1658 καταφεύγοντες
1309 1589 1401 1641 ἐπὶ
1437 1587 1528 1640 τὸν
1553 1587 1661 1640 τῶν
1690 1588 1824 1640 ὅλων

262 1681 396 1734 Θεόν
428 1699 487 1734 τε
524 1682 616 1734 καὶ
645 1681 892 1752 Σωτῆρα,
921 1682 979 1734 ὃν
1022 1683 1120 1752 οὐχ
1146 1681 1376 1751 ἡγοῦντο
1410 1681 1546 1753 πρὸς
1573 1681 1672 1751 τὴν
1700 1679 1824 1751 βοή-

1934 489 2287 546 detineamur.
2325 491 2724 551 Tribulationes
2777 496 2938 567 igitur
2973 500 3150 568 potius
3188 505 3480 575 suscipias,

1935 588 2116 649 utpote
2147 581 2331 652 plenas
2363 583 2626 640 mercede.

2001 755 2163 812 Vens.
2196 758 2285 813 30.
2314 757 2566 814 Auditam
2597 761 2804 817 scilicet
2829 763 2995 819 faciat
3020 765 3159 822 Deus
3190 768 3480 826 vindictam

1929 863 2118 910 suam;
2151 852 2350 922 quippe
2379 868 2499 923 quae
2527 869 2636 909 non
2686 869 2894 911 secreto
2935 867 2990 913 et
3034 861 3088 914 in
3132 863 3329 932 angulo
3361 863 3478 927 ﬁet,

1926 941 2082 1009 quasi
2121 952 2267 998 esset
2299 959 2437 1014 opus
2470 947 2719 1018 iniquum
2739 988 2754 1013 ,
2786 949 2880 1004 sed
2909 952 3161 1007 omnibus
3198 957 3480 1026 perspicua

1925 1032 2030 1086 erit
2060 1032 2142 1087 ira
2175 1049 2299 1089 cum
2321 1035 2473 1106 justo
2500 1036 2709 1107 judicio
2733 1050 2978 1095 ventura.

1997 1211 2125 1267 CAP.
2162 1213 2362 1280 XXXI,
2397 1216 2561 1272 Vens.
2598 1219 2648 1273 l.
2682 1220 2818 1276 Cum
2849 1221 3196 1295 Assyriorum
3228 1228 3480 1286 incursus

1927 1303 2259 1373 praedixerit,
2291 1320 2343 1362 et
2373 1309 2668 1365 vindictam
2699 1313 2767 1367 ab
2799 1314 2918 1384 ipso
2951 1318 3341 1387 exercendam,
3367 1337 3478 1377 me-

1925 1396 2030 1449 rito
2073 1395 2214 1452 Deus
2244 1397 2515 1455 lsraelitas
2561 1401 2726 1458 dolet.
2774 1404 2906 1460 Nam
2949 1414 3172 1477 stupore
3201 1419 3478 1475 amentes,

1924 1494 1976 1541 et
1993 1488 2254 1543 auxilium
2272 1491 2340 1544 ab
2361 1489 2628 1562 Egyptiis
2663 1503 3063 1565 exspectantes,
3087 1499 3151 1552 ad
3184 1498 3349 1556 Deum
3369 1517 3478 1558 non

1923 1579 2284 1650 confugerunt
2350 1585 2590 1637 omnium
2651 1583 2934 1642 Dominum
2999 1598 3052 1645 et
3109 1591 3476 1658 Salvatorem,

1924 1673 2080 1741 quasi
2112 1672 2305 1728 fuisset
2347 1674 2508 1730 inane
2537 1676 2656 1745 ejus
2696 1681 3038 1748 prmsidium;
3083 1684 3177 1738 sed
3215 1701 3479 1756 equorum

263 1774 413 1828 θειαν
454 1773 632 1827 αὐτῶν
679 1775 1052 1846 ἀνταρκέσειν,
1088 1772 1223 1826 ἀλλά
1258 1776 1322 1844 τῇ
1370 1773 1479 1827 τῶν
1518 1774 1699 1826 ῖππων
1730 1772 1812 1826 καί

1924 1771 1977 1818 et
2007 1780 2267 1819 curruum
2298 1768 2646 1825 multitudine
2673 1770 2882 1840 conﬁsi,
2906 1789 2964 1830 se
2985 1775 3054 1829 ab
3080 1777 3159 1830 eis
3187 1755 3480 1835 salvandos

260 1866 524 1937 ἁρμάτων
550 1865 748 1937 πληθύῖ
790 1865 1105 1930 πεποιθότες
1147 1865 1275 1937 παρ’
1313 1864 1536 1918 ἐκείνων
1584 1861 1823 1933 σωθήσε-

263 1958 387 2011 σθαι
421 1958 778 2030 προσεδόκων.

332 2050 441 2122 Τὴν
468 2052 644 2120 σοτρῶς
673 2051 820 2122 παρὰ
851 2051 944 2104 τοῦ
984 2050 1118 2104 Θεοῦ
1156 2048 1499 2122 ἁρμόζουσαν
1531 2046 1822 2120 θεραπείαν

255 2140 378 2200 ταῖς
421 2137 618 2208 ψυχαῖς
661 2139 840 2193 αὐτῶν
889 2137 1360 2211 προσαχθήσεσθαι
1404 2140 1696 2210 σημαίνειο
1743 2139 1820 2192 ὅτι

256 2230 355 2284 καὶ
401 2231 540 2285 αύτά
588 2231 756 2285 ταῦτα
806 2233 1108 2297 κακωτικά,
1161 2233 1348 2303 ῶσπερ
1385 2231 1590 2300 ἀγαθοῦ
1636 2231 1821 2302 ἰατροῦ

255 2322 616 2388 ἐκκόπτοντας
640 2323 792 2376 νόσον
820 2325 913 2377 καὶ
960 2326 1188 2395 ἰωμένου
1227 2326 1444 2396 ἀμαρτή
1457 2341 1622 2394 ματα,
1655 2340 1822 2395 προσ-

256 2413 382 2483 άγει
403 2432 416 2445 ·
455 2415 632 2484 σοφῶς
658 2415 752 2468 τοῦ
782 2415 916 2469 Θεοῦ
943 2417 1032 2470 διά
1053 2417 1158 2470 τῶν
1178 2416 1472 2471 δοκούντων
1488 2413 1624 2469 εἶναι
1650 2415 1820 2486 λυπη-

255 2506 371 2577 ρῶν
418 2508 836 2576 σωφρονίζοντος
885 2510 1008 2573 τοὺς
1040 2509 1464 2580 ἁμαρτάνοντας,
1507 2510 1601 2563 καί⁵
1633 2510 1820 2580 καιρὸν

255 2598 545 2669 μετανοίας
569 2598 944 2669 χαριζομένου.

341 2689 497 2744 Ἀλλά
543 2690 636 2743 καὶ
692 2690 1090 2762 μετανοούντων
1137 2692 1464 2762 ύπερασπιεῖ
1511 2692 1688 2764 ήμῶν,
1725 2693 1818 2746 καὶ

250 2781 728 2852 ἀπιποιηθὴσεται
780 2782 879 2852 τῆς
923 2781 1290 2855 Ἰερουσαλὴμ,
1336 2783 1425 2836 ἰσα
1455 2786 1569 2848 τοῖς
1612 2784 1817 2855 ὀρνέοις

248 2876 365 2936 τοῖς
395 2871 647 2944 βοηθοῦσι
669 2876 780 2937 τοῖς
804 2875 1010 2928 ὲαυτῶν
1041 2877 1272 2938 νεοττοῖς
1291 2892 1304 2905 ·
1336 2875 1428 2928 καὶ
1461 2874 1569 2946 γὰρ
1591 2875 1816 2928 κάκεῖνα

248 2964 383 3034 παρ’
407 2961 571 3016 αὐτοῦ
602 2963 843 3018 δέδεκται
871 2964 1043 3019 ταῦτα
1067 2965 1134 3018 τά
1165 2965 1364 3034 φυσικά
1393 2965 1724 3036 συνθήματα.

320 3055 460 3120 Τοὺς
484 3057 540 3109 ἐν
565 3057 676 3118 τοῖς
701 3061 886 3121 κακοῖς
915 3057 1315 3128 ἐμϐαθύνοντας
1338 3057 1434 3112 καί¹
1463 3059 1520 3112 ὲν
1540 3060 1650 3122 τοῖς
1676 3058 1814 3112 κατά

1925 1867 2045 1908 esse
2075 1866 2444 1925 speraverunt.

1991 2031 2155 2088 Vens.
2187 2033 2243 2089 4.
2280 2035 2506 2093 Animos
2550 2053 2738 2094 eorum
2765 2040 3070 2111 prudenter
3103 2059 3134 2098 a
3165 2043 3274 2101 Deo
3307 2045 3478 2102 infor-

1922 2127 2149 2185 mandos
2196 2144 2319 2185 esse
2374 2129 2648 2201 declarat;
2701 2150 2827 2189 nam
2897 2137 3136 2192 vindicta
3181 2137 3275 2194 Dei
3332 2141 3477 2195 velut

1920 2220 2114 2276 medici
2152 2224 2435 2292 prudentia
2468 2227 2716 2282 morbum
2752 2229 3080 2295 recidentis,
3124 2240 3180 2286 et
3231 2233 3478 2289 sanantis

1919 2310 2173 2380 vulnera;
2222 2315 2495 2384 sapienter
2530 2325 2842 2386 peceatores
2889 2319 2957 2374 ad
3007 2321 3223 2377 saniora
3259 2335 3477 2380 revocat

1920 2399 2063 2457 Deus
2087 2443 2101 2467 ,
2135 2411 2188 2459 et
2217 2414 2432 2478 tempus
2449 2409 2790 2479 .ptenitentiaa
2809 2422 3101 2482 praeparat,
3127 2413 3256 2469 dum
3285 2415 3476 2472 lazdere

1919 2493 2151 2550 videtur.

1992 2671 2158 2728 Vsus.
2207 2673 2260 2728 5.
2303 2671 2687 2732 Paenitentiam
2744 2689 2962 2750 agentes
3013 2689 3256 2753 proteget
3308 2681 3471 2744 Deus,

1916 2773 1969 2820 et
2003 2763 2301 2822 Jerusalem
2338 2767 2612 2834 defendet,
2658 2769 2838 2825 avium
2893 2772 2957 2826 ad
3011 2788 3256 2827 normam
3289 2774 3475 2843 .pullos

1916 2871 2046 2910 suos
2095 2856 2391 2912 foventium
2434 2878 2448 2923 ;
2508 2861 2680 2929 ipsam
2729 2862 2873 2918 enim
2917 2871 3069 2919 tanto
3127 2863 3307 2919 studio
3355 2880 3474 2935 pro-

1915 2947 2180 3016 sequitur.

1988 3035 2153 3092 Vsns.
2198 3039 2249 3091 6.
2286 3039 2441 3096 Malis
2481 3041 2762 3100 demersos
2799 3052 2852 3099 et
2900 3045 3162 3116 impietati
3201 3049 3254 3104 in
3304 3050 3468 3107 Deum

245 3103 772 3210 Θεδνηέπιπολαίους
800 3103 1138 3218 ὲπὶστῖἐφων
1164 3149 1192 3202 ὁ
1217 3103 1395 3217 λόγος,
1432 3147 1498 3201 τά
1530 3103 1649 3201 καθῖ
1687 3149 1812 3202 ἑαυ-

1913 3126 2125 3184 deditos
2174 3132 2466 3194 allocutus.
2501 3142 2559 3187 ut
2609 3135 2714 3190 sibi
2764 3139 3052 3193 consulant
3102 3142 3292 3195 suadet
3341 3160 3466 3212 pro-

243 3238 375 3302 τοὺς
405 3241 634 3312 συνορᾷν
677 3240 1050 3311 συμϐουλεύει,
1098 3240 1334 3306 κακίζων
1383 3239 1560 3293 αὐτῶν
1594 3240 1684 3292 καὶ
1713 3242 1812 3312 τὴν

245 3330 592 3402 πεποίθησιν,
621 3331 685 3401 ἢν
718 3333 802 3384 ἐπ’
834 3333 1161 3399 Αἰγυπτίους
1195 3332 1506 3402 ἐκέκτηντο.

331 3421 492 3474 Ἀλλά
516 3421 684 3474 ταῦτα
731 3423 849 3491 μὲν,
879 3425 1001 3475 ὅσον
1027 3418 1158 3493 ἧκεν
1192 3424 1271 3486 εἰς
1311 3423 1408 3493 τὴν
1446 3423 1702 3495 ἱστορίαν,
1733 3425 1811 3487 εἰς

241 3512 338 3564 τὸν
375 3512 622 3576 Ἐζεκίαν
663 3513 1013 3584 λεχθήσονται
1034 3531 1046 3544 ·
1075 3514 1278 3584 κυρίως
1300 3514 1355 3567 δὲ
1393 3515 1709 3587 νοηθήσεται
1733 3519 1811 3580 εἰς

240 3601 413 3655 αὑτὸν
436 3602 527 3655 τὸν
554 3603 780 3674 Σωτῆρα
800 3620 815 3635 ο
843 3603 908 3656 ἶν’
950 3604 1166 3673 ἔχοιμεν
1194 3606 1353 3666 νοεῖν,
1380 3605 1462 3658 ὅτι
1499 3605 1560 3658 τὸ
1597 3605 1812 3676 ἀληθῶς

243 3691 520 3763 μακάριον
550 3692 700 3746 ἔσται
725 3695 837 3757 τοῖς
866 3693 1226 3765 προκεκοπόσι
1261 3695 1402 3749 κατά
1441 3695 1572 3749 Θεὸν
1600 3697 1693 3751 καὶ
1713 3697 1810 3768 τὴν

238 3784 361 3840 ἄνω
388 3783 540 3838 ὶΣιὼν
567 3785 793 3849 οἰκοῦσι,
827 3787 918 3840 καὶ
956 3785 1177 3856 βασιλέα
1223 3789 1682 3861 ἐπιγραφομένοις
1722 3791 1810 3846 τὸν

233 3875 452 3947 ,Κύριον
473 3874 628 3946 ἡμῶν
662 3875 868 3948 Ἰησοῦν
898 3877 1150 3948 Χριστὸν,
1187 3878 1266 3941 εἰς
1291 3877 1350 3931 ὃν
1379 3878 1521 3932 κατά
1545 3880 1647 3952 γῆν
1675 3883 1810 3952 ἡμε-

236 3967 409 4038 τέραν
431 3967 523 4020 καὶ
556 3969 589 4037 ἡ
618 3966 760 4038 ἄκρα
785 3966 1091 4038 δικαιοσύνη
1122 3968 1458 4040 νοηθήσεται.

311 4059 419 4112 Τὸν
443 4057 545 4122 τάς
564 4057 781 4122 ἐντολὰς
807 4058 898 4112 τοῦ
923 4058 1056 4112 Θεοῦ
1077 4076 1141 4130 τη
1152 4061 1400 4130 ρήσοντα,
1429 4061 1521 4114 καὶ
1545 4060 1730 4133 ῶσπερ
1752 4063 1809 4115 ὲν

235 4150 422 4222 ἑαυτῷ
445 4151 572 4214 τοὺς
615 4150 804 4220 λόγους
826 4150 920 4204 τοῦ
966 4149 1100 4204 Θεοῦ
1145 4153 1565 4224 κατακρύψαντα
1609 4155 1700 4206 ἐπὶ
1727 4154 1806 4207 δι-

235 4243 524 4318 καιοσύνῃ,
551 4241 738 4297 τοῦτον
777 4244 869 4297 καὶ
894 4243 1001 4297 ἀπὸ
1028 4243 1198 4316 ὀργῆς
1234 4246 1578 4319 ὲπαγομένης
1607 4263 1807 4301 σκεπα·

235 4336 538 4406 σθήσεσθαι
558 4335 724 4407 δηλοῖ.

305 4430 452 4492 Τοὺς
496 4429 808 4500 Ἀσσυρίους
857 4429 1232 4500 ἐπικειμένους
1260 4432 1340 4493 εἰς
1378 4430 1630 4501 πόλεμον,
1676 4431 1806 4486 ἀκό-
1833 4451 1880 4506 ι)

227 4521 427 4574 λουθον
451 4515 518 4591 ἦν
544 4521 668 4583 τοὺς
701 4519 835 4590 πρὸς
861 4517 950 4571 τὸν
981 4519 1112 4572 Θεὸν
1140 4519 1408 4584 τείνοντας
1435 4521 1496 4573 τὸ
1523 4520 1674 4591 ὄμμα
1700 4537 1800 4574 κα-

225 4615 524 4684 ταφρονεῖν
551 4612 646 4682 μὲν
665 4611 765 4681 τῆς
791 4610 1133 4681 ἀνθρωπίνης
1163 4610 1430 4682 βοηθείας,
1458 4611 1598 4680 λέγω
1620 4612 1682 4683 δὴ
1702 4612 1800 4683 τῆς

225 4705 342 4758 τῶν
369 4702 683 4772 Αἰγυπτίων
703 4718 718 4732 ·
747 4701 831 4755 ἐπ’
854 4701 1083 4754 αὑτὸνδὲ
1106 4702 1203 4765 τὰς
1236 4701 1456 4765 ἐλπίδας
1481 4702 1796 4773 κεκτῆσθαι,

224 4798 327 4852 καὶ
353 4795 503 4867 αύτῷ
531 4794 813 4867 προσέχειν
846 4794 935 4846 τὸν
964 4793 1089 4847 νοῦν
1113 4810 1126 4824 ·
1155 4793 1280 4857 τοὺς
1302 4793 1410 4864 γὰρ
1436 4794 1697 4865 πρότερον
1723 4795 1796 4866 μὴ

220 4887 560 4958 δυναμένους
584 4885 674 4938 τὸν
695 4885 792 4954 τῆς
815 4883 1116 4947 θεοσεϐείας
1143 4883 1470 4955 διαρθρῶσαι
1499 4883 1652 4952 λόγον
1678 4886 1796 4938 τότε

221 4983 360 5053 ὲνῆν
398 4980 522 5033 ἰδεῖν
553 4977 810 5031 δύνασθαι
853 4980 1022 5050 τρανῇ
1052 4981 1117 5048 τῇ
1143 4976 1353 5048 γλώττῃ
1401 4977 1677 5047 ὁμολογεῖν
1706 4979 1797 5033 τὸν

219 5077 326 5145 τῆς
358 5075 579 5144 εἰρήνης
617 5071 938 5143 βραϐευτὴν,
966 5071 1058 5123 καὶ
1081 5069 1260 5122 οὐκέτι
1292 5069 1563 5140 αἱρεῖσθαι
1595 5070 1685 5123 τὸν
1705 5073 1796 5123 Αἰ-

217 5166 460 5234 γύπτιον
501 5160 678 5215 αὐτῶν
715 5162 921 5232 ἄρχειν,
967 5160 1025 5213 ὃν
1062 5159 1244 5230 μωρὸν
1289 5158 1510 5222 δικαίως
1542 5161 1574 5229 ἡ
1607 5160 1794 5232 Γραφῆ

218 5255 532 5322 ὠνόμασεν.

294 5342 409 5396 Τοῦ
443 5345 713 5414 τάγματος
757 5344 866 5396 τῶν
923 5345 1128 5416 ἀνδρῶν
1186 5344 1448 5411 ἀνηκοΐαν
1490 5343 1792 5407 νοσοῦντος,

219 5435 458 5508 μετάγει
490 5436 580 5486 τὸν
608 5435 763 5502 λόγον
787 5437 815 5487 ὁ
847 5439 1126 5509 προφήτης
1153 5438 1248 5490 ἐπὶ
1273 5437 1371 5500 τὰς
1393 5438 1676 5504 γυναῖκας,
1699 5434 1793 5488 καὶ

216 5523 537 5598 νομοθετεῖν
587 5523 726 5589 ἀξιοῖ
767 5526 1004 5587 ταύτας·
1057 5527 1149 5580 καὶ
1196 5526 1428 5597 μάλιστα
1475 5525 1573 5588 τὰς
1609 5523 1792 5595 κομώ-

215 5635 326 5682 σας
399 5616 628 5688 πλούτῳ,
660 5617 716 5670 αἶ
767 5615 860 5670 τοῦ
921 5617 1016 5688 μὲν
1075 5618 1281 5671 ἑαυτῶν
1343 5618 1547 5688 κόσμου
1595 5616 1792 5687 πολλὴν

214 5707 544 5778 ἐπιμέλειαν
606 5710 959 5780 ἐποιήσαντο,
1024 5708 1204 5772 καθὼς
1267 5710 1361 5762 καὶ
1420 5712 1476 5762 ἐν
1526 5712 1638 5772 τοῖς
1693 5708 1791 5779 ξμ-

1915 3219 2093 3288 pheta,
2119 3230 2173 3275 et
2208 3221 2459 3278 ﬁduciam
2490 3228 2780 3294 exprobrat
2807 3245 2914 3299 qua
2950 3231 3004 3284 in
3036 3231 3305 3304 :Egyptiis
3332 3252 3466 3290 con-

1914 3309 2166 3365 ﬁdebant.

1982 3405 2112 3458 CAP.
2149 3404 2360 3471 XXXII,
2407 3406 2569 3464 Vens.
2624 3411 2675 3464 l.
2721 3409 2994 3466 [lislorico
3041 3414 3258 3482 quidem
3301 3433 3464 3473 sensu

1911 3496 2024 3550 haec
2065 3495 2132 3550 ad
2172 3493 2456 3554 Ezechiam
2487 3511 2758 3571 spectant,
2790 3513 2936 3559 recte
2967 3513 3146 3560 tamen
3175 3509 3242 3562 ad
3287 3511 3461 3580 ipsum

1912 3586 2245 3645 Salvatorem
2287 3593 2608 3649 referentur.
2645 3596 2858 3654 Sentias
2893 3597 3060 3669 igitur
3107 3616 3231 3656 vere
3280 3603 3465 3660 beatos

1885 3695 2030 3741 'esse
2055 3685 2147 3756 qui
2177 3687 2475 3742 secundum
2503 3689 2671 3744 Deum
2702 3693 3069 3762 profecerunt,
3095 3707 3148 3751 et
3170 3713 3463 3769 supernam

1911 3775 2040 3832 Sion
2095 3788 2386 3848 occupant,
2432 3790 2486 3835 et
2537 3797 2718 3854 regem
2772 3785 2972 3840 habent
3023 3786 3309 3843 Dominum
3368 3805 3465 3845 no-

1908 3881 2081 3926 strum
2156 3870 2342 3927 Jesum
2428 3872 2705 3930 Christum
2763 3877 2852 3931 cui
2922 3878 3085 3933 etiam
3178 3881 3233 3935 in
3303 3882 3464 3940 terris

1908 3976 2118 4015 summa
2142 3961 2353 4032 justitia
2383 3964 2659 4034 competit.

1978 4050 2139 4107 Vens.
2171 4053 2226 4106 2.
2260 4052 2517 4110 Homines
2553 4056 2646 4125 qui
2681 4069 2900 4112 servant
2938 4060 3032 4115 Dei
3070 4072 3364 4134 praecepta,
3407 4078 3462 4121 et

1905 4142 1998 4200 Dei
2040 4159 2318 4200 sermones
2355 4161 2466 4216 pra:
2499 4146 2711 4216 justitia
2741 4149 2795 4204 in
2832 4155 3136 4224 semetipsis
3161 4160 3458 4223 occultant,

1906 4237 1974 4292 ab
2007 4237 2085 4292 ira
2112 4245 2335 4293 ventura
2362 4239 2730 4298 defendendos
2751 4243 3008 4299 declarat.

1981 4415 2139 4474 Vens.
2171 4417 2225 4483 4,
2253 4417 2305 4472 5.
2340 4418 2659 4474 lmminente
2682 4419 3026 4491 Assyriorum
3059 4421 3220 4489 bello,
3247 4440 3460 4496 aequum

1902 4515 2022 4562 erat
2087 4513 2147 4560 ut
2189 4507 2364 4562 oculis
2399 4509 2453 4561 in
2487 4507 2654 4562 Deum
2701 4509 2915 4576 intenti,
2966 4510 3258 4565 humanam
3302 4528 3458 4583 opem

1903 4610 2274 4666 spernerent;
2321 4615 2476 4669 opem
2531 4601 2654 4655 dico
2706 4601 3124 4673 Egyptiorum;
3174 4604 3230 4657 in
3281 4605 3459 4674 ipsum

1903 4707 2030 4745 vero
2063 4690 2422 4754 conﬁderent,
2465 4707 2631 4745 unum
2675 4709 2797 4747 eum
2841 4695 3203 4750 intuerentur.
3247 4696 3460 4767 Quippe

1901 4787 1990 4852 qui
2055 4785 2207 4853 prius
2250 4784 2344 4838 Dei
2395 4801 2591 4840 nomen
2653 4786 2742 4840 vix
2787 4786 3056 4842 haesitanti
3099 4788 3284 4860 lingua
3343 4790 3457 4844 bal-

1899 4877 2078 4932 butire
2112 4886 2429 4946 potuerant,
2470 4893 2616 4933 nunc
2663 4879 2882 4934 eosdem
2915 4880 3118 4936 videris
3157 4882 3454 4951 principem

1899 4971 2050 5040 pacis
2104 4971 2364 5027 distincta
2417 4986 2550 5025 voce
2602 4971 2917 5035 confessos,
2969 4983 3023 5027 et
3075 4972 3455 5045 Egyptiurum

1899 5063 2184 5133 imperium
2215 5063 2327 5133 jam
2359 5063 2717 5120 abhorrentes
2760 5079 2898 5134 quos
2932 5065 3125 5119 merito
3172 5066 3457 5138 Scriptura

1899 5155 2096 5209 stultos
2136 5161 2311 5208 vocat.

1848 5329 1854 5334 ’
1962 5334 2127 5390 Vens.
2157 5334 2210 5389 9.
2256 5333 2391 5388 Cum
2436 5335 2676 5389 virorum
2719 5335 2854 5390 ordo
2902 5336 3269 5392 inobedientia
3299 5337 3452 5392 labo-

1897 5438 1998 5493 ret,
2036 5429 2290 5483 mulieres
2323 5427 2519 5481 alIatur
2559 5429 2844 5498 propheta,
2889 5430 3117 5499 illasque
3156 5430 3455 5485 informan-

1895 5519 2254 5589 das-suscipit
2291 5539 2304 5586 ;
2343 5522 2641 5586 prmsertim
2676 5538 2806 5576 vero
2851 5521 3056 5576 divitiis
3089 5523 3450 5586 abundantes,

1894 5628 2013 5681 quae
2056 5626 2256 5683 corpus
2295 5627 2454 5666 suum
2497 5628 2711 5668 summo
2744 5615 2926 5669 studio
2967 5615 3339 5680 exornabant,
3375 5617 3452 5670 uti

1884 5715 1947 5792 (et
1977 5721 2139 5779 supra
2179 5705 2437 5777 prepheta
2475 5706 2854 5762 conﬁrmavit-
2891 5723 3074 5763 verum
3111 5716 3289 5764 autem
3331 5707 3451 5763 cul-
