4022 6208
543 185 679 238 1327

1741 172 1828 226 ΤΗ
1838 167 2081 226 EODORI
2123 165 2636 222 HERACLEENSIS

3615 164 3752 215 1328

537 315 677 369 tum,
732 300 1066 373 spiritualem
1123 297 1352 362 scilicet,
1414 293 1776 365 negligebant,
1817 307 1925 361 quo
1983 291 2083 343 sibi

2204 285 2418 356 τροσθεν
2452 283 2733 349 κατέλεξεν
2763 287 2790 334 ὸ
2827 283 3108 351 προφήτης
3127 298 3140 310 ·
3177 279 3271 332 τοῦ
3301 278 3359 331 δέ
3390 276 3626 348 ἀληθοῦς
3647 277 3754 346 ψυο

534 398 764 455 salutem
804 393 1034 448 fuissent
1073 395 1397 445 consecutae.
1438 385 1586 452 Quas
1618 384 1782 456 igitur
1817 384 1962 439 velut
2004 397 2088 435 ex-

535 484 935 562 pergefaciens,
984 490 1040 538 et
1083 482 1330 538 excitans
1369 492 1618 534 sermone
1656 495 1668 530 :
1713 494 1730 526 (
1762 474 1978 537 Audite,
2005 474 2088 527 in-

535 583 676 651 quit,
712 577 966 630 mulieres
998 572 1242 639 divites;
1291 590 1308 622 i
1355 585 1462 624 non
1501 568 1648 638 ipsas
1697 583 1827 622 sane
1875 566 2091 619 divitias

539 676 873 737 insectatur,
916 675 1103 738 utpote
1139 664 1431 736 quaeipsis
1475 661 1690 716 fuerant
1743 674 1774 714 a
1813 657 1924 712 Deo
1970 672 2092 710 cre-

537 766 682 829 ditae,
721 761 815 817 sed
847 774 1026 814 mores
1056 757 1195 811 male
1224 755 1420 826 opibus
1447 752 1566 807 suis
1589 748 1880 804 utentium.

608 941 774 998 Vens.
822 940 904 994 l5.
925 938 1134 993 lndicat
1165 936 1254 991 hic
1285 936 1438 990 locos
1467 947 1589 989 esse
1623 927 2089 992 vastandos;nam

537 1033 782 1090 Cbermel
813 1046 969 1084 mons
999 1036 1084 1084 est
1116 1026 1394 1081 Samaria.

542 1189 545 1196 .
603 1147 732 1202 CAP.
769 1141 1006 1207 XXXIII,
1062 1139 1228 1195 Vens.
1269 1137 1323 1192 2.
1384 1137 1518 1192 Cum
1566 1137 1621 1190 in
1663 1133 1778 1188 dies
1819 1131 1990 1201 magis
2030 1144 2092 1184 ac

539 1238 709 1307 magis
755 1240 1083 1306 augerentur
1129 1229 1310 1301 populi
1365 1234 1606 1298 peccata,
1657 1238 1758 1278 nec
1812 1221 1975 1275 minis
2025 1219 2091 1272 ad

541 1329 910 1400 paenitentiam
954 1324 1218 1386 deterriti,
1251 1335 1348 1376 nec
1394 1336 1490 1391 spe
1533 1319 1796 1373 bonorum
1859 1314 1924 1368 ad
1968 1314 2094 1384 pie—

542 1431 701 1476 tatem
765 1419 1011 1480 excitati,
1056 1413 1430 1470 misericordia
1481 1420 1758 1481 permotus
1802 1408 1915 1477 ipse
1978 1421 2096 1475 pro-

543 1515 724 1586 pheta,
759 1511 902 1566 haud
943 1525 1102 1565 secus
1132 1522 1194 1562 ac
1226 1507 1272 1562 si
1306 1506 1417 1576 jam
1455 1519 1578 1558 eum
1613 1507 1860 1556 cerneret
1889 1497 2093 1552 meritis

544 1603 818 1675 suppliciis
845 1601 1167 1662 contritum,
1204 1597 1431 1652 salutem
1463 1594 1661 1648 civium
1696 1607 1725 1643 a
1759 1589 1866 1642 Deo
1903 1586 2091 1656 depre-

543 1703 712 1750 eatur.
746 1692 862 1759 Qua
912 1690 1121 1746 ratione
1157 1688 1396 1742 declarat
1453 1685 1601 1755 ipsos
1648 1681 1723 1735 nil
1772 1681 2092 1734 intentatum

538 1783 1026 1850 intemeratumque
1080 1777 1400 1846 reliquisse.
1450 1789 1552 1828 nec
1598 1770 1744 1825 aliud
1805 1769 1909 1824 sibi
1967 1782 2094 1836 pro-

539 1875 822 1936 meruisse,
859 1872 960 1926 nisi
996 1885 1202 1941 poenas.
1231 1868 1468 1937 Equum
1497 1873 1580 1919 est
1621 1871 1678 1917 ut
1715 1861 1872 1916 nobis
1903 1872 2094 1929 parcas

539 1975 590 2022 et
631 1963 940 2021 miserearis
968 1979 980 1991 ·
1015 1963 1072 2014 in
1109 1969 1160 2014 te
1194 1962 1336 2014 enim
1367 1956 1711 2012 confidimus.

615 2139 776 2195 Vens.
823 2140 877 2195 5.
922 2137 1048 2193 Haec
1076 2135 1206 2190 dicit
1240 2135 1523 2206 propheta,
1556 2147 1663 2187 non
1711 2139 1768 2185 ut
1808 2128 2095 2197 .ndignan-

542 2239 647 2286 tem
683 2231 846 2285 Deum
873 2231 1067 2300 placet,
1101 2227 1195 2283 sed
1223 2235 1275 2280 ul
1303 2227 1559 2296 populum
1593 2225 1804 2288 doceat,
1835 2219 1965 2290 quid
1995 2219 2098 2288 ipsi

543 2322 610 2377 ad
643 2321 1082 2391 consequendam
1111 2320 1340 2374 salutem
1373 2317 1639 2389 agendum
1674 2317 1764 2370 sit.
1795 2313 1925 2380 Qua:
1953 2311 2097 2366 enim

543 2416 628 2470 sui
676 2414 899 2469 conscio
942 2413 1140 2483 populo
1182 2409 1249 2464 ad
1298 2409 1462 2464 Deum
1504 2408 1775 2462 fundenda
1816 2410 1994 2468 erant,
2033 2416 2098 2456 ea

545 2513 668 2562 vota
717 2505 848 2559 facit
899 2503 1161 2574 propheta
1210 2500 1354 2572 apud
1398 2516 1587 2556 eorum
1637 2497 1972 2561 Dominum;
2027 2492 2102 2547 ita

545 2601 746 2654 docens
795 2614 890 2653 eos
945 2596 1074 2666 quid
1119 2595 1222 2652 sibi
1270 2595 1356 2665 pia
1403 2602 1580 2648 mente
1632 2591 1894 2662 flagitent,
1943 2595 2000 2642 ut
2048 2592 2104 2641 et

546 2692 646 2761 ipsi
692 2691 775 2745 vel
833 2689 1151 2759 prophetam
1200 2685 1429 2748 imitati,
1473 2697 1694 2738 causam
1747 2695 1899 2736 suam
1959 2674 2102 2748 apud

547 2780 711 2834 Deum
751 2786 934 2849 agant.

615 2890 778 2945 Vens.
819 2890 874 2945 5.
923 2888 1280 2958 Progressum
1325 2885 1546 2950 mentis,
1593 2891 1647 2940 et
1685 2884 1883 2938 bonam
1935 2874 2102 2933 animi

2191 376 2344 448 χικοῦ
2367 375 2659 446 κόσμου,ὃς
2683 373 2954 444 σωτηρίαν
2969 375 3153 436 αὐταῖς
3177 370 3476 441 προεξένει,
3493 368 3754 439 ἠμέλουν.

2191 467 2400 537 Ὥσπερ
2423 462 2516 518 οὖν
2546 463 2858 534 ἀφυπνίζων
2877 462 3042 524 αὑτὰς
3062 463 3155 516 καὶ
3175 460 3460 514 διανιστῶν
3486 460 3563 530 τῷ
3588 460 3753 530 λόγῳ,

2195 577 2213 609 ι
2263 558 2570 621 Ἀκούσατε,
2617 555 2843 625 ἔφασκε,
2877 555 3130 622 γυναῖκες
3170 551 3448 605 πλούσιαι·
3487 570 3505 602 ι
3537 551 3640 604 οὐκ
3671 554 3756 615 είς

2191 649 2413 702 πλοῦτον
2443 647 2609 711 αύτάς
2662 645 3057 709 ἀποσκώπτων,
3089 644 3146 707 ὃς
3171 646 3265 696 καὶ
3294 643 3450 706 αὐτὸς
3475 645 3620 715 παρά
3645 644 3752 696 τοῦ

2188 740 2322 793 Θεοῦ
2350 739 2571 804 ἐδέδοτο,
2595 737 2706 791 ἀλλ’
2742 739 2820 799 είς
2843 737 3040 807 τρόπον
3071 735 3179 788 τῶν
3212 735 3394 800 κακῶς
3429 735 3502 806 τῷ
3530 737 3752 807 πλούτῳ

2191 831 2505 904 χρωμένων.

2259 923 2368 993 Τὴν
2398 921 2840 992 καταληψομένην
2871 921 2996 983 τοὺς
3025 921 3222 982 τόπους
3253 919 3486 990 ἐρημίαν
3520 919 3756 973 ἐνταῦθα

2194 1014 2479 1086 σημαίνει·
2511 1011 2728 1084 Χερμὲλ
2759 1016 2866 1084 γὰρ
2891 1011 3015 1083 ὅρος
3036 1011 3152 1064 ἐστὶ
3191 1010 3289 1080 τῆς
3314 1011 3647 1083 Σαμαρείας.

2261 1127 2356 1189 Εἰς
2380 1125 2658 1196 ἀπέραντα
2706 1123 3144 1196 παρανομοῦντος
3183 1123 3274 1178 τοῦ
3311 1123 3462 1185 λαοῦ,
3495 1124 3592 1176 καὶ
3620 1127 3756 1194 μήτε

2189 1221 2256 1290 τῇ
2282 1217 2391 1271 τῶν
2451 1216 2788 1289 σκυθρωπῶν
2827 1215 3128 1286 ἐπαγγελίᾳ
3169 1214 3569 1285 καμπτομένων
3621 1215 3760 1284 πρὸς

2196 1309 2501 1381 μετάνοιαν,
2536 1311 2672 1380 μήτε
2703 1310 2768 1380 τῇ
2806 1305 2914 1360 τῶν
2948 1305 3196 1378 χρηστῶν
3227 1305 3402 1360 ἐλπίδι
3424 1304 3762 1374 διεγειρομέ-

2193 1415 2296 1452 νων
2329 1397 2463 1469 πρὸς
2495 1395 2817 1462 θεοσέϐειαν,
2848 1398 2927 1458 είς
2971 1394 3309 1464 συμπάθειαν
3355 1392 3698 1462 κατενεχθεὶς
3730 1395 3761 1445 ό

2193 1490 2494 1561 προφήτης,
2517 1489 2592 1552 ὡς
2622 1487 2845 1560 μηδενὸς
2877 1488 3063 1559 ἐτέρου
3086 1487 3402 1557 λειπομένου
3426 1487 3459 1555 ῆ
3491 1486 3759 1556 τιμωρίας

2192 1583 2292 1652 τῆς
2322 1579 2724 1651 ἐπαχθήσεσθαι
2763 1581 2944 1643 αὐτοῖς
2977 1577 3272 1650 μελλούσης
3303 1578 3424 1633 κατ’
3461 1576 3635 1643 ἀξίαν,
3663 1579 3759 1630 εύ-

2193 1673 2291 1744 χὴν
2321 1673 2460 1744 ὑπὲρ
2480 1672 2657 1725 αὐτῶν
2685 1673 2999 1743 ἀναπέμπει
3028 1671 3162 1742 πρὸς
3183 1670 3275 1722 τὸν
3295 1670 3402 1722 τῶν
3429 1669 3565 1722 ὅλων
3591 1670 3722 1721 Θεόν
3740 1686 3754 1699 ·

2191 1767 2351 1820 τοῦτο
2377 1765 2573 1836 δηλῶν,
2611 1765 2693 1817 ὅτι
2721 1763 2791 1817 τὰ
2822 1764 2918 1834 μὲν
2959 1765 3087 1833 παρ’
3117 1763 3281 1818 αὑτοῦ
3319 1762 3425 1816 τῶν
3455 1764 3534 1825 εἰς
3561 1762 3759 1814 κακίαν

2197 1856 2682 1927 συμπεπλήρωται,
2728 1857 2822 1908 καὶ
2866 1856 3018 1908 οὐδὲν
3065 1855 3248 1926 ἕτερον
3293 1853 3759 1925 κεχρεωστήσεται

2195 1949 2372 2010 αὐτοῖς
2418 1947 2451 2017 ἦ
2481 1947 2603 2016 δίκη
2624 1962 2638 1976 ·
2680 1947 2837 2018 χρεία
2864 1946 2919 1999 δέ
2947 1947 3054 2000 τῶν
3079 1946 3185 2000 σῶν
3219 1944 3506 2016 οἰκτιρμῶν
3537 1945 3629 1997 καὶ
3662 1943 3757 1996 τοῦ

2197 2039 2289 2092 σοῦ
2319 2037 2490 2101 ἐλέου,
2524 2038 2600 2100 ὼς
2627 2038 2719 2091 ἐπὶ
2743 2038 2823 2091 σοὶ
2851 2037 3184 2091 πεποιθότων

2265 2131 2449 2185 Ταῦτα
2469 2132 2526 2184 δέ
2546 2133 2575 2184 ὁ
2601 2133 2882 2203 προφήτης
2908 2130 3110 2200 ἔλεγεν,
3138 2131 3234 2200 οὐχ
3260 2131 3330 2192 ὡς
3351 2127 3769 2197 ἀγανακτοῦντα

2195 2224 2286 2278 τὸν
2298 2224 2428 2278 Θεὸν
2443 2224 2728 2288 διδάσκων,
2759 2224 2871 2278 ἀλλ’
2898 2223 2972 2287 ὡς
2985 2223 3062 2294 τῷ
3071 2223 3184 2293 λαῷ
3201 2223 3493 2293 προφάσεις
3507 2219 3769 2290 παρέξων

2201 2317 2309 2370 τῶν
2328 2315 2639 2387 ἀρκούντων
2666 2317 2848 2380 αὐτοῖς
2867 2318 2946 2380 είς
2975 2318 3264 2387 σωτηρίαν.
3291 2315 3358 2366 ’Δ
3368 2314 3478 2383 γὰρ
3495 2313 3660 2382 ἐχρῆν
3671 2311 3769 2364 τὸν

2199 2408 2322 2462 λαὸν
2349 2408 2486 2479 ὑπὲρ
2507 2408 2698 2462 ἑαυτοῦ
2715 2410 2796 2472 είς
2829 2406 3176 2477 συναίσθησιν
3202 2405 3491 2478 ἐρχόμενον
3516 2405 3650 2475 πρὸς
3675 2403 3772 2456 τὸν

2200 2500 2332 2553 Θεὸν
2376 2499 2572 2570 λέγειν,
2602 2499 2752 2554 ταῦθ’
2779 2503 2807 2554 ὁ
2847 2500 3130 2572 προφήτης
3172 2500 3252 2561 είς
3298 2499 3534 2569 ἐπήκοον
3586 2496 3769 2550 αὐτῶν

2202 2591 2489 2662 εὐχόμενος
2525 2591 2802 2646 ἐδίδασκεν
2833 2591 3028 2654 αὐτοὺς
3065 2589 3408 2662 ἐρανίζεσθαι
3440 2588 3530 2642 τὸν
3564 2587 3766 2657 εὐσεϐῆ

2202 2682 2324 2737 νοῦν
2345 2699 2358 2714 ·
2384 2684 2470 2738 ἴνα
2497 2683 2592 2737 καὶ
2619 2682 2792 2749 αὐτοὶ,
2821 2681 2921 2736 κᾶν
2951 2682 3079 2750 γοῦν
3113 2681 3478 2753 μιμησάμενοι
3503 2679 3593 2733 τὸν
3625 2695 3769 2748 προ-

2204 2779 2398 2850 φήτην,
2428 2778 2566 2852 ὑπὲρ
2598 2777 2801 2831 ἑαυτῶν
2839 2776 2975 2848 πρὸς
3003 2777 3092 2829 τὸν
3124 2775 3256 2828 Θεὸν
3285 2774 3632 2844 φθέγξωνται.

2273 2891 2559 2963 Προκοπὴν
2591 2890 2828 2954 διανοίας
2849 2930 2863 2955 ,
2910 2890 3002 2943 καὶ
3046 2889 3280 2959 δίδαγμα
3328 2887 3504 2959 ψυχῆς
3562 2885 3774 2956 ἀγαθὸν

548 2982 845 3038 doctrinam
901 2980 1103 3035 indicat
1172 2993 1412 3050 praesens
1465 2975 1581 3032 hzec
1645 2975 1907 3047 precatio.
1965 2970 2097 3025 Nam

2204 2985 2347 3058 δηλοῖ
2397 2986 2431 3057 ή
2489 2985 2819 3057 προκειμένη
2881 2983 3172 3056 προσευχὴ.
3225 2983 3332 3051 Οὐχ
3381 2983 3457 3044 ὡς
3505 2981 3612 3052 γὰρ
3669 2982 3768 3036 τοῦ

549 3078 688 3130 Dcus
711 3089 819 3128 non
853 3087 917 3127 eo
951 3073 1097 3142 quod
1141 3070 1397 3142 procedat
1441 3071 1495 3124 in
1543 3068 1854 3130 sanctitate,
1878 3077 2100 3122 sanctus

550 3174 789 3228 vocatur,
844 3168 937 3220 sed
975 3164 1090 3234 ipse
1123 3162 1215 3232 qui
1263 3168 1516 3233 precatur
1545 3158 1758 3229 proficit
1801 3158 1856 3211 in
1900 3156 2104 3210 sancti-

549 3267 693 3324 tate,
747 3266 800 3314 et
839 3256 1178 3328 maiestatem
1222 3253 1718 3321 sublimitatemque
1760 3249 1856 3304 Dei
1902 3247 2104 3303 intelli-

547 3353 729 3424 gentia
771 3351 1144 3420 consequitur.
1181 3346 1332 3400 Tunc
1361 3345 1507 3399 enim
1551 3341 1851 3413 prmsertim
1881 3348 2104 3396 sanctus

547 3459 672 3499 vere
723 3451 776 3497 et
825 3440 1076 3497 sublimis
1121 3453 1242 3494 esse
1293 3436 1437 3492 Deus
1488 3442 1831 3506 agnoscetur,
1890 3430 2106 3501 quando

547 3535 838 3608 perfectior
869 3534 1080 3588 animus
1119 3529 1406 3602 perspiciet
1430 3525 1576 3597 justa
1606 3541 1728 3581 esse
1761 3531 1957 3579 cuncta
1996 3521 2107 3578 veri

549 3629 645 3683 Dei
674 3625 900 3696 judicia.
929 3624 1058 3690 Quae
1091 3623 1307 3694 quidem
1340 3637 1483 3676 nunc
1509 3620 1574 3674 ad
1604 3617 1926 3681 Jerusalem,
1962 3629 2108 3670 nunc

551 3717 618 3771 ad
659 3731 871 3770 omnem
911 3722 1214 3769 creaturam
1247 3719 1511 3783 spectant.
1543 3709 1740 3764 Pmnas
1769 3708 1913 3763 enim
1947 3707 2109 3760 dabat

555 3807 702 3872 urbs,
731 3823 842 3861 non
880 3814 938 3860 ut
981 3805 1222 3860 funditus
1253 3814 1559 3867 erueretur,
1594 3802 1688 3858 sed
1728 3809 1787 3856 ut
1825 3799 2109 3856 erudiren-

556 3905 666 3960 tur,
707 3902 1259 3966 converterenturque
1291 3894 1479 3949 incolae
1508 3893 1646 3964 ejus.

625 4005 790 4064 Vens.
821 4009 873 4064 9.
906 4008 1080 4065 Locos
1108 4023 1206 4080 pro
1238 4008 1483 4063 locorum
1517 4005 1819 4062 cultoribus
1852 4012 2112 4075 usurpat;

555 4116 720 4156 sensu
752 4101 996 4155 carentia
1039 4100 1094 4154 in
1126 4101 1362 4156 medium
1406 4097 1636 4171 profert,
1667 4107 1722 4154 ut
1774 4114 1939 4154 sensu
1980 4113 2114 4167 pra:-

556 4193 703 4247 ditos
768 4192 979 4262 pudore
1038 4190 1282 4256 alliciat;
1326 4206 1446 4261 qua:
1499 4190 1646 4245 enim
1687 4189 1756 4244 de
1803 4189 2116 4244 hominibus

2202 3077 2335 3130 Θεοῦ
2365 3079 2444 3140 είς
2487 3077 2753 3147 ἁγιασμὸν
2787 3076 3211 3148 προκόπτοντος,
3233 3074 3287 3126 τὸ
3325 3073 3491 3141 ἅγιος
3511 3073 3764 3142 ἐλέγετο,

2202 3167 2313 3221 ἀλλ’
2363 3165 2524 3221 αὑτοῦ
2562 3165 2654 3218 τοῦ
2688 3164 3120 3237 προσευχομένου
3163 3164 3239 3226 εἰς
3263 3163 3519 3232 ἁγιασμὸν
3547 3179 3765 3233 προκε-

2204 3260 2430 3322 κοπότος
2456 3298 2470 3322 ,
2529 3260 2622 3312 καὶ
2685 3259 2745 3312 τὸ
2793 3258 3075 3328 μεγαλεῖον
3111 3257 3204 3310 τοῦ
3241 3257 3370 3310 Θεοῦ
3413 3258 3504 3310 καὶ
3546 3256 3765 3328 ὑψηλὸν

2206 3350 2617 3420 κατειληφότος·
2650 3350 2770 3402 τότε
2817 3349 2924 3421 γὰρ
2965 3350 3198 3421 μάλιστα
3233 3349 3446 3420 ἀληθῶς
3479 3350 3630 3417 ἆγιος
3666 3354 3772 3403 καὶ

2207 3442 2407 3514 ὑψηλὸς
2432 3440 2646 3514 νοηθείη
2698 3437 2833 3494 εἶναι
2875 3440 3023 3504 Θεὸς,
3051 3443 3128 3494 ὅτ’
3166 3441 3232 3495 ἂν
3274 3440 3594 3512 προκύψασα
3621 3441 3776 3512 ψυχὴ

2207 3532 2366 3586 ἐνίδοι
2404 3532 2494 3585 τὸν
2539 3530 2708 3596 ὅντως
2759 3532 2888 3585 ὅντα
2933 3531 3064 3586 Θεὸν
3116 3531 3342 3595 δικαίως
3388 3529 3640 3602 μετιόντα
3673 3534 3779 3595 τὰς

2207 3624 2442 3697 κρίσεις·
2501 3623 2801 3694 τοῦτομὲν
2851 3624 2937 3676 ἐπ’
2986 3623 3157 3693 αὐτῆς
3201 3623 3300 3694 τῆς
3377 3624 3778 3695 Ἰερουσαλὴμ,

2207 3715 2366 3769 τοῦτο
2389 3715 2444 3769 δὲ
2492 3717 2583 3768 ἐπὶ
2615 3715 2720 3769 τῶν
2764 3716 3019 3769 καθόλου·
3053 3715 3366 3769 ἐπαιδεύετο
3393 3716 3499 3786 γὰρ
3547 3719 3580 3787 ή
3617 3717 3780 3781 τῶλις

2207 3809 2307 3860 οὐκ
2349 3811 2428 3871 είς
2476 3808 2710 3878 παντελῆ
2755 3807 3124 3878 ἐξολόθρευσιν
3152 3847 3167 3872 ,
3221 3807 3334 3861 ἀλλ’
3366 3811 3446 3872 είς
3476 3808 3787 3880 θεραπείαν

2211 3898 2305 3951 καὶ
2333 3897 2664 3970 ἐπιστροφὴν
2707 3897 2815 3950 τῶν
2845 3897 3193 3951 ἐνοικούντων
3228 3900 3412 3971 αὐτήν.

2279 4008 2417 4072 Τοὺς
2449 4007 2643 4070 τόπους
2679 4007 2798 4062 ἀντὶ
2848 4006 2954 4060 τῶν
2986 4009 3284 4080 οἰκητόρων
3324 4008 3744 4081 παραλαμϐάνει
3767 4053 3788 4076 ,

2213 4101 2307 4153 καὶ
2356 4099 2422 4153 τὰ
2455 4098 2754 4169 ἀναίσθητα
2801 4100 3058 4170 αἰσχύνην
3083 4101 3192 4154 τῶν
3222 4100 3504 4173 αἰσθητῶν·
3540 4101 3609 4154 τά
3650 4103 3789 4175 γὰρ

2213 4191 2517 4262 ἁρμόζοντα
2557 4193 2643 4244 ἐπ’
2682 4190 2981 4263 ἀνθρώπων
3031 4193 3130 4264 τὴν
3173 4194 3375 4248 ἑαυτῶν
3403 4193 3607 4266 πληγὴν
3634 4211 3795 4250 πεν-

555 4284 809 4338 valebant
859 4291 1061 4340 sortem
1127 4298 1282 4339 suam
1333 4281 1680 4346 dedentibus,
1728 4295 1790 4337 ea
1845 4280 1914 4335 ad
1962 4281 2102 4336 locos

2216 4281 2448 4335 θούντων
2467 4321 2482 4345 ,
2514 4281 2684 4335 ταῦτα
2721 4284 3025 4354 μετήγαγεν
3054 4285 3082 4335 ὁ
3112 4284 3267 4353 λόγος
3310 4288 3397 4340 ἐπ’
3420 4287 3612 4350 αὐτοὺς
3645 4293 3796 4354 τοὺς

558 4375 706 4446 ipsos
756 4375 922 4431 refert
971 4376 1410 4446 ingemiscentes,
1450 4373 1859 4446 propemodum,
1899 4380 1953 4430 et
1989 4387 2114 4443 par-

559 4464 846 4530 turientes,
876 4473 934 4520 ut
961 4469 1036 4521 ait
1074 4465 1406 4536 Apostolus'
1436 4484 1450 4534 ;
1502 4481 1733 4537 quorum
1756 4465 1919 4520 simul
1951 4464 2113 4519 deso-

559 4557 816 4614 lationem
863 4567 1125 4612 memorat
1170 4558 1423 4613 omnibus
1472 4557 1820 4629 perspicuam
1886 4556 2112 4610 manife-

560 4657 807 4720 stamque
836 4650 1092 4705 futuram.

632 4761 796 4818 Vens.
844 4762 928 4817 15.
976 4760 1240 4830 Populum
1281 4762 1618 4833 opprimente
1667 4761 1774 4818 Deo
1820 4778 1918 4832 per
1951 4763 2116 4833 Assy-

563 4855 698 4920 rios,
736 4871 844 4912 non
880 4854 1075 4909 vicinia
1124 4862 1333 4910 tantum
1370 4855 1684 4926 stupcbunt,
1717 4856 1809 4911 sed
1848 4864 1902 4910 et
1927 4857 2017 4926 qui
2051 4857 2117 4911 de

563 4946 720 5016 longe
770 4945 1031 5012 audient;
1102 4946 1508 5002 confundentur
1570 4947 1719 5017 impii
1790 4949 1843 5001 in
1901 4945 2118 5002 Jerusa-

562 5037 686 5093 lem.

634 5219 762 5276 CAP.
793 5217 1032 5283 XXXIV,
1061 5218 1226 5275 Vens.
1263 5220 1350 5286 12,
1381 5221 1464 5276 13.
1491 5220 1802 5292 Rhapsaces
1827 5221 2026 5276 dicitur
2053 5239 2115 5275 ex

566 5310 879 5382 captivitate
918 5311 1088 5367 fuisse
1143 5312 1327 5367 decem
1384 5312 1646 5378 tribuum,
1695 5323 1749 5369 et
1792 5313 1896 5369 hoc
1943 5329 2007 5370 ex
2058 5331 2121 5370 eo

566 5403 966 5472 comprobatur,
1007 5404 1150 5473 quod
1188 5404 1419 5474 potuerit
1448 5403 1669 5462 Judaice
1695 5406 1863 5477 loqui.

640 5563 662 5595 ⁹
679 5560 834 5616 Rom.
875 5578 987 5625 vin,
1029 5562 1117 5615 22.

2215 4375 2409 4438 τόπους
2433 4375 2710 4447 μονονουχὶ
2733 4375 3081 4440 στενάζοντας
3103 4380 3196 4431 καὶ
3227 4379 3608 4444 συνωδίνοντας
3632 4383 3802 4434 κατὰ

2216 4467 2305 4520 τὸν
2345 4467 2664 4520 Ἀποστόλου
2692 4467 2847 4537 λόγον
2865 4483 2878 4497 ·
2901 4461 2974 4520 ὧν
2999 4469 3094 4540 τὴν
3115 4471 3386 4540 ἐρήμωσιν
3415 4471 3658 4539 φανερὰν
3691 4476 3800 4528 καὶ

2217 4556 2436 4627 ἔκδηλον
2469 4560 2581 4622 τοῖς
2615 4559 2745 4611 πᾶσι
2782 4556 2995 4629 μηνύει.

2300 4760 2422 4813 Ἐπὶ
2471 4762 2534 4830 τῇ
2588 4759 2855 4833 μελλούσῃ
2889 4759 3037 4831 παρά
3090 4759 3182 4813 τοῦ
3238 4761 3372 4814 Θεοῦ
3399 4763 3582 4836 πληγῇ
3627 4770 3806 4840 παρρ

2221 4851 2329 4905 τῶν
2384 4852 2679 4924 Ἀσσυρίων
2734 4852 3133 4924 ἐπαχθήσεσθαι
3209 4855 3268 4907 οὐ
3331 4855 3486 4926 μόνον
3537 4860 3587 4910 οἱ
3655 4863 3813 4932 σπλη-

2226 4946 2337 5000 σίον
2387 4944 2556 5017 χῶροι
2603 4945 3065 5018 ἐκπλαγήσονται,
3114 4949 3449 5003 ἀλλὰκαἱοὶ
3497 4951 3814 5024 πόρρωθεν

2226 5035 2557 5098 ἀκούσαντες
2576 5051 2589 5064 ·
2645 5036 2695 5087 oi
2723 5036 2823 5107 τῆς
2861 5038 3212 5111 Ἰερουσαλήμ
3243 5040 3456 5103 ἀσεϐεῖς
3489 5045 3814 5118 αἰσχυνθή-

2227 5145 2424 5181 σονται.

2309 5220 2365 5272 Ὀ
2409 5217 2684 5289 Ῥαψάκης
2731 5218 2943 5289 λέγεται
3001 5223 3064 5275 ἐκ
3095 5222 3190 5293 τῆς
3233 5223 3610 5295 αἰχμαλωσίας
3661 5225 3813 5283 εἶναι

2228 5309 2336 5364 τῶν
2362 5309 2491 5363 δέκα
2541 5309 2742 5380 φυλῶν,
2795 5313 2890 5365 καὶ
2931 5310 3090 5367 τοῦτο
3130 5315 3423 5387 τεκμήριον
3456 5311 3602 5374 εἶναι
3627 5321 3700 5376 τὸ
3729 5327 3813 5378 εἰσ

2229 5405 2374 5460 δέναι
2412 5403 2573 5457 αὐτὸν
2617 5403 2915 5458 Ἰουδαῖστί.
