3984 6212
247 370 386 425 έδΞθ

1699 365 1762 420 IN
1803 327 2050 420 ISAIAM.

3319 344 3337 396 ί
3347 343 3477 395 δῖ’)ὒέ.

313 485 672 554 Σημειωτεον,
704 483 778 546 ὡς
808 485 866 537 ἐν
899 485 963 554 τῇ
1018 481 1348 554 προκειμένῃ
1394 481 1602 553 ἱστορίᾳ
1626 480 1714 547 ίέν
1742 485 1807 552 τῇ

1975 478 2104 532 CAP.
2139 470 2424 535 XXXVIII,
2460 469 2624 523 Vens.
2661 468 2711 530 Ι,
2749 466 2803 520 2.
2856 460 3152 516 Notandum
3186 468 3269 513 est
3309 467 3369 512 ut
3400 460 3454 511 in

247 576 415 646 βίϐλῳ
457 575 564 628 τῶν
627 575 1112 647 Παραλειπομένων
1155 575 1447 646 ,δεδήλωται
1480 612 1495 627 .
1527 613 1540 627 .
1568 613 1582 626 .
1610 574 1799 645 ἀρθέν-

242 685 338 730 τος
365 667 457 721 καὶ
487 667 878 738 ὑψηλαυχενίαν
923 669 1245 738 νοσήσαντος
1271 681 1284 694 ⁸
1336 667 1639 738 γέγραπται
1662 667 1798 738 γάρ·

251 775 269 808 ι
323 756 685 827 Ἐταπεινώθη
727 757 972 820 Ἐζεκίας
1021 757 1140 810 ’ἀπὸ
1196 757 1290 809 τοῦ
1319 757 1483 826 ὕψους
1522 758 1621 828 τῆς
1670 775 1805 826 καρ-

247 843 365 908 δίας
389 844 623 898 αὐτοῦ...
647 863 664 896 ι
686 845 810 898 νοῦν
824 845 1095 909 λαϐόντος·
1125 847 1208 900 ὅτι
1233 846 1296 918 δὴ
1318 847 1518 911 ἐκεῖνός
1547 850 1681 900 ἐστι’
1713 848 1805 901 καὶ

249 939 327 1000 είς
370 937 556 989 ἑαυτὸν
609 936 677 989 τά
710 978 759 992 ..
786 977 798 990 .
857 936 1114 1005 ἀγγελίας
1152 937 1534 1008 πέριστήσεται
1579 939 1676 1000 τὰς
1727 939 1805 1000 είς

248 1031 339 1083 τὸν
367 1028 588 1098 Σωτῆρα
615 1027 772 1099 ήμῶν
816 1028 1014 1100 προλεχ
1053 1026 1284 1098 [θείσας]
1307 1045 1321 1060 ·
1369 1028 1462 1082 τοῦ
1493 1027 1602 1098 γὰρ
1634 1029 1807 1097 Ἀχαζ

251 1117 454 1187 πατρὸς
479 1115 640 1170 αὐτοῦ
665 1116 1037 1186 διαδεξαμένου
1059 1116 1153 1188 τὴν
1175 1117 1524 1188 προφητείαν,
1538 1117 1618 1182 τὸ,
1638 1137 1656 1168 ί
1679 1119 1806 1172 Ἰδοὺ

251 1213 284 1280 ή
312 1207 577 1278 παρθένος
608 1209 664 1260 ἐν
691 1209 887 1279 γαστρὶ
910 1207 1168 1279 λήψεται,
1220 1209 1315 1261 καὶ
1358 1208 1569 1274 τέξεται
1599 1209 1743 1261 υἱόν·
1785 1227 1803 1260 ι

249 1297 528 1369 τεχθέντος
566 1297 622 1350 δὲ
655 1298 840 1352 τούτου
879 1298 1016 1370 μετὰ
1068 1299 1168 1370 τὴν
1224 1300 1555 1371 προφητείαν
1581 1339 1594 1363 ,
1652 1300 1811 1371 ἔμενε

250 1389 394 1442 τοῦτ’
425 1388 559 1458 έχων
585 1389 723 1442 κατὰ
747 1389 980 1444 διάνοιαν
1019 1393 1102 1460 ἐφ’
1131 1390 1320 1444 ἑαυτοῦ
1349 1431 1362 1454 ,
1423 1392 1558 1462 μήτε
1616 1391 1812 1472 γάμοις

248 1477 457 1549 ὁμιλῶν
505 1479 598 1532 καὶ
646 1479 942 1551 παρθενίαν
991 1480 1173 1534 ἀσκῶν
1199 1499 1211 1512 ο
1270 1481 1345 1545 ὡς
1383 1481 1445 1553 δὴ
1485 1483 1578 1534 καὶ
1623 1482 1682 1535 τὸ
1712 1499 1812 1552 σηο

257 1571 408 1640 μεῖον
436 1568 535 1638 τῆς
572 1568 830 1633 πτώσεως
856 1571 962 1623 τῶν
993 1577 1106 1642 ρπε¹
1141 1571 1390 1642 χιλιάδων
1416 1572 1677 1641 ἐγεγόνει,
1717 1572 1814 1644 τὴν

254 1659 450 1712 ἐαυτοῦ
481 1660 805 1731 κηδεμονίαν
845 1662 1286 1735 ἐπιδεικνυμένου
1314 1663 1408 1717 τοῦ
1452 1663 1585 1718 Θεοῦ
1607 1703 1622 1726 ,
1657 1662 1814 1734 ἔμενέ

252 1765 313 1800 τε
350 1747 709 1819 ἀπολέμητος,
754 1751 1122 1821 τροπουμένου
1173 1752 1265 1806 τοῦ
1318 1752 1452 1807 Θεοῦ
1484 1754 1612 1817 τοῦς
1659 1755 1815 1806 ἐναν-

1902 569 2001 623 hac
2043 568 2268 622 historia
2320 577 2438 635 quae
2487 560 2627 615 libro
2671 555 3116 625 Paralipomenon
3164 550 3212 581 ¹⁶
3259 565 3458 604 narra.-

1903 669 1993 716 tur
2035 660 2178 731 (5)...
2220 655 2566 727 superbiente
2609 657 2663 705 et
2706 645 3030 702 insolentius
3075 656 3134 698 se
3179 640 3454 696 eﬂ'erente.

1906 730 2179 821 Scriptum
2227 755 2310 802 est
2352 746 2496 800 enim
2524 761 2538 796 :
2570 761 2589 792 ι
2627 737 2957 793 Humiliatus
3001 741 3087 788 est
3135 730 3358 784 Ezecias
3393 731 3462 784 ab

1905 843 2189 898 altitudine
2232 838 2411 894 cordis
2455 836 2540 890 sui
2595 835 2705 887 ³¹...
2754 850 2772 883 ι
2822 829 3095 900 cogitante
3147 842 3162 878 :
3205 838 3264 878 se
3306 822 3460 875 Chri-

1906 945 2048 992 stum
2082 949 2223 996 esse,
2266 931 2334 984 ad
2373 929 2550 998 ipsum
2587 931 2833 996 spectare
2875 917 3132 973 vaticinia
3162 914 3229 969 de
3273 913 3463 967 Salva-

1907 1036 2030 1082 tore
2058 1025 2286 1095 prolata.
2325 1020 2461 1076 Cum
2500 1017 2644 1074 enim
2675 1024 2830 1086 pater
2857 1011 2976 1082 ejus
3018 1008 3206 1063 Achar.
3232 1003 3463 1076 prophe-

1907 1117 2036 1170 tiam
2062 1094 2208 1168 illam
2239 1110 2503 1166 audiisset
2536 1127 2548 1162 :
2589 1123 2608 1160 ι
2652 1105 2794 1159 Ecce
2822 1102 2973 1172 virgo
3015 1100 3070 1155 in
3100 1106 3253 1152 utero
3281 1094 3466 1150 conci-

1910 1207 2022 1277 piet
2063 1215 2116 1261 et
2149 1203 2320 1274 pariet
2349 1199 2600 1265 filium“,
2639 1216 2658 1250 ι
2707 1202 2869 1251 natus
2904 1191 3128 1247 Ezecias
3176 1195 3299 1258 post
3343 1199 3462 1240 eam

1910 1298 2249 1370 prophetiam
2295 1279 2568 1363 innuptas
2601 1287 2864 1345 remansit
2893 1293 2948 1341 et
2974 1281 3271 1354 virginitati
3315 1277 3468 1334 dedi-

1913 1403 2023 1458 tus,
2056 1390 2200 1463 quod
2232 1391 2388 1444 istam
2419 1387 2487 1442 de
2535 1384 2829 1454 semetipso
2854 1379 3208 1452 profitebatur
3249 1381 3472 1429 senten-

1913 1487 2064 1541 tiam.
2104 1482 2206 1538 Ubi
2257 1491 2438 1536 autem
2479 1478 2694 1548 signum
2733 1473 2966 1544 accepit,
3006 1469 3214 1525 cladem
3250 1474 3468 1520 centum

1914 1575 2188 1644 octoginta
2235 1572 2477 1643 quinque
2524 1568 2754 1622 millium
2781 1565 2847 1631 ¹³,
2903 1563 3012 1618 Deo
3055 1561 3230 1630 ipsius
3283 1555 3470 1611 curam

1915 1672 2154 1737 gerente,
2180 1674 2234 1718 et
2263 1661 2454 1717 bellica
2486 1658 2729 1729 pericula
2764 1655 3018 1710 facillime
3045 1652 3253 1721 eflugit,
3285 1649 3472 1703 hostes

1920 1758 2139 1829 fugante
2196 1755 2326 1818 Deo,
2369 1749 2741 1807 confirmatior
2781 1747 2942 1803 etiam
2998 1746 3052 1798 in
3100 1758 3161 1798 ea
3207 1739 3471 1797 sententia

254 1839 426 1904 τίους,
469 1841 666 1912 μᾶλλον
691 1843 759 1897 τά
786 1843 887 1913 τῆς
920 1843 1171 1908 ὑπονοίας
1208 1846 1403 1918 ἐκύρου
1448 1846 1576 1918 παρ’
1603 1845 1780 1916 ἐαυτῷ
1799 1886 1814 1910 ,

1925 1849 2095 1904 factus
2150 1855 2253 1910 est,
2311 1860 2370 1900 se
2422 1848 2795 1912 exspectatum
2867 1838 3017 1892 illum
3079 1851 3200 1891 esse
3279 1833 3467 1888 Deum.

254 1932 334 1994 ώς
365 1933 430 1986 ἂν
467 1934 670 1998 ἐκεῖνος
697 1933 773 1986 ὢν
805 1936 833 1988 6
863 1935 1307 2008 προσδοκώμενος
1331 1937 1463 2000 Θεός
1482 1953 1495 1966 ·
1544 1937 1722 1991 τοίνυν
1760 1937 1820 2002 ἐξ

255 2016 332 2077 ῶν
359 2024 464 2078 ἔδει
497 2025 747 2095 μάλιστα,
794 2029 1139 2099 ἐπανήγαγεν
1177 2029 1338 2084 αὑτὸν
1385 2031 1464 2092 είς
1491 2028 1670 2100 νῆψιν,
1726 2032 1820 2084 καὶ

257 2117 372 2179 τοῖς
397 2116 495 2186 τῆς
518 2116 730 2186 φύσεως
760 2111 1157 2191 συμπτώμασιν
1196 2122 1461 2193 ἐκέχρητο
1493 2122 1611 2176 κατ’
1656 2122 1819 2177 αὑτοῦ

261 2211 343 2272 εἰς
376 2210 779 2282 σωφρονισμόν·
815 2211 1215 2283 μαλακισθῆναι
1241 2213 1348 2284 γὰρ
1377 2213 1538 2266 αὐτὸν
1591 2211 1822 2283 συνεχώ-

262 2319 370 2371 ρει,
400 2304 493 2355 καὶ
538 2302 628 2356 τὸν
668 2303 800 2356 πόδα
827 2304 1116 2374 ὑπομένειν
1157 2304 1325 2374 σῆψιν
1369 2305 1463 2358 καὶ
1497 2303 1675 2376 λώϐην
1725 2306 1822 2358 αὺ-

259 2396 353 2449 τὸν
389 2395 724 2467 ἐκδέχεσθαι.
765 2398 821 2451 ’0
853 2397 1027 2451 τοίνυν
1080 2399 1366 2470 μακάριος,
1403 2401 1483 2462 είς
1529 2399 1684 2452 νόσον
1725 2397 1823 2470 τὴν

261 2488 649 2559 προλεχθεῖσαν
679 2489 1058 2561 καταστρέψας
1077 2530 1092 2554 ,
1127 2490 1342 2561 ἐδέχετο
1362 2490 1450 2544 διά
1473 2488 1564 2544 τοῦ
1611 2493 1823 2562 προφή-

260 2595 358 2631 του
404 2579 626 2631 Ἦσαῖου
655 2578 957 2650 πρόρρησιν
1007 2579 1134 2650 περὶ
1159 2577 1256 2630 τοῦ
1288 2576 1695 2647 καταλήψεσθαι
1724 2578 1824 2631 αὑ-

263 2670 356 2725 τὸν
400 2669 686 2740 μέλλοντος
709 2669 941 2724 θανάτου
967 2685 984 2702 ο
1011 2671 1102 2723 καὶ
1132 2672 1212 2734 είς
1249 2670 1593 2741 συναίσθησιν
1633 2669 1822 2734 ἐλθὼν,

263 2760 360 2814 καὶ
399 2759 488 2812 διὰ
519 2757 626 2812 τῶν
662 2758 849 2813 παθῶν
880 2759 960 2822 είς
1002 2758 1327 2827 κατανόησιν
1367 2757 1468 2826 τῆς
1495 2755 1688 2810 ἐαυτοῦ
1724 2755 1824 2826 φύ-

266 2869 404 2915 σεως
459 2851 720 2921 ἐναχθεὶς,
756 2869 774 2902 ι
815 2849 1071 2914 Διάταξαι
1120 2850 1248 2920 περὶ
1299 2847 1392 2902 τοῦ
1425 2847 1576 2902 οἴκου
1637 2864 1770 2912 σου,
1802 2865 1820 2897 ι

264 2944 518 3013 ήκουσεν,
553 2943 627 3006 ώς
670 2943 744 3012 μὴ
765 2941 978 3011 ἔχοντος
1015 2939 1107 2994 τὸν
1141 2939 1510 3010 διαδεξόμενον
1545 2939 1642 3009 τὴν
1674 2937 1827 3007 βασι-

264 3034 450 3100 λείαν,
490 3035 580 3088 ἐπὶ
611 3033 671 3086 τὸ
715 3035 1002 3105 φάρμακον
1060 3034 1160 3104 τῆς
1219 3033 1506 3103 μετανοίας
1548 3030 1824 3102 ἐτρέπετο.

1918 1937 2216 2010 Aptissima
2264 1935 2431 2005 igitur
2467 1931 2680 1985 ratione
2732 1940 2998 1983 revocans
3043 1939 3166 1980 eum
3211 1921 3352 1977 Deus
3403 1918 3472 1972 ad

1917 2029 2152 2091 saniora,
2187 2025 2377 2080 morbo
2445 2038 2578 2078 usus
2640 2027 2744 2082 est,
2818 2032 2926 2088 quo
2979 2031 3104 2070 eum
3152 2011 3472 2083 sapientiam

1919 2118 2137 2174 doceret
2178 2122 2482 2186 :aagrotare
2532 2127 2652 2167 eum
2691 2125 2886 2181 passus
2920 2115 3024 2171 est,
3054 2113 3108 2161 et
3157 2103 3320 2175 pedes
3376 2117 3478 2172 pu-

1920 2211 2126 2268 tredine
2151 2209 2354 2272 vitiari,
2391 2215 2444 2261 et
2469 2204 2696 2272 summis
2725 2201 2870 2256 aftlci
2898 2197 3253 2254 cruciatibus.
3281 2195 3484 2248 Beatus

1920 2301 2082 2371 igitur
2128 2298 2345 2353 Ezecias
2387 2311 2508 2351 cum
2548 2293 2807 2365 praedicto
2852 2290 3044 2344 morbo
3087 2287 3394 2346 laboraret,
3445 2296 3484 2335 α

1924 2378 2183 2463 prepheta
2215 2389 2352 2446 Isaia
2393 2387 2632 2444 monitus
2675 2393 2758 2439 est
2789 2381 2855 2436 de
2897 2378 3194 2434 imminenti
3232 2376 3340 2445 jam
3373 2373 3478 2428 sibi

1923 2491 2096 2538 morte
2121 2501 2135 2549 ;
2177 2489 2305 2536 tunc
2329 2481 2413 2536 sui
2445 2479 2700 2535 conscius
2730 2476 2931 2535 factus,
2966 2477 3020 2526 et
3049 2485 3147 2541 per
3177 2468 3392 2523 dolores
3413 2464 3486 2519 de

1923 2585 2114 2631 natura
2147 2587 2243 2629 sua
2287 2572 2534 2637 edoctus,
2583 2567 2768 2623 domui
2811 2580 2922 2622 suae
2964 2561 3250 2619 consulere
3288 2559 3488 2628 jussus

1923 2671 2028 2728 est,
2059 2670 2112 2719 et
2142 2662 2424 2718 deﬁciente
2460 2659 2552 2730 qui
2582 2671 2807 2728 regnum
2851 2654 3174 2724 susciperet,
3201 2649 3266 2704 ad
3306 2661 3484 2702 reme-

1923 2755 2072 2810 dium
2107 2753 2433 2824 paeniteutize
2460 2749 2724 2820 confugit.
2747 2745 2880 2800 Nam
2904 2741 3200 2814 repudiatis
3231 2739 3490 2795 sensibus,

1924 2846 1991 2901 de
2018 2845 2389 2915 praastantiore
2408 2850 2602 2897 natura
2628 2849 2680 2896 et
2701 2839 2848 2894 velut
2865 2837 3012 2891 aditu
3033 2833 3099 2889 ad
3122 2847 3181 2888 se
3198 2831 3482 2893 obstricto,

1924 2953 2184 2994 conversa
2228 2937 2364 2991 facie
2414 2935 2481 2990 ad
2531 2933 2823 3004 parietem,
2861 2931 3042 2985 locum
3103 2925 3248 2980 dedit
3303 2925 3487 2977 animo

1928 3031 2212 3086 Dominum
2283 3043 2440 3085 suum
2484 3025 2760 3097 rogandi,
2810 3030 2865 3079 et
2913 3018 3194 3078 obtinendi
3241 3015 3486 3086 corporis

265 3126 619 3223 Περιστείλας
660 3126 767 3198 γὰρ
801 3125 898 3189 τάς
925 3123 1117 3178 ἐαυτοῦ
1172 3125 1453 3197 αἰσθήσεις
1491 3122 1599 3176 τῶν
1643 3139 1824 3193 περιτ-

1929 3122 2234 3177 sanitatem.

265 3216 377 3270 τῶν
411 3218 738 3287 φαντασιῶν,
791 3218 887 3271 καὶ
911 3218 1099 3288 ὥσπερ
1133 3216 1466 3287 είσοικισμδν
1510 3213 1701 3267 ἑαυτοῦ
1741 3231 1830 3266 καο

265 3313 577 3376 τακλείσας,
613 3313 845 3383 στρέψας
867 3329 924 3365 τε
961 3313 1022 3364 τὸ
1067 3311 1353 3382 πρόσωπον
1386 3309 1479 3361 ἐπὶ
1513 3308 1602 3360 τὸν
1634 3309 1830 3376 τοῖχον,

269 3404 460 3473 καιρὸν
490 3403 657 3456 ἐδίδου
690 3404 754 3471 τῇ
789 3400 980 3454 ἐαυτοῦ
1010 3401 1153 3470 ψυχῇ
1196 3400 1582 3470 ἐπανατρέχειν
1617 3398 1707 3451 ἐπὶ
1741 3396 1834 3450 τὸν

271 3495 471 3563 ἐαυτῆς
514 3492 818 3562 Δεσπότην,
872 3491 967 3544 καὶ
1021 3490 1108 3543 διά
1148 3490 1454 3560 προσευχῆς
1498 3488 1834 3558 καρποῦσθαι

269 3584 372 3654 τὴν
426 3583 518 3637 τοῦ
559 3582 809 3654 σώματος
839 3583 981 3636 ἴασιν
1013 3598 1027 3612 ο
1077 3580 1234 3634 τοῦτο
1274 3582 1394 3634 ἀντὶ
1438 3581 1835 3651 δυσωπήματος

271 3676 588 3746 προσάγων,
621 3676 700 3728 ὅτι
745 3675 833 3727 Ἐν
861 3672 1089 3745 ἀφελείᾳ
1115 3672 1288 3744 ψυχῆς
1320 3673 1413 3725 καὶ
1453 3671 1677 3743 ἀληθινῇ
1705 3688 1836 3743 καρ-

270 3763 364 3836 δίᾳ
412 3767 752 3836 πεπόρευμαι
794 3762 1022 3818 ἐνώπιόν
1078 3780 1191 3817 σου.
1225 3762 1454 3830 Λέγεται
1502 3763 1594 3816 καὶ
1640 3763 1697 3815 ἐν
1725 3765 1836 3825 τοῖς

271 3856 460 3920 τόποις
483 3859 575 3911 καὶ
611 3858 795 3932 ἕτερόν
820 3875 890 3916 τι,
919 3858 998 3910 ὅτι
1025 3897 1040 3921 ,
1079 3856 1172 3910 τοῦ
1205 3856 1544 3927 Σολομῶντος
1578 3856 1838 3927 βασιλέως

273 3948 334 4001 ἐν
391 3947 557 4022 στήλῃ
601 3949 969 4020 ἐγγράψαντος
1019 3948 1086 4002 τὰ
1136 3946 1338 4018 φυσικά
1395 3947 1504 4000 τῶν
1541 3945 1838 4018 θεραπειῶν

272 4039 370 4093 τοῦ
400 4040 666 4112 σώματος,
720 4041 815 4095 καὶ
867 4041 1068 4112 ταύτην
1105 4042 1520 4113 ἀναστήσαντος,
1580 4041 1609 4092 6
1663 4040 1838 4111 μακά-

279 4144 396 4196 ριος
432 4127 696 4194 Ἐζεκίας,
746 4127 1020 4192 καθελὼν,
1068 4130 1154 4182 ἵνα
1215 4129 1288 4201 μὴ
1334 4130 1362 4182 6
1407 4129 1532 4194 λαὸς
1585 4129 1838 4200 ἀσχολίαν

274 4215 378 4290 ἔχῃ
427 4217 520 4271 τοῦ
557 4218 886 4288 ἀφίστασθαι
934 4217 1026 4271 τοῦ
1063 4217 1196 4271 Θεοῦ
1221 4258 1235 4281 ,
1273 4219 1330 4272 ἐν
1375 4219 1452 4289 τῷ
1488 4217 1678 4272 ἑαυτοῦ
1709 4219 1840 4289 οίκῳ

274 4312 358 4371 είς
419 4312 509 4364 τὸν
548 4315 720 4382 τοῖχον
763 4311 1035 4383 ἐντίθησι·
1094 4312 1308 4380 λέγεται
1341 4307 1454 4378 οὖν,
1501 4314 1558 4365 ἐν
1599 4311 1677 4383 τῷ
1708 4313 1840 4366 ἀπο-

276 4402 509 4473 στρέψαι
539 4404 698 4457 αὐτὸν
746 4404 879 4474 πρὸς
919 4404 1009 4457 τὸν
1035 4405 1232 4474 τοῖχον,
1281 4405 1400 4457 ἀντὶ
1446 4404 1838 4474 δυσωπήματος

2007 3212 2169 3266 Vsns.
2199 3212 2253 3266 ‘5.
2277 3209 2361 3262 Nil
2401 3208 2545 3261 aliud
2579 3207 2644 3260 ad
2685 3203 3008 3276 placandum
3043 3201 3207 3255 Deum
3237 3196 3486 3270 protulit,

1935 3303 2039 3358 nisi
2072 3319 2084 3354 :
2114 3300 2173 3354 In
2201 3299 2546 3368 simplicitate
2575 3298 2739 3350 animi
2773 3304 2825 3348 et
2855 3294 2910 3346 in
2944 3291 3106 3345 corde
3140 3305 3270 3343 vero
3293 3288 3489 3342 ambu-

1934 3393 2038 3447 lavi
2073 3404 2256 3446 coram
2290 3397 2364 3443 te.
2405 3385 2624 3457 Legitur
2649 3386 2812 3440 etiam
2853 3391 2907 3437 et
2935 3379 3101 3443 aliud,
3143 3369 3491 3445 inscripsisso

1935 3485 2141 3542 scilicet
2206 3481 2549 3536 Salomonem
2603 3491 2784 3548 regem
2829 3475 2886 3529 in
2939 3473 3196 3527 columna
3250 3466 3492 3524 remedia

1935 3579 2132 3650 quibus
2175 3575 2379 3631 sanitas
2419 3574 2661 3642 corporis
2708 3567 3109 3626 restitueretur,
3147 3571 3200 3618 et
3229 3576 3349 3618 eam
3391 3574 3490 3614 ex-

1938 3649 2239 3736 struxisse;
2281 3665 2526 3722 eamdem
2585 3676 2714 3718 vero
2774 3665 2962 3730 postea
3005 3671 3036 3709 a
3089 3654 3246 3710 beato
3299 3649 3492 3705 Ezecia

1940 3762 2106 3817 fuisse
2153 3759 2408 3821 ablatam,
2455 3771 2522 3811 ne
2567 3753 2797 3826 populus
2839 3737 3033 3806 exinde
3082 3759 3303 3801 causam
3361 3740 3494 3796 defl-

1939 3852 2114 3909 ciendi
2142 3867 2172 3905 a
2198 3850 2308 3906 Deo
2331 3856 2570 3919 caperet,
2605 3854 2658 3900 et
2690 3845 2744 3898 in
2776 3843 2946 3912 ipsius
2965 3841 3125 3895 domo
3154 3838 3207 3891 in
3231 3834 3493 3906 parietem

1939 3946 2334 4008 constitutam;
2385 3955 2508 3995 cum
2551 3938 2716 4010 igitur
2745 3935 2936 3990 faciem
2974 3931 3041 3987 ad
3072 3930 3331 4002 parietem
3360 3940 3495 3980 con-

1937 4043 2194 4101 verteret,
2217 4033 2283 4088 ad
2311 4030 2632 4102 placandum
2664 4027 2829 4082 Deum
2860 4026 3127 4080 columna:
3179 4016 3494 4074 memoriam

1940 4141 2218 4183 revocare.
2243 4126 2394 4180 visus
2436 4131 2540 4179 est.
2581 4121 2732 4176 Hanc
2779 4132 2993 4174 summo
3020 4130 3142 4170 cum
3182 4111 3363 4168 studio
3393 4125 3494 4162 au-

1943 4216 2219 4272 ferendam
2249 4214 2436 4270 curavi
2464 4229 2533 4268 ne
2560 4220 2768 4283 pateret
2794 4208 2994 4281 popqu
3031 4207 3120 4260 via
3149 4205 3215 4258 ad
3250 4201 3498 4272 impieta-
3577 4191 3598 4216 '

1941 4321 2068 4366 tem.
2131 4306 2438 4362 Notandum
2497 4319 2713 4376 quoque
2758 4304 2846 4358 hic
2900 4316 3006 4356 una
3049 4313 3185 4354 voce
3230 4292 3498 4350 lIebraica

1944 4400 2206 4471 parietem
2253 4404 2309 4453 et
2359 4397 2670 4452 columnam
2731 4395 2860 4449 dici.
2915 4393 3123 4448 Idcirco
3170 4387 3372 4459 optime
3422 4385 3499 4439 ita

275 4493 496 4564 ἐκείνην
524 4493 916 4564 προϐάλλεσθαι
937 4493 1034 4565 τὴν
1075 4493 1275 4564 στήλην
1296 4510 1308 4524 ·
1344 4495 1463 4547 Ὀτι
1497 4493 1560 4564 δὴ
1611 4491 1824 4562 σπουδὴι

1947 4507 2140 4548 sonare
2177 4497 2356 4561 potest
2400 4490 2687 4545 conversio
2717 4487 2926 4543 Ezeciae
2964 4485 3031 4539 ad
3075 4482 3356 4554 parietem.
3388 4474 3500 4530 Nec

275 4583 482 4656 ἐθεμην
530 4584 734 4656 ταύτην
766 4585 1079 4648 ἀνελέσθαι,
1131 4586 1266 4655 πρὸς
1309 4586 1370 4638 τὸ
1409 4585 1482 4656 μὴ
1541 4581 1677 4638 εἶναι
1747 4588 1845 4655 ἐμ-

1950 4585 2092 4640 facta
2114 4591 2199 4640 est
2235 4585 2352 4640 sine
2383 4583 2638 4654 Iacrymis
2666 4579 2977 4650 deprecatio
3012 4574 3155 4645 ejus,
3179 4572 3273 4651 sed
3306 4581 3500 4638 magna

277 4677 464 4731 πόδιον
508 4678 586 4748 τῷ
641 4677 751 4747 λαῷ
790 4677 885 4730 τοῦ
915 4680 996 4742 εἰς
1028 4677 1126 4749 τὴν
1170 4677 1476 4730 θεοσέϐειαν
1510 4678 1682 4730 τόνου.
1737 4677 1824 4730 κα

1950 4680 2250 4748 ploratione
2278 4677 2528 4747 ploravit.

275 4768 442 4822 τοῦτο
500 4768 556 4821 δὲ
586 4771 874 4838 ἀναγκαῖον
933 4769 1286 4841 μνημονεύειν
1312 4809 1327 4834 ,
1364 4768 1440 4832 ὡς
1479 4770 1654 4838 τοῖχος
1699 4769 1793 4822 καὶ
1831 4769 1994 4841 στήλη
2027 4773 2092 4840 τῇ
2146 4770 2282 4841 αὐτῇ
2319 4771 2468 4840 φωνῇ
2515 4767 2614 4837 τῆς
2652 4762 2925 4835 Ἐὄραῒδος
2961 4759 3208 4811 λέλεκται
3235 4770 3248 4784 ⁸
3314 4750 3502 4817 διόπερ

282 4862 520 4928 μάλιστα
549 4863 643 4916 καὶ
675 4865 754 4927 είς
815 4839 972 4915 τοῦτο
1021 4839 1322 4931 ἐξελήφθη,
1362 4862 1396 4930 ἢ
1459 4862 1539 4924 είς
1597 4860 1687 4913 τὸν
1721 4839 2106 4928 τοῖχονγαῦτοῦ
2145 4839 2458 4930 ἀποστροφή
2485 4874 2498 4888 ·
2537 4857 2636 4927 τὴν
2679 4853 2734 4907 δὲ
2785 4849 3088 4923 προσευχὴν
3137 4844 3368 4898 ἐποιεῖτο
3401 4839 3500 4892 οὐκ

280 4952 415 5007 ἄνευ
469 4954 735 5026 δακρύων,
784 4953 916 5007 ἀλλά
956 4953 1050 5005 καὶ
1079 4951 1288 5006 πολλῶν
1313 4951 1535 5005 τούτων.

356 5045 529 5116 ’Υψος
561 5047 778 5118 ἡμερῶν
830 5045 977 5114 λέγει
1022 5045 1120 5114 τὴν
1147 5044 1504 5116 ἐγγενομένην
1547 5046 1615 5115 τῇ
1641 5044 1846 5113 διανοίᾳ

283 5137 453 5190 αὑτοῦ
486 5137 897 5208 ὑψηλαυχενίαν,
954 5139 1042 5207 ὑφ’
1094 5133 1161 5208 ἧς
1207 5137 1587 5208 συνεχόμενος,
1624 5136 1846 5207 ἔμελλον

280 5224 384 5296 τὴν
407 5229 640 5298 ἐμαυτοῦ
667 5228 808 5300 ζωὴν
829 5229 1239 5301 ὑποτέμνεσθαι·
1268 5229 1436 5284 ταῦτα
1455 5229 1846 5299 διανοούμενος,

281 5315 407 5370 οὐδέ
438 5319 545 5391 γὰρ
582 5321 639 5373 ἐν
687 5323 756 5391 γῇ
796 5319 1011 5384 ζώντων
1059 5321 1282 5393 ἤλπιζον
1327 5321 1548 5392 ὄψεσθαι
1578 5319 1640 5374 τὸ
1672 5322 1848 5390 σωτή⁴

287 5421 404 5474 ριον
450 5408 543 5462 τοῦ
589 5411 722 5464 Θεοῦ
749 5451 764 5473 ,
814 5411 1084 5481 ἐλεγχθεὶς
1127 5413 1217 5464 ἐπὶ
1251 5415 1312 5481 τῇ
1366 5412 1739 5481 καταλαϐούσῃ
1767 5411 1849 5480 ’με

361 5569 402 5599 ¹⁹
428 5567 468 5622 II
499 5567 732 5638 Paralip.
763 5585 933 5636 xxxii,
963 5567 1033 5623 25
1065 5585 1184 5640 sqq.
1266 5571 1304 5601 ”
1329 5570 1457 5627 ibid.
1483 5571 1573 5628 26.

359 5722 436 5787 (5)
495 5722 724 5779 Lacuna:
760 5724 948 5780 breves
972 5725 1025 5779 in
1049 5724 1251 5780 codice.
1277 5755 1288 5766 -

1655 5573 1695 5601 "
1719 5571 1818 5626 Isa.
1852 5585 1947 5623 vn.
1987 5569 2068 5622 Ili.

2022 5038 2186 5094 Vens.
2223 5039 2410 5093 10-12.
2457 5035 2742 5090 Excelsum
2768 5031 2977 5087 dierum
3017 5034 3173 5082 vocat
3196 5022 3504 5094 superbiam

1951 5149 2056 5205 qua
2109 5148 2264 5188 mens
2310 5131 2432 5200 ejus
2482 5127 2826 5191 efferebatur,
2867 5137 2975 5193 qua
3017 5120 3234 5174 inflatus
3276 5125 3506 5170 mortem

1951 5226 2056 5282 sibi
2099 5231 2491 5295 promeruerat.
2518 5220 2644 5276 Haec
2673 5233 2856 5275 secum
2882 5214 3153 5285 reputavit
3191 5232 3202 5263 :
3237 5211 3347 5280 jam
3396 5222 3506 5261 non

1952 5318 2084 5372 mihi
2122 5333 2247 5388 spes
2272 5317 2508 5372 salutare
2542 5312 2637 5368 Dei
2693 5312 2747 5365 in
2776 5319 2918 5365 terra
2945 5305 3236 5374 viventium
3265 5298 3504 5358 videndi,

1953 5410 2186 5466 amentia
2245 5417 2402 5478 capto
2470 5416 2522 5462 et
2571 5405 2859 5460 convicto-
2923 5402 3016 5458 sed
3069 5409 3120 5455 et
3165 5399 3328 5456 vitam
3375 5390 3506 5446 mihi

2150 5570 2190 5598 ’³
2214 5566 2278 5620 IV
2312 5567 2440 5636 Reg.
2475 5583 2584 5629 xu,
2623 5565 2708 5618 53.
