3984 6212
509 318 642 373 «στει-

1711 306 2054 363 TllEODOR’l
2090 306 2604 363 HERACLEENSIS

3581 311 3721 364 L339.

502 449 740 501 auteres,
778 433 944 489 exitio
973 436 1026 487 et
1051 430 1213 485 morti
1237 429 1474 491 addicto,
1499 426 1636 480 fabri
1675 424 1742 479 ad
1774 425 2029 494 exempla:

2149 425 2505 497 κακοϐουλίᾳ·
2560 426 2694 480 ἀλλά
2747 426 2838 482 καὶ
2884 426 3079 498 ταύτης
3122 427 3224 498 τῆς
3265 425 3410 499 ζωῆς
3445 429 3720 499 στερηθή-

499 527 909 584 tabernaculum
962 521 1191 594 figentis,
1252 527 1306 576 et
1360 534 1487 573 mox
1562 517 1864 583 solventis;
1923 531 2047 570 nam

499 621 571 672 ita
607 615 805 672 defecit
850 613 1074 684 spiritus
1121 625 1273 666 meus
1299 609 1498 674 vitalis,
1543 607 1684 663 sicut
1724 607 1828 662 tela
1864 620 1895 659 a
1929 620 2050 658 mu-

497 708 768 796 licreJam
799 704 1150 762 succidenda.

563 786 727 854 νέἶιε.
775 798 861 852 14.
906 795 1118 851 Idcirco
1159 795 1270 864 jam
1311 808 1420 847 non
1461 792 1652 857 silebo,
1694 786 2047 859 benignitatis

495 900 602 946 tua
633 905 811 961 praeco
840 889 1034 952 factus,
1067 887 1231 958 quasi
1261 884 1496 940 hirundo
1517 891 1572 938 et
1587 883 1742 954 quasi
1766 879 2041 944 columba,

493 983 754 1038 continuo
787 981 1214 1053 magnificentias
1251 987 1373 1033 tuas
1403 976 1690 1033 celebrabo
1715 993 1730 1042 ;
1758 980 1815 1027 tu
1839 971 1983 1027 enim
2011 985 2044 1024 a

493 1090 579 1129 me
610 1075 856 1144 corporis
884 1073 1102 1128 dolores
1129 1071 1424 1138 abstulisti,
1459 1076 1514 1125 et
1555 1068 1790 1122 animam
1823 1063 2045 1120 sanitati

492 1165 804 1231 restituisti,
836 1172 1180 1234 peccatorum
1211 1163 1790 1219 meorum'immemor.

2153 517 2338 570 σεσθαι
2391 519 2471 580 εἰς
2521 516 2792 572 ἀπώλειαν
2843 519 2936 573 καὶ
2964 521 3238 591 ἀναίρεσίν
3273 538 3373 591 μου
3412 524 3730 593 καταστρέ-

2149 607 2354 677 ψαντα,
2408 609 2548 662 κατά
2578 609 2670 662 τὸν
2720 610 3026 682 πηξάμενον
3061 612 3158 682 μὲν
3199 611 3398 683 σκηνὴν
3427 652 3441 677 ,
3498 615 3723 667 συστεί-

2152 701 2318 756 λαντα
2353 701 2410 755 δέ
2443 703 2610 770 αὐτὴν
2661 701 2898 772 ταχέως·
2935 702 2997 755 τὸ
3042 702 3149 774 γάρ
3205 702 3424 766 ζωτικὸν
3484 703 3724 774 πνεῦμα

2148 791 2319 855 οὕτως
2372 792 2630 863 ἀφῃρεῖτο
2675 791 2773 855 τάς
2801 792 3076 862 δυνάμεις,
3129 791 3203 855 ὡς
3258 793 3400 855 ἱστὸς
3451 793 3722 861 γυναικὸς

2149 882 2502 954 ἐκτέμνεσθαι
2555 883 2779 952 μέλλων.
2837 882 2993 937 Ὅθεν
3047 885 3105 936 ού
3159 885 3433 954 παύσομαι
3490 887 3545 936 ἐν
3593 886 3721 947 τοῖς

2150 973 2286 1044 μετὰ
2339 971 2509 1026 ταῦτα
2552 973 2726 1044 κῆρυξ
2771 974 2867 1043 τῆς
2911 975 3010 1044 σῆς
3050 974 3378 1046 ἀγαθότητος
3417 975 3723 1044 ἐσόμενος,

2147 1067 2288 1121 κατά
2332 1066 2456 1129 τοὺς
2475 1064 2693 1136 ὄρνιθας
2717 1067 2818 1135 τήν
2861 1082 2917 1118 τε
2956 1064 3195 1135 χελιδόνα
3227 1066 3318 1118 καὶ
3356 1065 3718 1136 περιστεράν,

2147 1153 2439 1218 ἀπαύστως
2469 1154 2538 1208 τά
2560 1155 2626 1208 σὰ
2642 1153 2904 1226 μεγαλεῖα
2931 1154 3286 1226 ἐξηγούμενος
3304 1171 3318 1184 ·
3346 1156 3407 1207 σὺ
3444 1155 3560 1226 γὰρ
3595 1151 3652 1207 εἴ
3693 1159 3722 1207 ὁ

490 1259 583 1312 καὶ
607 1258 683 1329 τῷ
715 1258 922 1330 σώματι
949 1259 1044 1322 τὰς
1071 1257 1257 1320 ὀδύνας
1282 1257 1482 1312 παῦσαι
1511 1257 1764 1328 ποιήσας,
1786 1253 1878 1308 καὶ
1908 1255 1972 1324 τῇ
2000 1252 2141 1324 ψυχῇ
2182 1251 2322 1304 ῐασιν
2349 1251 2730 1322 χαρισάμενος,
2759 1249 3143 1322 ύπερϐεϐηκὼς
3176 1251 3244 1303 τὰ
3269 1249 3739 1322 πλημμελήματα,

561 1375 610 1410 υ.

561 1375 610 1410 υ.

491 1374 724 1503 μονειιε.
760 1449 848 1504 18.
880 1448 1088 1514 Quibus
1116 1449 1281 1505 dictis
1303 1462 1454 1518 spem
1484 1442 1906 1501 resurrectionis
1947 1455 2042 1495 ne-

486 1554 757 1608 quaquam
785 1539 982 1606 aufert,
1008 1539 1251 1594 declarat
1278 1554 1406 1594 vero
1430 1539 1485 1592 in
1507 1535 1702 1590 inferni
1721 1541 1893 1588 morte
1921 1546 2044 1601 per-

487 1629 720 1683 dendum
757 1645 900 1695 esse,
945 1645 1104 1700 quem
1156 1640 1216 1684 tu
1250 1644 1361 1684 non
1411 1625 1755 1689 excitaveris,
1803 1623 1891 1677 cui
1931 1636 2038 1675 non

485 1721 665 1775 omnia
697 1721 1094 1776 condonaveris
1121 1729 1364 1790 peccata.

555 1811 723 1867 Vsus.
756 1811 842 1865 l9.
877 1811 1217 1882 Quapropter
1263 1810 1378 1880 ipse
1417 1821 1539 1878 ego,
1596 1803 1879 1876 repudiata
1926 1801 2039 1872 jam

484 1906 648 1976 impia
685 1905 776 1959 illa
799 1912 980 1960 mente
1001 1905 1054 1958 in
1074 1903 1292 1974 nuptias
1315 1901 1560 1963 ardesco,
1576 1911 1630 1954 et
1656 1897 1795 1954 filios
1822 1895 2036 1958 faciam,

485 2008 543 2051 ut
566 1997 830 2067 sanguine
869 2010 988 2051 meo
1019 2004 1291 2059 crescant,
1315 1993 1408 2064 qui
1432 1987 2039 2059 annuntientjustitiam

483 2097 649 2140 tuam.
1420 2119 1424 2123 -

547 2178 676 2234 Car.
709 2179 819 2244 XL,
851 2178 1013 2233 Vsus.
1039 2179 1092 2232 4.
1122 2177 1196 2234 De
1223 2177 1454 2232 vallibus
1487 2176 1722 2245 loquitur
1745 2187 1852 2226 non
1881 2168 2036 2240 quasi

481 2269 686 2324 fuerint
730 2285 767 2323 a
813 2269 1039 2324 Domino
1084 2267 1433 2338 occupandae,
1470 2265 1564 2323 sed
1603 2265 1818 2319 animas
1844 2261 2037 2316 alIatur

481 2359 644 2414 altius
673 2357 932 2423 effossas,
967 2366 1022 2413 et
1053 2356 1307 2414 deorsum
1350 2357 1406 2410 in
1440 2355 1660 2412 inferno.
1693 2355 1960 2425 jacentes,
1982 2359 2036 2406 et

479 2451 719 2521 peccatis
745 2451 1061 2505 humiliatas
1077 2467 1090 2516 ;
1108 2449 1307 2520 quippe
1333 2466 1453 2520 qua:
1475 2449 1704 2504 funestis
1719 2457 1773 2504 et
1800 2444 2033 2530 exitiali-

479 2543 583 2597 bus
607 2542 1029 2614 cogitationibus
1046 2541 1304 2606 liberatze,
1324 2555 1488 2610 super
1505 2549 1716 2594 montes
1737 2535 2034 2593 exaltanda:

478 2644 624 2689 sunt.

548 2724 694 2780 Vens
722 2725 776 2779 8.
811 2723 1118 2781 Confitetur
1152 2726 1239 2780 hic
1293 2739 1412 2794 ipse
1449 2722 1733 2793 prapheta,
1761 2719 1844 2774 vel
1883 2718 2032 2773 verbi

476 2817 744 2883 minister,
799 2832 964 2872 carne
1008 2833 1068 2872 se
1097 2817 1428 2871 obcaecatum
1483 2815 1744 2868 rationem
1777 2811 2033 2867 accedere

477 2923 585 2962 non
604 2909 872 2977 potuisse.
895 2905 1018 2963 Mox
1035 2913 1344 2970 evanescet,
1358 2906 1576 2975 adjecit,
1599 2889 1778 2957 omnis
1796 2903 2032 2955 humana

473 2997 698 3067 opinio;
731 2997 955 3052 verbum
1005 3005 1185 3051 autem
1226 2995 1323 3051 Dei
1367 2996 1528 3051 finem
1566 3009 1842 3064 nunquam
1888 2993 2033 3047 acci-

2217 1431 2385 1486 Τοῦτο
2433 1432 2617 1502 ἔλεγεν
2657 1434 2758 1487 οὐκ
2791 1435 3070 1487 ἐκκόπτων
3113 1435 3208 1504 τῆς
3229 1435 3576 1500 ἀναστάσεως
3610 1438 3712 1500 τὰς

2141 1524 2382 1592 ἐλπίδας,
2417 1527 2551 1580 ἀλλά
2611 1525 2786 1597 δηλῶν
2811 1566 2827 1590 ,
2870 1525 2946 1590 ὡς
2991 1527 3070 1589 είς
3111 1527 3239 1597 ᾅδην
3273 1527 3544 1591 ἀπωλείας
3602 1531 3712 1581 άπ-

2139 1616 2393 1686 ελήλυθε,
2437 1617 2512 1688 μὴ
2542 1617 2692 1688 παρά
2725 1617 2817 1671 σοῦ
2859 1616 3180 1689 ἀνακληθεὶς
3237 1619 3328 1671 καὶ
3357 1621 3708 1690 συγχώρησιν

2072 1748 2114 1803 Β
2143 1714 2428 1786 ἁμαρτιῶν
2457 1715 2764 1786 δεξάμενος.

2213 1805 2392 1874 Ὅθεν,
2424 1807 2533 1876 ἐγὼ
2578 1808 2738 1872 αὐτὸς
2789 1807 3013 1880 ἰώμενος
3050 1809 3148 1880 τὴν
3181 1808 3451 1879 σφαλεράν
3489 1807 3698 1878 ἐκείνην

2137 1895 2369 1964 ἔννοιαν,
2400 1900 2618 1954 σπεύσω
2644 1902 2738 1954 καὶ
2760 1901 2955 1972 γάμοις
2982 1901 3235 1972 ὁμιλῆσαι
3267 1901 3360 1955 καὶ
3387 1901 3724 1972 παιδοποιήε

2139 1989 2354 2054 σασθαι,
2385 1990 2521 2062 πρὸς
2551 1991 2612 2044 τὸ
2639 1993 2732 2046 καὶ
2763 1993 2888 2056 τοὺς
2919 1991 2978 2056 ἐξ
3015 1992 3149 2063 ἐμοῦ
3177 1994 3496 2063 γενομένους
3525 1995 3704 2065 κήρτι

2136 2100 2236 2146 κας
2259 2084 2551 2154 ἀναστῆναι
2591 2085 2692 2154 τῆς
2717 2086 3076 2158 δικαιοσύνης.

2203 2176 2469 2244 Φάραγγα
2505 2177 2799 2248 ἐκληπτέον
2823 2221 2839 2246 ,
2882 2181 2979 2251 ούχ
3010 2180 3084 2243 ὼς
3123 2179 3400 2250 μέλλοντος
3432 2180 3519 2233 τοῦ
3553 2180 3700 2233 Θεοῦ

2133 2265 2430 2320 ἐπιϐαίνειν
2471 2268 2682 2334 αὑταῖς,
2731 2271 2867 2325 ἀλλά
2910 2272 3045 2344 πρὸς
3074 2271 3174 2335 τάς
3206 2271 3718 2343 κατορωρυγμένας-

2136 2355 2346 2426 ψυχάς,
2397 2358 2490 2410 καὶ
2527 2360 2678 2414 κάτω
2713 2379 2815 2414 που
2851 2364 2930 2426 είς
2957 2363 3046 2416 τὸν
3077 2363 3208 2434 ᾅδην
3237 2363 3512 2434 κειμένας,
3539 2380 3698 2416 τετα-

2133 2447 2468 2519 πεινωμένας
2497 2469 2556 2505 τε
2587 2456 2704 2517 ταῖς
2747 2456 3067 2526 ἁμαρτίαις,
3106 2456 3285 2524 λέγει·
3343 2456 3538 2520 ταύτας
3596 2458 3717 2529 γάρ

2130 2550 2528 2622 ἀπαλλαγείσας
2568 2550 2675 2604 τῶν
2711 2550 2965 2622 ὀλεθρίων
3005 2549 3204 2603 τούτων
3233 2551 3327 2603 καὶ
3355 2551 3716 2605 ἐπικινδύνωνε

2130 2619 2399 2708 λογισμῶν
2429 2637 2566 2708 ὑπὲρ
2594 2637 2660 2690 τὰ
2686 2636 2786 2708 ὅρη
2811 2619 3189 2692 ταπεινοῦσθαι
3220 2636 3294 2708 (6)
3327 2636 3529 2706 καιρός.

2198 2730 2441 2795 Δεικνὺς,
2472 2729 2546 2793 ὠς
2604 2730 2698 2783 καὶ
2729 2729 2888 2792 αὐτὸς
2917 2731 2946 2782 6
2985 2729 3268 2798 προφήτης
3313 2729 3340 2780 ό
3395 2727 3708 2797 ὑπηρετού-.

2133 2835 2290 2888 μενος
2342 2817 2420 2888 τῷ
2488 2819 2809 2889 λόγῳ,ιύπὸ
2862 2819 2960 2890 τῆς
3002 2818 3204 2888 σαρκὸς
3253 2818 3690 2888 ἐπισκιαζόμενος

2129 2910 2219 2962 τὸν
2273 2911 2418 2973 νοῦν,
2481 2912 2727 2982 χωρῆσαι
2800 2912 2862 2964 ού
2912 2909 3228 2980 δεδύνηται·
3291 2912 3386 2963 καὶ
3443 2911 3550 2981 γὰρ
3602 2913 3699 2964 καὶ

2131 3003 2278 3056 πᾶσα
2331 3003 2596 3074 ὑπόληψις
2645 3003 2957 3074 ἀνθρωπίνη
3031 3003 3232 3074 ταχέως
3273 3002 3575 3063 παύσεται,
3633 3008 3698 3054 ού

475 3083 608 3159 pici,
651 3089 747 3145 sed
775 3097 954 3144 manet
985 3087 1041 3142 in
1091 3097 1354 3144 aeternum
1404 3101 1532 3144 vera
1575 3103 1745 3158 usque
1773 3101 2022 3152 praenun-

2139 3095 2233 3167 μὴν
2255 3096 2319 3149 τὸ
2346 3095 2523 3164 λόγιον
2561 3096 2651 3150 τοῦ
2682 3095 2814 3149 Θεοῦ
2856 3096 3065 3150 παύλαν
3109 3097 3232 3149 ποτὲ
3263 3096 3487 3165 λήψεται
3513 3113 3527 3126 ·
3555 3095 3701 3148 ἀλλα

475 3180 638 3237 tians.

551 3369 716 3425 Vnus.
754 3371 840 3426 l2.
871 3369 1032 3426 Multi
1051 3370 1270 3441 quidem
1300 3375 1449 3434 sunt,
1479 3368 1574 3440 qui
1603 3367 1670 3424 de
1695 3365 1920 3437 judiciis
1939 3366 2033 3421 Dei

471 3461 748 3528 dubitant,
782 3471 837 3517 et
866 3463 934 3518 de
963 3460 1310 3518 Providentia
1341 3469 1453 3515 tum
1483 3475 1702 3516 omnem
1733 3475 1913 3516 rerum
1937 3475 2034 3514 na-

473 3565 650 3609 turam
685 3564 796 3609 tum
831 3556 1043 3627 singula
1082 3572 1309 3628 qumque
1365 3566 1600 3625 regente,
1645 3562 1700 3608 et
1727 3553 1794 3609 de
1821 3569 2031 3608 summa

471 3648 703 3702 scient-ia
743 3663 905 3717 quam
935 3649 1011 3702 nil
1044 3648 1211 3703 latere
1235 3656 1432 3717 potest,
1469 3662 1589 3716 quae
1629 3661 1820 3701 omnes
1853 3654 2032 3700 mente

469 3740 862 3809 complectitur.
903 3738 1112 3806 Quibus
1143 3738 1492 3794 confutandis
1513 3739 1775 3808 propheta
1816 3737 2030 3808 singula

470 3828 581 3884 Deo
604 3830 979 3900 investiganda
1001 3844 1122 3884 esse
1148 3829 1423 3893 declarat;
1456 3845 1522 3883 ex
1557 3828 1863 3884 visibilibus
1893 3829 2029 3884 etin

470 3923 786 3978 universum
818 3938 848 3976 a
888 3921 1075 3981 mundi
1109 3921 1390 3976 elementis
1435 3921 1586 3977 disce
1627 3920 1718 3976 Dei
1749 3922 2022 3976 virtutem.

534 4102 698 4159 Vens.
739 4104 826 4166 l6,
865 4105 950 4158 Η.
999 4102 1210 4160 Rursus
1251 4104 1496 4160 occurrit
1537 4104 1796 4174 propheta
1846 4112 2026 4159 mente

386 4175 410 4198 ⁸
465 4194 916 4265 disceptantibus.
943 4195 1118 4251 Nolite
1135 4204 1326 4266 putare
1349 4212 1446 4254 vos
1470 4208 1826 4253 memoratum
1855 4197 2023 4254 Deum

464 4303 561 4356 per
602 4288 868 4344 sacriﬁcia
904 4288 1231 4358 placaturos,
1258 4289 1416 4359 quasi
1464 4289 1585 4346 istis
1615 4292 1665 4346 ei
1693 4306 1831 4360 opus
1855 4299 2021 4357 esset,

462 4379 623 4448 cuius
642 4381 810 4434 verbo
841 4381 1022 4434 omnia
1067 4380 1210 4435 facta
1235 4392 1379 4437 sunt.
1424 4381 1564 4436 Num
1599 4403 1618 4435 ι
1663 4383 1890 4441 sufﬁciet
1932 4384 2023 4438 Li-

461 4473 637 4526 banus
678 4489 699 4521 ι
750 4479 804 4526 et
852 4471 989 4526 silva
1033 4488 1141 4542 qua
1194 4473 1494 4538 obsidetur,
1543 4483 1637 4528 aut
1689 4493 1708 4526 ‹
1753 4476 2021 4531 sufficient

458 4565 642 4618 omnia
688 4563 1061 4634 quadrupedia
1095 4565 1160 4618 ad
1201 4564 1598 4631 holocaustum,
1635 4586 1654 4617 ι
1700 4570 1789 4622 cui
1813 4576 2022 4622 cuncta:

457 4665 668 4726 gentes,
695 4658 849 4726 juxta
872 4658 1042 4726 ipsius
1072 4656 1320 4722 effatum,
1348 4677 1367 4710 ι
1395 4659 1550 4730 quasi
1578 4659 1947 4714 nibilumsunt
1994 4679 2012 4712 ι

457 4747 511 4802 in
540 4748 768 4802 nihilum
802 4757 1120 4802 renutantur

523 4930 652 4984 Cu.
689 4928 824 4997 XLI,
852 4928 1015 4984 Vens.
1044 4930 1091 4983 l.
1119 4932 1340 4986 Animos
1367 4931 1662 5002 alloquitur
1693 4933 2012 5003 languentes

451 5034 505 5078 et
537 5022 820 5077 doloribus
853 5022 1102 5077 afﬂictos.
1138 5022 1285 5078 Licet
1321 5024 1471 5078 enim
1515 5024 1692 5092 vobis,
1736 5025 1829 5096 qui
1859 5026 2014 5096 cupi-

451 5117 716 5171 ditatibus
746 5116 1067 5172 insenuistis
1093 5125 1147 5171 et
1170 5116 1559 5186 voluptatibus,
1579 5116 1870 5188 depressas
1891 5117 2013 5173 istis

451 5207 766 5276 spirituales
799 5208 942 5262 vires
987 5207 1248 5271 relevare,
1276 5215 1330 5262 et
1374 5207 1525 5260 velut
1561 5216 1920 5274 senectutem,
1949 5223 2014 5264 ea

449 5298 740 5366 deponere,
775 5313 1113 5368 quaecunque
1159 5299 1363 5354 fuerint
1395 5299 1714 5355 libidinibus
1758 5299 1930 5354 fracta
1957 5306 2012 5354 et

447 5405 615 5460 prope
652 5390 922 5445 confecta.
959 5391 1106 5457 Quos
1145 5391 1355 5448 insulas
1406 5391 1606 5462 optime
1638 5397 1833 5457 vocat;
1884 5407 2010 5446 nam

447 5481 590 5534 sicut
610 5483 822 5546 insulae,
859 5483 1034 5538 medio
1063 5484 1119 5538 in
1169 5499 1318 5539 mare
1344 5482 1598 5539 fluctibus
1633 5484 2008 5540 circumluun-

513 5638 588 5710 (fi)
619 5637 809 5710 Potius
839 5639 1094 5706 ύῷοὖσθαι
1116 5651 1202 5696 aut
1238 5641 1585 5710 πληροῦσθαι.

512 5709 583 5766 l7)
618 5707 802 5762 Phlius
833 5713 942 5770 τας.

2139 3186 2282 3258 πέρα
2335 3186 2512 3251 τελεῖ,
2567 3187 2894 3260 ἀληθεύοντα
2945 3188 3043 3260 τῆς
3090 3188 3158 3258 (7)
3210 3186 3531 3254 ἐπαγγελίας
3604 3187 3688 3247 εἱς

2139 3279 2332 3335 αἰῶνα.

2204 3371 2346 3442 Πρὸς
2378 3371 2476 3433 τάς
2509 3372 2567 3424 ἐν
2603 3369 2811 3442 διανοίᾳ
2839 3370 2997 3424 πάλιν
3031 3369 3219 3439 φύσεις
3257 3368 3683 3440 ἀμφισϐητήσεις

2136 3466 2261 3536 περὶ
2286 3464 2393 3517 τῶν
2440 3465 2720 3535 κριμάτων
2762 3465 2979 3533 καὶτῆς
3023 3464 3280 3536 προνοίας
3311 3463 3407 3533 τῆς
3438 3463 3528 3516 τοῦ
3558 3462 3690 3515 Θεοῦ

2131 3555 2219 3608 διὰ
2254 3557 2466 3610 πάντων
2505 3555 2829 3627 διηκούσης,
2887 3555 2978 3608 καὶ
3011 3555 3132 3608 καθ’
3170 3557 3267 3608 ἕνα
3294 3554 3544 3619 ἕκαστον,
3603 3557 3698 3607 καὶ

2131 3649 2206 3712 ὡς
2232 3647 2331 3701 ούκ
2381 3646 2496 3700 ἐστι
2553 3647 2660 3699 τῶν
2703 3646 3062 3701 λανθανόντων
3125 3647 3219 3700 τὸν
3247 3646 3401 3709 Θεὸν,
3439 3645 3574 3699 ἀλλά
3606 3645 3698 3698 διά

2131 3741 2346 3794 πάντων
2378 3739 2725 3795 διαϐαίνουσα
2757 3741 2788 3810 ὴ
2821 3739 2913 3792 τοῦ
2944 3737 3076 3791 Θεοῦ
3108 3738 3309 3806 γνῶσις
3329 3755 3343 3769 ·
3375 3737 3443 3791 τὰ
3465 3738 3694 3791 ἑκάστου

2129 3830 2426 3902 ἀνιχνεύειν
2467 3831 2822 3903 προῦπαντῶν
2858 3834 2886 3885 ὁ
2937 3831 3094 3900 λόγος
3130 3831 3438 3884 ἐκδιδάσκει
3463 3873 3477 3895 ,
3518 3831 3598 3884 ὅτι
3629 3833 3697 3883 ἐκ

2128 3921 2233 3975 τῶν
2259 3921 2567 3993 ὁρωμένων,
2603 3922 2697 3979 καὶ
2735 3923 2798 3975 ἐκ
2826 3921 2930 3975 τῶν
2959 3922 3051 3974 τοῦ
3082 3920 3218 3974 Θεοῦ
3263 3921 3693 3991 καθολικώτερον

2129 4015 2404 4085 στοιχείων
2430 4015 2742 4068 ἐκδιδάσκω
2771 4014 2864 4067 τοῦ
2898 4012 3032 4070 Θεοῦ
3061 4013 3312 4084 δύναμιν.

2197 4105 2362 4159 Πάλιν
2405 4105 2539 4176 πρὸς
2584 4106 2708 4167 τοὺς
2769 4106 2824 4158 ἐν
2859 4103 3116 4168 διανοίαις
3160 4103 3447 4174 λογισμοὺς
3513 4119 3689 4172 προσ.

2125 4199 2336 4268 υπαντᾷ
2369 4200 2398 4251 6
2437 4198 2593 4265 λόγος
2612 4212 2628 4229 ·
2677 4198 2758 4250 ὅτι
2785 4195 2964 4249 τοῦτον
2996 4196 3084 4249 τὸν
3113 4196 3246 4249 Θεὸν
3275 4197 3364 4249 τὸν
3404 4213 3683 4266 προμηνυ-

2126 4287 2284 4340 θέντα
2317 4287 2403 4340 διὰ
2428 4286 2535 4340 τῶν
2567 4285 2868 4357 εἰρημένων
2896 4287 3023 4350 ἴσως
3057 4285 3321 4353 λογιεῖσθε
3344 4286 3545 4349 θυσίαις
3595 4285 3687 4350 ἐξ-

2130 4378 2414 4445 ιλεοῦσθαι,
2459 4379 2531 4449 μὴ
2577 4380 2947 4451 σκοπήσαντες
2966 4418 2979 4442 ,
3007 4380 3081 4442 ὡς
3103 4379 3201 4432 οὐκ
3225 4381 3282 4432 ἐν
3301 4379 3458 4450 χρεία
3483 4379 3692 4431 τούτων

2125 4472 2454 4542 καθέστηκεν
2489 4511 2503 4534 ,
2564 4466 2624 4526 οὗ
2679 4470 2756 4543 τῷ
2803 4471 2945 4542 λόγῳ
3008 4471 3076 4524 τὰ
3129 4473 3303 4525 πάντα
3369 4473 3651 4543 γεγένηται
3673 4490 3688 4502 ·

2129 4565 2461 4636 «ἐπαρκέσει
2517 4561 2613 4618 οῦν
2664 4564 2894 4629 Λίϐανος
2933 4584 2951 4616 ι
2990 4567 3084 4618 καὶ
3144 4568 3177 4635 ἡ
3211 4566 3267 4616 ἐν
3320 4566 3492 4636 τούτῳ
3547 4565 3687 4632 ὕλης

2125 4677 2152 4709 ι
2181 4659 2400 4728 ἀρκέσει
2427 4659 2482 4712 δὲ
2514 4661 2592 4722 είς
2619 4659 2994 4731 ὁλοκάρπωσιν
3029 4659 3203 4712 πάντα
3231 4659 3298 4712 τά
3328 4658 3686 4729 carpam,»

2117 4743 2161 4818 ᾧ
2198 4752 2373 4805 πάντα
2417 4752 2486 4806 τὰ
2536 4752 2658 4822 ἔθνη
2711 4750 2854 4807 κατά
2911 4751 2973 4805 τὸ
3025 4751 3324 4824 ύποϐληθὲν
3383 4751 3692 4821 ὑπόδειγμα

2122 4861 2139 4894 ι
2171 4843 2229 4906 ὃς
2260 4844 2334 4916 (8)
2366 4838 2499 4916 ἧκεν
2519 4847 2608 4908 εἰς·
2626 4845 2844 4913 γνῶσιν,
2888 4864 2906 4896 ι
2930 4845 3081 4898 οὐδὲν
3110 4844 3358 4915 ἐλογίσθη

2191 4935 2332 5006 Πρὸς
2385 4937 2482 5000 τάς
2526 4936 2600 5008 μὴ
2659 4937 2945 5008 ἰσχυούσας
2989 4937 3198 5000 ὀδύναις
3251 4954 3309 4989 τε
3343 4936 3692 5008 πραττούσας

2118 5025 2292 5096 ψυχὰς
2337 5029 2632 5098 συμϐουλία
2696 5031 3060 5101 προσάγεται·
3114 5031 3197 5082 ὅτι
3247 5029 3414 5099 ταύτῃ
3457 5029 3691 5081 δυνατὸν

2116 5121 2258 5189 ὑμᾶς
2297 5121 2392 5184 τὰς
2423 5122 2811 5191 ἐγχρονισάσας
2859 5122 2916 5174 ἐν
2945 5124 3056 5185 τοῖς
3094 5121 3290 5175 πάθεσι
3314 5121 3403 5173 καὶ
3436 5120 3686 5172 παλαιω-

2117 5209 2302 5272 θείσας
2332 5211 2389 5261 ἐν
2431 5213 2550 5273 ταῖς
2582 5211 2815 5280 ήδοναῖς,
2859 5211 2913 5264 ἐν
2948 5229 3005 5265 τε
3034 5211 3243 5274 τούτοις
3285 5211 3689 5280 κατασυρείσας

2115 5300 2400 5354 ἀναλαϐεῖν
2432 5301 2528 5365 τάς
2556 5302 2764 5355 ἐαυτῶν
2817 5302 3050 5374 ψυχικὰς
3101 5303 3390 5373 δυνάμεις·
3443 5302 3538 5354 καὶ
3581 5301 3692 5353 ῶσ-

2114 5409 2220 5462 περ
2254 5393 2427 5462 γῆρας
2474 5393 2770 5446 ἀποθέσθαι
2815 5394 2914 5457 τὰς
2945 5395 3002 5447 ἐν
3056 5397 3168 5457 τοῖς
3208 5393 3401 5447 πάθεσι
3433 5391 3689 5446 παλαιω-

2111 5484 2292 5548 Θείσας
2354 5485 2444 5537 καὶ
2504 5485 2690 5558 ὥσπερ
2745 5487 3138 5558 νεκρωθείσας·
3175 5485 3240 5548 ἃς
3276 5488 3364 5539 καὶ
3423 5488 3620 5556 νήσους
3656 5486 3685 5537 ὁ

2189 5641 2262 5710 (8)
2295 5639 2452 5697 Forte
2489 5643 2602 5713 οὐχ.
