3984 6212
257 367 404 426 I333-

1612 363 1679 418 ῘΝ
1713 361 1970 420 ISAIAM.

3350 349 3481 402 I335

251 487 413 556 λόγος
446 487 617 549 καλεῖ,
649 483 769 537 καθ’
795 483 1046 554 ὁμοίωσιν
1079 481 1184 536 τῶν
1215 482 1391 552 νήσων
1430 479 1653 545 τούτων,
1693 481 1748 533 αἳ
1774 482 1830 532 ἐν

1964 494 2044 546 ur,
2070 493 2180 534 non
2217 490 2347 533 vero
2380 476 2842 542 submerguntur;
2875 469 2948 523 ita
2980 466 3147 521 animi
3180 464 3349 519 nostri
3380 463 3487 518 hu-

257 581 408 651 μέσῳ
422 580 497 650 τῷ
514 578 735 646 πελάγει
747 578 1040 647 ἑστήκασιν
1064 593 1128 628 πε
1135 573 1536 646 ρικλυζὸμεναι,
1556 571 1628 644 μὴ
1645 573 1822 643 μέντοι

253 670 814 742 καταποπιζὸμεναι·
866 667 1008 721 οὕτω
1044 667 1137 721 κιιί⁵
1170 668 1227 720 αἰ
1254 666 1424 737 ψυχαὶ
1463 665 1568 719 ὑπὸ
1625 665 1732 719 τῶν
1768 667 1823 717 ἐν

253 763 330 834 τῷ
369 763 558 835 κόσμῳ
595 761 954 834 πραγμάτων,
979 759 1039 812 ού
1069 759 1172 830 μὴν
1213 758 1346 813 ἀλλὰ
1373 759 1466 812 καὶ
1500 757 1822 829 σωματικῶν

255 851 466 918 παθῶν,
525 849 783 923 ἁλμυρῶν
813 849 1004 914 ὄντων,
1044 847 1462 912 ἐπικλύζονται·
1516 847 1824 902 ἀπεκδύσα-

1931 571 2108 626 manis
2138 567 2390 640 negotiis,
2427 563 2731 635 prasertim
2763 574 2892 616 vero
2931 554 3310 626 corporalibus
3331 554 3490 624 cupi-

1931 662 2223 725 ditatibus,
2250 674 2372 730 quae
2400 664 2454 714 et
2496 657 2655 713 salsa:
2683 658 2835 718 sunt,
2866 650 3162 720 agitantur.
3188 675 3258 686 -—
3290 643 3490 698 Eadem

1932 755 2148 810 ratione
2180 752 2434 807 hortatur
2464 764 2566 804 nos
2592 743 2908 817 Apostolus,
2940 748 3000 794 ut
3041 745 3280 793 veterem
3312 734 3492 790 homi-

1930 862 2056 903 nem
2095 845 2472 916 exspoliantes
2498 855 2697 896 novum
2728 837 3020 892 induamus
3045 832 3107 889 “.

258 946 382 1001 σθαι
425 947 600 1001 τοίνυν
627 945 828 1008 ταύτας
875 943 968 997 τὸν
1032 943 1258 997 παλαιὸν
1325 943 1610 1015 ἄνθρωπον
1634 983 1648 1008 ,
1712 945 1807 997 καὶ
1874 943 2192 998 ἐνδύσασθαι
2246 942 2337 995 τὸν
2398 939 2516 994 νέον
2539 977 2554 1003 ,
2621 937 2714 990 καὶ
2781 937 2817 989 ό
2876 929 3196 994 Ἀπόστολος
3255 939 3494 980 παοακε-

255 1042 496 1097 λεύεται.

332 1161 468 1234 Περί
511 1159 693 1232 Κύρου
743 1159 926 1228 λέγει,
967 1160 1028 1214 ὃν
1076 1160 1298 1224 δικαίως
1350 1160 1610 1232 ἐπήγειρε
1657 1159 1832 1213 Βαδυο

257 1249 800 1315 λῶνι.-’Υπέταξεν
831 1247 980 1320 αύτῷ
1013 1248 1260 1313 πολλοὺς,
1300 1249 1386 1303 ἴνα
1418 1247 1617 1319 καθέλῃ
1657 1247 1833 1300 Βαϐυ-

259 1346 413 1400 λῶνα
440 1344 680 1408 δικαίως.

325 1455 444 1528 Τὴν
502 1457 687 1526 σχέσιν
744 1455 842 1526 τὴν
881 1454 1073 1508 ἑαυτοῦ
1113 1455 1249 1526 πρὸς
1287 1453 1449 1508 αὐτὸν
1489 1453 1705 1526 Ἰσραήλ
1744 1452 1835 1506 τὸν

176 1561 184 1570 ·
257 1547 405 1602 κατά
438 1546 717 1620 προκοπὴν
757 1547 1013 1617 λεχθέντα
1070 1545 1302 1600 ἐνταῦθα
1357 1547 1759 1618 ὑπομιμνήσκει
1807 1548 1835 1598 ὁ

261 1641 416 1706 Θεὸς,
439 1639 606 1694 παῖδα
631 1640 793 1694 αὐτὸν
821 1639 1130 1703 ἀποκαλῶν,
1155 1641 1255 1693 οὐκ
1284 1639 1342 1706 ἐξ
1372 1639 1514 1710 ὠνῆς
1541 1637 1828 1708 κτηθέντα,

260 1733 370 1786 οὐδ’
409 1732 688 1805 ἀλλότριον
713 1732 1152 1804 περιποιηθέντα,
1187 1732 1301 1786 ἀλλ’
1328 1733 1410 1796 ,ὼς
1458 1732 1568 1784 υἰδν
1599 1729 1703 1783 ὑπὸ
1727 1747 1832 1783 πα-

259 1826 391 1898 τρὸς
442 1825 876 1897 προσληφθέντα,
921 1823 980 1878 ὃν
1025 1826 1118 1879 καὶ
1157 1823 1350 1878 Ἰακὼϐ
1395 1822 1577 1886 καλεῖ,
1627 1820 1834 1874 ἐκείνου

263 1920 395 1974 ὄντα
441 1917 680 1988 διάδοχον
709 1957 726 1983 ,
782 1918 876 1972 καὶ
932 1918 990 1971 ἐν
1023 1917 1100 1989 τῷ
1128 1917 1315 1988 κλήρῳ
1367 1916 1473 1970 τῶν
1513 1916 1718 1969 ἐκείνου
1745 1931 1836 1967 τε.-

266 2027 481 2066 Αουντα.

339 2122 458 2194 Τὴν.
478 2121 630 2194 παρὰ
662 2120 918 2175 τοῦ-Θεοῦ
949 2119 1120 2192 ῥοπὴν
1162 2119 1345 2183 αὐτοῖς
1383 2116 1697 2189 γινομένην,
1746 2115 1840 2169 καὶ

265 2214 368 2286 τὴν
393 2215 535 2268 κατά
562 2214 673 2267 τῶν
715 2213 925 2286 ἐχθρῶν
970 2213 1181 2284 άμυναν
1236 2210 1595 2269 ἐκδιδάσκων,
1645 2207 1842 2271 αὐτοὺς

268 2305 492 2380 θαρρεῖν
526 2305 990 2378 παρακελεύεται·
1036 2303 1178 2374 Ἐγὼ
1222 2304 1353 2375 γὰρ,
1409 2301 1594 2372 φησιν,
1641 2299 1842 2370 ἐθέμην

272 2417 333 2454 σε
364 2399 538 2463 οὕτως
571 2399 777 2470 ἰσχύειν
812 2399 955 2452 κατά
997 2397 1107 2452 τῶν
1136 2397 1377 2469 ἐχθρῶν,
1407 2395 1484 2458 ὡς
1526 2393 1591 2447 ἂν
1619 2393 1846 2464 τροχοὺς

272 2492 527 2564 σιδηροῦς
573 2491 1006 2564 πριστηροειδεῖς
1050 2489 1386 2560 καταλάϐῃς,
1421 2487 1516 2541 καὶ
1557 2485 1734 2539 πάντα
1779 2484 1846 2537 τὰ

271 2585 401 2657 ἔθνη
435 2602 510 2638 σοι
561 2582 918 2655 ὑποϐεϐηκὼς
947 2585 1028 2647 εἰς
1066 2582 1128 2635 τὸ
1160 2579 1542 2650 καταπατῆσαι
1572 2577 1740 2631 αὑτά·
1782 2575 1847 2629 τὰ

270 2678 449 2731 τοίνυν
472 2677 738 2750 αἰρόμενα
777 2675 1112 2748 φρυάγματα
1144 2674 1220 2737 ὡς
1253 2673 1355 2744 δρη
1388 2672 1484 2726 καὶ
1517 2670 1643 2734 τοὺς
1676 2667 1849 2739 ὑψαύ-

271 2788 436 2843 χενας
461 2771 756 2842 λογισμοὺς
787 2770 999 2839 βουνοῖς
1030 2765 1546 2840 παραϐαλλομένους
1576 2762 1717 2816 οὕτω
1740 2778 1848 2814 πα-

272 2865 458 2933 τήσεις
493 2863 586 2915 καί
617 2863 696 2926 εἰς
727 2860 877 2914 ούδέν
913 2859 1213 2924 ἀποδείξεις
1234 2899 1246 2921 ,
1281 2859 1358 2922 ὡς
1393 2858 1539 2911 κόνει
1571 2854 1852 2926 παραϐάλ-

273 2955 494 3008 λεσθαι·
535 2955 564 3008 ὃ
594 2956 660 3026 δὴ
693 2954 785 3008 καὶ
824 2953 1048 3023 γέγονεν
1096 2953 1188 3006 ἐπὶ
1213 2951 1307 3006 τοῦ
1367 2950 1680 3021 Ἀσσυρίου·
1719 2947 1852 3019 μηδὲ

275 3049 385 3118 γὰρ
415 3048 822 3119 πολεμήσαντος
849 3044 946 3099 τοῦ
977 3044 1210 3117 Ἰσραήλ,
1247 3045 1380 3117 μηδέ
1409 3039 1850 3116 ἀντιπαραταξα-

280 3142 442 3214 μένου
488 3141 706 3205 τούτου,
741 3139 899 3213 ὤφθη
941 3139 1002 3194 τὸ
1051 3138 1232 3192 πεδίον
1273 3137 1481 3209 νεκρῶν
1523 3135 1849 3207 πλεπληρω-
1877 3155 1919 3211 c

281 3236 462 3308 μένον,
512 3233 750 3307 Χριστοῦ
800 3233 944 3305 χειρὶ
993 3230 1235 3304 κρυφαία
1295 3229 1486 3282 ἑκατὸν
1525 3227 1852 3297 ὀγδοήκοντα

281 3327 440 3382 πέντε
475 3326 713 3396 χιλιάδας
751 3324 1032 3385 ἀνελόντος
1053 3340 1066 3352 ·
1100 3322 1174 3383 ὡς
1201 3320 1292 3372 τὸν
1336 3317 1553 3390 Ἰσραὴλ
1588 3317 1748 3388 μόνον
1775 3318 1855 3379 εἰς

282 3420 410 3474 θέαν
461 3418 689 3487 ἐκϐῆναι
720 3415 814 3469 τοῦ
847 3414 989 3468 οὕτω
1031 3411 1266 3483 μεγάλου
1321 3409 1626 3482 παραδόξου
1647 3448 1662 3473 ,
1698 3411 1859 3461 ἐπευ-

285 3509 640 3582 φραινόμενον
668 3507 759 3560 ἐπὶ
783 3508 849 3577 τῇ
883 3503 1024 3558 οὕτω
1055 3503 1206 3574 παρά
1232 3501 1324 3556 τοῦ
1361 3502 1495 3555 Θεοῦ
1525 3500 1824 3571 ἀντιλήψει.

355 3647 437 3702 Τὰ
462 3646 888 3718 καταληψόμενα
919 3645 1114 3708 αὐτοὺς
1140 3645 1264 3708 τοὺς
1291 3643 1515 3716 ἐχθροὺς
1541 3643 1718 3697 αὑτῶν
1746 3642 1860 3696 δια-

286 3741 503 3813 γορεύει
538 3743 566 3794 δ
595 3740 770 3809 λόγος.

358 3853 469 3924 Τήν
497 3852 587 3906 τοῦ
623 3851 907 3924 ’Λσσυρίου
946 3851 1040 3904 καί
1071 3850 1170 3922 τὴν
1191 3850 1300 3904 τῶν
1337 3851 1645 3919 Αἰγυπτίων
1676 3847 1860 3917 ἔφοδον

288 3945 482 4016 γνώμῃ
536 3943 701 3998 αὐτοῦ
754 3941 1084 4013 γεγενῆσθαι
1140 3941 1500 4014 ὑπαγορεύει·
1542 3941 1676 3995 Ούδέ
1717 3941 1858 4011 γὰρ,

290 4037 475 4108 φησιν,
515 4033 659 4090 οὗτοι
708 4035 961 4106 εἰσῄεσαν
992 4034 1080 4100 ἂν,
1108 4036 1156 4088 εἰ
1194 4036 1267 4106 μή
1323 4052 1387 4105 γε
1417 4033 1577 4098 αὐτὸς
1624 4032 1862 4087 ἀνεδίδου

288 4127 632 4192 αὐτοῖςκατά
667 4127 1049 4200 συγχώρησιν·
1102 4127 1177 4192 ὡς
1208 4129 1333 4198 ἐμοὶ
1369 4127 1548 4180 τοίνυν
1593 4125 1865 4179 διακονού-

290 4236 467 4292 μενοι,
495 4218 738 4290 ἰσχύουσι
763 4218 880 4272 καθ’
910 4218 1062 4288 ὑμῶν
1091 4217 1167 4282 ὼς
1206 4219 1346 4273 κατὰ
1387 4217 1557 4290 πηλοῦ
1589 4218 1647 4271 ὃν
1677 4220 1864 4272 πατεῖν

289 4311 638 4383 μελλήσουσι.
675 4313 940 4384 Παρέστω
969 4311 1146 4364 τοίνυν
1183 4313 1277 4366 καὶ
1307 4311 1417 4364 τῶν
1456 4309 1624 4364 ἐθνῶν
1647 4328 1730 4374 τις
1761 4311 1866 4382 πρὸ

286 4402 507 4458 αἰώνων
537 4404 674 4459 ὅλων
691 4403 758 4457 τὰ
777 4405 1039 4475 μέλλοντα
1067 4401 1288 4457 ἔσεσθαι
1318 4401 1616 4475 προλέξων·
1644 4402 1738 4457 καὶ
1760 4403 1867 4456 δει-

2002 1156 2170 1212 Vsns.
2205 1154 2261 1210 2.
2305 1153 2380 1209 De
2408 1151 2552 1223 Cyro
2615 1140 2846 1220 agitur,~
2870 1141 3027 1216 quem
3061 1144 3186 1215 jure
3212 1135 3272 1197 in
3326 1135 3498 1214 Babyo

1934 1249 2112 1302 Ionem
2144 1245 2448 1300 suscitavit.
2467 1273 2538 1282 ——
2559 1239 2758 1294 Multos
2792 1239 2962 1308 ipsius
2991 1234 3218 1304 imperio
3245 1233 3497 1304 subjecit,

1937 1350 1994 1395 ut
2017 1339 2212 1395 merito
2235 1337 2562 1408 Babylonem
2596 1339 2886 1390 everteret.

2008 1453 2172 1510 Vens.
2205 1452 2257 1506 8.
2302 1449 2555 1505 Allectus.
2595 1463 2726 1504 suos
2777 1447 2833 1501 in
2893 1443 3059 1500 Israel
3093 1449 3359 1498 memorat
3411 1440 3502 1496 hic

1937 1549 2102 1613 Deus,
2127 1546 2232 1600 hoc
2260 1551 2344 1600 est
2375 1543 2431 1597 in
2473 1541 2623 1611 ipsos
2656 1539 2954 1595 Israelitas.
2989 1535 3222 1590 Puerum
3257 1547 3378 1588 eum
3407 1548 3502 1585 vo-

1938 1648 2058 1706 cat,
2090 1653 2199 1694 non
2233 1635 2457 1708 pecunia
2492 1639 2758 1702 emptum,
2807 1646 2915 1685 non
2958 1629 3027 1684 ab
3069 1629 3249 1682 alieno
3297 1627 3357 1680 in
3405 1640 3503 1678 sua

1939 1739 2237 1802 receptum,
2265 1727 2360 1784 sed
2385 1734 2443 1782 ut
2475 1724 2670 1780 Filium
2707 1738 2736 1777 a
2771 1722 2933 1776 Patre
2968 1726 3311 1788 susceptum;
3343 1731 3504 1787 quem

1937 1835 1991 1880 et
2012 1823 2182 1879 Jacob
2210 1822 2343 1878 dicit
2362 1822 2405 1853 ¹³
2480 1817 2715 1873 'uod'hic
2737 1814 2917 1870 Patris
2948 1813 3143 1878 haeres,
3169 1809 3356 1866 eadem
3387 1825 3508 1865 sor-

1937 1918 2090 1972 titus.

2016 2117 2182 2173 Vsns.
2206 2116 2291 2170 15.
2313 2114 2449 2170 Cum
2479 2128 2575 2170 eos
2597 2127 2627 2166 ιι
2654 2111 2766 2167 Deo
2792 2108 3010 2179 adjutos
3033 2104 3212 2166 docet,
3242 2107 3296 2156 et
3320 2105 3510 2155 contra

1941 2213 2181 2268 hostium
2209 2211 2465 2265 incursus
2493 2206 2768 2269 defensos,
2805 2203 3058 2257 ﬁduciam
3097 2197 3231 2267 ipsis
3262 2200 3508 2249 renovat.

1943 2306 2075 2377 Ego,
2101 2303 2301 2374 inquit,
2328 2310 2541 2356 tantum
2572 2299 2672 2354 tibi
2701 2298 2755 2352 in
2789 2297 2975 2351 hostes
3005 2291 3175 2346 robur
3197 2287 3422 2350 contuli,
3455 2291 3515 2338 ut

1945 2375 2095 2450 rotas
2148 2393 2351 2448 ferreas
2393 2391 2448 2444 in
2506 2403 2785 2444 serrarum
2834 2383 3056 2440 modum
3109 2378 3387 2447 accepisse
3438 2375 3516 2430 sis

1945 2486 2117 2547 visus,
2150 2489 2205 2538 et
2255 2487 2447 2552 gentes
2476 2493 2668 2534 omnes
2700 2476 2797 2530 tibi
2849 2471 3254 2529 conculcandas
3293 2465 3514 2522 tradidi.

1947 2573 2297 2632 Insolentiam
2328 2571 2473 2627 velut
2498 2577 2709 2625 montes
2733 2571 3156 2635 consurgentem
3185 2567 3238 2615 et
3255 2557 3519 2629 superbas

1949 2672 2159 2722 mentes
2210 2645 2356 2720 sicut"
2392 2661 2561 2716 colles
2616 2659 2824 2718 elatas,
2878 2654 2954 2708 ita
2996 2649 3315 2713 triturabis,
3363 2655 3417 2702 et
3462 2645 3517 2700 in

1950 2759 2180 2816 nihilum
2242 2755 2479 2827 rediges,
2520 2762 2578 2807 ut
2635 2765 2759 2805 cum
2819 2747 3042 2818 pulvere
3097 2749 3519 2814 componantur.

1950 2851 2104 2922 Quod
2158 2849 2378 2920 quidem
2409 2847 2465 2901 in
2517 2841 2776 2915 Assyrios
2828 2840 3031 2895 factum
3076 2845 3197 2894 est:
3251 2848 3376 2888 nam
3421 2847 3524 2886 nec

1950 2950 2229 3016 pugnante
2257 2938 2450 3001 Israel,
2499 2951 2601 2992 nec
2637 2935 2810 2990 aciem
2842 2932 3154 2993 ordinante,
3190 2927 3375 2981 videre
3406 2931 3525 2977 erat

1953 3014 2209 3106 campum
2263 3031 2374 3088 late
2420 3027 2746 3099 corporibus
2799 3028 3174 3082 constratum,
3223 3031 3347 3072 cum
3407 3014 3525 3084 ipse

1951 3105 2206 3182 Christus
2245 3135 2411 3177 manu
2459 3135 2558 3176 sua
2599 3124 2818 3173 centum
2872 3122 2926 3170 et
2962 3111 3241 3182 octoginta
3282 3105 3527 3178 quinque

1955 3219 2124 3273 millia
2151 3213 2563 3287 prostravisset,
2598 3211 2672 3264 ita
2703 3216 2761 3263 ut
2791 3206 2924 3260 nihil
2976 3203 3123 3258 aliud
3153 3200 3527 3257 Israelitarum

1956 3309 2140 3373 fuerit,
2187 3314 2385 3377 prater
2430 3303 2497 3358 ad
2545 3297 3028 3369 contemplandum
3083 3302 3295 3348 tantum
3342 3288 3530 3362 prodi-

1957 3401 2105 3473 gium
2133 3397 2339 3469 egredi,
2380 3393 2524 3450 etde
2557 3399 2711 3445 tanto
2742 3388 2836 3442 Dei
2870 3385 3052 3442 studio
3086 3381 3382 3437 exsultare.

2030 3637 2195 3693 Vsus.
2238 3636 2326 3691 l7.
2361 3631 2713 3690 Calamitates
2756 3624 3006 3681 hostibus
3060 3621 3406 3702 imminentes
3438 3619 3532 3674 de-

1961 3732 2178 3787 nuntiat
2208 3727 2490 3801 propheta.

2033 3844 2200 3899 Vsns.
2245 3839 2335 3895 26.
2381 3838 2732 3911 Assyriorum
2761 3843 2815 3890 et
2863 3829 3245 3903 Egyptiorum
3278 3827 3533 3884 incursus

1965 3936 2074 3992 Deo
2113 3934 2340 4006 jubente
2367 3930 2544 3985 factos
2591 3928 2763 3983 fuisse
2792 3923 3055 3981 declarat.
3105 3920 3226 3976 Non
3276 3919 3531 3984 fuissem,

1964 4029 2059 4093 ait,
2094 4027 2236 4081 hanc
2269 4032 2471 4080 terram
2525 4019 2782 4093 ingressi,
2815 4017 2924 4072 nisi
2952 4017 3058 4071 hoc
3105 4015 3221 4084 ipse
3247 4011 3537 4068 concedis-

1965 4135 2100 4176 sem.
2129 4117 2314 4173 Donec
2346 4117 2512 4187 igitur
2544 4113 2677 4168 mihi
2717 4109 3091 4174 inservierint,
3135 4105 3395 4160 valebunt
3436 4105 3537 4160 ad-

1967 4227 2161 4268 versus
2192 4225 2292 4265 vos
2322 4218 2383 4263 ut
2423 4209 2479 4262 in
2531 4207 2703 4260 lutum
2759 4201 2904 4274 quod
2947 4199 3329 4257 conculcaturi
3387 4210 3535 4252 sunt.

1966 4303 2234 4362 Procedat
2264 4301 2389 4357 ideo
2420 4301 2506 4354 vel
2535 4315 2602 4355 ex
2635 4297 2891 4369 gentibus
2912 4295 3005 4366 qui
3044 4293 3228 4348 futura
3268 4299 3394 4348 ante
3422 4306 3544 4346 om-

1966 4397 2057 4450 nia
2104 4394 2302 4452 saecula
2346 4392 2622 4463 praedicet.
2666 4386 2916 4444 Ostendit
2953 4401 3047 4442 eos
3088 4400 3210 4440 esse
3257 4383 3532 4439 daemones

287 4496 550 4562 ξάτω,ὡς
579 4492 679 4550 οἷοί
699 4514 759 4551 τε
780 4498 995 4552 ἔσονται
1029 4495 1467 4569 προαπαγγεῖλαι
1490 4493 1678 4567 ὥσπερ
1705 4494 1849 4555 ἰδίους

1972 4488 2068 4560 qui
2117 4495 2347 4545 ventura
2393 4485 2752 4557 praedicerent
2805 4481 2964 4552 quasi
3014 4478 3246 4534 fuissent
3287 4475 3540 4545 abipsis

281 4590 453 4660 ὄρους
499 4591 578 4653 εἰς
619 4587 777 4661 ἔργον
825 4567 1117 4662 μέλλοντας
1156 4589 1534 4660 προχωρήσειν
1557 4604 1569 4616 ·
1611 4587 1705 4640 καὶ
1756 4585 1849 4658 γάε

1973 4579 2234 4644 definita;
2284 4592 2406 4632 nam
2449 4577 2534 4631 vel
2579 4576 2623 4631 si
2669 4573 2809 4630 forte
2851 4572 2981 4644 quid
3031 4567 3537 4641 pmnuntiaverint,

286 4658 338 4733 οἰ
371 4658 659 4751 δαίμονες,
683 4681 789 4736 κᾶν
821 4658 1130 4753 προλέγωσί
1174 4658 1461 4745 τινα,-ούκ
1509 4678 1686 4732 αὐτῶν
1729 4677 1849 4750 ἔργα

1973 4688 2080 4727 non
2117 4686 2216 4726 sua
2249 4683 2437 4738 opera,
2473 4666 2568 4724 sed
2601 4667 2778 4721 aliena
2815 4664 3074 4720 referent.
3118 4661 3235 4716 Non
3263 4667 3347 4715 est
3384 4658 3546 4729 igitur

294 4771 666 4846 προλέξουσιν,
698 4772 810 4827 ἀλλ’
845 4750 1134 4845 ἀλλοτρίας
1180 4771 1407 4844 πράξεις
1439 4771 1732 4842 μηνύουσιν
1753 4787 1766 4800 ·
1802 4771 1849 4824 oi

1971 4764 2118 4836 quod
2150 4777 2309 4819 suum
2355 4758 2563 4831 aliquid
2607 4757 2965 4821 annuntient,
2997 4769 3098 4810 nec
3150 4753 3354 4807 habent
3387 4750 3546 4805 audi-

293 4867 472 4919 τοίνυν
491 4861 631 4920 οὗτοι
649 4866 1046 4935 ἀπαγγέλλουσί
1061 4883 1110 4918 τι
1133 4865 1282 4926 ἴδιον,
1300 4863 1418 4916 οὐδὲ
1433 4863 1642 4927 ἕξουσιν
1662 4865 1863 4933 ἀκροα-

295 4960 395 5023 τὰς
422 4960 547 5023 τοὺς
579 4958 950 5029 διακρίνοντας
976 4958 1035 5011 τὸ
1065 4957 1258 5026 ψεῦδος
1287 4956 1394 5009 ἀπὸ
1424 4956 1516 5009 τοῦ
1546 4955 1798 5027 ἀληθοῦς.

368 5093 488 5145 Τῶν
531 5092 634 5145 ύπδ
665 5092 773 5145 τοῦ¹
805 5092 940 5145 Θεοῦ
979 5090 1038 5156 ἐξ
1088 5091 1264 5162 ἀρχῆς
1319 5087 1770 5160 παρασχεθέντων
1804 5090 1868 5157 τῇ

311 5183 664 5255 Ἰερουσαλὴμ
691 5183 765 5246 ὡς
797 5183 1008 5253 ἀνῆπτο
1034 5183 1198 5236 παντί
1226 5181 1305 5250 τῷ
1335 5181 1522 5252 κόσμῳ
1543 5179 1872 5247 θεογνωσίας

300 5275 593 5346 λαμπτὴρ·
623 5275 716 5328 καὶ
750 5274 824 5337 ὡς
859 5276 1038 5328 ἐκεῖσε
1073 5278 1106 5344 ἡ
1154 5273 1248 5328 τοῦ
1289 5273 1422 5326 Θεοῦ
1469 5273 1628 5344 χάρις
1659 5271 1872 5342 μυρίοις

305 5365 608 5437 συνθήμασι
643 5367 1172 5441 κατακεκοσμημένη
1202 5366 1609 5436 ὑπομιμνήσκει
1640 5363 1833 5426 αὐτούς
1853 5379 1867 5392 ·

303 5459 422 5511 ὅθεν
473 5459 564 5511 καὶ
601 5460 676 5522 ὼς
725 5459 886 5512 πάλιν
916 5459 1052 5530 μετά
1095 5459 1194 5530 τὴν
1238 5462 1301 5512 ἐκ
1345 5458 1441 5529 τῆς
1496 5454 1872 5526 αἰχμαλωσίας

307 5549 560 5604 ἐπάνοδον
587 5550 694 5603 τῶν
728 5551 908 5604 αὐτῶν
945 5551 1191 5617 ἠξιοῦτο·
1224 5553 1281 5602 οὗ
1335 5549 1438 5620 μὴν
1472 5548 1606 5602 ἀλλὰ
1649 5547 1740 5600 καί
1779 5547 1872 5598 ἐπὶ

390 5747 658 5805 “Coloss.
709 5763 790 5812 ιιι,
825 5748 878 5814 9,
915 5749 999 5804 ἰθ.
1082 5746 1278 5802 "Gen.
1315 5763 1401 5808 xv,
1434 5746 1481 5800 ί,

1974 4868 2120 4914 tores
2148 4857 2242 4929 qui
2276 4854 2414 4912 falsa
2437 4872 2468 4910 e
2496 4853 2641 4909 veris
2675 4857 2903 4922 possent
2932 4846 3294 4918 distinguere.

2046 5077 2212 5132 Vsus.
2240 5078 2330 5131 27.
2364 5077 2495 5143 Qua:
2527 5076 2641 5145 ipse
2682 5071 2829 5128 Deus
2863 5086 2894 5124 a
2936 5067 3206 5140 principio
3245 5062 3548 5121 Jerusalem

1977 5155 2386 5243 praeparaverit,
2412 5176 2473 5223 ut.
2503 5168 2712 5237 lampas
2739 5179 2880 5220 vera:
2909 5161 3034 5217 fidei
3067 5167 3242 5214 totum
3278 5165 3551 5212 terrarum

1979 5265 2167 5318 orbem
2216 5260 2516 5325 illuminet,
2557 5268 2688 5329 quot
2721 5264 2776 5313 et
2808 5254 3030 5326 quantis
3075 5267 3172 5308 eos
3205 5249 3553 5307 exornaverit

1981 5353 2290 5420 beneﬁciis,
2326 5359 2630 5418 memorat;
2666 5364 2768 5405 nec
2814 5348 3024 5402 minora
3050 5360 3110 5401 se
3140 5344 3208 5400 de
3241 5340 3553 5413 captivitate

1979 5446 2276 5503 reducibus
2321 5445 2644 5517 largiturum
2694 5439 3004 5496 denuntiat.
3049 5435 3361 5508 Praeprimis
3423 5448 3554 5488 vero

1981 5540 2229 5611 praedicit
2268 5540 2515 5610 insuper,
2545 5534 2846 5593 Salvatoris
2888 5532 3117 5604 gratiam
3153 5530 3206 5584 in
3241 5527 3370 5583 Sion
3403 5525 3555 5599 prin-
