3984 6212
493 322 628 380 ίότῖἳ

1570 311 1918 370 TIIEODORI
1958 300 2474 364 l-lERACLEENSlS

3589 288 3731 343 1336

491 437 636 508 cipio
681 431 1097 493 renturam.’et
1164 437 1239 492 ita
1303 450 1496 492 omnes
1545 436 1673 492 dein
1735 436 2049 490 invasuram

2157 425 2364 488 τούτοις
2410 416 2772 494 προαγορεύει
2813 413 2910 484 τὴν
2941 411 3032 465 τοῦ
3074 409 3326 481 Σωτῆρος
3543 407 3735 507 ὲπιῦη..

489 531 699 598 gentes.

561 729 690 785 Cn.
728 727 897 792 XLII,
932 728 1098 784 Vens.
1143 728 1230 784 10.
1266 728 1386 795 Quo
1431 728 1577 784 enim
1622 728 1784 782 modo
1822 736 1880 784 et
1907 742 2054 782 nunc

490 818 753 890 propheta
779 859 794 883 ,
847 819 939 874 ubi
983 821 1051 874 de
1091 818 1373 874 Salvatore
1428 829 1622 874 nostro
1662 819 1934 886 audierit,
1985 818 2052 873 ad

483 910 744 965 ditandus
767 926 867 966 nos
898 921 952 966 et
979 911 1048 966 ad
1087 909 1380 966 salvandas
1411 912 1624 967 animas
1677 925 1895 967 nostras
1925 927 2054 967 ven-

490 1007 636 1064 turo,
673 1006 821 1052 tanta
853 998 945 1055 Dei
985 1000 1357 1056 misericordia
1386 1002 1566 1056 animo
1594 1005 1896 1067 exsultans,
1932 1003 2052 1056 lau-

489 1090 587 1144 des
635 1089 724 1144 Dei
764 1099 820 1145 et
865 1091 1096 1161 gloriam
1151 1091 1528 1149 celebraturus
1574 1095 1859 1166 exsurgit;
1891 1095 1965 1148 ita
1999 1101 2053 1149 et

487 1181 626 1238 alios
658 1191 938 1237 cantatum
968 1193 1246 1255 provocat.
1270 1184 1391 1247 Non
1417 1186 1652 1255 primum
1687 1201 1834 1241 nunc
1863 1196 2054 1258 regnat

487 1285 802 1346 perspectus
831 1277 994 1332 nobis
1021 1284 1075 1331 et
1103 1277 1318 1348 agnitus
1345 1277 1506 1344 Deus,
1528 1279 1621 1334 sed
1643 1279 1874 1349 primum
1909 1293 2053 1333 nunc

486 1366 796 1423 extenditur
853 1368 906 1422 in
946 1376 1217 1424 extremas
1266 1370 1512 1424 omnium
1567 1380 1834 1426 terrarum
1868 1381 2052 1442 partes

488 1459 711 1529 antiqua
749 1460 869 1530 ejus
897 1469 1140 1530 potestas
1161 1501 1175 1525 ,
1203 1462 1521 1518 ccelestihus
1557 1475 1799 1534 accepta,
1823 1474 1876 1520 et
1909 1465 2049 1534 apud

488 1550 636 1620 ipsos
703 1535 864 1607 etiam
937 1552 1090 1622 prius
1161 1553 1273 1622 jam
1313 1551 1603 1611 celebrata.
1668 1557 2051 1626 Apostolorum

486 1643 730 1698 ordinem
755 1644 1044 1716 designant
1073 1645 1322 1702 homines
1361 1647 1460 1715 illi,
1490 1650 1638 1704 circa
1675 1650 2048 1720 navigaturum

487 1751 687 1792 munus
717 1748 1000 1794 versantes
1048 1755 1079 1794 a
1123 1742 1322 1812 quibus
1356 1741 1592 1811 primum
1643 1740 1758 1796 haec
1803 1741 2052 1796 doctrina

487 1830 800 1885 conﬁtenda
828 1839 965 1888 erat.

559 2034 720 2088 Vsus.
746 2037 830 2088 Η.
863 2034 965 2091 Per
994 2037 1145 2091 locos
1174 2036 1512 2092 habitatores
1530 2038 1770 2091 locorum
1795 2034 2046 2098 intendit,

487 2126 577 2194 qui
605 2126 768 2195 primi
804 2125 1142 2183 Salvatorem
1179 2137 1426 2183 nostrum
1463 2127 1754 2184 Dominum
1798 2135 2047 2183 nostrum

483 2215 667 2272 Jesum
707 2218 988 2276 Christum
1019 2222 1299 2290 excepturi
1334 2231 1491 2277 erant
1514 2229 1568 2276 et
1609 2221 1756 2275 cultu
1792 2234 2050 2291 prosecu-

484 2311 612 2365 turi.
672 2311 807 2366 Dum
840 2312 907 2367 de
932 2312 1148 2368 deserto
1180 2313 1438 2384 loquitur,
1486 2315 1553 2370 ad
1593 2315 1802 2369 animas
1835 2299 2047 2380 alludit,

485 2401 722 2457 miseriis
747 2401 820 2472 let
874 2404 1118 2474 penuriis
1175 2418 1503 2474 oppressas,
1549 2420 1677 2459 vera
1726 2403 1817 2459 Dei
1875 2404 2051 2460 scien-

485 2490 560 2544 tia
610 2491 921 2548 destitutas.
967 2493 1159 2549 Merito
1205 2495 1368 2549 etiam
1414 2494 1588 2551 Cedar
1631 2504 1914 2562 memorat,
1946 2496 2049 2551 hoc

486 2598 588 2639 nos
627 2582 829 2640 docens
870 2585 1118 2650 animas,
1159 2602 1278 2656 quae
1309 2587 1460 2657 prius
1513 2595 1701 2641 contra
1745 2587 2047 2642 venientem

487 2673 824 2732 Salvatorem
867 2661 1145 2733 relucta'ue
1202 2678 1438 2742 fuerint.
1486 2689 1670 2749 postea
1717 2677 1784 2733 ad
1831 2679 2049 2735 saniora

481 2777 799 2832 revocatas,
829 2785 951 2822 eum
1003 2770 1352 2825 veneratione
1379 2785 1503 2825 eum
1539 2765 1862 2840 exCepturas
1896 2786 2039 2825 esse.

482 2857 616 2912 Nam
670 2861 948 2930 spectabat
990 2861 1164 2916 Cedar
1215 2861 1280 2915 ad
1329 2877 1501 2932 genus
1534 2860 1710 2924 Esau,
1746 2859 2047 2918 Jerusalem

493 2951 709 3014 hostile,
744 2952 1023 3022 ipsiusque
1047 2953 1256 3023 legibus
1287 2969 1456 3022 usque
1489 2952 1782 3008 infensum.

2160 517 2289 587 μίαν
2316 513 2526 568 ἐκεῖθεν
2568 506 2917 580 ἀρξαμένην,
2953 503 3046 556 καὶ
3085 501 3260 565 οὕτως
3293 499 3388 553 ἐπὶ
3439 497 3620 551 πάντα
3660 500 3734 550 ti

2155 609 2282 678 ἔθνη
2309 608 2408 679 τῆς
2435 601 2629 659 ἑαυτοῦ
2663 602 2884 670 χάριτος
2909 595 3192 666 διαϐάσης.

2209 703 2435 791 ’Ὥσπερ
2477 713 2569 771 οῦν
2628 715 2718 768 καὶ
2765 713 2861 765 νῦν
2915 709 3197 780 προφήτης
3262 707 3575 761 καταλαϐὼν
3621 725 3730 779 τις»

2158 811 2471 886 σωτηριώδη
2507 805 2810 880 παρουσίαν
2837 801 2931 856 τοῦ
2958 801 3210 872 Σωτῆρος
3233 799 3389 870 ἡμῶν
3419 800 3504 852 ἐπὶ
3533 799 3732 872 κέρδει

2155 905 2404 978 ἡμετέρῳ
2439 897 2830 972 γενησομένην,
2873 894 2967 947 καὶ
3010 891 3105 944 ἐπὶ
3157 889 3403 960 σωτηρίᾳ
3430 890 3534 942 τῶν
3573 894 3724 961 ἡμε-

2152 999 2327 1069 τέρων
2355 993 2543 1066 ψυχῶν
2566 1033 2581 1060 ,
2637 985 3016 1059 ἀγαλλιασθεὶς
3057 982 3155 1054 τὴν
3183 981 3359 1051 ψυχὴν
3397 982 3494 1033 ἐπὶ
3633 999 3730 1034 το-

2157 1090 2327 1161 σαύτῃ
2361 1085 2454 1140 τοῦ
2489 1082 2620 1139 Θεοῦ
2651 1077 3051 1152 φιλανθρωπίᾳ,
3075 1075 3380 1146 ἀπάρχεται
3402 1071 3513 1124 τῶν
3544 1072 3732 1141 ὓμνων

2154 1181 2368 1252 καὶτῆς
2393 1175 2694 1245 δοξολογίας
2710 1191 2722 1204 ·
2753 1172 2815 1225 τὸ
2842 1171 2886 1224 δ’
2907 1167 3039 1222 αὐτὸ
3066 1167 3160 1221 καὶ
3186 1165 3376 1228 ἄλλους
3401 1166 3580 1216 ποιεῖν
3607 1180 3740 1233 προ-

2151 1273 2444 1344 τρέπεταιο
2477 1267 2596 1321 οὐδὲ
2637 1264 2746 1336 γὰρ
2771 1265 2799 1316 ὁ
2846 1259 3218 1331 φανησόμενος
3266 1257 3360 1308 καὶ
3399 1253 3739 1325 γνωρισθεὶς

2151 1368 2284 1438 ἡμῖν
2317 1362 2469 1428 Θεὸς,
2504 1358 2599 1413 νῦν
2650 1356 2744 1410 τοῦ
2783 1353 2972 1426 ἄρχειν
2997 1349 3218 1422 ήρξατο,
3274 1347 3408 1400 ἀλλὰ
3452 1345 3740 1438 προιούσης

2152 1437 2317 1513 αὑτοῦ
2365 1455 2463 1524 τῆς
2509 1451 2847 1522 κυριότητος,
2900 1444 2996 1498 καὶ⁵
3023 1445 3083 1496 ἐν
3120 1440 3198 1512 τῷ
3228 1441 3340 1495 ἄνω
3389 1437 3734 1508 κρατούσης,

2153 1552 2246 1604 καὶ
2295 1549 2422 1621 παρ’
2454 1545 2683 1606 ἐκείνοις
2726 1538 3124 1611 δοξαζομένης,
3170 1534 3250 1596 εἷς
3295 1531 3366 1584 τά
3406 1527 3735 1598 ἁπανταχοῦ

2152 1644 2256 1714 γῆς
2306 1642 2517 1713 πέρατα
2575 1633 3018 1707 φανερωθήσεται
3069 1627 3315 1700 πρῶτον·
3371 1623 3574 1694 ταύτης
3627 1623 3734 1692 τῆς

2156 1736 2406 1803 γνώσεως
2439 1726 2836 1800 ἀπαρχομένων
2868 1723 2976 1776 τῶν
3013 1719 3254 1774 παλαιῶν
3299 1716 3525 1769 ἐκείνων
3561 1715 3732 1784 ἔργον

2082 1802 2125 1856 Β
2156 1827 2386 1898 ἑχόντων
2403 1824 2501 1894 τὴν
2532 1820 2800 1874 θάλατταν
2827 1815 3030 1880 πλέειν,
3053 1809 3305 1882 ἐδηλοῦτο
3324 1809 3384 1860 τὸ
3402 1807 3588 1876 τάγμα
3614 1805 3728 1858 τῶν

2157 1920 2489 1980 ἀποστόλων.

2237 2035 2330 2087 Ἐκ
2359 2031 2468 2085 τῶν
2495 2029 2675 2082 τόπων
2709 2027 2834 2088 τοὺς
2863 2023 3152 2092 οἰκήτορας
3185 2014 3414 2071 ἐνταῦθα
3443 2013 3722 2083 σημαίνει,

2155 2128 2203 2180 οἳ
2257 2126 2351 2179 καὶ
2389 2123 2597 2195 πρῶτοι
2626 2117 2856 2192 ῆμελλον
2902 2109 3284 2181 ἐπιγινώσκειν
3331 2106 3414 2159 τὸν
3451 2102 3722 2175 ἡμέτερον

2156 2219 2383 2289 Σωτῆρα
2443 2214 2534 2268 τὸν
2581 2211 2785 2282 Κύριον
2838 2205 2991 2277 ήμῶν
3035 2201 3246 2272 Ἰησοῦν
3302 2200 3391 2251 τὸν
3443 2195 3724 2289 Χριστὸν,

2155 2311 2248 2365 καὶ⁵
2278 2287 2712 2381 προσκυνοῦντας
2755 2299 3013 2366 δοξάζειν.
3039 2295 3284 2366 Ἐρημον
3312 2290 3370 2343 δὲ
3419 2289 3513 2344 νῦν
3551 2287 3724 2381 λέγει,

2154 2379 2442 2473 ἀναφέρων
2470 2398 2560 2453 τὸν
2599 2395 2756 2464 λόγον
2791 2392 2870 2455 εἰς
2899 2390 2996 2452 τὰς
3022 2386 3219 2457 ψυχάς,
3247 2384 3450 2444 αἵτινες
3491 2379 3727 2473 ἐρημίαν

2155 2469 2558 2560 ἐταλαιπώρουν
2585 2482 2915 2554 θεογνωσίας
2951 2475 3334 2548 ἐστερημέναι.
3389 2469 3726 2538 ’Δναγκαὲως

2153 2588 2208 2642 δὲ
2238 2586 2332 2640 καὶ.
2372 2582 2469 2652 τῆς
2515 2576 2706 2650 Κηδάρ
2737 2569 3094 2659 μνημονεύειξ
3135 2567 3222 2659 διά
3245 2564 3436 2619 τούτου

2155 2678 2322 2747 ἡμᾶς,
2352 2672 2434 2725 ὅτι
2467 2671 2524 2722 αἱ
2555 2662 2972 2736 ἀπομαχόμεναι
3001 2657 3134 2729 πρὸς
3159 2655 3258 2727 τήν
3299 2653 3602 2747 παρουσίαν
3628 2653 3722 2702 τοῦ

2153 2745 2403 2836 Σωτῆρος
2424 2761 2612 2831 ψυχαὶ,
2637 2757 2862 2828 ὓστερον
2909 2751 3293 2821 ἐτιεγνωκυίαι,
3330 2745 3721 2836 ὁμολογήσουσι

2151 2857 2214 2912 τὸ
2251 2833 2443 2918 σέϐας
2492 2852 2586 2907 καὶ
2645 2850 2752 2921 γὰρ
2799 2847 2892 2901 καὶ
2943 2847 2975 2916 ἠ
3020 2841 3213 2914 Κηδάρ
3261 2839 3450 2910 χωρίον
3503 2833 3570 2906 ἦν
3624 2833 3722 2888 τοῦ

2154 2949 2342 3022 γένους
2401 2946 2495 3000 τοῦ
2552 2943 2758 3005 Ἡσαῦ,
2816 2941 2846 2993 δ
2909 2935 3132 2990 διετέλει
3181 2931 3601 3022 ἀπομαχόμενον
3657 2928 3724 2996 τῇ

2163 3041 2229 3097 Ἱε
2239 3039 2468 3114 ρουσαλὴ
2476 3057 2532 3110 μ,
2556 3037 2648 3091 καὶ
2669 3032 3074 3102 ἐναντιούμενον
3101 3030 3211 3090 τοῖς
3228 3024 3433 3094 ταύτης
3452 3021 3732 3092 νομίμοις-

559 3146 722 3204 Vens.
776 3149 862 3201 15.
907 3148 1211 3204 Adventum
1252 3149 1554 3206 Salvatoris
1587 3158 1640 3206 et
1681 3151 1770 3206 hic
1815 3151 2046 3208 manife-

2223 3153 2335 3224 Τὴν
2372 3149 2466 3204 τοῦ
2506 3149 2757 3218 Σωτῆρος
2789 3139 3084 3212 ἐπιδημίαν
3113 3137 3197 3191 καὶ
3229 3133 3463 3187 ἐνταῦθα

483 3239 623 3294 stius
657 3239 882 3304 indicat,
914 3241 1008 3309 qui
1051 3256 1237 3311 pacem
1271 3241 1432 3298 nobis
1468 3242 1678 3308 aﬂ‘eret,
1713 3252 1788 3309 et,
1827 3243 1895 3300 ad
1927 3245 2048 3300 vin-

483 3332 685 3387 dictam
737 3334 1024 3404 semetipse
1080 3350 1463 3400 commovens,
1521 3335 1728 3389 inimici
1803 3337 1948 3393 vires
1993 3345 2050 3394 et

485 3424 797 3493 superbiam
837 3433 1104 3481 conteret.
1139 3425 1272 3482 Nam
1316 3426 1526 3484 hostem
1558 3440 1611 3483 et
1641 3427 1921 3484 inimicum
1955 3445 2051 3485 no-

483 3527 654 3572 strum
688 3532 796 3572 non
839 3519 1364 3590 aggreditur,-quasi
1408 3520 1602 3576 fuisset
1637 3523 1755 3576 zelo
1785 3521 2044 3589 ati‘ectus;

481 3624 689 3664 vacuus
716 3610 861 3664 enim
889 3611 956 3666 ab
979 3612 1128 3665 omni
1162 3612 1402 3667 humano
1431 3612 1651 3676 aﬁ‘ectu,
1676 3621 1861 3684 utpote
1881 3614 2047 3683 Deus,

490 3700 784 3768 semetipse
840 3700 908 3754 ad
954 3700 1252 3756 vindictam
1327 3703 1728 3772 commovebit;
1797 3706 1945 3776 quod
1995 3714 2050 3761 et

483 3804 650 3844 carne
685 3802 964 3861 suscepta,
1012 3792 1164 3848 fecit.
1197 3793 1332 3848 Nam
1364 3810 1489 3850 eum
1547 3797 1899 3854 intremuisse
1940 3799 2050 3869 spi-

484 3882 594 3936 ritu
619 3884 663 3915 ¹⁶
691 3893 919 3939 narrant
945 3888 1309 3958 evangelisue,
1354 3889 1584 3944 liberum
1613 3891 1734 3961 ejus
1763 3891 2048 3947 arbitrium

483 3976 865 4044 declarantes;
898 3994 1024 4033 nam
1059 3981 1327 4052 laerymas
1353 3981 1563 4048 eti‘udit,
1596 3991 1650 4039 et
1687 3998 1888 4056 corpus
1925 3985 2050 4040 fati-

483 4078 669 4138 gatum
695 4070 736 4100 ⁸⁷
770 4073 960 4138 sensit,
986 4073 1212 4132 allectus
1249 4074 1385 4130 istos
1410 4074 1554 4132 haud
1599 4075 1801 4132 invitus
1829 4091 2048 4148 perpeso

483 4177 604 4227 sus,
638 4163 737 4218 sed
771 4165 948 4223 libens
975 4165 1041 4222 iis
1078 4182 1280 4238 corpus
1312 4184 1470 4224 suum
1503 4168 1758 4239 subjecit.
1792 4168 2049 4226 Homines

483 4256 702 4326 quidem
752 4273 852 4312 nos
908 4259 1179 4329 lacrymas
1233 4259 1637 4331 profundimus,
1683 4276 1795 4316 non
1833 4261 2049 4332 quando

483 4348 855 4414 voluerimus;
906 4351 1001 4406 sed
1033 4351 1162 4421 quia
1192 4352 1297 4406 illae
1330 4353 1579 4422 corporei
1613 4351 1843 4410 ati‘ectus
1896 4362 2044 4419 sunt,

484 4440 595 4494 illis
625 4442 706 4496 vel
736 4441 890 4496 inviti
919 4458 1236 4510 movemur;
1267 4444 1334 4500 de
1361 4444 1472 4500 Deo
1502 4452 1683 4500 autem
1715 4460 1826 4500 non
1856 4446 2044 4502 eadem

2154 3221 2502 3315 ὑπαγορεύει,
2545 3240 2604 3304 ὃς
2631 3241 2760 3310 ἡμῖν
2791 3237 2888 3307 μὲν
2934 3233 3153 3304 εἰρήνην
3180 3225 3423 3299 βραϐεύει
3447 3266 3462 3289 ,
3494 3221 3730 3276 καθελεῖ

2150 3338 2207 3392 δὲ
2244 3337 2422 3390 πᾶσαν
2468 3332 2695 3403 δύναμίν
2737 3347 2795 3382 τε
2855 3327 2948 3380 καὶ
2980 3321 3292 3387 ἀλαζονείαν
3337 3317 3429 3370 τοῦ
3477 3315 3668 3386 ἐχθροῦ
3693 3353 3716 3381 ,

2151 3427 2340 3483 ἑαυτὸν
2380 3427 2605 3499 κινήσας
2641 3423 2777 3494 πρὸς
2822 3418 3093 3474 ἐκδικίαν·
3131 3413 3255 3467 οὐδὲ
3299 3412 3409 3481 γάρ
3443 3410 3517 3473 ὡς
3549 3407 3717 3471 πάθος

2152 3523 2437 3594 ὑπομένων
2491 3516 2851 3588 ζηλοτυπίας,
2907 3511 3146 3582 χωρήσει
3200 3505 3340 3559 κατὰ
3385 3502 3578 3575 ἐχθροῦ
3613 3501 3728 3594 ,καὶ

2152 3593 2410 3686 πολεμίου
2454 3615 2614 3684 ἡμῖν’
2652 3609 2767 3663 ἀλλ’
2815 3603 3098 3673 ἐλεύθερος
3158 3599 3234 3653 ὢν
3280 3599 3478 3660 παντὸς
3523 3593 3729 3655 πάθους

2151 3705 2489 3778 ἀνθρωπίνου
2529 3703 2623 3757 ἆτε
2654 3700 2786 3764 Θεὸς
2825 3696 3016 3751 ἐαυτὸν
3047 3694 3261 3763 κινήσει
3313 3689 3450 3762 πρὸς
3482 3687 3689 3778 ἄμυναν
3709 3699 3725 3712 ’

2152 3775 2334 3857 καθὼς
2361 3793 2455 3846 καὶ
2501 3793 2558 3845 ὲν
2592 3789 2754 3860 σαρκὶ
2787 3785 2972 3856 φανεὶς
2998 3781 3267 3852 πεποίηκε
3289 3795 3304 3808 °
3343 3778 3422 3849 τῷ
3465 3777 3594 3847 γάρ,
3629 3775 3732 3827 ὲν-

2150 3887 2506 3958 εϐριμήσατο
2523 3883 2603 3949 τῷ
2618 3882 2928 3952 πνεύματι,
2967 3874 3320 3948 σημειοῦνται
3357 3873 3405 3926 οἱ
3447 3867 3733 3936 εὐαγγελι-

2155 3982 2312 4049 σταὶ,
2337 3977 2621 4052 δηλοῦντες
2652 3975 2712 4029 τὸ
2758 3973 3002 4027 ἑκούσιον
3048 3972 3145 4038 τῆς
3190 3967 3449 4038 γνώμης·
3485 3963 3732 4032 δάκρυον

2152 4073 2260 4145 γὰρ
2307 4070 2510 4142 ἐξέχεε,
2563 4069 2653 4122 καὶ
2683 4066 2926 4137 κάματον
2974 4062 3212 4133 ὑπέμενε
3271 4055 3602 4128 σωματικὸν,
3649 4054 3734 4104 τὰ

2153 4143 2300 4233 πάθη
2329 4162 2427 4215 οὐκ
2468 4159 2736 4220 ἀκουσίως
2771 4153 3076 4226 ὑπομένων,
3105 4152 3219 4206 ἀλλ’
3252 4151 3337 4203 ἐπ’
3366 4145 3601 4211 ἐξουσίας
3637 4143 3733 4214 τῷ

2155 4257 2362 4327 σώματι
2384 4253 2704 4307 ἐπιτάττων.
2745 4249 2868 4302 Ἐπὶ
2925 4246 3032 4317 γὰρ
3064 4243 3221 4315 ἡμῶν
3269 4241 3376 4295 τῶν
3416 4234 3732 4308 ἀνθρώπων

2152 4349 2360 4420 δάκρυα
2393 4347 2491 4418 μὲν
2530 4346 2792 4414 ἐκχεῖται,
2826 4341 2925 4410 οὐχ
2957 4340 3033 4391 ὅτ’
3069 4337 3134 4391 ἂν
3177 4335 3440 4405 θέλωμεν,
3475 4329 3736 4420 σώματος

2152 4439 2208 4491 δὲ
2251 4418 2378 4490 ὄντα
2409 4435 2610 4506 φυσικά
2652 4431 2820 4502 πάθη,
2858 4433 2952 4484 καὶ
2997 4426 3266 4487 ἀκουσίως
3297 4422 3469 4476 ταῦτα
3511 4418 3734 4488 ὑπομέ-

483 4532 698 4598 valent,
754 4533 849 4588 sed
885 4535 1001 4605 ipse
1051 4536 1118 4589 ad
1174 4509 1366 4590 nutum
1415 4545 1616 4592 cuncta
1653 4537 1830 4608 gerit,
1884 4545 1938 4594 et
1990 4539 2046 4595 in

2157 4543 2346 4597 νομεν·
2381 4525 2408 4576 ὁ
2436 4524 2492 4577 δὲ
2523 4523 2654 4585 Θεὸς
2674 4521 2772 4590 οὐχ
2797 4518 2990 4581 οὕτως,
3017 4515 3129 4569 ἀλλ’
3166 4514 3252 4566 ἐπ’
3277 4512 3520 4578 ἐξουσίας
3552 4509 3735 4562 πάντα

483 4622 671 4680 hostes
705 4625 893 4680 eadem
935 4634 1208 4697 potestate
1239 4625 1460 4698 gaudet.

551 4830 718 4889 Vens.
759 4834 845 4888 17.
895 4832 1232 4891 Confusione
1290 4834 1422 4890 dicit
1476 4849 1572 4890 eos
1625 4833 2059 4890 confundendos.

488 4940 590 4996 pro
620 4927 862 4996 peccatis
895 4927 1110 4992 merito,
1138 4934 1192 4982 et
1216 4927 1353 4983 tales
1384 4927 1620 4994 futuros,
1651 4926 1832 4996 qualia
1875 4925 2048 4980 simu-

482 5033 641 5074 .acra,
687 5034 900 5084 eorum,
968 5019 1049 5073 uti
1120 5019 1384 5090 scriptum
1428 5027 1544 5075 est:
1587 5039 1606 5071 ‹
1662 5017 1879 5073 Similes
1940 5017 2049 5072 illis

483 5109 617 5164 ﬁant
650 5110 744 5190 qui
781 5108 988 5163 faciunt
1017 5124 1080 5165 ea
1115 5111 1179 5164 ³⁸.
1216 5130 1235 5163 ι
1269 5109 1425 5177 Quod
1463 5111 1508 5166 si
1540 5109 1923 5164 contumeliam
1951 5107 2052 5162 du-

483 5202 609 5257 citis
634 5201 843 5258 similes
870 5200 986 5257 ﬁeri
1018 5201 1180 5258 idolis
1203 5203 1426 5266 vestris,
1449 5199 1814 5256 recordemini
1845 5198 2049 5269 potius,

383 5307 390 5320 δ
481 5302 687 5360 quanto
725 5293 1041 5364 vosmetipsi
1079 5293 1383 5364 deprimitis
1439 5307 1538 5362 pro
1576 5289 1827 5362 jdominis
1867 5303 1964 5343 eos
1997 5297 2052 5341 et

483 5386 591 5443 diis
621 5387 913 5444 habentes.

558 5566 725 5623 Vens.
760 5570 844 5623 18.
891 5567 1096 5625 Sensus
1129 5584 1249 5631 cum
1289 5567 1558 5633 habeatis,
1603 5567 1899 5636 recogitate
1936 5579 2054 5635 quae

558 5727 596 5754 "‘
618 5721 775 5778 Joan.
807 5739 882 5788 χι,
917 5724 1004 5777 55.

1088 5724 1126 5754 ’τ
1154 5723 1283 5777 ibid.
1310 5725 1407 5790 ὅθ,
1438 5737 1566 5779 nuc.
1601 5738 1714 5787 xu,
1751 5721 1836 5789 ll;
1872 5720 2028 5776 .loau.
2059 5716 2201 5786 tv,6.

2158 4618 2348 4683 ποιῶν,
2387 4617 2481 4670 καὶ
2512 4613 2652 4668 κατά
2677 4611 2784 4665 τῶν
2813 4608 3024 4682 ἐχθρῶν
3055 4609 3122 4678 τῇ
3157 4607 3293 4676 αὐτῇ
3327 4601 3551 4672 δυνάμει
3589 4600 3736 4670 χρή-

2159 4729 2326 4765 σεται.

2227 4821 2338 4892 Τῆς
2360 4821 2478 4874 κατ’
2514 4817 2669 4882 ἀξίαν
2691 4816 2798 4869 τῶν
2832 4810 3241 4886 ἁμαρτημάτων
3265 4799 3740 4892 αἰοχύνηςᾼάξίους

2157 4911 2295 4968 εἶναι
2320 4913 2516 4976 αὐτοὺς
2540 4911 2771 4982 φάσκει·
2801 4909 2896 4962 καὶ
2922 4903 3196 4967 τοιούτους
3228 4899 3464 4963 ἔσεσθαι,
3494 4889 3587 4948 οἷά
3622 4910 3741 4962 περ

2158 5008 2252 5062 καὶ
2307 5005 2374 5060 τὰ
2413 5005 2731 5074 σεϐάσματα
2771 4999 2984 5063 αὐτῶν,
3017 4997 3160 5051 κατὰ
3204 4995 3266 5048 τὸ
3309 4987 3739 5060 γεγραμμένον·

2163 5121 2180 5150 ι
2213 5099 2430 5170 Ὅμοιοι
2459 5097 2639 5158 αὐτοῖς
2664 5095 2905 5163 γένοιντο
2933 5092 2982 5144 οἱ
3015 5087 3295 5148 ποιοῦντες
3336 5081 3506 5135 αὐτάο
3537 5099 3556 5131 ι
3593 5081 3642 5131 εἰ
3677 5077 3739 5130 δὲ

2161 5190 2316 5262 ὓϐριν
2346 5187 2564 5261 ἡγεῖσθε
2600 5186 2662 5239 τὸ
2693 5181 3070 5256 ἐξομοιοῦσθαι
3099 5181 3210 5241 τοῖς
3239 5175 3574 5244 σεδάσμασιν
3599 5171 3738 5222 ἐαυ-

2159 5285 2287 5348 τῶν,
2318 5283 2451 5336 πολὺ
2480 5281 2744 5353 πρότερον
2787 5277 2928 5332 κατά
2975 5274 3099 5328 νοῦν
3143 5270 3358 5331 λάϐετε,
3386 5268 3461 5330 ὡς
3503 5263 3741 5326 ἑαυτοὺς

2159 5374 2491 5446 ἀτιμάζετε,
2539 5371 2803 5434 δεσπότας
2853 5369 3049 5430 αὐτοὺς
3096 5364 3191 5419 καὶ
3231 5362 3386 5426 θεοὺς
3428 5356 3736 5428 ἐπιγραφό-

2163 5485 2335 5538 μενοι.

2230 5560 2420 5612 Τοίνυν
2453 5556 2521 5609 τὰ
2555 5555 2884 5627 αἰσθητήρια
2917 5549 3257 5622 κεκτημένοι,
3284 5545 3376 5599 τὸν
3411 5541 3613 5598 σκοπὸν
3636 5536 3736 5594 τοῦ

2285 5714 2484 5772 “‘Psal.
2515 5728 2664 5778 cxiii,
2699 5712 2754 5768 8.
