4022 6208
239 385 243 390 .
341 340 473 395 I357
1702 345 1766 400 IN
1805 345 1879 400 lbi

1980 346 2056 401 Μ’.
3415 343 3551 398 1358

330 457 621 519 καλοῦντος
666 456 809 526 ὑμᾶς
848 457 1169 528 ἐννοήσατε·
1199 457 1274 522 ὡς
1323 459 1400 522 εἰς
1443 457 1689 530 οὐράνιον
1743 460 1879 513 πολι-

1995 460 2067 514 sit
2097 474 2246 515 mens
2284 460 2551 514 vocantis.
2597 457 2676 513 Ad
2727 458 3007 513 cmlestem
3052 456 3330 512 civitatem
3372 459 3552 512 vocati

328 549 478 603 τείαν
503 544 792 615 κέκλησθέ,
822 548 916 600 καὶ
951 551 1030 611 είς
1061 549 1324 618 ἀγγέλους
1348 549 1521 602 τελεῖν
1552 550 1891 620 παρεσκεύα-

329 636 456 690 σθεο
495 633 646 687 οὐδὲν
693 634 878 706 ἕτερον
925 639 1052 708 παρ’
1104 637 1255 708 ὑμῶν
1293 637 1572 701 ἀπαιτῶν,
1609 637 1640 707 ἢ
1681 636 1776 708 τὴν
1831 636 1891 700 ἐξ

330 725 540 789 εὐνοίας
591 725 823 779 αἶνεσιν·
868 727 1044 798 ἥνπερ
1099 727 1521 800 παραλιπόντες,
1560 727 1888 782 ἐκδεδώκατε

328 818 550 880 ἑαυτοὺς
602 816 678 884 τῷ
722 817 960 890 πονηρῷ,
1014 820 1109 872 καὶ
1151 821 1408 889 γεγόνατε
1455 819 1660 873 ἐκείνου
1692 821 1890 891 αίχμάο

322 909 514 976 .λωτοι,
546 909 928 978 παγιδεύοντες
959 911 1152 973 αὐτοὺς
1177 910 1234 963 ἐν
1266 910 1589 982 συνειδήσει,
1617 913 1708 965 καὶ
1739 913 1890 965 είδω-

328 1000 668 1064 λοποιοῦντες
717 1002 774 1055 ἐν
818 1004 926 1064 τοῖς
957 1001 1122 1066 οἴκοις
1167 1001 1346 1073 ὑμῶν·
1401 1003 1509 1056 ἀπὸ
1554 1002 1662 1074 γὰρ
1703 1002 1887 1056 κακῶν

329 1093 548 1147 ἐννοιῶν
580 1094 658 1156 εἰς
702 1092 858 1164 ἔργον
890 1092 1307 1165 προκεχώρηκεν
1335 1094 1461 1163 ὑμῖν
1497 1092 1565 1147 τὰ
1605 1092 1886 1164 ἐπιτηδεύ-

335 1203 477 1257 ματα
493 1203 505 1216 ·
527 1185 733 1256 διόπερ,
757 1184 1098 1255 αἰχμαλωσίᾳ
1124 1187 1190 1255 τῇ
1216 1201 1273 1237 τε
1297 1183 1436 1238 κατὰ
1460 1184 1613 1254 σῶμα
1631 1185 1724 1237 καὶ
1742 1184 1884 1256 ψυχῇ

333 1275 736 1346 ὑποϐληθέντες,
755 1276 850 1345 ούχ
879 1275 1026 1340 ἕξετε
1045 1273 1134 1328 τὸν
1160 1273 1679 1345 ἀντιλαμϐανόμενον
1697 1275 1726 1327 ὑ
1734 1274 1847 1344 μῶν
1868 1291 1881 1304 ·

329 1368 435 1420 τῶν
463 1368 568 1436 γὰρ
601 1365 871 1436 πολεμίων
904 1365 1255 1429 ἐπελθόντων,
1288 1367 1337 1419 οἰ
1383 1366 1722 1436 νομισθέντες
1759 1369 1884 1439 παρ’

330 1459 454 1530 ὑμῖν
483 1455 621 1512 εἶναι
649 1458 758 1511 θεοὶ
780 1459 840 1510 οὐ
872 1458 944 1530 μὴ
965 1459 1250 1524 ἐξέλωνται
1285 1459 1446 1529 ὑμᾶς,
1481 1460 1600 1512 ούδέ
1638 1461 1705 1512 τά
1737 1460 1886 1530 παρὰ

327 1548 432 1600 τῶν
462 1546 730 1617 πολεμίων
768 1546 1137 1618 διαρπαγέντα
1178 1547 1711 1617 ἀποκαταστήσουσιν
1730 1549 1881 1618 ⁴ὑμῖν.

398 1640 508 1709 Τῆς
547 1639 605 1704 ἐξ
638 1639 908 1706 Αἰγύπτου
961 1639 1268 1711 ἐλευθερίας
1307 1640 1742 1710 ὑπομιμνήσκειο
1774 1639 1885 1692 δει-

328 1733 479 1796 κνὺς,
511 1731 606 1796 ὡς,
642 1729 774 1782 ’Ὁλα
801 1729 926 1800 ἔθνη
955 1731 1425 1801 τιμωρησάμενος,
1450 1728 1601 1799 ὑμῶν
1635 1730 1885 1782 ἀντικατ-

1992 550 2144 614 estis,
2180 559 2233 605 et
2271 551 2323 604 in
2368 551 2682 622 angelorum
2715 547 3052 603 consortium
3089 545 3384 612 destinati;
3419 546 3554 600 nihil

1992 659 2022 696 a
2054 644 2209 698 vobis
2243 643 2490 714 deposcit
2536 641 2679 696 Deus
2699 682 2714 708 ,
2753 650 2944 712 prmter
2975 641 3112 710 grati
3143 638 3308 692 animi
3347 638 3551 693 laudes.

1991 734 2136 800 Quas
2191 743 2368 790 autem
2401 734 2746 803 denegantes,
2787 732 2932 787 malo
2977 745 3074 786 vos
3118 731 3264 799 ipsos
3303 728 3549 794 dedistis,

1991 825 2136 881 illius
2189 825 2384 896 captivi
2435 824 2562 879 facti
2631 826 2765 880 estis
2797 864 2811 888 ,
2883 822 3275 880 conscientiam
3320 821 3552 875 obdure-
3615 876 3617 879 .

1991 925 2223 981 scentes,
2279 925 2332 972 et
2383 917 2523 971 idola
2576 916 2629 970 in
2685 915 2937 970 domibus
2979 914 3174 969 vestris
3217 913 3552 968 constituen-

1989 1017 2113 1075 tes;
2150 1015 2274 1062 actu
2302 1007 2444 1062 enim
2479 1005 2805 1077 perfecistis,
2854 1019 2973 1075 qua:
3020 1004 3174 1074 prius
3217 1010 3397 1058 mente
3429 1012 3546 1058 stu-

1987 1095 2247 1150 dueratis.
2299 1094 2636 1164 QuaprOpter
2683 1104 2734 1150 et
2756 1109 2983 1164 corpore
3013 1101 3066 1148 et
3095 1093 3275 1147 animo
3329 1093 3384 1146 in
3447 1107 3542 1164 ca:

1987 1187 2282 1257 ptivitatem
2323 1185 2548 1248 redacti,
2586 1201 2692 1238 non
2742 1185 3008 1240 habebitis
3044 1185 3136 1253 qui
3180 1199 3277 1239 vos
3328 1183 3544 1240 liberet.

1985 1275 2118 1330 Nam
2151 1263 2398 1331 hostibus
2428 1290 2524 1329 vos
2562 1275 2958 1338 invadentibus,
2992 1290 3097 1329 non
3129 1282 3409 1345 protegent
3453 1290 3547 1332 vos

1990 1369 2093 1431 illi,
2121 1370 2215 1438 qui
2245 1367 2319 1422 dii
2350 1383 2472 1423 esse
2504 1376 2846 1438 reputantur,
2882 1383 2982 1421 nec
3010 1375 3162 1437 rapta
3193 1366 3261 1422 ab
3303 1367 3547 1424 hostibus

1984 1461 2137 1516 vobis
2167 1460 2475 1515 restituent.

2056 1635 2188 1691 CAP.
2247 1633 2430 1700 XLIII,
2466 1631 2632 1689 Vens.
2676 1633 2728 1688 5.
2772 1631 3171 1688 Liberationem
3214 1647 3278 1686 ex
3316 1630 3548 1702 Egypto

1985 1733 2394 1780 commemorat.
2421 1723 2623 1779 Gentes
2649 1730 2876 1778 cunctas
2900 1721 3076 1791 pmnis
3098 1719 3381 1775 alliciendo
3401 1735 3550 1774 com-

327 1823 671 1894 ηλλαξάμην,
725 1822 962 1884 ἐκείνους
1027 1822 1125 1892 μέν
1171 1819 1435 1884 κακώσας
1491 1821 1585 1874 καὶ
1638 1820 1879 1892 ἀπωλείᾳ

1980 1817 2346 1872 mutationem
2379 1823 2616 1870 vestram
2644 1814 2768 1879 Ieci,
2801 1813 2995 1882 inquit,
3022 1811 3140 1865 illos
3157 1811 3372 1880 quidem
3405 1812 3549 1865 cala-

332 1915 620 1987 παραδοὺς,
653 1915 780 1985 ὑμῖν
807 1915 862 1967 δέ
887 1914 1134 1985 βοήθειαν
1159 1912 1369 1984 νείμας.

399 2108 562 2161 Πάλιν
597 2104 828 2160 ἐνταῦθα
861 2105 1280 2177 ὑπομιμνήσκει,
1313 2105 1394 2159 ὅτι
1440 2105 1537 2176 οὐχ
1566 2107 1640 2170 ὡς
1665 2107 1880 2168 οἰκείοις

329 2200 506 2261 πόνοις
532 2197 687 2263 δόξαν
719 2198 927 2258 ἑαυτοῖς
957 2197 1425 2267 περιεποιήσαντο,
1453 2198 1572 2250 ούδέ
1597 2199 1700 2270 ἰδίᾳ
1724 2199 1880 2252 δυνάο

329 2308 418 2361 μει
461 2288 566 2342 τῶν
596 2287 762 2340 ἐθνῶν
806 2286 1200 2358 περιεγένοντο,
1245 2286 1377 2340 ἀλλά
1408 2287 1501 2340 τοῦ
1530 2288 1663 2341 Θεοῦ
1710 2291 1879 2343 ἀπαν-

323 2381 486 2453 ταχοῦ
513 2381 606 2434 καὶ
634 2378 836 2432 τούτων
867 2378 1210 2450 ἐρημούντων
1240 2378 1581 2449 ἐνεργοῦντος
1605 2379 1741 2432 κατά
1770 2379 1877 2433 τῶν

325 2473 611 2544 ἐναντίων·
657 2469 911 2542 ἑλομένου
955 2469 1062 2540 γάρ
1098 2487 1196 2540 μου
1234 2470 1499 2524 συντελεῖν
1543 2487 1600 2524 σε
1643 2473 1721 2534 είς
1753 2471 1878 2526 λαὸν

326 2563 475 2633 ἐμὸν,
504 2559 835 2631 ἁπρονόητος
859 2559 918 2611 οὐ
953 2558 1287 2628 μεμένηκας.

396 2675 516 2728 Ὀτι
549 2675 581 2743 ἡ
633 2671 836 2743 ἔρημος
894 2670 1109 2724 νοτίδων
1157 2668 1315 2722 θείων
1361 2667 1700 2739 τυγχάνουσα
1733 2669 1876 2742 ψυχὴ

327 2767 463 2838 μετὰ
484 2766 583 2837 τὴν
630 2762 926 2836 παρουσίαν
967 2760 1061 2812 τοῦ
1104 2759 1351 2830 Σωτῆρος
1377 2758 1694 2831 πλημμυρεῖ
1722 2759 1877 2814 θείων

324 2857 662 2928 διδαγμάτων
683 2897 697 2923 ,
731 2856 789 2919 ὃς
832 2854 927 2926 τὴν
975 2853 1096 2908 καθ’
1127 2852 1352 2906 ἕκαστον
1380 2852 1550 2923 ἀνδρα
1581 2853 1673 2906 καὶ
1725 2857 1875 2925 κοινῇ

323 2951 421 3021 τὴν
456 2949 775 3020 Ἐκκλησίαν
810 2949 898 3000 ῐσα
932 2947 1192 3016 ποταμοῖς
1221 2943 1550 3014 ἐπαρδεύετο
1578 2948 1688 3009 τοῖς
1716 2945 1877 3010 θείοις

324 3042 674 3112 διδάγμασιν·
710 3040 906 3110 ὁμοίως
937 3039 993 3092 δὲ
1027 3039 1238 3109 νοήσεις
1288 3037 1382 3090 καὶ
1424 3036 1492 3090 τὰ
1530 3037 1673 3108 ἑξῆς,
1708 3039 1879 3110 ἁρμό-

1981 1907 2266 1963 mitatibus
2293 1918 2347 1961 et
2373 1907 2542 1961 exitio
2565 1905 2830 1977 amigens,
2861 1918 2960 1958 vos
2983 1911 3164 1958 autem
3201 1903 3402 1957 auxilio
3427 1918 3548 1958 meo

1979 1996 2190 2052 fovens.

2059 2109 2215 2166 visas.
2248 2111 2301 2166 4.
2358 2110 2558 2164 Iterum
2596 2109 2686 2165 hic
2718 2109 2981 2174 declarat,
3014 2110 3160 2180 ipsos
3197 2123 3304 2163 non
3346 2107 3548 2163 labori-

1977 2204 2082 2259 bus
2107 2204 2224 2259 suis
2252 2203 2480 2274 gloriam
2526 2203 2754 2271 adeptos
2783 2216 2928 2266 esse,
2973 2216 3073 2255 nec
3101 2214 3198 2254 sua
3233 2200 3432 2255 virtute
3463 2200 3546 2254 Iu-

1983 2297 2197 2366 gavisse
2230 2295 2439 2358 hostes,
2475 2294 2567 2348 sed
2600 2292 2766 2347 Deum
2798 2292 3020 2362 ubique,
3055 2296 3111 2345 et
3143 2305 3239 2360 per
3269 2305 3328 2344 se
3352 2290 3547 2344 adver-

1979 2387 2157 2441 sarios
2187 2400 2435 2456 quosque
2467 2384 2751 2454 repulisse.
2787 2383 2898 2455 Ego
2929 2382 3072 2438 enim
3116 2389 3168 2437 te
3207 2381 3458 2452 eligerem
3483 2392 3548 2435 ut

1975 2485 2030 2533 te
2082 2477 2341 2548 populum
2369 2491 2564 2531 meum,
2596 2475 2850 2540 facerem,
2891 2474 3209 2545 imprudens
3265 2487 3396 2528 vero
3435 2487 3546 2526 non

1977 2566 2363 2639 perseverasti.

2045 2676 2213 2733 Vens.
2247 2675 2335 2731 I9.
2385 2675 2606 2732 Deserta
2650 2674 2792 2730 facta
2839 2674 3076 2729 hominis
3109 2672 3330 2736 anima,
3365 2677 3419 2726 et
3451 2669 3540 2724 die

1976 2771 2120 2826 vinis
2144 2769 2567 2839 cogitationibus
2597 2781 2800 2830 vacua,
2845 2775 2967 2836 post
3001 2764 3296 2818 Salvatoris
3325 2762 3534 2817 adven-

1977 2870 2091 2916 tum
2128 2859 2326 2915 divinis
2372 2859 2638 2913 doctrinis
2688 2857 3003 2928 replebitur,
3041 2855 3135 2924 qui
3168 2853 3412 2924 singulos
3443 2852 3542 2906 ho-

1976 2952 2152 3007 mines
2203 2957 2258 3005 et
2310 2949 2620 3004 universam
2668 2947 2965 3002 Ecclesiam
3009 2945 3168 3015 quasi
3219 2943 3540 2999 ﬂuminibus

1977 3043 2292 3100 etelestibus
2337 3043 2603 3097 doctrinis
2640 3040 2920 3110 irrigavit;
2957 3039 3210 3095 similiter
3249 3045 3302 3092 et
3347 3046 3540 3092 caetera

324 3135 431 3198 ζων
463 3133 686 3204 ἕκαστον
718 3131 826 3199 τῶν
855 3131 1148 3202 λεχθέντων
1185 3130 1264 3192 είς
1306 3127 1404 3182 τὴν
1439 3128 1498 3183 ἐν
1521 3129 1716 3200 ψυχαῖς
1745 3130 1878 3183 θεω-

1981 3133 2446 3203 interpretaberis,
2465 3132 2626 3186 verba
2643 3130 2856 3200 singula
2873 3129 2940 3184 ad
2956 3129 3260 3184 animarum
3291 3142 3539 3183 naturam

325 3225 468 3296 ρίαν.

390 3337 500 3406 Τὴν
552 3336 754 3389 ἄνωθεν
785 3337 880 3390 καὶ
921 3339 985 3388 ἐκ
1031 3337 1271 3390 παλαιῶν
1323 3338 1526 3409 χρόνων
1580 3337 1875 3409 γενομένην

319 3428 497 3481 αὐτῶν
535 3428 788 3499 πρόνοιαν
845 3427 996 3497 παρὰ
1035 3426 1129 3481 τοῦ
1166 3427 1299 3480 Θεοῦ
1357 3426 1759 3480 ὑποδείκνυσινο
1812 3429 1873 3481 οὐ

319 3518 430 3590 γὰρ
475 3515 568 3571 νῦν
612 3514 864 3586 ἠρξάμην
895 3518 1141 3586 προνοεῖν
1182 3516 1360 3586 ὑμῶν·
1410 3515 1527 3568 ούδέ
1571 3513 1730 3586 ἡνίκα
1778 3514 1874 3586 τὴν

318 3611 416 3664 ἀπ’
451 3607 722 3676 Αἰγύπτου
767 3606 940 3672 ἔξοδον
988 3607 1286 3671 ἐποιεῖσθε,
1350 3605 1538 3668 θυσίας
1590 3607 1731 3676 ὑμᾶς
1772 3606 1877 3659 ἀπ-

317 3699 512 3771 ῄτησω
535 3699 653 3752 ούδέ
677 3699 814 3770 μετὰ
840 3698 1097 3768 καμάτων
1117 3699 1246 3762 τοὺς
1271 3697 1542 3760 ἐναντίους
1565 3696 1874 3768 χειροῦσθαι

324 3791 672 3865 συνεχώρησα
689 3809 704 3824 ·
722 3791 858 3845 ἀλλὰ
879 3792 972 3846 καὶ
994 3790 1161 3844 ταῦτα
1189 3791 1516 3862 προσφέρειν
1551 3789 1687 3860 μετά
1707 3789 1874 3844 ταῦτα

324 3885 583 3950 ἐνέδωκα,
616 3886 918 3956 ἀποστῆσαι
954 3883 1269 3955 βουλόμενος
1311 3882 1541 3936 είδώλων
1561 3922 1575 3946 ,
1608 3883 1700 3936 καὶ
1747 3885 1874 3955 ὑμῖν

324 3979 616 4050 προφάσεις
642 3977 974 4049 δωρημάτων
1003 3975 1376 4048 παρασχέσθαι
1394 3993 1406 4006 ·
1427 3975 1486 4029 οὐ
1508 3974 1615 4046 γὰρ
1635 3975 1693 4028 ἐν
1718 3976 1875 4048 χρείᾳ

320 4070 524 4124 τούτων
556 4070 888 4142 καθέστηκα.

402 4163 850 4234 ’Υπομιμνήσκει,
872 4161 946 4226 ὡς
983 4163 1077 4215 καὶ
1108 4163 1259 4232 κοινῇ
1288 4159 1381 4214 τοῦ
1411 4158 1598 4229 γένους
1630 4159 1724 4212 καὶ
1768 4158 1872 4230 ἰδίᾳ

321 4255 548 4309 ἑκάστου
589 4257 819 4326 ποιητὴς
852 4255 1184 4325 καθέστηκεν
1203 4272 1216 4285 ’
1249 4253 1384 4308 ἀλλά
1411 4253 1505 4306 καὶ
1547 4251 1635 4305 διὰ
1668 4251 1872 4315 κοιλίας

325 4345 588 4417 μέμνηται
636 4347 923 4417 διήκουσαν
964 4346 1247 4417 πρόνοιαν,
1281 4342 1747 4408 ζωοπλαστοῦντος
1782 4341 1873 4394 αὐ-

318 4436 412 4490 τοῦ
441 4438 644 4500 πάντας
675 4439 825 4508 ἡμᾶς
868 4439 926 4490 ἐν
978 4439 1044 4508 τῇ
1083 4437 1234 4510 νηδύϊ
1279 4437 1379 4508 τῆς
1409 4433 1645 4508 μητρὸς,
1689 4434 1782 4487 καὶ
1811 4435 1871 4487 τὸ

320 4523 456 4581 εἶναι
481 4531 515 4599 ή
525 4531 613 4598 μῖν
637 4528 887 4592 διδόντος.

388 4640 717 4694 Ἐνταῦθατὸ
742 4659 760 4692 ι
787 4641 884 4693 οὐκ
906 4635 1045 4711 ἦσαν
1069 4639 1143 4710 (9)
1167 4642 1214 4693 οἱ
1241 4639 1583 4703 πλάττοντες,
1614 4657 1632 4690 ι
1648 4638 1709 4691 οὐ
1726 4635 1878 4708 παρὰ,

319 4731 379 4784 τὸ
407 4731 480 4803 μὴ
511 4728 650 4784 εἶναι
680 4733 804 4796 τοὺς
834 4733 1004 4785 ταῦτα
1030 4731 1444 4803 ἐργαζομένους,
1476 4729 1609 4783 ἀλλὰ
1637 4729 1786 4800 παρὰ
1815 4729 1896 4782 τὸ·

323 4824 396 4894 μὴ
424 4824 679 4878 δύνασθαι
709 4824 919 4895 βοηθεῖν
947 4827 1056 4886 τοῖς
1083 4823 1470 4894 θεραπεύουσιν
1495 4820 1653 4887 αὐτὰ,
1691 4820 1767 4883 ὡς
1799 4820 1872 4892 μὴ

316 4915 496 4978 ὄντες*
528 4916 621 4970 καὶ
651 4915 759 4986 γὰρ
791 4915 884 4968 καὶ
924 4914 1082 4986 ἡνίκα
1121 4915 1154 4983 ή
1187 4912 1337 4985 χώρα
1367 4915 1478 4975 τοῖς
1516 4910 1874 4983 Ἰσραηλίταις

319 5005 747 5078 ἐκληροδοτεῖτο,
809 5004 1016 5059 πολλῶν
1061 5005 1228 5059 ὄντων
1279 5005 1663 5078 σεϐασμάτων,
1705 5005 1876 5070 οὕτως

317 5097 613 5168 ἀνῃροῦντο
645 5098 736 5150 καὶ
776 5095 1096 5162 ἐξεωθοῦντο
1147 5096 1254 5150 τῶν
1284 5098 1463 5152 τόπων
1495 5097 1562 5150 τά
1600 5087 1764 5168 ἔθνη,
1798 5098 1874 5161 ὡς

319 5188 416 5257 τὴν
455 5188 550 5257 μὲν
595 5187 814 5241 ἐκείνων
865 5188 1164 5259 ἀδυναμίαν
1213 5189 1308 5242 καὶ
1343 5189 1616 5243 οὑθένειαν
1663 5189 1871 5244 δείκνυ-

319 5276 462 5341 σθαι,
491 5278 847 5350 φανεροῦσθαι
877 5281 933 5334 δέ
961 5281 1059 5352 τὴν
1087 5279 1181 5335 τοῦ
1208 5281 1342 5335 Θεοῦ
1373 5282 1709 5338 δεσποτείαν.

391 5453 665 5508 Ἀὄυσσον
687 5455 936 5527 εἰρήκασι
975 5458 1073 5528 τὴν
1106 5455 1370 5528 Ἐρυθρὰν
1406 5456 1696 5523 θάλασσαν,
1735 5458 1865 5529 ἐρη-

317 5542 588 5614 μωθεῖσαν
621 5548 920 5600 παοιόντων
953 5547 1060 5599 τῶν
1093 5545 1436 5617 Ἰσραηλιτῶν
1454 5561 1469 5576 ο
1499 5549 1769 5616 ποταμοὺς
1807 5549 1864 5601 δὲ

387 5701 460 5767 (9)
489 5700 844 5757 Communius
870 5702 1049 5771 legunt
1075 5717 1086 5752 :
1121 5701 1232 5754 Οὐκ
1254 5701 1508 5768 ήκουσαν·
1541 5699 1633 5756 sed
1663 5700 1814 5756 Alex.
1844 5703 1879 5754 Α

1985 5701 2042 5757 C.
2074 5695 2231 5770 ἦσαν.

1980 3226 2244 3281 referens.

2051 3334 2218 3390 Vens.
2254 3332 2346 3387 22.
2382 3332 2427 3386 A
2459 3331 2728 3402 principio
2761 3337 2815 3384 et
2845 3330 2914 3384 ab
2943 3331 3184 3401 antiquis
3209 3330 3541 3400 temporibus

1981 3443 2039 3483 se
2068 3425 2325 3497 peculiari
2357 3439 2453 3480 eos
2475 3422 2818 3494 providentia
2849 3421 3068 3486 fovisse,
3094 3423 3336 3476 declarat
3357 3424 3498 3478 Deus
3520 3441 3534 3454 ο

1979 3519 2098 3575 Non
2151 3533 2297 3573 nunc
2337 3517 2572 3582 primum
2599 3515 2769 3570 vestri
2801 3529 2988 3569 curam
3028 3514 3198 3584 gessi,
3245 3529 3345 3568 nec
3379 3515 3538 3570 dece-

1979 3611 2236 3667 dentibus
2257 3611 2411 3665 vobis
2442 3625 2508 3664 ex
2550 3607 2806 3679 Egypto,
2839 3606 3090 3662 victimas
3127 3623 3158 3661 a
3186 3608 3335 3662 vobis
3358 3609 3534 3677 exegi,

1982 3721 2085 3760 nec
2114 3705 2301 3758 hostes
2331 3700 2488 3757 vobis
2526 3715 2648 3754 cum
2690 3700 2972 3754 laboribus
2999 3699 3292 3754 vincendos
3316 3699 3533 3755 tradidi.

1980 3795 2087 3852 Sed
2114 3802 2302 3866 postea
2331 3793 2587 3848 victimas
2614 3792 2736 3847 ideo
2763 3792 2975 3861 excepi,
3006 3792 3153 3845 utab
3182 3791 3339 3848 idolis
3368 3793 3536 3847 absti-

1979 3888 2186 3951 neatis,
2213 3896 2266 3942 et
2297 3886 2564 3941 beneﬁcia
2587 3883 2852 3954 largiendi
2875 3884 3193 3940 occasiones
3230 3884 3361 3938 mihi
3397 3899 3535 3954 prae-

1979 3979 2153 4036 beatis
2181 3997 2194 4032 :
2232 3977 2352 4032 istis
2384 3977 2525 4031 enim
2559 3989 2668 4028 non
2703 3973 2935 4044 indigeo.

1978 4159 2002 4183 "
2048 4155 2178 4210 CAP.
2224 4152 2408 4221 XLIV,
2456 4151 2620 4205 Vens.
2664 4151 2719 4204 2.
2775 4149 3034 4204 Memorat
3083 4147 3225 4204 Deus
3269 4163 3328 4203 se
3362 4150 3532 4204 totius

1977 4249 2174 4319 gentis,
2200 4255 2252 4302 et
2283 4247 2621 4316 singulorum
2653 4243 2934 4298 hominum
2957 4250 3256 4297 creatorem
3283 4251 3530 4308 exstare;

1975 4349 2028 4394 et
2052 4354 2318 4410 quemque
2347 4346 2595 4393 nostrum
2625 4336 2707 4390 vel
2727 4339 2782 4389 in
2816 4343 2971 4389 utero
2999 4335 3315 4403 matrisjam
3351 4335 3531 4404 provi-

1974 4429 2155 4485 dentia
2183 4429 2452 4492 coluisse,
2483 4442 2606 4482 cum
2647 4441 2836 4483 omnes
2861 4441 2965 4482 nos
2994 4425 3050 4480 in
3078 4434 3262 4480 ventre
3296 4426 3532 4496 plasma-

1897 4505 1944 4564 ί)
1971 4521 2128 4584 verit,
2160 4527 2214 4574 et
2247 4521 2354 4572 vita
2385 4517 2684 4573 donaverit.

2058 4631 2217 4686 Vens.
2257 4631 2310 4685 9.
2352 4628 2451 4683 Hie
2488 4629 2652 4684 verba
2694 4629 2796 4684 ista
2832 4647 2845 4684 :
2888 4648 2906 4679 ι
2934 4627 3052 4682 Non
3089 4639 3242 4683 erant
3280 4629 3370 4698 qui
3423 4628 3532 4683 for-

1975 4725 2216 4787 mabant,
2242 4742 2262 4775 ι
2296 4737 2404 4777 non
2429 4721 2709 4775 declarant
2740 4735 2834 4775 eos
2863 4735 3060 4791 reapse
3085 4735 3194 4774 non
3229 4721 3530 4784 exstitisse,

1974 4813 2068 4884 qui
2102 4812 2243 4868 idola
2269 4811 2610 4881 sculpebant,
2645 4809 2742 4864 sed
2770 4825 2862 4864 eos
2891 4809 3037 4864 idola
3065 4810 3374 4864 colentibus
3403 4825 3531 4879 pro-

1975 4906 2132 4962 desse
2165 4921 2272 4959 non
2307 4903 2570 4973 potuisse,
2608 4901 2766 4972 quasi
2807 4917 2916 4956 non
2959 4899 3207 4956 fuissent.
3251 4899 3384 4953 Nam
3420 4908 3531 4954 ter-

1977 5010 2092 5049 ram
2137 4993 2394 5050 Israelitis
2437 4992 2850 5062 usurpantibus,
2900 5005 3009 5044 non
3057 4989 3349 5044 defuerunt
3399 5003 3534 5044 sane

1977 5086 2137 5150 idola,
2170 5085 2514 5155 possessione
2534 5094 2716 5139 tamen
2741 5098 2840 5139 sua
2882 5092 3070 5154 gentes
3105 5083 3354 5153 spoliata:
3400 5091 3532 5137 sunt

1972 5186 2026 5233 et
2051 5178 2324 5246 expulsae:
2357 5177 2556 5246 quibus
2586 5175 2750 5231 simul
2780 5183 2834 5229 et
2876 5174 3145 5228 idolorum
3184 5173 3536 5228 imbecillitas

1970 5269 2376 5325 demonstratur
2408 5275 2462 5324 et
2488 5267 2834 5336 impotentia,
2868 5264 2966 5321 Dei
3007 5281 3134 5322 vero
3167 5271 3387 5336 apparet
3424 5263 3526 5319 im-

1971 5361 2200 5431 perium.

2045 5451 2206 5505 Vsns.
2239 5450 2327 5505 27.
2359 5450 2604 5522 Abyssus
2635 5464 2784 5505 mare
2829 5447 3196 5521 Erythraeum
3241 5446 3530 5518 designat,

1971 5544 2380 5601 transeuntibus
2438 5543 2698 5600 lsraelitis
2741 5542 3079 5612 desolatum;
3133 5538 3354 5594 ﬂumina
3393 5552 3534 5594 vero

3339 5655 3781 5927 ri"

3807 5561 3925 5631 gr”
