3984 6212
468 347 489 400 Ι
501 346 604 402 339

1619 337 1963 396 TiiEODORl
2005 340 2525 398 [IERACLEE'NSIS‘

3577 345 3708 395 mo

465 459 704 516 arefacta
733 453 1022 510 Jordanem
1067 445 1704 509 nsdem'transéimtibus
1728 456 1891 527 jussu
1931 455 2026 512 Dei

2145 458 2499 531 Ξηρανθέντας
2535 461 2626 511 τὸν
2660 456 2928 528 Ἰορδάνην
2956 453 3258 524 εἰρήκασιν,
3294 448 3713 522 ἀναχαιτίσαντα

465 550 861 606 dehiscentem.

551 641 680 697 Cn.
719 636 884 705 XLV,
918 635 1088 694 Vens.
1123 637 1176 692 9.
1223 639 1327 695 Per
1355 655 1418 696 ea
1447 657 1567 712 quae
1609 641 1724 698 ﬁeri
1767 658 1874 698 non
1906 659 2031 715 pos-

465 738 594 791 sunt
617 729 883 786 informat
906 745 1002 786 eos
1035 730 1103 785 ad
1135 732 1452 802 sapientiam
1474 776 1489 801 ,
1518 734 1755 791 suadens
1789 742 1848 789 ut
1877 751 2030 806 aequo

465 828 647 882 animo
686 824 960 895 excipiant
993 820 1332 896 quaecunque
1381 825 1602 882 fuerunt
1626 843 1655 881 a
1693 827 1804 882 Deo
1831 827 1896 882 ad
1923 829 2032 882 sal-

462 921 672 976 vandas
709 927 898 992 gentes
925 917 1231 974 destinata:
1282 934 1392 990 quo
1444 919 1589 976 enim
1640 921 1802 975 modo
1848 921 2026 975 lutum

469 995 694 1083 ﬁgulum
736 1026 845 1066 non
896 1008 1210 1080 redarguet,
1259 1025 1362 1066 nec
1409 1011 1708 1082 impedient
1737 1012 1851 1066 nati
1891 1029 2031 1083 quo-

462 1105 646 1160 minus
683 1113 738 1160 et
770 1102 906 1159 alios
932 1111 1154 1175 generet
1184 1113 1339 1174 pater
1365 1103 1564 1160 ardens
1597 1119 1818 1175 pueros,
1848 1112 1902 1161 et
1930 1106 2032 1160 im-

465 1198 542 1270 pii
591 1205 736 1254 esset
764 1197 1002 1254 hominis
1031 1198 1422 1270 parturientem
1463 1203 1691 1252 matrem
1739 1198 2033 1268 reprehen-

466 1292 629 1347 dere:
665 1291 737 1345 ita
767 1307 866 1347 nec
898 1307 1016 1355 vos,
1042 1291 1238 1362 inquit,
1261 1290 1403 1344 lianc
1427 1290 1599 1360 legem
1620 1289 1732 1345 Deo
1755 1292 2029 1349 statuatis.

471 1390 530 1435 ut
556 1383 608 1434 in
638 1396 735 1436 vos
764 1390 973 1435 tantum
1005 1382 1233 1453 gratiam
1266 1396 1418 1436 suam
1456 1380 1716 1436 ell‘undat.

549 1471 718 1527 Vens.
765 1475 850 1527 ll.
883 1473 1221 1528 Committite
1260 1473 1393 1526 mihi
1425 1488 1645 1528 causam
1678 1481 1938 1534 vestram,
1973 1481 2026 1528 et

468 1579 497 1618 a
522 1567 698 1621 salute
727 1582 835 1620 non
875 1567 1163 1622 aberretis.
1209 1563 1331 1620 Non
1369 1565 1499 1620 mihi
1531 1581 1666 1637 opus
1696 1567 1804 1621 erit
1830 1567 2029 1621 exhor-

468 1657 766 1712 tationibus
793 1665 846 1712 et
873 1656 1456 1712 commendationibus
1484 1657 1706 1721 vestris,
1732 1666 1793 1711 ut
1821 1673 1953 1711 cura
1980 1665 2033 1711 et

466 1748 802 1816 providentia
837 1757 1115 1803 creaturas
1143 1763 1293 1803 meas
1323 1747 1530 1804 foveam
1552 1788 1567 1812 ,
1613 1765 1733 1819 qua:
1763 1765 1863 1820 pro
1905 1749 2030 1802 ﬁliis

2135 551 2227 602 ἐπὶ
2249 552 2314 620 τῇ
2340 549 2518 602 αὑτῶν
2546 545 2764 618 παρόδῳ
2799 541 3088 616 προστάξει
3108 540 3269 594 Θεοῦ.

2217 642 2347 694 Ἀπὸ
2393 640 2501 694 τῶν
2566 638 2642 711 μὴ
2687 634 3051 706 ἐνδεχομένων
3095 632 3342 702 γίνεσθαι
3393 634 3717 705 apparats:

2133 735 2361 798 αὐτοὺς,
2399 732 2671 786 παιδεύων
2723 727 2893 784 εἴκειν
2938 730 3051 792 τοῖς
3105 725 3254 796 παρὰ
3293 725 3393 778 τοῦ
3428 725 3555 779 Θεοῦ
3612 727 3717 778 ἐπὶ

2137 827 2377 899 σωτηρίᾳ
2404 825 2510 878 τῶν
2553 823 2721 878 ἐθνῶν
2759 822 3010 894 μέλλουσι
3051 819 3499 892 χαρισθήσεσθαι·
3533 823 3713 890 ὅνπερ

2134 919 2242 990 γάρ
2272 919 2472 990 τρόπον
2521 914 2642 970 οὗτε
2690 914 2863 986 πηλὸς
2918 912 3318 979 ἐπιδιατάξεται
3475 911 3705 982 πλάστῃ,

2134 1010 2258 1064 οὑτε
2305 1010 2470 1063 τέκνα
2510 1008 2743 1062 κωλύσει
2771 1006 2986 1078 πατέρα
3030 1005 3324 1059 σπεύδοντα
3365 1005 3463 1056 καὶ
3513 1005 3712 1074 ἐτέρων

2135 1103 2341 1155 τέκνων
2377 1101 2627 1170 γενέσθαι
2684 1099 2919 1171 πατέρα,
2961 1098 3054 1152 καί
3100 1098 3309 1169 μητέονι
3340 1095 3716 1167 κυοφοροῦσαν

2137 1195 2432 1258 αἰτιᾶσθαι,
2481 1193 2656 1256 οὓτως
2697 1192 2930 1256 ἀσεϐοῦς
2964 1192 3115 1254 ὄντος
3137 1206 3154 1221 ·
3183 1190 3291 1243 οὐδ’
3322 1189 3514 1259 ὑμεῖς,
3559 1189 3716 1258 φησι,

2136 1286 2212 1358 τῷ
2243 1285 2362 1356 Θεῷ
2400 1283 2808 1352 ἐπιδιατάξεσθε
2856 1284 2936 1346 εἰς
2983 1283 3125 1352 ὑμᾶς
3159 1281 3353 1349 μόνους
3391 1280 3720 1350 περιστῆναι

2141 1378 2205 1430 τὰ
2235 1380 2332 1450 τῆς
2363 1377 2529 1431 αὐτοῦ
2562 1378 2803 1450 χάριτος.

2211 1471 2362 1540 Ἐμοὶ
2386 1471 2724 1542 ἐπιγράψατε
2761 1468 2858 1541 τὴν
2892 1467 3161 1540 ὑμετέραν
3194 1467 3450 1537 φροντίδα
3475 1505 3490 1529 ,
3519 1465 3615 1518 καὶ
3648 1467 3711 1518 οὗ

2141 1561 2214 1631 μὴ
2241 1561 2576 1632 διαμάρτητε
2602 1560 2870 1631 σωτηρίας
2892 1575 2906 1590 ’
2931 1557 3055 1612 οὔτε
3083 1558 3190 1630 γάρ
3210 1558 3310 1627 τῆς
3338 1557 3493 1628 ὑμῶν
3519 1556 3713 1628 δεηθῇ-

2140 1669 2302 1722 σομαι
2329 1652 2688 1723 ὑπομνήσεως
2724 1651 2757 1722 ἦ
2793 1650 3219 1721 παρακλήσεως,
3244 1650 3384 1703 ὥστε
3416 1648 3528 1719 ἐμά
3548 1651 3708 1719 ποιὴ-

2141 1760 2285 1814 ματα
2317 1744 2352 1797 ἂ
2384 1744 2441 1796 ἐν
2470 1743 2606 1805 υἱοῖς
2639 1744 2732 1796 καὶ
2755 1740 3057 1814 Θυγατράσι
3078 1740 3471 1811 κατειλεγμένα
3504 1742 3708 1808 τυγχά-

474 1845 528 1892 ct
563 1837 777 1894 ﬁliabus
811 1838 1118 1894 habuerim.
1152 1837 1264 1893 Nec
1299 1837 1402 1894 feci
1429 1839 1627 1894 caelum
1659 1846 1714 1895 et
1746 1847 1948 1894 terram
1977 1846 2036 1892 ut

2145 1851 2252 1900 νει,
2289 1834 2603 1906 ἐπιμελείας
2634 1834 2728 1888 καὶ
2768 1833 3048 1907 φροντίδος
3079 1832 3411 1903 ἀξιωθῆναι·
3455 1833 3572 1886 οὑδέ
3599 1834 3709 1903 γάρ

476 1931 602 1984 usui
634 1931 766 1984 mihi
798 1939 1004 1992 essent,
1039 1937 1100 1984 ut
1125 1931 1323 1986 coelum
1368 1945 1467 2002 pro
1501 1931 1721 1992 throno,
1746 1938 1799 1986 et
1837 1939 2037 1985 terram

467 2034 568 2091 pro
635 2021 871 2077 scabello
937 2021 1226 2081 haberem.
1298 2029 1358 2076 ut
1405 2022 1513 2077 illis
1568 2022 1870 2077 involvercr
1922 2036 2040 2091 qua:

468 2113 750 2168 voluntate
801 2127 920 2168 mea
968 2113 1088 2183 ipsa
1143 2112 1526 2181 continentur;
1577 2114 1671 2170 sed
1707 2114 1759 2166 in
1796 2122 2036 2168 vestram

469 2206 759 2260 utilitatem
790 2210 988 2259 cuncta
1029 2203 1298 2274 disposui.
1339 2203 1650 2260 Praesertim
1687 2221 1817 2260 vero
1859 2205 2041 2260 stella-

471 2311 595 2351 rum
625 2311 825 2353 cursus
855 2305 910 2352 et
941 2296 1210 2352 stationes
1241 2295 1427 2368 dirigit
1458 2298 1712 2352 voluntas
1751 2312 1870 2350 mea
1899 2312 1911 2347 :
1942 2311 2042 2351 nec

471 2388 678 2457 angelis
705 2388 850 2452 licet,
871 2388 1000 2443 dum
1031 2388 1146 2444 haec
1171 2390 1242 2444 ita
1275 2398 1558 2458 reguntur,
1590 2389 1703 2443 otio
1733 2403 1791 2444 se
1821 2389 2037 2454 dedere,

475 2478 573 2534 sed
600 2479 789 2535 laudes
819 2480 953 2534 mihi
972 2480 1366 2536 trihueruntab
1387 2481 1520 2550 ipsis
1541 2480 1791 2545 debitas;
1827 2479 2041 2534 cunctis

472 2571 637 2642 igitur
667 2587 696 2625 a
745 2589 831 2628 me
877 2572 1168 2635 ordinatis,
1205 2587 1303 2626 nec
1344 2579 1572 2627 terrenae
1619 2586 1706 2625 me
1748 2571 2036 2642 ell‘ugiunt.

474 2659 567 2715 Sic
596 2661 878 2731 apparebit
899 2661 1077 2733 Cyrus
1117 2677 1210 2716 rex
1247 2669 1301 2716 et
1328 2663 1526 2731 pietate
1577 2661 1634 2716 in
1677 2676 1763 2716 me
1810 2661 2041 2731 insignis

471 2760 525 2807 et
565 2761 708 2807 recta
765 2753 1068 2823 professus.
1117 2753 1237 2808 Non
1285 2753 1477 2808 latebit
1525 2753 1810 2808 scientiam
1865 2768 2039 2808 meam

471 2851 721 2913 tempore
751 2860 853 2899 suo
881 2853 1068 2912 natus,
1102 2860 1210 2900 non
1242 2845 1471 2900 arbitrio
1505 2861 1623 2910 suo,
1649 2846 1740 2900 sed
1764 2854 1897 2900 nutu
1921 2862 2041 2902 meo

473 2936 640 2989 vitam
665 2936 940 3006 disponet,
965 2936 1199 2992 reditum
1233 2936 1390 2990 vobis
1411 2952 1474 2991 ex
1498 2936 1816 3005 captivitate
1845 2952 2040 2992 conce-

473 3027 586 3092 det,
628 3036 682 3081 et
725 3027 1032 3084 Jerusalem
1061 3028 1241 3083 denuo
1281 3028 1592 3090 :rdiﬁcabit.
1638 3045 1747 3084 non
1797 3031 1972 3101 pretio
2008 3046 2039 3084 a

475 3119 630 3174 vobis
660 3119 810 3185 dato,
839 3119 933 3174 sed
965 3119 1196 3189 jubente
1228 3122 1512 3176 voluntate
1545 3137 1686 3177 mea.

2142 1928 2365 1999 οὐρανὸν
2393 1929 2487 1982 καὶ
2513 1927 2614 1998 γῆν
2647 1925 3065 1990 κατασκευάζων
3088 1925 3164 1989 ὡς
3204 1925 3326 1994 ἐμοὶ
3356 1926 3543 1996 χρείαν
3585 1941 3710 1976 συν-

2139 2021 2422 2075 τελέσοντα
2451 2021 2666 2074 ἐποίουν
2690 2059 2704 2085 ,
2745 2019 2830 2073 ἵνα
2861 2015 2895 2093 ᾗ
2939 2035 3028 2088 μοι
3079 2016 3268 2088 θρόνος
3297 2019 3325 2070 ὁ
3351 2016 3602 2087 οὐρανὸς,
3637 2018 3709 2086 γῆ

2139 2113 2195 2166 δὲ
2222 2113 2509 2166 ὑποπόδιον
2530 2154 2545 2178 ,
2579 2113 2673 2166 καὶ
2709 2113 2767 2165 ἐν
2797 2110 3006 2174 τούτοις
3038 2109 3406 2181 περιέχωμαι,
3430 2109 3588 2161 ὁπότε
3625 2110 3708 2178 τῷ

2140 2204 2256 2276 ἐμῷ
2303 2203 2562 2276 θελήματι
2591 2203 2763 2257 ταῦτα
2799 2203 3072 2273 συνέχεται
3109 2241 3124 2265 ,
3180 2201 3293 2255 ἀλλ’
3331 2204 3405 2264 εἰς
3436 2201 3711 2272 ὑμετέραν

2141 2295 2327 2366 χρείαν
2355 2289 2627 2365 ὑφιστῶν·
2654 2296 2716 2348 οὑ
2749 2295 2853 2366 μὴν
2886 2293 3018 2348 ἀλλὰ
3051 2294 3145 2347 καὶ
3194 2293 3438 2364 ἀστέρων
3482 2293 3711 2364 δρόμως

2141 2388 2234 2442 καὶ
2271 2389 2484 2452 στάσεις
2529 2388 2590 2441 τὸ
2632 2387 2764 2458 ἐμὸν
2799 2387 3043 2458 βούλημα
3076 2385 3274 2439 ἱΘύνει’
3317 2386 3412 2438 καὶ
3437 2384 3543 2455 γὰρ
3572 2401 3713 2452 γινο-

2145 2481 2320 2552 μένων
2375 2481 2587 2544 αύτῶν,
2639 2480 2858 2549 ἄγγελοι
2909 2479 3198 2551 ἡσυχάζειν
3253 2478 3355 2531 οὑκ
3404 2479 3712 2548 ἠνέσχοντο,

2141 2572 2276 2626 ἀλλὰ
2307 2573 2399 2627 τὸν
2429 2574 2514 2626 ἐπ’
2549 2573 2732 2638 αὑτοῖς
2763 2568 2910 2626 αἶνον
2949 2571 3298 2642 ὀφειλόμενόν
3332 2589 3422 2642 μοι
3452 2570 3713 2624 aurisau—

2141 2681 2288 2719 κασι.
2326 2665 2549 2719 Πάντων
2587 2665 2762 2718 τοίνυν
2803 2665 2892 2718 ὑπ’
2922 2664 3056 2734 ἐμοῦ
3090 2663 3546 2736 κυϐερνωμένων,
3589 2664 3710 2716 ούδέ

2140 2754 2221 2807 τά
2245 2754 2337 2806 ἐπὶ
2368 2753 2468 2824 τῆς
2491 2753 2596 2823 γῆς
2622 2754 2960 2824 ἐκπέφευγον
2985 2771 2999 2784 ·
3040 2754 3175 2808 ἀλλὰ
3203 2755 3298 2807 καὶ
3325 2753 3502 2825 Κῦρος
3530 2754 3558 2806 ὁ
3606 2753 3705 2823 βα-

2143 2849 2318 2912 σιλεὺς
2354 2848 2592 2902 εὐσεϐῶν
2619 2848 2686 2902 τὰ
2731 2849 2866 2920 πρὸς
2899 2850 2996 2921 ἐμὲ
3027 2850 3119 2903 καὶ
3147 2845 3207 2903 εὖ
3257 2849 3508 2922 πράσσων
3538 2850 3710 2918 ἐγνω-

2143 2955 2291 2993 σται’
2347 2939 2441 2993 καὶ
2488 2939 2684 2993 ούποτε
2715 2940 2935 3011 λήσεται
2985 2941 3083 3010 τὴν
3136 2943 3271 3013 ἐμὴν
3323 2941 3526 3010 γνῶσιν
3571 2942 3714 2995 κατᾶ

2141 3032 2362 3103 χρόνους
2394 3031 2556 3096 ἰδίους
2587 3031 2956 3102 γεννώμενος,
2985 3035 3079 3086 καὶ
3110 3034 3206 3086 οὑκ
3239 3033 3416 3104 οἰκείᾳ
3455 3033 3714 3105 προαιρέ-

2144 3140 2224 3176 σει
2256 3119 2315 3176 εὖ
2341 3122 2577 3192 βιώσων,
2610 3121 2744 3175 ἀλλὰ
2775 3123 2851 3194 τῷ
2874 3123 2992 3194 ἐμῷ
3025 3123 3236 3193 νεύματι
3256 3163 3270 3186 ,
3321 3126 3416 3176 καὶ
3450 3124 3546 3195 τὴν
3575 3123 3714 3176 κάο-

471 3216 588 3270 οδον
617 3215 744 3285 ὑμῖν
795 3215 892 3286 τὴν
930 3216 1037 3268 άπὸ
1094 3217 1194 3286 τῆς
1253 3217 1623 3289 αἰχμαλωσίας
1663 3217 1966 3283 ἀποδώσει,
2028 3218 2122 3272 καὶ
2156 3217 2253 3290 τὴν
2318 3216 2671 3289 Ἰερουσαλὴμ
2706 3217 3046 3287 οἰκοδομήσει
3085 3259 3100 3283 ,
3147 3218 3202 3270 οὑ
3254 3219 3508 3288 χρήματα
3567 3221 3708 3286 παρ’

473 3309 626 3382 ὑμῶν
654 3309 1012 3380 κομιζόμενος
1039 3349 1053 3375 ,
1092 3311 1228 3366 ἀλλὰ
1255 3311 1333 3383 τῷ
1375 3313 1495 3384 ἐμῷ
1523 3313 1751 3386 νεύματι
1789 3315 1970 3370 εἴκων.

491 3433 496 3444 ι
555 3400 720 3457 Vens.
766 3403 853 3456 14.
888 3403 1101 3460 Rursus
1138 3404 1206 3459 ad
1236 3405 1654 3463 confundendos
1687 3423 1782 3464 eos
1829 3425 2036 3465 memo-

2204 3400 2372 3454 Πάλιν
2387 3400 2494 3454 τῶν
2525 3401 2583 3454 ἐν
2594 3399 2850 3473 Αἰγύπτῳ
2867 3403 3129 3455 ἐπονειδεί
3145 3400 3323 3474 [-ίζει]
3339 3402 3433 3473 τὴν
3461 3403 3562 3473 μνή
3572 3422 3669 3474 μην
3683 3445 3705 3472 ,

477 3494 618 3548 riam
652 3510 836 3550 rerum
868 3503 1089 3551 revocat
1118 3497 1172 3551 in
1200 3497 1436 3569 Egypto
1470 3508 1747 3570 gestarum
1785 3514 1840 3557 et
1881 3506 2045 3560 mira-

475 3589 722 3642 culorum
780 3604 810 3641 a
861 3586 974 3643 Deo
1029 3599 1220 3643 contra
1267 3589 1549 3661 Egyptios
1610 3607 1711 3662 pro
1763 3593 2044 3652 liberando

476 3677 674 3747 populo
731 3677 1019 3733 editorum.
1078 3677 1159 3733 llli
1228 3681 1446 3749 quidem
1506 3681 1891 3739 laboraverunt
1947 3689 2044 3742 ob-

478 3767 764 3836 Stupel'acti
792 3785 807 3833 ;
841 3782 938 3822 vos
962 3782 1092 3824 vero
1121 3783 1151 3822 a
1186 3770 1422 3840 peccatis
1463 3786 1573 3826 non
1598 3775 1924 3843 recessistis,
1948 3777 2042 3833 sed

474 3865 633 3913 vanis
658 3861 858 3916 vestris
873 3861 1338 3931 negotiationibus
1367 3863 1762 3935 defatigamini.
1794 3867 1864 3920 Et
1882 3871 2041 3937 paulo

475 3957 630 4016 post:
655 3947 1064 4019 Negligentibus
1087 3961 1266 4006 autem
1289 3952 1444 4008 vobis
1468 3951 1636 4008 Deum
1663 3963 1717 4010 et
1737 3971 1922 4012 curam
1947 3959 2040 4015 Dei

476 4037 864 4102 abnuentibus,
901 4041 1183 4111 apparebit
1229 4040 1401 4099 Filius
1437 4045 1771 4114 unigenitus,
1816 4050 1908 4119 qui
1945 4066 2043 4106 vo-

475 4127 742 4182 luntatem
775 4145 947 4184 meam
998 4132 1267 4202 perﬁciet,
1315 4143 1369 4189 et
1402 4137 1658 4192 omnibus
1685 4136 1854 4195 Israel
1893 4143 2037 4212 erit;

476 4222 712 4275 maxime
747 4237 876 4276 vero
903 4220 1072 4278 Iudas
1122 4225 1381 4291 erit-ille,
1415 4227 1470 4280 in
1501 4243 1611 4297 quo
1655 4239 1779 4284 vota
1814 4231 2038 4299 faciant,

477 4324 574 4379 per
615 4325 774 4380 quem
824 4311 1090 4367 beneﬁcia
1139 4331 1260 4370 mea
1323 4319 1661 4385 sortiantur,
1706 4332 1761 4376 et
1809 4323 2037 4380 salutem

477 4412 907 4473 consequantur.
958 4405 1074 4472 Qua
1125 4409 1269 4463 enim
1315 4412 1530 4468 ratione
1577 4416 1937 4485 complebitur
1975 4419 2040 4473 il-

481 4494 574 4548 lud
597 4514 608 4549 :
635 4514 653 4546 ι
684 4495 757 4550 Ex
784 4497 1019 4568 Egypto
1047 4501 1233 4555 vocavi
1275 4500 1468 4558 Filium
1505 4519 1683 4560 meum
1712 4507 1772 4561 η.
1809 4526 1828 4559 ι
1866 4507 2037 4566 1ο(ιωί

477 4587 621 4642 enim
651 4588 996 4644 nomen‘Filii
1023 4589 1428 4661 fastidiverunt,
1465 4603 1519 4650 et
1554 4597 1904 4656 multitudine
1946 4601 2038 4657 be—

477 4677 793 4733 neliciorum
838 4696 1082 4736 meorum
1133 4686 1375 4740 converti
1422 4687 1748 4756 noluerunt;
1790 4693 2038 4764 unigeni-

478 4778 566 4826 tus
591 4786 718 4826 vero
744 4772 913 4828 Filius
938 4783 1283 4844 praestantem
1313 4779 1459 4832 illam
1482 4796 1670 4837 vocem
1704 4783 2040 4854 sibi-optime

479 4859 803 4927 vindicavit;
831 4879 956 4917 nam
991 4879 1116 4919 cum
1167 4874 1289 4936 post
1317 4866 1634 4924 defunctum
1674 4869 1942 4926 Herodem
1973 4889 2040 4928 ex

480 4949 715 5024 .Egypto
745 4954 968 5018 rediret,
1011 4957 1316 5014 rectissime
1351 4959 1686 5016 intellectum
1715 4970 1799 5017 est
1829 4963 1896 5018 de
1920 4963 2040 5034 ipso

480 5044 610 5099 illud
641 5043 858 5100 eﬁatum
887 5066 900 5101 :
937 5067 954 5098 ι
986 5047 1060 5101 Ex
1079 5046 1312 5120 Egypto
1341 5054 1528 5107 vocavi
1555 5050 1751 5108 Filium
1784 5070 1984 5110 meum.
2016 5074 2034 5108 ι

553 5219 713 5277 Vens.
751 5223 836 5278 l6.
877 5223 1209 5282 Referuntur
1247 5229 1360 5285 haec
1388 5231 1443 5286 in
1473 5232 1671 5304 Cyrum
1701 5251 1916 5306 regem;
1946 5237 2041 5307 qui

478 5311 623 5366 enim
656 5313 930 5370 voluerint
961 5319 1009 5372 ei
1043 5319 1332 5385 resistere,
1373 5323 1510 5378 nihil
1553 5325 1700 5380 aliud
1735 5327 2040 5396 proﬁcient,

480 5401 575 5457 sed
620 5405 1061 5471 confundentur;
1113 5411 1404 5470 intendunt
1447 5417 1615 5470 etiam
1665 5416 1854 5486 Israel,
1883 5421 2043 5490 cujus

482 5492 539 5547 in
580 5508 776 5551 manus
823 5511 1012 5554 omnes
1067 5501 1452 5562 tradentur.—
1486 5505 1698 5566 Insulas
1751 5509 1839 5564 hic
1887 5519 2042 5565 vocat

484 5582 632 5651 ipsas
675 5583 974 5642 insularum
1029 5593 1298 5660 regiones.
1355 5595 1534 5652 Insula
1580 5600 1782 5655 dicitur
1825 5609 1878 5656 et
1926 5603 2042 5673 ipsa

559 5741 598 5770 ¹⁹
622 5739 741 5795 Osc.
783 5759 856 5804 Kl,
891 5745 950 5805 l;
986 5745 1169 5802 Matth.
1203 5765 1259 5810 tt.
1293 5751 1356 5805 l5

2146 3492 2238 3544 καὶ
2263 3491 2370 3546 τῶν
2392 3493 2509 3545 ἐκεῖ
2535 3492 3130 3565 θαυματουργηθέντων
3165 3491 3271 3546 ὑπὸ
3295 3493 3388 3546 τοῦ
3414 3493 3548 3548 Θεοῦ
3576 3498 3714 3550 κατὰ

2144 3583 2251 3636 τῶν
2286 3583 2594 3651 Αἰγυπτίων
2634 3584 2727 3637 ἐπὶ
2759 3587 2827 3656 τῇ
2859 3583 2952 3636 τοῦ
2981 3583 3112 3638 λαοῦ
3159 3583 3443 3657 ἐλευθερίᾳ·
3472 3587 3714 3658 ὑπόμνη-

2148 3692 2262 3738 σιςο
2298 3675 2373 3738 ὡς
2399 3677 2594 3729 ἐκεῖνοι
2626 3675 2724 3746 μὲν
2755 3675 3112 3746 πληττόμενοι
3143 3677 3487 3748 κεκμήκασιν
3508 3718 3524 3741 ,
3559 3679 3716 3750 ὑμεῖς

2143 3767 2199 3820 δὲ
2240 3767 2644 3838 ἁμαρτάνοντες
2696 3768 2795 3820 ούκ
2851 3767 3175 3821 ἐνδεδώκατε
3196 3786 3210 3798 ·
3261 3769 3398 3822 ἀλλά
3446 3771 3541 3823 καὶ
3594 3775 3713 3834 ταῖς

2143 3857 2348 3911 ἑαυτῶν
2387 3858 2676 3930 ἐμπορίαις
2709 3860 3175 3930 ἐματαιοπονείτε.
3211 3862 3318 3915 Καὶ
3348 3863 3476 3931 μετ’
3502 3864 3674 3933 ὀλίγα
3696 3881 3714 3893 ·

2155 3948 2339 4019 ’Υμῶν
2367 3951 2424 4002 δὲ
2452 3950 2796 4022 ἀμελούντων
2817 3993 2830 4014 ,
2859 3952 2952 4006 καὶ
2978 3951 3076 4022 τὴν
3100 3953 3252 4025 παρὰ
3272 3953 3366 4006 τοῦ
3392 3954 3525 4007 Θεοῦ
3557 3957 3717 4026 κηδε-

2145 4043 2334 4111 μονίαν
2363 4043 2888 4115 ἀποστρεφομένων,
2915 4045 3184 4116 παρέσται
3209 4048 3238 4099 ὁ
3267 4047 3554 4118 μονογενής
3583 4048 3715 4110 Υἱὸς

2141 4134 2444 4205 πληρώσων
2487 4136 2545 4189 τὸ
2581 4137 2710 4206 ἐμὸν
2747 4137 2990 4208 Θέλημα,
3027 4139 3122 4192 καὶ
3153 4142 3267 4202 τοῖς
3297 4142 3454 4192 πᾶσιν
3488 4139 3713 4210 Ἰσραὴλ

2140 4226 2418 4297 γινόμενος
2443 4243 2458 4258 ο
2499 4228 2559 4280 οὑ
2603 4227 2706 4298 μὴν
2735 4229 2872 4282 ἀλλὰ
2898 4231 2992 4284 καὶ
3024 4230 3255 4295 Ἰούδας,
3282 4234 3339 4285 ἐν
3363 4225 3503 4304 ᾧπερ
3538 4251 3714 4304 προακο

2140 4319 2416 4384 εύξονται⁸
2459 4321 2528 4373 δι’
2585 4316 2646 4374 οὗ
2680 4323 2775 4375 καὶ
2816 4323 2922 4377 τῶν
2967 4325 3115 4394 ἐμῶν
3145 4324 3536 4378 ἀπολαύσουσιν
3570 4327 3712 4394 ἀγα.-

2142 4411 2248 4464 θῶν
2271 4452 2286 4476 ,
2319 4413 2412 4466 καὶ
2451 4415 2723 4486 σωτηρίας
2756 4414 3031 4480 τεύξονται
3058 4433 3073 4447 ο
3119 4418 3215 4472 καὶ
3251 4417 3361 4488 γὰρ
3392 4419 3488 4484 τὸ,
3533 4437 3552 4469 ι
3593 4419 3716 4471 Ἀπ’

2139 4503 2410 4572 Αἰγύπτου
2445 4505 2679 4560 ἐκάλεσα
2715 4507 2804 4560 τὸν
2843 4508 2970 4562 Υἰόν
3007 4527 3140 4580 μου,
3187 4528 3206 4560 ι
3247 4509 3434 4563 τοῦτον
3465 4510 3557 4562 τὸν
3594 4509 3718 4580 τρό-

2140 4613 2238 4649 πον
2270 4596 2571 4668 ἐπληροῦτο
2595 4615 2608 4628 ⁸
2653 4599 2922 4653 Ἰουδαίων
2949 4601 3046 4670 μὲν
3068 4601 3130 4654 τὸ
3161 4601 3290 4654 Υἰοῦ
3316 4601 3488 4672 ὗνομα
3519 4601 3720 4671 ἀθετη-

2145 4689 2352 4742 σάντων
2378 4729 2393 4754 ,
2436 4691 2530 4743 καὶ
2565 4691 2697 4763 μηδέ
2745 4691 2821 4763 τῷ
2873 4692 3065 4763 πλήθει
3105 4693 3214 4746 τῶν
3264 4693 3720 4764 παρασχεθέντων

2146 4781 2326 4844 αὑτοῖς
2370 4781 2858 4853 ἐκδυσωπηθέντων
2891 4801 2904 4812 ·
2954 4783 3045 4836 τοῦ
3095 4784 3151 4837 δὲ
3212 4783 3528 4856 μονογενοῦς
3582 4784 3718 4837 Υἰοῦ

2146 4872 2567 4942 οἰκειωσαμένου
2602 4874 2806 4946 κυρίως
2839 4877 3187 4949 ῥωννυμένην
3224 4879 3408 4949 φωνήν
3434 4894 3448 4906 °
3485 4878 3576 4930 ὅτε
3608 4877 3722 4946 γάρ

2146 4963 2239 5016 ἀπ’
2268 4964 2542 5032 Αἰγύπτου
2595 4967 2729 5037 μετὰ
2773 4967 2864 5020 τὸν
2922 4967 3160 5039 Ἡρώδου
3199 4969 3426 5022 θάνατον
3467 4970 3720 5039 ἐπανῄει,

2146 5054 2414 5126 ἡρμόζετο
2443 5059 2645 5128 κυρίως
2660 5061 2752 5113 ἐπὶ
2777 5060 2939 5114 αὑτοῦ
2965 5061 3026 5114 τὸ
3047 5061 3236 5132 λεχθέν
3255 5079 3268 5092 ·
3294 5081 3312 5112 ι
3335 5061 3423 5126 Ἐξ
3438 5062 3720 5130 Αἰγύπτου

2148 5146 2380 5201 ἐκάλεσα
2413 5149 2504 5201 τὸν
2535 5150 2658 5202 Υἰόν
2694 5168 2817 5220 μου.
2857 5171 2875 5202 ›

2195 5238 2564 5309 λΛαμΕάνεται
2595 5242 2692 5312 μὲν
2731 5242 2790 5296 τὸ
2821 5243 2980 5315 ῥητὸν
3011 5245 3104 5298 καὶ
3132 5245 3214 5306 εἰς
3263 5244 3443 5316 Κῦρον
3493 5244 3588 5298 τὸν
3620 5245 3726 5316 βα-

2146 5331 2333 5393 σιλέα.
2372 5334 2456 5401 ὅτι
2504 5336 2553 5387 οἰ
2590 5336 2762 5408 τούτῳ
2811 5337 3118 5409 βουλόμενοι
3151 5339 3526 5401 ἀντιστατεῖν,
3569 5339 3728 5392 οὐδὲν

2145 5423 2329 5494 ἓτερον
2355 5425 2637 5496 ὀνήσουσιν
2657 5469 2672 5488 ,
2703 5429 2736 5500 ἢ
2768 5430 3028 5501 αἰσχύνην
3053 5430 3445 5499 ἀπενέγκονται
3467 5447 3480 5460 ·
3516 5435 3727 5484 νοεῖται

2145 5513 2202 5565 δέ
2255 5516 2344 5568 καὶ
2397 5520 2475 5580 εἰς
2530 5519 2619 5572 τὸν
2691 5523 2903 5594 Ἰσραὴλ
2931 5561 2944 5585 ,
2984 5523 3060 5586 ὡς
3109 5523 3315 5586 πάντας
3372 5524 3727 5595 ὑποχειρίους

2147 5606 2342 5672 ἕξουσι.
2388 5641 2447 5649 -
2475 5613 2687 5682 Νήσους
2724 5615 2952 5668 ἐνταῦθα
3005 5615 3158 5669 καλεῖ
3206 5617 3298 5668 καὶ
3343 5617 3540 5680 αὐτοὺς
3595 5618 3728 5679 τοὺς
