3984 6212
277 367 408 425 ιειι

1692 365 1757 419 IN
1792 343 2042 427 rsum.

3347 358 3483 416 1542

272 482 474 544 τόπους
512 480 617 532 τῶν
647 480 851 550 νήσων·
884 479 1044 549 νῆσος
1079 478 1136 532 δέ
1171 480 1262 532 καὶ
1291 481 1323 549 ή
1369 479 1719 552 Ἰερουσαλὴμ
1747 483 1835 534 λέ-

1936 481 2257 544 Jerusalem,
2307 488 2492 552 utpote
2535 494 2654 549 quae
2683 478 2931 549 gentibus
2977 475 3213 546 undique
3248 475 3482 529 circum-

266 590 463 644 τεται,
514 573 843 644 συνεχομένη
887 573 984 642 μὲν
1028 571 1359 641 πανταχόθεν
1397 573 1500 625 ὑπὸ
1546 571 1650 625 τῶν
1679 591 1833 645 περι-

265 665 610 720 κυκλοῦντων
662 665 830 735 αύτὴν
875 663 1042 716 ἐθνῶν
1081 703 1095 727 ,
1153 664 1579 735 περικλυζομένη
1627 665 1683 718 δέ
1740 667 1833 718 καὶ

271 757 380 811 ὑπὸ
407 757 512 811 τῶν
540 757 631 810 τοῦ
662 755 790 810 λαοῦ
836 754 1114 827 ἁμαρτιῶν
1155 747 1228 807 ὧν
1273 755 1582 826 ἡμάρτανον
1603 796 1618 819 ,
1652 758 1732 820 είς
1768 757 1834 809 τά

275 847 372 919 εθη
404 849 510 900 τῶν
531 847 697 900 ἐθνῶν
729 847 1080 909 ἐκπίπτοντες
1103 887 1117 910 ,
1162 846 1255 899 καὶ
1292 848 1370 909 εἰς
1397 846 1834 917 είδωλολατρείαν

275 941 685 1003 ὀλισθαίνοντες.
739 938 1201 1003 Ἀνακαινίζεσθαι
1226 938 1402 993 τοίνυν
1426 940 1788 1012 προτρέπεται
1813 956 1829 970 ·

280 1032 512 1104 μάλιστα
555 1032 652 1102 μὲν
701 1031 1065 1103 πρωτοτύπως
1105 1033 1272 1103 αὐτὴν
1310 1033 1407 1104 τήν
1459 1033 1826 1103 Ἰερουσαλὴμ,

277 1122 339 1176 ού
368 1122 470 1193 μὴν
509 1122 642 1176 ἀλλὰ
691 1123 785 1176 καὶ
831 1125 1004 1178 πάντα
1033 1125 1193 1178 τόπον
1224 1126 1330 1179 τῶν
1377 1126 1543 1180 ἐθνῶν
1576 1127 1668 1180 καὶ
1700 1128 1829 1180 ἁνα-

1936 577 2231 632 ﬂuentibus
2253 573 2661 639 circumdatur;
2696 571 3084 626 circumluetur
3105 568 3264 622 etiam
3299 563 3480 637 p0puli

1935 671 2174 741 peccatis
2201 669 2400 740 quibus
2433 683 2463 721 a
2512 667 2622 722 Deo
2653 665 2985 727 defecerunt,
3030 660 3097 715 ad
3135 673 3312 713 mores
3350 673 3482 726 gen-

1934 763 2071 816 tium
2119 761 2349 832 delapsi,
2401 770 2453 814 et
2491 758 2558 811 ad
2602 759 2779 828 ipsum
2832 756 3097 810 idolorum
3144 750 3368 805 cultum.
3419 744 3486 800 Ut

1933 855 2262 907 innoventur
2293 851 2414 906 ideo
2457 854 2641 901 monet
2675 861 2810 912 eos;
2842 843 3140 915 praesertim
3180 852 3308 892 vero
3330 834 3488 889 Jeru-

1937 945 2105 1000 salem
2137 954 2192 998 et
2219 946 2514 1015 quamlibet
2541 945 2778 1015 gentium
2823 939 3098 1007 regionem
3129 933 3395 992 hortatur,
3430 933 3489 979 ut

1936 1039 2208 1108 excipiant
2245 1054 2426 1092 veram
2460 1038 2526 1092 de
2568 1036 2677 1091 Deo
2711 1033 3036 1092 doctrinam,
3066 1035 3119 1082 et
3150 1023 3258 1078 Deo
3285 1018 3487 1091 gratias

1937 1129 2272 1194 exhibentes,
2307 1131 2536 1184 salutem
2565 1129 2668 1184 sibi
2699 1133 3010 1196 operentur.

279 1215 570 1286 λαμϐάνειν
643 1216 862 1280 ἑαυτοὺς
916 1219 995 1281 είς
1051 1218 1376 1286 θεογνωσίαν
1407 1261 1424 1281 ,
1479 1221 1570 1273 καὶ
1633 1219 2113 1291 πραγματεύεσθαι
2183 1225 2391 1286 ἑαυτοῖς
2438 1221 2708 1292 σωτηρίαν
2747 1216 2992 1277 αἰώνιον,
3063 1207 3488 1282 προστρέχοντας

278 1313 342 1380 τῇ
375 1309 467 1363 τοῦ
494 1309 627 1362 Θεοῦ
658 1309 856 1380 χάριτι.

351 1405 490 1476 Πρὸς
519 1406 612 1476 τὴν
635 1405 775 1459 οῦτω
809 1407 1048 1478 μεγάλην
1073 1408 1423 1477 ἐπαγγελίαν,
1447 1411 1538 1463 καί
1566 1411 1660 1482 τήν
1689 1412 1828 1478 ἐγειο

277 1499 510 1575 ρομένην
534 1503 643 1564 τοῖς
675 1501 959 1555 ἀκούουσιν
1000 1503 1404 1573 ἀμφισϐήτησιν
1426 1543 1439 1561 .
1481 1503 1588 1556 ἀπὸ
1628 1503 1836 1568 ἀξιοπί-

275 1609 417 1644 στων
447 1591 554 1645 τῶν
581 1592 672 1645 τοῦ
697 1592 828 1646 Θεοῦ
863 1594 1035 1664 ἐργων
1063 1593 1330 1646 νουθετεῖν
1374 1593 1546 1648 ἔοικεν
1587 1597 1614 1648 ό
1639 1595 1791 1662 λόγος
1822 1610 1835 1624 ·

271 1678 442 1747 θῦτος
491 1685 597 1754 γὰρ
622 1723 636 1746 ν
688 1683 888 1754 φησὶνν
937 1687 965 1738 ὁ
1020 1684 1169 1738 ταῦτ’
1208 1685 1668 1757 ἐπαγγελλόμενος
1705 1685 1835 1749 Θεός

275 1776 424 1827 ἐστιν
442 1815 455 1837 ,
483 1777 511 1827 ό
544 1777 635 1828 καὶ
659 1777 882 1848 οὐρανὸν
909 1779 1137 1848 ποιήσας
1160 1819 1173 1842 ,
1209 1779 1299 1830 καὶ
1328 1781 1430 1848 γῆν
1462 1777 1640 1844 δείξας
1676 1777 1834 1846 ἔργον

275 1867 568 1936 γενομένην
593 1870 688 1938 τῆς
717 1868 905 1922 ἑαυτοῦ
930 1868 1301 1941 προλαϐούσης
1325 1869 1526 1932 ἐννοίας
1547 1887 1561 1900 ο
1590 1869 1682 1921 καὶ
1701 1867 1830 1921 ταύ-

273 1974 375 2028 την
404 1960 638 2029 χωρίσας
669 1960 773 2012 ἀπὸ
807 1961 914 2014 τῶν
949 1961 1156 2014 ὑδάτων
1194 1961 1564 2032 συναχθέντων
1599 1962 1678 2024 είς
1705 1978 1830 2013 συν-

275 2049 514 2117 αγωγάς.
575 2051 632 2101 ’0
686 2052 861 2104 τοίνυν
911 2051 1016 2104 τῶν
1071 2052 1286 2122 φύσεων
1357 2053 1561 2105 τούτων
1608 2051 1834 2122 ποιητὴς

274 2139 466 2192 οὔποτε
495 2140 757 2194 παύσεται
787 2142 1356 2214 φιλανθρωπευόμενος
1383 2160 1396 2172 ο
1437 2143 1556 2196 οὐδὲ
1592 2141 1699 2213 γάρ
1738 2143 1832 2194 ἁν-

275 2231 524 2306 θρώπους
549 2235 626 2296 είς
653 2235 712 2286 τὸ
744 2229 880 2286 εἶναι
910 2236 1228 2305 παρήγαγεν
1254 2273 1269 2296 ,
1302 2233 1367 2286 ἵν’
1401 2233 1498 2306 ἔχῃ
1534 2232 1626 2296 οῦς
1665 2250 1836 2302 τιμω-

279 2327 538 2396 ρήσηται,
567 2326 660 2378 καὶ
691 2324 893 2396 ἔρημον
922 2325 1124 2378 τούτων
1148 2323 1244 2396 τήν
1275 2326 1376 2395 γῆν
1406 2326 1654 2395 ἀποφήνῃ
1676 2365 1690 2388 ,
1722 2324 1833 2376 ἀλλ’

275 2417 362 2468 ἵνα
389 2415 666 2478 οἰκοῦντας
682 2417 938 2486 εὐεργετῇ
962 2457 975 2478 ,
1005 2417 1096 2468 καὶ
1122 2415 1512 2486 μετανοοῦντας
1538 2415 1685 2487 σώζῃ
1705 2456 1718 2479 ,
1743 2415 1836 2468 καὶ

275 2507 734 2574 ἐπιγινώσκοντας
768 2507 928 2560 αὐτὸν
955 2506 1158 2578 διδάξῃ.

347 2601 407 2651 Οί
436 2598 611 2650 τοίνυν
641 2601 704 2651 ἐκ
729 2598 835 2650 τῶν
869 2597 1035 2651 ἐθνῶν
1061 2599 1191 2651 Θεὸν
1216 2599 1585 2666 ἐπεγνωκότες
1610 2599 1703 2651 καὶ
1733 2615 1836 2651 σω-

272 2688 466 2757 τηρίας
493 2687 630 2754 ἄξιοι
667 2687 1104 2758 ἀναδειχθέντες,
1147 2689 1541 2759 συστρέψαντες
1590 2691 1833 2755 ἑαυτοὺς,

275 2780 371 2832 καὶ
398 2778 537 2831 κατά
564 2779 685 2832 νοῦν
720 2780 1190 2850 συσκοπησάμενοι
1211 2821 1224 2841 ,
1259 2781 1320 2833 τὸ
1352 2781 1549 2834 ἄτοπον
1577 2780 1833 2844 συνίδετε,

274 2870 357 2921 ὅτι
403 2872 450 2922 οἱ
504 2871 588 2922 ἐπ’
621 2868 784 2940 ῶμων
824 2869 1076 2941 φέροντες
1123 2871 1189 2923 τὰ
1237 2873 1442 2925 ἑαυτῶν
1497 2872 1833 2941 σεϐάσματα,

277 2963 372 3014 καὶ
429 2961 675 3033 βοήθειαν
728 2961 938 3024 τούτοις
985 2962 1268 3032 νέμοντες,
1325 2963 1384 3015 οῦ
1445 2966 1560 3032 μετ’
1596 2964 1657 3015 ού
1702 2962 1834 3014 πολὺ

275 3053 429 3106 πλεῖν
456 3053 756 3124 μέλλοντες,
795 3053 887 3106 καὶ
919 3053 1134 3124 μακρὰν
1167 3053 1281 3106 ὁδὸν
1318 3053 1675 3124 στελλόμενοι,
1706 3053 1834 3124 παρ’

275 3145 499 3199 ἐκείνων
545 3145 796 3199 ἐπάνοδον
849 3143 1161 3216 ἐπιζητοῦσι
1185 3185 1200 3206 ,
1234 3146 1326 3197 καὶ
1357 3145 1624 3214 σωτηρίαν
1657 3145 1835 3208 αὐτοῖς
1861 3174 1902 3228 C

274 3235 625 3306 χορηγεῖσθαι
658 3235 948 3306 ήλπίκασιο
995 3233 1111 3286 δέον
1141 3233 1201 3285 τὸ
1232 3233 1426 3286 ἄτοπον
1464 3231 1686 3284 συνιδεῖν
1706 3273 1721 3297 ,
1753 3234 1833 3286 ὅτι

275 3326 565 3395 ὁέμψυχος
602 3328 694 3378 καὶ
731 3325 906 3394 ἐαυτῷ
956 3324 1257 3394 ἐπαμύνειν
1311 3323 1637 3392 δυνάμενος,
1689 3324 1838 3393 παρά

272 3415 372 3474 τοῦ
407 3415 635 3484 ἁϐοήθου
681 3415 771 3465 καὶ
809 3413 1130 3482 ἀναισθήτου
1163 3411 1312 3465 οὐδὲν
1342 3411 1452 3464 τῶν
1516 3411 1694 3464 καλῶν
1739 3414 1840 3468 ὰπ-

276 3502 514 3556 ὠνασθαι
542 3502 760 3554 δύναται
786 3505 804 3571 (
815 3501 919 3570 ΙΟ).

350 3594 423 3646 Τὸ
460 3592 818 3664 ἀκοινώνητον
855 3592 955 3663 τῆς
986 3591 1080 3645 τοῦ
1111 3590 1246 3644 Θεοῦ
1287 3590 1500 3661 φύσεως
1539 3592 1632 3646 καὶ
1673 3592 1839 3662 ἀσύγ-

279 3702 464 3759 κριτον
493 3686 594 3739 κάν
625 3684 797 3754 τούτῳ
833 3683 1180 3754 σημαίνεται’
1232 3683 1453 3754 μηδενὸς
1498 3682 1655 3738 ἄλλου
1698 3683 1838 3737 οὕτω

276 3779 340 3834 τὸ
371 3775 507 3832 εἶναι
536 3775 867 3846 κεκτημένου
891 3816 906 3840 ,
939 3774 1098 3844 μόνου
1140 3774 1197 3827 δὲ
1236 3775 1386 3838 ὄντος
1424 3776 1713 3847 ἀγενήτου,
1747 3778 1838 3830 καὶ

276 3872 340 3924 τὸ
363 3870 566 3924 δίκαιον
601 3867 813 3936 ἑκάστῳ
854 3867 1126 3936 νέμοντος.
1155 3897 1227 3908 -
1260 3866 1464 3936 Ἰησοῦς
1493 3868 1550 3922 δέ
1587 3871 1702 3924 ἐστι
1737 3887 1840 3923 σω.

276 3963 440 4035 τηρία
466 3961 600 4014 Θεοῦ
619 4001 632 4022 ,
671 3961 787 4013 κατ’
817 3958 946 4011 αὐτὸ
976 3958 1036 4011 τὸ
1069 3958 1237 4027 ὄνομα
1257 3974 1273 3989 ·
1301 3959 1392 4014 καὶ
1419 3961 1447 4012 ό
1483 3941 1675 4032 ῗωτὴρ
1707 3961 1838 4024 Θεὸς

277 4059 335 4110 ἐν
372 4054 518 4125 αὐτῷ
541 4098 554 4119 ,
592 4054 683 4106 καὶ
727 4052 886 4115 αὐτὸς
913 4053 970 4103 ἐν
997 4051 1112 4122 Θεῷ
1141 4068 1154 4082 ο
1200 4053 1258 4104 ού
1293 4051 1355 4122 δή
1387 4052 1475 4105 τὸν
1506 4052 1681 4122 ἐαυτῷ
1709 4053 1838 4117 Θεδς

276 4146 526 4219 ἀφορίζει
564 4144 753 4199 ἑαυτοῦ
781 4142 992 4204 καὶτοῦ
1025 4137 1160 4195 εἶναι
1181 4184 1195 4203 ,
1227 4142 1361 4196 ἀλλὰ
1392 4143 1482 4195 τὸν
1512 4143 1614 4210 ἔξω
1651 4144 1742 4196 καὶ
1781 4145 1839 4197 ἐν

277 4241 443 4312 ἑτέρα
488 4239 709 4308 δυνάμει
752 4235 1094 4306 δικαιοσύνης
1128 4235 1219 4287 καὶ
1276 4236 1546 4308 σωτηρίας
1576 4252 1590 4266 ο
1625 4237 1684 4290 ού
1733 4238 1839 4308 γάρ

275 4335 428 4385 ἐστιν
461 4331 610 4384 οὐδὲν
641 4329 876 4382 τοιοῦτον
906 4326 1180 4396 ἀλλότριον
1214 4325 1307 4379 τοῦ
1339 4327 1653 4398 μονογενοῦς
1682 4327 1836 4392 Θεοῦ,

274 4425 375 4494 τῆς
431 4424 594 4494 μόνης
635 4421 813 4492 πηγῆς
853 4419 961 4472 τῶν
1005 4417 1223 4486 ἀγαθῶν
1251 4435 1262 4446 ο
1318 4419 1376 4472 ἓν
1402 4419 1508 4490 γὰρ
1538 4419 1598 4472 τὸ
1640 4419 1839 4488 ἀγαθὸν

2014 1405 2182 1461 Vens.
2233 1405 2318 1460 l8.
2357 1404 2438 1459 Ad
2505 1399 2928 1458 conﬁrmandam
2985 1401 3254 1448 tantarum
3306 1405 3488 1444 rerum

1937 1498 2404 1571 praedicationem,
2447 1505 2500 1551 et
2530 1494 2800 1550 tollendas
2833 1487 3162 1545 audientium
3197 1482 3490 1537 dubitatio-

1942 1607 2062 1655 nes,
2112 1589 2560 1660 praastantissima
2604 1586 2696 1641 Dei
2744 1581 3331 1654 operalcommemorat
3367 1588 3490 1644 pro-

1935 1685 2119 1754 pheta.
2151 1682 2253 1750 Qui
2285 1683 2388 1738 ista
2429 1680 2711 1736 denuntiat
2742 1676 2882 1731 idem
2923 1679 3028 1734 est,
3061 1669 3256 1738 inquit,
3307 1681 3367 1720 ac
3401 1666 3491 1720 ille

1939 1779 2031 1848 qui
2080 1777 2278 1834 cmlum
2325 1775 2473 1838 fecit,
2521 1782 2574 1828 et
2619 1781 2820 1826 terram
2866 1766 3208 1823 extrinsecus
3253 1759 3490 1815 ostendit

1935 1876 2113 1924 mente
2153 1870 2302 1939 prius
2345 1867 2528 1922 divina
2560 1866 2918 1936 excogitatam
2945 1903 2960 1927 ,
2997 1871 3048 1916 et
3079 1871 3196 1918 eam
3238 1855 3305 1908 ab
3334 1855 3489 1924 aquis

1933 1961 2249 2016 distinxitin
2280 1958 2730 2030 congregationes
2756 1972 2885 2011 suas
2915 1956 3119 2011 coactis
3169 1955 3364 2008 lterum
3394 1964 3489 2001 au-

1934 2060 2041 2106 tem
2073 2052 2302 2107 istarum
2337 2050 2610 2112 conditor,
2645 2064 2816 2118 usque
2850 2045 3218 2118 perseverabit
3242 2041 3490 2097 homines

1935 2143 2116 2200 studio
2151 2159 2252 2198 suo
2284 2149 2704 2212 persecuturus;
2735 2155 2844 2194 non
2873 2139 3017 2194 enim
3049 2138 3155 2192 vita
3195 2151 3289 2191 eos
3322 2133 3490 2188 dona-

1936 2233 2009 2288 vit
2042 2244 2099 2289 ut
2129 2234 2353 2287 haberet
2397 2249 2535 2302 quos
2576 2231 2814 2300 puniret,
2841 2239 2935 2282 aut
2975 2235 3175 2281 terram
3226 2225 3489 2295 prmberet

1935 2328 2004 2381 ab
2035 2328 2154 2381 istis
2199 2341 2446 2389 vacuam,
2500 2323 2595 2379 sed
2641 2332 2697 2375 ut
2745 2328 2927 2391 posset
2972 2327 3238 2373 terrarum
3284 2315 3490 2371 insulas

1936 2419 2140 2483 fovere,
2193 2425 2246 2471 et
2278 2414 2654 2485 pmnitentiam
2696 2419 2915 2482 agentes
2949 2423 3191 2475 scrvare,
3219 2414 3272 2462 et
3321 2420 3489 2476 agno-

1936 2519 2151 2564 scentes
2181 2523 2302 2562 eum
2333 2507 2551 2561 docere.

2007 2599 2170 2654 Vens.
2215 2597 2303 2653 ΞΟ.
2350 2596 2518 2668 Igitur
2575 2611 2641 2652 ex
2683 2596 2936 2666 gentibus
2974 2593 3063 2664 qui
3123 2592 3290 2648 Deum
3336 2589 3490 2646 novi-

1936 2693 2058 2757 stis,
2095 2701 2150 2747 et
2200 2691 2376 2746 salute
2419 2689 2571 2759 digni
2614 2688 2874 2744 declarati
2925 2688 3080 2749 estis,
3133 2683 3385 2739 conversi
3435 2689 3491 2737 et.

1935 2785 2118 2838 animo
2145 2782 2424 2837 vobiscum
2450 2788 2760 2850 reputantes
2784 2780 3172 2834 absurditatem
3197 2778 3342 2830 illam
3368 2790 3493 2845 per-

1936 2876 2151 2946 pendite
2183 2893 2196 2928 :
2231 2874 2376 2942 quod
2409 2874 2443 2926 ii
2473 2873 2565 2942 qui
2596 2872 2888 2926 simulacra
2926 2872 2994 2926 ab
3023 2886 3081 2926 se
3123 2871 3268 2924 culta
3296 2869 3490 2922 hume-

1937 2966 2014 3019 ris
2061 2973 2278 3034 gestant
2315 2964 2557 3035 ipsisque
2611 2979 2766 3034 opem
2814 2963 3010 3023 ferunt.
3049 2961 3192 3016 haud
3231 2961 3325 3016 diu
3366 2968 3490 3031 post

1936 3056 2268 3125 navigaturi,
2313 3063 2366 3110 et
2395 3057 2614 3126 longum
2650 3055 2754 3110 iter
2794 3053 3104 3120 emensuri;
3139 3053 3206 3106 ah
3251 3051 3318 3107 iis
3355 3052 3491 3108 salu-

1937 3156 2041 3202 tem
2089 3148 2194 3202 sibi
2232 3155 2284 3201 et
2320 3147 2551 3200 reditum
2581 3162 2904 3202 concessum
2950 3147 3015 3200 iri
3063 3153 3320 3217 sperent;
3365 3159 3489 3198 cum

1936 3246 2212 3307 oporteret
2249 3237 2327 3292 rei
2353 3237 2746 3292 absurditatem
2783 3237 3102 3304 intelligere,
3129 3235 3348 3306 quando
3371 3238 3490 3307 qui-

1935 3328 2055 3382 dem
2093 3328 2185 3396 qui
2217 3327 2487 3382 animatus
2512 3335 2595 3383 est
2633 3336 2685 3381 et
2718 3343 2875 3398 opem
2907 3327 3010 3381 sibi
3053 3327 3190 3380 ferre
3218 3328 3380 3390 valet,
3423 3328 3492 3382 ab

1936 3433 2001 3471 eo
2029 3418 2120 3487 qui
2153 3417 2287 3470 nihil
2317 3416 2508 3485 juvare
2539 3425 2718 3487 potest
2744 3424 2797 3472 et
2828 3431 2994 3471 sensu
3019 3426 3170 3472 caret
3199 3416 3333 3470 nihil
3362 3418 3489 3472 boni

1936 3509 2218 3580 percipere
2250 3509 2412 3562 valet.
3129 3555 3134 3559 _

2008 3599 2172 3655 Vens.
2220 3600 2310 3654 Ἣ.
2352 3598 2445 3654 Dei
2498 3609 2746 3655 naturam
2803 3614 2926 3655 cum
2981 3599 3087 3654 alia
3134 3597 3394 3658 contendi
3435 3607 3490 3654 et

1936 3692 2238 3762 comparari
2267 3705 2373 3745 non
2406 3706 2566 3761 posse
2587 3691 2896 3746 declaratur
2919 3690 3030 3754 hic,
3062 3704 3185 3743 cum
3221 3705 3327 3743 non
3351 3687 3490 3742 alius

1935 3780 2123 3836 eodem
2169 3781 2331 3836 modo
2357 3781 2419 3834 τὸ
2451 3797 2573 3838 esse
2604 3782 2898 3853 possideat,
2946 3797 3066 3836 cum
3115 3797 3254 3835 unus
3286 3780 3490 3851 ingeni-

1937 3880 2026 3928 tus
2089 3873 2181 3934 sit,
2221 3884 2275 3928 et
2313 3889 2470 3929 suum
2510 3874 2704 3944 cuique
2759 3873 3036 3944 largiatur.
3083 3873 3241 3928 Jesus
3307 3879 3484 3925 autem

1935 3972 2018 4019 est
2080 3965 2229 4020 salus
2284 3963 2413 4030 Dei,
2457 3965 2601 4035 quod
2661 3980 2853 4019 nomen
2912 3964 3087 4034 ipsum
3128 3968 3389 4026 testatur;
3433 3969 3488 4013 et

1939 4056 2189 4111 Salvator
2220 4055 2364 4112 Deus
2401 4057 2456 4110 in
2486 4057 2629 4126 ipso,
2665 4066 2718 4110 et
2748 4055 2864 4126 ipse
2904 4056 2959 4110 in
2989 4055 3118 4118 Deo,
3150 4070 3308 4124 quem
3341 4052 3486 4107 enim

1937 4151 1992 4204 in
2023 4165 2082 4204 se
2114 4165 2221 4203 non
2254 4163 2284 4202 a
2324 4165 2381 4203 se
2402 4157 2454 4204 et
2483 4149 2550 4203 ab
2579 4164 2702 4204 esse
2731 4148 2995 4211 excludit,
3033 4146 3126 4202 sed
3165 4147 3401 4200 alienum
3435 4151 3489 4198 et

1939 4243 1992 4296 in
2016 4243 2122 4296 alio
2148 4242 2374 4312 iustitia:
2404 4251 2457 4296 ct
2491 4243 2682 4298 salutis
2725 4241 2914 4295 ordine
2952 4240 3342 4304 constitutum;
3380 4252 3488 4290 non

1935 4344 2017 4388 est
2063 4335 2205 4388 enim
2254 4334 2438 4400 justus
2487 4342 2539 4389 et
2595 4334 2846 4386 Salvator
2904 4337 3096 4401 praeter
3155 4331 3488 4399 unigenitum

1938 4425 2128 4489 Deum,
2183 4442 2348 4479 unum
2403 4425 2526 4480 boni
2582 4425 2848 4494 cujusque
2905 4423 3139 4486 fontem;
3191 4437 3356 4476 unum
3406 4431 3490 4475 est

273 4517 366 4570 καὶ
405 4515 464 4567 τὸ
503 4515 561 4580 ἐξ
599 4513 758 4568 αὑτοῦ
808 4513 1002 4577 ταὺτὸ,
1050 4512 1125 4576 ὡς
1174 4509 1335 4564 εἰκὼν
1383 4510 1607 4582 ἀληθινή
1649 4529 1707 4571 τε
1748 4513 1836 4566 καὶ

1941 4521 2084 4574 enim
2116 4519 2339 4581 bonum,
2374 4525 2428 4571 et
2455 4518 2599 4586 quod
2633 4532 2696 4572 ex
2729 4532 2794 4572 eo
2825 4515 3032 4580 itidem,
3065 4524 3122 4570 ut
3152 4531 3276 4571 vera
3308 4523 3362 4570 et
3393 4529 3489 4570 na-

272 4607 502 4678 φυσική.

356 4701 419 4752 '0
459 4698 725 4769 σωτηρίας
758 4695 984 4767 χορηγὸς
1040 4696 1130 4748 καὶ
1171 4695 1315 4765 ζωῆς
1356 4695 1525 4758 αἴτιος
1572 4693 1815 4759 σώζεσθα

277 4794 484 4853 πάντας
513 4789 908 4861 προτρέπεται,
940 4787 1031 4840 καὶ
1061 4788 1118 4840 ἐν
1149 4788 1349 4860 βεϐαίῳ
1377 4787 1619 4858 δεδέχθαι
1644 4789 1710 4842 τά
1740 4789 1833 4857 τῆς

276 4887 357 4944 εἰς
400 4881 592 4942 αὐτοὺς
637 4878 926 4948 γενομένης
972 4876 1317 4944 ἐπαγγελίας.
1381 4879 1591 4950 Ἐπειδὴ
1644 4881 1752 4949 γάρ
1802 4880 1834 4948 ἡ

277 4975 468 5043 κλῆσις
508 4972 602 5025 καί⁵
660 4971 926 5033 Ἰουδαίοις
975 4973 1245 5042 σωτηρίαν
1294 4972 1692 5043 ἐμνηστεύετο,
1743 4972 1834 5024 καὶ

277 5067 406 5132 ἔθνη
454 5064 552 5132 τῆς
603 5063 770 5132 αὐτῆς
815 5062 1021 5132 δωρεᾶς
1064 5061 1215 5132 ήξίου
1245 5064 1336 5115 καὶ
1371 5063 1575 5124 πάντας
1603 5063 1836 5115 ἅπαντα·

275 5156 436 5228 χὸθεν
485 5158 549 5225 τῇ
594 5154 685 5207 τοῦ
732 5153 862 5206 Θεοῦ
887 5154 1316 5224 προστρέχοντας
1352 5155 1528 5225 δωρεᾷ
1571 5153 1834 5218 σώζεσθαι

274 5246 692 5320 εὐηγγελίζετο·
741 5247 789 5298 εί
835 5245 941 5316 γάρ
973 5248 1001 5298 ό
1060 5245 1272 5317 Ἰσραήλ
1321 5245 1458 5315 μετὰ
1502 5245 1562 5298 τὸ
1601 5245 1835 5299 τοσαῦτα

273 5340 593 5414 ὰμαρτῆσαι
624 5338 842 5410 χάριτος
877 5338 1066 5410 ἐδεήθη
1090 5376 1106 5403 ,
1139 5337 1315 5408 πολλῷ
1361 5339 1560 5408 μᾶλλον
1605 5339 1744 5409 μέγα
1776 5337 1834 5390 ὃν

271 5437 335 5488 τὸ
357 5434 649 5503 λεγόμενον
671 5433 966 5498 ήπιστείτο,
994 5431 1068 5495 ὼς
1095 5431 1252 5502 μόνον
1275 5431 1378 5495 ἓως
1399 5430 1655 5502 ῥημάτων
1681 5430 1837 5483 τοῦτο

271 5527 698 5596 δεχθησόμενον,
733 5521 852 5591 οὐχὶ
899 5521 954 5574 δέ
986 5521 1080 5574 καὶ
1122 5523 1200 5584 είς
1247 5520 1404 5590 ἔργον
1451 5519 1831 5590 προχωρῆσαν.

275 5618 464 5670 [Ιᾶσαν
506 5614 678 5667 τοίνυν
735 5613 1136 5684 ἀμφισϐήτησιν
1186 5615 1295 5674 τοῖς
1345 5611 1696 5680 καλουμένοις
1745 5610 1837 5662 ἐπὶ

1939 4613 2130 4668 turalis
2165 4613 2361 4681 imago.

2008 4703 2172 4758 Vens.
2226 4703 2316 4758 22.
2373 4702 2577 4757 Salutis
2623 4703 2875 4772 princeps
2920 4708 2974 4757 et
3020 4703 3141 4755 vitae
3192 4707 3382 4754 auctor
3429 4706 3489 4752 ut

1936 4812 2130 4853 omnes
2171 4797 2303 4852 salvi
2354 4796 2485 4850 ﬁant
2515 4795 2786 4857 hortatur,
2822 4803 2877 4850 et
2921 4809 3223 4850 sermonem
3271 4791 3388 4860 ejus
3421 4791 3487 4845 ad

1934 4887 2084 4956 ipsos
2129 4886 2364 4942 delatum
2403 4887 2584 4942 studio
2638 4886 2963 4956 suscipiant.
3005 4884 3299 4942 Vocatione
3342 4881 3488 4937 enim

1937 4978 2165 5032 salutem
2198 4976 2398 5033 Iudaeis
2425 4977 2815 5046 despondebat,
2848 4987 2900 5030 et
2926 4983 3115 5047 gentes
3151 4975 3337 5029 eodem
3369 4988 3490 5026 mu-

1941 5085 2068 5124 nere
2091 5069 2281 5140 dignas
2306 5068 2635 5130 declarabat,
2680 5078 2735 5122 et
2769 5083 2958 5124 omnes
2985 5066 3340 5122 denuntiabat
3379 5064 3490 5119 sal-

1939 5159 2167 5224 vandos,
2207 5168 2390 5230 utpote
2428 5161 2520 5229 qui
2553 5175 2619 5213 ex
2653 5160 2906 5216 omnibus
2935 5168 3203 5214 terrarum
3244 5157 3488 5228 partibus

1943 5249 2035 5304 Dei
2064 5251 2235 5320 gratia
2261 5263 2264 5266 ‘
2287 5253 2675 5306 excitarentur.
2719 5250 2873 5318 Quod
2922 5260 3100 5305 autem
3132 5248 3334 5304 Judszis
3365 5257 3488 5318 post

1941 5352 2018 5396 tot
2059 5357 2122 5396 ac
2166 5349 2315 5396 tanta
2360 5351 2580 5412 peccata
2612 5345 2767 5398 venia
2823 5360 2958 5415 Opus
3005 5353 3140 5406 erat,
3192 5357 3257 5397 eo
3315 5340 3488 5409 magis

1940 5435 2111 5488 tantis
2159 5435 2444 5505 promissis
2493 5435 2822 5498 diﬁidebant,
2856 5436 3011 5506 quasi
3055 5435 3234 5489 verbis
3277 5440 3487 5486 tantum

1943 5523 2242 5592 proﬁtenda
2286 5532 2492 5586 essent,
2544 5539 2602 5578 re
2644 5538 2774 5578 vero
2820 5537 3094 5594 nunquam
3137 5515 3482 5590 perﬁcienda.

1942 5616 2056 5678 Qua
2082 5615 2148 5669 de
2179 5630 2364 5677 causa,
2402 5622 2460 5668 ut
2493 5614 2859 5669 dubitationes
2889 5629 3131 5684 quasque
3156 5611 3392 5683 gentium
3421 5605 3486 5660 ad

345 5729 460 5797 (lO)
492 5725 874 5800 Fragmentum
918 5726 1018 5782 hoc
1051 5725 1374 5783 llcracleota:
1406 5725 1609 5782 editum
1653 5724 1848 5793 legitur
1890 5727 2049 5778 etiam
2103 5727 2243 5796 apud
2285 5727 2741 5784 Montlauconium
2785 5728 2838 5784 in
2884 5727 3064 5783 Cra-ca
3101 5725 3485 5797 pala'ographia

275 5818 394 5866 pag.
436 5798 553 5853 517.
