3984 6212
514 349 650 404 1545
1643 336 1985 393 TIIEODORI
2023 335 2064 390 II

2174 334 2532 392 ACLEENSIS
3573 336 3598 387 1
3613 335 3652 388 3
3665 335 3726 386 Η

513 467 741 521 salutem
767 468 1078 516 vocatarum
1114 458 1330 514 tolleret
1371 457 1534 520 Deus,
1559 458 1930 525 juramentum
1961 455 2049 509 ad-

2174 454 2388 524 τωτηρίᾳ
2416 452 2555 505 λύων
2578 491 2592 515 ,
2623 452 2782 521 ὅρκον
2812 449 3003 518 ἐπάγει
3027 489 3041 513 ,
3076 450 3170 502 καὶ
3198 448 3374 518 τούτῳ
3405 448 3730 518 συγκέχρη-

512 558 706 616 hibuit,
733 562 785 608 et
821 569 882 606 eo
909 552 1126 622 quidem
1171 551 1340 604 utitur
1374 566 1497 604 cum
1527 549 1840 604 hominibus
1877 548 2055 602 disce-

2174 563 2239 598 :at
2268 585 2282 609 ,
2336 545 2411 608 ὡς
2466 542 2772 614 ἀνθρώποις
2831 541 3234 611 διαλεγόμενος,
3288 534 3334 606 ᾧ
3375 539 3611 609 μάλιστα
3664 542 3733 592 τὸ

511 656 691 715 ptans,
725 659 831 712 quo
860 657 1021 712 qnam
1069 642 1436 696 ﬁrmissimam
1482 639 1586 694 sibi
1629 637 1773 709 apud
1805 637 2052 693 homines

2174 636 2519 707 ιυμπέρασμα
2555 635 2733 705 πάσης
2765 633 3217 705 ἀμφισῦητήσεως
3243 632 3416 686 αἴτιον
3436 633 3730 686 ἐπιλύεται

513 737 669 790 ﬁdem
704 734 922 788 faceret.

582 825 746 880 Vens.
775 825 878 888 25.
919 823 1238 893 Quicunque
1282 822 1336 876 in
1391 823 1492 877 hac
1542 824 1651 875 vita
1705 822 1771 876 de
1818 819 2054 892 peccatis

515 921 629 973 suis
659 917 1032 987 paenitentiam
1063 930 1167 967 non
1203 920 1382 981 agent,
1407 920 1481 978 et,
1513 913 1724 982 ingrato
1752 913 1932 966 animo
1961 914 2057 967 de-

513 1007 677 1077 cepti,
731 1006 1007 1061 Christum
1071 1004 1316 1060 conﬁteri
1371 1004 1640 1058 noluerint
1695 1003 2054 1073 (confundem

515 1101 642 1167 tur).

584 1190 746 1244 Vens.
778 1189 866 1243 26.
907 1187 1356 1242 Justiﬁcabuntur
1377 1201 1506 1241 vero
1539 1193 1592 1241 et
1613 1185 2058 1256 gloriﬁcabuntnr

513 1298 610 1353 per
646 1298 858 1335 omnem
891 1282 1048 1334 vitam
1082 1296 1234 1335 suam
1283 1281 1372 1350 qui
1419 1279 1694 1333 Christum
1740 1293 2055 1348 agnoscere,

511 1374 772 1443 justitiam
811 1372 1020 1443 operari
1062 1384 1114 1427 et
1141 1387 1322 1426 verum
1356 1386 1539 1426 semen
1573 1369 1737 1425 Israel
1769 1369 1902 1425 εί]ῑοί
1939 1379 2055 1427 stu-

514 1466 751 1520 duerint.

585 1557 712 1610 Car.
747 1554 926 1618 XLVI,
964 1551 1121 1609 Vens.
1152 1554 1201 1608 l.
1245 1553 1343 1608 Hic
1389 1560 1651 1607 memorat
1694 1551 1836 1608 Deus
1878 1551 2058 1606 omnia

516 1658 664 1701 certo
706 1647 911 1718 perﬁci,
960 1661 1296 1716 quaecunque
1353 1646 1419 1698 ab
1469 1660 1533 1699 eo
1573 1644 1790 1699 fuerunt
1814 1643 2055 1710 decreta;

517 1738 583 1792 de
612 1738 769 1792 idolis
797 1753 923 1792 vero
955 1753 1061 1790 non
1093 1737 1233 1791 idem
1258 1736 1458 1802 valere,
1492 1735 1583 1790 scd
1607 1750 1668 1790 ea
1697 1735 1937 1790 omnium
1967 1751 2058 1789 co-

2151 729 2261 790 τοῖς
2285 719 2611 798 ἀνθρώποις.

2223 821 2284 872 Οἱ
2317 819 2389 890 μὴ
2427 820 2483 872 ἐν
2533 817 2612 888 τῷ
2661 817 2761 888 βίῳ
2804 833 2976 886 τουτῳ
3025 818 3452 886 μετανοήσαντες
3482 832 3570 884 μεν
3615 815 3728 882 ἐφ’

2151 907 2232 973 οἷς
2259 909 2539 980 ἦμαρτον,
2583 907 3020 978 ἀγνωμονοῦντες
3066 906 3152 970 δέ,
3199 907 3290 958 καὶ
3331 907 3465 976 πρὸς
3607 905 3716 958 τοί

2153 1001 2387 1074 Χριστοῦ
2416 999 2727 1072 ὁμολογίαν.

2223 1178 2388 1249 Δόξης
2417 1179 2472 1232 δὲ
2505 1178 2598 1231 καὶ
2623 1177 2995 1247 εὐθυμοσύνης
3030 1175 3471 1247 πληρωθήσονται
3496 1175 3733 1229 ἅπαντα

2153 1269 2242 1324 τὸν
2272 1267 2473 1321 ἐαυτῶν
2507 1266 2648 1336 βίον·
2683 1264 3050 1334 ἐπεγνωκότες
3091 1264 3188 1334 μέν
3219 1264 3306 1316 τὸν
3340 1263 3570 1334 Χριστὸν
3593 1305 3610 1326 ,
3649 1263 3734 1315 δι-

2155 1359 2443 1429 καιοσύνης
2490 1357 2546 1410 δέ
2603 1357 2826 1428 ἐργάται
2880 1355 3276 1420 καταστάντες,
3321 1356 3411 1406 καὶ
3461 1353 3730 1424 ἀληθινὸν

2157 1451 2376 1521 σπέρμα
2406 1447 2499 1501 τοῦ
2546 1446 2758 1518 Ἰσραὴλ
2783 1446 3233 1518 χρηματίσαντες.

2235 1538 2497 1594 Ἐνταῦθα
2546 1539 2950 1609 ὑπομιμνήσκει
2996 1536 3188 1599 αὐτοὺς
3236 1537 3264 1587 ὁ
3309 1534 3479 1597 Θεὸς,
3522 1535 3603 1598 ὡς
3649 1536 3730 1587 τά

2159 1629 2254 1698 μὲν
2298 1627 2460 1681 αὑτοῦ
2495 1627 2668 1682 πάντα
2710 1627 3064 1690 ἀδιαλείπτως
3097 1625 3390 1697 τελούμενα
3433 1627 3613 1696 μένει·
3647 1645 3722 1680 τα

2154 1720 2210 1773 δέ
2240 1719 2347 1774 τῶν
2393 1718 2622 1773 εἰδώλων
2662 1719 2758 1789 οὐχ
2803 1719 3001 1785 οὕτως,
3033 1718 3166 1772 ἀλλά
3201 1718 3520 1770 πεπτωκότα
3549 1718 3724 1787 deos..-

517 1843 632 1882 ram
679 1829 850 1882 oculis
881 1827 1199 1897 prostranda
1229 1843 1367 1881 esse.
1402 1827 1671 1896 Agnoscat
1699 1827 1928 1896 quisque
1963 1841 2058 1879 ve-

2174 1827 2332 1866 ςεται.
2363 1810 2470 1864 Καὶ
2501 1810 2622 1881 ἐμοὶ
2661 1810 2887 1873 ἕκαστος
2921 1809 3253 1864 συσκοπείτω
3277 1850 3292 1874 ,
3327 1809 3399 1872 ὡς
3425 1809 3482 1861 οὗ
3506 1809 3718 1879 κόμπος

517 1929 688 1976 strum
723 1920 885 1974 verba
915 1934 1030 1973 mea
1063 1933 1170 1972 non
1207 1932 1397 1972 vanam
1425 1933 1543 1972 esse
1565 1918 1938 1987 jactationem,
1963 1915 2060 1984 sed

513 2019 721 2066 certam
766 2025 945 2064 rerum
996 2024 1120 2062 mox
1165 2017 1544 2062 eventurarum
1586 2007 1986 2077 przedictionem
2030 2020 2061 2060 a

517 2101 626 2154 Deo
658 2100 888 2165 factam;
943 2113 1066 2152 nam
1112 2111 1234 2152 cum
1273 2097 1550 2150 nuntiaret
1598 2095 1740 2151 Deus
1786 2095 2060 2150 Abraham

519 2207 703 2247 semen
727 2208 789 2246 6X
823 2207 887 2247 60
915 2203 1288 2261 egressurum,
1318 2196 1372 2242 εὶ
1402 2197 1604 2241 terram
1643 2196 2059 2257 occupaturum,

514 2284 727 2338 dicente
771 2283 876 2337 isto
922 2298 937 2336 ε
1004 2297 1023 2330 ι
1075 2276 1380 2332 Secundum
1426 2279 1554 2347 quid
1601 2277 1807 2333 sciam?
1836 2296 1854 2329 ι
1910 2284 2062 2332 ratus

516 2374 904 2446 patriarcham,
953 2372 1153 2427 auditis
1200 2371 1604 2426 calamitatibus
1645 2370 1713 2424 ad
1743 2369 2062 2440 sapientiam

519 2465 897 2522 instruendum
924 2479 1066 2528 esse,-
1106 2462 1354 2532 prcedixit
1391 2462 1606 2532 generis
1637 2461 1972 2528 servitutem,
2011 2466 2066 2516 et

520 2564 642 2624 post
670 2554 1025 2624 quadraginta
1064 2559 1119 2608 et
1148 2552 1540 2623 quinquaginta
1590 2565 1765 2606 annos
1799 2549 2068 2604 liberatio-

521 2661 643 2700 nem
666 2646 710 2677 '°
738 2665 752 2700 :
781 2661 900 2716 quae
944 2644 1124 2699 omnia
1179 2654 1374 2699 eventu
1406 2641 1722 2697 conﬁrmata
1756 2647 1902 2704 sunt,
1939 2639 2066 2694 licet

521 2753 630 2792 non
659 2736 818 2792 fuerit
861 2736 1360 2808 quit'praadictorum
1394 2733 1793 2790 exsecutionem
1826 2739 2061 2803 urgeret.

591 2911 753 2968 Vens.
784 2913 838 2966 2.
877 2913 1066 2968 Vestra
1110 2913 1289 2967 omnia
1332 2912 1386 2964 in
1437 2910 1805 2980 captivitatem
1843 2909 2062 2975 tradita,

521 3016 659 3057 onus
688 3009 845 3056 erunt
875 3002 1238 3070 elephantium
1265 3006 1316 3053 et
1342 3000 1711 3066 jumentorum
1743 2996 1944 3067 quibus
1967 2997 2067 3050 ab-

2159 1901 2228 1956 τά
2253 1903 2507 1974 ῥήματα,
2557 1901 2694 1955 ἀλλά
2745 1900 3163 1974 προαγορεύσεις
3199 1901 3510 1970 γιγνόμεναι
3563 1901 3715 1970 παρὰ

2159 1991 2292 2046 Θεοῦ
2319 1991 2744 2045 ἀκολουθούντων
2774 1993 3139 2062 πραγμάτων·
3173 1992 3267 2044 καὶ
3301 1991 3406 2062 γὰρ
3445 1990 3536 2043 τοῦ
3573 1991 3711 2045 Θεοῦ

2160 2079 2624 2149 ἐπαγγελλομένου
2656 2079 2734 2150 τῷ
2771 2079 3018 2150 Ἀϐραὰμ
3053 2080 3237 2151 ζήσειν
3270 2079 3422 2131 αὐτοῦ
3447 2079 3504 2130 τὸ
3534 2081 3710 2149 σπέρ-

2164 2187 2239 2241 μα
2261 2211 2275 2235 ,
2304 2171 2394 2222 καὶ¹
2426 2169 2850 2241 κληρονομήσειν
2889 2169 2984 2239 τὴν
3018 2169 3152 2240 γῆν,
3196 2169 3430 2221 κάκείνου
3460 2168 3715 2219 ἐπειπόν-

2159 2259 2465 2324 τος,ιΚατά
2492 2261 2546 2313 τί
2571 2260 2867 2331 γνώσομαι,
2889 2279 2908 2312 ι
2933 2261 3014 2315 ὅτι
3041 2260 3212 2314 ταῦτα
3245 2259 3388 2324 East;
3421 2259 3713 2326 ἐγνωκότος

2159 2352 2226 2421 τῇ
2253 2350 2387 2421 ἀκοῇ
2419 2351 2526 2403 τῶν
2564 2350 2820 2422 λυπηρῶν
2854 2351 3212 2422 σωφρονίσθαι
3245 2352 3335 2405 τὸν
3377 2352 3710 2423 προπάτορα.

2162 2443 2385 2511 προεῖπε
2415 2442 2508 2494 καὶ
2534 2442 2632 2513 τὴν
2669 2441 2760 2495 τοῦ
2806 2443 2998 2512 γένους
3025 2443 3267 2497 δουλείαν
3302 2445 3396 2498 καὶ
3434 2445 3531 2516 τὴν
3584 2446 3717 2515 μετὰ

2160 2531 2477 2602 τετρακόσια
2505 2534 2834 2604 πεντήκοντα
2866 2535 2958 2606 ἔτη
2991 2536 3258 2606 ἐσομένην
3286 2537 3594 2610 ἐλευθερίαν
3623 2539 3718 2592 αύ-

2162 2620 2268 2675 τῶν
2288 2637 2304 2653 ο
2343 2621 2485 2693 άπερ
2509 2623 2716 2689 πάντα,
2751 2625 2973 2696 μηδενὸς
3009 2627 3158 2690 ὄντος
3190 2627 3283 2680 τοῦ
3324 2628 3389 2680 ἐκ
3415 2631 3510 2699 τῆς
3548 2633 3721 2702 προρτ

2166 2712 2374 2784 ρήσεως
2409 2713 2763 2779 ἀπαιτοῦντος
2820 2715 2918 2787 τὴν
2968 2716 3189 2771 ἔκϐασιν
3237 2718 3344 2772 τῶν
3367 2721 3688 2792 πραγμάτων

2165 2803 2482 2875 ἐπληροῦτο.

2236 2893 2413 2948 Ἀπαν
2469 2894 2622 2966 ὑμῶν
2684 2895 3023 2968 αἰχμαλωσίᾳ
3093 2898 3516 2969 παραδεδομένον
3567 2901 3722 2955 ἐσται

2166 2985 2359 3054 φορτία
2383 2986 2685 3050 ἐλεφάντων
2716 2989 2808 3040 καὶ
2841 2987 3146 3057 ὑποζυγίων
3171 3029 3186 3051 ,
3226 2991 3282 3043 ἐν
3314 2990 3389 3049 τῷ
3414 2992 3699 3051 ἁπάγεσθα

3693 2764 3712 2787 9

521 3093 767 3149 ducenda
799 3094 1161 3161 imponentur.
1195 3089 1307 3142 lmo
1333 3088 1701 3158 fatigabuntur
1723 3095 1776 3142 et
1802 3088 1900 3140 viri
1921 3086 2065 3140 scul-

2174 3081 2346 3142 αὐτοῖς
2382 3081 2724 3152 ἐπιτιθέμενα
2745 3098 2757 3111 ·
2793 3084 2851 3135 οὐ
2883 3082 2987 3154 μήν
3014 3084 3146 3137 ἀλλά
3167 3085 3257 3137 καὶ
3282 3085 3434 3140 αὐτοὶ
3458 3105 3507 3140 οι
3531 3090 3723 3159 ἀνδρες

522 3185 673 3256 ptilia
715 3146 1014 3255 portantes.
1071 3181 1146 3236 Eo
1195 3195 1407 3251 quoque
1456 3180 1685 3251 istorum
1729 3177 2067 3233 imbecillita-

2174 3172 2214 3224 οἱ
2248 3171 2416 3225 ταῦτα
2447 3172 2758 3243 κομίζοντες
2800 3173 3195 3244 κοπωθήσονται
3218 3190 3232 3203 ·
3267 3175 3368 3228 κᾶν
3413 3177 3581 3248 τούτῳ
3612 3180 3720 3248 τὴν

522 3286 631 3333 tem
678 3277 1098 3341 conﬁtebuntur,
1159 3289 1282 3329 cum
1327 3288 1388 3327 ea
1435 3280 1711 3342 portantes
1748 3270 2066 3342 fatigantur,

522 3379 578 3424 et
622 3368 751 3424 deos
795 3367 1029 3422 ferentes
1081 3367 1369 3428 deﬁciunt,
1426 3379 1455 3418 a
1508 3364 1710 3434 quibus
1759 3364 1942 3433 potius
1983 3378 2070 3418 re-

525 3459 741 3516 creandi
763 3465 940 3524 erant,
971 3459 1018 3513 si
1043 3457 1134 3528 qui
1164 3455 1239 3510 dii
1266 3455 1517 3510 fuissent.

599 3633 760 3689 Vens.
817 3636 869 3690 5.
925 3633 1153 3688 Deducit
1217 3647 1313 3688 eos
1371 3633 1438 3687 ad
1503 3633 1849 3702 intelligenda
1901 3635 2071 3702 lpsrus

523 3727 709 3790 verba,
747 3726 1136 3780 commendatis
1165 3725 1472 3794 patriarcha
1499 3733 1556 3780 et
1589 3724 1757 3796 gloria
1786 3723 1942 3792 ejus;
1975 3738 2072 3777 cu-

523 3819 615 3887 jus
642 3833 812 3888 genus
833 3832 955 3871 csse
982 3816 1302 3886 gloriantur,
1338 3816 1616 3870 imitentur
1636 3823 1690 3869 et
1711 3829 1891 3869 mores
1917 3828 2074 3884 opor-

527 3919 624 3965 tet.
663 3911 795 3964 Cum
841 3910 1083 3978 reliquiae
1120 3907 1287 3964 Israel
1332 3909 1470 3975 sitis,
1505 3908 1721 3964 .relicla:
1753 3907 1927 3962 tribus
1957 3916 2074 3960 tan-

528 4012 642 4057 tum
671 4003 808 4069 duae,
845 4003 1055 4056 caeteris
1080 4000 1267 4055 decem
1313 3999 1370 4053 in
1397 3999 1769 4068 captivitatem
1799 3995 2070 4062 abductis,

531 4106 639 4145 non
663 4105 758 4147 vos
789 4091 1057 4156 deseram,
1088 4091 1133 4144 si
1159 4089 1533 4159 paenitentiam
1567 4087 1811 4158 egeritis.

606 4266 766 4322 Vens.
819 4267 872 4322 ὅ.
911 4265 1058 4331 "Quis
1108 4265 1178 4319 sit
1223 4265 1312 4320 ille
1357 4280 1510 4319 error
1560 4263 1765 4319 indicat
1815 4264 2076 4319 orationis

532 4366 839 4414 contextus.
887 4356 1020 4410 Nam
1069 4357 1290 4410 insitam
1344 4357 1499 4411 vobis
1547 4355 1829 4418 habentes,
1877 4357 2072 4425 inquit,

532 4449 820 4518 imaginem
863 4462 1057 4509 meam,
1117 4447 1181 4500 ad
1227 4446 1473 4500 facienda
1507 4445 1651 4499 idola
1676 4443 2074 4511 ’descendistis,

533 4539 687 4608 quasi
716 4553 809 4606 per
841 4552 904 4591 ea
939 4553 1022 4592 me
1048 4538 1378 4600 veneraturi,
1413 4545 1472 4590 ut
1509 4537 1705 4591 animis
1736 4536 1930 4591 vestris
1974 4536 2076 4589 im-

534 4644 773 4696 pressam
807 4628 1038 4696 speciem
1067 4626 1178 4696 jam
1217 4643 1314 4698 per
1339 4625 1563 4696 eﬁigiem
1607 4641 1915 4697 expressam
1947 4641 2078 4681 ocu-

536 4720 602 4774 lis
634 4718 826 4772 intueri
857 4718 1099 4788 possitis.

601 4807 763 4864 Vens.
797 4807 849 4863 6.
889 4807 957 4862 Ut
1009 4824 1116 4863 aere
1144 4808 1273 4864 dato
1309 4808 1470 4881 deum
1515 4809 1671 4864 vobis
1703 4809 1934 4875 faciant;
1976 4823 2077 4878 ego

533 4915 661 4954 vero
709 4900 1013 4955 mercedem
1065 4917 1096 4955 a
1156 4901 1306 4956 vobis
1351 4900 1554 4954 nullam
1597 4899 1851 4970 deposco,
1904 4902 2077 4970 gratia

2168 3264 2445 3319 ἀσθένειαν
2491 3266 2691 3319 τούτων
2726 3265 3140 3337 ὁμολογοῦντες,
3181 3267 3261 3319 ὅτι
3287 3266 3457 3319 ταῦτα
3507 3268 3716 3336 βαστά-

2169 3355 2347 3419 ζοντες
2393 3355 2681 3410 κοποῦνται
2704 3396 2717 3419 ,
2771 3357 2862 3410 καὶ
2911 3356 3039 3410 Θεὸν
3094 3358 3343 3429 φέροντες
3383 3358 3713 3421 ἀσθενοῦσιν,

2169 3443 2301 3498 ὅπου
2330 3462 2394 3514 γε
2423 3445 2528 3499 ἔδει
2567 3445 3010 3516 ἐπικουφίζεσθαι
3042 3446 3152 3500 τῶν
3184 3448 3391 3513 πόνων,
3426 3450 3477 3504 εῐ
3509 3467 3574 3518 γε
3608 3451 3720 3504 θεοί

2169 3551 2309 3596 τινες
2335 3533 2596 3604 ὑπῆρχον.

2251 3625 2538 3693 Ἐπανάγει
2585 3625 2781 3686 αὐτοὺς
2821 3623 2957 3696 πρὸς
3003 3626 3351 3697 συναίσθησιν
3381 3627 3488 3680 τῶν
3517 3629 3732 3698 λεχθέν-

2170 3729 2310 3777 των,
2341 3714 2433 3767 τοῦ
2477 3715 2818 3786 προπάτορος
2858 3718 3208 3786 μνημονεύων
3248 3721 3344 3772 καὶ
3379 3721 3476 3790 τῆς
3520 3723 3731 3775 ἐκείνου

2170 3805 2356 3876 δόξης·
2389 3805 2482 3858 καὶ
2514 3806 2595 3858 ὅτι
2617 3846 2629 3870 ,
2671 3806 2878 3859 ἐκείνου
2908 3807 3199 3876 αὐχοῦντες
3232 3801 3371 3864 εἶναι
3423 3811 3576 3879 γένος
3597 3852 3611 3874 ,
3639 3814 3733 3866 τὸν

2173 3895 2378 3950 ἐκείνου
2432 3895 2624 3967 ζηλοῦν
2660 3897 2858 3968 τρόπον
2893 3897 3216 3967 ὀφείλουσιν.
3280 3904 3346 3953 Εἰ
3377 3902 3483 3973 γὰρ
3525 3903 3735 3974 λεῖμμα

2174 3986 2266 4040 τοῦ
2322 3987 2533 4058 Ἰσραὴλ
2563 3988 2890 4058 τυγχάνετε,
2933 3986 3024 4042 δύο
3072 3990 3496 4060 περιλειφθεῑσαι
3540 3993 3734 4060 φυλαὶ,

2172 4078 2478 4148 τῶν,άλλων
2505 4078 2635 4132 δέκα
2664 4081 2745 4143 είς
2769 4079 3141 4149 αἰχμαλωσίαν
3164 4082 3521 4154 ἀπαχθεισῶν,
3548 4085 3608 4136 ού
3643 4085 3733 4155 μὴ

2175 4169 2499 4240 περιόψομαι
2533 4170 2674 4239 ὑμᾶς
2707 4173 3159 4241 μετανοήσαντας.

2245 4262 2354 4333 Τὴν
2396 4261 2813 4333 πεπλανημένην
2852 4263 3029 4316 αὐτῶν
3064 4263 3219 4328 δόξαν
3253 4267 3317 4335 τῇ
3355 4265 3592 4336 διατριϐῇ
3626 4266 3734 4319 τοῦ

2175 4350 2330 4419 λόγου
2364 4350 2720 4403 ἐπιδείκνυσιν
2743 4367 2757 4380 ·
2796 4351 2883 4412 Ὣς
2909 4349 3121 4420 ἔχοντες
3177 4352 3306 4424 γάρ,
3349 4354 3510 4424 φησιν
3535 4393 3551 4416 ,
3591 4356 3740 4426 ἐμὴν

2179 4442 2619 4512 ὑποϐεϐλημένην
2658 4442 2785 4513 ὑμῖν
2828 4443 3008 4496 είκόνα
3032 4484 3048 4508 ,
3091 4444 3185 4496 ἐπὶ
3215 4446 3275 4498 τὸ
3327 4449 3499 4499 ποιεῖν
3539 4447 3741 4503 εἴδωλα

2177 4535 2364 4605 ήλθετε
2387 4576 2400 4599 ,
2435 4535 2510 4598 ὡς
2557 4535 2644 4588 διὰ
2689 4536 2892 4590 τούτων
2925 4536 3380 4608 θεραπεύσοντεςο
3427 4540 3511 4592 ἵνα
3544 4541 3638 4608 τήν
3679 4542 3742 4594 ἐν

2174 4629 2428 4693 διανοίαις
2477 4631 2839 4705 ἐγγενομένην
2878 4633 3008 4701 ὑμῖν
3055 4635 3352 4700 φαντασίαν
3401 4635 3459 4686 ἐν
3523 4634 3741 4705 ὁρωμέο

2176 4740 2286 4786 νοις
2315 4723 2472 4794 ἔχητε
2498 4726 2684 4794 τιμᾷν.

2245 4813 2362 4865 Ἵνα
2391 4811 2522 4863 Θεὸν
2553 4813 2678 4881 ὑμῖν
2709 4809 2992 4884 ἀναπλάσῃ
3035 4811 3128 4863 ἐπὶ
3173 4812 3382 4881 μισθοῖς
3411 4812 3707 4882 γενόμενον
3726 4832 3740 4843 ·

2175 4901 2308 4973 ἐμοῦ
2341 4902 2414 4973 μὴ
2445 4901 2666 4972 μισθοὺς
2695 4902 3066 4965 ἀπαιτοῦντος,
3105 4904 3283 4974 χάριτι
3305 4905 3361 4956 δὲ
3390 4905 3566 4958 πάντα
3596 4921 3744 4977 παρ-

534 4998 724 5044 contra
767 5000 821 5044 et
874 4991 1247 5045 misericordia
1294 4991 1448 5046 vobis
1490 5007 1716 5062 quaeque
1758 4991 1978 5062 largior,
2025 4999 2067 5047 et

2182 4993 2390 5063 έχοντος
2421 4995 2513 5046 καὶ
2543 4993 2852 5064 ἀγαθότητι,
2896 4993 2989 5045 καὶ
3026 4996 3091 5046 ἐκ
3133 4993 3226 5046 τοῦ
3263 4995 3335 5065 μή
3375 4994 3524 5057 ὄντος
3570 4997 3651 5058 εἰς
3687 4993 3750 5049 τὸ

533 5095 655 5150 qua:
677 5097 784 5134 non
812 5090 967 5135 erant
987 5083 1096 5135 vita
1124 5080 1286 5136 dono.

612 5171 772 5228 Vens.
813 5174 865 5228 8.
907 5174 1244 5230 Omnimodis
1283 5173 1584 5229 rationibus
1626 5181 1844 5228 revocat
1881 5189 1974 5229 eos
2014 5173 2081 5229 ad

2182 5080 2320 5138 εἶναι
2349 5086 2525 5139 πάντα
2556 5085 2915 5156 δωρουμένου.

2263 5173 2658 5244 Ἀπανταχόθεν
2697 5175 2985 5245 συγκροτεί
3023 5173 3217 5236 αὐτοὺς
3250 5175 3328 5236 είς
3359 5173 3516 5244 νῆψιν
3545 5174 3639 5226 καὶ
3671 5174 3752 5238 εἰς

538 5267 857 5337 sapientiam
896 5276 949 5321 et
994 5267 1060 5321 ad
1109 5267 1533 5323 recordationem
1576 5273 1692 5319 tum
1739 5274 2067 5336 peccatorun:

2184 5267 2504 5337 κατανόησιν
2533 5259 2681 5319 ὧντε
2698 5265 2850 5318 αὐτοὶ
2870 5266 3156 5336 μετῄεσαν,
3189 5266 3282 5317 καὶ
3305 5258 3380 5317 ὧν
3405 5266 3538 5329 Θεὸς
3572 5265 3752 5319 ἀπαύ-

539 5372 661 5427 qua:
689 5357 791 5425 ipsi
819 5356 1155 5422 admiserint,
1187 5367 1301 5412 tum
1329 5357 1728 5412 benefactorum
1754 5356 1953 5426 quibus
1991 5370 2086 5412 eos

543 5446 686 5503 Deus
716 5449 975 5504 continuo
1019 5451 1323 5517 exornavit,
1359 5459 1416 5503 ut
1443 5450 1508 5504 de
1546 5448 1761 5504 delictis
1808 5449 1924 5504 suis
1955 5463 2087 5503 con-

546 5539 647 5592 scii
675 5539 822 5604 facti,
854 5548 907 5596 et
939 5541 1169 5611 seipsos,
1204 5550 1457 5612 lanquam
1497 5541 1612 5598 suis
1645 5540 1901 5611 operibus
1935 5554 2084 5597 mor-

634 5695 678 5726 ²⁰
699 5695 828 5750 Gen.
865 5714 950 5761 xv,
985 5699 1038 5761 8,
1079 5699 1158 5750 13.

2193 5376 2327 5421 στως
2359 5358 2552 5421 αὐτοὺς
2598 5357 2902 5428 εὐεργετεῖ·
2936 5358 3040 5418 ἵνα,
3100 5357 3158 5409 ἐν
3204 5357 3549 5428 συναισθήσει
3601 5359 3751 5424 γινό-

2195 5466 2341 5519 μενοι
2381 5449 2470 5502 ἐπὶ
2519 5452 2630 5514 τοῖς
2683 5447 3235 5520 πεπλημμελημένοις
3287 5449 3486 5513 αὐτοῖς,
3535 5450 3631 5502 καὶ
3679 5449 3752 5512 ὡς

2192 5541 2282 5593 ἐπὶ
2315 5541 2489 5612 νεκρῷ
2515 5543 2626 5605 τοῖς
2668 5541 2815 5603 ιδίοις
2857 5540 3036 5609 ἔργοις
3084 5539 3405 5607 κατάγοντες
3430 5540 3663 5612 δάκρυα,
3690 5542 3750 5596 σὺ
