4022 6208
439 215 575 268 1545

1812 214 1874 267 IN
1908 210 2160 265 ISAIAM.

3505 228 3640 283 1546

431 330 700 402 τιμωρίας
739 329 1113 391 ἀπολαύσωσι,
1169 330 1522 395 στενάξαντες
1543 329 1617 382 σδέ
1650 331 1825 400 μόνον,
1855 331 1985 382 ἴασιι

2097 335 2253 393 tuos,
2278 331 2537 400 lugentes,
2569 349 2674 386 non
2714 349 2903 402 poenas
2927 337 3076 404 dent,
3108 339 3199 394 sed
3223 341 3325 410 piis
3354 342 3639 410 gemitibus

431 422 708 490 δέξωνται,
731 421 877 473 οὐδὲν
909 419 1250 486 ὲπαιτοῦντος
1285 421 1380 475 τοῦ
1413 421 1547 474 Θεοῦ
1576 422 1610 491 ἦ
1647 421 1990 492 συναίσθησιν

437 514 615 585 μόνον.

503 626 566 679 Τί
598 624 705 696 γὰρ
755 625 889 696 ἐμοῦ
932 626 1215 691 καλοῦντος
1257 628 1315 680 οὐ
1359 628 1606 698 πάρεστι,
1659 627 1874 681 πάντων
1912 635 1989 699 τῷ

433 715 549 786 ἐμῷ
572 714 798 784 νεύματι
831 716 1252 786 ήνιοχουμένωνς
1294 717 1388 770 καὶ
1436 717 1543 788 γὰρ
1573 717 1664 771 καὶ
1692 717 1865 789 πτηνὰ
1893 719 1988 770 ἀπ’

431 806 662 877 ἐσχάτου
693 805 791 875 τῆς
818 807 920 877 γῆς
951 807 1252 877 καλούμενα
1287 808 1546 880 πάρεστι⁹
1580 809 1673 862 καὶ
1705 809 1884 879 Κῦρον
1933 809 1987 862 δέ

429 900 522 951 τὸν
574 897 796 967 βασιλέα
837 900 870 969 η
921 897 1026 969 ἐμὴ
1069 899 1280 965 ἐξουσία
1327 901 1467 970 άγει,
1497 900 1574 971 τῷ
1607 901 1724 972 ἐμῷ
1761 901 1986 971 νεύματι

431 986 679 1041 εἴκοντα·
715 988 774 1040 οὑ
803 987 908 1058 μὴν
939 987 1072 1041 ἀλλὰ
1122 988 1213 1041 καὶ
1247 989 1417 1043 πάντα
1449 990 1729 1061 ἄνθρωπον
1771 991 1838 1044 τά
1879 990 1988 1061 ἐμὰ

432 1078 747 1152 φρονοῦντα,
783 1080 880 1150 ἐμὲ
906 1080 1016 1144 ἕξει
1048 1079 1142 1132 καὶ
1185 1081 1472 1136 εὐθύνοντα
1499 1082 1644 1154 αύτῷ
1674 1083 1771 1147 τὰς
1799 1083 1950 1146 ὁδούς
1969 1099 1982 1112 ·

432 1174 482 1226 εἰ
510 1172 566 1225 δὲ
597 1171 688 1225 καὶ
713 1171 1024 1244 ,ἀνθρώπων
1051 1171 1236 1242 μηδεὶς
1263 1175 1507 1246 εὑρεθείη
1534 1175 1594 1228 τὸ
1619 1175 1749 1245 ἐμὸν
1779 1175 1986 1245 θέλημα

432 1262 650 1334 μετιὼν,
674 1261 733 1315 τὸ
757 1261 1049 1333 τηνικαῦτα
1078 1263 1168 1316 τὸν
1197 1265 1326 1334 ἐμὸν
1363 1266 1486 1319 Υίὸν
1509 1266 1806 1333 ἀποστελῶ,
1830 1284 1984 1321 τουτ-

429 1356 544 1408 ἐστι
587 1354 676 1407 τὸν
721 1353 970 1435 Χριστὸν,
1022 1357 1199 1409 πᾶσαν
1236 1355 1334 1427 τὴν
1376 1358 1642 1429 πατρικὴν
1681 1358 1986 1429 πληροῦντα

429 1446 653 1508 ἔννοιαν,
685 1447 778 1498 καὶ
825 1447 882 1498 ἐν
920 1448 986 1518 τῇ
1021 1445 1127 1518 ίδίᾳ
1159 1448 1322 1502 αὑτοῦ
1374 1450 1667 1522 αὐτουργίᾳ
1707 1451 1984 1506 δεικνύντα

427 1539 565 1608 ἐμὰς
598 1537 825 1602 ἐννοίας.

494 1629 740 1680 Αἰτιᾶται
772 1627 969 1693 αὐτοῖς,
1014 1630 1110 1700 ούχ
1153 1631 1226 1693 ὡς
1270 1630 1329 1682 τὸ
1373 1631 1555 1702 μόριον
1598 1628 1690 1683 τοῦ
1737 1629 1983 1702 σώματος

427 1718 820 1790 ἀποϐεϐληκόσι
851 1719 948 1791 τὴν
985 1721 1226 1792 καρδίαν,
1258 1721 1373 1775 ἀλλ’
1414 1723 1488 1784 ὡς
1531 1721 1591 1775 τὸ
1633 1723 1872 1793 κριτικὸν
1900 1724 1984 1775 att-

428 1810 713 1882 σθητήριον
743 1811 919 1864 ἑκοντὶ
955 1812 1412 1884 ἐπικρυψαμένοις
1431 1830 1443 1842 ·
1480 1813 1507 1866 ὃ
1535 1813 1627 1867 καὶ
1660 1814 1828 1868 αἴτιον
1859 1815 1986 1884 ὑμῖν

428 1901 614 1971 γέγονε
670 1901 993 1973 ἀπῳκίσθαι.
1043 1903 1202 1957 Ὂθεν
1264 1905 1446 1971 ἐπάξω
1504 1905 1600 1976 τὴν
1671 1905 1822 1976 δίκην
1869 1907 1986 1977 μετ’

429 1993 700 2064 ἀληθείας,
755 1994 1020 2066 σωτηρίαν
1067 1996 1192 2066 ὑμῖν
1246 1997 1711 2067 μνηστευομένην·
1745 1998 1838 2051 καὶ
1879 1999 1986 2070 γάρ

428 2086 572 2140 πᾶσα
611 2086 831 2149 κόλασις
875 2087 1013 2140 κατά
1037 2087 1126 2139 τὸν
1157 2085 1250 2140 τοῦ
1283 2086 1596 2152 κολάζοντος
1635 2089 1830 2142 σκοπὸν
1862 2090 1985 2160 ϐνη-

429 2193 511 2228 σιν
548 2177 699 2248 φέρει
745 2180 856 2241 τοῖς
903 2176 1280 2248 κολαζομένοις
1305 2222 1320 2245 ,
1371 2179 1525 2250 δίκην
1584 2178 1766 2248 ἰατροῦ
1818 2197 1986 2251 προσ-

2096 429 2374 475 sanentur.
2399 422 2531 476 Nam
2566 423 2640 477 nil
2670 425 2814 480 aliud
2851 435 3053 496 repetet
3102 443 3133 482 a
3180 430 3333 485 vobis
3366 430 3507 486 Deus
3536 433 3640 488 nisi

2095 511 2259 566 animi
2291 515 2721 572 conversionem.

2175 624 2338 682 Vens.
2371 627 2458 682 11.
2496 627 2636 694 Quid
2681 629 2825 682 enim
2878 645 2987 684 non
3021 629 3213 694 aderit,
3263 638 3491 685 vocante
3531 647 3638 695 me,

2094 736 2218 774 cum
2267 721 2447 775 omnia
2479 721 2634 774 nutui
2677 737 2796 775 meo
2839 721 3174 776 inserviant?
3205 721 3359 786 Quod
3403 723 3446 777 si
3489 738 3637 776 avem

2095 813 2163 867 ab
2195 814 2458 868 extremis
2483 814 2645 868 terris
2684 829 2972 878 vocavero,
3014 816 3204 869 aderit.
3227 815 3401 884 Cyrus
3428 829 3642 883 quoque

2093 921 2188 960 rex
2228 905 2455 975 imperio
2497 920 2615 959 meo
2661 906 2883 975 regitur,
2930 917 3082 976 paret
3115 905 3286 975 jussis
3329 905 3484 960 meis.
3531 903 3644 958 lmo

2092 997 2270 1052 omnis
2310 996 2472 1051 homo
2501 998 2594 1066 qui
2641 1013 2757 1051 mea
2807 1000 2994 1064 sentit,
3044 1013 3130 1052 me
3175 997 3394 1051 habebit
3430 996 3642 1050 viarum

2091 1088 2302 1142 ducem.
2340 1089 2568 1154 Quando
2599 1104 2727 1143 vero
2751 1087 2862 1157 jam
2890 1104 2996 1142 non
3023 1088 3184 1142 homo
3218 1089 3516 1157 reperietur
3548 1086 3642 1155 qui

2091 1177 2257 1232 faciat
2285 1180 2616 1234 voluntatem
2670 1196 2864 1244 meam,
2901 1190 3028 1235 tunc
3066 1179 3259 1234 Filium
3299 1194 3475 1233 meum
3512 1178 3640 1231 mit-

2091 1277 2222 1334 tant,
2271 1270 2374 1325 hoc
2415 1279 2499 1327 est
2545 1272 2821 1327 Christum
2861 1273 2954 1342 qui
3000 1280 3232 1326 mentem
3267 1272 3495 1340 patriam
3541 1282 3636 1338 per

2088 1364 2269 1417 omnia
2300 1363 2564 1434 perficiat,
2603 1372 2657 1419 et
2705 1364 2962 1436 operibus
2995 1363 3134 1431 suis,
3162 1363 3292 1434 quid
3332 1364 3450 1434 ipse
3493 1362 3640 1418 desi-

2088 1454 2271 1509 derem
2303 1455 2621 1510 declarabit.

2116 1610 2130 1617 ’
2160 1629 2329 1687 Vens.
2363 1630 2450 1686 12.
2498 1629 2688 1702 Arguit
2720 1645 2815 1686 eos
2858 1645 2967 1686 non
3001 1631 3144 1702 quod
3189 1647 3284 1686 cor
3312 1631 3643 1702 perdiderint

2091 1737 2411 1793 corporeum
2437 1761 2452 1786 ,
2486 1723 2579 1776 sed
2613 1723 2758 1794 quod
2793 1733 2984 1794 sponte
3011 1725 3178 1778 animi
3225 1725 3404 1780 lumen
3433 1727 3644 1781 exstin-

2091 1816 2302 1882 xerint;
2345 1830 2471 1869 nam
2503 1825 2785 1886 propterea
2823 1831 2854 1870 a
2893 1832 2978 1871 me
3001 1816 3294 1871 defecistis.
3319 1815 3642 1886 ldeojustas

2091 1922 2122 1960 a
2155 1907 2306 1962 vobis
2335 1922 2523 1977 poenas
2553 1916 2809 1978 repetam,
2846 1908 3008 1963 saluti
3052 1908 3202 1962 vobis
3233 1907 3484 1986 futuras;
3513 1922 3640 1962 nam

2091 2001 2236 2054 omni
2278 2015 2438 2070 pmna
2470 2000 2614 2057 Deus
2647 2002 2872 2056 utilitati
2915 2013 3114 2055 nostra:
3145 2001 3415 2064 consulit,
3443 2001 3640 2055 medici

2091 2083 2159 2137 ad
2194 2085 2468 2155 exemplar
2514 2089 2761 2140 morbum
2805 2087 3065 2140 curantis.
3118 2085 3268 2140 Licet
3311 2101 3494 2140 amara
3534 2087 3643 2140 sint

2092 2191 2210 2246 qnze
2230 2191 2258 2228 a
2279 2177 2487 2231 medico
2517 2176 2846 2246 prtebentnr,
2868 2191 3040 2248 aegros
3062 2186 3238 2230 tamen
3270 2176 3322 2229 in
3355 2179 3638 2230 sanitatem

425 2269 646 2336 ἀγοντος
680 2268 927 2341 βοήθημα
959 2271 1252 2338 κάμνοντι·
1298 2271 1398 2325 κᾶν
1449 2271 1641 2343 πικρὸν
1756 2271 1817 2326 τὸ
1857 2271 1985 2326 διδό-

2090 2267 2384 2322 restituunt
2420 2286 2433 2321 :
2465 2267 2652 2322 eadem
2686 2268 2894 2322 ratione
2933 2268 3214 2338 regebatur
3243 2267 3428 2337 legalis
3451 2281 3637 2320 eorum

429 2377 586 2430 μενον
632 2362 782 2434 παρά
833 2361 926 2415 τοῦ
963 2361 1167 2434 ἰατροῦ,
1219 2362 1334 2416 ἀλλ’
1391 2364 1538 2434 ὅμως
1586 2364 1772 2433 ὑγείας
1823 2366 1985 2419 αἴτιον

2090 2358 2309 2424 civitas,
2339 2368 2390 2414 et
2419 2359 2670 2413 instituta
2693 2357 2787 2413 Dei
2825 2360 3051 2430 gloriam
3085 2360 3418 2430 praestabant
3447 2358 3638 2412 obser-

426 2449 576 2505 ἔσται
620 2452 698 2524 τῷ
735 2453 1004 2526 δεχομένῳ
1037 2454 1199 2508 αύτόο
1233 2453 1405 2526 τούτῳ
1445 2453 1552 2525 γάρ
1580 2454 1655 2526 τῷ
1688 2455 1870 2526 σκοπῷ
1899 2458 1985 2510 καὶ

2090 2453 2338 2508 vantibus
2368 2467 2454 2508 ea.

425 2543 458 2613 ἡ
491 2545 684 2618 νομικὴ
717 2547 895 2610 αὐτοῖς
921 2545 1070 2609 πόλις
1101 2545 1418 2617 άφωρίζετο,
1453 2547 1548 2600 καὶ
1578 2547 1647 2600 τά
1672 2547 1822 2619 παρά
1851 2548 1942 2602 τοῦ
1967 2548 2100 2604 Θεοῦ
2131 2548 2337 2619 νόμιμα
2368 2546 2523 2611 δόξαν
2551 2548 2804 2619 παρεῖχεν
2834 2545 3012 2609 αὐτοῖς
3044 2544 3298 2618 τηροῦσιν
3325 2545 3484 2600 αὑτά.

493 2656 662 2711 Πάλιν
694 2657 828 2730 πρὸς
853 2657 976 2721 τοὺς
999 2657 1292 2722 Χαλδαίους
1321 2657 1542 2730 μετάγει
1565 2659 1656 2713 τὸν
1684 2659 1859 2728 λόγον,
1890 2661 1984 2715 καὶ

423 2765 519 2802 την
548 2749 992 2821 καταληψομένην
1026 2751 1219 2814 αὐτοὺς
1247 2751 1400 2823 δίκην
1437 2750 1837 2824 προαγορεύει..

498 2954 640 3026 Πρὸς
664 2955 760 3023 ,τὸν
808 2957 1020 3029 Ἰσραὴλ
1051 2961 1279 3011 ποιεῖται
1311 2957 1435 3021 τοὺς
1488 2955 1710 3026 λόγους·
1757 2957 1839 3012 ὅτι
1883 2957 1984 3011 Το-

431 3045 616 3099 σοῦτον
645 3046 859 3116 ἀφέξεις
890 3048 980 3102 τοῦ
1009 3050 1098 3103 τὸν
1132 3048 1410 3121 Ἀσσύριον
1443 3049 1835 3121 φοϐηθήσεσθαι
1864 3051 1985 3121 ἐμοὶ

427 3138 757 3209 πειθόμενος,
786 3139 860 3204 ὡς
891 3143 1025 3212 μήτε
1063 3141 1266 3203 τούτοις
1302 3145 1439 3212 μήτε
1467 3141 1646 3204 ἀλλοις
1675 3143 1784 3194 τισὶ
1812 3159 1986 3212 παρα-

426 3227 605 3282 δοῦναι
646 3231 806 3299 ὑμᾶς.

507 3319 841 3388 Ἀπανταχοῦ
900 3320 967 3373 τά
1016 3321 1112 3390 τῆς
1164 3321 1354 3372 ἑαυτου
1405 3321 1767 3391 χρηστότητος
1823 3321 1985 3374 ἐνδει-

429 3411 688 3482 κνύμενος
719 3411 748 3462 ὁ
784 3411 934 3477 Θεὸς,
969 3411 1041 3482 μὴ
1071 3411 1459 3482 σεσιωπηκέναι
1487 3412 1702 3481 φάσκει,
1733 3412 1862 3484 μηδὲ
1893 3411 1985 3464 ἐπὶ

427 3509 536 3569 τοῖς
559 3504 757 3558 τούτων
789 3510 973 3567 κακοῖς
1001 3503 1436 3574 άδιηφορηκέναι,
1477 3503 1587 3556 ἀλλ’
1619 3503 1704 3558 ἀεὶ
1743 3503 1988 3576 ἁμαρτά-

427 3615 614 3660 νοντας
636 3596 889 3668 ἐλέγχων,
914 3597 1007 3650 καὶ
1029 3595 1094 3649 τὰ
1115 3595 1433 3666 ὀφειλόμενα
1461 3597 1578 3659 ταῖς
1599 3593 1777 3649 αὐτῶν
1809 3597 1986 3668 ἁμαρ-

427 3689 568 3752 τίαις
613 3689 857 3760 ἐπιτίμια
893 3687 1188 3760 προλέγων,
1229 3688 1325 3758 οὐχ
1372 3688 1459 3741 ἴνα
1509 3689 1882 3760 τιμωρήσηται
1927 3689 1982 3760 (ἢ

427 3779 536 3850 γὰρ
588 3779 652 3834 ἂν
679 3781 772 3834 καὶ
816 3781 1030 3835 σιωπῶν
1065 3781 1233 3850 ἐπῆγε
1264 3781 1362 3851 τὴν
1391 3781 1604 3852 ὀργὴν),
1634 3779 1746 3834 ἀλλ’
1772 3782 1857 3836 ἵνα
1889 3799 1985 3851 φο-

430 3871 599 3940 ϐήσας
628 3871 720 3924 καὶ
748 3869 1081 3940 σωφρονίσας
1111 3873 1176 3942 τῇ
1209 3869 1424 3941 ἀπειλῇ,
1459 3868 1568 3934 ἕξει
1600 3869 1986 3940 μετανοοῦντας

430 3964 523 4017 καὶ
556 3960 902 4032 πειθομένους
938 3959 1102 4032 αὐτῷ.
1136 3989 1207 4000 -
1240 3959 1407 4014 Πάλιν
1453 3959 1808 4031 προπατόρων
1853 3961 1986 4033 μνή-

432 4070 505 4122 μη
553 4054 646 4106 καὶ
689 4053 943 4124 ὀνόματος
986 4051 1265 4123 προκοπῆς
1311 4051 1448 4105 κατά
1487 4051 1683 4122 ψυχὴν,
1717 4053 1853 4122 ὅπερ
1888 4068 1987 4124 ση-

433 4145 664 4215 μαίνειό
707 4145 948 4217 Ἰσραήλ·
991 4145 1059 4198 ἵν’
1099 4145 1148 4198 οἱ
1188 4143 1477 4214 αὐχοῦντες
1520 4144 1696 4213 γένος,
1734 4145 1828 4197 καὶ
1861 4143 1986 4217 τρό·

429 4253 527 4288 πον
566 4238 771 4299 ἑαυτοῖς
824 4235 1162 4302 οίκειώσωσι,
1217 4236 1310 4288 καὶ
1358 4234 1568 4289 εὖνοιαν
1621 4235 1720 4304 τὴν
1765 4235 1985 4288 ἐκείνων

2158 2659 2288 2715 Cn.
2359 2658 2579 2724 XLVII,
2624 2658 2789 2714 Vens.
2851 2661 2902 2714 l.
2965 2656 3176 2730 Rursus
3234 2657 3301 2711 ad
3355 2656 3641 2712 Chaldaeos

2085 2753 2250 2809 verba
2283 2753 2446 2818 facit,
2490 2762 2544 2809 et
2587 2752 2957 2807 imminentem
3001 2751 3136 2821 ipsis
3163 2750 3456 2804 vindictam
3502 2763 3636 2817 pra:-

2086 2845 2322 2899 nuntiat.

2161 2957 2328 3013 Vsns.
2351 2957 2403 3011 3.
2423 2953 2590 3012 Israel
2610 2955 2904 3026 alloquitur
2929 2973 2942 3008 :
2965 2952 3117 3020 Quod
3145 2952 3190 3008 si
3211 2950 3342 3006 mihi
3365 2949 3636 3006 conlidea-

2088 3052 2200 3118 ris,
2245 3051 2358 3120 jam
2394 3065 2502 3104 non
2542 3049 2647 3105 erit
2693 3063 2791 3103 cur
2834 3046 3086 3117 Assyrios
3129 3043 3477 3111 reformides,
3511 3059 3637 3098 nam

2087 3157 2187 3210 ego
2221 3149 2272 3194 te
2306 3139 2450 3192 ultra
2485 3154 2585 3193 nec
2615 3137 2749 3201 illis,
2771 3151 2872 3191 nec
2903 3135 3027 3191 aliis
3057 3133 3286 3189 tradam.

2154 3318 2285 3375 CAP.
2334 3313 2582 3379 XLVIII,
2610 3312 2776 3368 Vsus.
2808 3312 2858 3366 l.
2885 3311 3205 3367 Omnimoda
3242 3313 3496 3369 bonitatis
3525 3331 3640 3370 sua:

2085 3413 2410 3468 documenta
2459 3408 2704 3480 prabens
2756 3405 2931 3469 Deus,
2983 3420 3042 3461 se
3083 3421 3358 3474 nunquam
3401 3408 3639 3462 tacuisse

2085 3503 2392 3576 profitetur,
2427 3517 2528 3556 nec
2553 3499 2748 3553 delicta
2803 3512 2990 3551 eorum
3031 3511 3185 3566 aequo
3216 3495 3394 3550 animo
3424 3497 3636 3558 tulisse,

2087 3595 2182 3653 sed
2213 3609 2385 3664 usque
2438 3598 2730 3662 peccantes
2786 3588 3052 3658 arguisse,
3107 3595 3160 3642 et
3192 3586 3400 3642 debitas
3443 3602 3634 3657 pecca-

2088 3688 2159 3742 tis
2179 3699 2368 3740 eorum
2397 3682 2750 3739 denuntiasse
2795 3694 3016 3752 poenas,
3050 3693 3157 3732 non
3188 3685 3248 3732 ut
3288 3693 3381 3733 eos
3419 3678 3636 3749 puniret

2087 3778 2361 3850 (alioquin
2410 3775 2612 3830 tacitus
2665 3789 2761 3830 eos
2822 3773 2901 3828 ira
2949 3770 3376 3842 Oppressisset),
3429 3770 3524 3826 sed
3574 3777 3636 3826 ut

2085 3869 2250 3924 minis
2282 3881 2374 3922 eos
2401 3865 2680 3921 deterrens
2709 3871 2763 3920 et
2791 3863 2858 3918 ad
2890 3863 3108 3917 saniora
3134 3876 3394 3917 revocans
3413 3903 3428 3927 ,
3461 3876 3632 3932 popu-

2086 3961 2196 4017 lum
2224 3960 2446 4015 haberet
2473 3957 2637 4013 corde
2664 3959 2954 4011 contritum
2983 3963 3035 4013 et
3064 3955 3294 4011 fidelem.
3320 3953 3529 4010 Rursus
3548 3970 3639 4026 pa-

2089 4054 2356 4110 triarcbas
2377 4051 2719 4108 commendat
2739 4057 2792 4105 et
2815 4051 3066 4104 virtutem
3089 4048 3446 4119 spiritualem,
3471 4063 3636 4118 quam

2085 4146 2332 4216 designat
2362 4160 2558 4198 nomen
2588 4143 2786 4207 Israel,
2821 4149 2880 4196 ut
2897 4157 3067 4212 genus
3095 4141 3362 4210 jactantes
3389 4138 3633 4202 Patrum,

2085 4254 2266 4294 mores
2312 4251 2530 4309 quoque
2575 4237 2858 4291 imitentur
2901 4250 3120 4298 eorum,
3154 4241 3206 4288 et
3235 4233 3422 4288 eodem
3453 4233 3639 4288 studio

434 4325 817 4397 μιμησάμενοι,
858 4325 1104 4380 ἐθίσωσιν
1153 4326 1378 4388 ἑαυτοὺς
1417 4325 1496 4388 είς
1537 4325 1598 4378 τὸ
1634 4325 1847 4378 ἀκούειν
1891 4324 1981 4378 τοῦ

2090 4331 2404 4399 ﬂagrantes,
2441 4327 2535 4385 Dei
2566 4328 2622 4382 in
2663 4329 2888 4384 servitio
2923 4326 3024 4396 ipsi
3051 4340 3264 4396 quoque
3295 4331 3631 4380 assuescant.

430 4415 584 4470 Θεοῦ.

499 4507 744 4571 Τοιοῦτος
798 4507 1088 4578 ἐτύγχανες
1135 4509 1228 4561 καὶ
1281 4508 1506 4571 ἀνωθεν,
1562 4506 1851 4576 ἀπολείψεις
1887 4505 1982 4576 μὲν

431 4600 550 4663 τοὺς
583 4601 639 4651 ἐν
658 4602 724 4671 τῇ
751 4599 906 4668 φύσει
932 4617 1011 4652 σοι
1042 4598 1476 4670 καταϐληθέντας
1498 4598 1710 4668 νόμους,
1739 4599 1796 4650 ἐν
1824 4596 1985 4663 πλαξὶ

431 4691 488 4743 δὲ
525 4689 748 4754 λιθίναις
791 4690 1102 4759 ἀναγκάσας
1129 4690 1332 4762 γράψαι
1365 4689 1554 4752 ταῦτα,
1585 4691 1660 4753 ὼς
1700 4690 1792 4742 κα)⁸
1823 4690 1986 4742 Μωῦ-

435 4784 530 4854 σῆς
559 4785 684 4854 ὑμῖν
707 4783 964 4850 ὠνείδιζε,
987 4785 1080 4836 καὶ
1126 4783 1185 4836 τὺ
1225 4782 1437 4844 ἀναιδὲς
1464 4781 1614 4852 ὑμῶν
1641 4782 1982 4852 ἁπέσκωψεν.

500 4990 667 5043 Πάλιν
689 4989 786 5060 τὴν
813 4989 1170 5062 προσποίητον
1199 4991 1376 5042 αὐτων
1416 4988 1646 5060 ἐλέγχων
1680 4991 1984 5062 ὀμολογιαν,

433 5080 871 5152 ὲπαναλαμϐάνει
913 5080 982 5134 τά
1029 5081 1156 5152 παρ’
1207 5081 1426 5134 ἐκείνων
1476 5080 1738 5152 λεγόμενα
1775 5081 1982 5150 λέγων’

438 5190 455 5221 ι
495 5171 583 5242 Μὴ
618 5171 935 5245 εῐπῃς·Ναὶ,
965 5171 1213 5240 γινώσκω
1249 5173 1412 5224 αὑτά·
1454 5190 1473 5221 ι
1508 5171 1608 5224 κᾶν
1655 5173 1761 5241 γὰρ
1807 5171 1881 5236 ὡς
1913 5173 1987 5224 εί-

432 5261 578 5326 δότες
609 5263 1005 5334 προσποιεῖσθε,
1038 5262 1172 5316 ἀλλὰ
1203 5261 1329 5330 γοῦν
1360 5263 1444 5314 ἐπ’
1477 5263 1654 5316 αὐτῶν
1691 5262 1798 5315 τῶν
1832 5265 1984 5334 πρά-

434 5351 564 5417 ξεων
621 5354 1026 5427 φωραθήσεσθε,
1087 5356 1220 5426 μήτε
1269 5353 1634 5424 ἐπιστάμενοι,
1685 5354 1986 5418 ἀκολούθως

429 5443 508 5514 τῷ
530 5447 894 5518 γεγραμμένῳ
938 5448 992 5499 ἐν
1037 5445 1110 5515 τῷ
1157 5444 1488 5514 Εὑαγγελίῳ,
1519 5446 1599 5507 τὸ,
1639 5464 1656 5496 ι
1697 5445 1769 5498 Οὐ
1817 5447 1918 5508 πᾶς
1959 5447 1986 5498 ὁ

432 5536 602 5605 λέγων
639 5557 747 5610 μοι,
778 5540 944 5611 Κύριε
963 5582 975 5603 ,
1001 5539 1190 5609 Κύριε,
1223 5535 1579 5591 εἰσελεύσεται
1613 5538 1690 5600 είς
1713 5539 1807 5606 τὴν
1833 5536 1984 5607 βασι-

507 5682 546 5713 ¹¹
575 5681 756 5736 Matth.
794 5701 887 5748 vn,
921 5684 1006 5737 2|.

2103 4506 2108 4513 ’
2154 4510 2319 4564 Vens.
2371 4509 2423 4563 5.
2471 4506 2657 4562 Talem
2715 4515 2766 4562 te
2819 4505 3094 4576 praebuisti
3134 4506 3216 4560 vel
3268 4520 3296 4558 a
3330 4505 3636 4574 principio;

2085 4600 2364 4656 derelictis
2395 4599 2627 4670 legibus.
2655 4614 2774 4668 quae
2799 4606 2992 4651 natura
3020 4596 3174 4651 vobis
3199 4595 3414 4650 fuerant
3439 4597 3634 4660 insitae,

2086 4693 2234 4760 leges
2269 4705 2301 4744 a
2351 4706 2435 4744 me
2466 4690 2774 4744 cxtorsistis
2806 4687 3035 4758 lapideis
3069 4689 3269 4743 tabulis
3306 4689 3634 4759 inscriptas;

2085 4783 2230 4854 quod
2258 4784 2368 4854 jam
2399 4781 2609 4854 Moyses
2636 4781 2789 4835 vobis
2817 4780 3185 4844 exprobravit,
3217 4787 3271 4836 et
3299 4782 3640 4836 contumeliae

2089 4877 2264 4967 rguit.

2164 4989 2326 5045 Vens.
2349 4990 2400 5044 7.
2421 4991 2628 5043 Rursus
2644 4989 2820 5042 fictam
2838 5003 3024 5042 eorum
3046 4987 3200 5042 fidem
3219 4987 3635 5056 reprehendens,

2093 5083 2240 5137 dicta
2295 5097 2482 5136 eorum
2548 5081 2716 5136 refert
2754 5097 2767 5134 :
2805 5079 2887 5134 Ne
2935 5081 3110 5142 dicas,
3168 5078 3347 5148 inquit
3393 5099 3406 5135 :
3461 5079 3637 5132 Etiam

2091 5176 2316 5228 norica.
2375 5173 2522 5227 Licet
2555 5188 2616 5228 ea
2665 5173 2883 5227 novisse
2925 5171 3288 5234 contendatis,
3325 5171 3440 5240 ipsa
3478 5186 3640 5240 opera

2090 5277 2270 5322 vestra
2327 5282 2424 5320 vos
2478 5281 2541 5319 ea
2604 5265 2942 5334 ignoravisse
2989 5261 3413 5324 confirmabunt,
3479 5265 3637 5318 sicuti

2089 5359 2353 5428 scriptum
2388 5365 2472 5411 est
2528 5357 2580 5410 in
2641 5354 2933 5426 Evangelia
2968 5374 2980 5408 :
3038 5353 3157 5408 Non
3189 5356 3354 5409 omnis
3384 5355 3473 5424 qui
3514 5354 3639 5407 dicit

2091 5452 2240 5515 mihi,
2279 5449 2533 5512 Domine,
2572 5449 2820 5512 Domine,
2872 5447 3089 5500 intrabit
3120 5448 3174 5501 in
3228 5463 3441 5516 regnum
3487 5445 3641 5499 coelo-

2094 5561 2207 5597 rum
2239 5545 2315 5609 ";
2355 5557 2448 5598 ore
2476 5541 2691 5612 quidem
2723 5549 2775 5595 ct
2816 5540 2993 5610 lingua
3029 5555 3112 5595 me
3147 5537 3498 5605 confitemini,
3534 5551 3643 5592 non
