3984 6212
298 232 317 284 l
332 231 436 286 549

1684 233 1748 288 ΙΝ
1787 232 2038 288 ISAIAM.

3385 239 3519 296 1350

289 362 374 398 σοι
429 344 562 414 πρὸς
598 341 882 412 σωτηρίαν,
929 341 1042 396 ἀλλ’
1073 338 1414 408 αὐτεξούσιόν
1455 357 1511 395 σε
1552 342 1863 414 πεποιηκὼς

1969 342 2064 398 sed
2096 341 2326 397 liberum
2369 350 2422 397 te
2452 341 2747 406 constitui,
2784 358 2867 397 me
2905 358 3074 410 auce,
3106 361 3190 400 me
3229 362 3397 416 usque
3427 351 3516 405 deo

289 432 673 505 ὑφηγησάμην,
717 432 808 484 καὶ
848 431 916 484 τά
962 431 1207 502 πρακτέα
1251 430 1346 484 καὶ
1397 429 1465 483 τὰ
1511 432 1855 502 συμφέροντά

294 543 374 578 σοι
409 521 656 586 ὑπέδειξα
679 538 693 550 ·
729 521 822 574 καὶ
865 521 1070 592 ταύτην
1096 521 1390 575 όδεύσαντά
1421 539 1479 575 σε
1521 521 1617 594 τὴν
1649 523 1852 595 τρίϐον,

293 616 538 677 ἐκκλίνας
568 613 675 667 ἀπὸ
699 613 796 682 τῆς
821 612 1067 675 ἐναντίας
1099 612 1460 685 προξενούσης
1493 631 1573 667 σοι
1608 613 1850 670 θάνατον.

362 706 468 759 Καὶ
507 705 670 757 τόπον
717 704 808 756 καὶ
848 701 1045 772 τρόπον
1097 703 1345 772 ἀμείϐειν
1389 706 1582 769 αὐτοὺς
1625 707 1868 777 συμϐου-,

290 795 453 859 λεύει,
477 795 636 848 τοῦτο
668 793 764 863 μὲν
803 793 1294 864 μετανισταμένους
1321 798 1383 849 ἐκ
1425 797 1522 867 τῆς
1543 797 1857 862 Βαϐυλῶνος

291 889 384 940 καὶ
434 885 944 955 καταλαμϐάνοντας
998 886 1098 955 τὴν
1158 886 1508 960 Ἰερουσαλὴμ
1532 931 1548 954 ,
1597 889 1754 944 τοῦτο
1801 891 1857 943 δὲ

293 979 460 1049 μηδὲν
524 977 819 1046 ἐπάγεσθαι
881 978 1075 1041 αὐτοὺς
1137 978 1345 1032 τοιοῦτο
1394 980 1512 1044 ἔθος
1566 982 1857 1036 Χαλδαῖκδν

296 1069 693 1138 συμϐουλεύων,
737 1069 1162 1140 προσανέχοντας
1200 1070 1600 1144 είδωλολατρείᾳ
1643 1074 1733 1126 mi.
1769 1075 1861 1126 0i-

291 1162 546 1230 ωνισμοίς
592 1160 685 1213 καὶ
724 1163 844 1223 ταῖς
874 1159 1057 1224 ἄλλαις
1102 1160 1431 1225 Χαλδαῖκαῖς
1472 1162 1718 1226 πλάναις.
1752 1164 1859 1218 Kal

287 1255 418 1322 μετ’
465 1254 655 1323 ὀλίγα·
699 1255 764 1306 Ὃ
811 1253 874 1325 δὴ
929 1253 1156 1325 ἁρμόσει
1208 1255 1300 1308 καὶ
1347 1257 1439 1309 ἐπὶ
1496 1256 1709 1310 πάντων
1758 1257 1862 1309 τῶν

299 1344 466 1398 ἐθνῶν
500 1345 606 1396 τῶν
641 1344 947 1416 ἅπανταχοῦ
986 1346 1090 1416 γῆς
1135 1345 1322 1408 όντων,
1364 1348 1456 1400 καὶ
1485 1347 1553 1400 τὰ
1590 1349 1732 1419 ἀκρα
1763 1349 1864 1417 τῆς

296 1441 399 1509 γῆς
435 1437 851 1508 κατειληφότων,
894 1437 1378 1509 εὐαγγελιζομένου
1413 1440 1591 1502 αὐτοῖς
1627 1438 1719 1491 τοῦ
1763 1457 1865 1492 σω-

295 1531 481 1601 τηρίου
521 1529 674 1598 λόγου
725 1531 819 1583 καὶ
869 1531 964 1601 τῆς
1007 1529 1245 1600 ψυχικῆς
1291 1528 1596 1602 ἐλευθερίας
1637 1530 1736 1601 τὴν
1777 1529 1865 1582 λύο

295 1637 495 1693 τρωσιν
529 1622 594 1691 ἢν
632 1619 970 1690 ἐλυτρὼσατο
1013 1622 1208 1686 αὐτοὺς
1229 1623 1257 1674 ό
1287 1620 1580 1694 μονογενὴς
1613 1621 1740 1686 Υἱὸς
1771 1621 1863 1675 τοῦ

296 1710 429 1763 Θεοῦ
460 1714 517 1764 ἐν
550 1711 888 1782 αἰχμαλωσίᾳ
915 1712 1268 1784 πράττοντας,
1301 1713 1394 1766 καὶ
1426 1712 1530 1766 ὑπὸ
1555 1711 1654 1784 τὴν
1676 1729 1867 1784 τυραν-

297 1801 415 1856 νίδα
439 1801 531 1854 τοῦ
560 1801 805 1856 διαϐόλου
830 1803 1009 1866 ὄντας.

367 1915 527 1983 Λέγει
549 1916 626 1978 δὲ,
657 1916 758 1979 ὅτι,
788 1917 850 1969 El
882 1918 974 1970 καὶ
1004 1912 1147 1972 οὗτοι
1173 1919 1427 1988 οὐδεμίαν
1451 1918 1715 1988 ὠφέλειαν
1744 1918 1868 1972 ἐδέ-

299 2007 476 2072 ξαντο,
512 2006 624 2059 ἀλλ’
667 2004 759 2060 οὖν
805 2009 914 2077 ἐγὼ
952 2009 1012 2061 τὸ
1063 2011 1260 2064 οἰκεῖον
1305 2009 1461 2081 ἔργον
1503 2009 1861 2081 πεπλήρωκα·

299 2101 391 2151 καὶ
415 2097 570 2151 τοῦτο
601 2098 753 2152 δίλόν
776 2101 890 2153 ἐστι
915 2099 992 2153 τῶ
1023 2099 1160 2156 Θεῶ.

373 2284 512 2355 Πρὸς
544 2286 605 2338 τὸ
630 2286 777 2358 παρά
818 2288 917 2359 τῆς
950 2286 1300 2358 Ἰερουσαλὴμ
1347 2286 1534 2350 κακῶς
1560 2285 1866 2357 γυμνασθέν

301 2374 439 2427 κατά
486 2375 580 2428 τοῦ
620 2375 753 2429 Θεοῦ
797 2377 872 2440 ὡς
919 2377 1307 2448 ἐπιλαϐομένου
1358 2377 1457 2447 τῆς
1518 2374 1868 2446 Ἰερουσαλὴμ

300 2467 394 2520 καὶ
429 2466 584 2520 τοῦτο
625 2467 869 2539 ἁρμόζει,
913 2467 1318 2540 διδασκομένης,
1359 2467 1433 2532 ὡς
1467 2467 1527 2520 οὐ
1567 2466 1703 2538 λήθῃ
1747 2466 1868 2519 δου-

301 2557 444 2611 λεύει
474 2559 536 2612 τδ
577 2558 751 2623 Θεϊον,
776 2559 894 2612 οὐδέ
934 2559 1173 2632 ῥᾳθυμίᾳ
1207 2558 1537 2632 προσανέχον
1562 2559 1868 2631 ἀπρονόητα

301 2650 698 2720 καταλιμπάνει
738 2649 809 2703 τά
831 2650 1020 2704 ἐαυτοῦ
1049 2652 1325 2723 ποιήματα
1345 2667 1357 2681 ·
1391 2652 1440 2702 εἰ
1467 2649 1576 2721 γὰρ
1605 2649 1868 2703 παύσεται

300 2739 430 2804 Θεὸς
461 2741 832 2812 διανοούμενος
871 2743 997 2815 περὶ
1027 2742 1204 2813 ἡμῶν,
1245 2744 1337 2796 καὶ
1373 2741 1738 2812 ἀποπέσοιμεν
1770 2740 1868 2811 τῆς

301 2831 462 2885 αὐτοῦ
493 2833 728 2904 μνήμης,
769 2833 1033 2887 παύσεται
1053 2833 1212 2905 ἡμῶν
1236 2834 1329 2886 καὶ
1363 2832 1424 2886 τὸ
1451 2827 1615 2886 εἶναι·
1645 2832 1740 2899 τῆς
1763 2830 1868 2902 γὰρ

301 2925 506 2988 ἐννοίας
537 2927 633 2996 τῆς
669 2928 753 2994 ἐφ’
777 2929 908 2997 ἡμῖν
937 2927 1311 2998 παυσαμένης,
1336 2928 1428 2995 ἀφ’
1459 2922 1526 2998 ἧς
1568 2926 1662 2978 καὶ
1698 2940 1866 2995 προσ-

1955 437 2199 490 clarante
2247 434 2375 504 quid
2422 435 2522 489 tibi
2576 435 2880 506 agendum,
2933 436 3062 506 quid
3109 438 3204 491 tibi
3247 440 3518 508 profectu-

1957 542 2106 591 rum;
2148 536 2201 582 et
2238 527 2366 581 dum
2407 526 2505 580 hac
2550 527 2604 580 in
2648 527 2735 581 via
2771 527 3069 584 ambularis
3092 568 3105 591 ,
3137 528 3205 583 ab
3233 531 3403 586 altera
3435 547 3520 587 re-

1956 618 2168 672 cessisti
2199 633 2301 688 qua
2333 605 2558 673 mortem
2591 628 3019 688 consequuntur.
3513 677 3518 686 ,

2033 709 2192 764 Vens.
2234 710 2323 766 20.
2378 709 2448 765 Ut
2501 711 2676 765 locum
2726 712 2887 766 simul
2925 720 2978 766 et
3018 727 3195 766 mores
3233 713 3518 769 immutent

1957 805 2222 868 consulit;
2251 804 2384 858 alios
2414 803 2630 873 quidem
2676 805 2802 858 dum
2861 806 3045 859 relicta
3095 803 3399 876 Babylone,
3433 806 3521 862 Je-

1959 896 2196 949 rusalem
2244 903 2521 964 repetant;
2557 895 2695 950 alios
2730 910 2891 958 vero,
2925 895 3050 949 dum
3080 895 3334 951 devitatis
3363 896 3521 951 Chal-

1959 979 2195 1034 dazorum
2228 980 2469 1032 moribus
2491 1018 2504 1042 ,
2531 979 2600 1032 ab
2625 979 2785 1032 idolis
2811 979 3140 1042 abstineant,
3173 987 3227 1033 et
3253 980 3322 1033 ab
3349 995 3523 1048 augu-

1960 1071 2056 1125 riis
2080 1081 2132 1125 et
2159 1071 2370 1125 caeteris
2394 1071 2618 1140 hujusce
2645 1073 2858 1141 generis
2882 1072 3145 1127 moribus.
3168 1070 3340 1126 Paulo
3365 1080 3480 1140 post
3501 1084 3523 1123 :

1962 1161 2092 1227 Quae
2120 1162 2281 1217 etiam
2311 1171 2430 1231 apte
2459 1163 2525 1216 ad
2556 1178 2743 1217 omnes
2771 1171 2960 1232 gentes
2989 1162 3293 1218 referentur
3323 1163 3525 1233 ubique

1963 1264 2230 1308 terrarum
2253 1252 2531 1325 degentes,
2556 1255 2639 1308 vel
2661 1262 2930 1309 extremas
2961 1265 3138 1310 terras
3164 1264 3522 1326 occupantes,

1964 1360 2088 1399 cum
2136 1345 2272 1414 ipsis
2314 1347 2540 1400 verbum
2603 1347 2796 1401 salutis
2854 1347 3200 1416 pradicatur,
3258 1355 3313 1402 et
3365 1349 3526 1417 spiri-

1965 1433 2127 1487 tualis
2166 1431 2418 1496 libertas,
2463 1434 2710 1488 liberatio
2756 1435 2968 1489 scilicet
2991 1452 3097 1506 qua
3141 1452 3240 1491 nos
3273 1437 3526 1491 liberavit

1967 1520 2279 1595 unigenitus
2311 1523 2403 1579 Dei
2423 1523 2594 1580 Filius
2625 1526 2678 1579 in
2703 1528 3016 1598 captivitate
3046 1536 3100 1583 et
3123 1528 3226 1584 sub
3259 1535 3526 1598 potestate

1967 1617 2168 1673 diaboli
2196 1633 2501 1688 oppressos.

1964 1911 2000 1984 ᾗ
2036 1915 2164 1968 Cir.
2193 1912 2387 1980 XLIX,
2421 1912 2582 1968 Vens.
2605 1913 2659 1970 4.
2721 1913 2943 1970 Etiamsi
2987 1915 3124 1970 nihil
3154 1917 3401 1974 utilitatis
3458 1934 3528 1975 ex

1966 2007 2147 2061 verbis
2182 2009 2320 2061 meis
2371 2005 2766 2076 perceperitis,
2814 2008 2990 2077 inquit
3040 2009 3339 2079 propheta,
3389 2024 3529 2081 opus

1966 2112 2144 2150 meum
2199 2111 2484 2167 peregero;
2541 2097 2696 2153 labor
2754 2112 2910 2154 meus
2967 2113 3155 2154 coram
3208 2099 3320 2155 Deo
3368 2101 3527 2156 inno-

1967 2195 2157 2244 tescet.

2039 2277 2204 2333 Vens.
2239 2279 2325 2334 15.
2367 2278 2672 2335 Jerusalem
2707 2280 2977 2337 immerito
3020 2280 3187 2337 Deum
3235 2289 3525 2353 arguente,

1967 2370 2123 2440 quasi
2177 2371 2371 2426 fuisset
2408 2371 2527 2441 ejus
2575 2371 2811 2434 oblitus,
2863 2373 3147 2442 aptissime
3204 2371 3525 2443 respondet,

1967 2461 2210 2516 divinum
2241 2478 2439 2518 numen
2472 2479 2580 2518 non
2605 2479 2727 2520 esse
2759 2463 3022 2518 oblivioni
3051 2463 3348 2518 obnoxium
3376 2503 3392 2530 ,
3425 2478 3527 2518 nec

1969 2552 2200 2624 segnitie
2247 2555 2451 2608 victum
2507 2563 2790 2610 creaturas
2847 2570 2978 2612 suas
3031 2556 3374 2627 providentia
3427 2571 3529 2612 sua

1967 2643 2280 2701 destituere.
2300 2646 2452 2713 Quod
2477 2647 2523 2702 si
2554 2647 2698 2702 enim
2723 2648 2882 2704 nobis
2925 2647 3020 2703 Dei
3058 2648 3400 2719 providentia
3429 2649 3529 2705 de-

1966 2737 2078 2792 seri
2119 2737 2412 2803 accideret,
2443 2747 2495 2794 et
2533 2738 2601 2793 de
2640 2740 2897 2794 memoria
2925 2739 3045 2807 ejus
3082 2740 3332 2796 excidere
3354 2780 3370 2803 ,
3399 2755 3531 2795 con-

1971 2832 2124 2885 tinuo
2161 2837 2512 2885 evanesceret
2557 2830 2664 2884 vita
2709 2840 2916 2887 nostra.
2953 2830 3086 2885 Nam
3117 2832 3404 2888 recedente
3440 2831 3527 2886 illa

1969 2928 2146 2976 mente
2174 2936 2278 2990 qua
2313 2921 2369 2974 in
2401 2921 2575 2976 lucem
2613 2921 2742 2977 editi
2775 2937 2986 2988 sumus,
3017 2930 3072 2978 et
3104 2923 3266 2980 nobis
3301 2938 3530 2994 pereun-

301 3016 654 3087 ἐληλύθαμεν,
704 3019 985 3073 ἀκολουθεῖ
1031 3017 1432 3071 συνανελεῖσθαι
1481 3015 1638 3086 ἡμῶν
1675 3014 1768 3068 καὶ
1807 3015 1867 3067 τὸ
1895 3024 1938 3086 c
1969 3012 2096 3066 dum
2128 3019 2293 3067 esset.

299 3101 460 3162 εἶναι.

379 3217 714 3290 Ἀπανταχοῦ
749 3220 988 3273 ἀναίτιον
1027 3218 1217 3273 ἐαυτὸν
1257 3217 1358 3286 τῆς
1388 3216 1589 3269 τούτων
1619 3215 1871 3268 ἀποστα-

299 3305 418 3368 σίας
446 3307 716 3360 δείκνυσιν
744 3309 772 3360 ὁ
797 3308 947 3371 Θεὸς,
970 3308 1228 3359 ἐλκόντων
1259 3307 1354 3375 μὲν
1380 3305 1474 3356 καὶ
1503 3302 1870 3356 ἀποσπώντων

300 3395 522 3458 ἑαυτοὺς
563 3397 656 3448 καὶ
699 3397 929 3459 ἀναξίων
977 3395 1297 3448 δεικνύντων
1339 3395 1437 3464 τῆς
1476 3393 1641 3446 αὐτοῦ
1697 3394 1870 3464 κηδε-

307 3485 497 3554 μονίας
517 3501 531 3516 ·
559 3488 623 3538 ἐκ
646 3485 701 3537 δὲ
737 3486 829 3538 τοῦ
866 3485 1106 3538 ἐναντίου
1132 3485 1219 3538 τὸν
1251 3484 1381 3537 Θεὸν
1401 3484 1578 3552 ἀγαθά
1606 3486 1691 3538 ἐπ’
1723 3486 1871 3553 ἀγα-

303 3576 434 3641 θοῖς,
463 3577 556 3629 καὶ
581 3576 786 3648 δωρεάς
823 3579 914 3630 ἐπὶ
937 3578 1165 3650 δωρεαῖς
1192 3577 1586 3648 προστιθέντος.

382 3692 542 3762 Ἐμοῦ
575 3693 671 3762 μὲν
692 3692 759 3745 δι’
785 3693 1020 3762 ἐλέγχων
1041 3709 1100 3745 τε
1130 3692 1223 3746 καὶ
1250 3693 1638 3763 ἐπιτιμήσεων,
1667 3694 1728 3745 οὐ
1763 3692 1868 3762 μὴν

299 3782 432 3835 ἀλλά
475 3784 566 3836 καὶ
610 3784 1002 3855 παρακλήσεων
1059 3784 1419 3852 ἐπανάγοντος
1465 3784 1600 3855 πρὸς
1656 3784 1865 3844 ἐαυτὸν,

301 3873 453 3943 ὑμῶν
489 3874 622 3945 μηδὲ
661 3875 735 3939 ὡς
777 3877 943 3947 ἀκοῆς
986 3877 1476 3949 ἐπιστρεφομένων·
1521 3878 1582 3930 οὐ
1624 3878 1772 3949 παρὰ
1811 3878 1869 3930 τὺ

304 3965 378 4036 μὴ
399 3966 693 4036 κεκτῆσθαι
717 3966 920 4031 ἀκοάς,
952 3967 1084 4021 ἀλλά
1115 3968 1262 4038 παρά
1292 3968 1352 4020 τὸ
1387 3967 1750 4038 ἐθελοκωυίαν
1780 3987 1866 4022 νο-

304 4075 437 4114 σειν.

379 4151 518 4226 ”Λλλ’
547 4172 844 4243 ἀδυναμιας
866 4189 964 4242 μου
985 4171 1415 4240 καταγνωσεσθε,
1451 4172 1614 4242 φησιν
1635 4212 1651 4235 ,
1687 4171 1761 4234 ὡς
1791 4172 1865 4241 μὴ

300 4263 661 4335 ἐπαρκοῦντος
691 4265 769 4327 είς
787 4264 885 4335 τὴν
912 4263 1063 4334 ὐμῶν
1097 4261 1374 4334 βοήθειαν,
1412 4263 1543 4334 μηδὲ
1567 4263 1864 4333 δυναμένου

2037 3208 2164 3263 CAP.
2195 3207 2259 3269 L,
2294 3206 2458 3264 Vsus.
2487 3210 2536 3262 l.
2571 3208 2818 3264 Declarat
2864 3210 3005 3268 Deus
3059 3229 3118 3269 se
3150 3215 3295 3269 nulla
3324 3215 3532 3271 ratione

1969 3299 2333 3354 defectionem
2365 3299 2581 3353 illorum
2619 3300 2853 3366 fovisse,
2883 3317 3008 3357 cum
3043 3304 3147 3374 ipsi
3195 3321 3252 3361 se
3289 3308 3532 3363 tradide-

1969 3393 2112 3454 rint,
2142 3399 2194 3445 et
2229 3391 2593 3460 perdiderint.
2626 3400 2680 3445 et
2725 3407 2857 3446 cura
2882 3393 3002 3462 ejus
3036 3394 3288 3464 indignos
3321 3399 3532 3466 praesti-

1969 3483 2166 3548 terint,
2208 3482 2318 3538 Deo
2341 3483 2483 3538 bona
2535 3498 2702 3552 super
2733 3483 2877 3538 bona
2923 3484 3246 3554 adjicieute,
3293 3496 3346 3542 et
3387 3488 3529 3542 dona

1969 3590 2132 3647 super
2163 3574 2325 3630 dona.

2038 3687 2201 3744 Vens.
2235 3688 2290 3743 2.
2351 3688 2463 3760 Ego
2517 3704 2646 3745 vero
2685 3689 3198 3761 reprehensionibus
3229 3699 3283 3746 et
3315 3693 3490 3761 penis
3511 3732 3527 3757 ,

1969 3783 2267 3853 pmsertim
2299 3798 2426 3838 vero
2455 3782 2927 3840 exhortationibus
2951 3783 3019 3838 ad
3051 3800 3136 3839 me
3165 3785 3488 3840 revocabam
3508 3825 3524 3850 ,

1968 3888 2064 3929 vos
2100 3889 2225 3929 vero
2262 3888 2372 3927 non
2420 3872 2684 3941 audistis;
2741 3889 2848 3928 non
2887 3875 3029 3944 quod
3065 3875 3338 3932 defuerint
3371 3875 3529 3935 vobis

1968 3981 2127 4021 aures
2147 4008 2162 4033 ,
2192 3966 2286 4021 sed
2324 3965 2469 4037 quod
2503 3975 2694 4037 sponte
2719 3981 2813 4022 eas
2836 3966 3212 4024 obstruxistis.

2038 4162 2424 4220 lmbecillitatis
2457 4179 2542 4219 me
2580 4164 2846 4235 arguitis,
2882 4164 3079 4234 inquit,
3120 4165 3276 4236 quasi
3312 4181 3410 4222 vos
3443 4167 3530 4238 ju-

1968 4273 2130 4323 vare,
2195 4265 2289 4312 aut
2350 4258 2420 4313 ab
2473 4257 2716 4314 hostium
2773 4258 3059 4328 tyrannide
3123 4257 3357 4315 liberare
3416 4276 3526 4316 non

299 4353 572 4421 ἐξελέσθαι
600 4354 740 4424 ὑμᾶς
764 4352 863 4422 τῆς
884 4352 989 4406 τῶν
1017 4352 1498 4424 ἐπικρατησάντων
1527 4353 1861 4424 τυραννίδος·

1967 4345 2228 4409 valerem;
2258 4344 2426 4399 nolite
2453 4343 2526 4398 ita
2573 4343 2758 4414 loqui,
2794 4345 2956 4399 toties
2988 4359 3166 4399 meam
3205 4352 3526 4416 potestatem

296 4445 409 4499 ἀλλ’
434 4445 531 4498 οὐκ
561 4444 626 4498 ἂν
654 4445 855 4497 εἴποιτε
885 4442 1062 4506 τοῦτο,
1086 4445 1276 4514 πεῖραν
1298 4443 1451 4497 αὐτοὶ
1480 4443 1577 4515 τῆς
1612 4445 1749 4514 ἐμῆς
1770 4442 1864 4496 δυ-

303 4536 510 4608 νάμεως
543 4535 850 4606 ἐσχηκότες·
888 4533 1044 4587 τοῦτο
1083 4535 1180 4604 μὲν
1209 4533 1553 4604 ξηραίνοντος
1591 4535 1862 4587 θάλασσαν

295 4629 390 4682 καὶ
412 4629 538 4699 ὑμῖν
559 4627 726 4698 βατὴν
756 4626 924 4697 αὐτὴν
945 4625 1452 4697 παρασκευάζοντος
1470 4626 1742 4695 γενέσθαι,
1772 4627 1863 4678 καὶ

295 4717 365 4770 τὰ
399 4717 752 4787 παραπλήσια
777 4715 987 4770 τούτου.

358 4807 540 4862 Ταῦτα
570 4808 626 4861 δέ
646 4809 738 4861 καὶ
763 4807 934 4872 ἔσται,
965 4807 1059 4862 ἐάν
1089 4825 1194 4879 περ
1227 4805 1521 4878 βούλωμαι·
1552 4809 1646 4862 καὶ
1677 4809 1862 4874 σκότος

296 4902 471 4956 ἐκεῖνο
512 4901 574 4954 τὸ
611 4901 847 4969 ἀφεγγὲς
889 4901 1130 4956 ἐπιϐαλῶ
1172 4899 1402 4973 οὐρανῷ,
1447 4901 1544 4971 τὴν
1578 4903 1686 4955 τῶν
1727 4903 1862 4956 ὅλων

301 4992 516 5066 μηνύων
555 4993 880 5055 συντέλειαν,
913 4996 969 5046 ἐν
1067 4994 1160 5047 καὶ
1186 4993 1246 5046 τὸ
1280 4995 1385 5046 πᾶν
1414 4993 1860 5064 ἀφανισθήσεται,

298 5087 392 5140 καὶ
414 5087 465 5138 οἱ
489 5085 592 5156 βίοι
617 5083 1052 5154 εὐθυνθὴσονται,
1079 5086 1172 5138 καὶ
1201 5085 1260 5137 τό
1284 5085 1418 5156 πρὸς
1447 5083 1605 5150 ἀξίαν
1633 5084 1863 5148 ἕκαστος

297 5177 762 5248 ἀποληφθήσεται.

372 5267 518 5338 Σῆτα
545 5266 774 5320 ἐνταῦθα
803 5267 901 5330 τὰς
935 5268 1208 5339 ἁμαρτίας
1230 5269 1375 5337 λέγει
1404 5268 1502 5332 τὰς
1532 5269 1660 5339 παρ’
1687 5266 1862 5319 αὐτῶν

298 5356 612 5426 γινομένας·
645 5356 843 5418 αἵτινες
863 5395 877 5418 ,
914 5359 1045 5428 παρ’
1079 5357 1257 5409 αὐτῶν
1287 5357 1569 5427 ἐσχηκυῖαι
1600 5355 1659 5406 τὸ
1688 5349 1858 5416 εἶναι,

298 5447 396 5517 οὐχ
433 5448 647 5518 ἐτέρους
679 5449 1056 5519 ἀδικήσουσιν,
1092 5446 1204 5500 ἀλλ’
1239 5449 1432 5511 αὐτοὺς
1465 5446 1704 5509 ἐκείνους
1734 5448 1860 5508 τούς

297 5539 466 5593 ταῦτα
486 5539 905 5610 ἐργασαμένους·
927 5538 1114 5611 ῶσπερ
1142 5539 1248 5610 γάρ
1277 5539 1336 5590 τὺ
1367 5539 1577 5609 ἱμάτιον
1609 5537 1740 5590 αὐτὸ
1769 5537 1859 5588 τὸν

301 5631 550 5702 σκώληκα
583 5632 761 5701 γεννᾷ,
793 5631 885 5683 καὶ
921 5629 1076 5682 πάλιν
1111 5630 1280 5701 τροφὴ
1315 5630 1473 5682 αὐτοῦ
1510 5630 1735 5697 γίνεται,
1767 5627 1858 5680 οὖ-

1965 4438 2193 4506 experti.
2222 4435 2414 4492 Nonne
2440 4452 2588 4492 mare
2622 4437 2896 4494 desertum
2927 4437 3029 4492 feci
3072 4445 3127 4493 et
3165 4439 3306 4494 inter
3331 4437 3526 4493 fluctus

1966 4529 2120 4584 vobis
2170 4530 2272 4583 iter
2329 4529 2545 4599 paravi,
2594 4537 2645 4583 et
2694 4529 2978 4583 innumera
3030 4529 3136 4583 alia
3188 4527 3334 4585 edidi
3370 4529 3528 4584 mira-

1965 4623 2126 4676 cula?

2037 4798 2203 4855 Vsus.
2232 4800 2286 4854 5.
2325 4799 2456 4866 Quae
2494 4800 2691 4856 faciam
2724 4801 2772 4855 si
2821 4799 3067 4855 libuerit.
3099 4797 3365 4853 Obscuris
3411 4811 3520 4853 cm-

1967 4893 2074 4946 lum
2106 4893 2326 4948 induam
2355 4894 2732 4958 tenebris,hoc
2756 4901 2840 4948 est
2860 4907 3041 4948 rerum
3065 4892 3306 4947 omnium
3333 4891 3525 4948 modos

1965 4986 2216 5040 definiam
2240 5027 2254 5050 ,
2296 4995 2350 5042 et
2389 4995 2516 5040 tunc
2546 4986 2727 5040 omnia
2777 4992 3130 5049 evanescent,
3163 4995 3217 5040 et
3271 4983 3378 5038 vita
3428 4997 3521 5036 cu-

1959 5080 2160 5147 jusque
2188 5079 2526 5148 pensabitur,
2549 5089 2602 5133 et
2633 5079 2862 5148 quisque
2889 5077 3117 5148 accipiet
3152 5091 3251 5147 pro
3288 5074 3517 5130 meritis.

2037 5254 2200 5311 Vens.
2230 5255 2283 5309 9.
2319 5254 2542 5310 Tineam
2579 5262 2734 5308 vocat
2763 5255 2850 5310 hic
2895 5260 3119 5324 peccata
3143 5253 3211 5308 ab
3255 5252 3390 5323 ipsis
3417 5248 3518 5306 ad-

1964 5348 2148 5402 missa.
2185 5346 2394 5416 Quippe
2433 5363 2552 5416 qua:
2585 5346 2654 5400 ab
2687 5347 2754 5400 iis
2788 5356 2939 5416 parta
2976 5361 3082 5400 non
3122 5344 3259 5398 alios
3287 5343 3516 5406 laedent,

1964 5439 2068 5492 nisi
2099 5440 2246 5508 ipsos
2287 5445 2539 5506 parentes
2581 5452 2729 5492 suos.
2784 5435 2854 5490 lit
2901 5435 3284 5491 vestimentum
3317 5433 3515 5487 tineam

1963 5529 2130 5600 gignit
2156 5528 2300 5583 etab
2342 5543 2407 5584 eo
2447 5527 2642 5584 deinde
2690 5529 3028 5592 corrodetur,
3060 5526 3133 5580 ita
3188 5534 3236 5580 et
3295 5530 3517 5596 peccata

1944 5622 2120 5677 nobis
2152 5620 2416 5687 officiunt,
2445 5636 2509 5676 ex
2545 5620 2704 5677 nobis
2730 5628 2869 5677 orta.
2907 5618 3039 5686 Quae
3072 5625 3250 5674 autem
3298 5616 3513 5688 patiun-
