3984 6212
519 230 647 286 lii-“il
1619 235 1961 292 THEODORI
2003 233 2514 291 HERACLEENSIS
3609 245 3634 291 ι
3647 244 3763 294 55⁵2

519 362 627 416 tur,
661 355 836 424 quise
888 354 1147 408 indociles
1176 351 1232 407 in
1294 351 1460 408 Deum
1529 363 1582 408 et
1651 355 1894 426 ingratos
1934 369 2072 422 pra:-

2179 369 2278 414 τως
2312 354 2403 406 καὶ
2436 357 2489 408 αἱ
2527 352 2816 426 ἁμαρτίαι,
2861 355 2984 425 παρ’
3024 352 3180 425 ήμῶν
3226 353 3513 423 γενόμεναι
3539 394 3557 417 ,
3604 355 3768 425 ἡμᾶς

519 447 667 503 bent.
2177 443 2516 511 βλάπτουσιν*
2557 445 2687 498 ἀλλά
2723 443 2893 498 ταῦτα
2926 445 3200 514 πάσχομεν
3236 445 3304 497 δι’
3339 443 3626 515 ἀνηκοΐαν
3671 447 3770 497 καὶ

1681 583 1706 608 ⁸
2173 536 2520 590 ἀνευλάϐειαν
2548 538 2644 609 τήν
2678 538 2811 608 πρὸς
2843 538 2934 590 τὸν
2964 537 3116 590 θεόν.

583 624 710 681 ϐυ».
743 622 840 688 LI,
883 622 1044 677 Vens.
1100 623 1153 677 2.
1198 622 1410 679 Mitiore
1477 638 1620 678 nunc
1671 637 1920 678 sermone
1980 637 2073 676 eos

2256 628 2612 702 Ἦθικὼτερον
2671 628 2765 682 νῦν
2822 628 2919 700 τὴν
2981 627 3291 697 ἐπιτίμησιν
3352 627 3491 698 πρὸς
3561 627 3776 690 αὐτοὺς

517 713 794 781 increpat,
827 721 878 766 et
917 715 1060 768 velut
1090 715 1275 784 procul
1307 731 1333 767 a
1380 715 1593 784 justitia
1624 724 1894 778 remotos,
1935 715 2070 768 allo-

2179 721 2422 782 ποιεῖται,
2457 718 2550 771 καὶ
2577 717 2653 780 ὡς
2688 720 2903 788 μακράν
2928 715 3022 770 τοῦ
3047 716 3253 769 δικαίου
3287 716 3648 786 ἀφεστηκόσι
3681 721 3774 768 καὶ

515 807 720 877 quitur,
771 818 823 861 et
865 823 894 859 a
932 807 1154 862 Domino
1198 809 1549 870 abalienatos,
1606 815 1662 860 ut
1691 823 1785 861 eos
1812 806 1878 860 ad
1911 805 2072 860 [idem

2179 809 2263 862 τοῦ
2305 810 2504 880 Κυρίου
2539 808 3000 880 ἁλλοτριωθεῖσιν,
3043 810 3325 877 ὑφηγεῖται
3359 811 3492 871 τοὺς
3543 808 3773 875 λόγους,

515 898 766 954 deducat.
813 899 881 953 Et
911 901 1068 968 paulo
1101 912 1217 969 post
1252 899 1398 966 :Qui
1434 900 1597 970 igitur
1630 915 1798 968 genus
1833 905 2073 952 vestrum

2179 901 2374 968 ἐνάγων
2409 901 2602 962 αὑτοὺς
2635 899 2769 970 πρὸς
2798 899 2997 952 πίστιν.
3029 900 3136 952 Καὶ
3166 899 3290 967 μετ’
3321 900 3510 968 ὀλίγα
3535 915 3554 931 ο
3573 897 3640 950 '0
3664 899 3774 950 τοί-

513 991 614 1046 ista
644 991 800 1046 docui
832 994 923 1062 qui
959 1010 1024 1047 ex
1053 1009 1218 1062 parvo
1251 1001 1458 1048 tantum
1489 991 1664 1055 ell‘eci,
1693 1000 1748 1046 et
1783 992 1948 1046 tantis
1968 1005 2066 1044 vos

2179 1008 2264 1043 νυν
2298 990 2377 1061 τῷ
2417 991 2562 1060 γένει
2598 990 2674 1061 τῷ
2714 990 2963 1061 ὑμετέρῳ
3000 989 3171 1043 ταῦτα
3213 989 3637 1060 ἐνδειξάμενος,
3680 991 3774 1041 καί

514 1083 771 1136 exornavi
806 1083 986 1147 donis,
1014 1099 1120 1152 qua
1163 1084 1372 1137 ratione
1425 1097 1568 1136 nunc
1625 1098 1732 1136 non
1785 1083 2075 1136 clementer

2179 1085 2235 1136 ἐκ
2271 1085 2469 1154 μικρᾶς
2501 1084 2822 1154 προφάσεως
2864 1082 3123 1153 αὐξήσας,
3171 1082 3264 1134 καὶ
3301 1081 3572 1150 εὐλογίαν
3627 1080 3769 1151 πλή-

514 1172 780 1242 excipiam
831 1174 1202 1243 ptenitentiam
1234 1183 1454 1246 agentes
1483 1182 1536 1229 et
1569 1190 1653 1228 me
1678 1173 2073 1245 agnoscentes?

2179 1173 2372 1246 ρώσας,
2403 1174 2517 1238 πῶς
2540 1174 2657 1244 οὑχ)⁸
2689 1174 2785 1228 νῦν
2819 1172 3045 1245 εὑπορος
3075 1173 3265 1244 ἔσομαι
3293 1173 3369 1243 τῷ
3393 1173 3768 1242 μετανοοῦντι

2172 1268 2266 1320 καὶ
2295 1265 2704 1335 ἐπιγινώσκοντί
2737 1284 2803 1337 με
2827 1283 2841 1330 ;

2243 1359 2353 1428 Οὐχ
2393 1356 2764 1428 ὑπερϐολικῶς
2802 1356 2970 1410 ταῦτα
3005 1354 3306 1428 [εἴρηταιῖο
3341 1355 3463 1417 πῶς
3502 1354 3620 1424 γάρ
3661 1356 3762 1406 οὑκ

2173 1449 2505 1521 εὐφροσύνης
2531 1449 2626 1501 καὶ
2653 1449 2830 1518 πάσης
2859 1451 3028 1520 χαρᾶς
3062 1448 3516 1518 πληρωθήσονται
3547 1449 3754 1501 ἐκεῖναι

2173 1542 2228 1593 αἱ
2252 1541 2438 1611 ψυχαὶ,
2464 1542 2520 1594 αἱ
2547 1540 2620 1611 μὴ
2645 1540 3023 1604 στασιάζουσαι
3056 1539 3189 1611 πρὸς
3215 1539 3434 1601 ἑαυτάς,
3466 1539 3588 1591 ἀλλ’
3611 1541 3668 1591 αί
3692 1543 3751 1592 ἐν

2173 1635 2294 1696 ταῖς
2326 1632 2502 1686 ἐλπίσι
2529 1631 2622 1685 τοῦ
2649 1630 2784 1686 Θεοῦ
2815 1630 3200 1702 εὑθηνοὺμεναι
3224 1632 3318 1684 καὶ
3345 1630 3491 1698 αὐτῷ
3520 1630 3743 1683 ἀνακείι

2107 1703 2151 1758 Β
2181 1741 2340 1796 μεναι

2246 1817 2354 1870 Καὶ
2379 1815 2470 1869 νῦν
2502 1817 2609 1880 τοῖς
2640 1817 2774 1870 πᾶσι
2800 1815 2896 1887 τὴν
2926 1814 3245 1885 ἐπικουρίαν
3272 1815 3502 1884 κομίζει,
3537 1814 3608 1884 μὴ
3637 1831 3728 1882 φυ-

2174 1908 2434 1980 λοκρινῶν
2456 1909 2718 1980 ἄρχοντας
2744 1907 2852 1960 τῶν
2879 1906 3210 1977 ἀρχομένωνο
3241 1906 3358 1959 οὑδέ
3377 1907 3485 1976 γάρ
3512 1907 3725 1977 προκρί-

2175 2015 2253 2050 νει
2273 1998 2378 2050 τῶν
2394 1999 2450 2049 ἐν
2467 1999 2720 2068 ὑπηκόοις
2739 1998 3102 2067 τεταγμένων,
3119 1997 3241 2050 οὑδὲ
3258 1997 3726 2068 ἀποκλεισθήσεται

2174 2088 2270 2156 τῆς
2299 2087 2560 2156 ὠφελείας
2586 2089 2614 2140 ὁ
2635 2090 2689 2140 ἐν
2723 2087 3015 2158 ὑπηρέταις
3035 2086 3225 2149 τελῶν,
3249 2089 3417 2149 κοινάς
3444 2089 3498 2140 δὲ
3523 2105 3713 2157 κεκτη-

2179 2180 2335 2248 μένος
2362 2179 2470 2233 τῶν
2493 2178 2678 2249 ψυχῶν
2709 2180 2806 2242 τὰς
2827 2179 3103 2248 δυνάμεις,
3137 2179 3302 2231 κοινὸν
3333 2181 3387 2231 δὲ
3411 2181 3498 2232 τὸν
3527 2180 3714 2249 ἔρανον

2175 2273 2272 2344 τῆς
2317 2273 2560 2343 ὑπακοῆς
2611 2273 2833 2342 νομίζειι
2885 2273 2943 2338 ἐξ
2993 2271 3109 2326 ῐσου
3157 2271 3474 2342 παρακαλῶν
3523 2272 3717 2336 πάντας

2179 2368 2463 2438 προσέχειν
2487 2367 2576 2420 τὸν
2604 2366 2748 2421 νοῦν.

2246 2463 2442 2513 Φωτιεί
2481 2460 2577 2530 μὲν
2626 2459 2800 2513 πάντα
2850 2459 2918 2512 τά
2965 2457 3089 2530 ἔθνη
3115 2498 3131 2524 ,
3181 2459 3505 2526 καταυγάσει
3553 2459 3607 2511 δὲ
3650 2460 3722 2520 είς

2178 2549 2503 2620 θεογνωσίαν
2543 2551 2749 2614 πάντας
2789 2550 2980 2612 λαοὺς,
3019 2549 3094 2610 ὡς
3137 2549 3218 2610 είς
3249 2549 3410 2600 αὑτὸν
3448 2547 3724 2616 κεκτῆσθαι

2177 2644 2276 2707 τὰς
2317 2641 2540 2706 ἐλπίδας
2565 2641 2692 2695 ὅντα
2725 2641 2980 2712 βραχίονά
3015 2658 3139 2711 μου.
3182 2641 3399 2711 Νήσους
3430 2640 3479 2692 δέ
3507 2638 3719 2692 ἐνταῦθα

2179 2737 2333 2790 καλεί
2355 2737 2447 2789 καὶ
2476 2736 2672 2798 αὑτοὺς
2699 2735 2823 2798 τοὺς
2855 2733 3051 2796 τόπους
3072 2774 3088 2797 ,
3122 2733 3180 2788 οὑ
3225 2733 3328 2803 μὴν
3354 2731 3478 2785 ἀλλά
3505 2732 3591 2785 καὶ
3622 2731 3712 2792 τάς

2191 2827 2528 2898 Ἐκκλησίας·
2571 2826 2820 2888 ἐκλάϐοις
2853 2825 2908 2878 δὲ
2944 2827 3036 2878 καὶ
3076 2827 3155 2888 είς
3194 2825 3290 2888 τὰς
3331 2825 3521 2894 ιιιυχάς,
3561 2823 3712 2894 δίκην

2180 2915 2420 2985 ἁλμυροῦ
2452 2914 2716 2986 ῥεύματος
2751 2911 3211 2984 περικλυζομένας
3242 2913 3341 2966 ὑπὸ
3384 2914 3485 2966 τῶν
3526 2913 3720 2983 ἡδονῶν

2103 3035 2150 3096 c
2180 3006 2272 3060 καὶ
2299 3007 2404 3058 τῶν
2424 3007 2481 3058 ἐν
2509 3005 2585 3074 τῷ
2609 3005 2706 3075 βίῳ
2727 3004 2900 3075 τούτῳ
2923 3003 3134 3074 ψευδῶν
3161 3004 3326 3070 δοξῶν
3352 3003 3720 3075 κυμαινοὺσας.

2262 3096 2568 3162 Ἀξιὸπιστα
2592 3096 2963 3168 δυσωπήματα
2985 3097 3326 3169 προϐάλλεται
3361 3101 3444 3160 είς
3469 3098 3524 3149 πί
3531 3113 3719 3148 στωσιν

2182 3191 2282 3260 τῆς
2320 3189 2482 3243 αὑτοῦ
2523 3189 2802 3259 δυνάμεως
2841 3193 2952 3252 τοῖς
2993 3188 3313 3252 ἀπιστοῦσιν,
3359 3189 3571 3259 οὐρανὸν
3619 3188 3713 3238 καὶ

2179 3281 2302 3351 γῆν.
2343 3279 2452 3334 Kal
2485 3278 2610 3348 μετ’
2644 3279 2816 3348 ὀλίγα
2841 3295 2853 3307 ⁸
2880 3277 2994 3332 Νῦν
3031 3278 3156 3348 γοῦν
3187 3295 3310 3331 ποτε
3348 3281 3462 3341 ταῖς
3493 3276 3709 3339 οὶκείαις

2179 3372 2286 3424 τῶν
2330 3370 2515 3443 ψυχῶν
2554 3370 2856 3442 ἐνεργείαις
2893 3370 3255 3441 χρησάμενοι,
3290 3367 3590 3438 πτερὼθητε
3629 3367 3707 3436 τὴν

2179 3464 2446 3529 διάνοιαν,
2474 3466 2568 3518 καὶ
2597 3463 2810 3536 οὐρανῷ
2841 3463 3330 3535 προσεγγίσαντες,
3367 3461 3517 3514 αὑτὸν
3538 3461 3713 3512 ἐκεῖνον

2181 3556 2649 3626 καταμανθάνετε,
2683 3556 2758 3618 ῶς
2799 3557 2862 3607 ἐκ
2898 3555 3103 3607 καπνοῦ
3141 3555 3263 3606 ὅσον
3304 3547 3437 3624 ἧκεν
3481 3554 3556 3614 εἰς
3599 3551 3725 3619 ὄψιν,

2180 3647 2385 3718 δικμητί⁸
2429 3646 2869 3717 συνεστησάμην·
2913 3645 3006 3697 κα)⁵
3040 3644 3144 3714 γῆν
3179 3642 3382 3713 ταύτην
3415 3642 3511 3712 τὴν
3549 3642 3730 3708 πάγιον

2180 3738 2305 3808 ὑμῖν
2347 3733 2484 3792 εῖναι
2527 3735 2787 3790 δοκοῦσαν
2840 3734 3011 3806 φθορᾷ
3059 3733 3385 3806 παραδώσω,
3430 3734 3527 3786 καὶ
3572 3731 3637 3784 τά
3681 3731 3732 3782 ἐν

2179 3831 2366 3901 κόσμῳ
2407 3829 2692 3902 παρελθεῖν
2726 3830 2948 3900 ποιήσω’
2989 3828 3130 3899 μόνῳ
3167 3827 3382 3895 ἑκάστῳ
3419 3825 3590 3878 ἀϊδίου
3627 3824 3730 3876 δια-

2181 3924 2428 3993 μένοντος
2444 3921 2537 3975 τοῦ
2563 3921 2824 3993 σωτηρίου
2851 3921 3240 3990 θεσπίσματος·
3265 3914 3309 3987 ᾧ
3335 3920 3426 3972 καὶ
3457 3933 3735 3988 συμπαρα-

2181 4017 2360 4088 μένειν
2391 4019 2483 4072 καὶ
2507 4016 2921 4081 συνδιαιωνίζειν
2952 4011 3149 4072 ἔοικεν.

2245 4108 2518 4180 Φοϐήθητε
2567 4107 2623 4160 δέ
2679 4107 2875 4179 μᾶλλον
2927 4107 3226 4178 φαυλισμὸν
3283 4107 3377 4160 καὶ
3435 4104 3734 4175 ὀνειδισμὸν

519 4200 670 4262 ptum
703 4191 812 4246 Dei.
846 4193 976 4257 Quae
1004 4193 1147 4245 enim
1173 4209 1238 4247 ex
1274 4194 1586 4250 hominibus
1616 4207 1762 4263 sunt,
1794 4199 1913 4256 istis
1949 4217 2075 4270 quo«

2179 4199 2329 4272 παρὰ
2372 4200 2507 4254 Θεοῦ
2552 4201 2678 4272 ὑμῖν
2707 4203 3006 4272 γινόμενον’
3039 4199 3069 4252 ὁ
3095 4200 3204 4272 γάρ
3249 4200 3399 4271 παρὰ
3443 4199 3735 4270 ἀνθρώπων

522 4285 651 4339 tidic
677 4286 1046 4355 pereuntibus,
1073 4287 1189 4356 ipsa
1215 4289 1375 4342 simul
1410 4290 1697 4359 peribunt;
1741 4294 1856 4348 sola
1894 4303 2075 4350 manet

2180 4289 2460 4360 γινόμενος
2501 4289 2728 4353 ἐκείνοις
2773 4289 3180 4355 συναπολεῖται,
3211 4290 3388 4344 αὐτῶν
3416 4291 3510 4360 ὑφ’
3541 4289 3738 4343 ἑαυτῶν

522 4391 646 4446 spes
676 4377 729 4431 in
761 4377 1058 4445 Christum,
1089 4377 1392 4448 perdurans
1438 4397 1562 4436 cum
1606 4384 1686 4440 eis
1718 4385 1809 4454 qui
1841 4387 2075 4444 salutare

2182 4381 2562 4453 φθειρομένων·
2600 4381 2730 4453 μόνη
2759 4381 2812 4434 δὲ
2848 4383 3052 4453 μένειή
3085 4383 3164 4445 είς
3192 4382 3282 4434 τὸν
3314 4382 3553 4452 Χριστὸν
3574 4380 3739 4442 ἐλπὶς,

522 4477 650 4524 sunt
679 4470 983 4526 consecuti.

2189 4471 2659 4535 συνδιαιωνίζουσα
2698 4474 2811 4536 τοῖς
2845 4473 2904 4525 τὸ
2946 4474 3210 4544 σωτήριον
3249 4472 3406 4525 τοῦτο
3447 4471 3742 4535 nuo-.1555:-

2190 4564 2390 4636 μένοις.

584 1356 748 1414 νεεδ.
781 1360 833 1414 5.
869 1358 987 1415 Non
1031 1360 1289 1415 dicuntur
1329 1361 1444 1416 hmc
1485 1363 1844 1432 exaggerandi
1879 1364 2074 1434 gratia.

515 1447 618 1514 Qui
661 1449 802 1504 enim
853 1465 962 1504 nou
1015 1449 1200 1504 laetitia
1247 1457 1301 1504 et
1347 1451 1708 1504 exsultatione
1767 1451 2076 1506 omnimoda

517 1542 852 1610 replerentur
889 1543 1052 1596 animi
1095 1543 1190 1610 illi,
1244 1543 1338 1613 qui
1381 1543 1568 1598 intima
1611 1559 1742 1614 pace
1784 1543 2072 1607 fruuntur,

516 1647 612 1700 spe
644 1633 947 1688 caelestium
974 1632 1167 1689 ﬂorent
1190 1673 1206 1699 ,
1243 1642 1297 1688 et
1335 1650 1458 1689 cum
1490 1633 1599 1689 Deo
1632 1634 2076 1706 conjunguntur?

590 1813 752 1870 Vens.
780 1814 834 1868 4.
872 1813 1038 1885 Opem
1072 1831 1215 1870 nunc
1243 1816 1494 1870 omnibus
1535 1815 1709 1880 aﬂ’ert,
1736 1815 2074 1886 principibus

515 1920 666 1974 atque
696 1922 759 1960 ac
799 1908 1017 1976 populo.
1069 1907 1187 1962 Non
1218 1907 1362 1962 enim
1399 1909 1676 1978 anteponit
1711 1923 1805 1962 eos
1831 1909 1923 1978 qui
1973 1908 2076 1961 im-

519 1999 668 2068 perio
709 2007 980 2068 praesunt,
1018 2016 1116 2053 nec
1149 2001 1379 2070 denegat
1427 2001 1686 2054 auxilium
1719 2000 1862 2055 inter
1888 2015 2076 2070 gregao

517 2089 628 2143 rios
677 2090 1033 2146 militantibus
1059 2132 1072 2153 ,
1115 2091 1208 2146 sed
1241 2107 1428 2146 omnes
1459 2092 1670 2146 animas
1726 2093 1915 2146 eadctn
1947 2107 2078 2160 pen-

517 2195 645 2236 sans
679 2182 902 2245 trutina,
931 2182 1238 2236 communia
1295 2181 1419 2236 facit
1466 2181 1785 2236 obedientize
1833 2181 2071 2251 praemia.

515 2270 716 2325 Omnes
746 2271 868 2326 ideo
895 2286 1045 2340 teque
1069 2271 1319 2325 hortatur
1357 2279 1415 2324 ut
1441 2271 1667 2326 auribus
1707 2271 2011 2325 attendant.

586 2453 754 2509 Vsns.
785 2453 836 2508 5.
875 2453 1204 2510 Illuminahit
1248 2463 1479 2509 cunctas
1510 2462 1730 2525 gentes,
1760 2468 1952 2508 omnes
1977 2468 2076 2522 po-

517 2546 673 2617 pulos
705 2546 798 2602 Dei
830 2547 1022 2602 netitia
1069 2548 1384 2611 illustrabit,
1419 2555 1478 2600 ut
1503 2547 1556 2600 in
1581 2561 1703 2601 eum
1737 2553 1957 2615 sperent
1985 2545 2080 2614 qui

515 2645 600 2694 est
631 2639 910 2693 brachium
934 2654 1134 2694 meum.
1164 2638 1376 2694 Insulas
1405 2639 1494 2692 hic
1521 2646 1679 2692 vocat
1713 2639 1860 2708 ipsos
1906 2637 2078 2708 locos,

517 2734 814 2801 praesertim
845 2748 973 2788 vero
1000 2732 1302 2800 Ecclesias;
1334 2749 1434 2789 nec
1465 2733 1735 2786 immerito
1767 2747 1831 2787 ea
1863 2730 1930 2785 ad
1964 2732 2082 2787 ani-

517 2841 634 2881 mos
664 2826 918 2880 retuleris
950 2826 1316 2896 voluptatibus
1346 2829 1489 2881 velut
1532 2827 1644 2880 sale
1683 2826 2039 2882 circumlutos
2061 2865 2078 2894 ,

468 2905 482 2915 ’
517 2923 571 2970 et
595 2917 748 2970 vanis
780 2917 834 2970 in
866 2916 966 2970 hac
999 2917 1107 2970 vita
1135 2917 1484 2986 Opinionibus
1513 2917 1768 2986 agitatos.

590 3095 749 3150 Vens.
772 3096 823 3150 6.
843 3095 975 3150 Fide
995 3095 1158 3168 digna
1187 3097 1514 3151 documenta
1536 3096 1763 3166 praebet,
1789 3097 1988 3168 quibus
2014 3100 2080 3155 de

518 3194 784 3258 potestate
825 3188 1009 3242 divina
1056 3188 1356 3244 dillltlentes
1396 3191 1725 3256 convincat,
1781 3192 1978 3248 caelum
2027 3199 2080 3247 et

517 3286 738 3333 terram.
794 3277 862 3332 Et
911 3280 1070 3347 paulo
1107 3290 1221 3348 post
1253 3295 1270 3332 :
1305 3279 1560 3334 Adhibita
1603 3296 1751 3336 nunc
1801 3282 2078 3352 praestanti

518 3370 823 3424 animorum
850 3370 937 3436 vi,
975 3380 1207 3441 pennata
1236 3380 1435 3438 mente,
1457 3371 1522 3426 ad
1556 3375 1754 3428 cmlum
1777 3375 2001 3431 cvoletis
2029 3386 2080 3430 et

517 3461 739 3517 discatis
781 3477 942 3532 quam
976 3464 1203 3518 ﬁrmiter
1231 3465 1303 3519 sit
1347 3466 1705 3520 constitutum
1729 3508 1746 3532 ,
1781 3467 1908 3523 licet
1939 3467 2081 3524 sicut

520 3554 702 3609 fumus
758 3572 880 3611 esse
937 3555 1203 3610 videatur.
1254 3555 1317 3609 Et
1386 3565 1586 3611 terram
1640 3573 1802 3628 quam
1852 3559 2079 3614 solidam

517 3649 841 3703 existimatis
882 3647 1182 3720 perditione
1242 3649 1461 3718 perdam
1487 3690 1503 3714 ,
1560 3658 1613 3706 et
1657 3651 1839 3705 omnia
1873 3659 2082 3707 vetera-

519 3748 672 3795 scent
707 3759 720 3794 :
757 3741 1091 3811 permanebit
1150 3748 1330 3794 autem
1370 3742 1607 3798 salutare
1649 3758 1828 3797 meum
1856 3744 2079 3798 verbum

519 3829 575 3883 in
633 3831 1058 3900 sempiternum,
1127 3837 1180 3885 et
1251 3830 1285 3884 ii
1338 3840 1546 3885 tantum
1593 3833 1792 3902 quibus
1843 3848 1967 3888 cum
2016 3848 2080 3888 eo

518 3935 836 3991 permanere
863 3931 914 3976 et
939 3921 992 3975 in
1017 3923 1213 3976 saecula
1247 3923 1325 3977 ire
1363 3923 1603 3979 libuerit.

597 4101 754 4157 Vens.
788 4102 838 4156 7.
894 4102 1102 4159 Timete
1145 4104 1324 4173 potius
1355 4107 1704 4176 cpprobrium
1753 4115 1806 4164 et
1836 4118 2080 4166 contem-

602 4644 759 4702 Vsns.
790 4647 845 4702 9.
883 4645 1182 4703 Jerusalem
1240 4655 1299 4702 ut
1351 4649 1575 4720 recipiat
1603 4650 1794 4706 suadet
1825 4667 2082 4722 quascun-

519 4757 626 4814 que
674 4741 998 4813 negligentia
1057 4739 1381 4810 perdiderit;
1436 4749 1520 4796 est
1577 4743 1719 4797 enim
1777 4745 1871 4799 tibi
1928 4745 2081 4801 forti-

521 4834 673 4899 tudo,
721 4849 827 4904 qua
879 4831 1100 4888 indutus
1168 4831 1344 4886 valida
1394 4834 1564 4889 videri
1614 4836 1848 4905 poteris;
1897 4854 2080 4892 recor-

521 4927 651 4980 dare
677 4933 730 4980 te
756 4940 866 4980 non
897 4925 1058 4978 aliam
1091 4939 1213 4978 esse
1240 4925 1308 4979 ab
1347 4926 1436 4978 illa
1471 4925 1797 4996 Jerusalem,
1827 4931 1983 5000 cujus
2011 4933 2078 4988 ad

520 5028 709 5072 nutum
741 5017 1082 5072 dehiscentcs
1128 5017 1270 5072 inter
1316 5016 1512 5074 ﬂuctus
1563 5020 1668 5074 iter
1700 5037 1847 5077 mare
1881 5025 2082 5094 permi-

518 5109 610 5172 sit,
644 5116 703 5160 ut
733 5123 798 5162 ex
827 5105 1059 5178 Egypto
1098 5107 1311 5163 liberati
1342 5110 1631 5165 transitum
1662 5111 1953 5180 haberent;
1991 5114 2078 5170 cui

517 5199 883 5256 inservierunt
914 5201 1210 5267 elementa;
1264 5216 1384 5271 quae
1435 5203 1519 5258 vel
1561 5203 1615 5258 in
1648 5203 1863 5260 deserto
1897 5223 2078 5262 rerum

515 5292 761 5347 omnium
811 5291 968 5361 00pia
1014 5293 1330 5356 abundavit.
1386 5293 1507 5350 Noli
1563 5296 1728 5367 igitur
1777 5298 1922 5353 vires
1956 5309 2077 5356 tuas

516 5383 764 5450 prodere,
789 5397 892 5438 nec
921 5385 1086 5438 animi
1109 5385 1296 5439 virtuti
1330 5394 1602 5458 torporem
1644 5389 1937 5458 inducere,
1981 5392 2076 5446 sed

516 5488 747 5546 exsurge
775 5475 842 5531 ad
879 5477 1130 5533 caelestes
1163 5494 1310 5550 spes.
1329 5489 1636 5554 et,recepta
1667 5483 1886 5563 llducia,
1917 5485 2075 5542 bonis

519 5573 573 5623 te
607 5569 860 5639 operibus
886 5584 1138 5628 exornes.

2266 4654 2682 4726 Ἀναλαμϐἀνειν
2714 4655 2811 4724 τὴν
2849 4653 3198 4726 Ἰερουσαλὴμ
3223 4653 3687 4725 παρακελεύεται,
3713 4653 3744 4705 ἂ

2186 4745 2414 4818 ἀμελείᾳ
2452 4746 2751 4817 προῦδωκεο
2793 4746 3177 4818 πρόσεστιγάρ
3206 4764 3284 4800 σοι
3320 4747 3496 4816 ἰσχὺς,
3535 4745 3656 4800 καθ’
3683 4745 3742 4814 ἦν

2185 4835 2405 4908 δυνήσῃ,
2445 4835 2672 4908 σεαυτὴν
2708 4837 3115 4905 συναγαγοῦσα,
3153 4837 3343 4908 ἰσχυρά
3372 4853 3459 4899 τις
3488 4835 3738 4906 ὀφθῆναι·

2185 4925 2340 4980 τοῦτο
2383 4927 2740 4999 λογισαμένη,
2783 4928 2864 4980 ὅτι
2908 4927 3007 4980 οὑκ
3051 4929 3181 4999 ἄλλη
3229 4945 3308 4991 τις
3354 4930 3486 4999 παρ’
3533 4927 3742 4993 ἐκείνην

2183 5018 2468 5089 τυγχάνεις
2502 5020 2599 5090 τήν
2634 5020 3014 5092 Ἰερουσαλὴμ,
3120 5021 3303 5085 ὑπεῖξε
3345 5019 3592 5074 θάλασσα
3633 5019 3742 5073 ὁδόν

2187 5127 2266 5164 σοι
2295 5112 2689 5182 ἀνατέμνουσα,
2721 5112 2786 5165 ἵν’
2810 5114 2859 5165 οί
2887 5114 2980 5166 ἀπ’
2998 5113 3268 5181 Αἰγύπτου
3291 5110 3741 5182 ἐλευθερωθέντες

2182 5203 2473 5258 διαϐαίνειν
2506 5202 2715 5275 ἔχωσιν·
2819 5205 3125 5276 ἐδορυφόρει
3164 5205 3234 5257 τὰ
3269 5206 3528 5273 στοιχεῖα,
3564 5201 3654 5255 καὶ
3679 5200 3740 5269 ἦν

2182 5295 2500 5367 διεδέχετοή
2538 5297 2598 5349 ἐν
2629 5298 2819 5369 ἐρήμῳ
2856 5297 3104 5368 ἀνενδεὴς
3145 5297 3395 5368 χορηγία.
3434 5295 3525 5365 Μὴ
3563 5292 3738 5346 τοίνυν

2181 5387 2278 5450 τάς
2301 5389 2496 5458 ἑαυτῆς
2518 5387 2774 5459 δυνάμεις
2801 5390 3008 5462 προδῷς
3027 5431 3040 5454 ,
3071 5389 3202 5460 μηδὲ
3235 5388 3486 5460 κοιμίσῃς
3516 5384 3616 5446 τὰς
3642 5383 3736 5452 ψυ-

2181 5480 2338 5552 χικάς
2357 5482 2650 5550 ἐνεργείας·
2682 5483 2792 5536 ἀλλ’
2822 5480 3142 5552 ἐξανάστηθι
3180 5480 3316 5550 πρὸς
3347 5478 3628 5550 οὐρανίους
3656 5473 3732 5525 ἐλ-

2183 5574 2358 5636 πίδαςε
2392 5573 2485 5627 καὶ
2515 5574 2855 5628 ἀναλαϐοῦσα
2881 5575 2939 5628 τὸ
2971 5575 3208 5646 θαρρεῖν,
3231 5571 3461 5640 ἀγαθαῖς
3483 5567 3724 5642 πράξεσιν

2185 5662 2381 5728 ἑαυτὴν
2409 5663 2723 5726 κατακόσμη
2733 5680 2838 5720 σον.
