  <div class='ocr_page' id='page_1' title='image "/cluster/home/n/w/nwhite01/storage/ocr_20150623/18/hvd.32044073501207/684.png"; bbox 0 0 3984 6212; ppageno 0'>
   <div class='ocr_carea' id='block_1_1' title="bbox 309 298 1863 366">
    <p class='ocr_par' dir='ltr' id='par_1_1' title="bbox 309 298 1863 366">
     <span class='ocr_line' id='line_1_1' title="bbox 309 298 1863 366; baseline 0.002 -27"><span class='ocrx_word' id='word_1_1' title='bbox 309 309 451 366; x_wconf 53' lang='grc'><strong>1553</strong></span> <span class='ocrx_word' id='word_1_2' title='bbox 1666 298 1730 344; x_wconf 66' lang='lat' dir='ltr'><strong>IN</strong></span> <span class='ocrx_word' id='word_1_3' title='bbox 1769 298 1863 344; x_wconf 64' lang='grc' dir='ltr'>ιδε</span> 
     </span>
    </p>
   </div>
   <div class='ocr_carea' id='block_1_2' title="bbox 1967 298 3534 366">
    <p class='ocr_par' dir='ltr' id='par_1_2' title="bbox 1967 299 3534 358">
     <span class='ocr_line' id='line_1_2' title="bbox 1967 299 3534 358; baseline 0.011 -18"><span class='ocrx_word' id='word_1_4' title='bbox 1967 299 2023 344; x_wconf 78' lang='grc' dir='ltr'>ιι.</span> <span class='ocrx_word' id='word_1_5' title='bbox 3398 308 3534 358; x_wconf 68' lang='grc' dir='ltr'>ίῦὗδ</span> 
     </span>
    </p>
   </div>
   <div class='ocr_carea' id='block_1_3' title="bbox 379 409 1863 496">
    <p class='ocr_par' dir='ltr' id='par_1_3' title="bbox 379 409 1863 495">
     <span class='ocr_line' id='line_1_3' title="bbox 379 409 1863 495; baseline -0.013 -15"><span class='ocrx_word' id='word_1_6' title='bbox 379 429 440 480; x_wconf 83' lang='grc' dir='ltr'>Εἰ</span> <span class='ocrx_word' id='word_1_7' title='bbox 461 424 566 495; x_wconf 82' lang='grc' dir='ltr'><strong>γάρ</strong></span> <span class='ocrx_word' id='word_1_8' title='bbox 581 421 672 475; x_wconf 80' lang='grc' dir='ltr'>καὶ</span> <span class='ocrx_word' id='word_1_9' title='bbox 691 418 872 490; x_wconf 82' lang='grc' dir='ltr'>πατὴρ</span> <span class='ocrx_word' id='word_1_10' title='bbox 887 415 980 470; x_wconf 85' lang='grc' dir='ltr'><strong>καί</strong></span> <span class='ocrx_word' id='word_1_11' title='bbox 999 415 1190 486; x_wconf 42' lang='grc' dir='ltr'>μήτηρ,</span> <span class='ocrx_word' id='word_1_12' title='bbox 1211 412 1478 484; x_wconf 82' lang='grc' dir='ltr'><strong>ὑπηρέται</strong></span> <span class='ocrx_word' id='word_1_13' title='bbox 1497 409 1596 481; x_wconf 78' lang='grc' dir='ltr'><strong>τῆς</strong></span> <span class='ocrx_word' id='word_1_14' title='bbox 1615 410 1863 479; x_wconf 73' lang='grc' dir='ltr'>γενέσεως</span> 
     </span>
    </p>
   </div>
   <div class='ocr_carea' id='block_1_4' title="bbox 1967 409 3538 496">
    <p class='ocr_par' dir='ltr' id='par_1_4' title="bbox 2053 409 3538 496">
     <span class='ocr_line' id='line_1_4' title="bbox 2053 409 3538 496; baseline 0.013 -35"><span class='ocrx_word' id='word_1_15' title='bbox 2053 409 2216 466; x_wconf 80' lang='lat' dir='ltr'><strong>Vens.</strong></span> <span class='ocrx_word' id='word_1_16' title='bbox 2253 412 2337 466; x_wconf 77' lang='lat' dir='ltr'><strong>l3.</strong></span> <span class='ocrx_word' id='word_1_17' title='bbox 2373 411 2546 484; x_wconf 82' lang='lat' dir='ltr'><strong>Opera</strong></span> <span class='ocrx_word' id='word_1_18' title='bbox 2577 415 2794 484; x_wconf 89' lang='lat' dir='ltr'><strong>quidem</strong></span> <span class='ocrx_word' id='word_1_19' title='bbox 2842 425 2896 472; x_wconf 87' lang='lat' dir='ltr'><strong>et</strong></span> <span class='ocrx_word' id='word_1_20' title='bbox 2930 419 3100 487; x_wconf 78' lang='lat' dir='ltr'><strong>patris</strong></span> <span class='ocrx_word' id='word_1_21' title='bbox 3126 429 3180 476; x_wconf 93' lang='lat' dir='ltr'><strong>et</strong></span> <span class='ocrx_word' id='word_1_22' title='bbox 3222 425 3412 480; x_wconf 80' lang='lat' dir='ltr'><strong>matris</strong></span> <span class='ocrx_word' id='word_1_23' title='bbox 3445 443 3538 496; x_wconf 87' lang='lat' dir='ltr'><strong>ge-</strong></span> 
     </span>
    </p>
   </div>
   <div class='ocr_carea' id='block_1_5' title="bbox 310 501 1863 588">
    <p class='ocr_par' dir='ltr' id='par_1_5' title="bbox 310 501 1863 588">
     <span class='ocr_line' id='line_1_5' title="bbox 310 501 1863 588; baseline -0.014 -14"><span class='ocrx_word' id='word_1_24' title='bbox 310 519 616 588; x_wconf 86' lang='grc' dir='ltr'>γεγόνασιν,</span> <span class='ocrx_word' id='word_1_25' title='bbox 648 511 724 574; x_wconf 86' lang='grc' dir='ltr'>ὡς</span> <span class='ocrx_word' id='word_1_26' title='bbox 753 509 929 580; x_wconf 82' lang='grc' dir='ltr'><strong>φιλίας</strong></span> <span class='ocrx_word' id='word_1_27' title='bbox 971 523 1052 561; x_wconf 93' lang='grc' dir='ltr'><strong>σοι</strong></span> <span class='ocrx_word' id='word_1_28' title='bbox 1091 507 1184 559; x_wconf 74' lang='grc' dir='ltr'><strong>καὶ</strong></span> <span class='ocrx_word' id='word_1_29' title='bbox 1219 503 1534 573; x_wconf 82' lang='grc' dir='ltr'>συγγενείας</span> <span class='ocrx_word' id='word_1_30' title='bbox 1572 501 1863 573; x_wconf 70' lang='grc' dir='ltr'><strong>προφάσεις</strong></span> 
     </span>
    </p>
   </div>
   <div class='ocr_carea' id='block_1_6' title="bbox 1967 501 3536 588">
    <p class='ocr_par' dir='ltr' id='par_1_6' title="bbox 1976 501 3536 585">
     <span class='ocr_line' id='line_1_6' title="bbox 1976 501 3536 585; baseline 0.01 -31"><span class='ocrx_word' id='word_1_31' title='bbox 1976 501 2120 556; x_wconf 92' lang='lat' dir='ltr'><strong>nitus</strong></span> <span class='ocrx_word' id='word_1_32' title='bbox 2153 518 2247 569; x_wconf 88' lang='lat' dir='ltr'><strong>es,</strong></span> <span class='ocrx_word' id='word_1_33' title='bbox 2286 513 2343 556; x_wconf 93' lang='lat' dir='ltr'><strong>ut</strong></span> <span class='ocrx_word' id='word_1_34' title='bbox 2367 504 2604 558; x_wconf 75' lang='lat' dir='ltr'><strong>amicitia</strong></span> <span class='ocrx_word' id='word_1_35' title='bbox 2641 513 2818 560; x_wconf 90' lang='lat' dir='ltr'><strong>tecum</strong></span> <span class='ocrx_word' id='word_1_36' title='bbox 2852 515 2906 561; x_wconf 90' lang='lat' dir='ltr'><strong>et</strong></span> <span class='ocrx_word' id='word_1_37' title='bbox 2939 511 3258 578; x_wconf 82' lang='lat' dir='ltr'><strong>cognatione</strong></span> <span class='ocrx_word' id='word_1_38' title='bbox 3303 515 3536 585; x_wconf 60' lang='lat' dir='ltr'><strong>conjunv</strong></span> 
     </span>
    </p>
   </div>
   <div class='ocr_carea' id='block_1_7' title="bbox 312 593 1863 681">
    <p class='ocr_par' dir='ltr' id='par_1_7' title="bbox 312 593 1863 681">
     <span class='ocr_line' id='line_1_7' title="bbox 312 593 1863 681; baseline -0.008 -22"><span class='ocrx_word' id='word_1_39' title='bbox 312 610 658 681; x_wconf 75' lang='grc' dir='ltr'><strong>παρέχοντες,</strong></span> <span class='ocrx_word' id='word_1_40' title='bbox 677 602 788 656; x_wconf 84' lang='grc' dir='ltr'>ἀλλ’</span> <span class='ocrx_word' id='word_1_41' title='bbox 809 603 957 672; x_wconf 85' lang='grc' dir='ltr'>ὅμως</span> <span class='ocrx_word' id='word_1_42' title='bbox 978 599 1076 652; x_wconf 89' lang='grc' dir='ltr'><strong>οὐκ</strong></span> <span class='ocrx_word' id='word_1_43' title='bbox 1095 597 1280 668; x_wconf 76' lang='grc' dir='ltr'>ἀτονία</span> <span class='ocrx_word' id='word_1_44' title='bbox 1298 597 1395 668; x_wconf 87' lang='grc' dir='ltr'><strong>τῆς</strong></span> <span class='ocrx_word' id='word_1_45' title='bbox 1416 595 1695 666; x_wconf 88' lang='grc' dir='ltr'>δυνάμεως</span> <span class='ocrx_word' id='word_1_46' title='bbox 1714 593 1863 648; x_wconf 78' lang='grc' dir='ltr'>τοῦτο</span> 
     </span>
    </p>
   </div>
   <div class='ocr_carea' id='block_1_8' title="bbox 1967 593 3538 681">
    <p class='ocr_par' dir='ltr' id='par_1_8' title="bbox 1972 598 3538 677">
     <span class='ocr_line' id='line_1_8' title="bbox 1972 598 3538 677; baseline 0.01 -30"><span class='ocrx_word' id='word_1_47' title='bbox 1972 602 2228 662; x_wconf 83' lang='lat' dir='ltr'><strong>gerentur</strong></span> <span class='ocrx_word' id='word_1_48' title='bbox 2248 635 2263 660; x_wconf 87' lang='lat'><strong>,</strong></span> <span class='ocrx_word' id='word_1_49' title='bbox 2304 610 2411 650; x_wconf 91' lang='lat' dir='ltr'><strong>non</strong></span> <span class='ocrx_word' id='word_1_50' title='bbox 2457 598 2616 667; x_wconf 89' lang='lat' dir='ltr'><strong>quasi</strong></span> <span class='ocrx_word' id='word_1_51' title='bbox 2661 598 2934 654; x_wconf 91' lang='lat' dir='ltr'><strong>deﬁcienti</strong></span> <span class='ocrx_word' id='word_1_52' title='bbox 2964 614 3097 654; x_wconf 60' lang='lat' dir='ltr'><strong>mea;</strong></span> <span class='ocrx_word' id='word_1_53' title='bbox 3124 605 3376 670; x_wconf 84' lang='lat' dir='ltr'><strong>potestati</strong></span> <span class='ocrx_word' id='word_1_54' title='bbox 3407 623 3538 677; x_wconf 78' lang='lat' dir='ltr'><strong>sup-</strong></span> 
     </span>
    </p>
   </div>
   <div class='ocr_carea' id='block_1_9' title="bbox 311 685 1863 771">
    <p class='ocr_par' dir='ltr' id='par_1_9' title="bbox 311 686 1863 771">
     <span class='ocr_line' id='line_1_9' title="bbox 311 686 1863 771; baseline -0.012 -15"><span class='ocrx_word' id='word_1_55' title='bbox 311 699 678 771; x_wconf 80' lang='grc' dir='ltr'><strong>συνεχώρησα·</strong></span> <span class='ocrx_word' id='word_1_56' title='bbox 701 693 822 748; x_wconf 82' lang='grc' dir='ltr'>οὐτε</span> <span class='ocrx_word' id='word_1_57' title='bbox 853 691 962 763; x_wconf 76' lang='grc' dir='ltr'><strong>γάρ</strong></span> <span class='ocrx_word' id='word_1_58' title='bbox 990 689 1086 760; x_wconf 83' lang='grc' dir='ltr'>τὴν</span> <span class='ocrx_word' id='word_1_59' title='bbox 1112 689 1284 760; x_wconf 83' lang='grc' dir='ltr'>ἀρχὴν</span> <span class='ocrx_word' id='word_1_60' title='bbox 1312 688 1558 742; x_wconf 83' lang='grc' dir='ltr'><strong>πλάττων</strong></span> <span class='ocrx_word' id='word_1_61' title='bbox 1584 687 1674 740; x_wconf 84' lang='grc' dir='ltr'><strong>τὸν</strong></span> <span class='ocrx_word' id='word_1_62' title='bbox 1701 686 1863 757; x_wconf 78' lang='grc' dir='ltr'>Ἀδὰμ</span> 
     </span>
    </p>
   </div>
   <div class='ocr_carea' id='block_1_10' title="bbox 1967 685 3536 771">
    <p class='ocr_par' dir='ltr' id='par_1_10' title="bbox 1972 685 3536 767">
     <span class='ocr_line' id='line_1_10' title="bbox 1972 685 3536 767; baseline 0.011 -30"><span class='ocrx_word' id='word_1_63' title='bbox 1972 685 2202 754; x_wconf 89' lang='lat' dir='ltr'><strong>plerent.</strong></span> <span class='ocrx_word' id='word_1_64' title='bbox 2259 685 2378 741; x_wconf 86' lang='lat' dir='ltr'><strong>Non</strong></span> <span class='ocrx_word' id='word_1_65' title='bbox 2423 689 2566 742; x_wconf 89' lang='lat' dir='ltr'><strong>enim</strong></span> <span class='ocrx_word' id='word_1_66' title='bbox 2616 689 2748 743; x_wconf 76' lang='lat' dir='ltr'><strong>milii</strong></span> <span class='ocrx_word' id='word_1_67' title='bbox 2803 690 2910 747; x_wconf 88' lang='lat' dir='ltr'><strong>illis</strong></span> <span class='ocrx_word' id='word_1_68' title='bbox 2960 692 3016 745; x_wconf 91' lang='lat' dir='ltr'><strong>in</strong></span> <span class='ocrx_word' id='word_1_69' title='bbox 3074 694 3343 764; x_wconf 89' lang='lat' dir='ltr'><strong>principio</strong></span> <span class='ocrx_word' id='word_1_70' title='bbox 3397 713 3536 767; x_wconf 91' lang='lat' dir='ltr'><strong>opus</strong></span> 
     </span>
    </p>
   </div>
   <div class='ocr_carea' id='block_1_11' title="bbox 305 774 1863 860">
    <p class='ocr_par' dir='ltr' id='par_1_11' title="bbox 305 777 1863 860">
     <span class='ocr_line' id='line_1_11' title="bbox 305 777 1863 860; baseline -0.012 -12"><span class='ocrx_word' id='word_1_71' title='bbox 305 793 508 847; x_wconf 88' lang='grc' dir='ltr'>τούτων</span> <span class='ocrx_word' id='word_1_72' title='bbox 545 787 799 860; x_wconf 78' lang='grc' dir='ltr'>ἐδεήθην,</span> <span class='ocrx_word' id='word_1_73' title='bbox 834 784 968 839; x_wconf 90' lang='grc' dir='ltr'><strong>ἀλλά</strong></span> <span class='ocrx_word' id='word_1_74' title='bbox 993 782 1207 852; x_wconf 81' lang='grc' dir='ltr'><strong>θελήσει</strong></span> <span class='ocrx_word' id='word_1_75' title='bbox 1238 779 1628 851; x_wconf 78' lang='grc' dir='ltr'><strong>ὑπεστησάμην</strong></span> <span class='ocrx_word' id='word_1_76' title='bbox 1652 778 1746 831; x_wconf 68' lang='grc' dir='ltr'><strong>καὶ</strong></span> <span class='ocrx_word' id='word_1_77' title='bbox 1780 777 1863 830; x_wconf 89' lang='grc' dir='ltr'>δυ-</span> 
     </span>
    </p>
   </div>
   <div class='ocr_carea' id='block_1_12' title="bbox 1967 774 3537 860">
    <p class='ocr_par' dir='ltr' id='par_1_12' title="bbox 1970 774 3537 849">
     <span class='ocr_line' id='line_1_12' title="bbox 1970 774 3537 849; baseline 0.01 -21"><span class='ocrx_word' id='word_1_78' title='bbox 1970 774 2087 838; x_wconf 78' lang='lat' dir='ltr'><strong>fuit,</strong></span> <span class='ocrx_word' id='word_1_79' title='bbox 2122 792 2246 830; x_wconf 90' lang='lat' dir='ltr'><strong>cum</strong></span> <span class='ocrx_word' id='word_1_80' title='bbox 2273 779 2641 848; x_wconf 90' lang='lat' dir='ltr'><strong>plasmabatur</strong></span> <span class='ocrx_word' id='word_1_81' title='bbox 2685 781 2877 849; x_wconf 83' lang='lat' dir='ltr'><strong>Adam,</strong></span> <span class='ocrx_word' id='word_1_82' title='bbox 2904 784 2998 838; x_wconf 93' lang='lat' dir='ltr'><strong>sed</strong></span> <span class='ocrx_word' id='word_1_83' title='bbox 3024 785 3307 840; x_wconf 83' lang='lat' dir='ltr'><strong>voluntate</strong></span> <span class='ocrx_word' id='word_1_84' title='bbox 3336 802 3400 841; x_wconf 92' lang='lat' dir='ltr'><strong>ac</strong></span> <span class='ocrx_word' id='word_1_85' title='bbox 3430 789 3537 844; x_wconf 89' lang='lat' dir='ltr'><strong>vir-</strong></span> 
     </span>
    </p>
   </div>
   <div class='ocr_carea' id='block_1_13' title="bbox 305 869 1863 958">
    <p class='ocr_par' dir='ltr' id='par_1_13' title="bbox 305 883 714 958">
     <span class='ocr_line' id='line_1_13' title="bbox 305 883 714 958; baseline -0.02 -17"><span class='ocrx_word' id='word_1_86' title='bbox 305 887 466 958; x_wconf 84' lang='grc' dir='ltr'>νάμει</span> <span class='ocrx_word' id='word_1_87' title='bbox 493 886 559 953; x_wconf 79' lang='grc' dir='ltr'>τῇ</span> <span class='ocrx_word' id='word_1_88' title='bbox 587 883 714 951; x_wconf 82' lang='grc' dir='ltr'>ἐμῇ.</span> 
     </span>
    </p>
   </div>
   <div class='ocr_carea' id='block_1_14' title="bbox 1967 869 2710 958">
    <p class='ocr_par' dir='ltr' id='par_1_14' title="bbox 1971 869 2710 939">
     <span class='ocr_line' id='line_1_14' title="bbox 1971 869 2710 939; baseline 0.007 -19"><span class='ocrx_word' id='word_1_89' title='bbox 1971 875 2082 921; x_wconf 82' lang='lat' dir='ltr'><strong>tute</strong></span> <span class='ocrx_word' id='word_1_90' title='bbox 2108 884 2224 923; x_wconf 92' lang='lat' dir='ltr'><strong>mea</strong></span> <span class='ocrx_word' id='word_1_91' title='bbox 2258 869 2372 939; x_wconf 90' lang='lat' dir='ltr'><strong>ipse</strong></span> <span class='ocrx_word' id='word_1_92' title='bbox 2408 885 2530 924; x_wconf 90' lang='lat' dir='ltr'><strong>eum</strong></span> <span class='ocrx_word' id='word_1_93' title='bbox 2560 870 2710 927; x_wconf 73' lang='lat' dir='ltr'><strong>eﬁeci</strong></span> 
     </span>
    </p>
   </div>
   <div class='ocr_carea' id='block_1_15' title="bbox 378 961 1864 1044">
    <p class='ocr_par' dir='ltr' id='par_1_15' title="bbox 378 961 1864 1044">
     <span class='ocr_line' id='line_1_15' title="bbox 378 961 1864 1044; baseline -0.01 -15"><span class='ocrx_word' id='word_1_94' title='bbox 378 975 488 1030; x_wconf 76' lang='grc' dir='ltr'><strong>Καὶ</strong></span> <span class='ocrx_word' id='word_1_95' title='bbox 518 973 625 1026; x_wconf 89' lang='grc' dir='ltr'><strong>τῶν</strong></span> <span class='ocrx_word' id='word_1_96' title='bbox 660 968 1063 1044; x_wconf 83' lang='grc' dir='ltr'><strong>προγεγονότων</strong></span> <span class='ocrx_word' id='word_1_97' title='bbox 1107 967 1188 1030; x_wconf 87' lang='grc' dir='ltr'><strong>εἰς</strong></span> <span class='ocrx_word' id='word_1_98' title='bbox 1226 965 1444 1037; x_wconf 84' lang='grc' dir='ltr'>μνήμην</span> <span class='ocrx_word' id='word_1_99' title='bbox 1484 963 1680 1027; x_wconf 80' lang='grc' dir='ltr'>αὐτοὺς</span> <span class='ocrx_word' id='word_1_100' title='bbox 1721 961 1864 1031; x_wconf 79' lang='grc' dir='ltr'>ἄγει,</span> 
     </span>
    </p>
   </div>
   <div class='ocr_carea' id='block_1_16' title="bbox 305 1053 1866 1133">
    <p class='ocr_par' dir='ltr' id='par_1_16' title="bbox 305 1053 1866 1133">
     <span class='ocr_line' id='line_1_16' title="bbox 305 1053 1866 1133; baseline -0.011 -11"><span class='ocrx_word' id='word_1_101' title='bbox 305 1069 402 1123; x_wconf 80' lang='grc' dir='ltr'>καὶ</span> <span class='ocrx_word' id='word_1_102' title='bbox 435 1069 512 1129; x_wconf 86' lang='grc' dir='ltr'><strong>εἰς</strong></span> <span class='ocrx_word' id='word_1_103' title='bbox 553 1065 614 1118; x_wconf 83' lang='grc' dir='ltr'>τὸ</span> <span class='ocrx_word' id='word_1_104' title='bbox 642 1060 794 1126; x_wconf 82' lang='grc' dir='ltr'>αὖθις</span> <span class='ocrx_word' id='word_1_105' title='bbox 826 1063 1044 1133; x_wconf 77' lang='grc' dir='ltr'>θαρρεῖν</span> <span class='ocrx_word' id='word_1_106' title='bbox 1075 1059 1273 1122; x_wconf 79' lang='grc' dir='ltr'>αὐτοὺς</span> <span class='ocrx_word' id='word_1_107' title='bbox 1311 1055 1692 1128; x_wconf 81' lang='grc' dir='ltr'><strong>προτρέπεται·</strong></span> <span class='ocrx_word' id='word_1_108' title='bbox 1730 1053 1866 1106; x_wconf 79' lang='grc' dir='ltr'>Οὑτε</span> 
     </span>
    </p>
   </div>
   <div class='ocr_carea' id='block_1_17' title="bbox 304 1144 1865 1230">
    <p class='ocr_par' dir='ltr' id='par_1_17' title="bbox 304 1144 1865 1230">
     <span class='ocr_line' id='line_1_17' title="bbox 304 1144 1865 1230; baseline -0.012 -17"><span class='ocrx_word' id='word_1_109' title='bbox 304 1160 437 1230; x_wconf 86' lang='grc' dir='ltr'>γὰρ,</span> <span class='ocrx_word' id='word_1_110' title='bbox 479 1156 661 1227; x_wconf 72' lang='grc' dir='ltr'>φησὶν,</span> <span class='ocrx_word' id='word_1_111' title='bbox 702 1155 752 1207; x_wconf 82' lang='grc' dir='ltr'>οἱ</span> <span class='ocrx_word' id='word_1_112' title='bbox 788 1150 1153 1216; x_wconf 79' lang='grc' dir='ltr'>ἀπειλοῦντες,</span> <span class='ocrx_word' id='word_1_113' title='bbox 1191 1149 1286 1203; x_wconf 80' lang='grc' dir='ltr'><strong>καὶ</strong></span> <span class='ocrx_word' id='word_1_114' title='bbox 1319 1147 1461 1203; x_wconf 82' lang='grc' dir='ltr'><strong>κατά</strong></span> <span class='ocrx_word' id='word_1_115' title='bbox 1491 1146 1583 1200; x_wconf 88' lang='grc' dir='ltr'><strong>σοῦ</strong></span> <span class='ocrx_word' id='word_1_116' title='bbox 1627 1144 1865 1215; x_wconf 86' lang='grc' dir='ltr'>μαιμάσ-</span> 
     </span>
    </p>
   </div>
   <div class='ocr_carea' id='block_1_18' title="bbox 307 1238 1863 1319">
    <p class='ocr_par' dir='ltr' id='par_1_18' title="bbox 307 1238 1863 1319">
     <span class='ocr_line' id='line_1_18' title="bbox 307 1238 1863 1319; baseline -0.008 -15"><span class='ocrx_word' id='word_1_117' title='bbox 307 1267 510 1313; x_wconf 84' lang='grc' dir='ltr'>σοντες,</span> <span class='ocrx_word' id='word_1_118' title='bbox 528 1245 864 1319; x_wconf 64' lang='grc' dir='ltr'>ἠδυνήθησαν</span> <span class='ocrx_word' id='word_1_119' title='bbox 879 1240 1190 1313; x_wconf 84' lang='grc' dir='ltr'>ἀντιστῆναί</span> <span class='ocrx_word' id='word_1_120' title='bbox 1210 1259 1311 1306; x_wconf 90' lang='grc' dir='ltr'>σοι,</span> <span class='ocrx_word' id='word_1_121' title='bbox 1331 1239 1460 1311; x_wconf 84' lang='grc' dir='ltr'>ἐμοῦ</span> <span class='ocrx_word' id='word_1_122' title='bbox 1479 1238 1863 1308; x_wconf 64' lang='grc' dir='ltr'>ἐπαμύνοντος</span> 
     </span>
    </p>
   </div>
   <div class='ocr_carea' id='block_1_19' title="bbox 303 1327 1868 1412">
    <p class='ocr_par' dir='ltr' id='par_1_19' title="bbox 303 1327 1868 1412">
     <span class='ocr_line' id='line_1_19' title="bbox 303 1327 1868 1412; baseline -0.011 -14"><span class='ocrx_word' id='word_1_123' title='bbox 303 1343 572 1412; x_wconf 80' lang='grc' dir='ltr'>οὐδέτεροι</span> <span class='ocrx_word' id='word_1_124' title='bbox 601 1338 937 1410; x_wconf 68' lang='grc' dir='ltr'>ἰσχύσουσιν,</span> <span class='ocrx_word' id='word_1_125' title='bbox 963 1335 1097 1408; x_wconf 84' lang='grc' dir='ltr'>ἐμοῦ</span> <span class='ocrx_word' id='word_1_126' title='bbox 1125 1334 1321 1407; x_wconf 72' lang='grc' dir='ltr'>ῥᾳδίως</span> <span class='ocrx_word' id='word_1_127' title='bbox 1347 1331 1568 1394; x_wconf 86' lang='grc' dir='ltr'>τούτους</span> <span class='ocrx_word' id='word_1_128' title='bbox 1587 1331 1666 1393; x_wconf 88' lang='grc' dir='ltr'><strong>εἰς</strong></span> <span class='ocrx_word' id='word_1_129' title='bbox 1693 1327 1868 1400; x_wconf 84' lang='grc' dir='ltr'>φυγὴν</span> 
     </span>
    </p>
   </div>
   <div class='ocr_carea' id='block_1_20' title="bbox 302 1436 614 1506">
    <p class='ocr_par' dir='ltr' id='par_1_20' title="bbox 302 1436 614 1506">
     <span class='ocr_line' id='line_1_20' title="bbox 302 1436 614 1506; baseline -0.006 -18"><span class='ocrx_word' id='word_1_130' title='bbox 302 1436 614 1506; x_wconf 83' lang='grc' dir='ltr'>τρέποντος.</span> 
     </span>
    </p>
   </div>
   <div class='ocr_carea' id='block_1_21' title="bbox 378 1513 1870 1592">
    <p class='ocr_par' dir='ltr' id='par_1_21' title="bbox 378 1513 1870 1592">
     <span class='ocr_line' id='line_1_21' title="bbox 378 1513 1870 1592; baseline -0.007 -14"><span class='ocrx_word' id='word_1_131' title='bbox 378 1517 751 1592; x_wconf 86' lang='grc' dir='ltr'>Διδασκόμεθα</span> <span class='ocrx_word' id='word_1_132' title='bbox 776 1520 832 1573; x_wconf 82' lang='grc' dir='ltr'>δὲ</span> <span class='ocrx_word' id='word_1_133' title='bbox 858 1520 923 1573; x_wconf 92' lang='grc' dir='ltr'><strong>ἐκ</strong></span> <span class='ocrx_word' id='word_1_134' title='bbox 945 1515 1134 1572; x_wconf 89' lang='grc' dir='ltr'>τούτου</span> <span class='ocrx_word' id='word_1_135' title='bbox 1151 1556 1166 1582; x_wconf 87' lang='grc'><strong>,</strong></span> <span class='ocrx_word' id='word_1_136' title='bbox 1194 1515 1270 1580; x_wconf 84' lang='grc' dir='ltr'>ὡς</span> <span class='ocrx_word' id='word_1_137' title='bbox 1293 1515 1386 1568; x_wconf 66' lang='grc' dir='ltr'><strong>κα)⁸</strong></span> <span class='ocrx_word' id='word_1_138' title='bbox 1406 1514 1456 1568; x_wconf 79' lang='lat' dir='ltr'><strong>oi</strong></span> <span class='ocrx_word' id='word_1_139' title='bbox 1485 1514 1743 1586; x_wconf 85' lang='grc' dir='ltr'>τάραχοι,</span> <span class='ocrx_word' id='word_1_140' title='bbox 1774 1513 1870 1568; x_wconf 57' lang='grc' dir='ltr'><strong>καὶ⁸</strong></span> 
     </span>
    </p>
   </div>
   <div class='ocr_carea' id='block_1_22' title="bbox 2038 957 3532 1034">
    <p class='ocr_par' dir='ltr' id='par_1_22' title="bbox 2038 957 3532 1034">
     <span class='ocr_line' id='line_1_22' title="bbox 2038 957 3532 1034; baseline 0.01 -23"><span class='ocrx_word' id='word_1_141' title='bbox 2038 957 2204 1016; x_wconf 81' lang='lat' dir='ltr'><strong>Vens.</strong></span> <span class='ocrx_word' id='word_1_142' title='bbox 2236 961 2320 1014; x_wconf 74' lang='grc'><strong>14.</strong></span> <span class='ocrx_word' id='word_1_143' title='bbox 2342 961 2449 1017; x_wconf 83' lang='lat' dir='ltr'><strong>Res</strong></span> <span class='ocrx_word' id='word_1_144' title='bbox 2467 965 2770 1034; x_wconf 78' lang='lat' dir='ltr'><strong>praeteritas</strong></span> <span class='ocrx_word' id='word_1_145' title='bbox 2804 965 2858 1020; x_wconf 92' lang='lat' dir='ltr'><strong>in</strong></span> <span class='ocrx_word' id='word_1_146' title='bbox 2887 969 3204 1022; x_wconf 85' lang='lat' dir='ltr'><strong>memoriam</strong></span> <span class='ocrx_word' id='word_1_147' title='bbox 3228 984 3416 1025; x_wconf 92' lang='lat' dir='ltr'><strong>eorum</strong></span> <span class='ocrx_word' id='word_1_148' title='bbox 3445 986 3532 1026; x_wconf 87' lang='lat' dir='ltr'><strong>re-</strong></span> 
     </span>
    </p>
   </div>
   <div class='ocr_carea' id='block_1_23' title="bbox 1967 1052 3529 1125">
    <p class='ocr_par' dir='ltr' id='par_1_23' title="bbox 1967 1052 3529 1125">
     <span class='ocr_line' id='line_1_23' title="bbox 1967 1052 3529 1125; baseline 0.01 -24"><span class='ocrx_word' id='word_1_149' title='bbox 1967 1058 2144 1114; x_wconf 83' lang='lat' dir='ltr'><strong>vocat,</strong></span> <span class='ocrx_word' id='word_1_150' title='bbox 2178 1062 2233 1106; x_wconf 92' lang='lat' dir='ltr'><strong>et</strong></span> <span class='ocrx_word' id='word_1_151' title='bbox 2265 1052 2337 1106; x_wconf 87' lang='lat' dir='ltr'><strong>ita</strong></span> <span class='ocrx_word' id='word_1_152' title='bbox 2377 1052 2581 1110; x_wconf 89' lang='lat' dir='ltr'><strong>fractos</strong></span> <span class='ocrx_word' id='word_1_153' title='bbox 2613 1056 2826 1110; x_wconf 90' lang='lat' dir='ltr'><strong>animos</strong></span> <span class='ocrx_word' id='word_1_154' title='bbox 2871 1056 3087 1125; x_wconf 86' lang='lat' dir='ltr'><strong>reﬁcit;</strong></span> <span class='ocrx_word' id='word_1_155' title='bbox 3135 1075 3262 1114; x_wconf 90' lang='lat' dir='ltr'><strong>nam</strong></span> <span class='ocrx_word' id='word_1_156' title='bbox 3311 1076 3529 1116; x_wconf 88' lang='lat' dir='ltr'><strong>causam</strong></span> 
     </span>
    </p>
   </div>
   <div class='ocr_carea' id='block_1_24' title="bbox 1968 1146 3534 1220">
    <p class='ocr_par' dir='ltr' id='par_1_24' title="bbox 1968 1146 3534 1220">
     <span class='ocr_line' id='line_1_24' title="bbox 1968 1146 3534 1220; baseline 0.009 -28"><span class='ocrx_word' id='word_1_157' title='bbox 1968 1150 2113 1194; x_wconf 90' lang='lat' dir='ltr'><strong>tuam</strong></span> <span class='ocrx_word' id='word_1_158' title='bbox 2147 1151 2339 1212; x_wconf 81' lang='lat' dir='ltr'><strong>agente</strong></span> <span class='ocrx_word' id='word_1_159' title='bbox 2383 1159 2468 1199; x_wconf 90' lang='lat' dir='ltr'><strong>me</strong></span> <span class='ocrx_word' id='word_1_160' title='bbox 2491 1187 2506 1212; x_wconf 93' lang='lat'><strong>,</strong></span> <span class='ocrx_word' id='word_1_161' title='bbox 2543 1161 2650 1199; x_wconf 91' lang='lat' dir='ltr'><strong>non</strong></span> <span class='ocrx_word' id='word_1_162' title='bbox 2681 1146 3010 1211; x_wconf 89' lang='lat' dir='ltr'><strong>valuerunt,</strong></span> <span class='ocrx_word' id='word_1_163' title='bbox 3037 1149 3233 1220; x_wconf 89' lang='lat' dir='ltr'><strong>inquit,</strong></span> <span class='ocrx_word' id='word_1_164' title='bbox 3268 1151 3361 1205; x_wconf 92' lang='lat' dir='ltr'><strong>tibi</strong></span> <span class='ocrx_word' id='word_1_165' title='bbox 3397 1153 3534 1207; x_wconf 86' lang='lat' dir='ltr'><strong>resi-</strong></span> 
     </span>
    </p>
   </div>
   <div class='ocr_carea' id='block_1_25' title="bbox 1968 1235 3531 1314">
    <p class='ocr_par' dir='ltr' id='par_1_25' title="bbox 1968 1235 3531 1314">
     <span class='ocr_line' id='line_1_25' title="bbox 1968 1235 3531 1314; baseline 0.009 -28"><span class='ocrx_word' id='word_1_166' title='bbox 1968 1240 2135 1297; x_wconf 88' lang='lat' dir='ltr'><strong>stere,</strong></span> <span class='ocrx_word' id='word_1_167' title='bbox 2164 1235 2257 1303; x_wconf 90' lang='lat' dir='ltr'><strong>qui</strong></span> <span class='ocrx_word' id='word_1_168' title='bbox 2304 1236 2464 1290; x_wconf 83' lang='lat' dir='ltr'><strong>minis</strong></span> <span class='ocrx_word' id='word_1_169' title='bbox 2492 1244 2543 1291; x_wconf 93' lang='lat' dir='ltr'><strong>te</strong></span> <span class='ocrx_word' id='word_1_170' title='bbox 2576 1244 2630 1291; x_wconf 91' lang='lat' dir='ltr'><strong>et</strong></span> <span class='ocrx_word' id='word_1_171' title='bbox 2661 1235 2845 1294; x_wconf 89' lang='lat' dir='ltr'><strong>furore</strong></span> <span class='ocrx_word' id='word_1_172' title='bbox 2880 1240 3177 1310; x_wconf 84' lang='lat' dir='ltr'><strong>urgebant;</strong></span> <span class='ocrx_word' id='word_1_173' title='bbox 3235 1259 3411 1314; x_wconf 91' lang='lat' dir='ltr'><strong>neque</strong></span> <span class='ocrx_word' id='word_1_174' title='bbox 3439 1245 3531 1300; x_wconf 87' lang='lat' dir='ltr'><strong>alii</strong></span> 
     </span>
    </p>
   </div>
   <div class='ocr_carea' id='block_1_26' title="bbox 1969 1324 3325 1404">
    <p class='ocr_par' dir='ltr' id='par_1_26' title="bbox 1969 1324 3325 1404">
     <span class='ocr_line' id='line_1_26' title="bbox 1969 1324 3325 1404; baseline 0.009 -28"><span class='ocrx_word' id='word_1_175' title='bbox 1969 1324 2140 1394; x_wconf 89' lang='lat' dir='ltr'><strong>magis</strong></span> <span class='ocrx_word' id='word_1_176' title='bbox 2169 1326 2474 1394; x_wconf 88' lang='lat' dir='ltr'><strong>proﬁcient,</strong></span> <span class='ocrx_word' id='word_1_177' title='bbox 2504 1328 2661 1384; x_wconf 82' lang='lat' dir='ltr'><strong>facile</strong></span> <span class='ocrx_word' id='word_1_178' title='bbox 2679 1345 2772 1386; x_wconf 90' lang='lat' dir='ltr'><strong>eos</strong></span> <span class='ocrx_word' id='word_1_179' title='bbox 2799 1329 2854 1385; x_wconf 93' lang='lat' dir='ltr'><strong>in</strong></span> <span class='ocrx_word' id='word_1_180' title='bbox 2882 1330 3066 1404; x_wconf 82' lang='lat' dir='ltr'><strong>fugam</strong></span> <span class='ocrx_word' id='word_1_181' title='bbox 3098 1342 3325 1388; x_wconf 84' lang='lat' dir='ltr'><strong>vertam.</strong></span> 
     </span>
    </p>
   </div>
   <div class='ocr_carea' id='block_1_27' title="bbox 2041 1504 3530 1578">
    <p class='ocr_par' dir='ltr' id='par_1_27' title="bbox 2041 1504 3530 1578">
     <span class='ocr_line' id='line_1_27' title="bbox 2041 1504 3530 1578; baseline 0.005 -19"><span class='ocrx_word' id='word_1_182' title='bbox 2041 1504 2208 1562; x_wconf 67' lang='lat' dir='ltr'><strong>Vens.</strong></span> <span class='ocrx_word' id='word_1_183' title='bbox 2237 1507 2324 1564; x_wconf 81' lang='grc'><strong>15.</strong></span> <span class='ocrx_word' id='word_1_184' title='bbox 2357 1505 2522 1563; x_wconf 90' lang='lat' dir='ltr'><strong>Docet</strong></span> <span class='ocrx_word' id='word_1_185' title='bbox 2537 1509 2626 1564; x_wconf 87' lang='lat' dir='ltr'><strong>hic</strong></span> <span class='ocrx_word' id='word_1_186' title='bbox 2643 1525 2742 1566; x_wconf 93' lang='lat' dir='ltr'><strong>nos</strong></span> <span class='ocrx_word' id='word_1_187' title='bbox 2762 1511 3196 1578; x_wconf 89' lang='lat' dir='ltr'><strong>turbamenta,et</strong></span> <span class='ocrx_word' id='word_1_188' title='bbox 3208 1513 3530 1570; x_wconf 88' lang='lat' dir='ltr'><strong>rebelliones</strong></span> 
     </span>
    </p>
   </div>
   <div class='ocr_carea' id='block_1_28' title="bbox 301 1597 1863 1674">
    <p class='ocr_par' dir='ltr' id='par_1_28' title="bbox 301 1602 1863 1674">
     <span class='ocr_line' id='line_1_28' title="bbox 301 1602 1863 1674; baseline -0.01 -5"><span class='ocrx_word' id='word_1_189' title='bbox 301 1616 358 1669; x_wconf 88' lang='grc' dir='ltr'><strong>αί</strong></span> <span class='ocrx_word' id='word_1_190' title='bbox 406 1611 798 1674; x_wconf 76' lang='grc' dir='ltr'>ἐπαναστάσεις</span> <span class='ocrx_word' id='word_1_191' title='bbox 835 1608 942 1662; x_wconf 86' lang='grc' dir='ltr'><strong>τῶν</strong></span> <span class='ocrx_word' id='word_1_192' title='bbox 995 1606 1184 1672; x_wconf 87' lang='grc' dir='ltr'>ἐθνῶν,</span> <span class='ocrx_word' id='word_1_193' title='bbox 1223 1605 1317 1660; x_wconf 74' lang='grc' dir='ltr'>καὶ</span> <span class='ocrx_word' id='word_1_194' title='bbox 1364 1603 1436 1658; x_wconf 83' lang='grc' dir='ltr'>τὰ</span> <span class='ocrx_word' id='word_1_195' title='bbox 1480 1603 1717 1674; x_wconf 81' lang='grc' dir='ltr'>δυσχερῆ</span> <span class='ocrx_word' id='word_1_196' title='bbox 1760 1602 1863 1655; x_wconf 87' lang='grc' dir='ltr'><strong>τῶν</strong></span> 
     </span>
    </p>
   </div>
   <div class='ocr_carea' id='block_1_29' title="bbox 1967 1597 3530 1674">
    <p class='ocr_par' dir='ltr' id='par_1_29' title="bbox 1968 1597 3530 1671">
     <span class='ocr_line' id='line_1_29' title="bbox 1968 1597 3530 1671; baseline 0.006 -21"><span class='ocrx_word' id='word_1_197' title='bbox 1968 1597 2233 1667; x_wconf 85' lang='lat' dir='ltr'><strong>gentium,</strong></span> <span class='ocrx_word' id='word_1_198' title='bbox 2260 1606 2313 1653; x_wconf 92' lang='lat' dir='ltr'><strong>et</strong></span> <span class='ocrx_word' id='word_1_199' title='bbox 2345 1613 2529 1654; x_wconf 88' lang='lat' dir='ltr'><strong>rerum</strong></span> <span class='ocrx_word' id='word_1_200' title='bbox 2561 1603 2862 1671; x_wconf 88' lang='lat' dir='ltr'><strong>angustias,</strong></span> <span class='ocrx_word' id='word_1_201' title='bbox 2911 1611 2966 1658; x_wconf 85' lang='lat' dir='ltr'><strong>et</strong></span> <span class='ocrx_word' id='word_1_202' title='bbox 3012 1603 3423 1660; x_wconf 86' lang='lat' dir='ltr'><strong>sollicitationes</strong></span> <span class='ocrx_word' id='word_1_203' title='bbox 3461 1606 3530 1660; x_wconf 91' lang='lat' dir='ltr'><strong>ad</strong></span> 
     </span>
    </p>
   </div>
   <div class='ocr_carea' id='block_1_30' title="bbox 301 1689 1863 1800">
    <p class='ocr_par' dir='ltr' id='par_1_30' title="bbox 301 1691 1863 1800">
     <span class='ocr_line' id='line_1_30' title="bbox 301 1691 1863 1800; baseline -0.009 -41"><span class='ocrx_word' id='word_1_204' title='bbox 301 1703 663 1777; x_wconf 79' lang='grc' dir='ltr'>πραγμάτων,</span> <span class='ocrx_word' id='word_1_205' title='bbox 699 1701 792 1755; x_wconf 78' lang='grc' dir='ltr'><strong>καὶ</strong></span> <span class='ocrx_word' id='word_1_206' title='bbox 810 1701 859 1754; x_wconf 86' lang='grc' dir='ltr'><strong>οἰ</strong></span> <span class='ocrx_word' id='word_1_207' title='bbox 888 1699 1182 1773; x_wconf 73' lang='grc' dir='ltr'>πειρασμοὶ</span> <span class='ocrx_word' id='word_1_208' title='bbox 1198 1737 1214 1761; x_wconf 91' lang='grc'><strong>,</strong></span> <span class='ocrx_word' id='word_1_209' title='bbox 1241 1695 1382 1750; x_wconf 88' lang='grc' dir='ltr'><strong>κατά</strong></span> <span class='ocrx_word' id='word_1_210' title='bbox 1407 1694 1751 1765; x_wconf 82' lang='grc' dir='ltr'>συγχώρησιν</span> <span class='ocrx_word' id='word_1_211' title='bbox 1772 1691 1863 1800; x_wconf 75' lang='grc' dir='ltr'><strong>τοῦ</strong></span> 
     </span>
    </p>
   </div>
   <div class='ocr_carea' id='block_1_31' title="bbox 1967 1689 3532 1800">
    <p class='ocr_par' dir='ltr' id='par_1_31' title="bbox 1969 1689 3532 1765">
     <span class='ocr_line' id='line_1_31' title="bbox 1969 1689 3532 1765; baseline 0.008 -24"><span class='ocrx_word' id='word_1_212' title='bbox 1969 1689 2192 1753; x_wconf 87' lang='lat' dir='ltr'><strong>malum,</strong></span> <span class='ocrx_word' id='word_1_213' title='bbox 2219 1706 2328 1745; x_wconf 91' lang='lat' dir='ltr'><strong>non</strong></span> <span class='ocrx_word' id='word_1_214' title='bbox 2360 1691 2479 1746; x_wconf 86' lang='lat' dir='ltr'><strong>sine</strong></span> <span class='ocrx_word' id='word_1_215' title='bbox 2506 1690 2602 1746; x_wconf 89' lang='lat' dir='ltr'><strong>Dei</strong></span> <span class='ocrx_word' id='word_1_216' title='bbox 2636 1691 2860 1748; x_wconf 90' lang='lat' dir='ltr'><strong>numine</strong></span> <span class='ocrx_word' id='word_1_217' title='bbox 2898 1692 3046 1760; x_wconf 88' lang='lat' dir='ltr'><strong>ﬁeri;</strong></span> <span class='ocrx_word' id='word_1_218' title='bbox 3085 1695 3282 1765; x_wconf 86' lang='lat' dir='ltr'><strong>quibus</strong></span> <span class='ocrx_word' id='word_1_219' title='bbox 3326 1697 3532 1754; x_wconf 85' lang='lat' dir='ltr'><strong>instan-</strong></span> 
     </span>
    </p>
   </div>
   <div class='ocr_carea' id='block_1_32' title="bbox 301 1764 1863 1864">
    <p class='ocr_par' dir='ltr' id='par_1_32' title="bbox 301 1764 1863 1864">
     <span class='ocr_line' id='line_1_32' title="bbox 301 1764 1863 1864; baseline -0.007 -16"><span class='ocrx_word' id='word_1_220' title='bbox 301 1764 441 1848; x_wconf 59' lang='grc' dir='ltr'>Θὲῶ</span> <span class='ocrx_word' id='word_1_221' title='bbox 460 1764 715 1864; x_wconf 67' lang='grc' dir='ltr'>γίνονται·</span> <span class='ocrx_word' id='word_1_222' title='bbox 743 1786 817 1847; x_wconf 82' lang='grc' dir='ltr'><strong>ὧν</strong></span> <span class='ocrx_word' id='word_1_223' title='bbox 850 1764 1230 1863; x_wconf 71' lang='grc' dir='ltr'>ἐνεργούντων,</span> <span class='ocrx_word' id='word_1_224' title='bbox 1257 1790 1361 1861; x_wconf 84' lang='grc' dir='ltr'>χρὴ</span> <span class='ocrx_word' id='word_1_225' title='bbox 1400 1788 1488 1842; x_wconf 79' lang='grc' dir='ltr'><strong>τὸν</strong></span> <span class='ocrx_word' id='word_1_226' title='bbox 1513 1764 1750 1858; x_wconf 80' lang='grc' dir='ltr'>νήφοντα</span> <span class='ocrx_word' id='word_1_227' title='bbox 1775 1785 1863 1838; x_wconf 70' lang='grc' dir='ltr'><strong>ἐπὶ</strong></span> 
     </span>
    </p>
   </div>
   <div class='ocr_carea' id='block_1_33' title="bbox 1967 1764 3530 1864">
    <p class='ocr_par' dir='ltr' id='par_1_33' title="bbox 1967 1764 3530 1860">
     <span class='ocr_line' id='line_1_33' title="bbox 1967 1764 3530 1860; baseline 0.006 -25"><span class='ocrx_word' id='word_1_228' title='bbox 1967 1783 2132 1846; x_wconf 89' lang='lat' dir='ltr'><strong>tibus,</strong></span> <span class='ocrx_word' id='word_1_229' title='bbox 2188 1784 2481 1852; x_wconf 87' lang='lat' dir='ltr'><strong>prudenter</strong></span> <span class='ocrx_word' id='word_1_230' title='bbox 2538 1792 2594 1840; x_wconf 90' lang='lat' dir='ltr'><strong>te</strong></span> <span class='ocrx_word' id='word_1_231' title='bbox 2638 1784 2705 1839; x_wconf 90' lang='lat' dir='ltr'><strong>ad</strong></span> <span class='ocrx_word' id='word_1_232' title='bbox 2749 1785 2840 1842; x_wconf 90' lang='lat' dir='ltr'><strong>Dei</strong></span> <span class='ocrx_word' id='word_1_233' title='bbox 2891 1764 3149 1841; x_wconf 79' lang='lat' dir='ltr'><strong>auxilium</strong></span> <span class='ocrx_word' id='word_1_234' title='bbox 3174 1788 3438 1860; x_wconf 85' lang='lat' dir='ltr'><strong>recipies.</strong></span> <span class='ocrx_word' id='word_1_235' title='bbox 3469 1799 3530 1844; x_wconf 92' lang='lat' dir='ltr'><strong>ut</strong></span> 
     </span>
    </p>
   </div>
   <div class='ocr_carea' id='block_1_34' title="bbox 297 1875 1866 1958">
    <p class='ocr_par' dir='ltr' id='par_1_34' title="bbox 297 1875 1866 1958">
     <span class='ocr_line' id='line_1_34' title="bbox 297 1875 1866 1958; baseline -0.008 -18"><span class='ocrx_word' id='word_1_236' title='bbox 297 1887 398 1958; x_wconf 77' lang='grc' dir='ltr'><strong>τὴν</strong></span> <span class='ocrx_word' id='word_1_237' title='bbox 426 1885 521 1939; x_wconf 86' lang='grc' dir='ltr'><strong>τοῦ</strong></span> <span class='ocrx_word' id='word_1_238' title='bbox 544 1884 677 1937; x_wconf 79' lang='grc' dir='ltr'>θεοῦ</span> <span class='ocrx_word' id='word_1_239' title='bbox 708 1882 1068 1950; x_wconf 81' lang='grc' dir='ltr'>καταφεύγειν</span> <span class='ocrx_word' id='word_1_240' title='bbox 1097 1880 1342 1952; x_wconf 80' lang='grc' dir='ltr'>βοήθειαν</span> <span class='ocrx_word' id='word_1_241' title='bbox 1361 1920 1376 1944; x_wconf 97' lang='grc'><strong>,</strong></span> <span class='ocrx_word' id='word_1_242' title='bbox 1415 1879 1511 1932; x_wconf 70' lang='grc' dir='ltr'><strong>καὶ</strong></span> <span class='ocrx_word' id='word_1_243' title='bbox 1552 1877 1681 1948; x_wconf 90' lang='grc' dir='ltr'>παρ’</span> <span class='ocrx_word' id='word_1_244' title='bbox 1724 1875 1866 1930; x_wconf 71' lang='grc' dir='ltr'>ἐκείο</span> 
     </span>
    </p>
   </div>
   <div class='ocr_carea' id='block_1_35' title="bbox 300 1973 1405 2047">
    <p class='ocr_par' dir='ltr' id='par_1_35' title="bbox 300 1973 1405 2047">
     <span class='ocr_line' id='line_1_35' title="bbox 300 1973 1405 2047; baseline -0.004 -17"><span class='ocrx_word' id='word_1_245' title='bbox 300 1997 393 2033; x_wconf 86' lang='grc' dir='ltr'><strong>νου</strong></span> <span class='ocrx_word' id='word_1_246' title='bbox 429 1976 694 2032; x_wconf 79' lang='grc' dir='ltr'>αἰτεῖσθαι</span> <span class='ocrx_word' id='word_1_247' title='bbox 720 1975 817 2047; x_wconf 76' lang='grc' dir='ltr'>τὴν</span> <span class='ocrx_word' id='word_1_248' title='bbox 837 1974 1040 2028; x_wconf 88' lang='grc' dir='ltr'>τούτων</span> <span class='ocrx_word' id='word_1_249' title='bbox 1067 1973 1405 2044; x_wconf 81' lang='grc' dir='ltr'>ἀπαλλαγήν.</span> 
     </span>
    </p>
   </div>
   <div class='ocr_carea' id='block_1_36' title="bbox 373 2061 1866 2138">
    <p class='ocr_par' dir='ltr' id='par_1_36' title="bbox 373 2061 1866 2138">
     <span class='ocr_line' id='line_1_36' title="bbox 373 2061 1866 2138; baseline -0.006 -15"><span class='ocrx_word' id='word_1_250' title='bbox 373 2068 540 2123; x_wconf 90' lang='grc' dir='ltr'>Πάλιν</span> <span class='ocrx_word' id='word_1_251' title='bbox 574 2067 661 2122; x_wconf 88' lang='grc' dir='ltr'><strong>διά</strong></span> <span class='ocrx_word' id='word_1_252' title='bbox 701 2068 798 2138; x_wconf 85' lang='grc' dir='ltr'><strong>τῆς</strong></span> <span class='ocrx_word' id='word_1_253' title='bbox 840 2065 1234 2137; x_wconf 77' lang='grc' dir='ltr'>παρακλήσεως</span> <span class='ocrx_word' id='word_1_254' title='bbox 1280 2063 1377 2134; x_wconf 81' lang='grc' dir='ltr'>τὴν</span> <span class='ocrx_word' id='word_1_255' title='bbox 1414 2062 1658 2116; x_wconf 91' lang='grc' dir='ltr'>ἐκούσιον</span> <span class='ocrx_word' id='word_1_256' title='bbox 1698 2061 1866 2131; x_wconf 88' lang='grc' dir='ltr'>αὐτῆς</span> 
     </span>
    </p>
   </div>
   <div class='ocr_carea' id='block_1_37' title="bbox 299 2153 1866 2230">
    <p class='ocr_par' dir='ltr' id='par_1_37' title="bbox 299 2153 1866 2230">
     <span class='ocr_line' id='line_1_37' title="bbox 299 2153 1866 2230; baseline -0.005 -16"><span class='ocrx_word' id='word_1_257' title='bbox 299 2161 506 2214; x_wconf 83' lang='grc' dir='ltr'>πτῶσιν</span> <span class='ocrx_word' id='word_1_258' title='bbox 537 2159 808 2230; x_wconf 85' lang='grc' dir='ltr'>σημαίνει·</span> <span class='ocrx_word' id='word_1_259' title='bbox 831 2160 929 2212; x_wconf 86' lang='grc' dir='ltr'><strong>οὐκ</strong></span> <span class='ocrx_word' id='word_1_260' title='bbox 949 2159 1014 2213; x_wconf 85' lang='grc' dir='ltr'><strong>ἂν</strong></span> <span class='ocrx_word' id='word_1_261' title='bbox 1036 2157 1143 2230; x_wconf 79' lang='grc' dir='ltr'>γὰρ</span> <span class='ocrx_word' id='word_1_262' title='bbox 1171 2157 1292 2210; x_wconf 85' lang='grc' dir='ltr'><strong>οὐδέ</strong></span> <span class='ocrx_word' id='word_1_263' title='bbox 1319 2155 1666 2226; x_wconf 79' lang='grc' dir='ltr'>διαναστῆναι</span> <span class='ocrx_word' id='word_1_264' title='bbox 1698 2153 1866 2225; x_wconf 82' lang='grc' dir='ltr'>αὐτὴν</span> 
     </span>
    </p>
   </div>
   <div class='ocr_carea' id='block_1_38' title="bbox 297 2245 1866 2323">
    <p class='ocr_par' dir='ltr' id='par_1_38' title="bbox 297 2245 1866 2323">
     <span class='ocr_line' id='line_1_38' title="bbox 297 2245 1866 2323; baseline -0.004 -20"><span class='ocrx_word' id='word_1_265' title='bbox 297 2249 664 2323; x_wconf 78' lang='grc' dir='ltr'>προετρέπετο</span> <span class='ocrx_word' id='word_1_266' title='bbox 698 2251 788 2304; x_wconf 87' lang='grc' dir='ltr'>ὐπ’</span> <span class='ocrx_word' id='word_1_267' title='bbox 821 2249 980 2303; x_wconf 80' lang='grc' dir='ltr'>ἄλλου</span> <span class='ocrx_word' id='word_1_268' title='bbox 1014 2247 1382 2319; x_wconf 82' lang='grc' dir='ltr'>κατεχομένην</span> <span class='ocrx_word' id='word_1_269' title='bbox 1405 2286 1420 2311; x_wconf 89' lang='grc'><strong>,</strong></span> <span class='ocrx_word' id='word_1_270' title='bbox 1457 2245 1590 2299; x_wconf 84' lang='grc' dir='ltr'><strong>ἀλλά</strong></span> <span class='ocrx_word' id='word_1_271' title='bbox 1626 2245 1704 2316; x_wconf 82' lang='grc' dir='ltr'>τῷ</span> <span class='ocrx_word' id='word_1_272' title='bbox 1737 2261 1866 2298; x_wconf 87' lang='grc' dir='ltr'>κατ-</span> 
     </span>
    </p>
   </div>
   <div class='ocr_carea' id='block_1_39' title="bbox 298 2324 1868 2412">
    <p class='ocr_par' dir='ltr' id='par_1_39' title="bbox 298 2324 1868 2412">
     <span class='ocr_line' id='line_1_39' title="bbox 298 2324 1868 2412; baseline -0.004 -17"><span class='ocrx_word' id='word_1_273' title='bbox 298 2341 476 2411; x_wconf 64' lang='grc' dir='ltr'>ἔχοντι</span> <span class='ocrx_word' id='word_1_274' title='bbox 495 2324 748 2412; x_wconf 80' lang='grc' dir='ltr'>ἐπετίμα·</span> <span class='ocrx_word' id='word_1_275' title='bbox 779 2339 892 2394; x_wconf 83' lang='grc' dir='ltr'>ἀλλ’</span> <span class='ocrx_word' id='word_1_276' title='bbox 916 2339 1100 2410; x_wconf 86' lang='grc' dir='ltr'>ἐπειδὴ</span> <span class='ocrx_word' id='word_1_277' title='bbox 1135 2338 1378 2392; x_wconf 79' lang='grc' dir='ltr'>ἑκούσιον</span> <span class='ocrx_word' id='word_1_278' title='bbox 1419 2335 1625 2392; x_wconf 82' lang='grc' dir='ltr'>πτῶσιν</span> <span class='ocrx_word' id='word_1_279' title='bbox 1662 2337 1868 2406; x_wconf 86' lang='grc' dir='ltr'>ὑπομε-</span> 
     </span>
    </p>
   </div>
   <div class='ocr_carea' id='block_1_40' title="bbox 301 2429 1581 2502">
    <p class='ocr_par' dir='ltr' id='par_1_40' title="bbox 301 2429 1581 2502">
     <span class='ocr_line' id='line_1_40' title="bbox 301 2429 1581 2502; baseline -0.002 -19"><span class='ocrx_word' id='word_1_280' title='bbox 301 2433 545 2502; x_wconf 76' lang='grc' dir='ltr'>μενηκει,</span> <span class='ocrx_word' id='word_1_281' title='bbox 566 2431 911 2502; x_wconf 85' lang='grc' dir='ltr'>διαναστῆναι</span> <span class='ocrx_word' id='word_1_282' title='bbox 941 2431 1107 2502; x_wconf 83' lang='grc' dir='ltr'>αὐτὴν</span> <span class='ocrx_word' id='word_1_283' title='bbox 1136 2429 1581 2502; x_wconf 84' lang='grc' dir='ltr'>παρακελεύεται.</span> 
     </span>
    </p>
   </div>
   <div class='ocr_carea' id='block_1_41' title="bbox 397 2607 1862 2682">
    <p class='ocr_par' dir='ltr' id='par_1_41' title="bbox 397 2607 1862 2682">
     <span class='ocr_line' id='line_1_41' title="bbox 397 2607 1862 2682; baseline -0.003 -18"><span class='ocrx_word' id='word_1_284' title='bbox 397 2613 580 2682; x_wconf 83' lang='grc' dir='ltr'>Ωσπερ</span> <span class='ocrx_word' id='word_1_285' title='bbox 603 2611 722 2664; x_wconf 80' lang='grc' dir='ltr'>τινὰ</span> <span class='ocrx_word' id='word_1_286' title='bbox 761 2610 886 2682; x_wconf 90' lang='grc' dir='ltr'>χοῦν</span> <span class='ocrx_word' id='word_1_287' title='bbox 915 2611 973 2666; x_wconf 83' lang='grc' dir='ltr'><strong>ὃν</strong></span> <span class='ocrx_word' id='word_1_288' title='bbox 1003 2610 1246 2676; x_wconf 77' lang='grc' dir='ltr'>συνέλεξο</span> <span class='ocrx_word' id='word_1_289' title='bbox 1290 2610 1396 2665; x_wconf 81' lang='grc' dir='ltr'><strong>ἀπὸ</strong></span> <span class='ocrx_word' id='word_1_290' title='bbox 1426 2611 1519 2663; x_wconf 87' lang='grc' dir='ltr'><strong>τοῦ</strong></span> <span class='ocrx_word' id='word_1_291' title='bbox 1553 2607 1862 2678; x_wconf 84' lang='grc' dir='ltr'>πτώματος,</span> 
     </span>
    </p>
   </div>
   <div class='ocr_carea' id='block_1_42' title="bbox 294 2698 1865 2778">
    <p class='ocr_par' dir='ltr' id='par_1_42' title="bbox 294 2698 1865 2778">
     <span class='ocr_line' id='line_1_42' title="bbox 294 2698 1865 2778; baseline -0.004 -20"><span class='ocrx_word' id='word_1_292' title='bbox 294 2705 533 2760; x_wconf 76' lang='grc' dir='ltr'>ἔκτεινον</span> <span class='ocrx_word' id='word_1_293' title='bbox 557 2707 651 2759; x_wconf 80' lang='grc' dir='ltr'>καὶ</span> <span class='ocrx_word' id='word_1_294' title='bbox 680 2707 1000 2778; x_wconf 72' lang='grc' dir='ltr'>ἀπόρριψον·</span> <span class='ocrx_word' id='word_1_295' title='bbox 1029 2706 1122 2759; x_wconf 74' lang='grc' dir='ltr'><strong>καὶ</strong></span> <span class='ocrx_word' id='word_1_296' title='bbox 1148 2707 1272 2770; x_wconf 80' lang='grc' dir='ltr'>τοὺς</span> <span class='ocrx_word' id='word_1_297' title='bbox 1303 2704 1534 2777; x_wconf 71' lang='grc' dir='ltr'>δεσμοὺς</span> <span class='ocrx_word' id='word_1_298' title='bbox 1552 2743 1568 2766; x_wconf 93' lang='grc'><strong>,</strong></span> <span class='ocrx_word' id='word_1_299' title='bbox 1599 2698 1679 2766; x_wconf 73' lang='grc' dir='ltr'>οἷς</span> <span class='ocrx_word' id='word_1_300' title='bbox 1708 2718 1865 2755; x_wconf 79' lang='grc' dir='ltr'>σεαυο</span> 
     </span>
    </p>
   </div>
   <div class='ocr_carea' id='block_1_43' title="bbox 292 2789 1864 2870">
    <p class='ocr_par' dir='ltr' id='par_1_43' title="bbox 292 2789 1864 2870">
     <span class='ocr_line' id='line_1_43' title="bbox 292 2789 1864 2870; baseline -0.004 -19"><span class='ocrx_word' id='word_1_301' title='bbox 292 2798 392 2870; x_wconf 79' lang='grc' dir='ltr'>τὴν</span> <span class='ocrx_word' id='word_1_302' title='bbox 426 2797 890 2868; x_wconf 83' lang='grc' dir='ltr'>κατεδέσμευσας,</span> <span class='ocrx_word' id='word_1_303' title='bbox 927 2797 1086 2851; x_wconf 85' lang='grc' dir='ltr'>λῦσον</span> <span class='ocrx_word' id='word_1_304' title='bbox 1130 2796 1492 2851; x_wconf 84' lang='grc' dir='ltr'>ἀποσπάσασα</span> <span class='ocrx_word' id='word_1_305' title='bbox 1533 2794 1731 2865; x_wconf 79' lang='grc' dir='ltr'>ἑαυτὴν</span> <span class='ocrx_word' id='word_1_306' title='bbox 1770 2789 1864 2845; x_wconf 88' lang='grc' dir='ltr'><strong>τοῦ</strong></span> 
     </span>
    </p>
   </div>
   <div class='ocr_carea' id='block_1_44' title="bbox 293 2883 1866 2962">
    <p class='ocr_par' dir='ltr' id='par_1_44' title="bbox 293 2883 1866 2962">
     <span class='ocr_line' id='line_1_44' title="bbox 293 2883 1866 2962; baseline -0.002 -21"><span class='ocrx_word' id='word_1_307' title='bbox 293 2888 461 2957; x_wconf 77' lang='grc' dir='ltr'>ζυγοῦ</span> <span class='ocrx_word' id='word_1_308' title='bbox 493 2889 595 2958; x_wconf 88' lang='grc' dir='ltr'><strong>τῆς</strong></span> <span class='ocrx_word' id='word_1_309' title='bbox 629 2888 872 2954; x_wconf 81' lang='grc' dir='ltr'>ἀδικίας,</span> <span class='ocrx_word' id='word_1_310' title='bbox 905 2883 948 2957; x_wconf 80' lang='grc' dir='ltr'>ᾧ</span> <span class='ocrx_word' id='word_1_311' title='bbox 988 2887 1187 2942; x_wconf 80' lang='grc' dir='ltr'>ἑκοῦσα</span> <span class='ocrx_word' id='word_1_312' title='bbox 1224 2889 1314 2942; x_wconf 82' lang='grc' dir='ltr'>τὸν</span> <span class='ocrx_word' id='word_1_313' title='bbox 1355 2887 1556 2962; x_wconf 65' lang='grc' dir='ltr'>σαυτῆς</span> <span class='ocrx_word' id='word_1_314' title='bbox 1595 2883 1866 2955; x_wconf 85' lang='grc' dir='ltr'>τράχηλον</span> 
     </span>
    </p>
   </div>
   <div class='ocr_carea' id='block_1_45' title="bbox 293 2976 1860 3051">
    <p class='ocr_par' dir='ltr' id='par_1_45' title="bbox 293 2976 1860 3051">
     <span class='ocr_line' id='line_1_45' title="bbox 293 2976 1860 3051; baseline -0.001 -19"><span class='ocrx_word' id='word_1_315' title='bbox 293 2978 578 3042; x_wconf 78' lang='grc' dir='ltr'>ὑπέϐαλες·</span> <span class='ocrx_word' id='word_1_316' title='bbox 616 2980 710 3033; x_wconf 69' lang='grc' dir='ltr'>καὶ</span> <span class='ocrx_word' id='word_1_317' title='bbox 742 2981 895 3048; x_wconf 77' lang='grc' dir='ltr'>ἀξίαν</span> <span class='ocrx_word' id='word_1_318' title='bbox 921 2981 1117 3051; x_wconf 81' lang='grc' dir='ltr'>ἐαυτὴν</span> <span class='ocrx_word' id='word_1_319' title='bbox 1154 2979 1437 3050; x_wconf 76' lang='grc' dir='ltr'>ἀπέφηνας</span> <span class='ocrx_word' id='word_1_320' title='bbox 1467 2976 1860 3048; x_wconf 86' lang='grc' dir='ltr'>αἰχμαλωσίας,</span> 
     </span>
    </p>
   </div>
   <div class='ocr_carea' id='block_1_46' title="bbox 292 3065 1933 3152">
    <p class='ocr_par' dir='ltr' id='par_1_46' title="bbox 292 3065 1933 3152">
     <span class='ocr_line' id='line_1_46' title="bbox 292 3065 1933 3152; baseline -0.004 -25"><span class='ocrx_word' id='word_1_321' title='bbox 292 3075 386 3143; x_wconf 80' lang='grc' dir='ltr'>ἀφ’</span> <span class='ocrx_word' id='word_1_322' title='bbox 409 3069 476 3146; x_wconf 81' lang='grc' dir='ltr'>ἦς</span> <span class='ocrx_word' id='word_1_323' title='bbox 496 3065 737 3144; x_wconf 79' lang='grc' dir='ltr'>ρυσθήση</span> <span class='ocrx_word' id='word_1_324' title='bbox 762 3073 1115 3143; x_wconf 89' lang='grc' dir='ltr'>μετανοοῦσα·</span> <span class='ocrx_word' id='word_1_325' title='bbox 1137 3072 1255 3125; x_wconf 84' lang='grc' dir='ltr'>οὐδὲ</span> <span class='ocrx_word' id='word_1_326' title='bbox 1276 3072 1383 3142; x_wconf 86' lang='grc' dir='ltr'>γὰρ</span> <span class='ocrx_word' id='word_1_327' title='bbox 1406 3071 1504 3141; x_wconf 83' lang='grc' dir='ltr'>τὴν</span> <span class='ocrx_word' id='word_1_328' title='bbox 1525 3069 1696 3141; x_wconf 84' lang='grc' dir='ltr'>ἀρχὴν</span> <span class='ocrx_word' id='word_1_329' title='bbox 1722 3084 1863 3140; x_wconf 86' lang='grc' dir='ltr'>παρ-</span> <span class='ocrx_word' id='word_1_330' title='bbox 1885 3089 1933 3152; x_wconf 71' lang='lat' dir='ltr'><strong>c</strong></span> 
     </span>
    </p>
   </div>
   <div class='ocr_carea' id='block_1_47' title="bbox 293 3161 1860 3238">
    <p class='ocr_par' dir='ltr' id='par_1_47' title="bbox 293 3161 1860 3238">
     <span class='ocr_line' id='line_1_47' title="bbox 293 3161 1860 3238; baseline -0.005 -18"><span class='ocrx_word' id='word_1_331' title='bbox 293 3166 479 3238; x_wconf 84' lang='grc' dir='ltr'>εδόθης</span> <span class='ocrx_word' id='word_1_332' title='bbox 516 3167 606 3218; x_wconf 85' lang='grc' dir='ltr'>ὑπ’</span> <span class='ocrx_word' id='word_1_333' title='bbox 641 3163 774 3235; x_wconf 82' lang='grc' dir='ltr'>ἐμοῦ</span> <span class='ocrx_word' id='word_1_334' title='bbox 816 3164 890 3228; x_wconf 81' lang='grc' dir='ltr'>ὡς</span> <span class='ocrx_word' id='word_1_335' title='bbox 925 3163 1184 3235; x_wconf 90' lang='grc' dir='ltr'>ἀργύριον</span> <span class='ocrx_word' id='word_1_336' title='bbox 1223 3163 1531 3232; x_wconf 88' lang='grc' dir='ltr'>εἰληφότος,</span> <span class='ocrx_word' id='word_1_337' title='bbox 1567 3161 1701 3213; x_wconf 86' lang='grc' dir='ltr'><strong>ἀλλά</strong></span> <span class='ocrx_word' id='word_1_338' title='bbox 1740 3163 1860 3223; x_wconf 86' lang='grc' dir='ltr'>ταῖς</span> 
     </span>
    </p>
   </div>
   <div class='ocr_carea' id='block_1_48' title="bbox 291 3251 1862 3327">
    <p class='ocr_par' dir='ltr' id='par_1_48' title="bbox 291 3251 1862 3327">
     <span class='ocr_line' id='line_1_48' title="bbox 291 3251 1862 3327; baseline -0.005 -18"><span class='ocrx_word' id='word_1_339' title='bbox 291 3257 515 3320; x_wconf 72' lang='grc' dir='ltr'>οἰκείαις</span> <span class='ocrx_word' id='word_1_340' title='bbox 531 3259 728 3326; x_wconf 84' lang='grc' dir='ltr'>ἐαυτῆς</span> <span class='ocrx_word' id='word_1_341' title='bbox 752 3256 1043 3327; x_wconf 83' lang='grc' dir='ltr'>ἁμαρτίαις</span> <span class='ocrx_word' id='word_1_342' title='bbox 1064 3253 1327 3326; x_wconf 85' lang='grc' dir='ltr'>ἐπράθης·</span> <span class='ocrx_word' id='word_1_343' title='bbox 1352 3253 1493 3322; x_wconf 84' lang='grc' dir='ltr'>ἆπερ</span> <span class='ocrx_word' id='word_1_344' title='bbox 1524 3251 1862 3320; x_wconf 87' lang='grc' dir='ltr'>συγχωρήσω</span> 
     </span>
    </p>
   </div>
   <div class='ocr_carea' id='block_1_49' title="bbox 295 3339 1856 3416">
    <p class='ocr_par' dir='ltr' id='par_1_49' title="bbox 295 3339 1856 3416">
     <span class='ocr_line' id='line_1_49' title="bbox 295 3339 1856 3416; baseline -0.006 -17"><span class='ocrx_word' id='word_1_345' title='bbox 295 3364 374 3399; x_wconf 84' lang='grc' dir='ltr'><strong>σοι</strong></span> <span class='ocrx_word' id='word_1_346' title='bbox 404 3345 756 3416; x_wconf 80' lang='grc' dir='ltr'>μετανοούσῃ,</span> <span class='ocrx_word' id='word_1_347' title='bbox 791 3346 884 3397; x_wconf 75' lang='grc' dir='ltr'><strong>καὶ</strong></span> <span class='ocrx_word' id='word_1_348' title='bbox 907 3343 1309 3410; x_wconf 86' lang='grc' dir='ltr'>ἀνακαλέσομαι</span> <span class='ocrx_word' id='word_1_349' title='bbox 1340 3342 1435 3411; x_wconf 88' lang='grc' dir='ltr'><strong>τῆς</strong></span> <span class='ocrx_word' id='word_1_350' title='bbox 1468 3339 1856 3410; x_wconf 84' lang='grc' dir='ltr'>αἰχμαλωσίας.</span> 
     </span>
    </p>
   </div>
   <div class='ocr_carea' id='block_1_50' title="bbox 367 3430 1861 3503">
    <p class='ocr_par' dir='ltr' id='par_1_50' title="bbox 367 3430 1861 3503">
     <span class='ocr_line' id='line_1_50' title="bbox 367 3430 1861 3503; baseline -0.002 -15"><span class='ocrx_word' id='word_1_351' title='bbox 367 3435 438 3488; x_wconf 84' lang='grc' dir='ltr'><strong>Τὸ</strong></span> <span class='ocrx_word' id='word_1_352' title='bbox 468 3435 525 3488; x_wconf 87' lang='grc' dir='ltr'><strong>δέ</strong></span> <span class='ocrx_word' id='word_1_353' title='bbox 547 3436 625 3498; x_wconf 89' lang='grc' dir='ltr'><strong>εἰς</strong></span> <span class='ocrx_word' id='word_1_354' title='bbox 653 3433 966 3503; x_wconf 87' lang='grc' dir='ltr'>Ἀσσυρίους</span> <span class='ocrx_word' id='word_1_355' title='bbox 989 3433 1218 3495; x_wconf 80' lang='grc' dir='ltr'>ἄκοντας</span> <span class='ocrx_word' id='word_1_356' title='bbox 1247 3431 1558 3502; x_wconf 79' lang='grc' dir='ltr'>ἀπαχθῆναι</span> <span class='ocrx_word' id='word_1_357' title='bbox 1585 3430 1721 3502; x_wconf 77' lang='grc' dir='ltr'>ἐμὴν</span> <span class='ocrx_word' id='word_1_358' title='bbox 1749 3431 1861 3501; x_wconf 79' lang='grc' dir='ltr'>ἔχει</span> 
     </span>
    </p>
   </div>
   <div class='ocr_carea' id='block_1_51' title="bbox 295 3525 1861 3600">
    <p class='ocr_par' dir='ltr' id='par_1_51' title="bbox 295 3525 1861 3600">
     <span class='ocr_line' id='line_1_51' title="bbox 295 3525 1861 3600; baseline -0.002 -19"><span class='ocrx_word' id='word_1_359' title='bbox 295 3527 658 3600; x_wconf 83' lang='grc' dir='ltr'>συγχώρησιν,</span> <span class='ocrx_word' id='word_1_360' title='bbox 697 3527 876 3580; x_wconf 78' lang='grc' dir='ltr'>αἰτίαν</span> <span class='ocrx_word' id='word_1_361' title='bbox 919 3527 974 3579; x_wconf 81' lang='grc' dir='ltr'>δὲ</span> <span class='ocrx_word' id='word_1_362' title='bbox 1019 3527 1305 3597; x_wconf 79' lang='grc' dir='ltr'>ὑμετέραν·</span> <span class='ocrx_word' id='word_1_363' title='bbox 1352 3528 1450 3579; x_wconf 89' lang='grc' dir='ltr'><strong>οὐκ</strong></span> <span class='ocrx_word' id='word_1_364' title='bbox 1492 3526 1556 3580; x_wconf 85' lang='grc' dir='ltr'><strong>ἂν</strong></span> <span class='ocrx_word' id='word_1_365' title='bbox 1595 3526 1702 3598; x_wconf 76' lang='grc' dir='ltr'><strong>γὰρ</strong></span> <span class='ocrx_word' id='word_1_366' title='bbox 1741 3525 1861 3579; x_wconf 87' lang='grc' dir='ltr'>οὐδὲ</span> 
     </span>
    </p>
   </div>
   <div class='ocr_carea' id='block_1_52' title="bbox 291 3617 1862 3692">
    <p class='ocr_par' dir='ltr' id='par_1_52' title="bbox 291 3617 1862 3692">
     <span class='ocr_line' id='line_1_52' title="bbox 291 3617 1862 3692; baseline -0.001 -18"><span class='ocrx_word' id='word_1_367' title='bbox 291 3620 501 3685; x_wconf 79' lang='grc' dir='ltr'>τούτοις</span> <span class='ocrx_word' id='word_1_368' title='bbox 529 3620 837 3692; x_wconf 83' lang='grc' dir='ltr'>παρέδωκα,</span> <span class='ocrx_word' id='word_1_369' title='bbox 871 3617 944 3689; x_wconf 87' lang='grc' dir='ltr'>μὴ</span> <span class='ocrx_word' id='word_1_370' title='bbox 971 3618 1079 3671; x_wconf 92' lang='grc' dir='ltr'><strong>τῶν</strong></span> <span class='ocrx_word' id='word_1_371' title='bbox 1113 3619 1520 3689; x_wconf 82' lang='grc' dir='ltr'>ἁμαρτημάτων</span> <span class='ocrx_word' id='word_1_372' title='bbox 1544 3619 1694 3688; x_wconf 89' lang='grc' dir='ltr'>ὑμῶν</span> <span class='ocrx_word' id='word_1_373' title='bbox 1729 3635 1862 3691; x_wconf 89' lang='grc' dir='ltr'>προ-</span> 
     </span>
    </p>
   </div>
   <div class='ocr_carea' id='block_1_53' title="bbox 291 3710 1860 3781">
    <p class='ocr_par' dir='ltr' id='par_1_53' title="bbox 291 3710 1860 3781">
     <span class='ocr_line' id='line_1_53' title="bbox 291 3710 1860 3781; baseline -0.001 -15"><span class='ocrx_word' id='word_1_374' title='bbox 291 3712 598 3766; x_wconf 85' lang='grc' dir='ltr'>δεδωκότων</span> <span class='ocrx_word' id='word_1_375' title='bbox 620 3711 784 3781; x_wconf 86' lang='grc' dir='ltr'>ὑμᾶς·</span> <span class='ocrx_word' id='word_1_376' title='bbox 819 3711 900 3765; x_wconf 82' lang='grc' dir='ltr'><strong>ὅτι</strong></span> <span class='ocrx_word' id='word_1_377' title='bbox 925 3711 980 3763; x_wconf 86' lang='grc' dir='ltr'><strong>δέ</strong></span> <span class='ocrx_word' id='word_1_378' title='bbox 1005 3711 1159 3781; x_wconf 75' lang='grc' dir='ltr'>ῥᾳδία</span> <span class='ocrx_word' id='word_1_379' title='bbox 1185 3710 1335 3763; x_wconf 80' lang='grc' dir='ltr'>ἔσται</span> <span class='ocrx_word' id='word_1_380' title='bbox 1359 3711 1451 3764; x_wconf 75' lang='grc' dir='ltr'>καὶ</span> <span class='ocrx_word' id='word_1_381' title='bbox 1472 3713 1503 3769; x_wconf 85' lang='grc' dir='ltr'><strong>ἡ</strong></span> <span class='ocrx_word' id='word_1_382' title='bbox 1528 3711 1636 3764; x_wconf 84' lang='grc' dir='ltr'><strong>ἀπὸ</strong></span> <span class='ocrx_word' id='word_1_383' title='bbox 1657 3711 1860 3765; x_wconf 89' lang='grc' dir='ltr'>τούτων</span> 
     </span>
    </p>
   </div>
   <div class='ocr_carea' id='block_1_54' title="bbox 291 3801 1403 3874">
    <p class='ocr_par' dir='ltr' id='par_1_54' title="bbox 291 3801 1403 3874">
     <span class='ocr_line' id='line_1_54' title="bbox 291 3801 1403 3874; baseline 0.001 -16"><span class='ocrx_word' id='word_1_384' title='bbox 291 3803 602 3874; x_wconf 79' lang='grc' dir='ltr'>ἀπαλλαγὴ,</span> <span class='ocrx_word' id='word_1_385' title='bbox 631 3801 902 3871; x_wconf 84' lang='grc' dir='ltr'>γνώσεσθε</span> <span class='ocrx_word' id='word_1_386' title='bbox 931 3803 1403 3874; x_wconf 88' lang='grc' dir='ltr'>μετανενοηκότες.</span> 
     </span>
    </p>
   </div>
   <div class='ocr_carea' id='block_1_55' title="bbox 370 3978 1859 4052">
    <p class='ocr_par' dir='ltr' id='par_1_55' title="bbox 370 3978 1859 4052">
     <span class='ocr_line' id='line_1_55' title="bbox 370 3978 1859 4052; baseline 0.003 -21"><span class='ocrx_word' id='word_1_387' title='bbox 370 3979 439 4031; x_wconf 86' lang='grc' dir='ltr'><strong><em>Ἦ</em></strong></span> <span class='ocrx_word' id='word_1_388' title='bbox 462 3978 570 4050; x_wconf 84' lang='grc' dir='ltr'>γὰρ</span> <span class='ocrx_word' id='word_1_389' title='bbox 604 3978 724 4048; x_wconf 73' lang='grc' dir='ltr'>οὐχὶ</span> <span class='ocrx_word' id='word_1_390' title='bbox 747 3979 840 4031; x_wconf 75' lang='grc' dir='ltr'><strong>καὶ</strong></span> <span class='ocrx_word' id='word_1_391' title='bbox 868 3979 1142 4048; x_wconf 82' lang='grc' dir='ltr'>Ῥαψάκης</span> <span class='ocrx_word' id='word_1_392' title='bbox 1176 3980 1504 4051; x_wconf 85' lang='grc' dir='ltr'>ἀτονώτερόν</span> <span class='ocrx_word' id='word_1_393' title='bbox 1534 3999 1601 4052; x_wconf 87' lang='grc' dir='ltr'><strong>με</strong></span> <span class='ocrx_word' id='word_1_394' title='bbox 1633 3979 1741 4035; x_wconf 89' lang='grc' dir='ltr'><strong>τῶν</strong></span> <span class='ocrx_word' id='word_1_395' title='bbox 1774 3979 1859 4036; x_wconf 88' lang='grc' dir='ltr'>λε-</span> 
     </span>
    </p>
   </div>
   <div class='ocr_carea' id='block_1_56' title="bbox 291 4065 1857 4144">
    <p class='ocr_par' dir='ltr' id='par_1_56' title="bbox 291 4065 1857 4144">
     <span class='ocr_line' id='line_1_56' title="bbox 291 4065 1857 4144; baseline 0.001 -22"><span class='ocrx_word' id='word_1_396' title='bbox 291 4069 538 4141; x_wconf 82' lang='grc' dir='ltr'>γομένων</span> <span class='ocrx_word' id='word_1_397' title='bbox 564 4068 692 4140; x_wconf 87' lang='grc' dir='ltr'>παρ’</span> <span class='ocrx_word' id='word_1_398' title='bbox 720 4069 900 4129; x_wconf 84' lang='grc' dir='ltr'>αὐτοῖς</span> <span class='ocrx_word' id='word_1_399' title='bbox 928 4068 1063 4124; x_wconf 88' lang='grc' dir='ltr'>θεῶν</span> <span class='ocrx_word' id='word_1_400' title='bbox 1100 4065 1237 4123; x_wconf 82' lang='grc' dir='ltr'>εἶναι</span> <span class='ocrx_word' id='word_1_401' title='bbox 1270 4070 1517 4140; x_wconf 87' lang='grc' dir='ltr'>νενόμικε</span> <span class='ocrx_word' id='word_1_402' title='bbox 1550 4070 1740 4139; x_wconf 86' lang='grc' dir='ltr'>λέγων·</span> <span class='ocrx_word' id='word_1_403' title='bbox 1767 4071 1857 4144; x_wconf 82' lang='grc' dir='ltr'><strong>Μὴ</strong></span> 
     </span>
    </p>
   </div>
   <div class='ocr_carea' id='block_1_57' title="bbox 293 4159 1857 4234">
    <p class='ocr_par' dir='ltr' id='par_1_57' title="bbox 293 4159 1857 4234">
     <span class='ocr_line' id='line_1_57' title="bbox 293 4159 1857 4234; baseline 0.001 -20"><span class='ocrx_word' id='word_1_404' title='bbox 293 4162 437 4232; x_wconf 80' lang='grc' dir='ltr'>ὑμᾶς</span> <span class='ocrx_word' id='word_1_405' title='bbox 467 4160 728 4214; x_wconf 82' lang='grc' dir='ltr'>ἀπατάτω</span> <span class='ocrx_word' id='word_1_406' title='bbox 755 4159 1020 4222; x_wconf 75' lang='grc' dir='ltr'>Ἐζεκίας·</span> <span class='ocrx_word' id='word_1_407' title='bbox 1063 4177 1082 4212; x_wconf 78' lang='grc' dir='ltr'><strong>ι</strong></span> <span class='ocrx_word' id='word_1_408' title='bbox 1115 4159 1204 4230; x_wconf 84' lang='grc' dir='ltr'><strong>Μὴ</strong></span> <span class='ocrx_word' id='word_1_409' title='bbox 1237 4162 1266 4213; x_wconf 83' lang='grc' dir='ltr'>ὁ</span> <span class='ocrx_word' id='word_1_410' title='bbox 1297 4159 1428 4222; x_wconf 80' lang='grc' dir='ltr'>Θεὸς</span> <span class='ocrx_word' id='word_1_411' title='bbox 1449 4160 1602 4231; x_wconf 88' lang='grc' dir='ltr'>ὑμῶν</span> <span class='ocrx_word' id='word_1_412' title='bbox 1637 4161 1857 4234; x_wconf 77' lang='grc' dir='ltr'>ῥύσεται</span> 
     </span>
    </p>
   </div>
   <div class='ocr_carea' id='block_1_58' title="bbox 291 4249 1856 4325">
    <p class='ocr_par' dir='ltr' id='par_1_58' title="bbox 291 4249 1856 4325">
     <span class='ocr_line' id='line_1_58' title="bbox 291 4249 1856 4325; baseline 0.001 -20"><span class='ocrx_word' id='word_1_413' title='bbox 291 4253 471 4323; x_wconf 81' lang='grc' dir='ltr'>ὑμᾶς;</span> <span class='ocrx_word' id='word_1_414' title='bbox 507 4251 581 4323; x_wconf 84' lang='grc' dir='ltr'>μὴ</span> <span class='ocrx_word' id='word_1_415' title='bbox 611 4249 908 4323; x_wconf 76' lang='grc' dir='ltr'>ἐρρύσαντο</span> <span class='ocrx_word' id='word_1_416' title='bbox 935 4252 984 4303; x_wconf 87' lang='grc' dir='ltr'><strong>οἰ</strong></span> <span class='ocrx_word' id='word_1_417' title='bbox 1013 4249 1124 4303; x_wconf 80' lang='grc' dir='ltr'>θεοὶ</span> <span class='ocrx_word' id='word_1_418' title='bbox 1156 4250 1262 4303; x_wconf 90' lang='grc' dir='ltr'><strong>τῶν</strong></span> <span class='ocrx_word' id='word_1_419' title='bbox 1297 4251 1466 4304; x_wconf 89' lang='grc' dir='ltr'>ἐθνῶν</span> <span class='ocrx_word' id='word_1_420' title='bbox 1503 4253 1731 4317; x_wconf 76' lang='grc' dir='ltr'>ἕκαστος</span> <span class='ocrx_word' id='word_1_421' title='bbox 1761 4254 1856 4325; x_wconf 86' lang='grc' dir='ltr'><strong>τὴν</strong></span> 
     </span>
    </p>
   </div>
   <div class='ocr_carea' id='block_1_59' title="bbox 289 4343 1857 4417">
    <p class='ocr_par' dir='ltr' id='par_1_59' title="bbox 289 4343 1857 4417">
     <span class='ocr_line' id='line_1_59' title="bbox 289 4343 1857 4417; baseline 0.001 -19"><span class='ocrx_word' id='word_1_422' title='bbox 289 4343 488 4400; x_wconf 77' lang='grc' dir='ltr'>ἑαυτοῦ</span> <span class='ocrx_word' id='word_1_423' title='bbox 539 4343 754 4416; x_wconf 87' lang='grc' dir='ltr'>χώραν;</span> <span class='ocrx_word' id='word_1_424' title='bbox 809 4363 827 4396; x_wconf 69' lang='grc' dir='ltr'><strong>ι</strong></span> <span class='ocrx_word' id='word_1_425' title='bbox 871 4344 1084 4414; x_wconf 86' lang='grc' dir='ltr'>Ταύτης</span> <span class='ocrx_word' id='word_1_426' title='bbox 1130 4343 1308 4397; x_wconf 90' lang='grc' dir='ltr'>τοίνυν</span> <span class='ocrx_word' id='word_1_427' title='bbox 1359 4344 1458 4414; x_wconf 85' lang='grc' dir='ltr'><strong>τῆς</strong></span> <span class='ocrx_word' id='word_1_428' title='bbox 1513 4345 1857 4417; x_wconf 85' lang='grc' dir='ltr'>βλασφημίας</span> 
     </span>
    </p>
   </div>
   <div class='ocr_carea' id='block_1_60' title="bbox 1968 1875 2897 1950">
    <p class='ocr_par' dir='ltr' id='par_1_60' title="bbox 1968 1875 2897 1950">
     <span class='ocr_line' id='line_1_60' title="bbox 1968 1875 2897 1950; baseline 0.005 -22"><span class='ocrx_word' id='word_1_429' title='bbox 1968 1875 2341 1931; x_wconf 88' lang='lat' dir='ltr'><strong>liberationem</strong></span> <span class='ocrx_word' id='word_1_430' title='bbox 2372 1876 2440 1931; x_wconf 88' lang='lat' dir='ltr'><strong>ab</strong></span> <span class='ocrx_word' id='word_1_431' title='bbox 2468 1877 2547 1934; x_wconf 89' lang='lat' dir='ltr'><strong>eis</strong></span> <span class='ocrx_word' id='word_1_432' title='bbox 2568 1878 2897 1950; x_wconf 88' lang='lat' dir='ltr'><strong>depreceris.</strong></span> 
     </span>
    </p>
   </div>
   <div class='ocr_carea' id='block_1_61' title="bbox 2043 2047 3514 2121">
    <p class='ocr_par' dir='ltr' id='par_1_61' title="bbox 2043 2047 3514 2121">
     <span class='ocr_line' id='line_1_61' title="bbox 2043 2047 3514 2121; baseline 0.007 -18"><span class='ocrx_word' id='word_1_433' title='bbox 2043 2048 2173 2103; x_wconf 60' lang='lat' dir='ltr'><strong>Car.</strong></span> <span class='ocrx_word' id='word_1_434' title='bbox 2205 2047 2313 2114; x_wconf 72' lang='grc' dir='ltr'>ιιι,</span> <span class='ocrx_word' id='word_1_435' title='bbox 2352 2048 2515 2106; x_wconf 75' lang='lat' dir='ltr'><strong>Vens.</strong></span> <span class='ocrx_word' id='word_1_436' title='bbox 2538 2051 2586 2106; x_wconf 84' lang='grc'><strong>1.</strong></span> <span class='ocrx_word' id='word_1_437' title='bbox 2614 2051 2825 2110; x_wconf 80' lang='lat' dir='ltr'><strong>Rursus</strong></span> <span class='ocrx_word' id='word_1_438' title='bbox 2850 2055 3113 2121; x_wconf 87' lang='lat' dir='ltr'><strong>declarat,</strong></span> <span class='ocrx_word' id='word_1_439' title='bbox 3148 2056 3276 2112; x_wconf 90' lang='lat' dir='ltr'><strong>dum</strong></span> <span class='ocrx_word' id='word_1_440' title='bbox 3313 2073 3412 2115; x_wconf 89' lang='lat' dir='ltr'><strong>eos</strong></span> <span class='ocrx_word' id='word_1_441' title='bbox 3444 2073 3514 2116; x_wconf 75' lang='lat' dir='ltr'><strong>ex</strong></span> 
     </span>
    </p>
   </div>
   <div class='ocr_carea' id='block_1_62' title="bbox 1965 2138 3524 2220">
    <p class='ocr_par' dir='ltr' id='par_1_62' title="bbox 1965 2138 3524 2220">
     <span class='ocr_line' id='line_1_62' title="bbox 1965 2138 3524 2220; baseline 0.01 -29"><span class='ocrx_word' id='word_1_442' title='bbox 1965 2138 2237 2203; x_wconf 88' lang='lat' dir='ltr'><strong>hortatur,</strong></span> <span class='ocrx_word' id='word_1_443' title='bbox 2268 2138 2496 2196; x_wconf 85' lang='lat' dir='ltr'><strong>libenter</strong></span> <span class='ocrx_word' id='word_1_444' title='bbox 2521 2141 2670 2212; x_wconf 89' lang='lat' dir='ltr'><strong>ipsos</strong></span> <span class='ocrx_word' id='word_1_445' title='bbox 2689 2143 2742 2197; x_wconf 93' lang='lat' dir='ltr'><strong>in</strong></span> <span class='ocrx_word' id='word_1_446' title='bbox 2760 2145 3093 2201; x_wconf 89' lang='lat' dir='ltr'><strong>calamitates</strong></span> <span class='ocrx_word' id='word_1_447' title='bbox 3113 2162 3231 2203; x_wconf 90' lang='lat' dir='ltr'><strong>esse</strong></span> <span class='ocrx_word' id='word_1_448' title='bbox 3249 2147 3524 2220; x_wconf 86' lang='lat' dir='ltr'><strong>delapsos.</strong></span> 
     </span>
    </p>
   </div>
   <div class='ocr_carea' id='block_1_63' title="bbox 1967 2227 3526 2306">
    <p class='ocr_par' dir='ltr' id='par_1_63' title="bbox 1967 2227 3526 2306">
     <span class='ocr_line' id='line_1_63' title="bbox 1967 2227 3526 2306; baseline 0.011 -25"><span class='ocrx_word' id='word_1_449' title='bbox 1967 2227 2122 2294; x_wconf 83' lang='lat' dir='ltr'><strong>Quod</strong></span> <span class='ocrx_word' id='word_1_450' title='bbox 2151 2229 2198 2284; x_wconf 92' lang='lat' dir='ltr'><strong>si</strong></span> <span class='ocrx_word' id='word_1_451' title='bbox 2230 2231 2372 2285; x_wconf 86' lang='lat' dir='ltr'><strong>enim</strong></span> <span class='ocrx_word' id='word_1_452' title='bbox 2396 2231 2465 2286; x_wconf 88' lang='lat' dir='ltr'><strong>ab</strong></span> <span class='ocrx_word' id='word_1_453' title='bbox 2485 2233 2592 2287; x_wconf 91' lang='lat' dir='ltr'><strong>alio</strong></span> <span class='ocrx_word' id='word_1_454' title='bbox 2607 2233 2799 2304; x_wconf 90' lang='lat' dir='ltr'><strong>quovis</strong></span> <span class='ocrx_word' id='word_1_455' title='bbox 2823 2236 3277 2306; x_wconf 84' lang='lat' dir='ltr'><strong>opprimerentur,</strong></span> <span class='ocrx_word' id='word_1_456' title='bbox 3295 2255 3403 2295; x_wconf 92' lang='lat' dir='ltr'><strong>non</strong></span> <span class='ocrx_word' id='word_1_457' title='bbox 3432 2257 3526 2298; x_wconf 90' lang='lat' dir='ltr'><strong>eos</strong></span> 
     </span>
    </p>
   </div>
   <div class='ocr_carea' id='block_1_64' title="bbox 1966 2322 3525 2402">
    <p class='ocr_par' dir='ltr' id='par_1_64' title="bbox 1966 2322 3525 2402">
     <span class='ocr_line' id='line_1_64' title="bbox 1966 2322 3525 2402; baseline 0.01 -29"><span class='ocrx_word' id='word_1_458' title='bbox 1966 2335 2262 2391; x_wconf 80' lang='lat' dir='ltr'><strong>exsurgere</strong></span> <span class='ocrx_word' id='word_1_459' title='bbox 2329 2322 2581 2392; x_wconf 71' lang='lat' dir='ltr'><strong>iuberet,</strong></span> <span class='ocrx_word' id='word_1_460' title='bbox 2640 2325 2735 2380; x_wconf 86' lang='lat' dir='ltr'><strong>sed</strong></span> <span class='ocrx_word' id='word_1_461' title='bbox 2793 2336 3044 2397; x_wconf 83' lang='lat' dir='ltr'><strong>argueret</strong></span> <span class='ocrx_word' id='word_1_462' title='bbox 3097 2331 3525 2402; x_wconf 82' lang='lat' dir='ltr'><strong>opprimentem;</strong></span> 
     </span>
    </p>
   </div>
   <div class='ocr_carea' id='block_1_65' title="bbox 1968 2416 3524 2494">
    <p class='ocr_par' dir='ltr' id='par_1_65' title="bbox 1968 2416 3524 2494">
     <span class='ocr_line' id='line_1_65' title="bbox 1968 2416 3524 2494; baseline 0.009 -27"><span class='ocrx_word' id='word_1_463' title='bbox 1968 2428 2116 2468; x_wconf 92' lang='lat' dir='ltr'><strong>nunc</strong></span> <span class='ocrx_word' id='word_1_464' title='bbox 2141 2429 2270 2468; x_wconf 88' lang='lat' dir='ltr'><strong>vero</strong></span> <span class='ocrx_word' id='word_1_465' title='bbox 2304 2429 2426 2469; x_wconf 88' lang='lat' dir='ltr'><strong>eum</strong></span> <span class='ocrx_word' id='word_1_466' title='bbox 2461 2416 2740 2474; x_wconf 80' lang='lat' dir='ltr'><strong>voluntate</strong></span> <span class='ocrx_word' id='word_1_467' title='bbox 2767 2435 2863 2475; x_wconf 89' lang='lat' dir='ltr'><strong>sua</strong></span> <span class='ocrx_word' id='word_1_468' title='bbox 2889 2420 2944 2474; x_wconf 90' lang='lat' dir='ltr'><strong>in</strong></span> <span class='ocrx_word' id='word_1_469' title='bbox 2981 2421 3138 2477; x_wconf 90' lang='lat' dir='ltr'><strong>malis</strong></span> <span class='ocrx_word' id='word_1_470' title='bbox 3166 2422 3524 2494; x_wconf 83' lang='lat' dir='ltr'><strong>detineantur,</strong></span> 
     </span>
    </p>
   </div>
   <div class='ocr_carea' id='block_1_66' title="bbox 1969 2513 2761 2581">
    <p class='ocr_par' dir='ltr' id='par_1_66' title="bbox 1969 2513 2761 2581">
     <span class='ocr_line' id='line_1_66' title="bbox 1969 2513 2761 2581; baseline 0.01 -21"><span class='ocrx_word' id='word_1_471' title='bbox 1969 2515 2027 2560; x_wconf 91' lang='lat' dir='ltr'><strong>ut</strong></span> <span class='ocrx_word' id='word_1_472' title='bbox 2067 2519 2362 2578; x_wconf 76' lang='lat' dir='ltr'><strong>exsurgant</strong></span> <span class='ocrx_word' id='word_1_473' title='bbox 2397 2520 2521 2581; x_wconf 90' lang='lat' dir='ltr'><strong>apte</strong></span> <span class='ocrx_word' id='word_1_474' title='bbox 2553 2513 2761 2568; x_wconf 88' lang='lat' dir='ltr'><strong>suadet.</strong></span> 
     </span>
    </p>
   </div>
   <div class='ocr_carea' id='block_1_67' title="bbox 2040 2598 3531 2682">
    <p class='ocr_par' dir='ltr' id='par_1_67' title="bbox 2040 2598 3531 2682">
     <span class='ocr_line' id='line_1_67' title="bbox 2040 2598 3531 2682; baseline 0.011 -30"><span class='ocrx_word' id='word_1_475' title='bbox 2040 2598 2208 2657; x_wconf 77' lang='lat' dir='ltr'><strong>Vsns.</strong></span> <span class='ocrx_word' id='word_1_476' title='bbox 2239 2601 2294 2657; x_wconf 74' lang='grc'><strong>2.</strong></span> <span class='ocrx_word' id='word_1_477' title='bbox 2332 2601 2612 2658; x_wconf 90' lang='lat' dir='ltr'><strong>Pulverem</strong></span> <span class='ocrx_word' id='word_1_478' title='bbox 2646 2616 2860 2672; x_wconf 81' lang='lat' dir='ltr'><strong>excute,</strong></span> <span class='ocrx_word' id='word_1_479' title='bbox 2888 2617 2941 2663; x_wconf 91' lang='lat' dir='ltr'><strong>et</strong></span> <span class='ocrx_word' id='word_1_480' title='bbox 2975 2609 3148 2679; x_wconf 89' lang='lat' dir='ltr'><strong>abjice</strong></span> <span class='ocrx_word' id='word_1_481' title='bbox 3171 2650 3185 2674; x_wconf 93' lang='lat'><strong>,</strong></span> <span class='ocrx_word' id='word_1_482' title='bbox 3233 2627 3389 2682; x_wconf 90' lang='lat' dir='ltr'><strong>quem</strong></span> <span class='ocrx_word' id='word_1_483' title='bbox 3439 2629 3531 2669; x_wconf 86' lang='lat' dir='ltr'><strong>ca-</strong></span> 
     </span>
    </p>
   </div>
   <div class='ocr_carea' id='block_1_68' title="bbox 1967 2690 3526 2772">
    <p class='ocr_par' dir='ltr' id='par_1_68' title="bbox 1967 2690 3526 2772">
     <span class='ocr_line' id='line_1_68' title="bbox 1967 2690 3526 2772; baseline 0.01 -26"><span class='ocrx_word' id='word_1_484' title='bbox 1967 2690 2102 2747; x_wconf 87' lang='lat' dir='ltr'><strong>dens</strong></span> <span class='ocrx_word' id='word_1_485' title='bbox 2149 2693 2446 2763; x_wconf 84' lang='lat' dir='ltr'><strong>collegisti;</strong></span> <span class='ocrx_word' id='word_1_486' title='bbox 2496 2705 2548 2750; x_wconf 90' lang='lat' dir='ltr'><strong>et</strong></span> <span class='ocrx_word' id='word_1_487' title='bbox 2600 2697 2799 2766; x_wconf 93' lang='lat' dir='ltr'><strong>quibus</strong></span> <span class='ocrx_word' id='word_1_488' title='bbox 2871 2701 3151 2770; x_wconf 88' lang='lat' dir='ltr'><strong>temetipse</strong></span> <span class='ocrx_word' id='word_1_489' title='bbox 3193 2702 3526 2772; x_wconf 78' lang='lat' dir='ltr'><strong>devinxisti,</strong></span> 
     </span>
    </p>
   </div>
   <div class='ocr_carea' id='block_1_69' title="bbox 1968 2783 3529 2860">
    <p class='ocr_par' dir='ltr' id='par_1_69' title="bbox 1968 2783 3529 2860">
     <span class='ocr_line' id='line_1_69' title="bbox 1968 2783 3529 2860; baseline 0.009 -22"><span class='ocrx_word' id='word_1_490' title='bbox 1968 2783 2117 2838; x_wconf 86' lang='lat' dir='ltr'><strong>solve</strong></span> <span class='ocrx_word' id='word_1_491' title='bbox 2143 2785 2392 2850; x_wconf 86' lang='lat' dir='ltr'><strong>vincula,</strong></span> <span class='ocrx_word' id='word_1_492' title='bbox 2433 2794 2595 2842; x_wconf 80' lang='lat' dir='ltr'><strong>exuto</strong></span> <span class='ocrx_word' id='word_1_493' title='bbox 2638 2788 2772 2860; x_wconf 90' lang='lat' dir='ltr'><strong>jugo</strong></span> <span class='ocrx_word' id='word_1_494' title='bbox 2799 2791 2887 2845; x_wconf 93' lang='lat' dir='ltr'><strong>cui</strong></span> <span class='ocrx_word' id='word_1_495' title='bbox 2935 2793 3136 2847; x_wconf 91' lang='lat' dir='ltr'><strong>collum</strong></span> <span class='ocrx_word' id='word_1_496' title='bbox 3165 2801 3320 2849; x_wconf 90' lang='lat' dir='ltr'><strong>tuum</strong></span> <span class='ocrx_word' id='word_1_497' title='bbox 3354 2797 3529 2853; x_wconf 88' lang='lat' dir='ltr'><strong>liben-</strong></span> 
     </span>
    </p>
   </div>
   <div class='ocr_carea' id='block_1_70' title="bbox 1967 2861 3530 2959">
    <p class='ocr_par' dir='ltr' id='par_1_70' title="bbox 1967 2861 3530 2959">
     <span class='ocr_line' id='line_1_70' title="bbox 1967 2861 3530 2959; baseline 0.01 -31"><span class='ocrx_word' id='word_1_498' title='bbox 1967 2861 2055 2929; x_wconf 86' lang='lat' dir='ltr'><strong>ter</strong></span> <span class='ocrx_word' id='word_1_499' title='bbox 2075 2875 2423 2944; x_wconf 88' lang='lat' dir='ltr'><strong>subjeceras;</strong></span> <span class='ocrx_word' id='word_1_500' title='bbox 2453 2878 2525 2931; x_wconf 92' lang='lat' dir='ltr'><strong>ita</strong></span> <span class='ocrx_word' id='word_1_501' title='bbox 2553 2893 2712 2948; x_wconf 86' lang='lat' dir='ltr'><strong>quam</strong></span> <span class='ocrx_word' id='word_1_502' title='bbox 2741 2881 2838 2935; x_wconf 93' lang='lat' dir='ltr'><strong>tibi</strong></span> <span class='ocrx_word' id='word_1_503' title='bbox 2886 2898 3267 2952; x_wconf 88' lang='lat' dir='ltr'><strong>promerueras</strong></span> <span class='ocrx_word' id='word_1_504' title='bbox 3301 2889 3530 2959; x_wconf 85' lang='lat' dir='ltr'><strong>captivi-</strong></span> 
     </span>
    </p>
   </div>
   <div class='ocr_carea' id='block_1_71' title="bbox 1968 2971 3531 3046">
    <p class='ocr_par' dir='ltr' id='par_1_71' title="bbox 1968 2971 3531 3046">
     <span class='ocr_line' id='line_1_71' title="bbox 1968 2971 3531 3046; baseline 0.012 -26"><span class='ocrx_word' id='word_1_505' title='bbox 1968 2975 2131 3022; x_wconf 88' lang='lat' dir='ltr'><strong>tatem</strong></span> <span class='ocrx_word' id='word_1_506' title='bbox 2156 2983 2251 3039; x_wconf 90' lang='lat' dir='ltr'><strong>per</strong></span> <span class='ocrx_word' id='word_1_507' title='bbox 2282 2971 2649 3039; x_wconf 73' lang='lat' dir='ltr'><strong>pmnitentiam</strong></span> <span class='ocrx_word' id='word_1_508' title='bbox 2681 2973 2880 3029; x_wconf 88' lang='lat' dir='ltr'><strong>solves.</strong></span> <span class='ocrx_word' id='word_1_509' title='bbox 2914 2973 3033 3031; x_wconf 88' lang='lat' dir='ltr'><strong>Non</strong></span> <span class='ocrx_word' id='word_1_510' title='bbox 3058 2979 3197 3032; x_wconf 87' lang='lat' dir='ltr'><strong>enim</strong></span> <span class='ocrx_word' id='word_1_511' title='bbox 3234 2980 3386 3046; x_wconf 92' lang='lat' dir='ltr'><strong>olim,</strong></span> <span class='ocrx_word' id='word_1_512' title='bbox 3423 2997 3531 3038; x_wconf 68' lang='lat' dir='ltr'><strong>aere</strong></span> 
     </span>
    </p>
   </div>
   <div class='ocr_carea' id='block_1_72' title="bbox 1967 3063 3530 3142">
    <p class='ocr_par' dir='ltr' id='par_1_72' title="bbox 1967 3063 3530 3142">
     <span class='ocr_line' id='line_1_72' title="bbox 1967 3063 3530 3142; baseline 0.01 -30"><span class='ocrx_word' id='word_1_513' title='bbox 1967 3067 2213 3131; x_wconf 89' lang='lat' dir='ltr'><strong>accepto,</strong></span> <span class='ocrx_word' id='word_1_514' title='bbox 2243 3076 2276 3114; x_wconf 94' lang='lat' dir='ltr'><strong>a</strong></span> <span class='ocrx_word' id='word_1_515' title='bbox 2305 3077 2392 3117; x_wconf 89' lang='lat' dir='ltr'><strong>me</strong></span> <span class='ocrx_word' id='word_1_516' title='bbox 2435 3063 2733 3118; x_wconf 88' lang='lat' dir='ltr'><strong>venundati</strong></span> <span class='ocrx_word' id='word_1_517' title='bbox 2774 3065 2909 3122; x_wconf 89' lang='lat' dir='ltr'><strong>estis</strong></span> <span class='ocrx_word' id='word_1_518' title='bbox 2934 3110 2949 3134; x_wconf 93' lang='lat'><strong>,</strong></span> <span class='ocrx_word' id='word_1_519' title='bbox 2990 3068 3087 3124; x_wconf 90' lang='lat' dir='ltr'><strong>sed</strong></span> <span class='ocrx_word' id='word_1_520' title='bbox 3124 3079 3343 3141; x_wconf 89' lang='lat' dir='ltr'><strong>propter</strong></span> <span class='ocrx_word' id='word_1_521' title='bbox 3384 3073 3530 3142; x_wconf 85' lang='lat' dir='ltr'><strong>ipso-</strong></span> 
     </span>
    </p>
   </div>
   <div class='ocr_carea' id='block_1_73' title="bbox 1966 3160 3533 3236">
    <p class='ocr_par' dir='ltr' id='par_1_73' title="bbox 1966 3160 3533 3236">
     <span class='ocr_line' id='line_1_73' title="bbox 1966 3160 3533 3236; baseline 0.012 -35"><span class='ocrx_word' id='word_1_522' title='bbox 1966 3165 2086 3203; x_wconf 88' lang='lat' dir='ltr'><strong>rum</strong></span> <span class='ocrx_word' id='word_1_523' title='bbox 2117 3160 2295 3205; x_wconf 90' lang='lat' dir='ltr'><strong>vestra</strong></span> <span class='ocrx_word' id='word_1_524' title='bbox 2325 3161 2582 3220; x_wconf 88' lang='lat' dir='ltr'><strong>peccata;</strong></span> <span class='ocrx_word' id='word_1_525' title='bbox 2614 3171 2734 3224; x_wconf 75' lang='lat' dir='ltr'><strong>qua:</strong></span> <span class='ocrx_word' id='word_1_526' title='bbox 2760 3164 2938 3212; x_wconf 89' lang='lat' dir='ltr'><strong>tamen</strong></span> <span class='ocrx_word' id='word_1_527' title='bbox 2973 3160 3349 3229; x_wconf 66' lang='lat' dir='ltr'><strong>paenitentiam</strong></span> <span class='ocrx_word' id='word_1_528' title='bbox 3377 3178 3533 3236; x_wconf 88' lang='lat' dir='ltr'><strong>agen-</strong></span> 
     </span>
    </p>
   </div>
   <div class='ocr_carea' id='block_1_74' title="bbox 1967 3241 3400 3320">
    <p class='ocr_par' dir='ltr' id='par_1_74' title="bbox 1967 3241 3400 3320">
     <span class='ocr_line' id='line_1_74' title="bbox 1967 3241 3400 3320; baseline 0.013 -28"><span class='ocrx_word' id='word_1_529' title='bbox 1967 3241 2114 3295; x_wconf 83' lang='lat' dir='ltr'><strong>tibus</strong></span> <span class='ocrx_word' id='word_1_530' title='bbox 2140 3241 2440 3312; x_wconf 87' lang='lat' dir='ltr'><strong>ignoscam,</strong></span> <span class='ocrx_word' id='word_1_531' title='bbox 2465 3253 2516 3298; x_wconf 90' lang='lat' dir='ltr'><strong>et</strong></span> <span class='ocrx_word' id='word_1_532' title='bbox 2545 3260 2642 3301; x_wconf 89' lang='lat' dir='ltr'><strong>vos</strong></span> <span class='ocrx_word' id='word_1_533' title='bbox 2674 3246 2742 3302; x_wconf 90' lang='lat' dir='ltr'><strong>de</strong></span> <span class='ocrx_word' id='word_1_534' title='bbox 2770 3249 3084 3320; x_wconf 85' lang='lat' dir='ltr'><strong>captivitate</strong></span> <span class='ocrx_word' id='word_1_535' title='bbox 3113 3255 3400 3311; x_wconf 88' lang='lat' dir='ltr'><strong>revocabo.</strong></span> 
     </span>
    </p>
   </div>
   <div class='ocr_carea' id='block_1_75' title="bbox 2035 3421 3529 3503">
    <p class='ocr_par' dir='ltr' id='par_1_75' title="bbox 2035 3421 3529 3503">
     <span class='ocr_line' id='line_1_75' title="bbox 2035 3421 3529 3503; baseline 0.015 -29"><span class='ocrx_word' id='word_1_536' title='bbox 2035 3421 2202 3479; x_wconf 76' lang='lat' dir='ltr'><strong>Vens.</strong></span> <span class='ocrx_word' id='word_1_537' title='bbox 2261 3424 2312 3477; x_wconf 73' lang='grc'><strong>4.</strong></span> <span class='ocrx_word' id='word_1_538' title='bbox 2365 3423 2475 3480; x_wconf 87' lang='lat' dir='ltr'><strong>Vos</strong></span> <span class='ocrx_word' id='word_1_539' title='bbox 2529 3427 2794 3485; x_wconf 89' lang='lat' dir='ltr'><strong>violenter</strong></span> <span class='ocrx_word' id='word_1_540' title='bbox 2847 3431 2899 3484; x_wconf 93' lang='lat' dir='ltr'><strong>in</strong></span> <span class='ocrx_word' id='word_1_541' title='bbox 2957 3431 3212 3503; x_wconf 83' lang='lat' dir='ltr'><strong>Assyrios</strong></span> <span class='ocrx_word' id='word_1_542' title='bbox 3264 3437 3529 3497; x_wconf 86' lang='lat' dir='ltr'><strong>abductos</strong></span> 
     </span>
    </p>
   </div>
   <div class='ocr_carea' id='block_1_76' title="bbox 1968 3514 3530 3604">
    <p class='ocr_par' dir='ltr' id='par_1_76' title="bbox 1968 3514 3530 3604">
     <span class='ocr_line' id='line_1_76' title="bbox 1968 3514 3530 3604; baseline 0.012 -36"><span class='ocrx_word' id='word_1_543' title='bbox 1968 3514 2138 3570; x_wconf 90' lang='lat' dir='ltr'><strong>fuisse</strong></span> <span class='ocrx_word' id='word_1_544' title='bbox 2173 3531 2292 3571; x_wconf 91' lang='lat' dir='ltr'><strong>meo</strong></span> <span class='ocrx_word' id='word_1_545' title='bbox 2334 3519 2552 3588; x_wconf 89' lang='lat' dir='ltr'><strong>quidem</strong></span> <span class='ocrx_word' id='word_1_546' title='bbox 2591 3522 2880 3590; x_wconf 89' lang='lat' dir='ltr'><strong>permisso,</strong></span> <span class='ocrx_word' id='word_1_547' title='bbox 2908 3533 3086 3579; x_wconf 77' lang='lat' dir='ltr'><strong>vestra</strong></span> <span class='ocrx_word' id='word_1_548' title='bbox 3139 3536 3318 3584; x_wconf 91' lang='lat' dir='ltr'><strong>autem</strong></span> <span class='ocrx_word' id='word_1_549' title='bbox 3370 3533 3530 3604; x_wconf 91' lang='lat' dir='ltr'><strong>culpa</strong></span> 
     </span>
    </p>
   </div>
   <div class='ocr_carea' id='block_1_77' title="bbox 1968 3609 3529 3688">
    <p class='ocr_par' dir='ltr' id='par_1_77' title="bbox 1968 3609 3529 3688">
     <span class='ocr_line' id='line_1_77' title="bbox 1968 3609 3529 3688; baseline 0.013 -26"><span class='ocrx_word' id='word_1_550' title='bbox 1968 3609 2169 3664; x_wconf 85' lang='lat' dir='ltr'><strong>factum</strong></span> <span class='ocrx_word' id='word_1_551' title='bbox 2199 3619 2316 3678; x_wconf 88' lang='lat' dir='ltr'><strong>est;</strong></span> <span class='ocrx_word' id='word_1_552' title='bbox 2349 3627 2458 3667; x_wconf 92' lang='lat' dir='ltr'><strong>non</strong></span> <span class='ocrx_word' id='word_1_553' title='bbox 2485 3615 2626 3668; x_wconf 90' lang='lat' dir='ltr'><strong>enim</strong></span> <span class='ocrx_word' id='word_1_554' title='bbox 2653 3631 2749 3671; x_wconf 83' lang='lat' dir='ltr'><strong>vos</strong></span> <span class='ocrx_word' id='word_1_555' title='bbox 2775 3615 2882 3673; x_wconf 90' lang='lat' dir='ltr'><strong>illis</strong></span> <span class='ocrx_word' id='word_1_556' title='bbox 2917 3619 3285 3688; x_wconf 89' lang='lat' dir='ltr'><strong>tradidissem,</strong></span> <span class='ocrx_word' id='word_1_557' title='bbox 3304 3627 3410 3681; x_wconf 89' lang='lat' dir='ltr'><strong>nisi</strong></span> <span class='ocrx_word' id='word_1_558' title='bbox 3434 3643 3529 3683; x_wconf 90' lang='lat' dir='ltr'><strong>vos</strong></span> 
     </span>
    </p>
   </div>
   <div class='ocr_carea' id='block_1_78' title="bbox 1965 3705 3528 3786">
    <p class='ocr_par' dir='ltr' id='par_1_78' title="bbox 1965 3705 3528 3786">
     <span class='ocr_line' id='line_1_78' title="bbox 1965 3705 3528 3786; baseline 0.013 -30"><span class='ocrx_word' id='word_1_559' title='bbox 1965 3705 2117 3774; x_wconf 90' lang='lat' dir='ltr'><strong>prius</strong></span> <span class='ocrx_word' id='word_1_560' title='bbox 2171 3713 2392 3774; x_wconf 85' lang='lat' dir='ltr'><strong>peccata</strong></span> <span class='ocrx_word' id='word_1_561' title='bbox 2438 3713 2618 3761; x_wconf 88' lang='lat' dir='ltr'><strong>vestra</strong></span> <span class='ocrx_word' id='word_1_562' title='bbox 2675 3709 3079 3780; x_wconf 89' lang='lat' dir='ltr'><strong>prodidissent;</strong></span> <span class='ocrx_word' id='word_1_563' title='bbox 3132 3731 3293 3786; x_wconf 91' lang='lat' dir='ltr'><strong>quam</strong></span> <span class='ocrx_word' id='word_1_564' title='bbox 3352 3719 3528 3777; x_wconf 80' lang='lat' dir='ltr'><strong>facilis</strong></span> 
     </span>
    </p>
   </div>
   <div class='ocr_carea' id='block_1_79' title="bbox 1963 3797 3520 3880">
    <p class='ocr_par' dir='ltr' id='par_1_79' title="bbox 1963 3797 3520 3880">
     <span class='ocr_line' id='line_1_79' title="bbox 1963 3797 3520 3880; baseline 0.013 -32"><span class='ocrx_word' id='word_1_565' title='bbox 1963 3808 2140 3851; x_wconf 87' lang='lat' dir='ltr'><strong>autem</strong></span> <span class='ocrx_word' id='word_1_566' title='bbox 2169 3797 2240 3852; x_wconf 86' lang='lat' dir='ltr'><strong>sit</strong></span> <span class='ocrx_word' id='word_1_567' title='bbox 2266 3797 2335 3852; x_wconf 90' lang='lat' dir='ltr'><strong>ab</strong></span> <span class='ocrx_word' id='word_1_568' title='bbox 2365 3797 2486 3853; x_wconf 89' lang='lat' dir='ltr'><strong>istis</strong></span> <span class='ocrx_word' id='word_1_569' title='bbox 2526 3799 2775 3857; x_wconf 87' lang='lat' dir='ltr'><strong>liberatio</strong></span> <span class='ocrx_word' id='word_1_570' title='bbox 2797 3843 2813 3868; x_wconf 95' lang='lat'><strong>,</strong></span> <span class='ocrx_word' id='word_1_571' title='bbox 2851 3805 3132 3862; x_wconf 84' lang='lat' dir='ltr'><strong>conversis</strong></span> <span class='ocrx_word' id='word_1_572' title='bbox 3178 3809 3395 3880; x_wconf 90' lang='lat' dir='ltr'><strong>animis,</strong></span> <span class='ocrx_word' id='word_1_573' title='bbox 3423 3828 3520 3869; x_wconf 80' lang='lat' dir='ltr'><strong>ex-</strong></span> 
     </span>
    </p>
   </div>
   <div class='ocr_carea' id='block_1_80' title="bbox 1963 3889 2263 3958">
    <p class='ocr_par' dir='ltr' id='par_1_80' title="bbox 1963 3889 2263 3958">
     <span class='ocr_line' id='line_1_80' title="bbox 1963 3889 2263 3958; baseline 0.007 -18"><span class='ocrx_word' id='word_1_574' title='bbox 1963 3889 2263 3958; x_wconf 89' lang='lat' dir='ltr'><strong>pericmini.</strong></span> 
     </span>
    </p>
   </div>
   <div class='ocr_carea' id='block_1_81' title="bbox 1961 3980 3528 4058">
    <p class='ocr_par' dir='ltr' id='par_1_81' title="bbox 1961 3980 3528 4058">
     <span class='ocr_line' id='line_1_81' title="bbox 1961 3980 3528 4058; baseline 0.011 -24"><span class='ocrx_word' id='word_1_575' title='bbox 1961 3987 1994 4051; x_wconf 64' lang='grc' dir='ltr'><strong>ς,</strong></span> <span class='ocrx_word' id='word_1_576' title='bbox 2038 3980 2205 4036; x_wconf 68' lang='grc' dir='ltr'>νεπε.</span> <span class='ocrx_word' id='word_1_577' title='bbox 2331 3981 2524 4038; x_wconf 85' lang='lat' dir='ltr'><strong>Nonne</strong></span> <span class='ocrx_word' id='word_1_578' title='bbox 2551 3999 2637 4040; x_wconf 91' lang='lat' dir='ltr'><strong>me</strong></span> <span class='ocrx_word' id='word_1_579' title='bbox 2665 3983 2978 4058; x_wconf 79' lang='lat' dir='ltr'><strong>Rhapsaces</strong></span> <span class='ocrx_word' id='word_1_580' title='bbox 3001 3989 3315 4048; x_wconf 89' lang='lat' dir='ltr'><strong>debiliorem</strong></span> <span class='ocrx_word' id='word_1_581' title='bbox 3337 3997 3496 4052; x_wconf 80' lang='lat' dir='ltr'><strong>existi</strong></span> <span class='ocrx_word' id='word_1_582' title='bbox 3514 4025 3528 4038; x_wconf 89' lang='lat'><strong>-</strong></span> 
     </span>
    </p>
   </div>
   <div class='ocr_carea' id='block_1_82' title="bbox 1963 4074 3527 4150">
    <p class='ocr_par' dir='ltr' id='par_1_82' title="bbox 1963 4074 3527 4150">
     <span class='ocr_line' id='line_1_82' title="bbox 1963 4074 3527 4150; baseline 0.013 -24"><span class='ocrx_word' id='word_1_583' title='bbox 1963 4074 2129 4127; x_wconf 84' lang='lat' dir='ltr'><strong>mavit</strong></span> <span class='ocrx_word' id='word_1_584' title='bbox 2163 4074 2358 4139; x_wconf 91' lang='lat' dir='ltr'><strong>idolis,</strong></span> <span class='ocrx_word' id='word_1_585' title='bbox 2390 4091 2510 4146; x_wconf 67' lang='lat' dir='ltr'><strong>quae</strong></span> <span class='ocrx_word' id='word_1_586' title='bbox 2561 4077 2703 4148; x_wconf 89' lang='lat' dir='ltr'><strong>apud</strong></span> <span class='ocrx_word' id='word_1_587' title='bbox 2751 4089 2938 4150; x_wconf 82' lang='lat' dir='ltr'><strong>gentes</strong></span> <span class='ocrx_word' id='word_1_588' title='bbox 2987 4082 3062 4136; x_wconf 89' lang='lat' dir='ltr'><strong>dii</strong></span> <span class='ocrx_word' id='word_1_589' title='bbox 3111 4083 3414 4141; x_wconf 85' lang='lat' dir='ltr'><strong>habentur?</strong></span> <span class='ocrx_word' id='word_1_590' title='bbox 3449 4089 3527 4148; x_wconf 88' lang='lat' dir='ltr'><strong>Ne</strong></span> 
     </span>
    </p>
   </div>
   <div class='ocr_carea' id='block_1_83' title="bbox 1965 4165 3528 4256">
    <p class='ocr_par' dir='ltr' id='par_1_83' title="bbox 1965 4165 3528 4256">
     <span class='ocr_line' id='line_1_83' title="bbox 1965 4165 3528 4256; baseline 0.012 -36"><span class='ocrx_word' id='word_1_591' title='bbox 1965 4181 2060 4220; x_wconf 84' lang='lat' dir='ltr'><strong>vos</strong></span> <span class='ocrx_word' id='word_1_592' title='bbox 2105 4165 2342 4237; x_wconf 86' lang='lat' dir='ltr'><strong>decipiat</strong></span> <span class='ocrx_word' id='word_1_593' title='bbox 2387 4167 2627 4256; x_wconf 58' lang='lat' dir='ltr'><strong>Ezecias,</strong></span> <span class='ocrx_word' id='word_1_594' title='bbox 2673 4171 2881 4226; x_wconf 89' lang='lat' dir='ltr'><strong>aiebat:</strong></span> <span class='ocrx_word' id='word_1_595' title='bbox 2919 4190 2938 4224; x_wconf 81' lang='grc' dir='ltr'><strong>ι</strong></span> <span class='ocrx_word' id='word_1_596' title='bbox 2967 4173 3221 4246; x_wconf 85' lang='lat' dir='ltr'><strong>Nunquid</strong></span> <span class='ocrx_word' id='word_1_597' title='bbox 3251 4195 3348 4235; x_wconf 89' lang='lat' dir='ltr'><strong>vos</strong></span> <span class='ocrx_word' id='word_1_598' title='bbox 3385 4180 3528 4238; x_wconf 89' lang='lat' dir='ltr'><strong>Deus</strong></span> 
     </span>
    </p>
   </div>
   <div class='ocr_carea' id='block_1_84' title="bbox 1963 4259 3521 4341">
    <p class='ocr_par' dir='ltr' id='par_1_84' title="bbox 1963 4259 3521 4341">
     <span class='ocr_line' id='line_1_84' title="bbox 1963 4259 3521 4341; baseline 0.01 -29"><span class='ocrx_word' id='word_1_599' title='bbox 1963 4265 2142 4313; x_wconf 87' lang='lat' dir='ltr'><strong>vester</strong></span> <span class='ocrx_word' id='word_1_600' title='bbox 2197 4260 2459 4315; x_wconf 80' lang='lat' dir='ltr'><strong>erueret?</strong></span> <span class='ocrx_word' id='word_1_601' title='bbox 2519 4259 2776 4332; x_wconf 86' lang='lat' dir='ltr'><strong>Nunquid</strong></span> <span class='ocrx_word' id='word_1_602' title='bbox 2827 4276 3086 4321; x_wconf 89' lang='lat' dir='ltr'><strong>eruerunt</strong></span> <span class='ocrx_word' id='word_1_603' title='bbox 3133 4268 3208 4323; x_wconf 89' lang='lat' dir='ltr'><strong>dii</strong></span> <span class='ocrx_word' id='word_1_604' title='bbox 3260 4276 3521 4341; x_wconf 87' lang='lat' dir='ltr'><strong>gentium,</strong></span> 
     </span>
    </p>
   </div>
   <div class='ocr_carea' id='block_1_85' title="bbox 1964 4353 3526 4432">
    <p class='ocr_par' dir='ltr' id='par_1_85' title="bbox 1964 4353 3526 4432">
     <span class='ocr_line' id='line_1_85' title="bbox 1964 4353 3526 4432; baseline 0.008 -24"><span class='ocrx_word' id='word_1_605' title='bbox 1964 4353 2341 4424; x_wconf 86' lang='lat' dir='ltr'><strong>unusquisque</strong></span> <span class='ocrx_word' id='word_1_606' title='bbox 2375 4370 2528 4410; x_wconf 89' lang='lat' dir='ltr'><strong>suam</strong></span> <span class='ocrx_word' id='word_1_607' title='bbox 2574 4356 2849 4426; x_wconf 87' lang='lat' dir='ltr'><strong>regionem</strong></span> <span class='ocrx_word' id='word_1_608' title='bbox 2883 4359 2972 4411; x_wconf 81' lang='lat'><strong>&quot;?</strong></span> <span class='ocrx_word' id='word_1_609' title='bbox 3008 4379 3026 4411; x_wconf 86' lang='grc'><strong>›</strong></span> <span class='ocrx_word' id='word_1_610' title='bbox 3058 4359 3286 4432; x_wconf 88' lang='lat' dir='ltr'><strong>Propter</strong></span> <span class='ocrx_word' id='word_1_611' title='bbox 3317 4380 3413 4422; x_wconf 86' lang='lat' dir='ltr'><strong>vos</strong></span> <span class='ocrx_word' id='word_1_612' title='bbox 3450 4367 3526 4421; x_wconf 89' lang='lat' dir='ltr'><strong>ita</strong></span> 
     </span>
    </p>
   </div>
   <div class='ocr_carea' id='block_1_86' title="bbox 288 4435 1863 4528">
    <p class='ocr_par' dir='ltr' id='par_1_86' title="bbox 288 4435 1858 4508">
     <span class='ocr_line' id='line_1_86' title="bbox 288 4435 1858 4508; baseline -0.001 -16"><span class='ocrx_word' id='word_1_613' title='bbox 288 4439 450 4508; x_wconf 83' lang='grc' dir='ltr'>ὑμεῖς</span> <span class='ocrx_word' id='word_1_614' title='bbox 474 4436 636 4491; x_wconf 75' lang='grc' dir='ltr'>αἴτιοι</span> <span class='ocrx_word' id='word_1_615' title='bbox 662 4435 958 4506; x_wconf 86' lang='grc' dir='ltr'>γεγένησθε</span> <span class='ocrx_word' id='word_1_616' title='bbox 975 4478 989 4502; x_wconf 92' lang='grc'><strong>,</strong></span> <span class='ocrx_word' id='word_1_617' title='bbox 1027 4436 1317 4508; x_wconf 84' lang='grc' dir='ltr'>μοχθηροῖς</span> <span class='ocrx_word' id='word_1_618' title='bbox 1341 4437 1494 4506; x_wconf 74' lang='grc' dir='ltr'>ἤθεσι</span> <span class='ocrx_word' id='word_1_619' title='bbox 1520 4437 1858 4502; x_wconf 73' lang='grc' dir='ltr'>κωλύσαντες</span> 
     </span>
    </p>
   </div>
   <div class='ocr_carea' id='block_1_87' title="bbox 1967 4435 3524 4528">
    <p class='ocr_par' dir='ltr' id='par_1_87' title="bbox 1967 4444 3524 4528">
     <span class='ocr_line' id='line_1_87' title="bbox 1967 4444 3524 4528; baseline 0.009 -29"><span class='ocrx_word' id='word_1_620' title='bbox 1967 4444 2237 4500; x_wconf 90' lang='lat' dir='ltr'><strong>deridetur</strong></span> <span class='ocrx_word' id='word_1_621' title='bbox 2270 4453 2324 4499; x_wconf 92' lang='lat' dir='ltr'><strong>et</strong></span> <span class='ocrx_word' id='word_1_622' title='bbox 2353 4463 2371 4496; x_wconf 77' lang='grc' dir='ltr'><strong>ι</strong></span> <span class='ocrx_word' id='word_1_623' title='bbox 2420 4445 2823 4515; x_wconf 82' lang='lat' dir='ltr'><strong>blaSphematur</strong></span> <span class='ocrx_word' id='word_1_624' title='bbox 2870 4464 3065 4506; x_wconf 89' lang='lat' dir='ltr'><strong>nomen</strong></span> <span class='ocrx_word' id='word_1_625' title='bbox 3101 4468 3280 4508; x_wconf 90' lang='lat' dir='ltr'><strong>meum</strong></span> <span class='ocrx_word' id='word_1_626' title='bbox 3305 4495 3322 4520; x_wconf 92' lang='lat'><strong>,</strong></span> <span class='ocrx_word' id='word_1_627' title='bbox 3380 4475 3398 4507; x_wconf 79' lang='grc' dir='ltr'><strong>ι</strong></span> <span class='ocrx_word' id='word_1_628' title='bbox 3429 4459 3524 4528; x_wconf 88' lang='lat' dir='ltr'><strong>qui</strong></span> 
     </span>
    </p>
   </div>
   <div class='ocr_carea' id='block_1_88' title="bbox 287 4527 951 4600">
    <p class='ocr_par' dir='ltr' id='par_1_88' title="bbox 287 4527 951 4600">
     <span class='ocr_line' id='line_1_88' title="bbox 287 4527 951 4600; baseline -0.002 -18"><span class='ocrx_word' id='word_1_629' title='bbox 287 4547 355 4600; x_wconf 91' lang='grc' dir='ltr'><strong>με</strong></span> <span class='ocrx_word' id='word_1_630' title='bbox 394 4527 757 4599; x_wconf 83' lang='grc' dir='ltr'>εὐεργετῆσαι</span> <span class='ocrx_word' id='word_1_631' title='bbox 787 4527 951 4596; x_wconf 83' lang='grc' dir='ltr'>ὑμᾶς.</span> 
     </span>
    </p>
   </div>
   <div class='ocr_carea' id='block_1_89' title="bbox 358 4615 1862 4690">
    <p class='ocr_par' dir='ltr' id='par_1_89' title="bbox 358 4615 1862 4690">
     <span class='ocr_line' id='line_1_89' title="bbox 358 4615 1862 4690; baseline -0.002 -18"><span class='ocrx_word' id='word_1_632' title='bbox 358 4619 477 4690; x_wconf 81' lang='grc' dir='ltr'>Τὴν</span> <span class='ocrx_word' id='word_1_633' title='bbox 510 4621 568 4672; x_wconf 89' lang='grc' dir='ltr'><strong>ἐν</strong></span> <span class='ocrx_word' id='word_1_634' title='bbox 587 4620 701 4678; x_wconf 85' lang='grc' dir='ltr'>τοῖς</span> <span class='ocrx_word' id='word_1_635' title='bbox 742 4616 879 4688; x_wconf 86' lang='grc' dir='ltr'><strong>μετά</strong></span> <span class='ocrx_word' id='word_1_636' title='bbox 911 4616 1080 4671; x_wconf 87' lang='grc' dir='ltr'>ταῦτα</span> <span class='ocrx_word' id='word_1_637' title='bbox 1114 4615 1400 4686; x_wconf 73' lang='grc' dir='ltr'>ἐπίσκεψιν</span> <span class='ocrx_word' id='word_1_638' title='bbox 1428 4616 1522 4669; x_wconf 88' lang='grc' dir='ltr'><strong>τοῦ</strong></span> <span class='ocrx_word' id='word_1_639' title='bbox 1553 4617 1680 4671; x_wconf 88' lang='grc' dir='ltr'>λαοῦ</span> <span class='ocrx_word' id='word_1_640' title='bbox 1715 4617 1862 4688; x_wconf 83' lang='grc' dir='ltr'>δηλοῖ</span> 
     </span>
    </p>
   </div>
   <div class='ocr_carea' id='block_1_90' title="bbox 286 4706 1859 4777">
    <p class='ocr_par' dir='ltr' id='par_1_90' title="bbox 286 4706 1859 4777">
     <span class='ocr_line' id='line_1_90' title="bbox 286 4706 1859 4777; baseline -0.002 -14"><span class='ocrx_word' id='word_1_641' title='bbox 286 4709 376 4764; x_wconf 68' lang='grc' dir='ltr'>διὰ</span> <span class='ocrx_word' id='word_1_642' title='bbox 394 4709 506 4762; x_wconf 88' lang='grc' dir='ltr'><strong>τῶν</strong></span> <span class='ocrx_word' id='word_1_643' title='bbox 531 4707 856 4777; x_wconf 81' lang='grc' dir='ltr'>λεγομένων·</span> <span class='ocrx_word' id='word_1_644' title='bbox 879 4706 1002 4777; x_wconf 76' lang='grc' dir='ltr'>ἥτις</span> <span class='ocrx_word' id='word_1_645' title='bbox 1024 4706 1116 4760; x_wconf 76' lang='grc' dir='ltr'><strong>καὶ</strong></span> <span class='ocrx_word' id='word_1_646' title='bbox 1145 4706 1414 4776; x_wconf 83' lang='grc' dir='ltr'>παρουσία</span> <span class='ocrx_word' id='word_1_647' title='bbox 1435 4707 1658 4771; x_wconf 89' lang='grc' dir='ltr'>δικαίως</span> <span class='ocrx_word' id='word_1_648' title='bbox 1681 4707 1745 4760; x_wconf 80' lang='grc' dir='ltr'><strong>ἂν</strong></span> <span class='ocrx_word' id='word_1_649' title='bbox 1773 4708 1859 4760; x_wconf 84' lang='grc' dir='ltr'>λέ-</span> 
     </span>
    </p>
   </div>
   <div class='ocr_carea' id='block_1_91' title="bbox 290 4798 1856 4872">
    <p class='ocr_par' dir='ltr' id='par_1_91' title="bbox 290 4798 1856 4872">
     <span class='ocr_line' id='line_1_91' title="bbox 290 4798 1856 4872; baseline 0 -18"><span class='ocrx_word' id='word_1_650' title='bbox 290 4819 458 4870; x_wconf 84' lang='grc' dir='ltr'>γοιτο·</span> <span class='ocrx_word' id='word_1_651' title='bbox 488 4799 550 4853; x_wconf 88' lang='grc' dir='ltr'><strong>οὐ</strong></span> <span class='ocrx_word' id='word_1_652' title='bbox 572 4800 669 4869; x_wconf 87' lang='grc' dir='ltr'><strong>τῆς</strong></span> <span class='ocrx_word' id='word_1_653' title='bbox 693 4798 879 4862; x_wconf 90' lang='grc' dir='ltr'>οὐσίας</span> <span class='ocrx_word' id='word_1_654' title='bbox 903 4798 1065 4852; x_wconf 88' lang='grc' dir='ltr'>αὐτοῦ</span> <span class='ocrx_word' id='word_1_655' title='bbox 1088 4799 1252 4852; x_wconf 90' lang='grc' dir='ltr'>τόπον</span> <span class='ocrx_word' id='word_1_656' title='bbox 1270 4800 1334 4853; x_wconf 80' lang='grc' dir='ltr'><strong>ἐκ</strong></span> <span class='ocrx_word' id='word_1_657' title='bbox 1354 4800 1519 4853; x_wconf 82' lang='grc' dir='ltr'>τόπου</span> <span class='ocrx_word' id='word_1_658' title='bbox 1545 4801 1856 4872; x_wconf 86' lang='grc' dir='ltr'>μετιούσης,</span> 
     </span>
    </p>
   </div>
   <div class='ocr_carea' id='block_1_92' title="bbox 290 4889 1859 4964">
    <p class='ocr_par' dir='ltr' id='par_1_92' title="bbox 290 4889 1859 4964">
     <span class='ocr_line' id='line_1_92' title="bbox 290 4889 1859 4964; baseline -0.001 -19"><span class='ocrx_word' id='word_1_659' title='bbox 290 4893 428 4946; x_wconf 87' lang='grc' dir='ltr'><strong>ἀλλά</strong></span> <span class='ocrx_word' id='word_1_660' title='bbox 453 4891 553 4961; x_wconf 86' lang='grc' dir='ltr'><strong>τῆς</strong></span> <span class='ocrx_word' id='word_1_661' title='bbox 585 4889 864 4961; x_wconf 87' lang='grc' dir='ltr'>ἐνεργείας</span> <span class='ocrx_word' id='word_1_662' title='bbox 900 4890 1198 4962; x_wconf 78' lang='grc' dir='ltr'>καταδήλου</span> <span class='ocrx_word' id='word_1_663' title='bbox 1236 4892 1546 4961; x_wconf 87' lang='grc' dir='ltr'>γινομένης·</span> <span class='ocrx_word' id='word_1_664' title='bbox 1587 4891 1706 4944; x_wconf 88' lang='grc' dir='ltr'>τότε</span> <span class='ocrx_word' id='word_1_665' title='bbox 1750 4891 1859 4964; x_wconf 83' lang='grc' dir='ltr'>γὰρ</span> 
     </span>
    </p>
   </div>
   <div class='ocr_carea' id='block_1_93' title="bbox 291 4981 1858 5056">
    <p class='ocr_par' dir='ltr' id='par_1_93' title="bbox 291 4981 1858 5056">
     <span class='ocr_line' id='line_1_93' title="bbox 291 4981 1858 5056; baseline -0.001 -18"><span class='ocrx_word' id='word_1_666' title='bbox 291 4986 388 5038; x_wconf 77' lang='grc' dir='ltr'><strong>καὶ</strong></span> <span class='ocrx_word' id='word_1_667' title='bbox 431 4986 680 5056; x_wconf 84' lang='grc' dir='ltr'>παρεῖναι</span> <span class='ocrx_word' id='word_1_668' title='bbox 728 4983 859 5052; x_wconf 80' lang='grc' dir='ltr'>ἡμῖν</span> <span class='ocrx_word' id='word_1_669' title='bbox 901 4981 1115 5051; x_wconf 86' lang='grc' dir='ltr'>λέγεται</span> <span class='ocrx_word' id='word_1_670' title='bbox 1158 4985 1186 5035; x_wconf 88' lang='grc' dir='ltr'><strong>ό</strong></span> <span class='ocrx_word' id='word_1_671' title='bbox 1231 4981 1380 5047; x_wconf 84' lang='grc' dir='ltr'>Θεὸς,</span> <span class='ocrx_word' id='word_1_672' title='bbox 1423 4984 1500 5036; x_wconf 84' lang='grc' dir='ltr'><strong>ὅτ’</strong></span> <span class='ocrx_word' id='word_1_673' title='bbox 1533 4982 1599 5036; x_wconf 87' lang='grc' dir='ltr'><strong>ἀν</strong></span> <span class='ocrx_word' id='word_1_674' title='bbox 1635 4984 1858 5049; x_wconf 81' lang='grc' dir='ltr'>ἑαυτοὺς</span> 
     </span>
    </p>
   </div>
   <div class='ocr_carea' id='block_1_94' title="bbox 292 5071 1859 5146">
    <p class='ocr_par' dir='ltr' id='par_1_94' title="bbox 292 5071 1859 5146">
     <span class='ocr_line' id='line_1_94' title="bbox 292 5071 1859 5146; baseline -0.001 -16"><span class='ocrx_word' id='word_1_675' title='bbox 292 5076 429 5146; x_wconf 83' lang='grc' dir='ltr'>πρὸς</span> <span class='ocrx_word' id='word_1_676' title='bbox 468 5074 531 5127; x_wconf 83' lang='grc' dir='ltr'>τὸ</span> <span class='ocrx_word' id='word_1_677' title='bbox 562 5072 915 5138; x_wconf 80' lang='grc' dir='ltr'>ὑποδέξασθαι</span> <span class='ocrx_word' id='word_1_678' title='bbox 945 5071 1106 5126; x_wconf 79' lang='grc' dir='ltr'>αὐτὸν</span> <span class='ocrx_word' id='word_1_679' title='bbox 1135 5072 1316 5138; x_wconf 83' lang='grc' dir='ltr'>ἀξίους</span> <span class='ocrx_word' id='word_1_680' title='bbox 1350 5074 1712 5146; x_wconf 85' lang='grc' dir='ltr'>ἀποφήνωμεν</span> <span class='ocrx_word' id='word_1_681' title='bbox 1749 5078 1859 5140; x_wconf 89' lang='grc' dir='ltr'>τοῖς</span> 
     </span>
    </p>
   </div>
   <div class='ocr_carea' id='block_1_95' title="bbox 290 5161 1857 5238">
    <p class='ocr_par' dir='ltr' id='par_1_95' title="bbox 290 5161 1857 5238">
     <span class='ocr_line' id='line_1_95' title="bbox 290 5161 1857 5238; baseline 0.001 -18"><span class='ocrx_word' id='word_1_682' title='bbox 290 5166 475 5231; x_wconf 79' lang='grc' dir='ltr'>καλοῖς</span> <span class='ocrx_word' id='word_1_683' title='bbox 512 5167 714 5238; x_wconf 73' lang='grc' dir='ltr'>ῆθεσιν·</span> <span class='ocrx_word' id='word_1_684' title='bbox 749 5164 932 5237; x_wconf 88' lang='grc' dir='ltr'>ῶσπερ</span> <span class='ocrx_word' id='word_1_685' title='bbox 970 5161 1062 5220; x_wconf 84' lang='grc' dir='ltr'><strong>οῦν</strong></span> <span class='ocrx_word' id='word_1_686' title='bbox 1095 5168 1332 5233; x_wconf 79' lang='grc' dir='ltr'>ἀπεῖναι,</span> <span class='ocrx_word' id='word_1_687' title='bbox 1377 5166 1857 5238; x_wconf 83' lang='grc' dir='ltr'>μεταϐαλλομένων</span> 
     </span>
    </p>
   </div>
   <div class='ocr_carea' id='block_1_96' title="bbox 293 5255 1854 5329">
    <p class='ocr_par' dir='ltr' id='par_1_96' title="bbox 293 5255 1854 5329">
     <span class='ocr_line' id='line_1_96' title="bbox 293 5255 1854 5329; baseline 0.001 -20"><span class='ocrx_word' id='word_1_688' title='bbox 293 5261 372 5320; x_wconf 86' lang='grc' dir='ltr'>εἰς</span> <span class='ocrx_word' id='word_1_689' title='bbox 415 5258 503 5327; x_wconf 77' lang='grc' dir='ltr'><strong>τὸ]</strong></span> <span class='ocrx_word' id='word_1_690' title='bbox 519 5256 791 5320; x_wconf 85' lang='grc' dir='ltr'>ἐναντίον,</span> <span class='ocrx_word' id='word_1_691' title='bbox 837 5257 912 5328; x_wconf 80' lang='grc' dir='ltr'>μὴ</span> <span class='ocrx_word' id='word_1_692' title='bbox 955 5255 1366 5329; x_wconf 81' lang='grc' dir='ltr'>εὐδοκιμοῦντος</span> <span class='ocrx_word' id='word_1_693' title='bbox 1409 5258 1854 5314; x_wconf 88' lang='grc' dir='ltr'>ἐπαναπαύεσθαι</span> 
     </span>
    </p>
   </div>
   <div class='ocr_carea' id='block_1_97' title="bbox 291 5347 1243 5421">
    <p class='ocr_par' dir='ltr' id='par_1_97' title="bbox 291 5347 1243 5421">
     <span class='ocr_line' id='line_1_97' title="bbox 291 5347 1243 5421; baseline 0.003 -22"><span class='ocrx_word' id='word_1_694' title='bbox 291 5347 420 5416; x_wconf 79' lang='grc' dir='ltr'>ὑμῖν</span> <span class='ocrx_word' id='word_1_695' title='bbox 452 5347 539 5402; x_wconf 83' lang='grc' dir='ltr'><strong>διά</strong></span> <span class='ocrx_word' id='word_1_696' title='bbox 558 5349 626 5402; x_wconf 88' lang='grc' dir='ltr'><strong>τά</strong></span> <span class='ocrx_word' id='word_1_697' title='bbox 652 5348 900 5420; x_wconf 74' lang='grc' dir='ltr'>μοχθηρὰ</span> <span class='ocrx_word' id='word_1_698' title='bbox 933 5349 1086 5418; x_wconf 89' lang='grc' dir='ltr'>ὑμῶν</span> <span class='ocrx_word' id='word_1_699' title='bbox 1116 5350 1243 5421; x_wconf 77' lang='grc' dir='ltr'>ῆθη.</span> 
     </span>
    </p>
   </div>
   <div class='ocr_carea' id='block_1_98' title="bbox 367 5437 1850 5517">
    <p class='ocr_par' dir='ltr' id='par_1_98' title="bbox 367 5437 1850 5517">
     <span class='ocr_line' id='line_1_98' title="bbox 367 5437 1850 5517; baseline 0.004 -27"><span class='ocrx_word' id='word_1_700' title='bbox 367 5437 453 5499; x_wconf 82' lang='grc' dir='ltr'>Ὠς</span> <span class='ocrx_word' id='word_1_701' title='bbox 477 5439 585 5510; x_wconf 82' lang='grc' dir='ltr'>γὰρ</span> <span class='ocrx_word' id='word_1_702' title='bbox 620 5440 918 5510; x_wconf 85' lang='grc' dir='ltr'>κατάδηλον</span> <span class='ocrx_word' id='word_1_703' title='bbox 941 5442 1051 5503; x_wconf 80' lang='grc' dir='ltr'>τοῖς</span> <span class='ocrx_word' id='word_1_704' title='bbox 1089 5441 1253 5494; x_wconf 80' lang='grc' dir='ltr'>πᾶσιν</span> <span class='ocrx_word' id='word_1_705' title='bbox 1286 5441 1319 5511; x_wconf 79' lang='grc' dir='ltr'>ἠ</span> <span class='ocrx_word' id='word_1_706' title='bbox 1352 5440 1469 5513; x_wconf 89' lang='grc' dir='ltr'><strong>ῶρα</strong></span> <span class='ocrx_word' id='word_1_707' title='bbox 1494 5441 1594 5513; x_wconf 89' lang='grc' dir='ltr'><strong>τῆς</strong></span> <span class='ocrx_word' id='word_1_708' title='bbox 1619 5443 1850 5517; x_wconf 81' lang='grc' dir='ltr'>ἡμέρας,</span> 
     </span>
    </p>
   </div>
   <div class='ocr_carea' id='block_1_99' title="bbox 287 5529 1850 5607">
    <p class='ocr_par' dir='ltr' id='par_1_99' title="bbox 287 5529 1850 5607">
     <span class='ocr_line' id='line_1_99' title="bbox 287 5529 1850 5607; baseline 0.004 -24"><span class='ocrx_word' id='word_1_709' title='bbox 287 5529 408 5583; x_wconf 77' lang='grc' dir='ltr'>καθ’</span> <span class='ocrx_word' id='word_1_710' title='bbox 431 5531 497 5599; x_wconf 74' lang='grc' dir='ltr'><strong>ἢν</strong></span> <span class='ocrx_word' id='word_1_711' title='bbox 518 5530 796 5600; x_wconf 87' lang='grc' dir='ltr'>ἐκλάμψας</span> <span class='ocrx_word' id='word_1_712' title='bbox 823 5534 851 5584; x_wconf 87' lang='grc' dir='ltr'><strong>ό</strong></span> <span class='ocrx_word' id='word_1_713' title='bbox 881 5531 1028 5602; x_wconf 84' lang='grc' dir='ltr'>ῆλιος</span> <span class='ocrx_word' id='word_1_714' title='bbox 1055 5532 1396 5604; x_wconf 87' lang='grc' dir='ltr'>καταλάμψει</span> <span class='ocrx_word' id='word_1_715' title='bbox 1428 5534 1604 5588; x_wconf 84' lang='grc' dir='ltr'>πάντα</span> <span class='ocrx_word' id='word_1_716' title='bbox 1634 5535 1703 5590; x_wconf 89' lang='grc' dir='ltr'><strong>τά</strong></span> <span class='ocrx_word' id='word_1_717' title='bbox 1728 5535 1850 5607; x_wconf 85' lang='grc' dir='ltr'>δρη·</span> 
     </span>
    </p>
   </div>
   <div class='ocr_carea' id='block_1_100' title="bbox 353 5712 1046 5785">
    <p class='ocr_par' dir='ltr' id='par_1_100' title="bbox 353 5712 1046 5785">
     <span class='ocr_line' id='line_1_100' title="bbox 353 5712 1046 5785; baseline -0.001 -18"><span class='ocrx_word' id='word_1_718' title='bbox 353 5715 397 5744; x_wconf 82' lang='lat'><strong>&quot;</strong></span> <span class='ocrx_word' id='word_1_719' title='bbox 417 5713 482 5767; x_wconf 72' lang='grc' dir='ltr'>Π</span> <span class='ocrx_word' id='word_1_720' title='bbox 518 5713 644 5785; x_wconf 81' lang='lat' dir='ltr'><strong>Reg.</strong></span> <span class='ocrx_word' id='word_1_721' title='bbox 679 5729 795 5776; x_wconf 78' lang='lat' dir='ltr'><strong>xu,</strong></span> <span class='ocrx_word' id='word_1_722' title='bbox 831 5712 920 5775; x_wconf 71' lang='lat'><strong>52,</strong></span> <span class='ocrx_word' id='word_1_723' title='bbox 959 5713 1046 5766; x_wconf 80' lang='lat'><strong>&#39;55.</strong></span> 
     </span>
    </p>
   </div>
   <div class='ocr_carea' id='block_1_101' title="bbox 682 5805 1354 5870">
    <p class='ocr_par' dir='ltr' id='par_1_101' title="bbox 682 5805 1354 5870">
     <span class='ocr_line' id='line_1_101' title="bbox 682 5805 1354 5870; baseline 0.001 -1"><span class='ocrx_word' id='word_1_724' title='bbox 682 5811 951 5869; x_wconf 67' lang='grc' dir='ltr'>Ρλτιιοι..</span> <span class='ocrx_word' id='word_1_725' title='bbox 984 5805 1099 5868; x_wconf 86' lang='lat' dir='ltr'><strong>Gn.</strong></span> <span class='ocrx_word' id='word_1_726' title='bbox 1134 5805 1354 5870; x_wconf 79' lang='lat' dir='ltr'><strong>XVIII.</strong></span> 
     </span>
    </p>
   </div>
   <div class='ocr_carea' id='block_1_102' title="bbox 1962 4537 3426 4616">
    <p class='ocr_par' dir='ltr' id='par_1_102' title="bbox 1962 4537 3426 4616">
     <span class='ocr_line' id='line_1_102' title="bbox 1962 4537 3426 4616; baseline 0.008 -26"><span class='ocrx_word' id='word_1_727' title='bbox 1962 4538 2145 4607; x_wconf 87' lang='lat' dir='ltr'><strong>pravis</strong></span> <span class='ocrx_word' id='word_1_728' title='bbox 2174 4537 2420 4594; x_wconf 91' lang='lat' dir='ltr'><strong>moribus</strong></span> <span class='ocrx_word' id='word_1_729' title='bbox 2448 4538 2707 4594; x_wconf 88' lang='lat' dir='ltr'><strong>beneﬁcia</strong></span> <span class='ocrx_word' id='word_1_730' title='bbox 2740 4555 2860 4596; x_wconf 92' lang='lat' dir='ltr'><strong>mea</strong></span> <span class='ocrx_word' id='word_1_731' title='bbox 2885 4557 2916 4596; x_wconf 90' lang='lat' dir='ltr'><strong>a</strong></span> <span class='ocrx_word' id='word_1_732' title='bbox 2943 4543 3096 4599; x_wconf 87' lang='lat' dir='ltr'><strong>vobis</strong></span> <span class='ocrx_word' id='word_1_733' title='bbox 3134 4545 3426 4616; x_wconf 89' lang='lat' dir='ltr'><strong>depellitis.</strong></span> 
     </span>
    </p>
   </div>
   <div class='ocr_carea' id='block_1_103' title="bbox 2031 4630 3522 4716">
    <p class='ocr_par' dir='ltr' id='par_1_103' title="bbox 2031 4630 3522 4716">
     <span class='ocr_line' id='line_1_103' title="bbox 2031 4630 3522 4716; baseline 0.01 -32"><span class='ocrx_word' id='word_1_734' title='bbox 2031 4630 2197 4686; x_wconf 73' lang='lat' dir='ltr'><strong>Vens.</strong></span> <span class='ocrx_word' id='word_1_735' title='bbox 2233 4631 2286 4686; x_wconf 89' lang='lat'><strong>6.</strong></span> <span class='ocrx_word' id='word_1_736' title='bbox 2317 4631 2525 4699; x_wconf 87' lang='lat' dir='ltr'><strong>Quibus</strong></span> <span class='ocrx_word' id='word_1_737' title='bbox 2576 4635 2756 4690; x_wconf 89' lang='lat' dir='ltr'><strong>verbis</strong></span> <span class='ocrx_word' id='word_1_738' title='bbox 2795 4636 2998 4692; x_wconf 88' lang='lat' dir='ltr'><strong>indicat</strong></span> <span class='ocrx_word' id='word_1_739' title='bbox 3048 4637 3189 4696; x_wconf 92' lang='lat' dir='ltr'><strong>Deus</strong></span> <span class='ocrx_word' id='word_1_740' title='bbox 3227 4657 3286 4696; x_wconf 90' lang='lat' dir='ltr'><strong>se</strong></span> <span class='ocrx_word' id='word_1_741' title='bbox 3337 4643 3522 4716; x_wconf 79' lang='lat' dir='ltr'><strong>papuli</strong></span> 
     </span>
    </p>
   </div>
   <div class='ocr_carea' id='block_1_104' title="bbox 1961 4727 3520 4808">
    <p class='ocr_par' dir='ltr' id='par_1_104' title="bbox 1961 4727 3520 4808">
     <span class='ocr_line' id='line_1_104' title="bbox 1961 4727 3520 4808; baseline 0.009 -31"><span class='ocrx_word' id='word_1_742' title='bbox 1961 4738 2148 4777; x_wconf 89' lang='lat' dir='ltr'><strong>curam</strong></span> <span class='ocrx_word' id='word_1_743' title='bbox 2183 4731 2369 4794; x_wconf 89' lang='lat' dir='ltr'><strong>postea</strong></span> <span class='ocrx_word' id='word_1_744' title='bbox 2400 4739 2721 4795; x_wconf 88' lang='lat' dir='ltr'><strong>gessurum;</strong></span> <span class='ocrx_word' id='word_1_745' title='bbox 2765 4727 2910 4798; x_wconf 93' lang='lat' dir='ltr'><strong>quod</strong></span> <span class='ocrx_word' id='word_1_746' title='bbox 2953 4730 3116 4785; x_wconf 89' lang='lat' dir='ltr'><strong>etiam</strong></span> <span class='ocrx_word' id='word_1_747' title='bbox 3150 4733 3342 4790; x_wconf 87' lang='lat' dir='ltr'><strong>adesse</strong></span> <span class='ocrx_word' id='word_1_748' title='bbox 3376 4739 3520 4808; x_wconf 87' lang='lat' dir='ltr'><strong>opti-</strong></span> 
     </span>
    </p>
   </div>
   <div class='ocr_carea' id='block_1_105' title="bbox 1961 4814 3520 4884">
    <p class='ocr_par' dir='ltr' id='par_1_105' title="bbox 1961 4814 3520 4884">
     <span class='ocr_line' id='line_1_105' title="bbox 1961 4814 3520 4884; baseline 0.012 -17"><span class='ocrx_word' id='word_1_749' title='bbox 1961 4829 2046 4870; x_wconf 90' lang='lat' dir='ltr'><strong>me</strong></span> <span class='ocrx_word' id='word_1_750' title='bbox 2077 4814 2294 4881; x_wconf 88' lang='lat' dir='ltr'><strong>dicitur,</strong></span> <span class='ocrx_word' id='word_1_751' title='bbox 2319 4832 2427 4872; x_wconf 90' lang='lat' dir='ltr'><strong>non</strong></span> <span class='ocrx_word' id='word_1_752' title='bbox 2453 4824 2768 4874; x_wconf 89' lang='lat' dir='ltr'><strong>transeunte</strong></span> <span class='ocrx_word' id='word_1_753' title='bbox 2787 4835 2919 4876; x_wconf 87' lang='lat' dir='ltr'><strong>sane</strong></span> <span class='ocrx_word' id='word_1_754' title='bbox 2947 4833 3142 4877; x_wconf 88' lang='lat' dir='ltr'><strong>natura</strong></span> <span class='ocrx_word' id='word_1_755' title='bbox 3164 4825 3233 4879; x_wconf 89' lang='lat' dir='ltr'><strong>ab</strong></span> <span class='ocrx_word' id='word_1_756' title='bbox 3261 4841 3372 4881; x_wconf 94' lang='lat' dir='ltr'><strong>uno</strong></span> <span class='ocrx_word' id='word_1_757' title='bbox 3400 4827 3520 4884; x_wconf 90' lang='lat' dir='ltr'><strong>loco</strong></span> 
     </span>
    </p>
   </div>
   <div class='ocr_carea' id='block_1_106' title="bbox 1960 4905 3523 4976">
    <p class='ocr_par' dir='ltr' id='par_1_106' title="bbox 1960 4905 3523 4976">
     <span class='ocr_line' id='line_1_106' title="bbox 1960 4905 3523 4976; baseline 0.011 -17"><span class='ocrx_word' id='word_1_758' title='bbox 1960 4905 2016 4960; x_wconf 87' lang='lat' dir='ltr'><strong>in</strong></span> <span class='ocrx_word' id='word_1_759' title='bbox 2055 4907 2218 4961; x_wconf 90' lang='lat' dir='ltr'><strong>alium</strong></span> <span class='ocrx_word' id='word_1_760' title='bbox 2254 4908 2452 4972; x_wconf 90' lang='lat' dir='ltr'><strong>locum,</strong></span> <span class='ocrx_word' id='word_1_761' title='bbox 2495 4907 2589 4965; x_wconf 85' lang='lat' dir='ltr'><strong>sed</strong></span> <span class='ocrx_word' id='word_1_762' title='bbox 2624 4913 2730 4966; x_wconf 90' lang='lat' dir='ltr'><strong>vim</strong></span> <span class='ocrx_word' id='word_1_763' title='bbox 2780 4927 2933 4968; x_wconf 87' lang='lat' dir='ltr'><strong>suam</strong></span> <span class='ocrx_word' id='word_1_764' title='bbox 2963 4914 3306 4973; x_wconf 84' lang='lat' dir='ltr'><strong>manifestius</strong></span> <span class='ocrx_word' id='word_1_765' title='bbox 3349 4920 3523 4976; x_wconf 85' lang='lat' dir='ltr'><strong>decla-</strong></span> 
     </span>
    </p>
   </div>
   <div class='ocr_carea' id='block_1_107' title="bbox 1959 4999 3522 5073">
    <p class='ocr_par' dir='ltr' id='par_1_107' title="bbox 1959 4999 3522 5073">
     <span class='ocr_line' id='line_1_107' title="bbox 1959 4999 3522 5073; baseline 0.008 -19"><span class='ocrx_word' id='word_1_766' title='bbox 1959 5007 2132 5055; x_wconf 87' lang='lat' dir='ltr'><strong>rante.</strong></span> <span class='ocrx_word' id='word_1_767' title='bbox 2165 4999 2297 5054; x_wconf 88' lang='lat' dir='ltr'><strong>Nam</strong></span> <span class='ocrx_word' id='word_1_768' title='bbox 2347 5009 2477 5055; x_wconf 91' lang='lat' dir='ltr'><strong>tunc</strong></span> <span class='ocrx_word' id='word_1_769' title='bbox 2516 5017 2734 5073; x_wconf 90' lang='lat' dir='ltr'><strong>quoque</strong></span> <span class='ocrx_word' id='word_1_770' title='bbox 2777 5005 2934 5059; x_wconf 87' lang='lat' dir='ltr'><strong>nobis</strong></span> <span class='ocrx_word' id='word_1_771' title='bbox 2978 5007 3170 5064; x_wconf 90' lang='lat' dir='ltr'><strong>adesse</strong></span> <span class='ocrx_word' id='word_1_772' title='bbox 3204 5007 3346 5065; x_wconf 87' lang='lat' dir='ltr'><strong>Deus</strong></span> <span class='ocrx_word' id='word_1_773' title='bbox 3384 5011 3522 5066; x_wconf 90' lang='lat' dir='ltr'><strong>dici-</strong></span> 
     </span>
    </p>
   </div>
   <div class='ocr_carea' id='block_1_108' title="bbox 1960 5090 3522 5168">
    <p class='ocr_par' dir='ltr' id='par_1_108' title="bbox 1960 5090 3522 5168">
     <span class='ocr_line' id='line_1_108' title="bbox 1960 5090 3522 5168; baseline 0.01 -26"><span class='ocrx_word' id='word_1_774' title='bbox 1960 5096 2070 5152; x_wconf 89' lang='lat' dir='ltr'><strong>tur,</strong></span> <span class='ocrx_word' id='word_1_775' title='bbox 2107 5090 2325 5158; x_wconf 89' lang='lat' dir='ltr'><strong>quando</strong></span> <span class='ocrx_word' id='word_1_776' title='bbox 2365 5091 2522 5147; x_wconf 91' lang='lat' dir='ltr'><strong>bonis</strong></span> <span class='ocrx_word' id='word_1_777' title='bbox 2577 5093 2820 5149; x_wconf 89' lang='lat' dir='ltr'><strong>moribus</strong></span> <span class='ocrx_word' id='word_1_778' title='bbox 2881 5110 2982 5151; x_wconf 93' lang='lat' dir='ltr'><strong>nos</strong></span> <span class='ocrx_word' id='word_1_779' title='bbox 3015 5098 3361 5168; x_wconf 89' lang='lat' dir='ltr'><strong>suscipiendo</strong></span> <span class='ocrx_word' id='word_1_780' title='bbox 3411 5099 3522 5156; x_wconf 90' lang='lat' dir='ltr'><strong>Deo</strong></span> 
     </span>
    </p>
   </div>
   <div class='ocr_carea' id='block_1_109' title="bbox 1957 5181 3519 5259">
    <p class='ocr_par' dir='ltr' id='par_1_109' title="bbox 1957 5181 3519 5259">
     <span class='ocr_line' id='line_1_109' title="bbox 1957 5181 3519 5259; baseline 0.008 -23"><span class='ocrx_word' id='word_1_781' title='bbox 1957 5181 2151 5250; x_wconf 89' lang='lat' dir='ltr'><strong>dignos</strong></span> <span class='ocrx_word' id='word_1_782' title='bbox 2177 5181 2521 5251; x_wconf 70' lang='lat' dir='ltr'><strong>praebemus;</strong></span> <span class='ocrx_word' id='word_1_783' title='bbox 2562 5183 2635 5237; x_wconf 93' lang='lat' dir='ltr'><strong>ita</strong></span> <span class='ocrx_word' id='word_1_784' title='bbox 2672 5191 2726 5238; x_wconf 91' lang='lat' dir='ltr'><strong>et</strong></span> <span class='ocrx_word' id='word_1_785' title='bbox 2774 5185 2998 5251; x_wconf 87' lang='lat' dir='ltr'><strong>abesse,</strong></span> <span class='ocrx_word' id='word_1_786' title='bbox 3038 5190 3258 5259; x_wconf 86' lang='lat' dir='ltr'><strong>quando</strong></span> <span class='ocrx_word' id='word_1_787' title='bbox 3303 5206 3332 5245; x_wconf 91' lang='lat' dir='ltr'><strong>a</strong></span> <span class='ocrx_word' id='word_1_788' title='bbox 3373 5203 3519 5248; x_wconf 87' lang='lat' dir='ltr'><strong>recta</strong></span> 
     </span>
    </p>
   </div>
   <div class='ocr_carea' id='block_1_110' title="bbox 1956 5273 3514 5353">
    <p class='ocr_par' dir='ltr' id='par_1_110' title="bbox 1956 5273 3514 5353">
     <span class='ocr_line' id='line_1_110' title="bbox 1956 5273 3514 5353; baseline 0.01 -26"><span class='ocrx_word' id='word_1_789' title='bbox 1956 5273 2041 5328; x_wconf 90' lang='lat' dir='ltr'><strong>via</strong></span> <span class='ocrx_word' id='word_1_790' title='bbox 2065 5273 2474 5329; x_wconf 88' lang='lat' dir='ltr'><strong>deﬁectenlibus</strong></span> <span class='ocrx_word' id='word_1_791' title='bbox 2506 5276 2686 5340; x_wconf 91' lang='lat' dir='ltr'><strong>nobis,</strong></span> <span class='ocrx_word' id='word_1_792' title='bbox 2716 5287 2934 5350; x_wconf 89' lang='lat' dir='ltr'><strong>propter</strong></span> <span class='ocrx_word' id='word_1_793' title='bbox 2953 5280 3278 5352; x_wconf 88' lang='lat' dir='ltr'><strong>depravatos</strong></span> <span class='ocrx_word' id='word_1_794' title='bbox 3312 5300 3514 5353; x_wconf 77' lang='lat' dir='ltr'><strong>mores,</strong></span> 
     </span>
    </p>
   </div>
   <div class='ocr_carea' id='block_1_111' title="bbox 1954 5365 2746 5436">
    <p class='ocr_par' dir='ltr' id='par_1_111' title="bbox 1954 5365 2746 5436">
     <span class='ocr_line' id='line_1_111' title="bbox 1954 5365 2746 5436; baseline 0.004 -18"><span class='ocrx_word' id='word_1_795' title='bbox 1954 5365 2301 5434; x_wconf 85' lang='lat' dir='ltr'><strong>acquiescere</strong></span> <span class='ocrx_word' id='word_1_796' title='bbox 2327 5381 2436 5420; x_wconf 91' lang='lat' dir='ltr'><strong>non</strong></span> <span class='ocrx_word' id='word_1_797' title='bbox 2474 5365 2746 5436; x_wconf 88' lang='lat' dir='ltr'><strong>dignatur.</strong></span> 
     </span>
    </p>
   </div>
   <div class='ocr_carea' id='block_1_112' title="bbox 2027 5452 3514 5524">
    <p class='ocr_par' dir='ltr' id='par_1_112' title="bbox 2027 5452 3514 5524">
     <span class='ocr_line' id='line_1_112' title="bbox 2027 5452 3514 5524; baseline 0.013 -18"><span class='ocrx_word' id='word_1_798' title='bbox 2027 5452 2193 5511; x_wconf 73' lang='lat' dir='ltr'><strong>Vens.</strong></span> <span class='ocrx_word' id='word_1_799' title='bbox 2223 5455 2273 5511; x_wconf 88' lang='lat'><strong>7.</strong></span> <span class='ocrx_word' id='word_1_800' title='bbox 2299 5455 2763 5522; x_wconf 87' lang='lat' dir='ltr'><strong>Quemadmodum</strong></span> <span class='ocrx_word' id='word_1_801' title='bbox 2817 5460 2907 5516; x_wconf 81' lang='lat' dir='ltr'><strong>lux</strong></span> <span class='ocrx_word' id='word_1_802' title='bbox 2961 5463 3068 5519; x_wconf 90' lang='lat' dir='ltr'><strong>diei</strong></span> <span class='ocrx_word' id='word_1_803' title='bbox 3099 5467 3350 5523; x_wconf 90' lang='lat' dir='ltr'><strong>omnibus</strong></span> <span class='ocrx_word' id='word_1_804' title='bbox 3383 5482 3514 5524; x_wconf 88' lang='lat' dir='ltr'><strong>con-</strong></span> 
     </span>
    </p>
   </div>
   <div class='ocr_carea' id='block_1_113' title="bbox 1914 5546 3510 5626">
    <p class='ocr_par' dir='ltr' id='par_1_113' title="bbox 1914 5546 3510 5626">
     <span class='ocr_line' id='line_1_113' title="bbox 1914 5546 3510 5626; baseline 0.009 -28"><span class='ocrx_word' id='word_1_805' title='bbox 1914 5621 1929 5626; x_wconf 18' lang='lat'>”</span> <span class='ocrx_word' id='word_1_806' title='bbox 1954 5546 2202 5615; x_wconf 84' lang='lat' dir='ltr'><strong>spicitur,</strong></span> <span class='ocrx_word' id='word_1_807' title='bbox 2220 5560 2326 5616; x_wconf 86' lang='lat' dir='ltr'><strong>qua</strong></span> <span class='ocrx_word' id='word_1_808' title='bbox 2356 5546 2437 5601; x_wconf 93' lang='lat' dir='ltr'><strong>sol</strong></span> <span class='ocrx_word' id='word_1_809' title='bbox 2468 5546 2728 5620; x_wconf 79' lang='lat' dir='ltr'><strong>etiulgens</strong></span> <span class='ocrx_word' id='word_1_810' title='bbox 2762 5559 2973 5609; x_wconf 84' lang='lat' dir='ltr'><strong>montes</strong></span> <span class='ocrx_word' id='word_1_811' title='bbox 2999 5562 3227 5612; x_wconf 90' lang='lat' dir='ltr'><strong>cunctos</strong></span> <span class='ocrx_word' id='word_1_812' title='bbox 3251 5557 3510 5626; x_wconf 78' lang='lat' dir='ltr'><strong>illustrat,</strong></span> 
     </span>
    </p>
   </div>
   <div class='ocr_carea' id='block_1_114' title="bbox 3125 5817 3199 5875">
    <p class='ocr_par' dir='ltr' id='par_1_114' title="bbox 3125 5817 3199 5875">
     <span class='ocr_line' id='line_1_114' title="bbox 3125 5817 3199 5875; baseline 0 0"><span class='ocrx_word' id='word_1_813' title='bbox 3125 5817 3199 5875; x_wconf 62' lang='grc'><strong>83</strong></span> 
     </span>
    </p>
   </div>
  </div>
