3984 6212
532 283 668 339 1353

1682 284 2024 340 Τιιιιοῖιοιιι
2060 281 2578 339 llERACLEtZNSiS

3640 281 3763 342 1556

471 413 481 423 ’
530 402 600 453 ita
642 400 959 470 splendidus
987 401 1091 455 erit
1129 411 1181 455 et
1219 402 1448 458 illustris
1490 418 1643 459 meus
1674 403 1741 458 ad
1770 418 1869 459 vos
1894 403 2067 459 adven

2196 401 2369 465 οὕτως
2424 401 2632 472 φανερά
2675 404 2765 454 καί
2799 402 3033 465 ἐπίδοξος
3078 402 3227 454 ἔσται
3281 402 3316 470 η
3354 399 3482 471 παρ’
3516 399 3656 469 ἐμοῦ
3695 406 3763 467 εἰς

528 501 646 558 lus,
693 501 841 547 tanta
874 510 969 547 vos
1028 494 1211 548 laetitia
1271 504 1324 549 et
1380 496 1744 551 exsultatione
1774 495 2095 551 eﬂ'eremini.

526 584 645 650 Quo
678 585 861 640 studio
889 587 1133 640 auditum
1158 587 1310 656 pacis
1342 596 1393 641 et
1418 586 1694 643 felicitatis
1725 590 2097 660 accepissetis,

525 691 592 730 eo
619 677 848 731 salutem
879 678 1034 733 vobis
1068 679 1505 749 evangelizantes
1537 681 1881 751 suscipietis,
1919 682 1991 736 ita
2016 692 2095 747 ut,

525 768 636 823 vita
654 777 832 822 vestra
862 771 1160 839 sapientius
1176 772 1418 826 instituta
1437 813 1450 835 ,
1484 788 1577 827 rex
1607 780 1787 828 vester
1813 775 1994 828 vocari
2015 775 2098 828 di-

524 874 677 928 gner.
713 858 810 913 llic
841 860 1071 915 miratur
1119 878 1337 933 quoque
1369 864 1594 933 spiritus
1622 865 1973 934 propheticus
2005 880 2083 936 pe

524 947 621 1003 des
666 965 977 1019 prmconum
1027 951 1378 1023 Evangelium
1430 955 1861 1025 pmdicantium,
1897 956 2095 1025 quibus

523 1048 711 1111 gentes
749 1051 975 1099 cunctas
1010 1045 1341 1113 perlustrati,
1391 1045 1670 1101 deﬁnitum
1710 1047 1813 1101 sibi
1847 1048 2096 1102 curricu-

522 1131 635 1187 lum
661 1135 1033 1190 confeeerunt.
1075 1135 1264 1191 Lucidi
1286 1146 1442 1194 erant
1467 1139 1630 1208 pedes
1662 1155 1873 1207 eorum,
1909 1149 2096 1211 utpote

520 1223 616 1293 qui
658 1227 871 1282 fuerant
901 1228 969 1283 ab
1001 1229 1117 1299 ipso
1158 1230 1439 1285 Salvatore
1486 1232 1602 1285 loti.
1665 1230 1841 1301 Super
1876 1241 2089 1288 montes

522 1313 649 1370 ferri
679 1316 956 1385 dicuntur,
981 1328 1201 1391 propter
1223 1322 1593 1391 pnestantiam
1625 1330 1677 1377 et
1704 1323 2092 1381 sublimitatem

519 1410 847 1479 evangelicae
876 1411 1159 1466 doctrina).
1189 1411 1383 1467 Pacem
1423 1413 1885 1483 evangelizabant.
1905 1431 2091 1485 pacem

518 1499 724 1555 scilicet
763 1501 1051 1557 cum'Deo
1090 1504 1480 1573 prtedicantes,
1535 1505 1604 1560 ab
1664 1506 1919 1562 omnibus
1976 1516 2090 1563 tum

518 1601 715 1656 prope,
760 1595 873 1642 tum
923 1591 1114 1659 procul
1165 1591 1234 1647 de
1288 1594 1540 1663 gentibus
1588 1595 2001 1666 excipiendam;
2035 1606 2090 1653 et

516 1678 793 1735 Christum
834 1680 929 1737 Dei
954 1684 1422 1753 commendantes,
1454 1672 1545 1757 qui
1576 1686 1752 1743 divisa
1807 1692 1864 1744 in
1917 1707 2086 1745 unum

516 1774 839 1845 conjunxit,
878 1785 931 1832 et
964 1794 1179 1834 murum
1216 1781 1528 1837 medianum
1564 1785 1946 1854 separationis,
1981 1786 2090 1841 ini-
2119 1761 2160 1816 Β

516 1867 755 1925 micitias
786 1885 978 1940 nempe
1016 1886 1229 1940 omnes,
1276 1878 1332 1928 in
1372 1889 1537 1930 carne
1567 1889 1666 1930 sua
1695 1876 1877 1931 solvit.

590 2042 751 2100 Vens.
791 2046 874 2099 li.
909 2046 977 2101 Ut
1006 2047 1207 2104 animis
1236 2051 1351 2105 suis
1373 2061 1663 2108 consulant
1697 2054 1944 2110 hortatur
1965 2071 2083 2123 eos,

515 2135 797 2193 ali‘ectibus
853 2140 1035 2210 pravis
1083 2151 1138 2196 et
1194 2141 1502 2199 Chaldaicis
1554 2145 1872 2213 immutatis,
1900 2150 2083 2219 potius

516 2243 679 2298 quam
708 2229 880 2298 locis;
913 2246 981 2287 ne
1013 2231 1206 2287 iisdem
1251 2234 1500 2291 moribus
1548 2236 1906 2293 immorentur
1955 2255 2083 2295 sua-

512 2316 622 2384 det,
642 2318 842 2389 quibus
871 2321 1046 2376 donec
1073 2321 1419 2392 indulserint,
1445 2325 1712 2381 immundi
1732 2328 2079 2387 videbuntur.

579 2517 747 2575 Vens.
810 2520 896 2574 l5.
954 2518 1130 2593 Reges
1182 2521 1397 2592 placido
1453 2522 1729 2595 tacitoque
1784 2540 1879 2581 ore
1910 2523 2081 2583 Deum

508 2610 829 2668 adorabunt.
866 2612 1006 2667 ϐακί
1038 2612 1259 2683 quidem
1293 2616 1653 2671 remanebunt
1691 2624 1745 2672 et
1793 2616 2078 2685 indociles,

505 2704 597 2775 qui
629 2704 797 2774 legem
840 2712 1200 2775 acceperant,
1238 2713 1292 2761 et
1330 2707 1587 2762 vaticinia
1634 2709 1922 2766 audierant
1953 2728 2081 2782 pro-

505 2797 815 2865 phetarum,
858 2805 912 2851 et
941 2797 1259 2867 prophetias
1288 2809 1658 2869 cognoverant
1700 2801 1768 2858 de
1798 2802 2080 2862 Salvatore

502 2887 775 2957 prolatas;
816 2895 1005 2957 gentes
1041 2898 1255 2953 contra,
1278 2889 1497 2959 quibus
1526 2891 1662 2945 nibil
1693 2896 2077 2951 annuntiatum

503 2978 605 3033 fuit
637 2994 739 3035 nec
784 2979 1103 3046 revelatum,
1134 2981 1265 3035 isola
1299 2980 1401 3037 ﬁde
1433 2981 1524 3038 Dei
1556 2984 1844 3055 scientiam
1882 3003 2077 3046 conse-

2200 494 2346 563 ὑμᾶς
2368 495 2529 564 ροπή’
2565 497 2737 566 χαρᾶς
2766 509 2827 546 τε
2861 494 2956 546 καὶ
2985 492 3347 561 ἀγαλλιάσεως
3375 490 3528 545 οῦτω
3565 492 3764 566 πληρω.

2198 583 2449 656 θήσεσθε·
2482 584 2731 657 καθάπερ
2760 584 2858 656 τὴν
2889 582 3058 655 ἀκοὴν
3079 584 3356 655 εἰρηνικήν
3377 600 3437 635 τε
3467 583 3578 636 καὶ
3599 583 3765 655 ἡδεῖαν

2195 677 2520 749 δεχομένοις,
2554 677 2695 731 οὕτω
2727 694 2787 730 τε
2826 676 3148 743 ἐξάκουστος
3180 674 3331 729 ἔσται
3358 677 3392 745 ἡ
3411 675 3667 747 ὑμετέρα
3691 677 3767 730 λύ-

2196 787 2416 842 τρωσις,
2449 772 2540 825 καὶ
2575 771 2802 833 ἑαυτοὺς
2837 769 3131 823 ἐπιδώσετε
3174 768 3309 839 πρὸς
3345 765 3668 837 διόρθωσιν,
3705 768 3768 831 ὡς

2197 864 2291 915 καὶ
2316 863 2415 933 ἐμὲ
2439 862 2602 915 αὑτὸν
2635 861 2858 932 βασιλέα
2886 861 3038 932 ὑμῶν
3068 860 3202 927 ἀξιῶ
3242 858 3561 912 καλεῖσθαι.
3592 888 3659 899 —-—
3692 858 3763 912 Ἐν

2195 955 2403 1017 τούτοις
2433 954 2493 1007 τὸ
2524 953 2739 1023 πνεῦμα
2771 953 2833 1006 τὸ
2856 952 3218 1025 προφητικὸν,
3244 951 3351 1005 τῶν
3386 950 3662 1022 κηρύκων
3688 953 3762 1004 τοὶ

2196 1046 2525 1116 Εὐαγγελίου
2548 1049 2671 1112 τοὺς
2701 1047 2865 1111 πόδας
2895 1046 3287 1117 ἀποθαυμάζει,
3312 1045 3377 1098 δι’
3406 1038 3498 1099 ὧν
3529 1045 3753 1115 πεποξην

2196 1162 2284 1197 ται
2306 1144 2502 1216 δρόμον
2524 1144 2963 1217 ἐκπεριελθόντες
2986 1143 3082 1214 τὴν
3107 1144 3186 1205 εἰς
3211 1142 3386 1194 πάντα
3424 1142 3507 1195 τά
3534 1140 3659 1212 ἔθνη
3686 1159 3762 1194 πε-

2196 1236 2388 1309 ρίοδονο
2428 1238 2617 1308 ὡραῖοι
2652 1254 2712 1289 τε
2755 1235 2932 1290 αὐτῶν
2960 1231 3096 1306 ἦσαν
3118 1236 3167 1286 οἰ
3208 1233 3367 1296 πόδες
3396 1233 3497 1286 διὰ
3525 1233 3585 1285 τὸ
3616 1250 3763 1286 κεκαο

2194 1328 2409 1401 θάρθαι,
2433 1330 2507 1394 ὼς
2540 1330 2603 1383 ἂν
2629 1328 2722 1383 τοῦ
2749 1328 3000 1398 Σωτῆρος
3028 1328 3224 1391 αὐτοὺς
3263 1327 3649 1395 ἀπονίψαντοςο
3678 1333 3756 1384 ἐπὶ

2191 1419 2247 1472 δὲ
2283 1420 2450 1490 ὀρέων
2485 1418 2725 1489 ἔτρεχον,
2766 1418 2856 1472 διὰ
2892 1406 2953 1470 τὸ
2991 1418 3264 1489 μετέωρον
3300 1419 3395 1471 καὶ
3430 1418 3632 1489 ὑψηλὸν
3666 1421 3750 1474 τοῦ

2190 1512 2542 1582 εὐαγγελικώ
2599 1511 2970 1585 κηρύγματος·
3017 1512 3241 1583 εἰρήνην
3287 1511 3345 1564 δὲ
3393 1512 3743 1583 κατήγγελλον

2189 1602 2514 1675 ἀνθρώποις,
2542 1604 3018 1674 εὐαγγελιζόμενοι
3060 1603 3157 1673 τὴν
3184 1603 3322 1675 πρὸς
3346 1603 3483 1657 Θεὸν
3508 1608 3731 1676 εἰρήνην,

2189 1696 2257 1767 ἢν
2298 1699 2409 1761 τοῖς
2452 1696 2667 1768 μακρὰν
2710 1696 2805 1749 καὶ
2843 1699 2956 1759 τοῖς
2993 1697 3157 1763 ἐγγὺς
3197 1695 3608 1765 εὐηγγελίζοντο,
3641 1698 3728 1767 δη-

2188 1785 2405 1850 λοῦντες
2425 1786 2515 1840 τὸν
2546 1785 2778 1855 Χριστὸν
2806 1785 2900 1839 τοῦ
2930 1784 3063 1838 Θεοῦ
3091 1785 3183 1838 τὸν
3220 1787 3510 1856 ποιήσαντα
3540 1785 3597 1838 τὰ
3620 1788 3716 1856 ἀμ-

2189 1883 2390 1955 φότερα
2416 1882 2493 1948 ἓν,
2524 1883 2617 1936 καὶ
2647 1882 2708 1935 τὸ
2741 1881 3050 1952 μεσότοιχον
3080 1880 3175 1933 τοῦ
3210 1879 3463 1950 φραγμοῦ
3496 1878 3713 1944 λύσαντα,

2188 1974 2286 2042 τὴν
2310 1975 2529 2047 ἔχθραν,
2564 1976 2622 2027 ἐν
2645 1976 2712 2044 τῇ
2738 1973 2900 2045 σαρκὶ
2927 1972 3111 2027 αὐτοῦ.

2256 2067 2502 2139 Ψυχικὴν
2533 2067 2730 2130 αὐτοὺς
2759 2065 3073 2137 ἐπιμέλειαν
3111 2063 3313 2117 ἑαυτῶν
3347 2065 3594 2119 ποιεῖσθαι
3622 2083 3713 2120 πα-

2190 2159 2558 2232 ρακελεύεται,
2596 2160 2687 2213 καὶ
2719 2160 2823 2231 πρὸ
2848 2158 2956 2212 τῶν
2987 2158 3169 2211 τόπων
3197 2158 3586 2229 μετανίστασθαι
3612 2159 3711 2211 τῶν

2188 2252 2476 2326 μοχθηρῶν
2492 2253 2616 2306 [δεῖν
2628 2251 2675 2324 (l
2689 2252 2737 2321 l)
2757 2252 2847 2305 καὶ
2869 2250 3208 2314 Χαλδαϊκῶν,
3227 2253 3316 2303 καί
3334 2252 3408 2322 μὴ
3427 2250 3714 2321 μολύνεσθαι

2184 2348 2242 2400 ἐν
2276 2345 2502 2409 ἐκείνοις
2532 2347 2647 2409 τοῖς
2673 2344 2878 2416 ἤθεσιν,
2915 2345 2971 2397 ἐν
3002 2339 3083 2407 οἷς
3126 2344 3349 2406 ἑαυτοὺς
3383 2342 3712 2407 ἐνδεδωκότες,

2184 2436 2479 2506 ἀκάθαρτοι
2507 2434 2852 2505 όφθήσονται.

2253 2529 2321 2582 Οἵ
2353 2545 2415 2582 τε
2440 2527 2673 2596 βασιλεῖς
2714 2526 2831 2597 μεθ’
2860 2527 3087 2597 ἡσυχίας
3116 2528 3213 2580 καὶ
3259 2529 3465 2598 σιωπῆς
3504 2544 3718 2596 7.90m-

2183 2622 2418 2685 νοῦντες,
2456 2619 2871 2690 τυφλωττόντων
2913 2620 3005 2673 καὶ
3039 2620 3288 2691 ἀνηκόων
3340 2621 3585 2690 μενόντων
3622 2620 3715 2673 τῶν

2182 2714 2277 2766 καὶ
2319 2712 2481 2783 νόμον
2511 2710 2819 2781 δεξαμένων
2865 2713 2958 2765 καὶ
2998 2713 3295 2783 προφητῶν
3328 2713 3708 2785 προαγορεύσεις

2181 2801 2621 2868 ἐπακουσάντων,
2657 2802 2751 2855 καὶ
2782 2800 2879 2865 τὰς
2912 2802 3039 2873 περὶ
3082 2800 3180 2853 τοῦ
3231 2801 3468 2872 Σωτῆρος
3512 2818 3706 2872 προφη-

2179 2895 2327 2958 τείας
2372 2896 2689 2965 ἐγνωκότων
2715 2912 2728 2924 ·
2782 2893 2889 2947 τῶν
2934 2892 2991 2946 δὲ
3034 2892 3202 2946 ἐθνῶν
3244 2893 3349 2945 τῶν
3392 2893 3541 2964 μηδὲν
3587 2895 3712 2964 μήτε

2177 2988 2498 3061 ἑωρακότων
2540 2988 2679 3059 μήτε
2707 2984 3042 3058 ἀκηκοότων,
3077 2984 3237 3055 μόνον
3268 2985 3324 3038 δὲ
3364 2986 3532 3038 πίστει
3562 2999 3715 3055 προσ-

500 3066 768 3143 quéntur,
807 3080 861 3127 et
888 3085 1079 3127 eorum
1128 3087 1250 3143 quae
1288 3071 1433 3130 Deus
1486 3074 1556 3131 de
1603 3077 1885 3151 unigenito
1935 3079 2074 3138 Filio

2178 3078 2588 3153 δεδραμηκότων
2634 3078 2713 3142 εἰς
2746 3077 2844 3149 τὴν
2875 3076 3214 3146 θεογνωσίαν,
3252 3078 3345 3130 καὶ
3372 3077 3452 3140 εἰς
3476 3076 3568 3147 τὴν
3596 3076 3711 3145 περὶ

500 3180 603 3220 suo
626 3164 915 3237 disposuit.

569 3255 699 3311 Car.
733 3255 867 3321 Llll,
895 3254 1063 3313 Vens.
1104 3257 1249 3324 με,
1306 3258 1360 3314 3.
1418 3258 1555 3327 Quis
1612 3262 1840 3319 credat?
1892 3267 2072 3322 innuit

496 3347 781 3419 propheta.
826 3349 926 3404 Cui
986 3350 1319 3407 revelabitur
1367 3352 1616 3409 doctrina
1669 3357 1737 3413 de
1790 3359 2070 3431 unigenito

495 3437 592 3495 Dei
638 3438 815 3495 Filio?
843 3440 1100 3497 Eamdem
1146 3457 1249 3497 nos
1281 3445 1437 3514 quasi
1473 3448 1758 3517 parvulum
1806 3449 2067 3509 humilem

494 3531 926 3604 descripsimus,
990 3534 1150 3604 quasi
1211 3534 1452 3591 radicem
1510 3538 1794 3596 deliciente
1839 3540 2068 3601 humore

494 3633 853 3681 attenuatam.
908 3624 1041 3679 Tam
1074 3626 1297 3684 humilis
1335 3628 1582 3698 profecto
1631 3632 1681 3685 ei
1728 3633 1970 3702 species,
2005 3645 2065 3689 ut

493 3733 619 3773 eum
648 3719 796 3773 nulla
826 3719 930 3772 aiia
963 3718 1202 3775 conferri
1241 3722 1437 3791 possit,
1470 3730 1528 3776 ut
1557 3723 1780 3779 minime
1809 3725 2062 3782 virtutem

476 3811 639 3881 illam
674 3812 867 3867 decere
916 3811 1187 3878 videatur,
1217 3828 1326 3883 qua
1386 3821 1464 3868 tot
1503 3830 1567 3870 ac
1617 3823 1767 3871 tanta
1815 3820 2061 3892 prodigia

489 3903 634 3958 edita
676 3903 915 3958 fuerunt.

566 3993 727 4051 Vens.
754 3996 806 4050 5.
836 3993 1251 4067 Ingravescente
1270 3996 1325 4051 in
1348 3996 1466 4053 dies
1488 3997 1767 4054 hominum
1792 4003 2057 4073 nequitia,

488 4095 544 4145 et
604 4088 738 4143 nihil
790 4090 1112 4143 intentatum
1148 4089 1635 4161 intemeratumque
1679 4093 2054 4165 relinquente,

489 4195 649 4250 paena
683 4194 781 4237 nos
833 4189 888 4236 et
926 4179 1158 4235 vindicta
1206 4182 1478 4237 manebat.
1532 4182 1664 4249 Qua:
1711 4201 1839 4241 vero
1895 4189 2058 4247 nobis

489 4273 684 4327 merita
739 4276 998 4342 supplicia
1076 4273 1410 4345 unigenitum
1460 4273 1696 4329 Verbum
1756 4277 1811 4332 in
1853 4288 2054 4335 terram

486 4374 732 4421 nostram
759 4366 1062 4436 delapsum,
1087 4364 1256 4436 legem
1286 4382 1502 4421 omnem
1538 4374 1593 4422 et
1625 4368 1895 4438 justitiam
1931 4388 2053 4442 per-

2179 3170 2272 3226 τοῦ
2305 3168 2623 3243 μονογενοῦς
2655 3167 2786 3223 Υἱοῦ
2816 3166 2911 3222 τοῦ
2942 3166 3070 3221 Θεοῦ
3096 3166 3409 3236 κατάληψιν.

2262 3264 2407 3319 Ἀντὶ
2437 3262 2553 3326 τοῦ,
2586 3262 2682 3326 Τις
2716 3260 2994 3315 πιστεύσει
3022 3259 3114 3313 καὶ
3148 3259 3245 3311 τίνι
3277 3256 3693 3327 ἀποκαλυφθήσε-

2175 3372 2267 3411 ται
2298 3356 2326 3408 ὁ
2354 3356 2480 3426 περὶ
2508 3353 2602 3406 τοῦ
2637 3351 2953 3424 μονογενοῦς
2982 3349 3112 3403 Υἱοῦ
3145 3349 3236 3402 τοῦ
3274 3349 3408 3402 Θεοῦ
3435 3349 3577 3417 λόγος
3601 3364 3617 3412 ;
3637 3350 3688 3399 θὶ

2176 3448 2284 3522 γάρ
2312 3449 2570 3521 ἡμέτεροι
2601 3448 2747 3515 λόγοι
2775 3447 2909 3518 πρὸς
2931 3445 3021 3498 τὸν
3043 3445 3205 3498 αὐτὸν
3233 3445 3496 3514 γινόμενοι
3519 3443 3696 3513 ὥσπερ·

2174 3547 2225 3597 εὶ
2262 3542 2475 3597 παιδίου
2516 3540 2767 3604 εὐτελοῦς
2807 3536 2970 3609 εἶχον,
3001 3540 3098 3592 καὶ
3132 3537 3288 3609 ριξης
3315 3536 3481 3600 οὕτως
3505 3536 3672 3589 ἀτόνον
3692 3574 3707 3599 ,

2171 3637 2247 3701 ὡς
2274 3640 2330 3690 ἐν
2368 3636 2561 3689 σπάνει
2589 3634 2792 3698 νοτίδος
2821 3632 3193 3705 ἀποκειμένης
3211 3648 3227 3663 ο
3262 3632 3395 3686 αὐτὸ
3425 3631 3480 3683 δὲ
3514 3630 3570 3682 τὸ
3593 3625 3712 3691 εἶδος

2171 3728 2333 3783 αὐτοῦ
2361 3728 2533 3791 οὕτως
2564 3726 2796 3790 εὐτελὲς,
2823 3726 2898 3789 ὼς
2927 3724 3060 3779 πολὺ
3088 3723 3491 3797 ὑποϐεϐηκέναι
3512 3722 3600 3785 τὰς
3620 3721 3714 3773 τῶν

2169 3822 2370 3876 λοιπῶν
2414 3820 2583 3889 ὄψεις,
2614 3820 2675 3873 οὐ
2706 3819 2811 3890 μὴν
2845 3817 2980 3871 ἀλλά
3030 3819 3124 3871 καὶ
3166 3818 3266 3888 τὴν
3319 3818 3591 3887 ἐνέργειαν
3630 3814 3715 3884 τῆς

2166 3915 2465 3985 δυνάμεως,
2491 3912 2557 3966 δι’
2585 3908 2652 3984 ἧς
2684 3912 2752 3965 τά
2785 3914 2982 3982 σημεῖα
3012 3910 3243 3964 ἐτελεῖτο

2251 4005 2601 4079 Ἀκμασάσης
2629 4005 2725 4075 τῆς
2764 4003 2871 4057 τῶν
2904 4002 3204 4074 ἀνθρώπων
3244 4003 3444 4065 κακίας
3464 4042 3476 4064 ,
3505 4002 3593 4053 καὶ
3625 4002 3719 4053 πᾶν

2164 4090 2303 4159 εἶδος
2356 4091 2837 4164 παρανομημάτων
2893 4089 3310 4162 ἐργασαμένης,
3358 4088 3585 4159 τιμωρία
3633 4088 3719 4140 καὶ

2164 4186 2383 4250 κόλασις
2441 4187 2750 4257 ἐπήρτητο*
2811 4184 3001 4254 ἥντινα
3055 4182 3210 4254 δίκην
3278 4178 3716 4253 χρεωστουμένην

2164 4278 2314 4349 ἡμῖν,
2362 4279 2389 4330 ὁ
2434 4275 2727 4347 μονογενὴς
2772 4273 2865 4327 τοῦ
2917 4273 3051 4327 Θεοῦ
3085 4274 3275 4342 Λόγος,
3314 4272 3487 4325 ἐλθὼν
3518 4272 3590 4335 εἰς
3634 4269 3720 4321 τὸν

2162 4366 2283 4421 καθ’
2310 4368 2456 4438 ἡμᾶς
2488 4367 2711 4437 κόσμον,
2743 4366 2837 4418 καὶ
2866 4366 3045 4419 πάντα
3097 4365 3282 4435 νόμον,
3318 4366 3417 4417 καὶ
3459 4366 3627 4417 πᾶσαν
3652 4360 3725 4413 δι-

485 4454 696 4520 ﬂciens,
722 4470 944 4526 peccan
973 4470 1095 4509 vero
1115 4456 1254 4512 nulli
1275 4456 1591 4515 obnoxium.
1622 4470 1816 4528 sponte
1844 4461 2049 4531 subiit;

2178 4460 2445 4529 ισιοσύνην
2491 4458 2804 4529 πληρώσας,
2862 4458 3103 4529 ἁμαρτίᾳ
3163 4472 3221 4508 τε
3285 4455 3358 4526 μὴ
3423 4451 3724 4514 ὑποπεσὼν,

481 4564 549 4606 ea
587 4550 897 4610 voluntate,
935 4557 993 4602 ut
1032 4546 1097 4603 ὣς
1139 4549 1367 4621 ingratis
1421 4566 1519 4607 nos
1552 4560 1737 4621 gratos
1772 4552 1880 4609 Deo
1923 4556 2047 4611 red-

484 4638 637 4695 deret
657 4649 709 4695 et
738 4646 953 4693 amicos
993 4636 1108 4708 Ipse
1154 4638 1377 4709 quidem
1412 4655 1601 4710 pmnas
1653 4658 1844 4700 omnes
1871 4655 1924 4700 et
1949 4662 2050 4717 op-

483 4731 705 4802 probria
744 4745 842 4800 pro
888 4731 1045 4786 nobis
1080 4731 1328 4798 pertulit;
1369 4746 1470 4786 nos
1501 4743 1681 4788 autem
1733 4750 1829 4804 per
1889 4736 2048 4791 tidem

481 4836 607 4876 cum
634 4837 700 4878 eo
730 4822 1109 4893 compatimur,
1140 4837 1236 4893 per
1272 4822 1500 4894 gratiam
1529 4839 1651 4878 cum
1681 4840 1746 4880 eo
1768 4828 2053 4882 commori-

479 4929 604 4969 mur
630 4923 683 4970 et
718 4915 1009 4969 salvamur.

554 5006 717 5065 Vsus.
746 5010 801 5065 6.
834 5007 1079 5063 Tradidit
1105 5024 1228 5064 eum
1257 5008 1420 5074 Deus,
1442 5018 1635 5080 sponte
1658 5010 1865 5066 scilicet
1892 5012 2046 5068 obla-

475 5108 613 5166 tum,
642 5116 753 5155 non
779 5101 829 5155 vi
861 5108 1131 5155 coactum.
1163 5099 1295 5154 Nam
1344 5100 1638 5172 Apostolus
1694 5118 1911 5173 quoque
1951 5117 2040 5159 ea-

472 5193 598 5250 dem
626 5209 759 5250 voce
799 5194 968 5248 utitur
999 5193 1066 5246 ad
1095 5193 1398 5249 libertatem
1422 5204 1475 5251 et
1499 5197 1831 5252 voluntatem
1862 5194 2039 5252 Patris

472 5286 858 5341 declarandam
885 5329 898 5341 .
937 5306 955 5339 ι
1018 5285 1109 5342 Sic
1138 5288 1283 5344 enim
1322 5287 1465 5345 Deus
1523 5290 1715 5345 dilexit
1749 5289 2033 5358 mundum,

474 5389 531 5435 nt
569 5379 764 5437 Filium
792 5396 953 5437 suum
976 5381 1311 5453 unigenitum
1347 5383 1579 5441 traderet
1607 5399 1708 5459 pro
1739 5384 1980 5441 nobis“.
2006 5403 2026 5437 ι

441 5526 448 5588 ἶ
538 5535 586 5567 ⁸³
603 5534 760 5592 Joan.
792 5553 873 5602 ιιι,
902 5539 988 5592 16.

541 5694 652 5758 (Η)
685 5693 845 5750 Forte
874 5694 1022 5749 ἰδεῶν
1051 5695 1134 5750 vel
1161 5694 1318 5750 ἰδίων.

2155 4555 2333 4609 ἑκοντὶ
2373 4552 2614 4622 δέχεται·
2648 4552 2715 4604 ἵν’
2756 4553 2886 4621 ἡμῖν
2919 4548 3196 4621 μεταϐάλῃ
3243 4549 3342 4620 τὴν
3393 4547 3623 4601 κόλασιν
3651 4545 3724 4607 εἰς

2154 4646 2372 4716 εἰρήνην
2398 4660 2456 4696 τε
2496 4644 2587 4697 καὶ
2614 4642 2928 4713 εὐμένειαν*
2957 4641 3121 4695 αὑτοῦ
3158 4641 3256 4709 μὲν
3276 4642 3339 4710 τῇ
3369 4641 3546 4711 πείρᾳ
3576 4637 3728 4691 ὑπελο

2155 4736 2336 4799 θόντος
2372 4735 2471 4799 τὰς
2499 4734 2684 4807 ῦ6ρεις
2717 4734 2808 4787 καὶ
2848 4733 2946 4796 τὰς
2975 4732 3244 4799 κολάσεις,
3270 4735 3302 4803 ἡ
3312 4730 3437 4802 μῶν
3464 4731 3521 4783 δὲ
3553 4730 3726 4783 πίστει

2151 4826 2534 4898 οἰκειουμένων
2560 4826 2627 4879 τά
2653 4826 2817 4896 πάθη,
2842 4825 2936 4879 καὶ
2959 4823 3517 4895 συναποθνῃσκόντων
3548 4823 3727 4893 χάριτι

2153 4921 2246 4974 κοιλ⁵
2281 4919 2621 4990 σωζομένων.

2221 5010 2618 5086 Παραδεδόσθαι
2648 5010 2706 5063 δὲ
2736 5011 2898 5064 αὑτὸν
2925 5012 3160 5077 ἀκούων,
3197 5013 3271 5082 μὴ
3302 5010 3559 5079 ἀνάγκην
3594 5007 3724 5062 καθ-

2149 5104 2440 5169 υπόπτευε,
2466 5104 2531 5157 τὸ
2571 5103 2628 5157 δὲ
2669 5104 2912 5158 ἑκούσιον
2945 5104 3072 5160 νόει.
3099 5105 3210 5158 Καὶ
3244 5104 3351 5174 γάρ
3391 5105 3423 5156 ὁ
3470 5102 3724 5155 Ἀπόστο-

2145 5194 2233 5260 λος
2272 5195 2349 5267 τῷ
2377 5196 2595 5267 ὀνόματι
2624 5196 2796 5268 τούτῳ
2826 5197 3108 5269 κέχρηται,
3142 5196 3435 5250 αὑθεντξαν
3465 5195 3565 5249 καὶ
3601 5194 3723 5264 βού-

2141 5287 2295 5361 λησιν
2330 5289 2541 5363 Πατρός
2572 5291 2817 5362 μηνύων
2861 5310 2878 5343 ι
2917 5290 3071 5345 Οῦτω
3099 5289 3207 5361 γάρ
3235 5291 3263 5342 ὀ
3301 5288 3435 5350 Θεὸς
3464 5287 3723 5358 ἠγάπησε

2138 5383 2229 5436 τὸν
2262 5383 2481 5455 κόσμον,
2517 5383 2657 5439 ὥστε
2684 5384 2775 5438 τὸν
2803 5384 3061 5455 μονογενῆ
3095 5382 3218 5437 Υἱὸν
3249 5379 3410 5435 αὐτοῦ
3445 5377 3725 5451 παραδοῦὲ
