3984 6212
310 346 435 401 1557

1732 331 1797 386 ΙΝ
1839 330 2093 385 ISAIAM.

3395 324 3529 392 1358

308 480 385 515 θαι
420 461 557 529 ὑπὲρ
592 456 764 528 ἡμῶν.
804 475 822 506 ι
873 453 1084 508 Ἐκοντὶ
1111 452 1289 504 τοίνυν
1318 448 1611 519 ὑπομείνας
1644 447 1714 499 τά
1760 449 1865 500 πά-

1975 448 2259 504 Cruciatus
2294 457 2474 504 autem
2527 448 2718 518 sponte
2759 455 3007 517 acceptos
3055 454 3230 505 metus
3274 452 3533 520 pertulit,

303 552 388 623 θη,
446 551 652 620 σιωπὴν
705 548 877 619 φέρει,
936 545 1098 615 νόμον
1153 545 1282 613 ἡμῖν
1341 540 1617 610 ὑπομονῆς
1672 538 1862 591 ἑαυτὸν

300 642 690 713 παρεχόμενος.
1551 711 1557 717 η

369 734 439 789 Τὸ
470 733 716 788 ἑκούσιον
745 728 839 782 τοῦ
881 728 1131 798 Σωτῆρος
1176 727 1233 779 ὲν
1276 728 1343 796 τῇ
1387 725 1553 794 πείρᾳ
1582 723 1689 773 τῶν
1723 722 1866 772 οἰκο-

297 824 643 899 νομουμένων
676 820 1024 892 σημαίνεται·
1059 819 1135 882 ὼς
1167 818 1274 889 γὰρ
1304 815 1572 888 πρόϐατον
1603 813 1866 882 ἀγόμενον

299 922 377 983 είς
413 915 623 978 θυσίαν,
671 912 705 983 ἢ
752 912 920 983 ἀμνὸς
953 909 1195 964 ἐναντίον
1225 906 1317 961 τοῦ
1364 907 1636 977 κείροντος
1684 903 1864 970 αὐτὸν,

298 1010 512 1076 ἀνάγκῃ
565 1020 624 1058 τε
673 1002 1025 1073 δαμαζόμενα
1094 1001 1213 1054 οὑδὲ
1267 999 1563 1071 βληχᾶσθαι
1612 998 1673 1050 τὸ
1724 996 1866 1051 ὲνδό-

300 1115 457 1169 σιμον
511 1095 623 1165 ἔχει
656 1110 670 1124 ·
731 1092 902 1157 οὕτως
959 1093 1119 1156 αὑτὸς
1193 1089 1332 1146 ἑκὼν
1389 1092 1446 1144 ὲν
1501 1088 1582 1160 τῷ
1638 1088 1865 1158 πάσχειν

298 1183 608 1240 ἀπεσιώπα.

368 1276 478 1347 Τὴν
510 1274 821 1346 παράνομον
859 1272 954 1327 καὶ
982 1274 1164 1328 ἄδικον
1196 1271 1373 1344 κρίσιν
1402 1269 1571 1342 δηλοῖ,
1605 1270 1702 1339 τῆς
1734 1269 1866 1339 ἀλη-

301 1368 448 1430 θείας
472 1365 790 1438 κρυὸείσης.
818 1366 929 1437 Τὴν
957 1365 1096 1437 μετά
1121 1365 1219 1436 τὴν
1246 1364 1537 1418 ἀνάστασιν
1567 1362 1863 1433 γενομένην

298 1458 474 1524 δόξαν,
506 1458 599 1512 καὶ⁸
630 1458 729 1530 τὴν
755 1459 950 1529 ἐγγενῆ
976 1458 1140 1512 αὑτοῦ
1166 1457 1342 1523 ἀξίαν,
1370 1458 1438 1529 ῆν
1464 1460 1497 1530 ἡ
1527 1457 1633 1511 τῶν
1666 1460 1870 1511 οίκονο-

303 1552 582 1624 μηθέντων
631 1550 875 1615 ὑπέδειξε
928 1553 1114 1623 πεῖρα,
1162 1551 1245 1614 τίς
1294 1551 1445 1605 ἔσται
1497 1551 1681 1614 ἱκανὸς
1724 1549 1870 1621 λόγῳ

299 1645 532 1717 φράσαι;
563 1642 725 1696 αὑτοῦ
760 1642 856 1714 μὲν
890 1632 1104 1714 θανάτιρ
1144 1642 1610 1713 ὑποὸαλλομένου,
1654 1642 1869 1695 πάντων

1969 548 2026 595 ut
2059 557 2117 595 se
2146 541 2301 595 nobis
2343 541 2486 595 velut
2516 541 2685 611 legem
2729 541 3005 610 patientia
3034 541 3317 610 pmberet.

2037 716 2204 773 Vens.
2237 719 2289 771 7.
2323 718 2532 784 Quanta
2555 720 2833 773 voluntate
2861 717 3109 774 Salvator
3141 720 3531 791 redemptionis

1967 824 2105 879 opus
2145 809 2466 879 perfecerit,
2525 810 2749 865 indicat.
2814 808 3278 875 Quemadmodum
3311 811 3429 866 ovis
3462 813 3530 865 ad

1966 901 2240 956 victimam
2270 901 2469 957 ductus
2489 941 2505 965 ,
2540 910 2634 956 aut
2670 917 2842 973 agnus
2864 917 3049 957 coram
3081 903 3343 959 tondente
3361 904 3407 936 “
3435 919 3505 959 ne

1967 995 2225 1051 cessitate
2254 990 2415 1059 victi,
2474 995 2695 1050 balandi
2737 996 3080 1051 occasionem
3128 1011 3237 1051 non
3290 995 3528 1061 habent,

1967 1087 2041 1142 ita
2065 1087 2182 1158 ipse
2210 1085 2407 1142 mediis
2434 1086 2489 1140 in
2512 1087 2845 1143 cruciatibus
2877 1096 3070 1158 sponte
3102 1089 3246 1144 silet.

2042 1264 2210 1322 Vsns.
2242 1265 2294 1320 8.
2329 1265 2575 1337 Iniquum
2607 1275 2662 1322 et
2706 1267 2970 1337 injustum
2998 1269 3115 1324 fore
3136 1268 3404 1338 judicium
3435 1270 3532 1324 ded

1968 1358 2173 1422 clarat,
2219 1358 2449 1413 veritate
2493 1373 2774 1429 oppressa.
2817 1359 3056 1415 Gloriam
3108 1368 3231 1431 post
3277 1375 3531 1417 resurre-

1976 1451 2214 1506 ctionem
2241 1465 2273 1503 a
2298 1448 2517 1505 Christo
2539 1451 2785 1522 adeptam
2804 1489 2820 1517 ,
2851 1460 2904 1506 et
2937 1452 3176 1507 nativam
3204 1452 3324 1522 ejus
3352 1452 3530 1524 digni-

1967 1550 2172 1610 tatem,
2216 1559 2339 1614 quae
2364 1545 2418 1598 in
2463 1543 2847 1600 lncarnatione
2882 1544 3115 1609 ell'ulsit,
3161 1546 3285 1616 quis
3330 1548 3532 1617 poterit

1971 1649 2223 1689 sermone
2250 1635 2577 1705 complecti?
2611 1634 2823 1709 Quippe
2852 1640 2946 1707 qui
2964 1677 2980 1703 ,
3009 1645 3185 1694 morte
3208 1654 3529 1710 oppressus.

297 1737 354 1789 δὲ
394 1737 474 1799 είς
522 1735 829 1807 ἀφθαρσίαν
856 1735 1038 1808 χάριτι
1085 1733 1247 1789 αὑτοῦ
1278 1733 1746 1805 ζωοποιουμένων,
1776 1732 1870 1786 καὶ

1975 1726 2225 1783 omnibus
2251 1728 2425 1799 gratia
2463 1743 2563 1783 sua
2591 1729 2761 1784 vitam
2804 1731 3163 1787 immortalem
3208 1732 3439 1802 largitur
3477 1748 3528 1787 ε.

301 1831 483 1884 πίστει
516 1828 918 1901 λυτρουμένων.
953 1826 1153 1891 Διττῶς
1182 1827 1411 1880 νοεῖται·
1450 1824 1606 1879 τοῦτο
1640 1825 1757 1896 μὲν,
1786 1824 1866 1877 ὃτι

1975 1820 2219 1876 salutem.
2265 1819 2474 1891 Duplici
2506 1821 2574 1876 de
2613 1836 2779 1879 causa
2811 1822 2921 1877 haec
2951 1822 3209 1878 dicuntur
3242 1843 3256 1878 :
3287 1822 3530 1879 Primum

300 1922 520 1992 ἐδέησεν
549 1921 863 1991 ἀναγκαίως
885 1918 1140 1990 γενέσθαι
1170 1918 1268 1990 τὴν
1293 1918 1595 1989 παρουσίαν
1623 1915 1717 1970 τοῦ
1752 1917 1866 1969 Σω-

299 2017 464 2088 τῆρος
499 2015 586 2069 διὰ
620 2014 688 2068 τά
723 2013 964 2086 ἡμέτερα
1006 2013 1440 2083 παρανομήματα
1462 2026 1475 2039 ·
1507 2010 1607 2063 οὐκ
1649 2009 1715 2063 ἂν
1759 2007 1869 2079 γὰρ

302 2104 483 2177 χώραν
522 2104 676 2175 ἔσχεν
707 2105 742 2175 ἡ
773 2102 869 2156 τοῦ
910 2102 1157 2173 Σωτῆρος
1196 2100 1445 2173 ὲνδημία,
1479 2098 1639 2171 ἡμῶν
1692 2097 1766 2169 μὴ
1811 2099 1869 2150 ὲν

302 2196 664 2269 παρανομίαις
689 2193 1082 2260 ὲξετασθέντων
1106 2209 1120 2223 ·
1159 2190 1318 2246 τοῦτο
1347 2192 1424 2257 δὲ,
1459 2193 1541 2245 ὅτι
1567 2190 1658 2243 ὑπ’
1691 2187 1870 2244 αὐτῶν

300 2287 409 2340 τῶν
438 2287 677 2358 ἀνομιῶν
706 2287 786 2349 είς
811 2285 904 2338 τὸν
938 2283 1166 2338 θάνατον
1192 2282 1353 2355 ῆχθη.

399 2379 536 2432 Οσον
561 2376 659 2449 μὲν
680 2370 815 2449 ἧκεν
845 2377 924 2439 εἰς
964 2374 1161 2446 ἑαυτὴν
1186 2375 1283 2446 τὴν
1303 2374 1485 2446 φωνὴν
1502 2373 1870 2441 ἀνεξετάστως

298 2467 738 2540 λαμϐανομένην,
765 2466 1005 2539 κατάρας
1036 2465 1132 2519 καὶ
1162 2466 1261 2518 οὑκ
1283 2464 1529 2534 εὐλογίας
1562 2460 1700 2518 εἶναι
1727 2464 1872 2519 δοκεῖ

300 2559 567 2632 ἔμφασις·
621 2560 691 2632 ῆν
747 2558 806 2612 δέ
867 2575 952 2622 τις
996 2557 1087 2611 τὸν
1134 2557 1554 2628 ὲναποκείμενον
1604 2554 1730 2609 νοῦν
1776 2557 1871 2611 ἀν-

303 2652 533 2724 ιχνεύειν
585 2652 836 2724 ἐθελήσῃ.
882 2651 1104 2722 εὑρήσει
1173 2649 1411 2720 πέλαγος
1462 2647 1871 2720 φιλανθρωπίας

300 2746 750 2816 ὲναποκείμενονο
786 2746 912 2809 τοὺς
960 2746 1070 2817 γάρ
1117 2744 1386 2817 πονηροὺς
1436 2745 1530 2799 καὶ
1561 2745 1620 2797 ὲν
1658 2743 1871 2813 πλούτῳ

301 2837 598 2909 αὐχοῦντας
617 2839 709 2893 καὶ
731 2837 1282 2909 καταδεδικασμένους
1308 2835 1542 2908 θανάτῳ,
1566 2837 1690 2890 ὅσον
1712 2830 1867 2907 ἧκεν,

304 2932 369 2983 ἐκ
417 2930 525 2982 τῶν
572 2931 753 2994 αὑτοῖς
802 2930 1175 3002 εἰργασμένων
1230 2930 1473 3001 ῥύσεται,
1522 2927 1866 2990 πιστεύοντας

303 3022 396 3073 καὶ
438 3022 909 3093 παραδεχομένους
958 3021 1050 3075 τὸν
1078 3020 1302 3076 θάνατον
1350 3019 1444 3073 τοῦ
1472 3019 1763 3090 οΣωτῆρος,
1811 3016 1871 3082 ὃς

302 3109 453 3164 ἔσται
504 3113 686 3174 αὐτοῖς
752 3110 1230 3182 ἀντικατάλλαγμα
1295 3109 1699 3182 καρπουμένοις
1750 3107 1870 3161 ἀντὶ

301 3204 477 3275 ταφῆς
500 3204 593 3257 καὶ
625 3201 852 3257 θανάτου
889 3201 1032 3273 ζωὴν
1055 3201 1268 3256 αίώνιον
1297 3201 1391 3254 καὶ
1424 3198 1699 3270 ἄφθαρτον
1740 3198 1873 3253 aea-

303 3297 684 3438 ναξίέὑινάδικον
745 3381 1101 3453 ὲμπαροινίαν
1150 3376 1245 3433 τοῦ
1293 3378 1537 3433 διαϐόλου
1584 3378 1753 3450 δηλοῖ,
1806 3378 1874 3451 ἢν

307 3476 400 3527 ἐπὶ
445 3473 538 3526 τοῦ
591 3473 846 3544 Σωτῆρος
883 3471 1039 3543 ἡμῶν
1076 3470 1414 3535 ἐπεδείξατοσ
1451 3470 1719 3541 μηδεμιᾶς
1766 3468 1875 3542 γάρ

310 3565 578 3638 ἁμαρτίας
607 3546 922 3637 εὑρεθείσης
951 3566 1008 3617 ἐν
1038 3566 1105 3635 τῇ
1138 3563 1277 3616 κατά
1311 3562 1486 3634 σάρκα
1518 3561 1683 3615 αὑτοῦ
1721 3560 1874 3615 πολι-

307 3660 446 3728 τείᾳ,
478 3656 591 3711 ἀλλ’
624 3656 1003 3728 ἀναμαρτήτου
1034 3654 1293 3726 μεινάσης
1320 3657 1418 3725 τῆς
1452 3653 1672 3727 σαρκὸς,
1705 3653 1877 3718 οὕτως

308 3750 384 3814 ὡς
415 3750 555 3804 κατά
586 3750 772 3820 ὲνόχου
801 3748 1071 3820 ἁμαρτίας
1098 3747 1394 3819 γενομένης
1426 3748 1602 3818 ἐπῆγε
1641 3747 1734 3802 τὸν
1783 3746 1877 3801 θά-

310 3858 489 3908 νατον,
519 3842 731 3905 δεικνὺς
775 3840 875 3913 τὴν
908 3839 1102 3893 ἑαυτοῦ
1149 3838 1454 3910 ἀρχέκακον
1492 3838 1724 3892 κακίαν·
1758 3838 1874 3893 ἀνθ’

309 3928 384 3988 ὧν
441 3933 657 4003 εὔλογος
707 3933 973 4004 λύτρωσις
1026 3932 1233 4001 γίνεται
1283 3934 1394 3995 τοῖς
1445 3931 1550 3984 ὑπὸ
1600 3930 1875 4003 ἁμαρτίαν

310 4027 619 4080 πίπτουσιν.

381 4121 589 4191 Ὠσπερ
631 4118 700 4172 τὰ
751 4121 881 4190 ἡμῖν
925 4118 1339 4191 χρεωστούμενα
1376 4116 1674 4188 παθήματα
1715 4117 1876 4181 αὑτὸς

309 4210 701 4283 ἀναδεξάμενος
743 4209 1076 4282 ᾠκειώσατο,
1110 4209 1251 4263 οὑτω
1293 4210 1387 4264 κα)⁸
1417 4209 1514 4281 τὴν
1546 4210 1611 4263 ἐκ
1642 4208 1877 4273 πίστεως

308 4304 597 4375 γινομένην
627 4305 758 4374 ἡμῖν
795 4302 1062 4374 κάθαρσιν
1094 4302 1255 4357 αὑτὸν
1284 4302 1526 4373 δεδέχθαι
1552 4302 1771 4372 φάσκει.
1808 4331 1879 4342 —-

321 4392 582 4447 Ἐνταῦθα
607 4393 750 4446 δόσιν
794 4395 856 4447 οὑ
896 4393 994 4465 τὴν
1027 4394 1085 4446 ὲν
1113 4394 1326 4457 θυσίαις
1368 4393 1584 4463 φάσκει,
1615 4392 1751 4447 ἀλλά
1778 4394 1877 4466 τὴν

1972 1912 2191 1982 quidem
2222 1912 2350 1983 quia
2376 1921 2599 1984 propter
2621 1924 2841 1985 peccata
2870 1924 3058 1971 nostra
3088 1914 3370 1971 Salvatore
3398 1916 3535 1971 indi-

1974 2021 2162 2076 gemus
2188 2045 2204 2070 ,
2237 2019 2339 2061 nec
2370 2004 2567 2061 luisset
2597 2022 2697 2062 cur
2719 2007 2927 2063 veniret
2952 2006 3225 2074 Salvator,
3258 2006 3367 2064 nisi
3398 2022 3533 2079 pec-

1972 2097 2109 2154 catis
2135 2096 2430 2154 fuissemus
2451 2098 2629 2154 obruti
2639 2116 2661 2176 β
2691 2098 2885 2156 deinde
2912 2100 3040 2171 quia
3075 2099 3144 2155 ab
3167 2100 3303 2173 ipsis
3329 2101 3535 2172 iniquia

1973 2190 2178 2246 tatibus
2208 2190 2276 2246 ad
2300 2198 2529 2247 mortem
2559 2191 2759 2248 ductus
2783 2202 2885 2249 est.
2893 2216 2907 2263 λ

2047 2368 2213 2426 Vens.
2242 2370 2296 2426 9.
2349 2370 2480 2438 Quae
2526 2372 2595 2427 ad
2643 2374 2868 2430 verbum
2934 2376 3343 2435 inconsiderate
3390 2380 3537 2434 acci-

1973 2463 2142 2534 pienti
2197 2464 2612 2522 maledictiones
2655 2481 2779 2523 esse
2820 2466 3173 2536 videbuntur,
3221 2486 3332 2526 non
3371 2470 3538 2527 bene-

1974 2556 2258 2615 dictiones.
2281 2557 2438 2626 Quod
2464 2558 2510 2615 si
2530 2574 2659 2616 vero
2677 2561 2934 2617 latentem
2956 2570 3191 2619 mentem
3213 2564 3539 2636 investigare

1974 2652 2249 2719 volueris,
2302 2650 2547 2725 reperies
2588 2653 2652 2711 in
2701 2654 2807 2709 hoc
2847 2669 3101 2712 sermone
3148 2657 3541 2714 misericordiae“

1974 2760 2260 2800 oceanum.
2300 2745 2435 2801 Nam
2473 2746 2743 2817 pessimos
2780 2754 2834 2802 et
2873 2746 3080 2805 divitiis
3111 2749 3442 2820 gloriantes,
3472 2765 3541 2806 ac

1973 2844 2149 2892 morte
2177 2836 2463 2894 damnatos
2486 2879 2502 2904 ,
2536 2848 2799 2909 quantum
2834 2839 2984 2896 ineo
3015 2840 3153 2904 erit,
3184 2841 3253 2896 ab
3279 2842 3540 2913 operibus

1974 2945 2166 2986 eorum
2223 2931 2513 2997 liberabit,
2545 2933 2841 2989 dummodo
2885 2935 2941 2989 in
2982 2936 3449 3010 ipsumcredant,
3484 2946 3540 2991 et

1977 3022 2278 3079 Salvatoris
2301 3031 2531 3080 mortem
2552 3024 2848 3096 excipiant,
2878 3042 2999 3098 quae
3024 3028 3133 3084 illis
3154 3031 3376 3099 praemio
3397 3030 3535 3098 erit;

1974 3132 2075 3189 pro
2107 3118 2387 3189 sepultura
2424 3132 2489 3173 ac
2535 3127 2712 3175 morte
2745 3123 2915 3175 vitam
2965 3130 3225 3179 aeternam
3254 3131 3310 3179 et
3353 3125 3535 3180 incor-

1973 3211 2287 3280 ruptibilem
2319 3211 2783 3269 immortalitatem
2815 3214 3099 3285 largietur.

2044 3386 2252 3442 lndicat
2314 3388 2404 3444 hic
2473 3403 2636 3459 quam
2706 3391 3096 3449 contumeliose
3174 3392 3448 3469 diabolus}
3481 3414 3537 3455 ιη

1976 3478 2307 3537 Salvatorem
2362 3482 2726 3540 debacchatus
2785 3484 2876 3539 sit.
2932 3483 3101 3550 Nam,
3157 3485 3286 3543 licet
3327 3492 3534 3546 nullum

1974 3583 2249 3645 repertum
2281 3575 2354 3631 sit
2383 3578 2438 3631 in
2460 3578 2667 3632 carnali
2693 3577 2814 3647 ejus
2847 3580 2955 3633 vita
2981 3590 3287 3651 peccatum,
3318 3592 3374 3641 et
3399 3601 3536 3655 pura

1974 3669 2332 3725 remansisset
2358 3670 2480 3740 ejus
2523 3685 2651 3725 caro
2686 3681 2849 3741 atque
2895 3673 3140 3744 integra,
3175 3675 3421 3733 diabolus
3450 3688 3538 3732 ta-

1974 3778 2097 3818 men
2133 3778 2257 3818 eum
2279 3804 2294 3829 ,
2332 3765 2479 3818 velut
2511 3773 2850 3835 peccatorem
2876 3808 2891 3834 ,
2924 3774 3099 3823 morte
3135 3767 3348 3836 aﬂ‘ecit,
3383 3786 3536 3825 sum-

1975 3872 2118 3910 mam
2169 3872 2322 3912 suam
2351 3859 2646 3929 nequitiam
2694 3859 3000 3915 declarans.
3037 3858 3155 3927 Qua
3193 3863 3407 3929 ratione
3448 3863 3540 3933 ju-

1975 3964 2100 4020 gum
2127 3949 2358 4007 feliciter
2386 3953 2623 4007 solutum
2653 3960 2737 4009 est
2767 3964 2990 4023 peccato
3025 3955 3469 4013 inservientibus.

2048 4132 2212 4188 Vens.
2249 4132 2337 4188 l0.
2378 4132 2448 4187 Ut
2475 4133 2695 4189 meritas
2723 4135 2884 4190 nobis
2920 4150 3114 4206 pmnas
3144 4134 3249 4191 iste
3283 4135 3535 4193 Christus

1976 4227 2284 4298 suscipiens
2310 4243 2408 4299 pro
2438 4227 2597 4283 nobis
2630 4229 2873 4299 pertulit,
2906 4229 2980 4283 ita
3013 4229 3214 4285 dicitur
3236 4239 3289 4287 et
3319 4232 3538 4286 mundi-

1976 4319 2107 4373 tiam
2128 4359 2143 4385 ,
2178 4317 2339 4375 nobis
2367 4335 2464 4390 per
2494 4319 2651 4375 ﬁdem
2691 4321 2936 4391 adeptam
2957 4360 2972 4386 ,
3008 4320 3117 4377 Deo
3150 4323 3539 4393 acceptabilenr

1978 4409 2113 4466 fore.
2142 4441 2213 4451 —
2241 4409 2343 4467 Hic
2368 4410 2485 4465 dari
2517 4410 2621 4467 sibi
2651 4410 2806 4483 jubet
2843 4428 2950 4467 non
2974 4413 3223 4468 victimas
3244 4452 3260 4477 ,
3296 4414 3392 4470 sed
3419 4415 3540 4469 cul-

311 4485 410 4539 σὺν
452 4484 701 4556 αἰσθήσει
749 4486 842 4539 κα)⁸
881 4486 1136 4557 μετανοίᾳ
1161 4503 1175 4516 ·
1208 4486 1276 4556 ἢν
1306 4487 1364 4539 ὲν
1412 4488 1534 4549 ταῖς
1580 4484 1871 4555 ἁμαρτίαις

1980 4512 2093 4556 tum
2121 4503 2291 4558 animi
2314 4504 2519 4559 conscii
2561 4511 2615 4559 et
2658 4504 2918 4569 contriti,
2948 4521 3057 4575 quo
3090 4516 3407 4576 peccatores
3426 4523 3539 4561 non

308 4576 639 4649 ποιούμενοι,
694 4576 837 4631 ἴασιν
880 4576 1123 4648 ἐδέχοντο
1165 4576 1420 4648 ψυχικὴν,
1473 4577 1534 4630 οὑ
1584 4577 1741 4647 μόνον
1776 4576 1874 4648 τὴν

308 4669 542 4724 ἐνταῦθα
571 4668 714 4739 ζωὴν
742 4669 953 4731 ἑαυτοῖς
982 4668 1510 4739 πραγματευόμενοι.

392 4759 607 4831 Ἐπειδὴ
637 4759 714 4812 ἔτι
745 4760 933 4831 κέρδος
978 4762 1179 4814 οίκεῖον
1222 4762 1251 4813 ὁ
1294 4758 1589 4832 μονογενὴς
1629 4759 1755 4823 Υἱὸς
1781 4758 1875 4813 τοῦ

309 4850 443 4904 θεοῦ
495 4850 701 4904 τίθεται
746 4850 846 4921 τὴν
893 4849 1168 4921 ἡμετέραν
1217 4849 1513 4921 σωτηρίαν,
1559 4849 1745 4921 διόπερ
1785 4850 1877 4903 καὶ

312 4943 471 5013 σῶμα
502 4941 751 5005 ἀνέλαϐε,
805 4942 900 4995 κα)⁸
948 4940 1019 4993 τά
1058 4940 1199 5012 ὑπὲρ
1260 4941 1415 5012 ἡμῶν
1438 4940 1643 5013 ὑπέστη
1679 4941 1823 5005 πάθη
1859 4958 1873 4971 ·

311 5034 622 5102 ἀναγκαίως
658 5032 753 5085 καὶ
804 5032 961 5086 πόνον
1000 5031 1163 5086 αὑτοῦ
1216 5031 1559 5103 ἀφαιρεῖσθαι
1606 5032 1802 5101 φάσκει
1849 5033 1879 5085 ό

309 5123 473 5177 αὑτοῦ
502 5122 689 5192 Πατὴρ
731 5122 829 5193 τὴν
862 5123 1138 5193 ἡμετέραν
1171 5121 1313 5175 ἴασίν
1357 5138 1417 5175 τε
1451 5122 1543 5175 καὶ
1576 5121 1838 5195 κάθαρσιν
1858 5137 1873 5152 ·

313 5214 406 5266 καὶ
440 5212 554 5281 φῶς
596 5212 744 5282 αὑτῴ
776 5213 946 5276 δεῖξαι
989 5212 1080 5265 τόν
1119 5213 1384 5284 ἡμέτερον
1427 5211 1726 5282 φωτισμὸν,
1755 5212 1876 5265 καθ’

311 5305 370 5357 ὃν
416 5305 870 5375 κατηυγαζόμεθα
901 5306 1034 5375 πρὸς
1063 5305 1389 5374 Θεογνωσίαν
1436 5306 1530 5358 καὶ
1561 5304 1875 5373 ἐπίγνωσιν,

312 5396 684 5468 ἀμειϐομένων
730 5398 836 5453 τῶν
881 5398 1027 5469 ἠθῶν
1074 5398 1166 5451 ἐπὶ
1206 5397 1268 5450 τὸ
1304 5397 1530 5467 βέλτιον,
1580 5398 1674 5451 καὶ
1718 5414 1877 5468 μετα·

314 5489 692 5559 πλαττομένων
735 5493 800 5561 τῇ
849 5490 941 5543 τοῦ
971 5489 1106 5543 Θεοῦ
1146 5489 1376 5543 συνέσει.
1414 5488 1521 5542 Τοῦ
1559 5487 1878 5560 μονογενοῦς

313 5578 445 5634 Υίοῦ
459 5578 553 5635 τοῦ
582 5580 713 5633 Θεοῦ
737 5581 855 5635 κατ’
881 5582 1098 5653 ἐντολὴν
1125 5580 1394 5654 πατρικὴν
1418 5583 1593 5637 πάντα
1619 5582 1878 5654 πράττον-

382 5784 428 5816 θ’
453 5778 555 5837 lsa.
590 5797 707 5850 Lm,
741 5783 793 5838 7.

1976 4608 2296 4665 corpoream
2323 4605 2532 4651 tantum
2557 4596 2744 4663 vitam,
2770 4595 2866 4652 sed
2886 4605 2941 4652 et
2962 4596 3304 4667 spiritualem
3333 4599 3547 4654 sanitac

1977 4691 2085 4741 tem
2112 4695 2590 4755 consequerentur.

2048 4775 2213 4834 Vens.
2243 4779 2329 4836 ll.
2360 4779 2494 4835 Cum
2523 4780 2752 4835 salutem
2780 4788 3023 4835 nostram
3058 4796 3198 4837 onus
3230 4796 3353 4837 esse
3376 4788 3537 4836 suum

1976 4870 2308 4940 reputaverit
2337 4869 2652 4941 unigenitus
2700 4869 2796 4925 Dei
2846 4868 3017 4925 Filius
3038 4910 3053 4935 ,
3086 4877 3140 4924 et
3168 4869 3291 4925 ideo
3316 4884 3537 4924 carnem

1977 4961 2282 5031 susceperit
2328 4975 2392 5015 ac
2439 4976 2538 5031 pro
2587 4962 2745 5017 nobis
2800 4960 2874 5015 sit
2922 4975 3158 5031 passus,
3203 4969 3353 5017 recte
3404 4961 3540 5015 dicit

1975 5053 2137 5108 Pater
2159 5068 2218 5109 se
2244 5053 2360 5107 nati
2387 5054 2603 5108 dolores
2633 5053 2866 5118 auferre,
2899 5069 3002 5109 nos
3021 5053 3264 5108 sanando
3296 5061 3349 5108 et
3382 5068 3542 5106 mun-

1976 5145 2190 5213 dando;
2225 5144 2412 5215 adjicit
2441 5160 2499 5200 se
2527 5144 2815 5200 ostendere
2847 5145 2896 5199 ei
2922 5146 3123 5209 lucem,
3151 5144 3298 5198 illam
3329 5143 3538 5199 scilicet

1975 5253 2083 5309 qua
2117 5238 2405 5293 illuminati
2453 5237 2521 5291 ad
2571 5238 2853 5293 scientiam
2893 5245 2947 5293 et
2992 5235 3402 5307 intelligentiam
3443 5233 3534 5290 Dei

1976 5330 2336 5395 illustramur,
2383 5330 2623 5384 moribus
2656 5329 2710 5383 in
2758 5329 2953 5384 melius
2984 5328 3261 5383 conversis
3300 5334 3355 5382 et
3381 5325 3535 5395 juxta

1975 5419 2072 5477 Dei
2100 5431 2370 5492 praecepta
2402 5422 2730 5476 informatis.
2777 5420 3069 5491 Unigenito
3095 5419 3188 5475 Dei
3218 5416 3380 5482 Filio,
3412 5427 3539 5472 cum

1976 5509 2153 5565 Patris
2188 5510 2440 5565 mandata
2486 5510 2813 5582 perlicienda
2856 5517 3073 5575 essent,
3116 5517 3169 5565 et
3198 5508 3380 5564 omnis
3418 5508 3541 5577 ejus

1978 5617 2131 5658 mens
2165 5600 2392 5659 ﬁdeliter
2424 5602 2728 5674 implenda,
2760 5618 2985 5661 necesse
3022 5611 3140 5659 erat
3184 5609 3242 5658 ut
3290 5600 3546 5658 Salvator
