3984 6212
470 328 607 384 I359

468 440 678 500 mantili
705 455 762 496 se
791 439 1067 507 cingeret,
1111 439 1166 486 et
1207 443 1402 500 aquam
1435 425 1745 480 infunderet
1775 422 1831 475 in
1861 417 2030 472 label-
2059 416 2104 475 Α

471 537 617 596 lum,
661 539 966 599 cunctaque
1017 539 1298 582 servorum
1353 534 1579 576 munera
1627 516 1853 572 subiret.
1900 512 2031 578 Quae

469 625 654 681 omnia
699 622 872 676 Filius
910 617 1093 675 studio
1142 615 1431 687 praestitit,
1481 612 1666 666 cibum
1707 622 1866 664 suum
1913 619 2036 660 esse

471 731 746 775 asserens.
783 723 842 767 ut
871 713 1032 768 faciat
1060 711 1392 765 voluntatem
1418 705 1596 760 Patris
1619 704 1685 758 ".

548 985 712 1042 Vens.
747 986 832 1040 li.
874 981 1161 1038 Possessio
1193 979 1316 1034 Filii
1343 986 1607 1032 vocantur
1641 974 1954 1046 quicunque
1982 968 2036 1023 in

474 1095 597 1138 eum
627 1079 888 1144 credunt,
936 1093 1036 1132 nec
1070 1074 1340 1128 immerito
1381 1070 1598 1126 eosdem
1648 1075 1804 1122 antea
1839 1063 2037 1119 diaboli

478 1175 652 1245 spolia
697 1173 868 1227 fuisse
917 1170 1146 1224 dixeris.
1190 1166 1324 1221 Cum
1373 1162 1687 1234 unigenitus
1735 1159 1829 1213 Dei
1865 1158 2040 1212 Filius

477 1267 715 1322 mirabili
747 1264 1123 1321 incarnatione
1153 1277 1252 1316 sua
1282 1272 1474 1314 omnes
1505 1253 1573 1309 ad
1620 1253 1798 1306 Patris
1838 1259 1891 1306 et
1917 1248 2039 1304 Filii

481 1362 807 1431 agnitionem
871 1355 1193 1418 deduxerit,
1245 1354 1312 1407 ab
1362 1349 1646 1407 erroribus
1702 1355 1756 1402 et
1813 1344 2043 1415 imperio

480 1453 678 1507 diaboli
705 1452 962 1505 liberatos
983 1488 999 1513 ,
1032 1463 1190 1516 quem
1227 1445 1417 1498 fortem
1449 1457 1574 1497 esse
1610 1445 1862 1495 errantes
1891 1436 2044 1507 prius

480 1545 906 1606 existimabant,
952 1548 1102 1595 recte
1130 1555 1232 1593 nos
1285 1539 1352 1592 ab
1384 1551 1451 1591 eo
1499 1533 1769 1604 possideri
1811 1531 2045 1585 dicimur

482 1638 773 1708 participes
810 1637 931 1704 ejus
958 1634 1134 1690 eﬂ‘ecti
1159 1673 1174 1697 ,
1207 1633 1441 1700 spoliato
1473 1629 1711 1692 diabolo,
1752 1627 1840 1680 cui
1871 1625 2047 1678 inser-

483 1735 595 1788 vire
621 1732 964 1787 videbamur.
2081 1757 2120 1809 Β

555 1891 688 1947 Car.
722 1889 859 1954 LIV,
891 1887 1056 1943 Vens.
1095 1889 1146 1942 l.
1197 1885 1326 1952 Quae
1354 1900 1448 1956 per
1481 1897 1798 1954 anagogiam
1825 1881 1892 1936 de
1936 1880 2051 1934 sin-

486 1985 627 2054 gulis
651 1983 846 2038 animis
893 1983 1073 2037 valent
1115 1981 1198 2034 sui
1232 1979 1559 2042 incuriosis;
1592 1975 1893 2046 praesertim
1923 1987 2050 2028 vero

487 2077 554 2130 de
586 2077 866 2131 vocatione
891 2073 1129 2144 gentium
1175 2087 1294 2142 quae
1316 2111 1332 2134 ,
1383 2068 1665 2123 Salvatore
1694 2066 2014 2122 adveniente
2033 2107 2048 2131 ,

488 2167 747 2236 augenda:
772 2176 825 2220 et
856 2163 1284 2234 tnultiplicandze
1313 2171 1496 2220 erant.

559 2261 724 2316 Vsus.
753 2259 807 2313 2.
845 2256 974 2323 Quae
1003 2256 1222 2326 quidem
1255 2255 1321 2310 ad
1358 2256 1531 2325 ipsam
1573 2252 1873 2309 Jerusalem
1913 2249 2052 2304 refe-

490 2351 694 2418 renda,
740 2357 861 2422 post
905 2349 1270 2418 captivitatem
1322 2347 1659 2418 augendam;
1698 2346 1897 2401 rectius
1926 2358 2054 2400 vero

492 2446 559 2500 ad
610 2446 757 2516 ipsas
806 2442 1069 2499 ecclesias
1123 2440 1370 2512 quotidie
1414 2440 1670 2494 dilatatas
1715 2446 1770 2494 et
1827 2435 2029 2508 amplili
2077 2467 2080 2472 -

493 2546 665 2599 catas,
710 2535 1094 2591 accedentibus
1119 2549 1474 2605 quoscunque
1503 2533 1675 2604 gratia
1707 2530 1802 2588 Dei
1845 2545 2044 2601 permo

491 2631 665 2692 verit;
717 2628 983 2699 intelliges
1027 2627 1194 2682 etiam
1251 2642 1317 2682 ea
1378 2627 1447 2682 de
1503 2639 1829 2696 quacunque
1879 2622 2056 2676 anima

493 2720 705 2793 egregie
733 2719 986 2774 mandata
1014 2718 1104 2774 Dei
1136 2719 1468 2790 perﬁciente.

566 2905 733 2962 Vens.
766 2906 818 2962 5.
863 2904 1127 2977 Loquitur
1162 2904 1252 2960 hic
1283 2918 1448 2959 sensu
1492 2901 1792 2972 anagOgico
1833 2899 1901 2954 de
1934 2915 2062 2969 gen-

497 3001 674 3066 tibus,
720 3001 787 3055 ab
819 3000 988 3054 Israel
1030 3014 1141 3052 non
1173 3005 1229 3050 ut
1261 3004 1484 3066 pereant
1523 2993 1741 3065 quidem
1776 2991 2063 3063 possiden-

499 3095 607 3161 dis,
641 3094 737 3148 sed
770 3101 828 3146 ut
858 3107 964 3146 una
997 3090 1100 3145 ﬁde
1130 3089 1418 3144 credentes
1446 3101 1571 3142 cum
1607 3086 1728 3156 ipso
1761 3084 2062 3141 salventur.
2091 3100 2136 3158 α

579 3273 741 3329 Vens.
775 3274 824 3327 7.
862 3273 1071 3327 Cuncta
1135 3286 1194 3326 se
1238 3270 1382 3325 mala
1423 3269 1685 3325 oblivioni
1733 3268 2061 3322 traditurum

503 3371 727 3427 indicat.
765 3370 856 3424 Sic
893 3368 1036 3422 enim
1088 3367 1264 3436 inquit
1301 3383 1313 3418 :
1351 3363 1683 3419 (londonabo
1712 3361 2067 3432 negligentias

505 3474 649 3524 tuas.
673 3473 733 3517 ut
757 3465 865 3532 jam
887 3473 996 3513 non
1016 3458 1248 3528 amplius
1281 3455 1379 3509 tibi
1410 3469 1592 3508 earum
1627 3453 1943 3507 memoriam
1973 3466 2035 3505 ex

506 3555 780 3625 probrem,
835 3550 981 3622 quod
1037 3548 1215 3603 facere
1250 3547 1426 3603 solent
1453 3546 1546 3616 qui
1588 3545 1772 3613 lapsas
1814 3542 2071 3597 mulieres

507 3645 572 3698 ad
602 3651 814 3714 tempus
848 3641 1121 3710 rejiciunt.

581 3734 742 3790 Vens.
768 3735 852 3789 ll.
886 3731 1285 3788 lnclementiam
1314 3729 1402 3784 hic
1422 3726 2069 3784 declaratChaldteornm.

509 3829 719 3898 Quippe
757 3827 870 3897 qui,
896 3841 1093 3880 munus
1123 3838 1248 3878 cum
1282 3821 1622 3891 accepissent
1656 3833 1686 3871 a
1721 3815 1830 3872 Deo
1856 3817 2071 3870 lsraeli-

510 3927 592 3974 tas
628 3929 844 3989 propter
893 3922 1115 3987 peccata
1169 3912 1460 3983 puniente,
1510 3924 1608 3964 sua
1640 3907 1804 3962 etiam
1851 3907 2074 3962 nuidine

509 4013 787 4080 graviores
838 4011 894 4065 in
947 4024 1040 4064 eos
1087 4020 1278 4077 poenas
1313 4003 1758 4073 excogitaverunt
1810 4007 1864 4056 et
1900 4001 2076 4056 inten-

511 4107 732 4164 derunt.

589 4196 750 4252 Vatis.
782 4196 862 4250 Π.
894 4191 1342 4265 Nilprolecturos
1370 4188 1610 4247 hostium
1642 4187 1897 4241 incursus
1921 4183 2074 4246 dicit,

512 4289 632 4359 ipso
671 4286 964 4342 Jerusalem
992 4292 1341 4356 protegente;
1371 4296 1479 4336 non
1517 4278 1664 4333 enim
1688 4276 1887 4332 valebit
1918 4289 2081 4328 omne

513 4395 612 4435 vas
642 4379 839 4434 hostile
869 4379 922 4432 in
955 4392 1087 4441 vos;
1121 4373 1434 4448 vosmetipsi
1469 4369 1819 4442 superabitis.

1617 301 1960 365 THEODORI
1998 297 2515 354 HERACLEENSlS

3596 281 3735 342 1360

2129 431 2241 478 τος,
2293 413 2388 468 καὶ
2443 415 2510 483 τῇ
2550 410 2765 479 ὑπακοῇ
2821 405 3147 478 πληροῦντας
3214 405 3399 456 πᾶσαν
3489 398 3732 453 ἐννοιανν

2133 504 2422 558 ἀκόλουθον
2461 503 2556 557 καὶ
2598 500 2659 555 τὸ
2696 499 3052 572 περιεζῶσθαι
3080 498 3286 551 λέντιον
3317 496 3414 548 τὸν
3454 493 3730 564 Σωτῆρα,

2134 597 2225 650 καὶ
2277 595 2419 664 ὕδωρ
2469 594 2649 665 βαλεῖν
2704 595 2782 655 εἰς
2825 593 2917 644 τὸν
2967 590 3238 660 νιπτῆρα,
3287 587 3384 640 καὶ
3435 585 3554 655 τὴν
3599 585 3734 654 πρὸς

2135 688 2312 742 πάντα
2346 687 2586 741 δουλείαν
2623 681 2978 748 ἀναδέξασθαι
2996 698 3011 712 ο
3037 675 3119 744 οἷς
3149 681 3283 732 πᾶσι
3307 677 3642 747 γενομένοις
3669 678 3732 728 ἐκ

2137 779 2443 852 προθυμίας
2492 777 2701 841 παιδὸς,
2752 775 2951 847 βρῶσιν
3004 773 3060 826 δὲ
3107 770 3468 840 λογιζομένου
3527 769 3732 838 ὑπηρε-

2135 874 2345 928 τεῖσθαι
2370 875 2483 936 τοῖς
2513 871 2605 925 τοῦ
2633 868 2845 940 Πατρός
2874 866 3163 936 θελήμασι.

2207 966 2552 1040 κληρονομία
2592 962 2721 1017 Υἱοῦ
2758 962 3001 1030 λέγονται
3036 958 3235 1020 πάντες
3265 960 3315 1010 οἰ
3356 955 3724 1018 πιστεύοντες

2138 1065 2218 1126 εἰς
2253 1060 2432 1123 αὐτὸν,
2465 1059 2651 1128 ὥσπερ
2678 1054 2772 1108 καὶ
2797 1048 3228 1124 προγεγενῆσθαι
3261 1049 3440 1101 σκῦλα
3477 1047 3725 1111 δικαίως,

2139 1149 2203 1203 ἄν
2236 1167 2320 1212 τις
2348 1149 2490 1201 είποι
2515 1146 2608 1199 τοῦ
2647 1143 2920 1198 διαϐόλου.
2972 1140 3188 1210 Ἐπειδὴ
3221 1139 3398 1192 τοίνυν
3431 1141 3462 1192 ό
3499 1157 3729 1210 μονογε-

2140 1243 2236 1314 νὴς
2270 1240 2396 1302 Υἱὸς
2435 1238 2528 1290 τοῦ
2565 1236 2698 1290 Θεοῦ
2733 1238 2798 1306 τῇ
2849 1234 3135 1305 θαυμαστῇ
3180 1231 3469 1303 οἰκονομίᾳ.
3516 1233 3732 1294 πάντας

2140 1333 2451 1404 ᾠκειώσατο
2485 1333 2564 1394 εἰς
2591 1330 2689 1402 τὴν
2716 1327 2929 1400 Πατρὸς
2953 1327 3046 1380 καὶ
3070 1323 3201 1378 Υἰοῦ
3223 1325 3446 1392 γνῶσιν,
3479 1325 3733 1377 ἀποσπά-

2145 1444 2243 1490 σας
2273 1425 2370 1495 τῆς
2400 1424 2607 1495 πλάνης
2633 1423 2725 1475 καὶ
2751 1421 2850 1491 τῆς
2875 1418 3184 1490 τυραννίδος
3214 1417 3307 1470 τοῦ
3337 1416 3595 1469 διαϐόλου
3621 1459 3636 1480 ,
3667 1416 3731 1468 ὃν

2149 1518 2364 1590 ἰσχυρὸν
2392 1516 2622 1588 ἡγοῦντο
2651 1509 2788 1566 εἶναι
2821 1513 2871 1564 οἰ
2897 1511 2956 1564 τὸ
2985 1509 3114 1580 πρὶν
3142 1508 3486 1578 πλανώμενοι
3504 1526 3518 1538 ·
3557 1509 3727 1575 ἀναγ-

2145 1612 2316 1674 καίως
2348 1608 2570 1671 τούτους
2601 1602 3104 1676 κεκληρονομῆσθαι
3139 1601 3336 1670 φάσκει
3379 1601 3574 1672 μερίδα
3620 1603 3722 1654 αὐ-

2147 1703 2239 1757 τοῦ
2273 1700 2622 1772 γεγενῆσθαι,
2671 1695 3053 1758 σκυλευθέντος
3084 1694 3176 1759 τοῦ
3207 1693 3481 1758 δοκοῦντος
3517 1693 3718 1755 αὐτοὺς

2149 1798 2370 1866 κρατεῖν
2397 1792 2664 1847 διαϐόλου.

2220 1885 2404 1938 Ταῦτα
2453 1883 2593 1937 κατὰ
2647 1884 2934 1951 ἁναγωγην
2986 1879 3078 1932 καὶ
3131 1880 3215 1942 εἰς
3265 1879 3493 1949 ἑκάστην
3538 1877 3714 1948 ψυχὴν

2151 1976 2466 2048 ὲκληπτέον,
2498 1974 2849 2046 ἀμελήσασαν
2877 1974 3075 2043 ἑαυτῆς
3093 1986 3108 2000 ·
3135 1969 3196 2024 οὐ
3225 1968 3327 2041 μὴν
3356 1970 3486 2023 ἀλλὰ
3517 1971 3611 2022 καὶ
3636 1971 3715 2031 εἰς

2150 2068 2246 2139 τὴν
2276 2067 2464 2138 κλῆσιν
2491 2065 2598 2118 τῶν
2629 2064 2798 2120 ἐθνῶν
2826 2063 3169 2134 αὐξηθέντων
3198 2064 3291 2114 καὶ
3322 2059 3704 2132 πληρωθέντων

2152 2164 2257 2217 ἀπὸ
2288 2165 2385 2235 τῆς
2409 2162 2501 2216 τοῦ
2533 2162 2779 2232 Σωτῆρος
2808 2159 3111 2231 παρουσίας

2223 2255 2332 2309 Καὶ⁸
2359 2253 2530 2308 ταῦτα
2559 2253 2644 2306 ἐπ’
2681 2252 2850 2324 αὐτῆς
2875 2251 2973 2322 τῆς
3013 2249 3359 2320 Ἰερουσαλὴμ
3385 2247 3670 2319 ἔκληπτέον
3689 2286 3705 2311 ,

2155 2347 2457 2418 αὐξομένης
2519 2344 2654 2417 μετά
2703 2345 2802 2416 τὴν
2845 2341 3248 2413 αἰχμαλωσίαν·
3298 2339 3619 2412 κυριώτερον
3652 2338 3708 2391 ὁὶ

2155 2440 2239 2493 ἐπ’
2267 2438 2443 2494 αὐτῶν
2469 2437 2578 2491 τῶν
2615 2435 2946 2506 Ἐκκλησιῶν
2984 2434 3262 2506 ὁσημέραι
3310 2432 3706 2502 πλατυνομένων

2157 2534 2249 2588 καὶ
2275 2531 2512 2585 ἐπίδοσιν
2552 2529 2941 2601 λαμϐανουσῶν
2997 2527 3085 2580 διὰ
3139 2526 3249 2578 τῶν
3289 2524 3708 2597 προστιθεμένων

2157 2625 2222 2694 τῇ
2267 2623 2446 2693 χάριτι
2518 2619 2610 2674 τοῦ
2681 2619 2846 2672 Θεοῦο
2921 2619 3122 2670 νοεῖται
3183 2615 3243 2667 δὲ
3311 2615 3405 2668 καὶ
3465 2614 3535 2676 είς
3585 2613 3704 2664 ἐκά-

2161 2731 2292 2785 στην
2335 2713 2509 2784 ψυχὴν
2550 2710 2906 2766 συντελοῦσαν
2954 2711 3033 2772 εἷς
3078 2727 3130 2761 τι
3174 2707 3285 2761 τῶν
3329 2707 3426 2777 τῆς
3461 2705 3698 2775 ἀληθείας

2161 2807 2361 2862 καλῶν.

2230 2901 2391 2968 Λέγει
2419 2899 2476 2952 δὲ
2504 2898 2598 2951 καὶ
2629 2895 2768 2950 κατὰ
2805 2893 3092 2964 ἀναγωγὴν
3125 2891 3376 2964 περὶτῶν
3412 2888 3570 2943 ὲθνῶν
3599 2884 3706 2940 τῶν

2167 2990 2465 3064 μελλόντων
2510 2989 2584 3058 μὴ
2625 2989 2704 3051 εἰς
2753 2987 2981 3040 θάνατον
3014 2982 3460 3055 κληρονομεῖσθαι
3499 2980 3586 3034 ὐπ’
3625 2977 3714 3030 αὐ·

2165 3084 2296 3150 τῶν,
2340 3082 2454 3136 ἀλλ’
2521 3083 2598 3143 εἰς
2671 3079 3020 3150 περιποίησιν
3074 3079 3165 3130 καὶ
3240 3073 3506 3146 σωτηρίαν
3563 3072 3709 3140 κοινῇ

2169 3175 2570 3231 πιστευσάντων
2602 3171 2710 3225 τῶν
2741 3171 2928 3224 ἐθνῶν.

2141 3291 2162 3314 ι
2237 3268 2310 3321 Τὸ
2342 3264 2715 3336 ἀμνησίκακον
2741 3260 2831 3314 τοῦ
2862 3259 2996 3312 Θεοῦ
3027 3258 3118 3311 καὶ
3147 3257 3198 3309 ἐν
3232 3253 3402 3324 τούτῳ
3426 3252 3674 3324 δηλοῦται
3694 3266 3708 3278 ⁸

2166 3361 2308 3414 οὕτω
2345 3358 2453 3430 γάρ
2483 3372 2635 3426 φησιο
2672 3353 3019 3423 Συγχωρήσω
3047 3349 3115 3403 τὰ
3150 3345 3589 3418 πλημμελήματὰ
3619 3359 3715 3405 σοι,

2168 3453 2242 3517 ὡς
2277 3451 2408 3523 μηδὲ
2451 3451 2530 3512 εἰς
2576 3447 2877 3517 ὑπόμνησιν
2911 3442 3090 3496 αὐτῶν
3124 3458 3255 3494 ποτε
3293 3439 3510 3493 ἐλθόντα
3542 3435 3719 3490 όνειδὶο

2172 3560 2296 3598 σαι·
2327 3541 2578 3611 καθάπερ
2607 3536 2850 3592 ποιοῦσιν
2877 3538 2925 3590 οἱ
2959 3537 3225 3606 γυναῖκας
3257 3529 3605 3602 ἁμαρτούσας
3627 3525 3724 3578 ὀλίο

2172 3655 2265 3707 γον
2303 3633 2726 3707 ἀπορρίψαντες.

2241 3729 2353 3798 Τῆς
2382 3724 2772 3796 ἀπανθρωπίας
2796 3721 3027 3776 ἐνταῦθα
3050 3722 3436 3792 κατηγορεῖται
3461 3717 3568 3771 τῶν
3599 3714 3726 3768 Χαλ·

2171 3823 2356 3887 δαίων,
2383 3817 2654 3873 λαϐόντων
2697 3816 2795 3888 μὲν
2842 3812 2994 3887 παρὰ
3040 3813 3134 3867 τοῦ
3176 3812 3312 3866 Θεοῦ
3360 3811 3422 3864 τὸ
3463 3811 3725 3878 ἐνδόσιμον

2173 3916 2266 3971 τοῦ
2291 3911 2707 3986 τιμωρήσασθαι
2744 3910 2869 3974 τοὺς
2910 3907 3248 3980 Ἰσραηλίτας
3275 3905 3364 3960 διὰ
3390 3905 3460 3958 τὰ
3489 3905 3729 3974 πλημμεη

2173 4009 2403 4078 ληθὲντα
2431 4007 2629 4068 αὐτοῖς,
2664 4002 2804 4074 ἰσχύϊ
2839 4001 2896 4054 δὲ
2937 4000 3042 4073 ἰδίᾳ
3082 3998 3454 4070 λογισαμένων
3495 3998 3590 4049 καὶ
3629 3997 3730 4047 ἐπι.-

2176 4099 2456 4155 τεινόντων
2487 4098 2668 4159 αὐτοῖς
2701 4093 2771 4148 τὰ
2801 4093 2968 4149 δεινά.

2247 4193 2357 4265 Τὴν
2383 4191 2530 4262 παρὰ
2557 4189 2662 4243 τῶν
2690 4187 2963 4258 πολεμίων
3002 4185 3186 4256 ἔφοδον
3225 4183 3325 4255 τῆς
3355 4181 3515 4235 αὐτοῦ
3567 4176 3728 4251 ῥοπῆς

2180 4281 2457 4355 παρούσης
2489 4281 2670 4343 αὐτοῖς
2711 4278 3060 4348 ἁδυνατήσειν
3106 4274 3288 4343 λέγει’
3324 4271 3443 4324 οὐδὲ
3479 4270 3591 4341 γὰρ
3632 4268 3730 4319 πᾶν

2184 4377 2372 4439 σκεῦος
2398 4372 2690 4445 πολεμικὸν
2723 4370 2930 4442 ἰσχύσει
2971 4368 3090 4423 καθ’
3120 4365 3309 4437 ὑμῶν’
3338 4365 3495 4434 ὑμεῖς
3528 4375 3734 4433 περιγε-

2111 4444 2158 4501 D
2185 4467 2411 4521 νῇσεσθε
2441 4464 2615 4535 ὑμῶν.

589 4559 717 4615 CAP.
750 4555 860 4623 LV,
896 4555 1061 4610 Vens.
1094 4555 1149 4609 ‘2.
1197 4555 1427 4609 Paratus
1462 4562 1545 4609 cst
1577 4552 1840 4608 Dominus
1871 4551 1941 4607 ad
1980 4551 2081 4606 du-

521 4651 725 4709 cendos
750 4650 1022 4714 homines,
1057 4649 1124 4704 ad
1157 4664 1251 4704 eos
1273 4649 1430 4704 bonis
1457 4647 1742 4704 donandos
1773 4647 2082 4702 misericors

522 4744 700 4811 Deus;
746 4758 848 4799 nec
885 4742 1028 4798 dona
1081 4742 1415 4814 temporaria
1464 4741 1626 4796 modo
1678 4741 1766 4794 hic
1815 4755 1874 4795 se
1926 4739 2085 4793 nobis

2251 4561 2506 4631 Ἕτοιμος
2543 4555 2618 4609 ὣν
2671 4553 2808 4627 πρὸς
2847 4550 2948 4615 τὰς
2984 4548 3246 4622 χορηγίας
3267 4548 3296 4600 ὁ
3327 4545 3627 4614 Δεσπότης,
3656 4539 3737 4593 καὶ

2183 4653 2359 4725 βρύων
2393 4653 2504 4714 τοῖς
2541 4647 2764 4718 ἀγαθοῖς
2813 4647 2842 4699 ό
2890 4642 3265 4714 φιλάνθρωπος
3303 4638 3461 4701 Θεός·
3493 4637 3561 4688 οὐ
3595 4632 3737 4725 μόνον

2181 4721 2292 4818 γαρ
2327 4745 2396 4798 τὰ
2428 4740 2660 4797 ἐνταῦθα
2704 4735 2885 4808 ἀγαθὰ
2921 4731 3318 4802 ἐπαγγέλλεται
3355 4727 3576 4792 δώσειν,
3622 4721 3739 4777 ἀλλὰ

521 4837 844 4907 largiturum
901 4834 1222 4899 annuntiat,
1264 4833 1373 4914 ‘sed
1427 4841 1480 4889 et
1534 4841 1735 4888 aeterna
1792 4832 1850 4886 in
1898 4833 2036 4888 coelo

2168 4839 2278 4893 ὶαὶ
2315 4835 2424 4890 τῶν
2452 4831 2742 4906 μετέπειτα
2775 4828 3007 4883 αἰωνίων
3030 4823 3249 4896 δωρεῶν
3277 4822 3374 4892 τὴν
3411 4818 3704 4872 ἀπόλαυσιν
3726 4829 3737 4841 ·

523 4929 659 4984 nihil
684 4927 831 4983 aliud
861 4944 890 4982 a
933 4928 1091 4983 nobis
1131 4926 1424 4996 deposcet,
1469 4926 1575 4980 nisi
1607 4925 1849 4979 animum
1874 4932 2088 4996 gratum

524 5030 578 5076 et
605 5020 838 5076 docilem
861 5060 876 5086 ,
908 5013 1122 5076 docenti
1151 5019 1580 5076 consentientem
1599 5059 1613 5086 ,
1639 5024 1692 5073 et
1720 5017 1940 5072 vocanti
1966 5032 2088 5071 cum

529 5113 712 5169 studio
743 5116 1185 5184 respondentem.

604 5203 765 5261 Vens.
799 5206 852 5261 '5.
887 5205 1123 5262 Auribus
1153 5205 1430 5261 attendere
1455 5204 1582 5260 dum
1608 5204 1795 5274 jubet,
1831 5217 1939 5257 non
1973 5218 2098 5258 sen-

532 5315 628 5356 sus
657 5300 902 5371 corporis
935 5298 1216 5354 intendere
1254 5298 1492 5355 videtur.
1527 5297 1662 5352 Nam
1697 5297 1874 5352 oculis
1922 5304 2098 5354 atten—

535 5392 760 5460 dentes,
791 5392 982 5448 iisdem
1026 5393 1216 5451 audire
1253 5407 1362 5447 non
1407 5393 1692 5458 valemus;
1733 5407 1834 5448 nec
1872 5392 2098 5447 auribus

537 5486 877 5552 attendenti,
915 5487 1104 5541 iisdem
1146 5487 1332 5543 videre
1383 5487 1527 5541 licet.
1599 5486 1755 5553 Quod
1815 5486 1977 5540 etiam
2035 5484 2100 5540 de

538 5581 750 5646 caeteris
806 5583 1052 5652 corporis
1083 5583 1334 5637 sensibus
1380 5582 1540 5636 valet.
1575 5579 1694 5646 Quo
1732 5587 1950 5635 constat
1977 5595 2101 5634 eum

615 5746 660 5780 "
675 5744 834 5802 “.loan.
880 5760 953 5810 Iv,
978 5744 1064 5799 54.

2187 4930 2337 4985 οὐδὲν
2361 4929 2547 5000 ἕτερον
2572 4925 2792 4980 ἀπαιτεῖ
2821 4921 2854 4992 ἢ
2891 4917 3208 4989 εὐγνώμονα
3233 4910 3532 4986 ἀκροατὴν,
3562 4907 3744 4963 συνιένο

2188 5040 2257 5078 τα
2293 5021 2388 5093 μὲν
2431 5019 2501 5073 τὰ
2541 5016 2827 5088 λεγόμενα,
2861 5010 3266 5083 προστρέχοντα
3303 5006 3361 5060 δὲ
3395 5004 3474 5076 τῷ
3500 5001 3744 5058 καλοῦντι

2195 5113 2310 5186 μετ’
2338 5110 2569 5173 εὐνοίας.

2218 5241 2239 5246 -
2263 5205 2336 5258 Τὸ
2371 5202 2657 5274 προσέχειν
2683 5197 2818 5252 ὠσὶν
2845 5197 2920 5261 ὡς
2947 5190 3080 5266 ἧκεν
3107 5193 3185 5255 εἰς
3234 5188 3334 5253 τὰς
3365 5186 3461 5241 τοῦ
3504 5185 3744 5274 σώματος

2197 5272 2484 5370 αἰσθήσεις
2521 5290 2874 5348 ἀνακόλουθον
2906 5283 3042 5341 εἶναι
3087 5285 3264 5338 δοκεῖ’
3313 5279 3613 5349 ὀφθαλμοῖς
3653 5272 3747 5370 γὰρ

2197 5364 2571 5464 προσέχοντες,
2615 5387 2727 5450 τοῖς
2766 5383 2950 5445 αὐτοῖς
2982 5379 3076 5433 καὶ
3117 5375 3334 5432 ἀκούειν
3363 5373 3423 5427 οὐ
3453 5364 3744 5464 δυνάμεθαῖ

2197 5450 2292 5536 καὶ
2340 5450 2471 5534 ἀισὶν
2519 5450 2825 5539 ἀκούοντες,
2869 5469 3076 5532 τούτοις
3133 5465 3349 5537 βλέπειν
3407 5461 3506 5532 οὐχ
3566 5453 3666 5513 οἷοί
3697 5450 3748 5505 τέ

2200 5579 2363 5645 ἐσμεν
2387 5591 2402 5606 ο
2433 5569 2631 5642 ὁμοίως
2661 5567 2717 5620 δὲ
2760 5563 2854 5619 καὶ
2901 5563 2994 5616 ἐπὶ
3032 5557 3140 5612 τῶν
3171 5554 3344 5612 ἄλλων
3371 5550 3480 5606 τῶν
3517 5547 3654 5604 κατὰ
3694 5540 3746 5594 τὸ
