3984 6212
270 259 402 316 Ιῦϐι

1689 273 1757 327 ΙΝ
1797 274 2049 333 ISAIAM.

3373 288 3513 348 £362

272 377 435 451 σῶμα
486 377 825 449 αἰσθήσεωνο
875 381 952 446 ὡς
1002 382 1066 437 ἐκ
1123 384 1312 438 τούτου
1356 386 1662 446 δείκνυσθαι
1717 409 1844 464 συμ-

1946 396 2107 453 nobis
2135 397 2456 463 consulere,
2488 405 2545 452 ut
2580 399 2755 455 oculis
2787 400 2953 453 animi
2982 408 3355 469 attenoamus,
3388 408 3508 475 qui-

272 469 544 540 βουλεύειν
587 471 771 536 αὐτοῖς
813 471 1101 544 προσέχειν
1129 474 1269 529 κατὰ
1297 479 1423 543 τοὺς
1467 479 1566 549 τῆς
1605 480 1842 548 διανοίας

270 562 602 633 ὀφθαλμοὺς,
634 562 757 617 καθ’
786 562 883 627 οὓς
912 564 1004 618 καὶ
1030 566 1251 621 ἀκούειν
1273 567 1494 624 δυνατόν
1513 588 1527 602 ο
1557 572 1701 644 ἁπλῆ
1727 575 1841 647 γάρ

268 669 353 717 τις
374 649 506 707 οὖσα
538 655 572 725 ή
609 653 754 725 ψυχὴ
785 655 878 709 καὶ
911 657 1185 729 μονοειδὴς
1210 658 1308 731 τὴν
1338 660 1519 731 φύσιν,
1555 666 1653 735 μιᾷ
1685 664 1842 721 δυνά.

272 761 363 815 pst
394 745 455 799 τό
479 762 538 798 τε
564 745 781 799 ἀκούειν
814 747 907 800 καὶ⁹
940 749 1072 821 ὁρᾷν
1102 751 1381 824 κέκτηται.

351 836 490 890 Ἀλλ’
536 838 666 901 ῐσως
711 843 1031 911 στενοχωρεῖ
1079 841 1244 913 ὑμᾶς,
1298 846 1392 899 καὶ
1441 846 1637 902 κωλύει
1691 848 1840 921 αὐτῷ

271 931 605 999 προσφυγεῖν
639 929 699 983 τὸ
734 930 933 1002 πλῆθος
958 930 1065 986 τῶν
1095 934 1377 1007 ἁμαρτιῶν
1406 938 1500 991 καὶ
1533 938 1593 992 τὸ
1630 941 1709 1005 είς
1745 941 1842 994 αὑ-

269 1020 362 1075 τὸν
404 1020 763 1093 ἠσεϐηκέναι·
795 1024 911 1078 ἀλλ’
960 1026 1082 1080 οὐδέ
1117 1046 1219 1082 που
1262 1030 1403 1100 μέγα
1450 1031 1677 1103 κώλυμα
1712 1037 1840 1107 ὑμῖν

272 1115 540 1180 φανεῖται,
577 1115 625 1166 εἰ
655 1114 745 1167 τὸν
788 1113 951 1169 αὐτοῦ
992 1116 1140 1172 ἔλεον
1180 1119 1386 1188 ἄφατον
1433 1123 1561 1177 δντα
1608 1122 1840 1196 ἐνθυμη-

271 1206 422 1277 θῆτε.
451 1206 527 1259 Οὐ
554 1205 661 1276 γὰρ
685 1206 919 1262 τοσαῦτα
956 1208 1109 1262 ἔσται
1136 1210 1287 1281 ὑμῶν
1312 1213 1379 1266 τὰ
1406 1214 1571 1278 κακὰ,
1598 1214 1672 1280 ὡς
1696 1217 1843 1287 νικῆ-

272 1317 366 1354 σαι
392 1299 485 1352 καὶ
511 1300 835 1372 ὑπερϐαλεῖν
856 1300 952 1373 τὴν
985 1303 1149 1356 αὑτοῦ
1184 1303 1590 1378 φιλανθρωπίαν
1613 1324 1626 1338 ο
1674 1309 1841 1373 πολὺς

269 1393 379 1463 γὰρ
418 1392 495 1446 ὢν
529 1395 586 1447 ἐν
628 1396 949 1466 οἰκτιρμοῖς,
982 1395 1180 1468 πολλὴν
1222 1398 1315 1451 καὶ¹
1354 1399 1452 1470 τὴν
1499 1400 1691 1471 ἄφεσιν
1732 1401 1841 1454 τῶν

270 1485 556 1556 ἁμαρτιῶν
579 1486 732 1557 ὑμῶν
756 1488 1038 1559 ποιήσεται
1056 1505 1072 1523 ο
1096 1489 1188 1543 καὶ
1209 1490 1381 1556 οὕτως
1404 1493 1547 1564 ὑμᾶς
1570 1493 1842 1566 καθαροὺς

273 1575 562 1643 ἀποδείξει,
609 1577 685 1641 ὡς
734 1577 866 1649 μηδέ
914 1576 1058 1648 ῐχνος
1103 1578 1371 1644 σώζεσθαι
1412 1581 1521 1635 τῶν
1562 1583 1842 1656 προτέρων

275 1668 427 1738 ὑμῶν
452 1670 666 1743 ἀμαρτη
677 1671 878 1742 μάτων.

1941 489 2045 543 bus
2068 495 2122 544 et
2143 488 2332 543 audire
2357 487 2443 544 fas
2470 497 2550 544 est
2580 510 2594 553 ;
2631 489 2857 560 simplex
2886 491 3032 546 enim
3060 507 3182 546 cum
3209 495 3280 549 sit
3311 503 3508 552 natura

1942 580 2158 635 animus
2194 590 2248 635 et
2292 580 2692 653 incompositus
2716 624 2731 650 ,
2762 597 2870 636 una
2911 583 3210 654 eademque
3251 585 3507 646 facultate

1942 673 2095 727 audit
2126 688 2188 728 ac
2220 673 2384 729 videt.

2010 843 2178 900 Vsus.
2205 843 2256 899 7.
2289 842 2597 915 Impediunt
2626 851 2681 899 te
2713 844 2946 899 fortasse
2972 854 3193 913 peccata
3223 853 3315 901 tua
3344 854 3506 918 atque

1940 935 1995 989 in
2016 933 2182 990 Deum
2207 934 2481 1004 impietas,
2515 942 2568 990 et
2593 942 2780 990 vetant
2806 951 2874 990 ne
2898 936 2964 991 ad
2992 935 3167 1006 ipsum
3195 936 3503 1009 confugias.

1940 1026 2093 1093 Quod
2148 1028 2195 1082 si
2254 1035 2435 1082 autem
2492 1026 2920 1082 misericordiam
2964 1027 3085 1097 ejus
3133 1027 3503 1099 perpenderis,

1937 1119 2047 1190 jnnt
2077 1119 2212 1172 nihil
2245 1125 2298 1173 te
2338 1115 2607 1188 impedire
2639 1117 2840 1173 valebit
2866 1135 2880 1185 ;
2918 1133 3029 1172 non
3070 1117 3216 1173 enim
3247 1133 3313 1174 ea
3345 1129 3508 1174 erunt

1941 1218 2164 1282 pccrata
2197 1218 2310 1276 tua,
2337 1224 2458 1280 quae
2499 1208 2888 1280 benignitatem
2914 1210 3034 1280 ejus
3064 1211 3285 1267 vincere
3312 1219 3368 1267 et
3413 1228 3506 1268 su-

1941 1317 2132 1373 perare
2159 1301 2370 1372 possint
2395 1319 2409 1367 ;
2456 1302 2657 1357 multus
2686 1303 2804 1372 ipse
2837 1302 2889 1356 in
2942 1303 3337 1370 misericordia,
3367 1306 3507 1360 mul-

1940 1404 1994 1447 ta
2048 1410 2265 1466 quoque
2311 1401 2532 1465 peccata
2576 1393 2852 1459 dimittet,
2898 1403 2952 1451 et
3002 1396 3077 1449 ita
3126 1411 3223 1451 vos
3270 1396 3505 1454 mundos

1940 1488 2131 1543 eﬂiciet
2161 1528 2176 1551 ,
2209 1495 2271 1542 ut
2301 1502 2369 1541 ne
2399 1486 2686 1556 vestigium
2730 1486 2946 1556 quidem
2995 1488 3239 1558 priorum
3272 1487 3503 1546 delicto~

1941 1594 2063 1634 rum
2094 1586 2394 1635 remaneat.

343 1761 452 1833 Τὴν
478 1762 567 1815 ἐπὶ
589 1765 708 1825 ταῖς
745 1764 985 1830 ἐντολαῖς
1014 1764 1108 1819 τοῦ
1143 1765 1308 1837 νόμου
1338 1767 1545 1822 εὐοδίαν
1579 1768 1837 1840 παρέξειν

2013 1756 2179 1813 Vsns.
2218 1758 2306 1812 ll.
2342 1757 2640 1823 Prosperas
2663 1757 2778 1813 vias
2801 1759 3219 1815 observantibus
3247 1760 3416 1831 legem
3446 1775 3505 1818 se

271 1853 455 1917 αὐτοῖς
483 1855 873 1924 ἐπαγγέλλεται
895 1857 1048 1924 Θεὸς,
1089 1857 1248 1929 μόνον
1273 1860 1321 1912 εί
1353 1861 1576 1924 ἑαυτοὺς
1607 1862 1842 1934 ἐργάτας

272 1944 453 1998 αὐτῶν
489 1943 657 2010 δεῖξαι
695 1946 1063 2017 ἐθελήσουσιν,
1094 1948 1255 2002 αὐτοῦ
1283 1949 1643 2021 χορηγοῦντος
1690 1952 1842 2021 ἰσχὺν

273 2037 410 2105 πρὸς
432 2036 492 2090 τὸ
522 2037 826 2091 ἐπιτελέσαι
866 2038 1086 2103 ταύτας.
1118 2041 1192 2093 Οὐ
1233 2040 1339 2111 μὴν
1370 2040 1505 2095 ἀλλά
1539 2042 1633 2094 καὶ
1660 2040 1756 2112 τὴν
1778 2044 1843 2097 ἐκ

272 2130 372 2200 τῆς
415 2129 788 2201 αίχμαλωσίας
832 2130 1018 2186 ἄνοδον
1057 2130 1228 2197 οὔτως
1262 2132 1442 2198 ἔδοξεν
1476 2134 1670 2197 αὐτοὺς
1716 2135 1843 2199 τοὺς

273 2220 532 2287 ἀφιέντας
563 2222 832 2291 τοσαύτην
864 2221 1152 2277 ἀναλαϐεῖν
1180 2223 1486 2295 προθυμίαν
1515 2225 1611 2295 τῆς
1642 2224 1844 2278 τούτων

272 2312 581 2382 ἐκπομπῆς,
610 2312 687 2376 ὼς
719 2312 858 2383 μετά
888 2312 1212 2385 δορυφορίας
1241 2316 1333 2367 καὶ
1356 2314 1642 2387 ὁδηγήσειν
1666 2331 1678 2342 ·
1708 2316 1844 2387 ὅπερ

272 2402 367 2455 ἐπὶ
392 2401 571 2474 Κύρου
596 2402 687 2455 τοῦ
736 2403 996 2474 βασιλέως
1019 2403 1242 2477 Περσῶν
1273 2405 1593 2477 ἐπληροῦτο,
1628 2423 1847 2478 τρανου-

277 2491 445 2561 μένης
474 2493 572 2564 τῆς
599 2492 693 2545 τοῦ
726 2492 861 2546 Θεοῦ
878 2496 1047 2565 ῥοπῆς
1066 2511 1080 2524 ’
1104 2495 1195 2548 καὶ
1218 2496 1303 2547 ἐπ’
1331 2496 1509 2550 αὐτῶν
1542 2496 1647 2549 τῶν
1673 2497 1844 2568 ὀρέων

272 2584 332 2636 ἐν
385 2586 450 2655 τῇ
503 2584 707 2637 τούτων
754 2586 963 2656 κινήσει
1002 2585 1098 2657 τὴν
1152 2586 1468 2655 ἀγαλλίασιν
1499 2588 1842 2653 δεικνύντων,

271 2675 354 2728 ἑτι
398 2675 503 2749 μὴν
569 2677 664 2730 καὶ
735 2676 910 2731 ἀλλων
956 2678 1197 2749 σημείων
1255 2679 1840 2751 παρακολουθούντων·

271 2766 459 2839 ὥσπερ
519 2766 628 2838 γὰρ
676 2768 767 2821 ἐπὶ
815 2767 913 2839 τὴν
956 2767 1161 2841 ἔρημον
1212 2768 1450 2824 διιόντων
1505 2767 1841 2841 ὑπεχώρειή

285 2858 518 2931 Ἐρυθρά
537 2859 800 2924 θάλασσα,
847 2860 1040 2924 οὕτως,
1089 2860 1336 2924 ἐξιόντων
1367 2861 1473 2913 ἀπὸ
1503 2861 1600 2930 τῆς
1642 2861 1843 2930 αίχμα-

271 2951 491 3016 λωσίας,
534 2954 821 3025 ἱστορεῖται
859 2953 949 3008 τὸν
983 2955 1173 3025 Τίγριν
1207 2954 1450 3024 ποταμὸν
1488 2954 1607 3008 ποδὶ
1644 2955 1840 3017 αὐτοὺς

271 3041 670 3111 διαϐεϐηκέναι,
721 3043 861 3097 καθά
918 3045 1010 3097 καὶ
1050 3046 1079 3097 ὀ
1118 3044 1407 3115 Ἰορδάνης*
1442 3044 1537 3096 καλ⁵
1570 3043 1837 3113 τοσαύτην
1868 3093 1907 3115 μ

1893 3128 1908 3145 ⁴
1942 3132 2037 3188 sed
2070 3140 2125 3188 et
2153 3133 2383 3188 exoticis
2413 3133 2707 3192 arboribus
2749 3134 3029 3191 ﬂorerent.
3083 3135 3201 3202 Qua
3234 3138 3501 3194 montium

276 3133 575 3205 μεταϐολὴν
626 3134 696 3188 τά
740 3135 841 3207 δρη
884 3134 1086 3199 λαϐεῖν,
1130 3135 1251 3187 ἀντὶ
1288 3134 1387 3203 τῆς
1425 3134 1838 3203 καταλαϐούσης

275 3227 340 3281 ἐκ
388 3226 495 3282 τῶν
539 3226 810 3299 πολεμίων
868 3226 1124 3298 ἐρημίας,
1165 3226 1240 3289 ὠς
1291 3226 1385 3278 καὶ
1403 3224 1636 3296 δένδρων
1672 3224 1838 3289 ξένων

273 3318 425 3390 παρά
472 3318 540 3372 τά
567 3319 695 3371 δντα
726 3316 971 3370 ἐκδοῦναι
1013 3316 1245 3385 βλάστην
1265 3332 1279 3345 ο
1311 3315 1403 3368 καὶ
1434 3315 1532 3387 τήν
1562 3314 1655 3368 τοῦ
1700 3315 1837 3369 Θεοῦ

1940 1851 2194 1906 daturum
2245 1850 2567 1913 denuntiat,
2599 1850 2747 1906 vires
2788 1850 2855 1904 ad
2888 1849 3217 1920 perﬁcienda
3251 1852 3504 1907 mandata

1939 1951 2207 2013 prazstans
2229 1983 2243 2008 ,
2276 1941 2575 1997 dummodo
2609 1941 2745 2012 legis
2775 1940 3011 1998 factores
3052 1958 3111 1998 se
3141 1942 3379 2013 pmbere
3407 1959 3503 1999 ve-

1940 2038 2061 2091 lint.
2091 2033 2400 2090 Prmsertim
2436 2049 2566 2089 vero
2591 2033 2694 2088 hoc
2725 2032 2836 2088 Deo
2862 2034 3067 2104 placuit
3107 2042 3164 2088 ut
3195 2036 3287 2104 qui
3324 2035 3503 2106 capti-

1940 2129 2156 2184 vitatem
2208 2143 2274 2182 ex
2305 2125 2540 2198 Egypto
2571 2126 2805 2181 soluturi
2843 2133 3042 2191 erant,
3079 2141 3295 2181 summo
3322 2125 3506 2182 studio

1939 2236 2076 2290 opus
2106 2233 2263 2275 suum
2289 2218 2642 2288 perficerent,
2695 2217 2797 2287 ipsi
2838 2217 3207 2273 lsraelitarum
3238 2219 3342 2275 iter
3370 2219 3506 2274 diri-

1941 2318 2131 2381 gerent
2181 2318 2236 2365 et
2268 2308 2525 2380 praesidio
2556 2317 2858 2365 tuerentur.
2903 2308 3058 2374 Quod
3101 2311 3319 2381 quidem
3343 2351 3360 2376 ,
3393 2309 3504 2367 Deo

1936 2400 2191 2471 jubente,
2221 2398 2348 2471 Cyri
2375 2398 2666 2455 Persarum
2696 2398 2840 2469 regis
2865 2414 2967 2469 ope
3000 2398 3204 2455 factum
3224 2411 3339 2469 est;
3366 2401 3504 2472 ipsis

1941 2493 2220 2550 montibus
2248 2492 2316 2548 de
2339 2492 2443 2547 hac
2465 2492 2789 2563 migratione
2815 2492 3250 2558 exsultantibus,
3279 2501 3333 2549 et
3382 2494 3507 2549 aliis

1941 2599 2159 2654 quoque
2193 2582 2585 2655 apparentibus
2627 2582 2821 2652 signis.
2869 2580 3004 2636 Nam
3041 2582 3184 2639 sicut
3225 2582 3506 2639 desertum

1940 2676 2325 2732 accedentibus
2356 2689 2506 2729 mare
2538 2673 2871 2744 Erythrarum
2905 2675 3140 2731 transire
3169 2674 3343 2738 licuit,
3372 2676 3446 2730 ita
3474 2692 3509 2731 e

1940 2769 2254 2837 captivitate
2290 2766 2495 2838 egressi
2540 2766 2706 2821 siccis
2766 2766 2997 2836 pedibus
3046 2768 3246 2825 ﬂumen
3297 2768 3500 2841 Tigrim

1939 2860 2222 2929 trajecisse
2264 2869 2590 2925 narrantur,
2639 2869 2700 2915 ut
2743 2861 2873 2915 olim
2913 2859 3239 2925 Iordanem,
3273 2862 3506 2919 refertur

1938 2965 2156 3021 quoque
2193 2958 2435 3015 montes,
2468 2952 2534 3007 ab
2565 2952 2817 3008 hostibus
2851 2961 3010 3007 antea
3054 2963 3298 3011 vastatos
3328 2994 3343 3019 .
3375 2964 3505 3009 tun'.

1941 3058 1971 3095 a
1996 3040 2105 3097 Deo
2131 3040 2302 3097 fuisse
2335 3042 2412 3095 ita
2462 3042 2816 3108 immutatos,
2851 3052 2911 3098 ut
2962 3059 3074 3100 non
3121 3045 3236 3101 suis
3264 3053 3501 3109 tantum,

1943 3223 2320 3278 immutatione
2376 3223 2607 3293 benigne
2671 3225 3049 3295 comprobavit
3104 3226 3249 3284 Deus
3307 3237 3506 3285 cuncta

1943 3315 2114 3384 ipsius
2148 3315 2204 3369 in
2235 3314 2488 3370 manibus
2518 3315 2814 3383 contineri,
2850 3324 2904 3371 et
2942 3325 3124 3371 mente
3154 3317 3337 3389 dirigi.

273 3409 555 3478 εὐμένειαν
591 3409 656 3461 ἐκ
696 3409 798 3478 τῆς
838 3408 945 3461 τῶν
978 3407 1146 3479 ὀρέων
1190 3406 1490 3480 μεταϐολῆς
1520 3408 1793 3479 δειχθῆναι
1813 3424 1826 3438 ’
1867 3408 1941 3472 ὼς
1974 3408 2148 3463 πάντα
2173 3407 2413 3462 συντελεῖ
2439 3410 2519 3473 είς
2535 3410 2633 3480 τὴν
2661 3408 2753 3463 τοῦ
2774 3407 2909 3463 Θεοῦ
2950 3408 3200 3481 δύναμιν.
3260 3414 3353 3466 καὶ
3410 3412 3508 3485 τὴν

274 3501 483 3555 ἐκείνου
519 3501 766 3573 μήνυσιν.

347 3593 421 3647 Οὐ
452 3593 630 3647 τοίνυν
671 3593 855 3663 ὠνητά
894 3592 964 3647 τὰ
992 3593 1141 3665 παρά
1175 3593 1332 3661 Θεοῦ,
1374 3593 1510 3648 ἀλλὰ
1544 3595 1746 3667 προῖκά
1782 3612 1841 3647 τε

276 3687 372 3741 καὶ
402 3686 569 3760 χωρὶς
598 3686 862 3759 ἀργυρίου
891 3685 1063 3739 ταῦτα
1110 3684 1343 3758 λήψεσθε
1362 3703 1376 3717 ο
1407 3687 1527 3740 ούδέ
1560 3686 1668 3759 γὰρ
1700 3687 1841 3740 οῖνου

277 3777 435 3849 χρεία
491 3779 571 3842 είς
623 3777 873 3849 σπονδὴν,
917 3778 1012 3831 καὶ
1054 3779 1271 3843 στέατος
1317 3781 1396 3843 είς
1429 3779 1649 3835 θυσίαν·
1686 3780 1723 3835 ἃ.
1750 3782 1843 3835 καὶ

276 3868 449 3924 ταῦτα
485 3869 748 3941 ἀργυρίου
793 3869 1108 3940 ὠνούμενοι,
1141 3870 1291 3924 οὐδὲν
1318 3870 1477 3925 πλέον
1500 3870 1841 3942 ἀποφέρεσθε

275 3965 356 4025 είς
381 3961 563 4032 δνησιν
586 3960 871 4032 ἢκόπον,ἢ
902 3960 1119 4033 μόχθον,
1140 3960 1213 4032 μὴ
1243 3960 1411 4016 ὄντων
1442 3961 1638 4015 ίκανῶν
1661 3962 1842 4016 δυσω-

278 4053 566 4125 πημάτων.

357 4141 566 4216 Ὑμεῖς,
610 4144 795 4216 φησὶν,
828 4145 876 4197 οί
923 4143 1245 4213 ἀλλογενεῖς,
1280 4144 1329 4197 οἱ
1367 4142 1447 4216 τῷ
1477 4143 1595 4216 Θεῷ
1626 4144 1844 4199 ἀνακεί-

282 4249 455 4305 μενοι,
509 4232 606 4287 καὶ
656 4232 797 4286 κατά
850 4233 950 4297 τὰς
996 4233 1213 4299 ἐντολὰς
1256 4232 1421 4288 αὐτοῦ
1471 4234 1728 4304 βιοῦντες,
1767 4234 1842 4307 μὴ

278 4322 566 4393 λογίσησθε
615 4325 836 4388 ἑαυτοὺς
888 4326 1285 4398 μακαριότητος
1326 4326 1699 4393 ἐπιτεύξεσθαι
1747 4327 1843 4380 καὶ

2010 3590 2177 3647 Vens.
2222 3590 2320 3646 l5:
2346 3588 2463 3645 Non
2511 3590 2681 3662 igitur
2725 3605 2833 3647 :ere
2867 3591 3037 3657 dato,
3085 3593 3181 3649 sed
3236 3594 3407 3664 gratis
3452 3602 3508 3649 et

1939 3686 2059 3742 sine
2110 3685 2343 3757 pecunia
2394 3682 2536 3740 dona
2593 3681 2688 3738 Dei
2729 3684 3187 3755 consequemini;
3245 3700 3356 3741 non
3393 3688 3508 3742 vini

1938 3778 2291 3835 libaminibus
2314 3816 2329 3842 ,
2356 3784 2451 3833 aut
2478 3776 2826 3832 victimarum
2848 3775 3008 3846 adipe
3035 3775 3292 3847 indigetis
3320 3795 3335 3844 ;
3380 3779 3506 3849 qui-

1937 3870 2041 3925 bus
2071 3870 2215 3926 enim
2237 3908 2254 3934 ,
2309 3879 2364 3925 et
2389 3868 2513 3923 aliis
2545 3867 2721 3939 pretio
2751 3868 2986 3937 emptis,
3026 3882 3135 3923 non
3176 3869 3298 3939 plus
3343 3868 3509 3941 profl-

1941 3962 2098 4017 cietis
2122 4002 2137 4027 ,
2165 3976 2327 4031 quam
2361 3961 2644 4017 laboribus
2675 3967 2731 4015 et
2758 3958 3148 4032 defatigatione
3173 3976 3188 4026 ;
3220 3961 3334 4017 haec
3361 3961 3508 4018 enim

1941 4070 2049 4109 non
2082 4052 2358 4111 sufficiunt
2400 4052 2467 4107 ad
2501 4051 2828 4107 ﬂectendum
2862 4049 3030 4108 Deum

2015 4145 2141 4200 CAP.
2172 4143 2307 4208 LVI,
2346 4143 2512 4199 Vens.
2545 4144 2599 4199 3.
2631 4140 2762 4209 Vos,
2800 4142 2999 4213 inquit,
3026 4142 3341 4214 alienigenae
3367 4182 3384 4209 ,
3414 4144 3508 4214 qui

1946 4236 2054 4290 Deo
2115 4234 2347 4306 appositi
2400 4235 2577 4300 estis,
2629 4241 2684 4289 et
2732 4232 2798 4289 ad
2851 4240 3120 4304 praecepta
3177 4233 3297 4305 ejus
3341 4233 3508 4290 vitam

1900 4349 1906 4355 ·
1942 4330 2235 4395 instruitis,
2266 4344 2332 4383 ne
2349 4328 2553 4399 putetis
2582 4344 2677 4383 vos
2705 4326 3093 4383 beatitudinem
3119 4337 3511 4384 consecuturos

277 4414 373 4467 τοῦ
407 4413 608 4485 κλήρου
645 4413 752 4467 τῶν
800 4414 1000 4482 ἀγίωνο
1029 4415 1143 4468 ἀλλ’
1165 4416 1534 4488 ἐπιστάμενοι,
1555 4418 1631 4481 ὡς
1651 4417 1844 4489 τρόπος

1945 4431 2001 4476 et
2060 4419 2428 4476 hereditatem
2483 4427 2845 4486 sanctorum;
2896 4419 2994 4475 sed
3047 4417 3150 4474 hoc
3213 4418 3506 4484 recordati,

282 4505 430 4575 ὑμᾶς
478 4504 732 4558 συνάπτει
781 4503 858 4575 τῷ
904 4505 1170 4579 Ἀϐραὰμ,
1214 4508 1309 4561 κα)⁸
1340 4509 1401 4562 ού
1451 4510 1640 4577 γένους
1685 4509 1844 4579 ἀγχι-

281 4594 456 4657 στεία,
493 4593 638 4665 ἠθῶν
675 4595 987 4667 ἐπιμέλειαν
1016 4597 1278 4663 ποιεῖσθε,
1309 4601 1403 4653 καὶ
1425 4598 1545 4671 Θεῷ
1576 4599 1846 4654 δουλεύειν

281 4687 561 4753 σπεύδετε,
612 4688 707 4743 καὶ
734 4688 793 4742 οὑ
855 4687 1378 4762 φυλοκρινηθήσεσθε
1405 4690 1499 4744 τοῦ
1532 4690 1721 4761 γένους
1739 4691 1847 4746 τῶν

281 4776 524 4832 δικαίων.

366 4869 593 4939 Ἐπάγει
637 4870 834 4933 αὐτοὺς
883 4872 963 4935 είς
1012 4873 1335 4942 κατανόησιν
1391 4872 1478 4926 διὰ
1510 4874 1713 4928 τούτων
1737 4874 1847 4929 τῶν

282 4960 396 5022 τοῖς
420 4957 645 5022 δικαίοις
676 4959 1040 5031 ὀφειλομένων
1060 4961 1322 5033 ἀμοιϐῶν.

355 5049 525 5106 Πάλιν
553 5053 616 5104 ἐκ
657 5052 1022 5124 προσαγωγῆς
1052 5055 1132 5117 εἰς
1154 5053 1497 5127 συναίσθησιν
1520 5055 1715 5121 αὐτοὺς
1736 5058 1846 5111 τῶν

290 5144 434 5199 ἰδίων
460 5144 939 5217 πλημμελημάτων
981 5147 1208 5216 ἀγαγεῖν
1254 5146 1520 5218 βούλεται,
1543 5148 1849 5221 φθεγγομέ-

285 5254 408 5300 νους
440 5237 537 5308 μὲν
564 5236 732 5301 ἀδεῶς
752 5237 891 5292 κατά
913 5236 1002 5290 τοῦ
1035 5238 1261 5303 δικαίου,
1292 5239 1639 5311 ἀπρονοήτως
1668 5240 1725 5294 δέ
1751 5240 1845 5296 τοῦ

290 5326 406 5398 βίου
448 5328 638 5382 τούτου
686 5327 999 5399 νομίζοντας
1038 5329 1503 5384 ἀπαλλάττεσθαιο
1531 5331 1847 5398 ὑποδεικνὺς

287 5418 470 5482 αὐτοῖς
521 5418 597 5482 ὡς
652 5420 963 5491 ἠρνήθησαν
994 5421 1093 5491 μὲν
1115 5421 1176 5476 τὸ
1213 5423 1522 5491 σωματικὸν
1554 5419 1693 5489 εἶδος
1738 5424 1847 5479 τῶν

292 5509 460 5578 ἁγίων
480 5527 495 5541 ο
528 5513 595 5581 τῇ
636 5511 692 5565 δέ
728 5511 836 5565 τῶν
862 5512 1079 5584 τρόπων
1120 5513 1390 5587 μοχθηρίᾳ
1415 5515 1697 5586 ᾠκείωσαν
1723 5519 1846 5571 ἐαυ-

286 5603 414 5665 τοὺς
448 5605 652 5674 μοιχοῖς
675 5620 732 5656 τε
761 5603 853 5656 καὶ
878 5603 1095 5675 πόρνοις
1115 5622 1128 5636 ·
1165 5604 1239 5676 μὴ
1261 5605 1724 5678 ἀναλογισάμενοι,
1747 5609 1843 5673 ὡς.

288 5695 441 5750 αὐτοὶ
497 5697 646 5761 δντες
693 5698 965 5763 ἀπωλείας
993 5700 1155 5769 ἄξιοι,
1198 5700 1441 5766 κακίζειν
1479 5702 1848 5777 ἐπειράθησαν

1942 4513 2088 4585 quod
2118 4513 2363 4569 moribus
2414 4527 2538 4568 cum
2589 4513 2859 4569 Abraham
2914 4511 3307 4582 conjungimini
3336 4552 3352 4578 ,
3400 4527 3513 4568 non-

1942 4604 2157 4677 generis
2193 4603 2516 4675 cognatione
2540 4646 2555 4670 ,
2608 4619 2823 4659 morum
2874 4619 3061 4659 curam
3101 4604 3303 4675 geratis
3330 4643 3346 4669 ,
3393 4613 3514 4661 stu-

1943 4698 2095 4754 diose
2129 4695 2240 4753 Deo
2273 4696 2619 4763 inserviatis,
2647 4708 2701 4754 et
2742 4713 2851 4753 non
2885 4698 3217 4768 separemini
3245 4713 3277 4752 a
3316 4713 3512 4769 genere

1942 4787 2238 4858 iustorum.

2014 4878 2141 4935 Car.
2172 4878 2330 4945 LVII,
2361 4878 2531 4935 Vens.
2565 4881 2616 4934 l.
2659 4879 2890 4936 Deducit
2915 4896 3010 4937 eos
3043 4879 3111 4935 ad
3139 4881 3513 4952 pmniteutiam

1945 4974 2210 5028 memoria
2244 4974 2513 5029 bonorum
2543 4973 2710 5043 justis
2748 4973 3172 5029 destinatorum.

2016 5063 2182 5121 Vens.
2232 5067 2285 5121 3.
2344 5064 2589 5121 Ulterius
2636 5081 2965 5137 progressus
3026 5067 3226 5121 iterum
3286 5081 3384 5123 eos
3445 5066 3513 5121 ad

1944 5156 2285 5228 agnoscenda
2348 5167 2570 5230 peccata
2638 5159 2908 5216 adduzere
2989 5158 3226 5224 studet,
3304 5159 3515 5229 justum

1946 5248 2251 5318 procaciter
2274 5247 2653 5320 increpantes,
2684 5260 2738 5305 et
2764 5266 2888 5305 eum
2942 5251 3256 5307 inconsulte
3303 5252 3370 5307 de
3403 5251 3515 5306 vita

1947 5337 2188 5390 ablatum
2277 5339 2673 5394 existimantes.
2764 5339 2973 5396 Iudicat
3036 5355 3132 5397 eos
3197 5354 3513 5412 corpoream

1948 5430 2185 5500 speciem
2218 5439 2535 5487 sanctorum
2567 5434 2873 5504 negavisse,
2912 5442 2967 5491 et
2997 5450 3209 5491 morum
3246 5437 3516 5507 pravitate

1948 5537 2008 5578 se
2038 5522 2187 5592 ipsos
2235 5523 2644 5579 consociavisse
2687 5540 2812 5579 cum
2862 5525 3123 5582 adulteris
3167 5541 3220 5582 et
3273 5525 3519 5583 meretri-

1947 5614 2123 5669 cibus.
2176 5612 2490 5672 Perditione
2526 5615 2675 5687 digni
2707 5633 2829 5672 cum
2870 5627 3093 5685 essent,
3127 5628 3329 5676 temere
3368 5619 3515 5673 viros

1948 5706 2217 5764 lacessere
2272 5708 2453 5765 conati
2493 5719 2620 5766 sunt
2664 5710 2758 5782 qui
2803 5710 2870 5768 de
2903 5721 3052 5769 recto
3081 5726 3274 5770 curare
3311 5718 3364 5769 et
3411 5711 3522 5764 Dee
