3984 6212
504 256 641 314 ’585

1650 258 1993 316 TIIEODOBI
2019 260 2534 318 HERACLEENSIS

3610 258 3737 314 1561

498 371 780 431 intendere
825 371 1135 427 studebant.
1193 371 1463 428 ldolorum
1515 374 1797 440 fautores,
1854 379 2039 449 quibus

2160 380 2285 442 τοὺς
2324 377 2416 431 τοῦ
2465 378 2672 431 δικαίου
2738 375 3161 446 ἐπιμελομένους
3191 374 3285 428 καὶ
3340 373 3464 442 Θεῷ
3504 390 3742 439 προσαν-

496 478 697 535 pueros
735 478 897 532 super
948 473 1158 519 montes
1187 474 1241 519 et
1287 474 1467 535 petras
1504 468 1820 523 deferebant
1861 471 2054 525 immo-

495 555 709 619 landos,
743 554 838 609 Dei
873 555 1162 610 vindictam
1194 560 1461 613 vitaturus
1492 562 1789 631 sperabant

566 826 729 885 Vsus.
765 825 851 881 15.
884 823 1093 891 Quibus
1121 824 1436 879 nominibus
1462 825 1691 897 benigne
1716 826 1859 883 Deus
1888 828 2055 899 signi-

492 921 620 975 ficat
653 933 712 974 se
739 932 861 974 esse
894 915 1218 977 Excelsum;
1251 915 1355 986 ipsi
1381 917 1525 971 enim
1569 927 1833 988 quantum
1877 919 1933 974 in
1974 919 2054 975 eis

491 1017 611 1066 erat
630 1049 647 1071 ,
684 1008 848 1064 Deum
879 1006 1138 1061 humilem
1167 1005 1489 1072 effecerant,
1520 1009 1681 1064 idolis
1709 1010 2055 1065 consentien-

490 1102 582 1156 do.
616 1099 922 1155 Prasertim
945 1114 1075 1153 vero
1099 1107 1345 1154 sanctum
1370 1115 1428 1153 se
1449 1115 1571 1155 esse
1592 1100 1902 1167 contendit,
1928 1117 2053 1156 cum

488 1194 567 1247 illi
596 1207 795 1248 nomen
820 1193 940 1261 ejus
970 1190 1152 1261 pravis
1192 1190 1611 1261 cogitationibus
1652 1198 1705 1245 et
1752 1191 2054 1247 inhonestis

487 1283 749 1354 operibus
804 1282 1173 1352 profanarent.
1218 1280 1328 1351 Ego
1367 1297 1497 1336 vero
1539 1290 1763 1337 sanctus
1806 1299 1957 1349 sum,
2002 1294 2056 1339 et

489 1377 696 1432 sanctis
724 1374 1059 1446 congaudeo.
1085 1384 1141 1430 et
1172 1382 1391 1430 sanctos
1418 1374 1662 1429 homines
1687 1374 1881 1440 cilicio,
1910 1376 2054 1432 vires

488 1482 677 1523 eorum
703 1467 949 1538 augendo
967 1506 982 1532 ,
1009 1474 1064 1522 et
1088 1475 1299 1522 mentes
1326 1466 1583 1537 erigendo
1613 1465 1678 1520 ad
1705 1467 2049 1533 sublimiora,

488 1560 781 1616 dummodo
809 1574 870 1615 se
898 1574 1002 1630 ope
1028 1573 1148 1613 mea
1176 1557 1370 1629 dignos
1402 1559 1660 1629 prabere,
1685 1568 1738 1614 et
1763 1559 2052 1613 contritam

484 1650 935 1722 humiliatamque
959 1650 1287 1705 voluntatem
1306 1658 1563 1720 prastare
1580 1650 1897 1718 videantur;
1925 1665 2049 1705 nam

484 1745 684 1799 talibus
710 1758 811 1815 ego
839 1743 1006 1797 vitam
1034 1751 1290 1797 aeternam
1320 1742 1539 1813 largior.

562 1924 722 1980 Vsus.
767 1926 853 1980 l6.
898 1925 1101 1981 Ulcisci
1142 1939 1209 1979 eo
1253 1939 1421 1979 sensu
1460 1922 1605 1979 Deus
1642 1921 1863 1987 dicitur,
1904 1920 2050 1991 quod

483 2024 805 2086 peccatores
833 2017 956 2072 ideo
983 2017 1144 2073 malis
1170 2015 1402 2079 alliciat,
1430 2023 1490 2069 ut
1522 2031 1580 2071 se
1605 2014 1836 2086 quisque
1858 2014 1925 2069 ad
1954 2014 2051 2069 bo-

480 2124 608 2164 nam
645 2108 855 2181 frugem
889 2109 1153 2180 recipiat;
1193 2109 1336 2180 quod
1379 2107 1507 2164 facit
1532 2107 1709 2171 Deus,
1739 2107 2047 2163 misericor-

480 2200 568 2255 dia
601 2202 759 2257 nobis
787 2217 1040 2274 parcens.

550 2291 716 2349 Vens.
760 2293 847 2348 l7.
890 2294 948 2348 lu
976 2295 1110 2365 ipsis
1133 2295 1295 2352 etiam
1320 2295 1497 2366 panis
1515 2294 1822 2365 repetendis
1841 2288 2047 2350 miseri-

478 2386 720 2442 cordiam
749 2401 904 2443 suam
932 2387 1176 2445 declarat
1204 2387 1376 2455 Deus,
1410 2387 1538 2442 dum
1562 2388 1731 2443 multa
1759 2393 2045 2458 peccantes

476 2479 669 2550 paucis
699 2479 906 2552 afﬂigit.

547 2571 674 2627 Car.
708 2571 906 2641 LVIII,
940 2571 1106 2630 Vens.
1133 2574 1184 2629 Ι.
1214 2572 1344 2630 Rem
1373 2574 1562 2631 leviter
1586 2573 2042 2648 perpendentibus

474 2663 650 2724 Iatari
691 2665 948 2722 videntur
984 2667 1135 2737 impii
1176 2668 1233 2721 in
1274 2668 1649 2739 voluptatibus
1688 2670 1843 2736 suis;
1889 2677 1943 2723 at
1987 2669 2043 2723 in

474 2758 594 2818 dies
636 2756 704 2813 ad
736 2758 1030 2829 perniciem
1064 2759 1289 2829 propius
1314 2759 1667 2823 accedentes,
1697 2776 1825 2815 vera
1857 2760 2042 2815 latitia

474 2854 701 2914 carent;
732 2862 842 2903 non
875 2848 1018 2903 enim
1051 2856 1136 2904 est
1165 2849 1270 2902 alia
1299 2848 1482 2903 latitia
1520 2856 1714 2917 praeter
1739 2865 1859 2904 eam
1879 2891 1893 2913 ,
1921 2866 2042 2920 quae

471 2954 574 3010 per
603 2939 817 2994 labores
852 2949 908 2993 et
944 2939 1321 2994 tribulationes
1343 2940 1511 2992 vitam
1540 2946 1798 2995 externam
1846 2954 2040 3009 opera-

471 3040 584 3088 tur.
616 3030 758 3088 Justi
788 3038 967 3087 autem
995 3046 1123 3087 vera
1148 3031 1331 3086 latitia
1360 3033 1675 3102 replentur;
1712 3033 1910 3104 quippe
1943 3035 2037 3104 qui
2064 3071 2109 3133 ο

471 3139 635 3196 opere
677 3139 741 3179 ea
782 3124 1069 3195 perﬁciunt
1094 3139 1215 3194 qua
1240 3125 1558 3183 intendunt.
1591 3134 1646 3181 et
1673 3124 1796 3183 ideo
1823 3127 2036 3197 placida

472 3223 654 3279 mente
682 3213 940 3269 fruuntur
970 3229 1034 3268 ac
1059 3214 1373 3284 tranquilla.

545 3393 707 3448 Vens.
739 3393 795 3449 9.
825 3394 956 3460 Qua
976 3394 1193 3464 quidem
1222 3394 1534 3450 hominibus
1559 3396 1862 3466 peragenda
1885 3404 2032 3464 sunt,

470 3488 639 3541 vitam
668 3501 823 3541 suam
855 3494 910 3541 et
940 3502 1120 3542 mores
1151 3501 1282 3541 suos
1313 3497 1457 3543 recte
1486 3488 1899 3544 instruentibus.
1980 3486 1987 3501 '

539 3577 668 3633 Car.
707 3576 855 3644 LIX,
898 3577 1063 3634 Vens.
1094 3579 1146 3633 5.
1188 3578 1449 3650 Pleraque
1489 3579 1872 3645 consiliorum,
1914 3598 2033 3653 qua

467 3671 651 3727 verbis
688 3671 857 3726 locuti
909 3680 1069 3737 sunt,
1122 3680 1181 3727 ut
1210 3676 1328 3729 'ova
1369 3673 1616 3744 aspidum
1645 3675 1887 3729 nondum
1915 3691 2031 3729 ma-

465 3768 628 3820 tura.
662 3770 756 3817 aut
784 3763 891 3817 tela
919 3778 1129 3819 aranea
1157 3779 1278 3835 qua
1319 3766 1524 3821 nullius
1566 3782 1701 3823 usus
1747 3777 1867 3833 est,
1910 3768 2031 3839 plus

465 3852 649 3907 damni
673 3852 904 3909 aderunt
927 3870 1091 3925 quam
1119 3856 1387 3913 utilitatis.
1416 3857 1573 3924 Quod
1603 3859 1650 3914 si
1680 3868 1862 3914 autem
1891 3858 2032 3916 forte

465 3959 528 3999 ea
547 3984 563 4008 ,
597 3944 745 4000 velut
776 3945 888 4000 fota
908 3987 923 4010 ,
955 3962 1120 4016 opere
1145 3947 1429 4018 perficient
1447 3989 1462 4014 ,
1499 3965 1681 4007 nonne
1707 3952 1904 4008 merito
1935 3968 2030 4010 eos

465 4049 592 4089 cum
620 4034 934 4092 hominibus
963 4036 1242 4093 conferres
1260 4079 1275 4101 ,
1305 4054 1468 4094 ovum
1494 4040 1701 4110 aspidis
1728 4040 2030 4113 frangenti-

463 4127 600 4189 bus,
627 4141 682 4181 et
709 4128 763 4182 in
792 4143 858 4183 eo
888 4128 1135 4198 regulum
1180 4131 1624 4200 reperientibus?
1668 4130 1772 4198 Qui
1818 4134 2030 4190 scilicet

463 4213 659 4283 anguis
689 4222 772 4270 est
800 4223 1101 4270 venenatus
1129 4224 1183 4272 et
1212 4217 1544 4274 mortiferus.

2161 468 2414 537 (ἔχοντας’
2460 464 2697 529 εἰδώλοις
2746 466 2855 536 γὰρ
2883 462 3321 535 προσκυνοῦντες,
3385 463 3483 516 καὶ
3525 461 3737 518 τούτοις

2162 552 2529 623 προσάγοντες
2584 551 2652 605 τά
2703 552 2909 604 ἑαυτῶν
2951 551 3116 604 τέκνα
3160 551 3237 611 εἰς
3293 550 3512 620 σφαγὴν
3542 552 3635 603 ἐπὶ
3669 568 3734 605 τε

2156 645 2265 697 τῶν
2287 644 2458 715 ὀρέων
2486 646 2578 697 καὶ
2608 644 2717 697 τῶν
2748 643 2982 715 πετρῶν,
3022 643 3121 712 τὴν
3146 642 3239 696 τοῦ
3270 641 3408 695 Θεοῦ
3433 641 3591 712 δίκην
3614 644 3730 696 διας

2159 734 2380 802 φεύγειν
2414 734 2811 805 ὑπελάμϐανον.

2227 824 2325 878 Διά
2348 825 2552 878 τούτων
2584 825 2719 879 ὅλων
2750 825 2858 878 τῶν
2885 826 3163 895 ὀνομάτων
3194 826 3229 896 ἡ
3262 824 3358 879 τοῦ
3390 824 3526 878 Θεοῦ
3557 826 3718 897 εὐμέ-

2156 935 2272 971 νεια
2296 918 2568 987 δηλοῦται,
2599 921 2680 972 ὅτι
2710 937 2768 972 τε
2804 919 3023 989 ῦψιστός
3047 920 3193 971 ἐστιν
3216 935 3232 949 ο
3256 920 3303 971 εί
3324 919 3439 982 καὶ,
3461 920 3583 972 ὅσον
3614 916 3716 991 ἧκε

2154 1006 2215 1059 τὸ
2259 1006 2436 1061 αὐτῶν
2465 1008 2648 1078 μέρος,
2695 1008 2944 1062 ταπεινὸν
2960 1010 3310 1078 πεποιήκασι,
3343 1009 3719 1079 συγκρίνοπες

2155 1099 2391 1164 εἰδώλοις
2434 1116 2493 1152 τε
2545 1100 2637 1152 καὶ
2693 1098 2938 1169 δαίμοσιν
2958 1116 2970 1129 ·
3006 1099 3068 1150 οὐ
3110 1098 3215 1169 μὴν
3254 1097 3391 1152 ἀλλά
3422 1099 3516 1151 καὶ
3537 1099 3711 1167 ἅγιος,

2154 1190 2358 1245 τούτων
2392 1190 2757 1262 βεϐηλούντων
2793 1190 2855 1242 τὸ
2884 1188 3047 1244 αὑτοῦ
3079 1190 3249 1261 ὄνομα
3270 1194 3461 1254 κακαῖς
3479 1192 3718 1264 Mum.

2156 1302 2273 1337 σεσι
2302 1284 2395 1338 καὶ
2425 1283 2684 1355 πράξεσιν
2705 1284 2764 1336 ού
2800 1284 2987 1348 καλαῖς
3004 1302 3018 1315 ο
3046 1283 3160 1336 ἀλλ’
3185 1285 3335 1354 ὅμως
3371 1286 3526 1348 αὐτὸς
3553 1287 3715 1355 ἅγιος

2154 1373 2230 1428 ὢν
2255 1376 2348 1429 καὶ
2369 1375 2544 1444 ἁγίοις
2573 1375 2798 1446 χαίρων,
2832 1376 3113 1440 κάκείνους
3153 1374 3413 1445 ἁγιάζων,
3442 1380 3711 1449 ἐπιρρων-

2154 1466 2248 1529 νὺς
2277 1466 2454 1520 αὐτῶν
2476 1465 2573 1538 τὴν
2599 1465 2826 1538 δύναμιν
2850 1506 2865 1532 ,
2900 1469 2993 1520 καὶ
3030 1468 3255 1539 ἐγείρων
3284 1469 3463 1522 αὐτῶν
3491 1471 3555 1523 τά
3580 1489 3710 1544 φρο-

2153 1557 2390 1626 νήματα,
2445 1556 2601 1627 μόνον
2659 1559 2707 1609 εί
2756 1557 3050 1628 φανείησαν
3108 1559 3333 1621 ἑαυτοὺς
3385 1561 3704 1631 παρέχοντες

2153 1651 2353 1716 ἀξίους,
2374 1651 2469 1721 καὶ
2491 1652 2589 1722 τὴν
2622 1652 2826 1706 ἑαυτῶν
2854 1651 3065 1721 θέλησιν
3076 1651 3380 1715 δεικνύντες
3400 1670 3704 1726 συντετριμ-

2079 1732 2124 1788 Β
2154 1744 2319 1814 μένην
2343 1744 2437 1797 καὶ
2479 1744 2952 1815 τεταπεινωμένην
2973 1760 2987 1775 ·
3026 1744 3119 1797 καὶ
3155 1744 3266 1812 γὰρ
3298 1745 3390 1796 καὶ
3415 1742 3548 1814 ζωὴν
3569 1746 3704 1800 αἰώ-

2151 1846 2261 1885 νιον
2280 1833 2394 1895 τοῖς
2414 1831 2673 1896 τοιούτοις
2699 1835 3006 1904 χορηγήσω.

2238 1924 2478 1979 Ἐκδικία
2511 1925 2567 1979 δὲ
2588 1926 2681 1979 καὶ
2707 1928 2824 1979 κατ’
2857 1925 3012 1979 ἄλλον
3042 1926 3242 1997 τρόπον
3268 1927 3501 1995 λέγεται,
3523 1928 3584 1981 τὸ
3612 1936 3703 1983 τον

2148 2019 2523 2090 ἁμαρτάνοντα
2548 2017 2914 2091 παραδοθῆναι
2944 2017 3280 2087 σκυθρωποῖς
3305 2019 3439 2090 πρὸς
3460 2020 3518 2071 τὸ
3538 2019 3701 2074 αὐτόν

2146 2125 2265 2162 τινα
2312 2108 2441 2179 παρ’
2487 2106 2682 2161 ἑαυτοῦ
2739 2106 3121 2177 παιδευθῆναι*
3160 2107 3325 2161 ταῦτα
3363 2111 3505 2161 ποιεῖ
3540 2109 3691 2174 Θεὸς,

2148 2198 2518 2271 φιλανθρωπίᾳ
2546 2198 2859 2270 φειδόμενος
2885 2192 2978 2252 τοῦ
3014 2199 3272 2270 ἡμετέρου
3302 2200 3509 2268 γένους.

2214 2288 2323 2362 Τὴν
2387 2290 2793 2362 φιλανθρωπίαν
2824 2290 3017 2344 ἑαυτοῦ
3053 2293 3083 2343 ὀ
3117 2291 3252 2355 Θεδς
3275 2293 3369 2346 καὶ
3394 2295 3450 2346 ἐν
3477 2296 3596 2358 ταῖς
3625 2311 3702 2347 τι-

2148 2383 2379 2454 μωρίαις
2407 2382 2754 2445 ἐνδείκνυται,
2774 2382 2929 2453 ἡμῶν
2952 2383 3049 2453 μὲν
3067 2383 3234 2437 πολλά
3263 2384 3698 2455 ἁμαρτανόντων,

2143 2474 2305 2528 αὐτοῦ
2326 2474 2380 2527 δὲ
2411 2474 2565 2543 ὀλίγα
2592 2475 2952 2538 παιδεύοντος.

2207 2566 2326 2620 Κᾶν
2373 2566 2481 2639 γὰρ
2530 2569 2579 2621 οἱ
2625 2567 2840 2631 ἀσεϐεῖς
2871 2567 2948 2638 τῷ
2978 2566 3153 2621 δοκεῖν
3185 2569 3385 2623 δοκῶσι
3414 2570 3617 2641 χαίρειν
3641 2573 3699 2625 ὲν

2140 2663 2261 2724 ταῖς
2311 2660 2515 2717 ἑαυτῶν
2570 2660 2783 2732 ἡδοναῖς
2832 2659 3173 2732 τρεφόμενοι,
3223 2662 3360 2718 ἀλλά
3421 2662 3565 2733 γὀὖν
3618 2665 3697 2728 είς

2141 2752 2411 2817 ἀπωλείας
2465 2752 2618 2816 τέλος
2659 2752 3139 2825 καταστρέφοντες,
3199 2755 3260 2808 οὐ
3301 2756 3397 2826 τὴν
3443 2755 3689 2828 ἀληθινὴν

2138 2843 2311 2914 χαρὰν
2372 2843 2651 2915 χαίρουσι’
2686 2844 2819 2915 μόνη
2873 2844 2980 2916 γάρ
3034 2844 3244 2915 κυρίως
3269 2844 3333 2898 ἄν
3370 2846 3454 2916 είη
3492 2844 3693 2916 χαράή

2138 2934 2202 2987 ὲκ
2234 2935 2492 3004 καμάτων
2543 2952 2601 2988 τε
2652 2936 2746 2988 καὶ
2786 2934 3016 3005 θλίψεων
3039 2935 3185 3007 ζωὴν
3210 2934 3424 2991 αἰώνιον
3447 2953 3703 3008 πραγμα-

2137 3025 2419 3097 τευομένη.
2457 3026 2617 3080 Ἀλλά
2651 3028 2745 3081 καὶ
2769 3029 2942 3100 χαρᾶς
2968 3027 3068 3099 τῆς
3089 3027 3349 3099 ἀληθινῆς
3370 3027 3701 3099 πληροῦνται

2136 3117 2186 3169 οἱ
2226 3115 2758 3188 δικαιοπραγοῦντες,
2785 3120 2862 3182 εἰς
2893 3117 3049 3188 ἔργον
3083 3119 3262 3181 αὐτοῖς
3289 3117 3699 3189 προχωροῦντος

2134 3206 2227 3262 τοῦ
2253 3209 2479 3275 σκοποῦ,
2515 3211 2610 3264 καὶ
2637 3211 2910 3284 ἁταράχου
2954 3212 3205 3282 μενούσης
3246 3212 3345 3282 τῆς
3370 3211 3569 3283 ψυχῆς,
3598 3212 3695 3266 καὶ

2133 3300 2559 3374 γαληνιαζούσης
2588 3305 2646 3357 έν
2676 3305 2862 3376 ἑαυτῇ.

2202 3393 2311 3447 Καὶ
2335 3392 2507 3448 ταῦτα
2562 3394 2930 3467 ῥυθμιζόντων
2954 3396 3152 3459 αὐτοὺς
3199 3398 3280 3461 είς
3314 3396 3424 3467 βίον
3472 3397 3562 3449 τδν
3616 3399 3696 3449 ὲν-

2134 3484 2346 3555 άρετον,
2373 3488 2467 3540 καὶ
2493 3487 2711 3558 τρόπων
2738 3488 3007 3559 εὐθύτητα
3038 3490 3344 3559 ὑφηγεῖται.

2204 3577 2284 3629 Τὰ
2308 3577 2413 3649 γὰρ
2446 3578 2671 3633 πλεῖστα
2697 3580 2804 3634 τῶν
2822 3581 2978 3634 ἐπιθυ
2987 3600 3059 3653 μη
3069 3582 3252 3652 μάτων
3273 3582 3451 3636 αὐτῶν
3478 3573 3554 3637 ὧν
3578 3598 3693 3634 συν-

2132 3666 2380 3735 ελέξαντο
2425 3669 2611 3741 ὥσπερ
2660 3671 2744 3724 ὠά
2783 3673 3022 3727 ἀσπίδων
3045 3674 3471 3745 ἀτελεσφόρητα,
3504 3675 3595 3727 καὶ
3623 3672 3693 3735 ὡς

2136 3758 2280 3822 ἱστὸς
2302 3759 2546 3832 ἀράχνης
2584 3764 2663 3826 εἰς
2696 3762 2847 3817 οὐδὲν
2874 3765 3138 3818 συντελῶν
3167 3765 3337 3834 μένει,
3372 3764 3571 3837 βλάϐην
3596 3766 3692 3819 αύ-

2130 3851 2241 3912 τοῖς
2269 3849 2464 3919 μᾶλλον
2492 3850 2636 3923 ἥπερ
2661 3851 2929 3922 ὠφέλειαν
2960 3855 3196 3926 φέροντα
3225 3874 3239 3887 ·
3273 3856 3320 3908 εί
3349 3855 3406 3908 δὲ
3443 3856 3535 3908 καὶ
3563 3872 3693 3925 συμ-

2131 3940 2257 4011 ϐαίη
2283 3942 2488 4006 ταύτας
2510 3942 2608 4007 τὰς
2654 3944 2863 4009 ὲννοίας
2903 3945 3087 4019 ὥσπερ
3107 3946 3593 4018 διαθερμανθεέσας
3614 3950 3692 4012 εἰς

2130 4034 2355 4104 πράξεις
2378 4036 2666 4106 προκάψαι,
2698 4037 2797 4090 οὐκ
2830 4037 3003 4092 ἔοικεν
3036 4040 3265 4103 ἐκείνοις
3302 4043 3414 4103 τοῖς
3450 4040 3680 4093 κλάσασι

2132 4125 2231 4196 μὲν
2278 4126 2381 4181 ὠὸν
2438 4128 2681 4194 ἀσπίδος,
2716 4129 3027 4200 βασιλίσκον
3075 4131 3132 4184 δὲ
3158 4132 3217 4184 ὲν
3247 4132 3427 4196 αὐτοῖς
3454 4132 3563 4203 (12)
3591 4132 3690 4184 εὑ-

2130 4215 2311 4287 ροῦσι;
2344 4217 2435 4270 καὶ
2486 4219 2617 4272 αὐτό
2662 4220 2778 4272 ἐστι
2830 4220 3031 4275 ἰοϐόλον
3063 4223 3158 4275 καὶ
3193 4222 3553 4294 θανατηφόρον
3593 4224 3689 4294 ἑρ-

2129 4309 2308 4363 πετόν.

535 4390 699 4449 Vens.
742 4394 827 4449 10.
869 4393 1000 4461 Quae
1029 4396 1131 4451 hoc
1165 4412 1332 4453 sensu
1364 4398 1598 4470 accipies
1626 4419 1639 4454 :
1674 4403 2024 4471 quemadmo-

2204 4400 2312 4453 Καὶ
2357 4400 2515 4456 τοῦτο
2561 4402 2619 4455 δὲ
2666 4405 2986 4475 σκοπητέον,
3016 4406 3118 4470 ὅτι,
3170 4407 3358 4476 ὥσπερ
3399 4406 3687 4478 ὀφθαλμῶν

460 4480 591 4536 dum
619 4483 755 4539 nihil
779 4498 968 4539 eorum
999 4501 1120 4556 qua
1147 4489 1510 4545 obversantur
1538 4504 1761 4548 cernere
1788 4495 2018 4563 poterit,

459 4572 551 4642 qui
584 4574 758 4632 oculis
786 4574 911 4631 licet
941 4577 1202 4647 praeditus
1233 4578 1354 4635 luce
1382 4590 1565 4647 caret,
1602 4592 1696 4637 aut
1723 4585 1815 4654 qui
1845 4585 2022 4642 lucem

460 4665 720 4736 adeptus,
749 4668 924 4723 oculis
953 4668 1291 4738 destituitur,
1340 4672 1414 4726 ita
1458 4688 1682 4730 necesse
1726 4685 1811 4732 est
1838 4686 1898 4731 ut
1929 4679 2023 4748 qui

457 4766 640 4811 meme
668 4756 872 4828 aliquid
896 4760 1184 4830 complecti
1214 4763 1482 4829 voluerit,
1515 4765 1761 4822 doctrina
1783 4769 2023 4828 illustre-

456 4854 546 4905 tur
576 4862 645 4901 ex
668 4844 870 4903 divinis
899 4846 1199 4920 Scripturis
1225 4849 1529 4922 desumpta.

529 4934 695 4992 Vens.
740 4938 826 4995 ll.
868 4937 1076 4998 Tantus
1117 4942 1220 4997 erit
1259 4943 1339 4999 eis
1372 4946 1604 5016 gemitus
1651 4955 1707 5003 et
1750 4948 2017 5016 ululatus,

455 5037 696 5100 quantus
727 5045 858 5087 urso
885 5033 1096 5089 catulos
1142 5034 1373 5091 amissos
1421 5037 1665 5108 lugenti;
1716 5048 1811 5094 aut
1855 5041 2019 5097 etiam

455 5130 695 5194 quantus
723 5125 991 5182 columba
1016 5143 1138 5196 qua
1163 5136 1358 5184 natura
1388 5131 1647 5187 continuo
1673 5131 1876 5189 fremit.

527 5297 692 5357 Vens.
730 5303 815 5356 l7.
851 5302 1089 5360 Salutem
1110 5347 1125 5372 ,
1154 5320 1316 5377 quam
1343 5322 1533 5378 poenas
1560 5312 1751 5366 dantes
1780 5325 1876 5381 per
1899 5326 2016 5381 pa-

454 5390 735 5454 nitentiam
778 5403 833 5450 et
872 5396 1208 5454 docilitatem
1255 5400 1502 5458 homines
1546 5403 1649 5459 sibi
1699 5411 2012 5475 operantur,

454 5482 731 5550 suscipere
755 5484 886 5541 dicit
907 5484 1074 5542 Deum
1098 5529 1111 5553 ,
1136 5499 1189 5547 et
1209 5492 1355 5548 velut
1383 5493 1759 5551 indumentum
1780 5537 1795 5563 ,
1828 5511 2013 5552 eorum

661 5657 843 5725 Potius
874 5662 1038 5735 αὐτῷ.
1069 5678 1073 5685 ‘

2124 4491 2312 4559 ὄντων,
2369 4496 2417 4546 εί
2469 4495 2544 4567 μὴ
2569 4498 2767 4570 παρείη
2800 4498 2935 4568 φῶς,
2968 4500 3061 4553 καὶ
3104 4500 3283 4568 φωτὸς
3325 4500 3497 4563 ὄντος,
3532 4501 3581 4553 εξ
3613 4498 3687 4570 μὴ

2123 4579 2253 4639 ὦσιν
2273 4586 2538 4659 ὀφθαλμοὶ
2571 4589 2878 4660 βλέποντες,
2925 4592 3185 4646 ἀδύνατόν
3217 4595 3329 4645 ἐστι
3363 4592 3430 4645 τά
3464 4593 3687 4645 amicei.

2127 4694 2261 4747 μενα
2287 4677 2524 4751 καθορᾷν
2545 4698 2560 4712 ·
2599 4679 2770 4746 οὕτως
2800 4682 3011 4755 ἀνάγκη
3053 4685 3144 4737 καὶ
3173 4684 3263 4737 τὸν
3289 4683 3607 4753 βουλόμενόν
3631 4699 3685 4734 τι

2121 4769 2444 4825 διανοεῖσθαι
2475 4772 2619 4836 νοῦν,
2650 4776 2725 4845 μὴ
2741 4776 2805 4828 ἐκ
2829 4775 2937 4830 τῶν
2954 4775 3113 4831 θείων
3135 4775 3365 4847 Γραφῶν
3388 4776 3685 4846 ἀρυόμενον

2125 4862 2332 4933 σοφίαν,
2361 4864 2697 4937 διαμαρτεῖν.

2192 4954 2454 5020 Τοσοῦτος
2499 4956 2556 5009 δὲ
2594 4956 2742 5011 ἔσται
2775 4962 2803 5013 ὀ
2830 4961 3127 5031 στεναγμὸς
3160 4961 3254 5015 καὶ
3286 4962 3318 5032 η
3356 4959 3481 5030 παρ’
3504 4958 3685 5012 αὐτῶν

2119 5045 2355 5117 οἰμωγὴ,
2386 5047 2519 5119 ὅσην
2554 5048 2755 5120 ἄρκτος
2776 5052 3086 5107 ἀπολέσασα
3107 5054 3173 5107 τὰ
3196 5053 3394 5123 ἑαυτῆς
3414 5051 3580 5105 τέκνα
3603 5051 3683 5103 oi—

2123 5137 2319 5209 μώξει·
2350 5140 2409 5193 οὐ
2445 5139 2551 5211 μὴν
2595 5140 2732 5195 ἀλλὰ
2758 5143 2851 5196 καὶ
2882 5144 3176 5217 περιστερὰ
3203 5143 3561 5206 ἀδιαλείπτως
3582 5158 3685 5212 φυο

2120 5231 2287 5295 σικῶς
2312 5232 2605 5303 βρύχουσα.

2187 5325 2298 5397 Τὴν
2325 5328 2388 5379 ὲκ
2421 5326 2521 5398 τῆς
2564 5330 2847 5400 μετανοίας
2884 5332 2979 5385 καὶ
3006 5332 3270 5396 συνέσεως
3298 5348 3688 5403 πραγματευο-

2121 5414 2286 5486 μένην
2322 5417 2593 5487 σωτηρίαν
2626 5421 2738 5483 τοῖς
2778 5420 3207 5491 τιμωρουμένοις
3233 5422 3566 5476 οἰκειοῦσθαι
3593 5421 3688 5476 τὸν

2116 5503 2245 5557 Θεὸν
2303 5504 2521 5574 φάσκει,
2583 5507 2677 5560 καὶ
2705 5507 2983 5563 ἐνδύεσθαι
3029 5510 3217 5582 ὥσπερ
3256 5528 3307 5564 τι
3343 5510 3545 5581 ἔνδυμα
3583 5510 3689 5582 τὴν
