3984 6212
299 254 432 308 15ύὸ

1722 251 1783 306 IN
1819 252 2065 308 ISAIAM.

3384 258 3517 311 I556

295 364 864 439 τούτωνβικαιοσύνην
891 379 902 391 ·
940 363 998 415 οὐ
1032 363 1133 433 μὴν
1152 363 1285 416 ἀλλὰ
1318 364 1408 415 καὶ
1428 363 1619 432 ῶτπερ
1644 380 1694 415 τι
1729 364 1858 435 κρά-

1984 365 2219 419 ustittam
2252 367 2495 421 induere.
2522 366 2632 421 Imo
2664 369 2818 438 quasi
2843 370 3006 423 lorica
3032 379 3083 425 et
3102 385 3248 441 ganea
3270 411 3283 433 ,
3311 376 3480 441 inquit
3499 414 3515 438 ,

298 476 387 523 νος
418 459 511 511 καὶ
571 455 794 525 θώρακα
837 453 1206 526 περιτίθεσθαι
1233 455 1430 522 φάσκει
1459 455 1548 508 τὸν
1568 455 1719 518 Θεὸν,
1758 455 1854 519 τὰς

300 550 406 605 τῶν
430 547 731 619 ἀνθρώπων
771 547 1326 617 δικαιοπραγματείας
1353 564 1364 576 ⁸
1407 547 1475 600 τὰ
1516 547 1573 600 δὲ
1608 547 1701 599 ἐπὶ
1719 546 1853 600 Θεοῦ

300 642 548 713 εἴληπται
597 638 946 711 παραμυθίαν
983 637 1213 709 φέροντα
1252 641 1362 701 τοῖς
1394 641 1686 710 ἀκροαταῖς
1710 655 1725 671 υ
1763 639 1857 692 καὶ

300 733 573 803 ἐπεγείρει
639 727 815 783 αὐτῶν
876 728 944 782 τὰ
995 730 1352 801 φρονήματα,
1413 729 1487 794 ὡς
1547 729 1858 801 δυναμένων

302 825 479 878 αὐτῶν
531 822 624 876 καὶ
654 820 852 891 ἔνδυμα
896 819 1030 876 Θεοῦ
1056 820 1327 890 γενέσθαι,
1360 820 1704 891 δικαιοσύνην
1731 838 1855 892 μετ-

304 918 513 969 ιὸντων.

379 1004 691 1077 Προειδέναι
724 1005 829 1077 χρὴ
860 1005 919 1059 τὸ
953 1000 1082 1075 ἦθος
1115 1005 1171 1058 τὸ
1214 1005 1552 1070 δεσποτικὸν,
1582 1006 1662 1059 ὅτι
1686 1006 1863 1060 πάντα

305 1098 370 1151 δι’
397 1095 705 1167 ἁγαθότητα
749 1095 1032 1165 προλέγει·
1082 1099 1176 1162 ὡς,
1209 1098 1335 1150 ὅταν
1372 1097 1567 1167 ἀπειλῇ
1603 1098 1719 1167 μὲν,
1755 1097 1861 1158 ἵνα,

311 1188 635 1259 φοϐηθέντες
675 1187 743 1242 τὰ
775 1187 1091 1260 σκυθρωπὰ,
1125 1188 1546 1260 ἐπιστρέψαντες
1572 1189 1664 1242 καὶ
1700 1205 1865 1259 μετα-

310 1280 599 1349 νοήσαντες
654 1278 1006 1348 άπαλλαγῶσι
1052 1282 1151 1351 τῆς
1188 1282 1380 1353 πείρας
1438 1281 1545 1334 τῶν
1572 1281 1788 1334 δεινῶν·
1830 1281 1863 1351 ἢ

314 1368 471 1423 πάλιν
503 1370 891 1439 ἐπαγγέλλεται
921 1371 989 1425 τὰ
1021 1371 1220 1440 ἀγαθὰ,
1244 1374 1331 1426 ἵνα
1357 1376 1475 1438 ταῖς
1516 1372 1865 1442 ἐπαγγελίαις

314 1459 596 1533 ἐπιρῤὡσῃ
615 1461 721 1515 τῶν
743 1461 1270 1534 δικαιοπραγούντων
1290 1462 1387 1526 τὰς
1422 1462 1615 1534 ψυχὰς,
1652 1462 1785 1533 πρὸς
1811 1460 1869 1514 τὸ

317 1552 519 1625 μᾶλλον
582 1553 797 1625 ἔχεσθαι
849 1555 946 1627 τῆς
990 1556 1123 1628 πρὸς
1158 1556 1247 1609 τὸν
1286 1555 1419 1608 Θεὸν
1447 1556 1677 1618 ἐλπίδος.
1731 1553 1867 1607 Ἀλλ’

314 1645 434 1701 οὐδέ
465 1663 564 1700 που
621 1647 713 1700 καὶ
767 1646 1009 1718 ἀνάγκην
1033 1646 1143 1717 ἔχει
1179 1646 1309 1711 Θεὸς
1341 1646 1579 1719 πληροῦν
1600 1649 1803 1701 ταῦτα*
1836 1644 1867 1717 ἢ

315 1736 423 1810 γὰρ
454 1738 897 1809 μετανοησάντων
933 1739 1101 1810 ἀνῆκε
1135 1739 1223 1792 τὸν
1252 1738 1442 1810 θυμὸν,
1483 1739 1539 1809 ἦ,
1582 1736 1657 1811 μὴ
1684 1739 1875 1809 ἐμμει-

318 1829 522 1883 νάντων
564 1832 676 1893 τοῖς
723 1830 926 1895 καλοῖς,
962 1830 1021 1884 ού
1070 1828 1340 1884 τελειώσει
1374 1831 1441 1885 τὰ
1475 1828 1874 1899 ἐπαγγελθέντα

318 1917 477 1982 καλὰ,
504 1918 658 1990 ήμῶν
678 1921 1018 1990 παρεχόντων
1051 1919 1146 1985 τὰς
1172 1920 1347 1983 αίτίας
1375 1918 1452 1990 τῷ
1478 1916 1597 1989 Θεῷ
1620 1916 1712 1970 τοῦ
1745 1916 1877 1986 πλη-

322 2005 448 2077 ροῦν
474 2007 543 2059 τὰ
570 2008 975 2077 ἐπαγγελθέντα
1003 2008 1166 2063 κακά.

391 2099 498 2151 Καὶ
521 2099 688 2152 ταῦτα
710 2100 765 2152 δὲ
781 2100 899 2153 καθ’
931 2099 1169 2171 ἱστορίαν
1192 2096 1437 2169 ζητοῦντι
1455 2096 1659 2151 ἔνεστιν
1675 2096 1871 2168 εὑρεῖν·

319 2188 477 2241 τοῦτο
504 2191 600 2260 μὲν
636 2188 816 2262 Κύρου
854 2188 1327 2261 άνοικοδομοῦντος
1360 2188 1458 2259 τὴν
1505 2186 1875 2258 Ἰερουσαλὴμ,

322 2280 415 2332 καὶ
456 2284 572 2352 μετ’
598 2281 758 2335 αὐτὸν
795 2283 1025 2353 Δαρείου
1051 2297 1067 2314 ο
1102 2283 1164 2335 οὐ
1202 2281 1309 2352 μὴν
1337 2280 1471 2335 ἀλλὰ
1505 2280 1597 2335 καὶ
1634 2279 1879 2346 Ἀλεξάν-

319 2370 445 2443 δρου
471 2372 562 2425 τὸν
602 2373 870 2445 ἱερατικὸν
899 2372 1078 2426 στόλον
1103 2370 1462 2443 θεασαμένου,
1495 2369 1588 2425 καὶ
1614 2368 1880 2442 μεταϐαλ-

322 2460 545 2531 λομένου
569 2461 659 2515 τὸν
689 2460 858 2532 θυμὸν
882 2463 962 2524 είς
983 2460 1372 2532 προσκύνησιν.

393 2553 569 2626 Ὅπερ
595 2548 682 2625 ἦν,
707 2554 800 2607 καὶ
821 2553 912 2605 ἐπὶ
934 2552 1034 2623 τῆς
1061 2552 1177 2606 νυνὶ
1204 2550 1587 2615 καταστάσεως
1610 2550 1716 2604 τῶν
1761 2551 1880 2604 Ἐκ-

325 2643 558 2716 κλησιῶν
585 2642 867 2713 δηλοῦται·
894 2644 1090 2708 πάντες
1121 2642 1233 2714 γὰρ
1268 2641 1634 2713 ἁπανταχόθεν
1659 2639 1880 2704 ταύταις

325 2735 669 2805 προσοίσουσι
696 2734 795 2798 τὰς
819 2735 1093 2807 ἀπαρχάς.

405 2824 762 2887 Ἐπισκόπους
810 2825 954 2894 λέγει
983 2825 1110 2890 τοὺς
1143 2823 1569 2888 ἐπιστατοῦντας
1596 2824 1688 2878 τοῦ
1730 2824 1877 2888 λαοῦ,

327 2913 419 2976 οὓς
441 2916 534 2969 καὶ
567 2914 907 2987 δικαιοσύνης
942 2916 1177 2988 ἐραστὰς
1210 2916 1421 2987 μέλλειν
1463 2914 1677 2967 ἔσεσθαι
1712 2914 1880 2985 πρού-

328 3021 499 3074 Αεγεν.

398 3097 556 3162 Ἔθος
583 3102 694 3163 τοῖς
723 3100 1043 3172 προφήταις,
1076 3094 1551 3169 προαναθεωροῦσι
1578 3095 1640 3150 τὸ
1670 3095 1877 3167 μέλλον,

326 3189 418 3241 ἐπὶ
447 3191 543 3260 μὲν
566 3189 672 3242 τῶν
723 3188 1061 3259 σκυθρωπῶν
1113 3188 1364 3242 ἀνιᾶσθαι
1401 3189 1495 3242 καὶ
1532 3186 1764 3253 πενθεῖν,
1793 3187 1884 3240 ἐπὶ

325 3282 382 3335 δὲ
424 3286 490 3353 τῇ
542 3284 648 3335 τῶν
708 3282 927 3350 ἀγαθῶν
982 3281 1184 3352 θεωρίᾳ
1216 3282 1281 3351 ἢν
1326 3280 1763 3349 εὐαγγελίζονται
1808 3280 1884 3351 τῷ

328 3373 459 3444 λαῷ,
499 3373 598 3427 κᾶν
611 3373 1004 3443 ἀναισθητῶσιν
1017 3376 1064 3426 οἱ
1092 3372 1378 3436 ἀκούοντες
1416 3372 1631 3437 αὐτοὺς,
1656 3370 1884 3443 προεορ-

329 3467 513 3531 τάξειν
580 3466 673 3519 καὶ
707 3466 1091 3537 προεπιᾶσθαι
1148 3466 1290 3519 κατὰ
1332 3464 1528 3537 ψυχὴν,
1558 3468 1764 3535 πεῖσμα
1797 3463 1884 3535 βέ-

335 3558 482 3611 ϐαιον
513 3557 880 3628 κεκτημένους
908 3557 1006 3627 τῆς
1056 3556 1161 3611 τῶν
1187 3557 1501 3628 δειχθέντων
1544 3557 1795 3629 θεωρίας.
1820 3588 1886 3599 -

333 3648 551 3704 Βλέπων
598 3649 777 3702 τοίνυν
837 3651 865 3702 ὁ
922 3650 1201 3721 προφήτης
1252 3650 1386 3722 πρὸς
1412 3648 1502 3702 τὸν
1533 3650 1785 3720 Χριστὸν,
1812 3650 1886 3715 ὡς

336 3741 539 3813 ἔνδυμα
566 3740 729 3794 αὐτοῦ
757 3741 1012 3810 ἐγεγόνει·
1046 3743 1151 3805 πᾶς
1184 3740 1292 3812 γάρ
1321 3743 1349 3794 ὁ
1374 3740 1725 3812 ἐνδυσάμενος
1751 3743 1886 3815 Χρι-

336 3831 476 3898 στὸν,
517 3833 729 3903 ἱμάτιον
796 3832 1065 3904 σωτηρίας
1110 3831 1414 3899 ἐνεδύσατο,
1453 3832 1573 3886 καθ’
1603 3832 1630 3885 ὃ
1675 3835 1767 3887 καὶ
1790 3832 1887 3905 τὴν

333 3927 492 3995 ἁγίαν
535 3926 697 3980 αὑτοῦ
741 3924 1065 3996 Ἐκκλησίαν
1107 3927 1462 3996 κατακοσμεῖ.
1492 3924 1765 3995 Κάκείνην
1790 3924 1887 3996 τὴν

333 4016 568 4071 διάθεσιν
620 4017 862 4089 πληρῶν,
916 4019 981 4088 ήν
1034 4017 1098 4071 ἂν
1141 4016 1404 4091 πληρώσῃ
1424 4016 1703 4081 νεανίσκος
1754 4016 1891 4087 πρὸς

337 4109 621 4181 παρθένον,
663 4109 846 4180 ἔχαιρε
898 4109 988 4161 καὶ
1015 4109 1269 4179 εὐωχεῖτο
1306 4109 1444 4163 κατὰ
1473 4109 1669 4179 ψυχὴν,
1710 4108 1784 4172 ῶς
1813 4108 1891 4179 τῷ

336 4198 554 4270 Χριστῷ
610 4198 802 4263 συνὼν,
853 4199 1101 4252 κάκεῖνον
1171 4198 1534 4270 ἐνδεδυμένος,
1577 4200 1667 4252 καὶ
1692 4198 1891 4269 χιτῶνα

338 4292 496 4346 αὑτὸν
520 4290 655 4363 ἔχων
680 4289 1032 4361 εὐφροσύνης.

1963 456 2392 510 circumdabitur
2415 456 2558 513 Deus
2582 458 2741 513 bonis
2768 459 3047 514 hominum
3079 461 3351 529 operibus.
3389 463 3518 529 Qua:

1963 545 2178 615 quidem
2204 546 2271 600 de
2303 545 2413 602 Deo
2441 546 2775 616 referuntur,
2800 557 2857 607 ut
2882 550 3164 607 audientes
3183 554 3441 620 excitent,
3469 567 3521 609 et

1963 647 2170 694 mentes
2199 654 2386 693 eorum
2417 639 2658 710 erigant,
2710 641 3115 698 recordantium
3154 658 3215 700 se
3253 643 3518 701 iustitiam

1963 728 2190 784 colendo
2218 729 2312 785 Dei
2345 732 2715 788 indumentum
2744 749 2905 804 posse
2938 734 3069 789 ﬁeri.

2105 1008 2231 1062 Car.
2276 1008 2401 1075 LX,
2451 1008 2607 1067 Vens.
2651 1014 2702 1066 8.
2743 1011 2860 1066 Prae
2903 1013 3076 1068 oculis
3121 1014 3398 1071 habendus
3444 1026 3524 1070 est

1970 1098 2063 1151 Dei
2097 1113 2215 1153 mos
2244 1107 2462 1169 propter
2493 1101 2881 1171 benignitatem
2907 1111 3133 1156 ventura
3162 1104 3522 1173 praedicentis.

1968 1187 2122 1243 Nunc
2163 1190 2336 1244 minas
2368 1189 2631 1256 intendit,
2686 1201 2746 1246 ut
2774 1192 2909 1247 diris
2938 1195 3245 1262 perterriti,
3282 1209 3378 1264 per
3412 1210 3526 1265 pa:-

1972 1282 2257 1335 nitentiam
2290 1290 2343 1337 et
2386 1284 2690 1338 animorum
2734 1285 3144 1340 conversionem
3190 1286 3527 1340 imminentia

1973 1372 2074 1427 sibi
2109 1374 2249 1426 mala
2275 1382 2520 1427 avertant
2545 1392 2560 1440 ;
2592 1391 2737 1429 nunc
2760 1386 2939 1429 autem
2967 1376 3105 1431 bona
3138 1378 3436 1447 promittit,
3466 1384 3527 1429 ut

1968 1464 2239 1533 jnstorum
2274 1467 2484 1521 animos
2526 1468 2807 1535 promissis
2850 1467 3166 1531 conﬁrmet,
3211 1476 3264 1523 et
3299 1469 3529 1540 ﬂagran-

1975 1553 2098 1609 tiori
2127 1554 2181 1607 in
2214 1553 2380 1608 Deum
2427 1556 2606 1609 studio
2661 1557 2931 1612 incendat.
2975 1558 3044 1610 At
3091 1559 3237 1612 nulla
3293 1575 3526 1629 unquam

1976 1646 2091 1717 lege
2118 1646 2184 1702 ad
2211 1647 2327 1703 haec
2351 1648 2675 1718 perﬁcienda
2705 1650 2935 1719 cogitur.
2968 1648 3101 1703 Nam
3129 1652 3234 1705 illis
3263 1654 3531 1722 poeniten~

1908 1718 1952 1775 Β
1978 1736 2106 1790 tiam
2137 1738 2420 1807 agentibus
2440 1778 2455 1803 ,
2492 1738 2629 1791 iram
2673 1738 2825 1807 ponit
2852 1755 2867 1803 ;
2897 1745 2951 1792 et
2982 1737 3066 1791 his
3089 1752 3119 1790 a
3150 1718 3296 1794 recta
3324 1741 3410 1794 via
3437 1740 3531 1794 der

1975 1825 2350 1894 ﬂectentibus,
2385 1827 2640 1897 praadicta
2666 1827 2806 1882 bona
2837 1842 2944 1880 non
2978 1826 3205 1897 largitur
3233 1850 3245 1882 :
3283 1829 3385 1899 ipsi
3430 1845 3531 1884 nos

1976 1926 2227 1973 auctores
2265 1933 2454 1974 sumus
2482 1916 2590 1973 Deo
2624 1919 2982 1988 praenuntiata
3012 1919 3151 1974 mala
3185 1919 3527 1975 immittendi.

2046 2095 2209 2152 Vens.
2234 2097 2319 2152 IO.
2343 2096 2473 2163 Quae
2494 2113 2564 2153 an
2588 2112 2776 2169 reapse
2797 2099 3034 2167 perfecta
3054 2098 3164 2154 sint
3183 2107 3531 2169 quaerentem,

1980 2189 2206 2244 historia
2236 2190 2577 2261 apertissime
2621 2191 2879 2247 docebit:
2924 2190 3157 2261 primum
3199 2205 3321 2245 cum
3361 2189 3534 2261 Cyrus

1977 2288 2029 2336 et
2059 2290 2182 2352 post
2213 2282 2357 2337 hunc
2385 2281 2579 2339 Darius
2618 2281 2921 2340 Jerusalem
2968 2281 3300 2349 aediﬁcaret;
3342 2280 3536 2337 deinde

1978 2373 2140 2427 etiam
2173 2388 2296 2428 cum
2339 2374 2665 2442 Alexander,
2710 2391 2919 2431 sacram
2969 2389 3220 2446 pompam
3268 2374 3532 2441 miratus,

1981 2477 2077 2532 pro
2108 2462 2246 2517 irato
2277 2463 2667 2519 amicissimum
2697 2480 2755 2520 se
2784 2465 3063 2536 praeberet.

2053 2551 2217 2612 Vens.
2259 2555 2342 2610 l5.
2386 2554 2539 2622 Quod
2566 2556 2693 2610 olim
2722 2556 2933 2620 evenit,
2968 2561 3023 2610 et
3049 2569 3197 2610 nunc
3224 2567 3442 2625 quoque
3473 2552 3541 2608 do

1980 2646 2238 2703 Ecclesiis
2279 2649 2673 2705 constituendis
2716 2649 2901 2714 valet;
2931 2647 3132 2719 quibus
3175 2646 3319 2702 enim
3364 2645 3537 2701 unde-

1980 2759 2193 2814 quaque
2221 2752 2405 2813 gentes
2436 2745 2702 2814 primitias
2726 2743 2977 2799 aﬁ‘erunt.

2052 2833 2214 2888 Vens.
2250 2832 2331 2886 I7.
2372 2832 2669 2903 Episcopos
2692 2842 2849 2887 vocat
2874 2830 3153 2903 principes
3174 2826 3377 2899 populi,
3405 2839 3542 2897 quos
3566 2870 3573 2879 .

1979 2929 2032 2975 et
2054 2920 2276 2992 justitize
2306 2920 2663 2977 inservituros
2695 2920 3041 2992 praedicebat,

2052 3098 2179 3154 CAP.
2222 3097 2370 3165 LXI,
2415 3097 2578 3154 Vens.
2630 3098 2711 3153 10.
2755 3096 2979 3155 Μοε,θει
3012 3095 3288 3174 prophetis
3317 3101 3539 3149 ventura

1984 3191 2438 3262 prospicientibus
2457 3231 2473 3257 ,
2503 3190 2569 3247 de
2605 3190 2839 3246 miseriis
2874 3188 3090 3261 quidem
3119 3188 3303 3260 lugere
3329 3196 3385 3242 et
3414 3200 3535 3240 con-

1983 3284 2223 3348 tristari,
2253 3283 2320 3338 de
2354 3284 2618 3341 bonorum
2665 3289 2844 3337 autem
2889 3279 3377 3350 contemplatione,
3427 3292 3547 3349 quae

1985 3378 2182 3448 popqu
2215 3377 2498 3441 nuntiant,
2541 3373 2756 3431 etiamsi
2802 3372 3085 3428 audientes
3118 3370 3276 3426 (idem
3310 3369 3545 3440 denega-

1985 3470 2180 3534 verint,
2218 3469 2387 3524 laetari
2415 3474 2469 3521 et
2499 3467 2689 3538 spiritu
2718 3467 3024 3530 exsultare,
3058 3458 3261 3518 eertam
3287 3462 3547 3517 habentes

1986 3563 2091 3635 ipsi
2117 3577 2296 3617 rerum
2320 3562 2741 3633 signiﬁcatarum
2766 3559 3038 3614 ﬁduciam.
3057 3588 3123 3597 —
3139 3555 3547 3627 Prospectatum

1988 3656 2152 3728 igitur
2174 3654 2447 3711 Christum
2478 3652 2737 3725 propheta
2759 3693 2772 3717 ,
2805 3661 2861 3707 ut
2886 3651 3269 3708 vestimentum
3290 3689 3303 3711 ,
3333 3647 3507 3702 induit
3533 3663 3545 3709 ;

1988 3750 2299 3820 quicunque
2345 3750 2487 3804 enim
2539 3748 2816 3804 Christum
2885 3743 3168 3807 induerit,
3220 3740 3546 3796 vestimento

1989 3838 2179 3892 salutis
2205 3838 2433 3893 vestitus
2460 3845 2573 3901 est,
2602 3851 2711 3907 quo
2747 3835 2909 3889 etiam
2955 3840 3198 3888 sanctam
3249 3844 3401 3887 suam
3447 3826 3549 3881 Ee-

1990 3930 2214 3984 clesiam
2262 3936 2511 3984 exornat,
2569 3928 2646 3982 Ac
2694 3927 2885 3982 iisdem
2940 3924 3224 3979 affectibus
3270 3929 3549 3992 permotus

1990 4020 2189 4090 quibus
2230 4036 2465 4091 sponsus
2513 4020 2568 4073 in
2617 4032 2873 4089 sponsam
2924 4024 3190 4076 movetur,
3229 4010 3423 4081 spiritu
3461 4012 3549 4065 III:-

1992 4120 2137 4167 tatur
2165 4119 2221 4168 et
2268 4112 2534 4176 exsultat,
2585 4109 2729 4163 haud
2768 4123 2926 4163 secus
2967 4121 3030 4161 ac
3070 4106 3116 4160 si
3166 4118 3289 4158 cum
3329 4102 3551 4157 Christo

1992 4203 2429 4274 conjungeretur,
2453 4198 3014 4270 Christum_induissct
3034 4238 3047 4263 ,
3078 4205 3129 4250 et
3158 4196 3398 4248 tunicam
3428 4206 3548 4247 eum

1992 4294 2271 4350 habuisset
2298 4292 2513 4347 Ιεειὶιὶιο.

409 4384 544 4448 Τοὺς
573 4384 980 4455 σπερματικοὺς
1021 4382 1209 4452 λόγους
1246 4383 1517 4458 σημαίνει,
1548 4400 1674 4447 τους
1708 4384 1881 4455 ὥσπερ

2068 4386 2236 4442 Vens.
2278 4386 2365 4440 ti.
2409 4381 2711 4439 Seminales
2754 4393 3034 4435 sermones
3079 4375 3312 4431 intendit
3357 4372 3553 4428 animis

339 4481 395 4531 ἐν
418 4481 486 4550 γῇ
518 4481 583 4549 τῇ
601 4476 745 4549 ψυχῇ
772 4475 1245 4545 ἐναποκειμένους,
1266 4478 1356 4531 καὶ
1371 4477 1446 4540 ὠς
1468 4477 1643 4547 κῆπον
1669 4476 1896 4541 αῦξοντα

338 4571 407 4624 τὰ
430 4571 487 4623 ἐν
515 4569 661 4640 αὑτῷ
692 4568 999 4639 σπέρματα,
1026 4568 1120 4620 καὶ⁸
1147 4570 1246 4620 οὐκ
1282 4567 1480 4633 ἔξωθεν
1516 4568 1636 4621 οὐδὲ
1666 4567 1895 4638 ἀλλαχό-

342 4664 431 4718 θεν
463 4662 852 4733 ἐπεισφέροντα
875 4660 1185 4732 σπέρματα,
1216 4658 1332 4712 ἀλλ’
1364 4659 1502 4714 ὥστε
1539 4660 1642 4729 γῆν
1672 4659 1896 4729 ἔχουσαν

340 4756 493 4824 λόγον
524 4754 617 4807 καὶ
628 4753 973 4809 ὁδοποιοῦσαν
997 4756 1075 4817 είς
1100 4754 1330 4824 Χριστόν
1349 4767 1362 4780 '
1386 4751 1572 4821 ῶσπερ
1594 4753 1651 4804 ἐν
1686 4750 1895 4821 σώματι

339 4847 602 4917 ὀφθαλμοὶ
640 4846 953 4915 συγγένειαν
990 4845 1171 4917 ἔχουσι
1204 4844 1338 4915 πρὸς
1382 4843 1441 4896 τὸ
1480 4843 1614 4912 φῶς,
1647 4843 1740 4896 καὶ
1765 4843 1895 4895 ἁνα-

338 4940 611 5003 τείλαντος
663 4938 815 5009 ἡλίου
844 4937 1043 5001 εὐθέως
1075 4936 1136 4990 τὸ
1182 4936 1437 5005 συγγενὲς
1460 4934 1696 5007 ὁρῶμεν,
1732 4933 1892 4999 οὕτω,

338 5032 433 5087 τοῦ
458 5033 706 5103 Σωτῆρος
736 5033 767 5100 ή
778 5029 892 5100 μῶν
922 5028 1344 5099 ἐπιλάμψαντος,
1378 5026 1474 5099 τὴν
1511 5027 1898 5098 κεκρυμμένην

341 5130 399 5182 εν
418 5130 548 5197 ἡμῖν
572 5124 978 5197 ἐπιτηδειότητα
998 5124 1130 5194 πρὸς
1146 5122 1485 5193 δικαιοσύνην
1510 5120 1895 5192 ἐκλάμψωμεν,

341 5218 405 5271 τὸ
438 5218 707 5271 σκοτεινὸν
756 5215 1077 5285 ἀποθέμενοι
1149 5215 1247 5285 τῆς
1286 5215 1460 5284 ψυχῆς
1505 5210 1655 5283 ἦθος.
1716 5211 1900 5280 Ἀγαλ-

342 5306 517 5361 λίασιν
553 5307 609 5360 δὲ
650 5306 796 5374 λέγει
834 5305 1058 5357 ἐνώπιον
1114 5305 1222 5359 τῶν
1271 5304 1435 5358 ἐθνῶν
1480 5303 1894 5373 ἐξαπλούμενος.

414 5398 520 5453 Τοῦ
552 5399 824 5469 προφήτου
858 5397 994 5451 κατὰ
1023 5397 1197 5469 ψυχὴν
1240 5396 1574 5459 ἐστιαθέντος
1614 5395 1699 5448 διὰ
1732 5395 1797 5449 τὰ
1823 5395 1900 5465 τῷ

343 5490 457 5562 λαῷ
496 5490 923 5559 ἐπαγγελθέντα·
982 5492 1042 5543 ού
1093 5490 1196 5561 μὴν
1231 5490 1363 5543 ἀλλὰ
1408 5489 1498 5543 καὶ
1533 5490 1734 5543 τούτων
1768 5490 1901 5559 ἀμε-

344 5583 576 5642 λούντων
616 5583 711 5654 τὴν
740 5585 816 5647 είς
843 5583 910 5637 τὰ
937 5584 1061 5650 ἔθνη
1113 5583 1412 5651 φθάνουσαν
1456 5583 1613 5653 χάριν
1669 5600 1900 5653 προανα-

350 5679 710 5752 φωνήσαντος,
748 5675 1051 5739 ἀκολούθως
1084 5675 1197 5728 οὐδὲ
1236 5677 1329 5747 τῆς
1360 5676 1494 5729 Σιὼν
1530 5675 1898 5745 ἐπιμελεῖσθαί

1999 4476 2143 4532 velut
2170 4471 2332 4530 terra:
2360 4470 2723 4535 commissos;
2753 4479 2806 4523 et
2843 4483 2967 4522 cum
3013 4467 3170 4520 horto
3212 4464 3440 4519 collatos
3471 4477 3555 4517 se-

1996 4569 2140 4622 mina
2168 4581 2267 4622 sua
2300 4565 2591 4629 eﬂerente,
2625 4577 2735 4617 non
2784 4560 2996 4617 exotica
3039 4565 3131 4611 aut
3176 4557 3346 4611 aliena
3395 4552 3552 4609 indu-

1995 4667 2192 4724 cente;
2227 4674 2349 4713 cum
2378 4664 2522 4713 terra
2550 4655 2763 4709 ratione
2790 4652 3011 4724 praedita
3041 4657 3094 4705 et
3130 4650 3270 4703 viam
3301 4649 3365 4702 ad
3397 4646 3551 4701 Chri-

1996 4761 2140 4808 stum
2187 4748 2562 4820 patefaciente.
2612 4746 2730 4812 Quo
2778 4745 2918 4797 enim
2971 4739 3128 4795 modo
3174 4740 3317 4795 oculi
3367 4738 3552 4791 intima
3644 4732 3647 4733 ⁷

1997 4842 2321 4914 cognatione
2363 4856 2486 4894 cum
2530 4838 2648 4893 luce
2688 4835 3115 4905 coniunguntur,
3148 4839 3204 4885 et
3257 4838 3378 4883 orto
3407 4828 3551 4889 sole,

1997 4934 2181 4991 statim
2224 4934 2339 4987 haec
2369 4931 2621 5001 cognatio
2667 4934 2919 4997 apparet,
2965 4926 3036 4978 ita
3078 4923 3415 4977 illuminante
3454 4934 3553 4973 nos

2000 5027 2313 5092 Salvatore,
2367 5022 2670 5080 tenebrosis
2711 5020 2905 5074 animae
2940 5018 3183 5071 moribus
3233 5014 3551 5076 illustratis,

2000 5118 2305 5189 splendebit
2352 5116 2406 5169 in
2447 5112 2605 5168 nobis
2634 5112 2808 5165 latens
2852 5109 2919 5163 ad
2967 5106 3236 5179 justitiam
3284 5103 3552 5159 habilitas.

2000 5208 2429 5264 Exsultationem
2456 5201 2589 5257 dicit
2618 5216 2674 5256 se
2707 5200 2761 5253 in
2790 5204 3083 5265 conspectu
3111 5192 3349 5265 gentium
3381 5189 3558 5244 multi-

2001 5303 2340 5373 plicaturum.

2069 5396 2197 5449 Cu».
2252 5387 2384 5445 LXII
2416 5428 2431 5452 ,
2461 5386 2622 5441 Vens.
2661 5384 2711 5436 l.
2757 5381 2958 5452 Spiritu
3006 5378 3244 5434 exsultat
3297 5374 3557 5445 propheta

2001 5493 2219 5560 propter
2250 5483 2392 5538 bona
2422 5478 2621 5550 pepulo
2673 5472 3035 5536 denuntiata;
3072 5467 3319 5541 praedicit
3373 5467 3556 5537 profe-

2002 5557 2091 5635 cto
2112 5580 2195 5633 vel
2223 5576 2409 5631 invitis
2427 5570 2682 5627 lsraelitis
2711 5568 2936 5638 gratiam
2966 5580 2996 5618 a
3026 5563 3131 5619 Deo
3152 5562 3205 5616 in
3229 5567 3418 5633 gentes
3456 5557 3561 5614 dif-

2007 5670 2359 5735 fundendam,
2393 5647 2649 5739 nonideo
2676 5671 2853 5716 tamen
2879 5658 3011 5714 Sion
3036 5654 3432 5728 negligendam,
3467 5658 3561 5704 aut
