3984 6212
480 275 617 330 1567

1634 270 1982 329 THEODORI
2019 268 2535 326 HERACLEENSIS

3592 223 3788 321 1568'

479 387 960 456 derelinquendam
1024 383 1376 452 Jerusalem;
1444 400 1558 442 naac
1610 397 1793 442 autem
1841 387 2036 441 illumi-

2146 405 2329 458 φησιν,
2360 387 2482 440 οὐδὲ
2529 386 2626 457 τὴν
2687 381 3034 457 Ἰερουσαλὴμ
3081 383 3302 438 ὲακεναι
3354 380 3532 451 λέγει,
3591 381 3736 435 ἀλλά

477 481 656 535 nanda
703 487 821 534 erat
852 479 920 533 ab
949 493 1016 533 eo
1040 479 1278 549 [propter
1299 478 1484 532 divina
1525 479 1594 534 de
1645 480 1761 551 ipsa
1789 480 2041 546 consilia,

473 583 529 629 et
573 573 715 628 dona
763 571 866 642 ipsi
921 572 1134 642 largita.
1176 569 1388 626 Etenim
1440 575 1860 642 properantibus
1903 589 2041 644 apo-

475 663 630 717 Stolis
677 661 1036 732 Evangelium
1077 663 1333 732 gentibus
1376 663 1676 733 praedicare
1718 665 1886 734 jussit
1920 667 2043 724 Sal-

474 763 650 816 vator.
669 761 727 806 ut
757 753 822 807 ad
852 769 984 809 oves
1019 757 1174 826 prius
1207 756 1368 820 irent,
1396 771 1517 820 qum
1546 756 1826 826 perierunt
1849 759 2043 815 domus

474 842 643 900 lsrael
673 847 739 898 “.

544 1023 710 1080 Vens.
739 1024 792 1078 2.
847 1024 1052 1080 Nomen
1087 1041 1285 1081 novum
1319 1026 1522 1081 dicitur
1551 1043 1743 1081 nomen
1777 1028 2044 1085 Christia-

475 1134 720 1184 norum;
767 1119 968 1188 saepius
1017 1119 1159 1173 idem
1219 1119 1420 1174 innuit.
1474 1119 1684 1174 Etenim
1736 1121 2042 1191 baptizatus

474 1212 746 1282 baptismo
777 1211 996 1275 salutis,
1043 1219 1302 1266 renovata
1355 1219 1465 1267 tota
1507 1213 1680 1282 ipsius
1705 1213 2038 1284 conditione,

474 1319 618 1358 novo
666 1320 884 1373 quoque
921 1306 1142 1359 nomine
1177 1313 1405 1359 vocatur
1441 1304 1636 1360 ﬁdelis.
1691 1304 1912 1362 Iudaeus
1943 1323 2042 1362 no-

474 1415 600 1453 vum
645 1399 779 1453 illud
830 1414 1026 1454 nomen
1081 1400 1384 1469 impugnat.
1447 1399 1599 1454 Dicat
1648 1401 1852 1471 igitur,
1885 1401 2042 1471 juxta

473 1492 625 1547 Isaiae
651 1493 987 1562 pr0phetiam
1013 1532 1028 1555 ,
1083 1509 1283 1547 novum
1322 1509 1517 1548 nomen
1550 1495 1710 1565 quale
1743 1495 1846 1550 sibi
1877 1496 2043 1552 fuerit

472 1582 808 1651 impositum.
844 1583 912 1636 At
941 1599 1046 1636 non
1095 1583 1257 1638 habet
1291 1586 1436 1655 quod
1467 1585 1690 1641 indicet.
1725 1586 1915 1642 Restat
1942 1588 2043 1659 igi-

471 1681 561 1726 tur
600 1681 659 1727 ut
715 1690 912 1729 nomen
973 1675 1107 1730 illud
1153 1675 1591 1733 Christianorum
1629 1695 1826 1735 nomen
1881 1681 1970 1744 sit,
2009 1696 2039 1734 a

469 1764 690 1821 Christo
723 1767 1096 1836 desumptum,
1125 1769 1268 1839 quod
1297 1769 1412 1839 ipse
1444 1770 1602 1825 nobis
1639 1770 1901 1826 Dominus
1935 1772 2037 1827 im-
2073 1745 2112 1799 Β

469 1858 683 1926 posuit,
725 1868 912 1928 gentes
946 1862 1165 1916 nomine
1200 1877 1301 1916 suo
1329 1863 1648 1920 nobilitans.

549 1947 704 2007 Vens.
739 1952 791 2007 5.
826 1952 902 2007 Ex
937 1955 1104 2010 variis
1134 1954 1361 2012 ﬂoribus
1418 1968 1561 2013 serta
1595 1975 1796 2014 corona
1824 1968 1878 2015 et
1919 1961 2035 2015 dia-

469 2040 623 2094 dema
659 2045 810 2113 regni
881 2053 1082 2100 coetum
1135 2049 1505 2116 apostolorum
1570 2051 1892 2122 designant,
1939 2053 2032 2124 qui

467 2130 833 2189 Ecelesiarum
883 2136 1160 2207 principes
1202 2138 1425 2194 fuerunt
1453 2150 1508 2195 et
1536 2142 1697 2198 simul
1727 2159 1926 2210 genere
1955 2143 2032 2198 ls-

469 2225 939 2297 raelitaz;quibus
989 2246 1188 2286 novum
1224 2249 1422 2289 nomen
1479 2244 1603 2306 apte
1649 2238 2030 2304 conveniebat,

469 2333 593 2372 cum
647 2333 936 2377 commune
967 2338 1138 2394 genus
1181 2340 1304 2380 cum
1334 2327 1403 2384 iis
1433 2327 1718 2385 haberent.

538 2409 704 2468 Vens.
736 2414 789 2467 4.
829 2413 1093 2473 Voluntas
1122 2429 1388 2475 vocantur
1443 2424 1535 2492 qui
1570 2421 1663 2478 Dei
1697 2425 2032 2478 voluntatem

468 2500 711 2571 faciunt;
748 2521 844 2562 vos
901 2516 955 2564 et
1000 2509 1226 2581 diligere
1283 2511 1524 2579 dicitur,
1580 2515 1724 2570 sicut
1778 2515 2033 2571 habitans

463 2595 681 2664 juvenis
713 2613 837 2652 cum
891 2601 1122 2672 virgine.
1171 2603 1285 2659 Hoc
1322 2621 1450 2661 vero
1505 2623 1611 2662 non
1657 2618 1989 2665 marcentem
2017 2650 2032 2675 ,

468 2690 562 2743 sed
613 2688 894 2745 ﬂorentem
922 2695 1292 2750 conditionem
1341 2699 1663 2768 designans;
1698 2717 1822 2756 nam
1877 2719 2036 2775 spon-

468 2797 564 2836 sus
587 2797 842 2850 sponsam
875 2785 1285 2842 coliabitatione
1320 2793 1575 2861 protegit.

537 2872 703 2929 Vens.
739 2873 790 2928 6.
823 2872 1151 2931 liodiernam
1191 2878 1556 2934 Ecelesiarum
1588 2887 2032 2943 constitutionem

467 2964 894 3035 indicat;populo
916 2975 1029 3022 tota
1045 2968 1132 3023 die
1152 2978 1206 3025 et
1230 2981 1338 3024 tota
1356 2981 1518 3028 nocte
1546 2976 1800 3032 mandata
1830 2978 1920 3035 Dei
1937 2995 2004 3034 cu
2018 3011 2034 3024 ο

467 3057 749 3114 εῑοάἰθιιιιο
801 3066 914 3115 tota
942 3068 1100 3117 nocte
1132 3061 1452 3122 docentibus
1481 3068 1814 3138 presbyteris
1849 3089 2032 3129 veram
2064 3100 2106 3156 ο

465 3151 535 3206 de
564 3149 675 3206 Deo
697 3152 763 3207 do
781 3153 999 3208 .trinam
1017 3195 1034 3221 ,
1066 3170 1129 3210 ac
1151 3153 1244 3211 Dei
1272 3156 1462 3215 laudes
1482 3169 1536 3216 et
1560 3165 1876 3220 memoriam
1899 3168 2039 3224 cele-

466 3243 780 3297 brantibus.

535 3334 666 3390 Car.
689 3334 872 3400 LXIII,
896 3335 1065 3393 Vens.
1104 3337 1154 3394 1.
1187 3337 1353 3392 Edom
1379 3347 1537 3394 vocat
1578 3341 1716 3399 ﬁlios
1741 3343 1904 3415 Esau;
1937 3346 2040 3404 Bo-

467 3439 562 3480 soz
585 3425 668 3481 vel
700 3424 869 3481 Bosra
904 3427 1102 3482 dicitur
1134 3443 1262 3482 caro
1287 3429 1421 3501 (l5).
1447 3429 1542 3487 Vir
1576 3434 1742 3503 igitur
1769 3436 1874 3493 iste
1913 3454 2034 3494 cum

467 3518 785 3575 fortitudine
837 3530 891 3576 et
955 3520 1214 3577 violentia
1288 3523 1574 3581 vobiscum
1620 3525 1773 3598 justo
1825 3530 2035 3586 calculo

465 3609 722 3683 litigabit,
773 3628 965 3682 pmnas
1017 3628 1046 3666 a
1108 3613 1263 3670 vobis
1322 3626 1596 3687 repetens.
1638 3615 1840 3691 Litigat
1891 3621 2036 3679 Deus

466 3700 613 3757 enim
641 3716 766 3757 cum
813 3699 1148 3766 hominibus,
1204 3705 1426 3774 quando
1458 3717 1618 3762 vocat
1657 3723 1753 3764 eos
1782 3709 1835 3764 in
1880 3710 2032 3781 judi-

467 3792 635 3854 cium,
670 3801 731 3847 ut
778 3791 972 3849 doceat
1002 3810 1061 3850 se
1100 3795 1339 3867 legitima
1386 3799 1626 3854 vindicta
1658 3803 1759 3867 uti,
1804 3818 1908 3860 nos
1936 3819 2033 3858 au-

464 3891 573 3938 tem
607 3884 712 3955 ipsi
761 3894 1016 3942 auctores
1047 3903 1173 3943 esse
1218 3890 1487 3960 supplicia
1517 3891 1572 3945 in
1611 3908 1711 3950 nos
1743 3893 2029 3952 inferendi.

464 3971 599 4028 Nam
626 4015 641 4040 ,
677 3977 760 4031 vel
809 3978 1104 4034 vindictam
1140 3981 1364 4052 exigens
1396 4023 1410 4048 ,
1469 3984 1654 4039 omnia
1701 3987 1767 4041 ad
1802 3988 2031 4044 salutem

463 4069 627 4124 nobis
661 4071 1058 4141 procurandam
1107 4074 1237 4128 facit
1262 4113 1276 4138 ,
1311 4084 1422 4130 uta
1457 4081 1700 4148 peccatis
1731 4096 2030 4148 cessemus,

465 4169 526 4214 ut
561 4163 936 4231 paenitentiam
968 4175 1192 4235 agentes
1239 4167 1535 4232 salvemur,
1573 4178 1669 4223 aut
1705 4172 2032 4228 mundemur

461 4270 748 4326 poenarum
778 4257 1005 4327 judicio.
1039 4258 1106 4312 Et
1129 4261 1286 4327 paulo
1317 4272 1473 4330 post:
1507 4264 1644 4320 V’ere
1673 4266 2032 4325 admiratione

463 4349 761 4417 stupebunt
785 4351 1100 4420 spirituales
1123 4354 1354 4410 virtutes
1378 4396 1392 4419 ,
1417 4371 1538 4410 cum
1569 4359 1830 4414 videbunt
1859 4360 2027 4417 Deum

2144 480 2240 534 καὶ
2269 478 2472 548 ταύτην
2501 474 3044 545 καταυγασθήσεσθαι
3081 475 3170 526 ὑπ’
3204 471 3488 526 αὐτοῦ’διά
3533 489 3600 524 τε
3632 473 3733 541 τὴν

2143 565 2281 638 πρὸς
2311 564 2479 634 αὐτὴν
2517 562 2720 616 ἄνωθεν
2753 560 2934 632 σχέσιν
2960 558 3053 612 καὶ
3090 558 3174 612 διὰ
3213 559 3281 610 τὰ
3311 556 3542 611 δοθέντα
3587 558 3729 629 αὐτῇ

2145 653 2350 724 σεμνά’
2383 653 2478 706 καὶ
2523 651 2631 723 γὰρ
2662 649 2770 703 τῶν
2801 647 3112 702 ἀποστόλων
3151 647 3488 701 σπευδόντων
3522 649 3613 710 εἰς
3661 647 3731 700 τά

2143 746 2268 817 ἔθνη
2303 745 2364 798 τὸ
2397 745 2656 816 κήρυγμα
2688 744 2996 811 ἐξαγαγεῖν,
3025 744 3052 795 ὁ
3101 741 3289 812 Σωτὴρ
3327 743 3594 812 πρίηερον
3623 743 3729 794 αύ-

2140 840 2268 901 τοὺς
2311 837 2580 890 ποιεῖσθαι
2621 836 2682 888 τὸ
2726 837 2988 908 κήρυγμα
3029 834 3421 906 παρεκελεύετο
3461 834 3606 905 πρὸς
3649 835 3721 887 τά

2142 930 2388 1002 πρόϐατα
2422 929 2490 982 τά
2518 928 2828 984 ἀπολωλότα
2857 928 3002 981 οἴκου
3047 927 3280 999 Ἰσραήλ.

2215 1025 2422 1094 Ὀνομα
2455 1022 2636 1076 καινὸν
2678 1021 2895 1089 λέγεται
2930 1021 2990 1073 τὸ
3015 1019 3169 1090 ἡμῶν
3199 1018 3304 1072 τῶν
3332 1020 3716 1091 Χριστιανῶν·

2142 1115 2424 1186 πολλαχῶς
2467 1115 2523 1168 δὲ
2553 1113 2709 1167 τοῦτο
2755 1117 2987 1166 νοεῖται·
3037 1112 3131 1165 καὶ
3172 1112 3279 1182 γάρ
3322 1113 3351 1165 ὁ
3389 1113 3724 1182 βαπτισθεὶς

2142 1210 2423 1282 βάπτισμα
2470 1210 2731 1280 σωτήριον
2773 1207 2943 1278 ὄνομα
3005 1206 3188 1276 ἕτερον
3237 1205 3560 1276 ὀνομάζεται
3592 1247 3608 1271 ,
3694 1211 3725 1260 ὁ

2142 1307 2351 1370 πιστὸς,
2384 1302 2721 1358 ἀνακαίνισιν
2749 1301 3035 1370 δεχόμενος
3062 1300 3160 1369 τῆς
3184 1299 3310 1370 ὅλης
3339 1300 3498 1352 αὑτοῦ
3535 1318 3721 1355 κατα-

2142 1400 2404 1462 στάσεως.
2452 1396 2592 1450 Ἀλλ’
2621 1397 2649 1447 ὁ
2690 1393 2938 1455 Ἰουδαῖος
2978 1392 3205 1464 μάχεται
3254 1393 3390 1463 πρὸς
3421 1392 3481 1445 τὸ
3519 1393 3718 1446 καινὸν

2140 1493 2298 1547 τοῦτο
2334 1493 2503 1565 ὄνομα
2525 1511 2538 1523 ·
2589 1494 2794 1546 εἰπάτω
2830 1493 3030 1554 τοίνυν,
3077 1489 3213 1542 κατά
3243 1489 3461 1541 Ἡσαΐου
3490 1507 3714 1560 7199;13-

2139 1588 2309 1651 τείαν,
2355 1587 2524 1657 ὖνομα
2558 1585 2740 1639 καινὸν
2775 1582 3021 1636 ἐπιτεθὲν
3054 1581 3232 1652 αὐτῷ’
3286 1580 3402 1633 ἀλλ’
3449 1581 3546 1634 οὐκ
3589 1583 3709 1650 ἕλει

2140 1679 2340 1742 δεῖξαι’
2382 1678 2490 1749 ἄρα
2529 1678 2705 1731 τοίνυν
2753 1675 2812 1728 τὸ
2857 1673 3194 1748 Χριστιανῶν
3231 1675 3411 1735 ἐστιν,
3455 1673 3563 1726 ἀπὸ
3609 1673 3706 1725 τοῦ

2142 1771 2375 1843 Χριστοῦ
2407 1770 2824 1842 γνωριζόμενον,
2877 1768 2904 1820 ὃ
2958 1771 2986 1821 ὁ
3028 1767 3228 1837 Κύριος
3271 1769 3400 1836 ἡμῖν
3439 1766 3701 1829 τέθεικεν.

2141 1863 2248 1916 ἀπὸ
2275 1861 2368 1916 τοῦ
2396 1863 2594 1915 οίκείου
2628 1862 2890 1931 ὀνόματος
2917 1861 3192 1931 σεμνύνων
3214 1859 3284 1912 τά
3311 1860 3456 1930 ἔθνη.

2221 1957 2315 2010 Ἐκ
2362 1956 2631 2026 διαφόρων
2665 1954 2840 2008 ἀνθῶν
2892 1953 3134 2018 πλακεὶς,
3167 1953 3257 2005 καὶ
3282 1953 3512 2022 διάδημα
3551 1951 3688 2020 93::-

2139 2049 2286 2112 λείας
2315 2049 2374 2101 τὸ
2395 2043 2717 2118 τάγματῶν
2747 2046 3056 2100 ἀποστόλων
3088 2045 3358 2116 τυγχάνει,
3389 2045 3439 2097 οἳ
3466 2045 3554 2097 καὶ
3586 2046 3692 2097 τῶν

2153 2142 2481 2214 Ἐκκλησιῶν
2512 2140 2882 2212 προήχθησαν,
2915 2140 3064 2203 ὄντες
3092 2141 3228 2192 κατά
3251 2139 3399 2207 γένος
3435 2138 3687 2208 Ἰσραηλῖ-

2141 2251 2251 2300 ται,
2283 2229 2364 2296 οἷς
2409 2233 2502 2286 καὶ
2531 2233 2740 2304 ἥρμοσε
2785 2232 2846 2285 τὸ
2874 2231 3044 2302 ὄνομα
3088 2230 3150 2282 τὸ
3187 2229 3390 2290 καινὸν,
3417 2228 3690 2282 κοινωνίαν

2141 2326 2321 2398 ἔχουσι
2353 2325 2488 2396 πρὸς
2519 2324 2580 2377 τὸ
2613 2323 2788 2392 γένος.

2209 2415 2431 2486 Θέλημα
2460 2415 2637 2468 τοίνυν
2671 2412 2956 2468 καλοῦνται
2989 2413 3037 2465 οἱ
3071 2412 3130 2465 τὸ
3161 2410 3374 2483 θέλημα
3416 2409 3580 2463 αὐτοῦ
3606 2427 3692 2462 πε-

2142 2511 2446 2580 ποιηκότες,
2475 2508 2567 2572 οὓς
2606 2509 2697 2561 καὶ
2727 2509 2942 2578 ἀγαπᾷν
2970 2507 3137 2574 λέγει,
3179 2505 3254 2569 ὡς
3291 2505 3550 2558 συνοικῶν
3583 2521 3693 2557 νεαο

2141 2602 2321 2665 νὶσκος
2347 2601 2614 2672 παρθένῳ.
2646 2599 2816 2653 Τοῦτο
2840 2600 2895 2652 δὲ
2923 2601 2985 2653 ού
3034 2599 3239 2670 φθορὰν
3277 2599 3546 2670 σημαίνει,
3588 2598 3689 2651 ἀλλ’

2141 2695 2488 2765 ἀκμάζουσαν
2517 2694 2696 2765 σχέσιν
2717 2711 2729 2723 ·
2761 2692 2856 2746 καὶ
2887 2692 2994 2764 γάρ
3014 2697 3173 2764 τηρεί
3201 2694 3257 2744 ὲν
3281 2693 3358 2763 τῷ
3389 2693 3682 2763 συνοικεσάρ

2139 2787 2236 2858 τὴν
2266 2786 2550 2858 παρθένον.

2209 2879 2318 2949 Τὴν
2345 2879 2462 2932 νυνὶ
2505 2878 2833 2932 κατάστασιν
2880 2876 2986 2929 τῶν
3031 2876 3356 2947 Ἐκκλησιῶν
3408 2875 3683 2944 ὲμψαὶνει·

2143 2968 2258 3038 μεθ’
2289 2968 2503 3039 ἡμέραν
2527 2985 2582 3020 τε
2608 2969 2700 3022 καὶ
2724 2967 2937 3039 νύκτωρ
2967 2966 3292 3037 μελετῶντος
3318 2963 3410 3017 τοῦ
3440 2961 3568 3016 λαοῦ
3599 2962 3694 3025 τὰς

2140 3059 2356 3123 ἐντολὰς
2387 3059 2478 3113 τοῦ
2507 3058 2639 3112 Θεοῦ
2662 3076 2676 3090 ’
2709 3058 3125 3112 ὲκδιδασκόντων
3158 3074 3212 3110 τε
3249 3057 3441 3124 ἱερέων
3473 3055 3543 3107 τά
3575 3070 3697 3124 περι

2139 3153 2272 3206 Θεοῦ
2302 3154 2368 3206 δι’
2400 3153 2528 3225 ὅλης
2565 3153 2776 3218 νυκτὸς,
2808 3152 3089 3206 αἰνούντων
3116 3150 3203 3203 τὸν
3235 3150 3444 3221 Κύριον
3472 3155 3565 3203 καὶ
3594 3149 3693 3202 αύ-

2138 3245 2231 3299 τοῦ
2266 3245 2724 3318 μνημονευόντων.

2221 3338 2398 3409 Ἐδὼμ
2425 3337 2570 3406 λέγει
2602 3338 2729 3401 τοὺς
2752 3338 2900 3401 υἱοὺς
2943 3336 3138 3390 Ἡσαῦ.
3172 3333 3336 3406 Βοσὸρ
3357 3333 3414 3387 δὲ
3455 3335 3575 3405 ἢτοι
3601 3333 3701 3406 τὴν

2138 3432 2375 3506 Βόστραν
2414 3433 2559 3502 λέγει
2595 3433 2715 3485 καθ’
2763 3433 3042 3505 Ἐϐραίους
3086 3433 3282 3504 σάρκα.
3314 3424 3482 3496 Οὗτος
3525 3433 3701 3485 τοίνυν

2136 3527 2165 3578 ὀ
2201 3527 2372 3597 μέγας
2416 3529 2472 3580 ὲν
2523 3526 2666 3597 ίσχύῖ
2697 3527 2790 3580 καὶ
2830 3525 3160 3596 ἀσύγκριτος
3207 3525 3524 3596 κριθήσεται
3570 3524 3703 3596 πρὸς

2135 3616 2331 3681 αὐτοὺς
2373 3615 2555 3687 δικαία
2597 3616 2782 3687 ψήφῳ,
2815 3617 2912 3688 τὴν
2947 3618 3067 3670 κατ’
3100 3616 3296 3680 αὐτοὺς
3337 3614 3702 3686 ποιησάμενσ

2136 3707 2403 3761 ἐκδικίαν·
2457 3707 2550 3762 καὶ
2585 3709 2694 3781 γὰρ
2737 3709 2868 3771 Θεὸς
2910 3707 3045 3780 πρὸς
3091 3707 3410 3779 ἀνθρώπους
3461 3706 3702 3776 κρίνεται

2135 3800 2314 3853 καλῶν
2340 3801 2488 3871 ἡμᾶς
2519 3801 2599 3863 είς
2643 3801 2843 3872 κρίσιν,
2894 3801 2980 3854 ἴνα
3030 3799 3237 3872 διδάξῃ,
3285 3801 3368 3853 ὅτι
3401 3799 3560 3852 αύτοῦ
3605 3800 3703 3869 μὲν

2132 3891 2316 3946 δικαία
2346 3893 2378 3964 ὴ
2409 3893 2612 3964 ἄμυνα,
2651 3895 2810 3964 ἡμεῖς
2837 3892 2892 3946 δὲ
2921 3892 3099 3946 αὐτῶν
3139 3893 3298 3946 αἴτιοι
3339 3891 3459 3944 καθ’
3491 3891 3702 3943 ἐαυτιῖν

2133 3985 2499 4055 ἐπισπώμενοι
2525 3986 2623 4058 τὴν
2666 3986 2820 4056 δίκην
2845 4002 2858 4014 °
2915 3985 3076 4047 αὐτὸς
3131 3983 3240 4055 γάρ
3272 3984 3364 4038 καὶ
3397 3983 3548 4054 δίκην
3602 3985 3702 4036 ἐπι

2132 4082 2300 4150 άγων,
2334 4082 2473 4154 ὑπὲρ
2516 4082 2784 4154 σωτηρίας
2814 4081 2969 4153 ἡμῶν
3002 4080 3176 4134 πάντα
3216 4082 3376 4143 ποιεῖ,
3417 4079 3552 4150 ὑπὲρ
3597 4078 3698 4132 τοῦ

2133 4175 2224 4228 καὶ
2258 4174 2467 4228 παῦλαν
2505 4177 2650 4246 ἡμᾶς
2677 4174 2858 4228 λαϐεῖν
2887 4174 2978 4228 τοῦ
3032 4175 3388 4246 ἁμαρτάνειν,
3436 4174 3467 4244 ἦ
3522 4190 3694 4242 μετα-

2131 4268 2426 4338 νοήσαντας
2454 4265 2710 4337 σωθῆναι,
2748 4267 2779 4338 ἣ
2809 4267 3162 4338 κοιάφισθῆναι
3209 4269 3266 4320 ἐν
3295 4270 3358 4337 τῇ
3393 4265 3567 4337 κρίσει
3595 4266 3696 4336 τῆς

2131 4358 2417 4429 τιμωρίας.
2457 4357 2566 4410 Καὶ
2601 4359 2727 4427 μετ’
2765 4359 2955 4428 ὀλίγα·
3009 4357 3248 4428 Ἀληθῶς
3275 4357 3382 4430 γὰρ
3419 4357 3701 4427 θαύματος

461 4457 645 4504 suum,
682 4457 805 4496 cum
837 4459 1069 4513 corpore
1105 4445 1160 4498 in
1195 4446 1364 4502 cmlos
1395 4449 1780 4504 ascendentem
1802 4493 1816 4515 ,
1858 4461 1910 4507 et
1934 4471 2026 4508 ru-

2138 4450 2516 4522 ἐπεπλήρωντο
2558 4450 2652 4504 καὶ
2701 4452 2754 4504 αί
2799 4450 2987 4521 νοηταὶ
3025 4451 3316 4522 δυνάμεις,
3360 4451 3562 4522 ὁρῶσαι
3608 4451 3702 4503 τὸν

459 4533 676 4588 bentem
707 4535 991 4605 sanguine,
1015 4543 1068 4591 et
1097 4539 1277 4592 crucis
1316 4538 1658 4610 stigmatibus
1684 4543 2026 4612 transﬁxum;

458 4631 516 4678 et
548 4624 836 4680 victoriam
878 4627 944 4682 de
979 4635 1153 4684 morte
1183 4629 1448 4700 relatam;
1483 4639 1536 4688 et
1581 4635 1807 4703 gratiam
1851 4637 2028 4692 homi-

458 4719 622 4774 nibus
654 4719 939 4789 largitam;
971 4729 1026 4775 et
1061 4732 1406 4791 peccatorum
1452 4726 1849 4784 remissionem.
1890 4728 2023 4784 Nam

458 4813 772 4868 hominibus
833 4824 1054 4885 propter
1087 4826 1308 4886 peccata
1365 4835 1462 4874 sua
1508 4829 1683 4875 morte
1714 4822 2021 4888 damnatis,

460 4903 712 4959 Salvator
740 4917 928 4961 noster
958 4907 1073 4976 ipse
1120 4924 1219 4978 pro
1251 4909 1408 4966 nobis
1453 4922 1680 4967 mortem
1723 4913 1890 4969 subiit
1917 4953 1931 4978 ,
1961 4923 2022 4968 ut

455 4995 618 5052 nobis
674 4997 1135 5054 immortalitatem
1199 5009 1538 5070 operaretur.
1577 5001 1644 5054 Et
1679 5001 1838 5072 paulo
1866 5016 2020 5071 post:

457 5086 610 5152 Quod
645 5087 692 5143 si
733 5090 953 5160 angelos
991 5091 1352 5147 exsultavisse
1403 5093 1680 5158 audieris,
1733 5095 1841 5149 noli
1898 5095 2021 5150 illos

456 5176 778 5248 ignorantiae
810 5195 1067 5252 arguere;
1103 5193 1367 5237 noverant
1399 5183 1541 5238 enim
1571 5183 1868 5240 Salvator-is
1889 5200 2022 5241 eon-

456 5268 579 5322 silia
601 5285 670 5325 ex
697 5285 808 5342 quo
837 5273 890 5326 in
933 5281 1132 5328 terram
1175 5273 1432 5346 delapsus
1479 5289 1698 5329 carnem
1734 5276 1972 5346 suscepit
2003 5295 2016 5343 ;

495 5425 540 5456 ²⁸
560 5425 749 5482 Matth.
783 5445 813 5482 Χ
867 5429 917 5485 6.

2132 4541 2339 4596 ἑαυτῶν
2381 4543 2510 4596 Θεὸν
2546 4545 2601 4595 ὲν
2642 4542 2850 4614 σώματι
2899 4546 2978 4607 είς
3023 4545 3280 4616 οὐρανοὺς
3332 4543 3549 4596 ἀνιόντα
3604 4545 3704 4596 καὶ

2131 4632 2366 4704 φέροντα
2409 4633 2469 4686 τὸ
2519 4633 2767 4704 ἐρύθημα
2816 4634 2909 4688 τοῦ
2964 4634 3191 4703 αἵματος
3222 4633 3314 4687 καὶ
3341 4632 3406 4686 τά
3452 4632 3705 4703 σύμϐολα

2129 4724 2222 4777 τοῦ
2254 4725 2507 4796 σταυροῦ,
2541 4731 2641 4796 τήν
2687 4743 2744 4780 τε
2792 4727 2931 4781 κατὰ
2969 4727 3061 4781 τοῦ
3103 4727 3332 4780 θανάτου
3379 4725 3554 4797 νίκην,
3605 4743 3707 4779 και

2127 4817 2225 4889 τὴν
2265 4817 2571 4889 ἀνθρώποις
2602 4818 2967 4890 χαρισθείσανι
2981 4820 3137 4892 χάριν
3175 4820 3268 4873 καὶ
3297 4819 3487 4888 ἄφεσιν
3513 4818 3706 4887 ἁμαρ.

2127 4912 2278 4966 τιῶν.
2313 4896 2433 4965 Τῶν
2460 4912 2567 4986 γάρ
2604 4912 2902 4984 ἀνθρώπων
2949 4913 3088 4984 ὑπὲρ
3127 4913 3234 4966 τῶν
3263 4913 3476 4966 οἰκείων
3510 4912 3702 4982 ἁμαρ-

2127 5004 2388 5074 τημάτων
2439 5004 2665 5059 θάνατον
2714 5005 3166 5076 χρεωστούντων,
3216 5008 3243 5059 ὁ
3294 5005 3483 5074 Σωτὴρ
3539 5004 3702 5074 ἡμῶν

2129 5095 2364 5166 ὑπῆλθεν
2414 5097 2574 5160 αὐτὸς
2619 5097 2710 5151 τὸν
2765 5098 2988 5152 θάνατον
3036 5097 3174 5168 ὑπὲρ
3223 5095 3403 5166 ἡμῶν,
3440 5093 3506 5147 ἵν’
3563 5097 3700 5165 ἡμῖν

2127 5187 2424 5242 ἀθανασίαν
2459 5190 2965 5262 πραγματεύσηται.
3002 5190 3110 5243 Καὶ
3142 5189 3268 5258 μετ’
3298 5189 3468 5256 ὀλίγα
3499 5201 3512 5218 ⁸
3550 5189 3614 5241 Εἰ
3640 5189 3700 5242 δὲ

2127 5279 2218 5330 ἐπὶ
2263 5278 2507 5348 ἀγγέλων
2552 5279 2769 5344 ἀκούοις
2830 5282 2904 5345 ὡς
2949 5279 3390 5352 ὲπαπορούντων,
3444 5278 3518 5349 μὴ
3552 5276 3702 5330 ὲκεί-

528 5583 824 5667 (ρόλῐιὶιιιιο
859 5605 1044 5647 vocem
1085 5606 1193 5646 non
1221 5607 1428 5646 carnem
1447 5590 1772 5663 signiﬁcare,
1809 5591 1900 5648 sed
1920 5593 2129 5662 [inuam
2163 5602 2323 5667 atque
2361 5595 2638 5660 munitam,
2675 5593 2796 5650 luce
2827 5593 3019 5665 probat
3038 5593 3243 5651 clarius
3274 5589 3330 5647 ε.
3357 5591 3505 5648 Hier.
3541 5603 3698 5647 eo.

458 5653 515 5711 in
537 5653 628 5710 Is.
645 5655 738 5713 liii.
775 5675 884 5714 xvu
