3984 6212
365 301 508 360 1369
1798 292 1859 348 IN
1901 291 1946 347 ΙΕ

2053 291 2162 345 ΑΜ.
3476 289 3613 346 1570

369 440 483 487 νοις
512 425 730 491 ἄγνοιαν
743 417 1044 491 ’προσάγῃς
1064 431 1078 444 ·
1129 415 1347 486 ⁴ᾔδεισαν
1379 415 1487 485 γὰρ
1520 415 1588 470 τὰ
1625 415 1939 486 οἰκονόμοις-

2053 413 2134 470 sed
2159 395 2217 468 te
2249 407 2533 469 erudiendi
2573 413 2749 483 gratia
2783 408 2856 465 ac
2881 407 3112 466 docendi
3156 409 3271 465 hac
3297 408 3438 464 dict-a
3463 419 3611 475 sunt,

371 530 511 584 μενα
561 511 664 565 ὑπὸ
695 509 790 564 τοῦ
824 507 1095 578 Σωτῆρος,
1131 505 1224 574 ἀφ’
1261 501 1321 559 οὑ
1373 507 1453 569 εἰς
1501 505 1704 576 κόσμον
1752 505 1938 577 ἐπιδη-

2053 516 2098 562 ιι
2127 507 2310 561 discas
2342 502 2566 574 angelos
2591 516 2810 572 quoque
2834 500 2901 556 de
2933 500 3113 555 salute
3142 510 3328 555 nostra
3357 501 3613 571 gaudere,

371 607 549 675 μήσας
580 601 759 673 σάρκα
791 598 1105 669 ἀνειλήφει·
1152 595 1288 652 ἁλλὰ
1315 596 1413 668 τὴν
1439 595 1578 652 εἶναι
1617 596 1939 667 όμμάτωσιν

2053 614 2099 653 ιο
2133 596 2366 652 Domino
2405 595 2798 667 congratulari,
2825 601 2878 649 et
2906 593 3094 648 mirari
3130 594 3274 662 quod
3307 592 3450 649 Deus
3496 609 3616 664 put-

367 696 462 747 καὶ
487 690 835 748 διδασκαλίαν
867 688 928 742 τὸ
956 688 1205 760 πρᾶγμα,
1240 688 1325 742 ἵνα
1372 687 1571 759 μάθῃς,
1598 688 1678 742 ὅτι
1710 689 1804 740 καὶ
1833 688 1935 757 ἀγ..

2053 706 2141 746 ηε
2179 688 2419 760 peccatis
2450 687 2658 743 nostris
2689 686 2905 742 debitas
2927 724 2942 750 ,
2975 685 3040 739 ad
3077 684 3250 739 salute
3278 700 3379 740 nos
3428 695 3480 739 et
3515 686 3618 739 im-

363 787 514 854 γελοι
566 785 817 856 χαίρουσι
872 781 964 834 ἐπὶ
1023 779 1298 852 σωτηρίᾳ,
1348 781 1442 834 καὶ
1491 780 1809 852 γεραίρουσι
1851 778 1943 833 τόν

2053 781 2367 836 ηονιτιὶὶιιιιο
2442 779 2747 843 donandos,
2811 793 2912 847 pro
2943 778 3100 832 nobis
3124 778 3309 832 subire
3338 777 3586 831 voluerit.

365 877 668 948 Δεσπότην,
712 873 807 927 καί
845 872 1232 944 θαυμάζουσιν,
1277 873 1357 926 ὃτι
1384 874 1411 924 ὁ
1439 871 1569 935 Θεὸς
1600 871 1855 942 ἠνέσχετο
1890 870 1950 924 τὸ
1986 873 2427 943 χρεωστούμενον
2478 870 2789 942 ἀνθρώποις
2841 871 2929 925 διὰ
2999 870 3097 935 τὰς
3149 869 3329 924 αὑτῶν
3377 885 3615 940 παρανο-

369 968 502 1038 μίας
536 963 785 1018 ὑπελθεῖν
816 963 954 1036 ὑπὲρ
984 963 1184 1027 αὑτῶν,
1216 965 1265 1017 ῖν
1317 963 1503 1026 αὑτοῖς
1532 962 1808 1033 σωτηρίαν
1855 963 2166 1035 χαρίσηται,
2201 965 2504 1019 ἀθανασίαν
2533 966 2715 1027 αὑτοῖς
2742 963 3128 1036 χαρισάμενος.

441 1060 609 1113 Πάλιν
652 1056 886 1112 ἐνταῦθα
925 1056 988 1111 τὸ
1035 1057 1239 1127 ἄφατον
1286 1057 1382 1127 τῆς
1432 1055 1526 1109 τοῦ
1573 1055 1708 1109 Θεοῦ
1753 1055 1941 1125 φιλαν-

2112 1059 2280 1114 Vens.
2299 1059 2352 1113 8.
2376 1057 2590 1113 Rursus
2605 1057 2695 1111 hic
2714 1057 3132 1125 declarat-quam
3155 1051 3534 1108 inenarrabilis
3547 1052 3617 1106 sit

363 1150 616 1224 Ορωπίας
665 1151 1016 1221 σημαίνεταιο
1053 1149 1175 1204 καθ’
1227 1148 1255 1203 ὃ
1299 1149 1571 1202 δείκνυται
1605 1148 1763 1212 αὑτὸς
1809 1149 1939 1218 ἡμῖν

2053 1152 2136 1208 Dei
2151 1151 2481 1222 benignitas.
2507 1149 2770 1204 Memorat
2785 1147 2930 1204 enim
2948 1163 3006 1202 se
3027 1146 3156 1200 olim
3177 1146 3342 1198 vitam
3357 1144 3516 1199 nobis
3531 1143 3617 1199 be-

364 1241 735 1314 σπαρεσχηκὼς
788 1244 881 1297 καὶ
936 1243 998 1296 τὸ
1036 1238 1174 1296 εἶναι
1222 1240 1290 1295 δι’
1337 1240 1684 1311 ἀγαθότητα,
1738 1239 1832 1292 καὶ
1880 1238 1941 1292 τὸ

2053 1240 2205 1308 uigne
2233 1248 2287 1293 et
2308 1237 2432 1294 dein
2469 1240 2686 1294 veniam
2723 1235 3156 1292 misericorditer
3189 1236 3477 1298 tribuisse,
3515 1249 3615 1290 nos

371 1335 638 1388 ἐλεεῖσθαι
687 1334 776 1388 διὰ
823 1333 1250 1407 φιλανθρωπίας,
1301 1333 1378 1397 ὡς
1433 1333 1578 1386 ἰδίων
1623 1333 1940 1402 ποιημάτων

2053 1331 2198 1401 quasi
2221 1337 2504 1385 creaturas
2532 1344 2661 1384 suas
2696 1328 2798 1384 sibi
2821 1327 3128 1383 vindicans.
3167 1325 3279 1382 Nec
3299 1326 3366 1381 ab
3394 1327 3500 1379 alio
3517 1339 3616 1379 nos

374 1423 849 1495 ἀντιποιούμενοςο
905 1423 1001 1478 καὶ
1052 1424 1173 1493 οὑχ¹ι
1218 1424 1348 1494 παρ’
1381 1421 1540 1478 ἀλλου
1594 1423 1740 1494 ἡμᾶς
1783 1420 1939 1486 δεξά-

378 1535 535 1588 μενος
561 1519 763 1585 ἔλεγεν,
795 1535 812 1567 ι
845 1517 955 1588 Οὑχ
1003 1518 1032 1570 ό
1070 1516 1198 1580 λαός
1244 1515 1344 1588 μού
1393 1518 1508 1570 ἐστι
1543 1515 1709 1569 τέκνα
1743 1531 1879 1585 μου,
1926 1533 1947 1567 ι

373 1608 662 1675 τουτέστιν,
681 1608 818 1679 Ἑμά
830 1609 1083 1675 ὑντες,είς
1097 1607 1262 1663 τέκνα
1278 1625 1377 1678 μου
1391 1607 1771 1678 λογισθήσεσθε
1791 1623 1804 1635 ’
1819 1605 1952 1677 ἐμοῦ

374 1699 471 1771 τὴν
491 1699 726 1754 διάθεσιν
747 1700 844 1772 τὴν
876 1701 950 1764 ὼς
976 1700 1186 1764 τέκνοις
1206 1699 1560 1770 ὀφειλομένην
1590 1699 1664 1770 μὴ
1694 1697 1954 1752 ἀθετοῦν-

377 1809 486 1856 τος,
512 1794 559 1845 εί
586 1793 677 1845 καὶ
707 1793 861 1863 ὑμεῖς
890 1791 1202 1862 ἀγνώμονες
1230 1791 1358 1862 περὶ
1388 1790 1478 1844 τὸν
1508 1787 1719 1844 ἐαυτῶν
1743 1789 1952 1860 πατέρα

378 1885 688 1956 γεγένησθε.
706 1886 888 1940 Ταῦτα
912 1884 1183 1957 δὲῆρμοζε
1203 1886 1326 1955 παρ’
1356 1885 1531 1938 αὐτῶν
1545 1883 1665 1953 λέγε
1675 1883 1795 1936 σθαι
1817 1883 1953 1954 πρὸς

375 1978 466 2030 τὸν
480 1978 630 2042 Θεὸν,
649 1976 1029 2030 οἰκειωθέντων
1056 1979 1134 2040 εἰς
1161 1976 1252 2029 τὸν
1273 1975 1381 2029 τῶν
1400 1975 1603 2028 τέκνων
1636 1973 1952 2042 κατάλογον.

2049 1421 2326 1491 accepisse
2362 1419 2725 1476 contendebat
2760 1437 2816 1473 τι
2841 1419 3034 1475 Nonne
3069 1420 3302 1490 populus
3335 1434 3486 1473 meus
3522 1416 3614 1471 filii

2043 1513 2210 1586 mei?»
2243 1512 2358 1567 lloc
2377 1511 2591 1578 est,hlei
2612 1527 2736 1566 cum
2758 1513 3005 1583 sitis,pro
3025 1512 3149 1567 ﬁliis
3167 1510 3520 1576 habebimini;
3543 1507 3621 1563 af-

2049 1606 2194 1663 fectu
2222 1621 2321 1662 vos
2349 1606 2699 1676 complectar,
2725 1621 2833 1675 quo
2866 1607 2959 1660 lilii
2993 1606 3247 1676 diligendi
3278 1614 3424 1670 sunt,
3456 1605 3614 1659 dum-

2049 1701 2210 1754 modo
2225 1715 2322 1756 vos
2351 1700 2403 1753 in
2429 1705 2637 1770 patrem
2667 1706 2906 1754 vestrum
2931 1707 3115 1770 gratos
3129 1698 3454 1753 exhibeatis.
3487 1698 3618 1764 Qua

2051 1799 2231 1847 autem
2255 1792 2324 1847 ab
2340 1792 2421 1847 eis
2440 1790 2548 1847 Deo
2568 1791 2797 1846 dicenda
2813 1791 3230 1855 erant,filiorum
3256 1791 3309 1846 in
3330 1803 3618 1845 numerum

2055 1887 2311 1955 receptis.

447 2089 613 2143 Πάλιν
631 2091 659 2142 ό
694 2089 977 2160 προφήτης
1004 2089 1100 2158 τῆς
1129 2087 1361 2158 σχέσεως
1409 2088 1508 2158 τῆς
1541 2087 1676 2158 πρὸς
1706 2087 1799 2142 τὸν
1821 2086 1946 2140 λαὸν

2121 2065 2287 2122 Vens.
2323 2066 2408 2121 11.
2445 2067 2659 2142 [trusus
2697 2063 3045 2119 commendat
3096 2061 3361 2133 propheta
3391 2060 3618 2117 affectus

376 2177 470 2232 τοῦ
507 2179 641 2234 Θεοῦ
668 2179 963 2251 γενομένης
992 2181 1418 2252 ὑπομιμνήσκει,
1454 2180 1804 2251 μνημονεύων
1831 2178 1940 2232 τῶν

380 2270 440 2336 ἐξ
469 2271 662 2342 ἀρχῆς,
706 2271 799 2325 καὶ
836 2270 1024 2342 ὥσπερ
1055 2270 1250 2340 ὑποψιν
1299 2271 1480 2335 αὐτοῖς
1510 2272 1632 2338 ἄγει
1671 2269 1749 2341 τῷ
1779 2269 1941 2340 λόγῳ,

379 2363 447 2415 τὰ
477 2363 556 2426 είς
587 2363 712 2426 τοὺς
738 2362 1078 2433 πατριάρχας
1108 2361 1397 2432 γενόμενα.

461 2475 776 2529 Ἐνταῦθαό
825 2476 1108 2548 προφήτης
1147 2475 1226 2538 εἰς
1272 2474 1372 2546 τὴν
1418 2473 1584 2546 εὑχὴν
1627 2472 1944 2545 μετατίθησι

377 2567 468 2622 τὸν
507 2568 682 2636 λόγον,
714 2567 806 2620 καὶ
854 2567 950 2620 ἀπ’
986 2565 1214 2637 οὑρανοῦ
1259 2566 1544 2638 γνωρίζειν
1578 2564 1711 2617 Θεὸν
1759 2563 1940 2627 ἀξιοῖ·

378 2664 473 2733 οὑχ
502 2663 577 2726 ὡς
606 2661 700 2716 τοῦ
729 2661 862 2715 Θεοῦ
889 2663 946 2716 ἐν
975 2661 1225 2733 οὑρανοις
1245 2660 1683 2730 ἀποκλειομένου,
1721 2656 1815 2710 καὶ
1840 2657 1946 2719 ’ἐως

378 2757 480 2824 γῆς
512 2753 711 2824 φθάσαι
743 2753 817 2825 μὴ
855 2752 1178 2824 δυναμένου»,
1207 2751 1321 2805 ἀλλ’
1350 2751 1426 2814 ὡς
1470 2749 1774 2821 ἐγείροντος
1813 2765 1946 2818 φρο-

378 2846 594 2916 νήματα
626 2843 1114 2908 καταπεπτωκότα,
1143 2843 1236 2896 καὶ
1263 2843 1342 2907 εἰς
1387 2841 1492 2912 γῆν
1528 2841 1767 2910 ἓρποντα
1791 2879 1805 2900 ,
1855 2840 1940 2891 ἀνα

381 2936 599 3007 ἁγοντος
614 2939 692 3001 είς
707 2936 984 3008 οὐρανοὺς,
1004 2935 1099 2989 καὶ
1124 2933 1525 2994 ἐκδιδάσκοντος
1549 2930 1712 3002 μηδὲν
1735 2931 1942 2998 γήϊνον,

383 3027 545 3098 μηδὲν
577 3025 829 3080 ταπεινὸν
864 3027 1002 3076 νοεῖν
1034 3023 1162 3092 περὶ
1201 3019 1334 3073 Θεοῦ
1354 3037 1367 3050 ·
1400 3018 1515 3071 ἀλλ’
1542 3016 1758 3079 ειδέναι,
1792 3013 1868 3078 ὡς
1915 3016 1945 3068 ό

381 3119 552 3190 μέγας
605 3119 748 3181 νοῦς,
796 3119 824 3168 ὁ
870 3115 939 3169 τὰ
993 3115 1168 3167 πάντα
1215 3109 1451 3181 συνέχων
1499 3108 1592 3162 καὶ
1641 3105 1941 3178 κυϐερνῶν,

375 3211 540 3267 τᾶλλα
565 3209 777 3272 οἰκείως
808 3207 1132 3278 γνωρίζεται
1163 3204 1255 3257 ἀπ’
1289 3201 1542 3274 οὑρανοῦ.

451 3302 583 3354 Οὑδὲ
615 3300 725 3370 γὰρ
767 3297 858 3350 τὸν
915 3296 1164 3367 Ἀϐραὰμ
1201 3295 1410 3363 εἴποιμι
1461 3290 1530 3345 τὰ
1575 3288 1670 3345 νῦν
1711 3289 1942 3361 πατέρα,

2044 2158 2260 2214 Domini
2299 2160 2354 2213 in
2390 2159 2647 2229 populum
2680 2159 2963 2229 probatos,
3009 2171 3094 2210 res
3128 2154 3435 2225 praeteritas
3498 2167 3617 2206 me-

2046 2267 2297 2316 morans,
2323 2261 2375 2306 et
2402 2251 2560 2306 fidem
2607 2258 2666 2304 ut
2701 2251 2807 2305 sibi
2863 2249 3072 2316 faciat,
3128 2248 3286 2317 signa
3318 2245 3485 2300 refert
3520 2259 3618 2314 pa-

2044 2344 2417 2398 triarcharum
2454 2342 2629 2413 gratia
2657 2341 2824 2398 edita.

2115 2456 2275 2513 Vens.
2293 2457 2373 2510 l5.
2406 2455 2504 2509 llic
2534 2455 2791 2526 propheta
2811 2455 2877 2509 ad
2904 2469 3091 2524 preces
3107 2451 3430 2522 confugit,et
3451 2447 3617 2502 Deum

2043 2555 2238 2604 oratut
2266 2547 2333 2602 de
2362 2548 2502 2602 cmlo
2532 2547 2848 2617 prospiciat.
2871 2545 2987 2601 Non
3018 2543 3265 2616 profecto
3294 2543 3449 2614 quasi
3479 2541 3622 2596 Deus

2045 2643 2101 2696 in
2168 2640 2323 2696 cmlis
2385 2639 2782 2703 includeretur,
2820 2646 2874 2694 et
2931 2646 3133 2694 terram
3197 2649 3468 2705 occupare
3505 2647 3618 2686 non

2045 2740 2251 2802 posset,
2285 2729 2380 2786 sed
2417 2741 2478 2783 ut
2511 2730 2785 2784 demissas
2838 2736 3051 2783 mentes
3104 2727 3393 2793 relevaret,
3451 2733 3504 2780 et
3551 2723 3620 2778 ad

2045 2830 2250 2875 terram
2278 2821 2566 2891 depressas
2593 2821 2662 2876 ad
2714 2822 2960 2876 cmlestia
2995 2820 3248 2890 erigeret,
3281 2833 3345 2872 ac
3401 2817 3622 2872 doceret

2046 2926 2140 2965 eos
2169 2911 2243 2965 nil
2276 2911 2501 2974 humile,
2546 2912 2623 2965 nil
2656 2912 2935 2983 indignum
2964 2912 3031 2967 de
3070 2911 3178 2966 Deo
3220 2926 3344 2966 csse
3379 2910 3622 2964 sentien-

2043 2999 2196 3064 dum,
2231 2999 2544 3056 habendum
2579 3016 2707 3055 vero
2740 3017 2851 3071 pra:
2901 3003 3078 3055 oculis
3101 3042 3114 3064 ,
3169 3001 3327 3070 quod-
3351 3006 3620 3070 prmstans

2044 3089 2135 3144 illa
2161 3105 2314 3145 mens
2335 3107 2453 3161 quae
2477 3098 2675 3145 cuncta
2712 3090 2953 3146 continet
2987 3099 3040 3146 et
3084 3092 3242 3161 regit,
3313 3089 3455 3143 .nnia
3483 3102 3621 3159 quo-

2045 3201 2150 3256 que
2183 3199 2289 3238 uno
2321 3185 2518 3238 intuitu
2546 3185 2612 3240 de
2644 3186 2783 3240 caelo
2807 3185 3120 3256 perspiciat.

2115 3274 2399 3332 Vens.16.
2453 3278 2733 3332 Abraham
2784 3286 2995 3348 patrem
3037 3293 3187 3332 nunc
3240 3292 3350 3332 non
3387 3276 3615 3332 vocabo.

378 3394 476 3446 οὑκ
497 3369 822 3464 ἀρνούμενος
848 3390 938 3442 τὸν
967 3388 1332 3458 πατριάρχην,
1367 3384 1480 3438 ἀλλ’
1529 3384 1605 3448 ὼς
1637 3384 1834 3454 μᾶλλον
1866 3382 1943 3455 τῷ

2053 3385 2158 3426 non
2204 3369 2351 3441 quod
2387 3370 2756 3441 patriarcham
2816 3387 3030 3442 negem,
3074 3371 3167 3427 sed
3208 3369 3357 3439 quod
3420 3384 3618 3425 nomen

381 3483 496 3554 Θεῷ
522 3480 615 3534 τοῦ
650 3479 851 3550 πατρὸς
873 3479 1038 3547 ὄνομα
1059 3475 1408 3548 ἁρμόζοντος.

460 3597 518 3650 σο
562 3593 846 3666 προφήτης
891 3591 1064 3645 πάντα
1108 3590 1200 3643 ἐπὶ
1231 3589 1323 3643 τὸν
1362 3588 1493 3643 Θεὸν
1521 3589 1798 3661 ἀναφέρει,
1842 3589 1940 3660 οὑχ

381 3689 457 3752 ὡς
476 3687 568 3742 τοῦ
604 3685 736 3739 Θεοῦ
770 3684 944 3738 αἰτίου
973 3685 1100 3753 ἡμῖν
1127 3680 1408 3753 γινομένου
1458 3680 1552 3734 τοῦ
1584 3681 1939 3753 ἁμαρτάνειν,

382 3778 496 3833 ἀλλ’
527 3776 812 3840 ἐνδιδόντος
852 3774 946 3828 καὶ
986 3773 1394 3845 συγχωροῦντος
1427 3774 1610 3826 ἐκεῖνα
1655 3772 1940 3845 πράττειν,

381 3870 417 3924 ὃ.
444 3871 508 3925 ἄν
537 3886 623 3932 τις
654 3866 902 3938 αἰρῆταν
939 3865 1015 3929 ὡς
1041 3865 1138 3936 τὴν
1192 3865 1290 3936 μέν
1323 3865 1502 3919 αἰτίαν
1528 3864 1672 3936 ἔχειν
1705 3864 1766 3930 ἐξ
1787 3864 1943 3936 ἡμῶν

384 3960 476 4014 καὶ
509 3961 636 4032 παρ’
681 3957 858 4031 ήμῶν,
891 3957 991 4029 τὴν
1033 3957 1091 4011 δὲ
1135 3958 1411 4031 ἀναφοράν
1440 3958 1533 4010 ἐπὶ
1560 3957 1651 4012 τὸν
1690 3957 1841 4012 Θεόν.
1875 3987 1946 3998 -·

393 4051 482 4116 Ὠς
524 4048 1052 4120 ἐγκαταλειφθέντων
1082 4049 1284 4115 αὑτῶν,
1319 4050 1410 4104 καὶ
1443 4051 1517 4122 μὴ
1549 4050 1944 4121 ἀναστελλομέ-

383 4160 488 4198 νων
519 4141 608 4198 διὰ
636 4140 857 4210 πληγῶν
888 4137 992 4191 τῶν
1024 4139 1347 4194 κωλυουσῶν
1380 4140 1453 4210 μὴ
1483 4139 1834 4211 ἁμαρτάνειν.

453 4341 572 4396 Τῶν
615 4340 720 4414 γὰρ
764 4340 1062 4412 Ἀσσυρίων
1105 4338 1452 4410 ἀφελομένων
1489 4338 1590 4402 τὰς
1623 4339 1804 4402 πόλεις
1849 4337 1946 4392 αὑο

384 4434 491 4488 τῶν
523 4434 617 4487 καὶ
664 4433 1072 4506 περικοψάντων
1105 4431 1203 4496 τὰς
1231 4431 1490 4495 πλείστας
1532 4430 1735 4494 πόλεις,
1770 4432 1951 4484 ἀντοι-

386 4529 667 4598 κησάντων
695 4527 751 4580 δέ
777 4526 901 4590 τοὺς
924 4524 1230 4589 Γοτθαίους,
1255 4525 1303 4578 οἳ
1332 4525 1424 4578 καὶ
1458 4525 1792 4595 Σαμαρεῖται
1823 4525 1953 4577 ἐκα-

385 4621 591 4684 λοῦντο,
624 4622 688 4672 ἐκ
733 4618 827 4671 τοῦ
870 4618 1033 4671 τόπου
1059 4617 1156 4688 τὴν
1192 4616 1575 4690 προσωνυμίαν
1617 4617 1914 4687 εἰληφότων
1935 4632 1949 4646 ⁶

2044 3461 2224 3518 Patris
2254 3465 2459 3518 rectius
2483 3463 2590 3518 Deo
2618 3464 2900 3520 convenit.

2110 3575 2276 3634 Vens.
2307 3579 2394 3633 17.
2443 3578 2654 3634 Cuncta
2695 3579 2761 3633 ad
2816 3577 3104 3632 Dominum
3153 3574 3423 3631 referente
3482 3590 3619 3646 pro-

2040 3668 2225 3740 pheta,
2263 3685 2331 3724 ne
2367 3677 2525 3740 putes
2554 3669 2719 3724 Deum
2745 3669 2906 3726 nobis
2946 3677 3228 3724 auctorem
3271 3679 3618 3739 peccatorum

2043 3778 2208 3831 esse;
2261 3760 2579 3817 facultatem
2610 3771 2821 3817 tantum
2861 3760 3127 3832 permittit
3164 3773 3217 3816 et
3250 3763 3500 3817 concedit
3532 3760 3610 3816 fa-

2043 3853 2246 3922 ciendi,
2283 3869 2404 3925 quae
2447 3853 2644 3925 cuique
2684 3855 2946 3910 libuerint
2981 3870 2994 3906 :
3027 3868 3195 3908 causa
3266 3855 3435 3926 igitur
3492 3869 3618 3925 pec-

2045 3946 2151 4002 cati
2182 3947 2238 4002 in
2270 3947 2431 4003 nobis
2461 3954 2514 4002 et
2544 3962 2573 4000 a
2603 3948 2782 4011 nobis,
2814 3946 2884 4002 ad
2915 3945 3082 4002 Deum
3115 3954 3295 4002 autem
3327 3945 3611 4002 referenda

2047 4039 2305 4109 peccandi
2391 4038 2644 4096 facultas.
2679 4069 2749 4080 ———
2801 4039 2967 4106 Quasi
3030 4038 3612 4108 comprehenderentur

2047 4131 2173 4202 ipsi,
2205 4139 2260 4186 et
2288 4131 2695 4188 calamitatibus
2725 4133 3186 4203 opprimerentur,
3224 4146 3293 4186 ne
3324 4139 3615 4202 peccarcnt

2049 4221 2499 4292 impedientibus.

2119 4331 2285 4387 Vens.
2335 4334 2418 4390 19.
2479 4335 2724 4407 Assyriis
2767 4335 2980 4391 scilicet
3006 4335 3170 4390 urbes
3208 4343 3429 4392 nostras
3480 4333 3606 4388 diri-

2051 4423 2324 4491 pientibus
2354 4467 2369 4492 ,
2417 4432 2469 4480 et
2516 4426 2808 4498 plerasque
2850 4443 3038 4482 earum
3072 4428 3442 4483 evertentibus
3467 4466 3481 4490 ,
3519 4442 3617 4481 au-

2051 4511 2460 4586 ferentibusque
2497 4516 2564 4572 de
2593 4518 2768 4587 patria
2807 4518 3084 4583 Gothteos,
3133 4519 3225 4588 qui
3259 4526 3313 4575 et
3372 4518 3618 4574 Samari-

2051 4605 2164 4659 tani
2215 4617 2500 4672 vocantur,
2545 4610 2650 4665 loci
2712 4612 2931 4666 nomine
2959 4612 3256 4682 appellati;
3289 4628 3352 4667 ac
3403 4612 3620 4667 duabus

390 4713 548 4782 μόνον
591 4711 648 4763 δὲ
700 4709 791 4762 δύο
841 4710 1012 4778 ἥμισυ
1069 4708 1250 4778 φυλῶν
1298 4707 1746 4782 περιλειφθεισῶν
1789 4707 1946 4778 μέρος

2056 4705 2265 4752 tantum
2317 4700 2568 4755 tribubus
2623 4701 2678 4755 in
2712 4703 2909 4774 angulo
2959 4704 3387 4769 remanentibus,
3443 4707 3609 4761 sentit

387 4773 718 4872 κατεχόντων
771 4773 980 4870 μικρὸν,
1029 4773 1394 4872 όνπροφήτης
1441 4773 1612 4870 ἠξίου,
1668 4773 1807 4853 ὥστε
1858 4773 1946 4854 καὶ

2056 4789 2318 4859 propheta
2354 4807 2576 4862 parvam
2610 4794 2768 4848 istam
2793 4773 2801 4774 ί
2827 4803 3035 4864 partem
3064 4835 3078 4859 ,
3141 4810 3304 4864 quam
3339 4795 3624 4865 possidere

386 4893 539 4946 τοῦτο
565 4892 592 4944 ὅ
619 4891 833 4944 ἐδόκουν
866 4891 1116 4961 κατέχειν
1146 4891 1558 4962 περιλειφθῆναι
1595 4891 1776 4955 αὑτοῖς
1820 4891 1954 4963 πρὸς

391 4985 609 5055 μνήμην
639 4983 735 5051 τῆς
762 4983 820 5046 ἐξ
845 4983 1016 5052 ἀρχῆς
1047 4998 1140 5035 σου
1171 4984 1250 5044 εἰς
1274 4982 1335 5034 τὸ
1359 4984 1512 5051 γένος
1542 4983 1838 5054 γενομένης
1867 4983 1954 5035 εὑ-

392 5074 640 5144 μενείαςο
681 5073 754 5143 μή
797 5089 871 5142 πη
906 5073 999 5124 καὶ
1027 5073 1223 5126 τούτου
1271 5074 1527 5144 ἀρθέντος
1559 5074 1846 5145 γενοίμεθα
1877 5075 1952 5138 ὡς

394 5167 466 5238 μὴ
498 5165 622 5230 λαός
654 5182 769 5228 σου,
805 5165 935 5236 μηδὲ
965 5167 1395 5237 χρηματίσαντες
1431 5166 1588 5237 μερίς
1627 5183 1740 5221 σου.

463 5365 626 5420 Πάλιν
656 5364 929 5434 ἐμφαίνων
968 5366 996 5417 ὁ
1028 5368 1328 5439 προφήτης,
1361 5368 1436 5432 ὡς
1477 5369 1536 5422 οὑ
1576 5369 1644 5422 δι’
1673 5369 1951 5424 ἀσθένειαν

393 5455 484 5508 τοῦ
513 5455 648 5527 Θεοῦ
685 5450 826 5510 οῦτοι
855 5459 1347 5530 ἐγκατελείφθησαν
1375 5460 1596 5514 τοιαῦτα
1624 5461 1947 5532 ὑποστῆναι,

394 5548 544 5618 παρὰ
573 5549 673 5619 τὴν
709 5549 886 5603 αὑτῶν
934 5551 1234 5623 μοχθηρίαν
1264 5553 1614 5625 ἁμαρτόντων
1643 5553 1737 5608 καὶ
1771 5572 1947 5626 παρα·

392 5639 702 5711 ὄεσηκότων
735 5641 834 5705 τὰς
862 5644 1096 5708 ἐντολὰς,
1127 5643 1400 5716 ἐξηγεῖται
1429 5647 1526 5716 τὴν
1561 5647 1950 5718 μεγαλειότητα

393 5732 479 5786 τοῦ
542 5733 708 5802 Θεοῦ,
759 5733 834 5800 ὡς
889 5735 979 5788 καὶ
1040 5735 1360 5807 βουλομένου
1409 5736 1571 5791 αὑτοῦ
1628 5739 1676 5791 οἱ
1733 5740 1948 5811 οὐρανοὶ

2049 4883 2404 4948 videbantur,
2445 4885 2512 4942 iis
2544 4902 2652 4941 non
2693 4887 2800 4942 nisi
2847 4903 2911 4943 ea
2941 4887 3010 4942 de
3068 4902 3235 4944 causa
3283 4887 3452 4944 fuisse
3484 4889 3615 4943 reli-

2049 4982 2213 5040 ctam,
2256 4987 2314 5032 ut
2355 4979 2675 5034 memoriam
2713 4980 3068 5052 benignitatis
3105 4989 3428 5046 servarent,
3481 4981 3610 5037 olim

2049 5081 2079 5119 a
2117 5066 2226 5123 Deo
2262 5072 2512 5139 patrihus
2541 5073 2945 5142 comprobatus;
3002 5089 3072 5128 ne
3104 5075 3150 5128 si
3182 5074 3287 5128 ista
3318 5075 3480 5129 etiam
3519 5089 3618 5128 au-

2050 5155 2284 5213 ferretur
2310 5177 2340 5214 a
2373 5163 2552 5225 nobis,
2583 5164 2740 5232 quasi
2772 5166 3006 5235 p0pulus
3036 5165 3134 5220 tibi
3163 5165 3394 5235 alienus,
3416 5174 3468 5223 et
3497 5181 3618 5222 mu-

2058 5264 2248 5303 nerum
2299 5258 2517 5307 tuorum
2547 5269 2745 5323 expers
2781 5255 3054 5311 heremus.

2127 5363 2252 5419 CAP.
2295 5365 2480 5432 LXIV,
2515 5366 2679 5424 Vens.
2708 5369 2757 5422 1.
2791 5367 3004 5424 Rursus
3036 5369 3322 5426 declarans
3358 5371 3618 5442 propheta

2056 5471 2162 5510 non
2215 5468 2439 5528 propter
2491 5460 2919 5516 imbecillitatem
2958 5461 3046 5517 Dei
3100 5463 3248 5533 ipsos
3310 5463 3479 5520 fuisse
3520 5481 3618 5534 op-

2055 5565 2297 5620 pressos,
2340 5551 2435 5608 sed
2474 5561 2696 5624 propter
2728 5554 3030 5624 nequitiam
3077 5557 3417 5625 peccantium
3453 5565 3505 5613 et
3537 5558 3612 5610 lc.-

2055 5659 2148 5714 ges
2179 5643 2394 5701 divinas
2442 5647 2781 5712 violantium,
2833 5648 2987 5704 effert
3023 5649 3420 5715 sublimitatem
3471 5647 3558 5701 Dei
3597 5663 3610 5704 ;

2057 5739 2256 5810 quippe
2283 5738 2374 5811 qui
2407 5747 2591 5796 tantus
2624 5749 2728 5809 est,
2763 5749 2842 5808 ut,
2878 5740 2999 5813 ipso
3032 5742 3269 5811 iubente,
3293 5746 3472 5801 malum
3503 5753 3610 5793 tum
