3984 6212
439 282 572 340 1571

438 403 613 456 riatur
642 408 694 455 et
723 407 920 453 cuncta
953 406 1009 451 ut
1036 413 1154 452 cera
1189 398 1500 467 liquescant.
1535 397 1831 455 Hic.Deum
1868 415 1993 454 cum
2026 421 2066 472 Α

438 492 562 546 aliis
588 488 894 553 conferens,
942 488 1035 558 qui
1066 487 1141 541 dii
1181 496 1464 554 vocantur,
1490 504 1615 544 eum
1639 490 1816 545 oculis
1841 492 1993 546 cerni

436 592 617 655 negat,
664 593 759 638 aut
790 583 1015 638 auribus
1041 582 1214 637 audiri
1242 601 1257 647 ;
1286 582 1382 638 sed
1414 583 1508 653 qui
1533 584 1588 637 in
1615 584 1798 639 omnia
1825 583 1994 654 impe-

436 675 578 729 rium
608 683 856 729 exerceat
884 713 899 739 ,
935 674 1083 730 solus
1109 681 1192 730 est
1226 690 1326 731 nec
1350 683 1434 730 est
1456 676 1595 731 alius
1620 677 1714 747 qui
1751 691 1875 732 eum
1904 692 1996 732 su-

436 779 629 836 perare
658 766 855 821 valeat.

512 937 677 995 Vens.
704 939 757 995 5.
811 939 941 1006 Quze
970 941 1140 996 hocce
1176 941 1339 996 modo
1375 942 1723 1011 intelligenda
1769 959 1783 995 :
1820 942 1997 998 bonus

435 1032 699 1103 Magister
747 1047 870 1086 cum
910 1047 1134 1102 pravum
1173 1033 1425 1089 habuerit
1455 1033 1806 1103 discipulum,
1835 1048 1995 1104 quem

439 1142 469 1179 a
502 1122 744 1192 nequitia
788 1137 1050 1179 revocare
1105 1124 1381 1187 voluerit,
1429 1122 1735 1179 hortabitur
1785 1138 1908 1179 eum
1945 1134 1999 1178 ut

438 1218 630 1273 melior
678 1216 806 1281 ﬁat;
852 1218 996 1287 quod
1052 1218 1097 1271 si
1148 1225 1328 1273 autem
1375 1218 1465 1273 hic
1493 1216 1731 1272 deterior
1778 1220 1837 1271 in
1883 1216 2001 1272 dies

437 1308 669 1372 evadat,
721 1308 918 1364 nedum
969 1323 999 1361 a
1058 1309 1199 1363 malo
1247 1309 1554 1373 abstineat,
1607 1316 1735 1362 tunc
1771 1307 2001 1377 depellet

439 1416 563 1455 eum
592 1399 847 1469 Magister
870 1410 923 1455 et
950 1399 1267 1455 derelictum
1298 1400 1547 1471 pluribus
1572 1401 1735 1455 etiam
1763 1401 1998 1471 peccatis

438 1492 636 1548 tradet.
670 1492 747 1546 lta
772 1491 837 1546 de
869 1492 1025 1546 nobis
1066 1491 1268 1546 factum
1300 1501 1405 1548 est.
1430 1492 1564 1547 Cum
1595 1508 1626 1546 a
1669 1494 1851 1563 pravis
1882 1510 1999 1549 mo-

440 1582 595 1636 ribus
637 1582 804 1636 averti
843 1581 1215 1645 uoluerimus,
1255 1590 1313 1636 tu
1364 1581 1536 1636 iratus
1565 1598 1647 1646 es,
1676 1590 1729 1635 et
1757 1597 1857 1637 nos
1897 1598 1998 1652 ope

439 1689 533 1731 tua
604 1676 849 1732 destituti
876 1715 892 1740 ,
924 1676 1168 1732 omnium
1195 1676 1450 1731 vitiorum
1479 1677 1599 1732 labe
1636 1678 1924 1731 trahimur.

1624 282 1969 341 THEODORI
2005 284 2520 340 HEBACLEENSIS

3563 271 3703 335 15ἷὲ

2099 399 2555 471 ἁνεῳχθήσονται,
2593 399 2686 451 καὶ
2721 397 2790 449 τὰ
2820 397 3144 467 ὑποκείμενα
3182 399 3338 468 δίκην
3371 395 3581 466 κηροῦ
3614 413 3705 447 τα-

2100 491 2372 561 κήσονται.
2412 490 2532 543 Κάν
2561 488 2734 558 τούτῳ
2765 487 2936 556 δηλῶν
2974 490 3007 541 ὁ
3036 490 3334 561 προφήτης,
3383 486 3536 540 οὔτε
3581 486 3701 554 ὅζιξι

2100 581 2471 635 ὑποδάλλεσθα
2492 581 2652 636 αὑτὸν
2683 581 2900 649 φάσκει,
2936 579 3058 634 οὔτε
3087 582 3214 634 ὠσὶν
3246 581 3533 643 ἀκοῦσαι,
3577 581 3703 647 σύγ-

2100 690 2278 745 κρισιν
2288 673 2451 727 αὑτοῦ
2474 674 2607 745 πρὸς
2625 672 2816 735 ἄλλους
2838 673 3160 743 λεγομένους
3175 672 3329 737 θεοὺς
3354 672 3661 740 γεγονέναι
3683 692 3695 703 -

2099 764 2235 819 ἀλλά
2248 763 2390 820 κατὰ
2410 765 2625 819 πάντων
2639 763 2776 835 έχων
2797 763 2858 816 τὸ
2876 762 3062 834 κῦρος,
3098 763 3258 834 μόνος
3276 763 3408 815 ἐστὶ
3425 762 3692 826 τοιοῦτος,

2101 856 2261 910 ἄλλου
2293 856 2427 927 πρὸς
2469 855 2631 909 αὑτὸν
2669 852 3109 927 παραϐάλλεσθαι
3145 854 3218 923 μὴ
3257 852 3611 922 δυναμένου.

2172 945 2420 999 Τοιοῦτόν
2448 963 2568 998 τινα
2600 945 2724 999 νοῦν
2753 944 2866 1014 ἔχει
2887 944 3051 1006 ³-Ὢς,
3085 942 3162 996 ὅτ’
3201 942 3267 996 ἂν
3297 941 3642 1005 διδάσκαλος
3670 947 3698 995 ὁ

2101 1039 2303 1109 ἀγαθὸς
2345 1038 2457 1107 έχοι
2506 1037 2739 1110 πονηρὸν
2795 1035 3037 1108 μαθητὴν
3060 1074 3074 1099 ,
3124 1037 3205 1098 εί,
3270 1034 3698 1105 μεταϐαλέσθαι

2102 1129 2264 1183 αὐτὸν
2297 1128 2618 1200 βουλόμενος
2640 1128 2746 1183 ἀπὸ
2779 1127 2881 1197 τῆς
2910 1126 3174 1197 πονηρίας
3208 1124 3410 1188 αὑτοῦ,
3450 1126 3700 1179 νουθετεῖ

2105 1222 2265 1277 αὑτὸν
2309 1222 2590 1293 κρείττονα
2625 1220 2817 1275 ἑαυτοῦ
2865 1218 3153 1287 γενέσθαι·
3210 1222 3239 1272 ὁ
3286 1219 3345 1272 δέ
3394 1220 3473 1289 μὴ
3526 1220 3693 1288 μόνον

2104 1312 2491 1368 ἀπαλλάττοιτο
2530 1312 2640 1369 τῶν
2688 1312 2894 1377 κακῶν,
2939 1312 3075 1365 ἀλλά
3106 1312 3200 1365 καὶ
3245 1311 3579 1382 προσθήκην
3628 1314 3688 1363 ἐν

2103 1407 2337 1478 πονηρίᾳ
2389 1405 2632 1470 δέξαιτο·
2692 1405 2981 1459 ἀκόλουθον
3035 1403 3465 1475 ἀποστραφῆναι
3523 1403 3686 1455 αὐτὸν

2100 1498 2189 1550 τὸν
2222 1496 2559 1558 διδάσκαλον,
2583 1495 2828 1549 κάκεῖνον
2865 1493 3360 1564 ἐγκαταλειφθέντα
3383 1495 3472 1556 εἰς
3503 1494 3679 1546 πλείο-

2100 1605 2194 1651 νας
2241 1587 2468 1652 ἀταξίας
2516 1587 2706 1641 ἑαυτὸν
2747 1586 3026 1641 ἐκδοῦναι·
3068 1586 3207 1639 οὕτω
3249 1587 3394 1657 φηςή⁵
3448 1586 3544 1640 και
3596 1586 3677 1652 ἐφ’

2026 1677 2069 1731 Β
2095 1681 2274 1751 ἡμῶν,
2311 1682 2385 1752 μὴ
2424 1679 2766 1750 ἀνεχομένων
2799 1679 2955 1750 ἡμῶν
2998 1677 3320 1751 μεταθέσθαι
3365 1676 3470 1731 τοῦ
3508 1695 3671 1747 πονη-

444 1767 536 1838 ροῦ
581 1768 737 1838 ἡμῶν
769 1768 990 1840 τρόπου,
1026 1768 1188 1830 αὐτὸς
1234 1767 1530 1838 ὠργίσθης,
1580 1769 1671 1823 καὶ
1703 1771 1862 1840 ἡμεῖς
1908 1786 2000 1823 σου
2038 1771 2137 1840 τῆς
2175 1772 2470 1835 ἐποπτείας
2538 1772 2920 1842 ἀποτυχόντες,
2991 1772 3128 1826 κατά
3169 1772 3295 1825 δοῦν
3334 1771 3452 1824 τῶν
3494 1770 3672 1839 ἁμαο-

436 1864 693 1933 τημάτων
730 1862 926 1933 ἠνέχθη
937 1879 1053 1933 μεν.

509 1954 674 2010 Vens.
708 1954 761 2009 6.
811 1954 886 2009 Ea
909 1955 1125 2025 quidem
1158 1955 1367 2011 ratione
1405 1956 1659 2011 mandata
1689 1957 2002 2011 observabi-

439 2061 583 2110 mus,
614 2046 706 2100 ubi
741 2046 955 2115 justitia
981 2047 1094 2115 jam
1124 2062 1233 2101 non
1283 2047 1577 2101 amicitiam
1608 2056 1851 2102 nostram
1875 2063 1998 2102 cum

438 2136 549 2193 Deo
577 2136 845 2192 defendet.
883 2136 1035 2192 Tune
1059 2138 1204 2193 enim
1247 2138 1317 2192 ab
1351 2152 1417 2192 eo
1448 2137 1799 2200 deﬁciemus,
1843 2141 2000 2208 quasi

438 2226 570 2281 folia
625 2226 693 2280 ab
747 2227 1033 2282 arboribus
1085 2234 1139 2281 et
1189 2241 1222 2279 a
1279 2227 1450 2298 stirpe
1491 2243 1591 2284 sua
1646 2228 1999 2302 decidentia’};

439 2317 584 2388 quod
614 2318 908 2373 maximum
941 2319 1150 2373 crimen
1188 2319 1245 2373 in
1273 2334 1376 2376 nos
1402 2319 1585 2376 habet.

510 2493 675 2552 Vens.
709 2496 758 2550 7.
805 2493 1458 2566 Quotiescunque.Deus,
1502 2497 1588 2552 vel
1613 2496 1783 2550 multa
1821 2496 2005 2552 horta-

436 2593 549 2650 tus,
588 2601 699 2641 non
746 2588 946 2657 poterit
993 2585 1179 2641 ﬁdeles
1220 2601 1352 2642 suos
1386 2601 1419 2643 a
1448 2587 1687 2659 peccatis
1718 2601 1995 2652 revocare,

436 2684 569 2732 tunc
596 2678 713 2748 ipse
741 2677 958 2733 tandem
988 2679 1274 2744 irascetur,
1310 2684 1363 2734 et
1389 2677 1562 2751 ipsius
1589 2693 1719 2734 cura
1752 2679 1997 2736 desertos

437 2770 794 2825 derelinouet.

506 2941 636 2997 Gn.
692 2939 852 3005 LXV,
908 2940 1075 2998 Vens.
1119 2943 1170 2997 1.
1227 2942 1310 2997 Ad
1360 2940 1697 2997 Salvatorem
1750 2948 1997 3011 spectant
2024 2922 2067 2979 (ἶ

437 3031 601 3086 etiam
633 3029 766 3085 haec.
810 3029 1019 3101 Quippe
1047 3034 1139 3101 qui
1168 3031 1347 3101 patria
1393 3029 1729 3099 benignitate
1772 3031 1993 3095 missus.

435 3128 491 3175 et
524 3135 623 3175 sua
682 3120 1057 3175 misericordia
1115 3129 1314 3187 motus,
1375 3120 1629 3176 omnibus
1685 3119 1997 3177 hominibus

438 3207 760 3264 manifestus
793 3209 972 3264 factus
1001 3218 1106 3273 est,
1140 3210 1455 3267 hominibus
1511 3225 1634 3266 eum
1668 3225 1771 3265 nec
1796 3224 1996 3266 vocan-

437 3301 605 3366 tibus,
638 3317 740 3357 nec
768 3304 1194 3358 arcessentibus.
1518 3296 1525 3305 ’

506 3392 672 3450 Vens.
705 3394 757 3449 5.
794 3393 971 3449 Ultrix
1005 3395 1214 3450 scilicet
1240 3394 1342 3449 vis.

505 3484 669 3542 Vens.
703 3487 755 3542 6.
793 3487 1021 3554 Quando
1049 3488 1200 3552 dicit,
1243 3488 1509 3557 scriptum
1556 3494 1680 3550 est,
1737 3487 1996 3557 ignoran-

434 3579 568 3632 tiam
601 3587 843 3633 nostram
874 3579 943 3633 ab
964 3593 1029 3634 eo
1056 3578 1242 3633 doceri
1270 3577 1483 3633 credas.
1511 3576 1646 3633 Cum
1684 3578 1829 3632 enim
1860 3578 1999 3633 scri-

435 3678 528 3739 pta
548 3669 704 3725 nobis
733 3670 1131 3739 praeteritarum
1146 3685 1328 3726 rerum
1358 3669 1676 3724 memoriam
1703 3668 1994 3731 retineant,

435 3769 491 3815 et
511 3761 580 3816 ad
620 3762 1080 3816 reminisceutiam
1127 3777 1227 3818 nos
1250 3761 1556 3824 deducant,
1588 3767 1642 3815 et
1680 3760 1843 3830 quasi
1871 3768 1998 3816 ante

434 3854 626 3910 oculos
672 3869 760 3909 res
800 3862 982 3925 gestas
1013 3864 1315 3924 exponant,
1352 3854 1540 3909 eodem
1573 3852 1736 3908 modo
1762 3869 1862 3908 nos
1900 3854 1998 3908 do-

434 3954 523 4003 cet
551 3946 713 4002 Deus.
766 3947 977 4001 Cuncta
1008 3954 1187 4003 autem
1222 3945 1331 4002 Deo
1370 3953 1521 4013 nota,
1581 3952 1637 4001 et
1701 3952 1994 4016 antequam

436 4040 646 4105 tierent,
673 4039 787 4109 jam
811 4040 959 4094 novit
984 4055 1069 4094 ea.

506 4128 671 4186 Vens.
723 4131 778 4185 8.
806 4129 1019 4186 Rursus
1046 4131 1136 4186 hic
1160 4129 1380 4187 divitias
1424 4129 1711 4186 charitatis
1739 4145 1850 4185 sum
1883 4145 1996 4182 ma-

434 4219 792 4278 nifestissime
821 4222 1062 4277 declarat
1097 4221 1746 4292 singularidocumento;
1774 4236 1897 4274 nam
1934 4229 1994 4274 ut
2020 4258 2071 4317 Β

433 4328 560 4370 cum
612 4316 894 4371 inventum
953 4324 1039 4371 est
1092 4315 1306 4370 acinum
1360 4316 1418 4371 in
1461 4316 1622 4373 botro
1692 4325 1989 4381 maturum,

434 4414 658 4478 propter
699 4407 924 4462 unicum
964 4409 1097 4463 illud
1128 4424 1229 4463 uva
1277 4410 1392 4479 ipsa
1444 4416 1713 4473 servatur,
1751 4419 1805 4464 et
1842 4411 1992 4465 aesti-

433 4510 613 4555 matur
645 4501 849 4571 magni,
879 4508 932 4555 et
955 4517 984 4554 a
1020 4501 1236 4556 nemine
1259 4501 1528 4572 carpitur,
1551 4501 1625 4554 ita
1654 4515 1753 4570 ego
1779 4515 1993 4570 quoque

433 4591 479 4645 si
506 4605 675 4644 unum
704 4590 984 4660 repericro
1014 4592 1343 4646 servientem
1366 4590 1522 4654 mihi,
1576 4589 1834 4645 omnibus
1869 4606 1994 4660 par-

433 4696 577 4746 cam,
600 4680 757 4751 juxta
787 4698 850 4737 ea
872 4698 992 4752 qua:
1017 4682 1291 4737 Abraham
1324 4683 1544 4738 luerunt
1572 4682 1740 4745 dicta,
1775 4684 1992 4754 quando

438 4787 632 4842 poenas
663 4788 692 4826 a
726 4772 964 4828 Sodoma
998 4775 1332 4844 repetebam,
1373 4784 1426 4829 et
1449 4775 1535 4829 vel
1565 4775 1856 4844 quinquies
1893 4776 1995 4829 mi-

437 4862 794 4918 sericordiam
825 4880 1003 4920 meam
1039 4866 1389 4937 comprobavi
1415 4885 1431 4935 ;
1464 4867 1606 4922 idem
1648 4876 1701 4921 et
1732 4883 1880 4922 nunc
1906 4883 1993 4923 re-

432 4957 538 5011 l'ert
575 4956 643 5011 ad
670 4956 1012 5011 indicandam
1042 4959 1428 5029 benignitatem
1457 4974 1632 5015 suam.

507 5047 671 5105 Vens.
704 5050 791 5105 10.
851 5050 981 5115 Qua:
1007 5051 1174 5121 igitur
1197 5051 1331 5122 ipsis
1364 5052 1569 5124 largior
1598 5056 1821 5123 pr‘opter
1857 5069 1992 5124 pau-

431 5152 526 5194 cos
554 5138 916 5195 inservientes
943 5141 1075 5196 mihi
1095 5158 1110 5201 ς
1131 5156 1228 5196 vos
1256 5157 1411 5210 vero,
1435 5145 1528 5213 qui
1551 5143 1683 5197 mihi
1720 5144 1993 5198 contradi-

431 5232 557 5288 citis
602 5235 727 5289 vitze
759 5236 914 5291 vobis
949 5236 1184 5300 auctori,
1221 5236 1315 5308 qui
1365 5236 1702 5293 dzemonibus
1750 5238 1991 5308 indulge-

433 5326 527 5391 tis,
554 5335 610 5383 et
633 5337 814 5384 mente
850 5330 1169 5387 carentibus
1206 5318 1449 5386 mensam
1478 5329 1685 5401 paratis
1725 5344 1789 5384 ac
1810 5329 1991 5400 potio-

431 5435 552 5486 nes,
591 5433 765 5478 morte
785 5423 1108 5478 moriemini.
1133 5421 1264 5479 Jure
1292 5432 1473 5479 autem
1510 5440 1604 5480 eos
1632 5431 1807 5479 morte
1844 5425 1993 5480 dam-

431 5520 558 5578 nat;
617 5516 816 5585 quippe
858 5516 952 5585 qui
1002 5524 1126 5585 post
1175 5517 1509 5586 impietatem
1559 5528 1614 5573 ct
1670 5526 1893 5587 peccata
1933 5519 1989 5572 in

441 5602 631 5667 Deum,
658 5615 938 5660 vocantem
988 5623 1094 5661 non
1140 5608 1446 5674 audierunt,
1490 5618 1543 5663 et
1592 5610 1768 5663 locum
1813 5608 1987 5677 poeni-

434 5692 615 5754 tentiae
671 5697 951 5766 praestanti
1003 5712 1112 5752 non
1149 5706 1473 5767 paruerunt,
1529 5698 1623 5754 sed
1671 5700 1986 5771 iniquitates

2174 1950 2411 2004 Τοιαῦτα
2457 1950 2609 2022 ἡμῶν
2648 1950 2798 2003 ἔσται
2835 1948 2904 2001 τά
2946 1948 3048 2018 τῆς
3080 1950 3514 2021 παρατηρήσεως
3562 1955 3666 2009 τῶν

2101 2040 2348 2106 ἐντολῶν,
2382 2041 2617 2096 διάθεσιν
2670 2040 2807 2111 πρὸς
2836 2040 2967 2092 Θεὸν
3015 2039 3090 2110 μὴ
3139 2038 3411 2110 σωζούσης
3450 2043 3550 2114 τῆς
3574 2045 3653 2099 δι-

2101 2133 2420 2204 καιοσύνης’
2476 2134 2510 2204 ἢ
2554 2133 2647 2187 καὶ
2699 2132 2945 2203 ἕκρευσιν
2987 2132 3119 2202 ἡμῖν
3164 2131 3529 2205 προεξένησεν,
3570 2137 3645 2200 ὡς

2102 2221 2318 2290 φύλλοις
2376 2222 2665 2276 πίπτουσιν
2706 2222 2812 2275 ἀπὸ
2841 2221 2948 2274 τῶν
2999 2220 3225 2290 δένδρων
3269 2223 3362 2274 καὶ
3405 2225 3523 2277 aqua
3558 2227 3653 2297 τῆς

2102 2314 2308 2367 ἑαυτῶν
2337 2313 2524 2386 piger
2563 2315 2700 2384 ὅπερ
2728 2312 2825 2384 τὴν
2855 2313 3088 2383 ἐσχάτην
3119 2312 3300 2366 αὐτῶν
3332 2318 3653 2388 κατηγορίαν

2103 2404 2234 2476 ἔχει.

2176 2497 2291 2549 ”Οτ’
2346 2495 2411 2550 ἂν
2450 2495 2559 2570 γάρ
2607 2496 2739 2559 Θεὸς
2793 2496 2883 2549 ἐπὶ
2941 2496 3069 2550 πολὺ
3106 2496 3374 2551 νουθετῶν
3408 2499 3475 2571 μὴ
3505 2501 3646 2573 σχοίη

2103 2588 2228 2651 τοὺς
2281 2587 2632 2659 πειθομένους
2660 2586 2805 2656 αὐτῷ
2840 2586 3165 2657 μεταθέσθαι
3206 2588 3318 2641 τῶν
3352 2606 3647 2662 παρανομηο

2107 2679 2289 2749 μάτων
2314 2678 2509 2745 αὑτῶν,
2535 2678 2655 2731 τότε
2688 2678 2780 2730 καὶ
2807 2677 2969 2741 αὐτὸς
2996 2677 3177 2731 τέλεον
3202 2680 3470 2751 ὀργισθεὶς
3486 2682 3636 2749 ἐγκα-

2099 2769 2425 2840 ταλιμπάνει
2471 2770 2666 2832 αὐτοὺς
2711 2770 2786 2832 ὠς
2824 2770 3060 2841 ἐρήμους
3102 2771 3301 2835 αὐτοὺς
3345 2770 3629 2843 γενομένους

2099 2861 2197 2932 τῆς
2239 2861 2402 2914 αὑτοῦ
2448 2860 2790 2930 κηδεμονίας.

2182 2950 2507 3020 Ἔκληπτέον
2526 2951 2583 3005 δὲ
2610 2952 2703 3005 καὶ
2726 2953 2806 3014 είς
2829 2950 3057 3023 Σωτῆρα
3087 2952 3277 3017 ταῦτα,
3308 2954 3384 3020 ὃς,
3412 2958 3640 3026 πατρικῇ

2097 3040 2392 3113 ἀγαθότητι
2418 3041 2741 3105 ἀποσταλεὶς
2767 3042 2861 3095 καὶ
2878 3042 3050 3114 οἰκείᾳ
3074 3044 3441 3119 φιλανθρωπία
3454 3045 3638 3114 ἐλθὼν,

2096 3131 2345 3205 ἐμφανὴς
2366 3135 2530 3187 πᾶσιν
2553 3132 2859 3205 ἀνθρώποις
2895 3133 3106 3203 γέγονεν
3134 3136 3163 3185 ὁ
3194 3136 3403 3207 Σωτὴρ,
3441 3135 3636 3208 ἀνθρώ-

2097 3241 2215 3280 πων
2247 3227 2384 3298 μήτε
2413 3225 2906 3299 πρεσϐευσαμένων
2938 3226 3070 3298 πρὸς
3098 3225 3269 3293 αὑτὸν,
3304 3229 3435 3297 μήτε
3467 3246 3635 3299 παρα-

2096 3314 2461 3372 καλεσάντων.

2179 3403 2243 3458 Ἦ
2280 3404 2626 3476 τιμωρητικὴ
2658 3404 2857 3479 δηλαδὴ
2879 3406 3123 3476 δύναμις.

2166 3496 2241 3549 Τό
2276 3496 2353 3561 δὲ,
2392 3496 2719 3567 γέγραπται,
2751 3496 2982 3563 ἁκούων,
3016 3499 3123 3551 νόει
3150 3497 3225 3562 ὡς
3246 3499 3517 3570 ἡμετέραν
3554 3516 3650 3553 πα-

2100 3588 2423 3661 ραμυθεῖται
2450 3588 2690 3657 ἄγνοιαν.
2737 3589 2951 3660 Ἐπειδὴ
2980 3588 3086 3661 γὰρ
3122 3592 3256 3661 ἡμῖν
3286 3591 3343 3657 ἐξ
3377 3592 3651 3663 ἐγγράφων

2097 3682 2130 3751 ή
2161 3683 2348 3753 μνήμη
2379 3684 2754 3752 συγκροτεῖται
2788 3680 2893 3734 τῶν
2919 3681 3293 3755 παρελθόντων
3320 3683 3649 3754 πραγμάτων

2096 3774 2175 3837 είς
2211 3773 2516 3844 ὑπόμνησιν
2568 3775 2712 3844 ἡμᾶς
2763 3774 2989 3843 ἄγουσα,
3040 3774 3134 3828 καὶ
3182 3774 3373 3846 ὥσπερ
3423 3775 3651 3843 ὑπ”όψιν

2095 3866 2217 3933 ἄγει
2246 3864 2313 3918 τά
2359 3865 2694 3937 παρελθόντα
2742 3866 3059 3937 πράγματα,
3098 3864 3271 3929 οὕτως
3322 3867 3647 3921 exessus:-

2095 3953 2279 4007 Πάντα
2325 3953 2568 4025 ἐγνώσθη
2620 3954 2697 4024 τῷ
2747 3954 2884 4026 Θεῷ,
2938 3955 3032 4010 καὶ
3072 3956 3201 4025 πρὶν
3243 3955 3275 4026 ἢ
3326 3957 3549 4029 γένηται
3591 3955 3654 4008 τά

2095 4044 2360 4116 γενόμενα
2395 4046 2698 4103 ἐπίσταται.

2177 4134 2438 4190 Ἐνταῦθα
2484 4135 2643 4189 πάλιν
2680 4136 2709 4187 ὁ
2756 4134 2982 4200 πλοῦτος
3031 4137 3131 4204 τῆς
3176 4135 3514 4208 ἀγαθότητος
3560 4134 3651 4187 τοῦ

2095 4226 2229 4280 Θεοῦ
2296 4226 2650 4297 φανερώτατα
2704 4225 2955 4297 δηλοῦται
3004 4226 3186 4296 οἰκείῳ
3266 4227 3644 4297 ὑποδείγματι·

2101 4319 2311 4391 ’Ὠσπερ
2350 4318 2479 4390 γὰρ,
2516 4319 2590 4372 ὅτ’
2635 4317 2700 4373 ἂν
2740 4318 2936 4391 εὑρεθῇ
3001 4319 3057 4371 ἐν
3097 4318 3175 4388 τῷ
3219 4317 3404 4389 βότρυῖ
3474 4321 3507 4372 ὁ
3553 4314 3653 4390 ρὼξ

2101 4411 2378 4482 πέπειρος,
2423 4411 2488 4463 δι’
2529 4413 2734 4465 ἐκεῖνον
2802 4411 2893 4465 τὸν
2940 4411 3036 4465 ἕνα
3080 4412 3187 4474 πᾶς
3237 4410 3469 4474 σώζεται
3499 4452 3514 4478 ,
3568 4409 3656 4462 καὶ

2098 4503 2226 4573 περὶ
2277 4501 2473 4555 πολλοῦ
2520 4504 2782 4567 ποιεῖται,
2842 4502 3066 4573 μηδενὸς
3110 4501 3271 4555 αὐτοῦ
3313 4502 3651 4573 ἁπτομένου·

2098 4596 2259 4663 οὕτω,
2283 4595 2436 4667 φησι,
2464 4594 2640 4663 κάγὼ,
2676 4594 2794 4658 ἐνὸς
2831 4593 3143 4664 εὑρεθέντος
3172 4592 3517 4657 δουλεύοντάς
3550 4609 3655 4662 μοι,

2099 4686 2306 4750 πάντας
2354 4685 2798 4756 περιποιήσομαι,
2829 4682 2971 4736 κατά
3011 4683 3071 4735 τὸ
3101 4680 3178 4753 τῷ
3229 4682 3483 4753 ’Δϐραάμ
3521 4683 3657 4735 λελε-

2096 4776 2322 4849 γμένον,
2351 4750 2516 4846 ἠνίκά
2558 4750 2764 4845 ὴ’καὶτά
2808 4772 3056 4843 Σοδόμων
3098 4750 3217 4843 δίκη
3252 4750 3648 4844 κατεπέμπετο,

2095 4869 2200 4933 ἕως
2227 4869 2386 4923 πέντε
2411 4868 2509 4938 τὴν
2548 4866 2952 4938 φιλανθρωπίαν
2992 4865 3389 4937 ἐνδειξαμένου.
3417 4867 3498 4920 Τὸ
3532 4866 3654 4922 αὐτὸ

2094 4962 2274 5015 τοίνυν
2303 4961 2395 5014 καὶ
2420 4958 2513 5014 νῦν
2540 4958 2734 5028 φάσκει
2764 4957 2883 5011 κατ’
2912 4957 3159 5012 ἐπίτασιν
3194 4957 3553 5028 ἀγαθότητος.

2167 5053 2350 5106 Ταῦτα
2375 5052 2552 5106 τοίνυν
2575 5050 2796 5121 παρέχω
2822 5048 3096 5112 αὑτοῖς-δι’
3129 5049 3343 5118 ὀλίγους
3367 5051 3500 5113 τοὺς
3541 5050 3648 5102 δουο

2095 5145 2346 5209 λεύοντάς
2374 5162 2482 5215 μοι.
2515 5146 2701 5214 Ὑμεῖς
2719 5143 2797 5208 δὲ,
2819 5141 3340 5211 οἱάνταλλαξάμενοι
3367 5142 3493 5195 ἀντὶ
3526 5139 3650 5211 ἐμοῦ

2095 5236 2187 5291 τοῦ
2228 5236 2288 5289 τὸ
2332 5232 2468 5290 εἶναι
2502 5236 2628 5306 ὑμῖν
2668 5233 3103 5304 παρεσχηκότος,
3144 5234 3237 5286 καὶ
3277 5232 3651 5291 δουλεύσαντες

2095 5328 2410 5401 δαιμονίοις,
2441 5328 2531 5381 καὶ
2560 5326 2786 5397 ἀψύχοις
2827 5323 3213 5394 παρατιθέντες
3242 5323 3522 5394 τράπεζαν
3563 5323 3649 5375 καὶ

2096 5424 2433 5492 κεράσματα,
2466 5418 2679 5488 θανάτῳ
2711 5415 3087 5470 ὑποπεσεῖσθε.
3116 5414 3355 5468 Θάνατον
3378 5415 3435 5468 δὲ
3478 5413 3648 5470 αὐτῶν

2095 5513 2314 5576 δικαίως
2335 5511 2803 5582 καταψηφίζεται·
2838 5510 2917 5562 ὅτι
2953 5509 3046 5563 καὶ
3076 5507 3214 5579 μετά
3248 5508 3346 5580 τὴν
3377 5508 3643 5570 ἀσέϐειαν,

2097 5604 2191 5657 καὶ
2235 5602 2295 5655 τὸ
2335 5602 2656 5672 ἐξαμαρτεῖν
2696 5601 2890 5664 αὐτοὺς
2925 5603 3006 5664 εἰς
3056 5600 3147 5653 τὸν
3196 5599 3328 5654 Θεὸν
3353 5642 3367 5666 ,
3404 5599 3639 5653 καλοῦντι

2094 5699 2191 5769 οὐχ
2227 5697 2564 5768 ὑπήκουσαν;
2588 5696 2874 5765 καὶντόπον
2910 5692 3194 5764 μετανοίας
3229 5693 3410 5757 αὐτοῖς
3436 5691 3633 5752 διδόντι,
