4022 6208
364 238 503 296 1575

1798 255 1867 309 1N
1903 256 2151 313 ιεΑωι.

3436 277 3567 334 1374

362 363 461 416 οὐκ
489 355 641 430 εἶξαν
661 377 675 392 ο
717 362 831 416 ἀλλ’
862 364 1171 420 ὲπετείνατε
1206 368 1325 421 καθ’
1358 370 1565 425 ἑαυτῶν
1604 373 1669 426 τά
1690 376 1919 447 πονηρὰ,

2024 395 2155 435 suas
2187 388 2351 437 etiam
2381 395 2668 450 auxerunt,
2702 402 2873 457 eaque
2898 387 3137 444 fecerunt
3164 406 3283 461 qua:
3298 393 3564 453 nolebam.

366 455 459 508 καὶ
483 455 519 509 ἃ
551 454 651 508 οὐκ
683 455 883 526 ἤρεσκέ
914 474 1002 527 μοι
1022 458 1337 530 ἐπράττετε,

446 544 661 616 Ἐπειδὴ
681 545 811 618 γὰρ,
840 549 969 617 περὶ
995 550 1234 622 γαστέρα
1274 553 1675 626 ἀσχολούμενοι,
1706 561 1786 624 είς
1824 561 1922 632 τὴν

364 635 470 688 τῶν
506 636 733 707 καρπῶν
768 638 1062 693 ἀπόλαυσιν
1090 641 1152 694 τὸ
1178 644 1288 696 πᾶν
1310 644 1410 713 τῆς
1443 646 1778 721 εὐφροσύνης
1810 653 1921 705 ἐτί-

367 723 540 791 θεντο,
593 728 689 780 καὶ⁹
751 728 1069 800 εὐδαίμονας
1114 731 1359 804 ἐνόμιζον
1388 735 1513 799 τοὺς
1543 737 1745 793 τούτων
1784 741 1920 796 ἀπο-

364 816 646 882 λαύοντας,
694 816 935 889 λυπῆσαι
974 820 1169 885 αὐτοὺς
1212 822 1529 895 βουλόμενος
1577 829 1634 882 ὲν
1664 832 1730 901 τῇ
1764 831 1920 904 ἀκοῇ,

365 905 433 957 ἵν’
465 904 887 978 ἐπιστρέψαντες
926 907 1139 963 σωθῶσι
1158 951 1173 978 ,
1206 911 1306 982 τὴν
1346 913 1549 969 τούτων
1591 918 1772 983 αὐτοῖς
1803 921 1922 975 στέ-

368 1012 524 1067 ρησιν
553 999 928 1069 προαγορεύει.

438 1088 847 1159 Προκαταλέξας
899 1090 934 1145 ἀ
962 1092 1235 1150 πείσονται
1281 1098 1331 1150 ot
1362 1097 1437 1169 μὴ
1478 1098 1794 1170 φοϐούμενοι
1835 1103 1923 1156 τὸν

368 1177 591 1249 Κύριον,
616 1179 750 1251 μηδὲ
774 1182 1189 1254 ἐπιστρέφοντες
1221 1185 1359 1260 πρὸς
1392 1188 1573 1256 αὐτὸν,
1604 1190 1817 1259 ἐπάγει,
1844 1193 1923 1245 ὅτι

380 1268 725 1333 Ἀπεναντίας
769 1271 970 1333 τούτων
1015 1276 1066 1328 οί
1123 1275 1463 1345 δουλεύοντές
1515 1299 1605 1351 μοι
1660 1284 1721 1335 ού
1766 1284 1923 1354 μόνον

366 1360 661 1429 τεύξονται,
689 1361 825 1416 άλλά
855 1367 945 1418 καὶ
975 1365 1274 1438 ὀνομάτων,
1298 1370 1544 1445 καθάπερ
1574 1377 1622 1428 ot
1656 1378 1923 1448 πατριάρ-

366 1471 477 1525 χαι,
509 1454 558 1507 oi
583 1455 718 1526 πρὸς
742 1458 854 1520 τοῖς
882 1458 1102 1529 τρόποις
1130 1462 1222 1514 καὶ
1243 1462 1519 1534 ὀνομάτων
1539 1467 1738 1521 καινῶν
1764 1468 1923 1537 ἐτύγ-

365 1562 547 1615 χανον.
584 1545 799 1600 Τούτων
824 1546 880 1601 δὲ
912 1548 988 1621 μὴ
1025 1553 1443 1621 μετανοούντων,
1474 1556 1630 1611 τοῦτο
1661 1559 1721 1612 τὸ
1756 1560 1923 1632 ὄνομα

364 1633 645 1706 δοθήσεται
673 1637 784 1699 τοῖς
814 1635 1012 1703 ἔθνεσι,
1032 1639 1093 1692 τὸ
1121 1640 1221 1711 μὲν
1264 1644 1344 1707 εἰς
1385 1645 1489 1712 ἀεὶ,
1526 1647 1662 1719 ὅπερ
1704 1649 1820 1702 ἐστὶ
1860 1650 1921 1703 τὸ

2090 553 2258 612 Vens.
2291 557 2379 613 15.
2420 556 2648 624 Quando
2686 562 2858 615 ventri
2889 563 3047 617 unice
3084 562 3302 631 deditis,
3354 566 3409 620 in
3439 581 3566 637 pos-

2022 646 2266 701 srdendis
2296 646 2547 718 frugibus
2597 665 2866 704 summam
2913 651 3226 708 felicitatem
3270 655 3569 712 consistere

2019 734 2319 803 videretur,
2369 753 2433 793 ac
2483 754 2578 794 eos
2633 747 2847 796 tantum
2896 743 3087 799 beatos
3134 760 3258 800 esse
3308 748 3401 816 qui
3448 747 3569 804 istis

2022 824 2323 893 abundant,
2358 835 2562 884 terrere
2595 844 2690 885 eos
2714 845 2965 888 sermone
3000 833 3208 901 volens,
3240 842 3301 891 ut
3321 838 3567 892 conversi

2022 914 2322 984 salventur,
2359 917 2576 989 frugum
2599 920 2839 992 inopiam
2862 921 3165 978 denuntiat.

2104 1092 2264 1149 Vens.
2322 1095 2408 1149 15.
2453 1094 2738 1153 Prmdictis
2771 1114 2892 1168 qua:
2922 1099 3234 1157 hominibus
3266 1101 3565 1166 imminent,

2021 1199 2122 1240 nec
2146 1183 2315 1239 Deum
2346 1185 2682 1253 timentibus,
2740 1206 2838 1245 nec
2875 1192 2943 1246 ad
2982 1192 3158 1262 ipsum
3207 1207 3266 1247 se
3305 1192 3570 1262 recipien-

2021 1275 2191 1337 tibus,
2217 1274 2404 1346 adjicit
2433 1275 2614 1334 Deus:
2646 1277 2763 1333 Non
2808 1281 2980 1335 modo
3014 1282 3172 1352 longe
3210 1281 3424 1335 diversa
3451 1297 3571 1337 sor-

2022 1366 2230 1420 tientur
2259 1367 2351 1436 qui
2381 1367 2512 1421 mihi
2542 1368 2866 1436 inserviunt,
2890 1370 2984 1427 sed
3001 1373 3220 1427 nomine
3243 1373 3406 1427 etiam
3431 1388 3569 1427 novo

2023 1456 2383 1525 vocabuntur,
2418 1458 2558 1514 sicut
2587 1460 2931 1529 patriarchae,
2969 1461 3062 1531 qui
3088 1477 3184 1531 pro
3206 1464 3449 1518 moribus
3472 1478 3570 1518 no-

2022 1544 2106 1600 vis
2165 1561 2378 1616 quoque
2416 1547 2747 1609 hominibus
2811 1550 3260 1621 insigniebantur.
3311 1550 3569 1608 lsraelitis

2025 1643 2204 1690 autem
2243 1638 2619 1707 pmnitentiam
2652 1640 3040 1705 renuentibus,
3068 1642 3321 1712 gentibus
3355 1641 3571 1696 dabitur

334 1758 343 1769 η
364 1723 470 1777 τῶν
493 1726 831 1798 Χριστιανῶν
849 1744 863 1758 ο
892 1730 1086 1801 μηκέτι
1110 1731 1218 1804 γάρ
1240 1733 1469 1789 εἰδώλων
1495 1739 1710 1809 μνήμην
1738 1741 1917 1794 ποιού-

2021 1725 2125 1779 hoc
2153 1741 2371 1792 nomen,
2412 1729 2556 1798 quod
2584 1729 2639 1783 in
2668 1738 2927 1784 aeternum
2974 1732 3233 1796 manebit,
3280 1747 3381 1787 nec
3424 1732 3569 1787 aliud

369 1824 535 1887 μενοι,
565 1819 688 1891 μηδ’
713 1819 789 1884 ῶς
824 1822 903 1886 είς
932 1822 1085 1887 θεοὺς
1130 1824 1415 1896 ὀμνύοντες
1438 1867 1453 1892 ,
1484 1828 1598 1883 ἀλλ’
1633 1834 1711 1895 είς
1758 1834 1917 1888 αὐτὸν

365 1907 456 1961 τὸν
490 1908 619 1965 Θεὸν
649 1911 743 1965 καὶ⁸
787 1912 1112 1985 δημιουργὸν
1147 1917 1345 1983 αὐτῶν,
1382 1922 1511 1990 παρ’
1558 1922 1730 1976 αὐτοῦ’
1744 1923 1919 1990 ἕξουσι

365 1999 464 2071 τὴν
492 2001 598 2055 τῶν
624 2002 842 2072 ἀγαθῶν
870 2004 1184 2063 ἀπόλαυσιν.

432 2267 812 2338 Μακροῦίωσιν
864 2269 922 2321 δὲ
977 2270 1157 2335 αὐτοῖς
1215 2273 1306 2324 ἐπὶ
1339 2272 1506 2339 πολὺ,
1577 2273 1770 2343 ἀώρως
1821 2293 1918 2347 μεν

367 2354 589 2427 μηδενὸς
629 2356 1076 2427 μεταλλάττοντος
1095 2401 1110 2426 ,
1156 2361 1235 2426 είς
1282 2362 1461 2435 γῆρας
1514 2363 1742 2437 λιπαρὸν
1784 2365 1921 2436 φθά-

364 2462 572 2511 νοντοςο
613 2448 705 2501 καὶ
735 2446 844 2519 γάρ
876 2447 1067 2502 ἑκατὸν
1099 2449 1235 2503 ὲτῶν
1269 2454 1298 2504 ό
1322 2452 1649 2525 τελευτήσας
1687 2456 1746 2507 ὲν
1781 2456 1921 2509 ὲκεί-

364 2551 474 2599 νοις
505 2535 675 2617 ἔσται,
705 2536 780 2600 ὡς
822 2538 927 2608 πρὸ
964 2537 1112 2610 ὥρας
1161 2538 1279 2603 νέος
1303 2540 1614 2607 ἀπαλλάξας
1657 2543 1803 2598 τόνδε
1829 2545 1920 2599 τὸν

367 2623 513 2694 βίονο
558 2625 587 2678 ό
628 2624 686 2678 δὲ
728 2623 873 2683 οὕτω
922 2625 1298 2697 μεταλλάττων
1350 2630 1410 2684 ἐν
1466 2631 1709 2702 κατάρας
1765 2632 1919 2705 μέρει

365 2715 603 2772 κείσεται
632 2717 954 2790 ἁμαρτωλὸς
984 2719 1399 2794 συγκρινόμενος
1421 2720 1500 2793 τῷ
1523 2722 1715 2796 μακρῷ
1744 2724 1864 2796 βίῳ.

436 2806 517 2860 Τά
542 2808 650 2880 γάρ
677 2808 901 2879 ἀειθαλῆ
936 2809 1077 2879 φυτά
1112 2811 1170 2865 ὲν
1200 2810 1276 2882 τῷ
1312 2812 1622 2884 παραδείσῳ
1662 2814 1919 2879 ἀειζώους

364 2903 604 2972 καρποὺς
637 2901 788 2975 φέρει
809 2921 822 2934 ·
847 2904 1037 2968 οῖτινες
1058 2906 1115 2958 ὲν
1140 2905 1239 2975 μὲν
1265 2904 1344 2974 τῷ
1370 2901 1507 2959 εἶναι
1528 2906 1618 2958 τὸν
1639 2904 1918 2976 ἄνθρωπον

365 2993 423 3046 ἐν
448 2991 525 3063 τῷ
553 2993 881 3064 παραδείσῳ,
901 2994 1046 3050 ἄλλοι
1073 2993 1158 3045 ἐπ’
1191 2994 1371 3057 ἄλλοις
1394 2994 1663 3064 γινόμενοι
1694 2995 1913 3066 καρποὶ,

2021 1822 2105 1870 est
2138 1824 2335 1885 printer
2359 1833 2558 1872 nomen
2585 1816 3045 1875 Christianorum.
3064 1817 3186 1875 Jam
3211 1835 3317 1874 non
3340 1820 3570 1890 amplius

2019 1905 2287 1961 idolorum
2338 1908 2657 1963 memoriam
2716 1908 2936 1976 facient,
2983 1925 3158 1983 neque
3200 1926 3263 1966 ea
3311 1918 3569 1979 tanquam

2020 2002 2152 2057 deos
2179 2002 2531 2067 invocabunt,
2584 2004 2680 2059 sed
2716 2020 2886 2059 unum
2922 2004 3091 2060 Deum
3139 2013 3195 2060 et
3234 2004 3567 2061 conditorem

2020 2106 2179 2145 suum
2213 2092 2416 2160 colent,
2442 2102 2496 2147 et
2525 2094 2594 2148 ab
2642 2094 2761 2164 ipso
2820 2094 3088 2149 bonorum
3133 2094 3347 2163 cupiam
3401 2094 3569 2162 impe-

2020 2180 2258 2236 trahunt.

2095 2267 2262 2327 Vens.
2301 2272 2390 2328 20.
2434 2272 2634 2329 Multos
2662 2288 2834 2328 annos
2867 2272 3092 2344 perfecit
3123 2274 3215 2343 qui
3247 2288 3354 2327 non
3380 2272 3569 2326 imma—

2020 2369 2144 2417 tura
2176 2372 2351 2419 morte
2395 2366 2607 2434 rapitur
2658 2373 2712 2420 et
2760 2366 2985 2420 viridem
3025 2365 3380 2435 consequitur
3416 2377 3573 2417 sene-

2021 2461 2246 2509 ctutem.
2282 2452 2472 2510 Justus
2502 2456 2645 2510 enim
2680 2456 3027 2511 centenarius
3067 2455 3172 2512 erit
3193 2454 3351 2525 quasi
3392 2453 3575 2507 adole-

2021 2561 2183 2601 scens
2213 2554 2339 2601 ante
2374 2553 2589 2618 tempus
2613 2547 2882 2613 moriens;
2932 2555 3187 2616 peccator
3224 2560 3352 2602 vero
3398 2556 3574 2601 cente-

2021 2637 2212 2693 narius
2263 2637 2588 2692 maledictus
2647 2637 2772 2702 erit,
2824 2643 3047 2707 prepter
3093 2637 3267 2706 ipsam
3313 2634 3571 2706 grandem

2019 2734 2237 2782 aetatem
2266 2727 2579 2779 damnatus.

2093 2816 2256 2872 Vens.
2297 2816 2386 2872 22.
2432 2816 2708 2870 Continuo
2762 2815 3020 2871 ﬂorentes
3081 2813 3323 2886 paradisi
3376 2813 3572 2884 plantae

2019 2914 2252 2960 aeternos
2277 2906 2485 2962 fructus
2517 2905 2714 2961 ferunt.
2744 2905 2955 2977 Quippe
2990 2905 3118 2976 qui,
3153 2905 3280 2958 dum
3315 2903 3478 2957 homo
3518 2901 3572 2953 in

2022 2996 2275 3066 paradiso
2301 3007 2463 3064 esset,
2500 2997 2554 3050 in
2583 2996 2700 3052 dies
2718 2997 2888 3067 magis
2919 3010 2982 3050 ac
2995 2997 3163 3064 magis
3185 2994 3349 3058 aucti,
3372 3000 3571 3048 aeterna

364 3087 619 3157 παρεῖχον
665 3084 743 3155 τῷ
784 3063 1055 3156 ἀνθρώπῳ
1085 3084 1146 3137 τὸ
1195 3084 1282 3138 ἀεὶ
1344 3063 1669 3139 ἀπολαύειν·
1715 3063 1804 3141 ὅτε
1859 3087 1916 3140 δὲ

2022 3063 2224 3141 homini
2254 3063 2455 3156 gaudia
2488 3063 2836 3155 praebebant}
2865 3063 3309 3155 expulso-autem
3357 3082 3575 3137 homine

365 3174 569 3247 ὲξῶσθη
598 3176 629 3228 ὁ
668 3174 972 3246 ἄνθρωπος,
1001 3176 1051 3228 οἱ
1087 3175 1290 3246 καρποὶ
1321 3175 1567 3246 μένουσιν
1605 3177 1685 3240 είς
1740 3177 1801 3230 τὸ
1838 3177 1915 3230 δι-

363 3268 552 3337 ηνεκὲς
576 3264 859 3335 ἄφθαρτοι.

432 3353 616 3408 Ταῦτα
646 3355 741 3424 μὲν
777 3350 871 3407 οὖν
913 3356 942 3407 ὁ
964 3354 1096 3417 Θεὸς
1138 3351 1232 3406 τοῦ
1272 3354 1487 3425 Ἰσραὴλ
1527 3356 1914 3425 ἐπαγγέλλεται

372 3445 733 3507 ,ιετανοοῦντι-
770 3445 955 3516 ἐπειδὴ
998 3445 1056 3498 δὲ
1095 3444 1341 3509 ἀπειθεῖς
1386 3448 1755 3518 μεμενήκασι,
1791 3464 1915 3519 μετ.

366 3539 484 3606 άγει
503 3537 600 3609 τὰς
620 3536 865 3604 εὐλογίας
888 3538 967 3600 εἰς
995 3535 1062 3590 τά
1088 3535 1215 3607 έθνη
1232 3553 1246 3567 ’
1269 3536 1345 3600 ῶς
1368 3538 1459 3591 καὶ
1480 3539 1559 3601 εἰς
1579 3537 1676 3609 τὴν
1691 3538 1917 3609 Ἐκκλη-

368 3630 486 3682 σίαν
515 3606 686 3682 ταῦτα
712 3627 854 3681 κατά
878 3626 1132 3699 ἀλήθειαν
1163 3606 1615 3699 ἐκλαμϐάνεσθαι.

434 3718 554 3773 Τῶν
591 3718 683 3773 δύο
728 3719 897 3790 ἥμισυ
931 3717 1110 3788 φυλῶν
1151 3717 1232 3772 ἔτι
1263 3721 1321 3773 ἐν
1364 3721 1475 3784 τοῖς
1501 3717 1686 3784 τόποις
1725 3719 1913 3787 ὄντων,

367 3814 458 3866 καὶ
481 3812 736 3883 οἰομένων
771 3813 845 3884 μὴ
872 3811 1178 3881 ἀπάγεσθαι
1208 3813 1288 3876 είς
1316 3811 1415 3882 τὴν
1435 3812 1802 3883 αἰχμαλωσίαν
1830 3814 1918 3868 διὰ

367 3909 462 3981 τὴν
495 3908 630 3978 πρὸς
657 3906 746 3961 τὸν
772 3906 896 3959 ναὸν
927 3906 1108 3978 σχέσιν
1138 3886 1238 3960 τοῦ
1257 3905 1413 3973 Θεοῦ,
1454 3907 1573 3977 οὐχὶ
1598 3906 1655 3960 δὲ
1682 3906 1769 3961 διά
1796 3907 1919 3979 τρό-

369 3984 483 4053 πων
507 3999 703 4071 ἀρετὴν
735 4001 828 4053 καὶ
858 3998 955 4069 τὴν
984 3999 1120 4069 πρὸς
1150 3998 1241 4052 τὸν
1266 3996 1397 4051 Θεὸν
1435 3997 1666 4064 εὔνοιαν,
1707 3998 1918 4053 υποδεί-

370 4108 553 4147 κνυσιν
577 4094 606 4145 ό
629 4091 780 4156 Θεὸς,
818 4092 894 4154 ῶς
920 4091 981 4144 οὐ
1009 4090 1177 4143 τόπου
1215 4090 1373 4161 χάριν
1399 4089 1432 4162 ἢ
1461 4089 1590 4145 ναοῦ
1626 4090 1918 4162 ῥυσθήσον-

366 4199 456 4237 ται
497 4182 594 4253 τῆς
625 4181 993 4253 αἰχμαλωσίας
1033 4181 1457 4254 προηγουμένως
1482 4182 1533 4235 οί
1571 4182 1741 4236 ταῦτα
1773 4183 1921 4254 ἕχον-

369 4289 458 4335 τες
475 4288 487 4302 ’
515 4271 714 4326 τούτων
733 4272 840 4343 γάρ
871 4271 1201 4343 ἀντέχοντες,
1231 4272 1360 4336 Θεὸς
1382 4272 1549 4342 λέγει,
1580 4272 1667 4327 διά
1691 4273 1786 4345 τὴν
1813 4274 1920 4327 τῶν

2021 3192 2088 3231 ex
2116 3176 2391 3244 paradiso,
2437 3184 2718 3230 remanent
2747 3174 2957 3231 fructus
2993 3176 3048 3229 in
3084 3185 3344 3230 aeternum
3395 3173 3575 3227 incor-

2019 3267 2326 3335 ruptibiles.

2095 3356 2258 3412 Vens.
2298 3357 2389 3412 9.5.
2429 3356 2559 3424 Qua:
2614 3357 2830 3426 quidem
2888 3357 3169 3411 denuntiat
3223 3353 3573 3422 Deus.|lsrael

2021 3447 2399 3518 paenitentiam
2428 3435 2643 3519 agenti;
2677 3449 2805 3517 quia
2845 3455 3021 3501 autem
3057 3445 3322 3500 indociles
3352 3458 3573 3498 reman-

2023 3546 2232 3603 serunt,
2296 3539 2705 3595 benedictiones
2750 3554 2880 3593 suas
2933 3536 3187 3608 gentibus
3242 3535 3568 3604 impertitur,

2023 3629 2164 3684 utin
2198 3628 2497 3685 Ecclesiam
2523 3630 2677 3699 juxta
2714 3632 2997 3683 veritatem
3039 3625 3429 3695 suscipiantur.

2094 3716 2222 3776 Cap.
2279 3717 2461 3784 LXVI,
2497 3718 2663 3775 Vens.
2696 3721 2747 3774 1.
2787 3717 3062 3773 Ambabus
3097 3715 3345 3771 tribubus
3395 3713 3572 3767 adhuc

2023 3820 2225 3867 terram
2257 3825 2406 3866 suam
2438 3810 2851 3879 occupantibus,
2895 3825 3061 3879 seque
3108 3809 3165 3863 in
3202 3807 3572 3877 captivitatem

2024 3896 2243 3973 propter
2273 3903 2511 3957 studium
2548 3902 2640 3956 Dei
2691 3901 2744 3955 in
2783 3902 3042 3972 templum
3075 3916 3185 3955 non
3235 3899 3427 3955 abduci
3470 3914 3571 3969 pu-

2024 3994 2287 4059 tantibus,
2316 4010 2424 4047 non
2456 4010 2583 4048 vero
2610 4001 2829 4063 propter
2857 3993 3155 4048 bonitatem
3195 4006 3404 4045 morum
3441 4006 3571 4046 suo-

2025 4101 2145 4140 rum
2173 4094 2267 4140 aut
2324 4100 2476 4140 suam
2534 4088 2591 4139 in
2652 4084 2938 4139 Dominum
3005 4086 3281 4155 pietatem,
3333 4084 3574 4139 declarat

2025 4176 2168 4233 Deus
2204 4196 2217 4232 :
2249 4177 2368 4232 illos
2389 4191 2498 4231 non
2531 4178 2635 4230 loci
2657 4187 2747 4231 aut
2784 4177 2972 4247 templi
3025 4178 3197 4246 gratia
3248 4176 3573 4246 captivitatis

2026 4268 2298 4324 immunes
2338 4268 2576 4333 futuros,
2608 4269 2701 4339 qui
2734 4267 2848 4323 haec
2892 4269 3159 4338 prazcipue
3203 4269 3406 4323 colunt.
3436 4266 3572 4321 Nam

370 4364 655 4418 οἰκούντων
686 4364 811 4435 περὶ
840 4364 908 4417 τά
940 4364 1144 4435 νόμιμα
1191 4363 1434 4435 φυλακὴν
1457 4403 1473 4428 ,
1521 4363 1613 4428 οὒς
1662 4366 1756 4418 καὶ
1798 4366 1920 4419 ναὸν

2026 4361 2140 4415 haec
2180 4360 2508 4424 retinebunt,
2562 4361 2637 4414 ait
2676 4359 2839 4425 Deus,
2889 4370 3106 4430 propter
3152 4359 3571 4414 inhabitantium

374 4455 614 4531 βούλεται
645 4455 811 4527 ἔχειν,
853 4457 946 4510 καὶ
986 4455 1166 4522 ἀξίους
1188 4451 1326 4509 εἶναι
1354 4455 1445 4508 τοῦ
1486 4457 1710 4510 ἐνοικεῖν
1742 4459 1799 4509 ὲν
1828 4459 1923 4511 αύ-

371 4551 500 4613 τοῖς.

442 4640 622 4707 Πάντα
668 4640 776 4711 γὰρ
834 4640 1165 4711 πανταχόθεν
1215 4639 1312 4713 βοᾷ
1354 4642 1450 4712 τὴν
1499 4641 1709 4696 δικαίαν
1747 4644 1925 4715 κρίσιν

372 4733 465 4789 τοῦ
498 4731 652 4798 Θεοῦ,
684 4731 952 4802 πολεμίων
982 4732 1080 4801 μὲν
1114 4732 1650 4803 καταστρεφομένων,
1686 4734 1923 4797 Ἐζεκίου

373 4826 427 4879 δὲ
455 4827 520 4890 ἐκ
538 4823 632 4879 τοῦ
657 4823 787 4878 ναοῦ
809 4824 1121 4886 ἐπανιόντος
1144 4823 1236 4876 καὶ
1258 4823 1613 4896 κηρύττοντος
1633 4825 1728 4896 τὴν
1758 4843 1926 4896 μεγα-

375 4917 624 4988 λειότητα
647 4914 741 4969 τοῦ
767 4913 922 4968 Θεοῦ.

338 5003 343 5011 ’
443 5007 717 5074 Τωτέστι,
757 5006 871 5077 Πρὸ
909 5004 1003 5059 τοῦ
1039 5005 1279 5058 κινδύνου
1320 5006 1430 5077 (14)
1476 5005 1660 5060 ἔτεκεν
1688 5006 1870 5079 ἄρσεν,
1896 5009 1925 5062 ὅ

376 5101 490 5158 ἐστι
517 5099 706 5170 κύημα
730 5099 891 5153 καλὸν
915 5100 1008 5152 καὶ
1031 5096 1352 5169 τριπόθητον
1368 5101 1528 5166 ’,ταῖς
1568 5098 1677 5170 γὰρ
1711 5100 1922 5153 τικτού-

379 5206 498 5253 σαις
545 5189 895 5261 ἀρῤενοτοκία
940 5188 1135 5260 μᾶλλον
1187 5188 1410 5258 θατέρου
1463 5187 1850 5258 προτέτακται·
1888 5189 1921 5259 ἢ

375 5283 515 5363 τάχα
556 5298 660 5334 που
695 5282 787 5335 καὶ
819 5281 984 5353 ἄρσεν
1023 5281 1085 5333 τὸ
1125 5278 1345 5350 τεχθέν*
1384 5279 1444 5331 οὐ
1490 5277 1597 5350 γὰρ
1641 5278 1921 5351 θηλύνεται

377 5374 510 5449 πρὸς
545 5374 920 5446 μακαρισμοὺς
943 5374 972 5425 ὁ
1004 5371 1062 5424 ὲν
1100 5370 1318 5442 Χριστῷ
1346 5370 1472 5434 λαός
1491 5386 1503 5400 ·
1533 5370 1783 5442 φρόνημα
1811 5372 1916 5443 γάρ

378 5470 522 5523 ἐστιν
552 5469 611 5522 ὲν
636 5464 782 5537 αύτῷ
814 5466 1078 5519 νεανικόν.
1100 5462 1511 5517 -Ἐκδιδάσκει
1541 5462 1825 5535 προλαϐεῖν
1855 5467 1920 5536 τῇ

380 5559 636 5633 μετανοίᾳ
660 5558 751 5610 τὸν
781 5556 970 5627 καιρὸν
998 5555 1108 5611 τῶν
1146 5555 1369 5621 ὠδίνων,
1401 5557 1492 5609 καὶ
1520 5555 1704 5627 ῶσπερ
1739 5557 1923 5611 παιδία

444 5673 556 5747 (Η)
594 5671 751 5728 Forte
787 5668 1060 5743 κνητικοῦ.

1949 4408 2000 4469 D

2024 4453 2170 4507 circa
2201 4451 2391 4521 legalia
2420 4451 2714 4520 pietatem;
2755 4466 2893 4521 quos
2918 4450 3061 4505 enim
3095 4451 3352 4521 templum
3393 4449 3571 4520 possi-

2021 4542 2149 4598 dere
2178 4543 2320 4603 volo,
2355 4542 2463 4595 sint
2497 4541 2645 4610 digni
2672 4542 2765 4612 qui
2800 4541 2933 4595 illud
2964 4541 3288 4596 inbabitent.

2093 4631 2254 4687 Vens.
2295 4631 2347 4686 6.
2389 4631 2746 4686 Conclamant
2784 4640 2980 4687 cuncta
3020 4632 3283 4702 judicium
3322 4630 3416 4686 Dei
3449 4646 3573 4686 esse

2016 4724 2247 4795 justum,
2302 4722 2442 4778 fusis
2486 4723 2759 4788 hostibus,
2800 4722 3027 4779 Ezecbia
3077 4723 3144 4778 de
3187 4723 3386 4793 templo
3420 4737 3571 4791 egre-

2020 4814 2201 4871 dicnte
2231 4825 2286 4870 et
2309 4814 2740 4884 magnidcentias
2772 4814 2866 4870 Dei
2898 4814 3240 4885 praedicante.

2090 4988 2249 5043 Vens.
2292 4989 2342 5044 7.
2387 4987 2501 5044 Hoc
2526 4996 2650 5044 est:
2683 4988 2847 5044 Partu
2889 4990 3127 5045 nondum
3158 5002 3374 5044 maturo
3408 5003 3570 5059 pepe-

2020 5082 2093 5137 rit
2153 5082 2477 5145 masculum,
2534 5090 2881 5153 prazstantem
2927 5081 3135 5136 scilicet
3173 5079 3340 5135 fetum
3383 5088 3437 5135 et
3485 5088 3569 5134 ter

2020 5179 2299 5242 Optatum;
2356 5172 2623 5227 matribus
2676 5171 2821 5227 enim
2876 5171 3239 5226 masculorum
3294 5170 3567 5240 generatio

2021 5264 2245 5336 gratior.
2282 5263 2347 5318 Et
2381 5262 2623 5332 profecto
2666 5262 2968 5317 masculum
3008 5263 3246 5332 genitum
3278 5261 3415 5326 fuit;
3458 5259 3566 5314 dici

2021 5357 2166 5413 enim
2197 5354 2540 5411 effeminatus
2572 5370 2678 5409 non
2711 5363 2886 5425 potest
2916 5355 3146 5424 populus
3187 5354 3406 5409 Christo
3437 5352 3569 5408 [ide-

2020 5450 2129 5515 lis;
2165 5462 2289 5502 nam
2319 5463 2516 5503 sensus
2555 5447 2630 5501 illi
2664 5446 2859 5501 virilis.
2899 5476 2968 5485 —
3000 5444 3165 5502 Docet
3210 5453 3269 5501 ut
3302 5448 3568 5516 poeniten-

2024 5541 2096 5595 tia
2128 5540 2270 5596 diem
2306 5547 2492 5611 partus
2533 5551 2991 5609 praeoccupemus,
3042 5551 3096 5596 et
3136 5541 3283 5597 velut
3316 5539 3569 5612 parvulos
