3984 6212
483 303 623 361 1373

1658 289 2003 347 THEODORI
2039 290 2552 348 HERACLEENSIS

3580 290 3715 346 1376

483 423 711 478 salutem
764 424 1010 471 nostram
1067 414 1365 486 pariamus.
1420 410 1518 469 Est
1555 413 1773 483 quidem
1814 412 2034 466 omnino

2135 410 2439 481 ἀποκυῆσαι
2479 410 2578 481 τὴν
2608 409 2813 463 ἑαυτῶν
2847 410 3141 481 σωτηρίαν*
3173 411 3313 483 ὅπερ
3356 410 3526 463 ἐστὶν
3573 409 3714 479 ὑπὲρ

482 525 646 580 super
676 508 957 562 hominum
995 520 1200 572 mores,
1232 503 1379 575 quod
1412 503 1687 575 paulisper
1714 502 2035 557 brevissima

481 601 797 665 tolerantes,
830 598 986 668 quasi
1022 597 1281 650 diuturna
1326 593 1763 665 pertulissemus,
1806 593 2036 648 salutem

478 704 897 760 consequamur.
929 688 1060 755 Quae
1093 704 1222 744 vero
1259 684 1587 758 perﬁcienda
1619 701 1741 741 esse
1776 683 1843 739 de
1880 681 2039 739 Jeru-

479 782 647 837 salem
677 780 985 845 nuntiabat,
1034 780 1101 834 ad
1140 795 1305 851 quam
1352 779 1514 850 paulo
1542 788 1666 849 post
1705 776 2037 831 habitatores

479 873 721 927 redirent
750 887 813 927 ac
847 882 959 926 tota
988 886 1141 942 gens.

553 962 714 1019 Vens.
750 964 803 1018 8.
837 963 968 1017 Nam
1015 963 1062 1017 si
1118 962 1187 1017 ad
1242 960 1409 1016 Deum
1442 958 1853 1021 convertemini,
1904 971 2038 1012 con-

478 1054 661 1110 festim
687 1070 785 1110 vos
805 1053 1072 1125 excipiet;
1120 1069 1221 1109 nec
1249 1069 1362 1109 rem
1396 1054 1517 1121 ipso
1547 1052 1613 1106 ad
1652 1051 1870 1120 longum
1899 1055 2038 1103 tem-

480 1148 627 1218 poris
691 1148 924 1218 spatium
981 1144 1264 1201 differente
1292 1184 1309 1209 ,
1364 1146 1482 1200 sine
1513 1143 1619 1197 ulla
1652 1156 1806 1195 mora
1850 1138 2034 1194 statim

478 1254 668 1293 omnes
703 1238 758 1292 in
795 1236 1093 1293 Jerusalem
1154 1235 1649 1306 congregabuntur.
1710 1229 1830 1286 Non
1874 1238 2037 1285 erunt

478 1333 569 1404 qui
605 1332 760 1387 lidem
809 1339 903 1385 aut
936 1347 1154 1402 operam
1200 1329 1564 1399 denegantes,
1620 1324 1878 1395 praedicta
1922 1323 2037 1378 dis-

478 1423 719 1477 turbant.
796 1422 1224 1493 Complebuntur
1278 1435 1411 1475 sane
1492 1432 1613 1489 quae
1662 1415 1726 1470 de
1784 1414 2035 1485 gentibus

478 1514 620 1569 dicta
675 1522 829 1577 sunt;
886 1513 1084 1584 quippe
1141 1526 1299 1583 quae,
1354 1509 1471 1566 suis
1517 1506 1814 1570 derelictis,
1862 1503 2030 1558 Deum

479 1622 634 1661 suum
664 1614 718 1661 et
741 1604 1067 1659 Salvatorcm
1095 1612 1470 1674 agnoscentes,
1493 1598 1561 1653 de
1582 1598 1856 1668 prioribus
1883 1609 2037 1650 erro-

478 1698 627 1752 ribus
657 1696 1027 1768 paenitentiam
1088 1702 1333 1766 agentes,
1387 1692 1453 1747 ad
1503 1692 1782 1746 caelestem
1810 1689 2034 1745 Jerusa-

478 1793 582 1846 lem
612 1790 891 1845 accedent.
933 1788 1098 1845 lsrael
1132 1803 1260 1844 vero
1300 1802 1471 1857 usque
1501 1786 1774 1856 ingratum
1802 1799 1861 1838 se
1894 1796 2034 1852 pra:-

476 1881 662 1937 bebit:
702 1880 814 1936 Deo
859 1881 945 1936 vel
992 1880 1441 1951 praestantissima
1470 1877 1839 1947 promittente,
1878 1874 2036 1929 indo-

477 1974 610 2028 ciles
640 1972 1015 2038 remanebunt,
1053 1988 1119 2026 ne
1156 1970 1285 2025 illud
1329 1970 1545 2041 quidem
1598 1967 1863 2024 recordati
1890 1966 2037 2037 quod

485 2080 585 2118 ma
615 2066 901 2119 mulierum
946 2064 1197 2128 fecunda,
1240 2064 1413 2117 altera
1459 2077 1587 2116 vero
1639 2060 1841 2117 sterilis
1897 2073 2037 2130 pra:-

476 2156 794 2223 nuntiatur;
830 2155 1055 2211 Domino
1092 2165 1412 2209 naturarum
1456 2162 1745 2223 utramque
1782 2160 2036 2205 naturam

477 2249 544 2302 ad
566 2256 760 2302 nulum
791 2263 948 2301 suum
998 2254 1399 2318 componente;
1435 2245 1594 2298 aliam
1635 2243 1852 2314 quidem
1891 2244 2038 2297 velut

478 2353 666 2407 agrum
700 2336 1053 2409 frugiferum;
1086 2338 1246 2392 aliam
1272 2352 1401 2392 vero
1431 2336 1576 2391 velut
1603 2343 1801 2391 terram
1830 2334 2037 2389 aridam

476 2438 529 2483 et
561 2427 927 2485 infecundam.

547 2606 710 2663 Vens.
761 2609 848 2665 l2.
897 2610 1163 2666 Omnibus
1208 2608 1276 2663 ad
1332 2624 1452 2665 eam
1498 2609 1858 2679 undequaque
1906 2621 2039 2661 con-

479 2695 796 2753 ﬂuentibus.
838 2698 972 2751 Nam
1020 2700 1247 2769 gloriam
1282 2703 1525 2769 gentium
1565 2701 1824 2769 largietur
1852 2698 1933 2753 eis
1969 2696 2037 2750 ad

473 2786 773 2843 Jerusalem
810 2788 1202 2854 festinantium,
1238 2790 1394 2861 quasi
1440 2790 1581 2846 ﬁlios
1637 2804 1767 2845 suos
1800 2801 1855 2843 et
1898 2790 2038 2841 tilias

475 2892 605 2932 suas
651 2878 707 2931 in
752 2878 992 2933 humeris
1032 2878 1386 2948 portantium,
1434 2885 1487 2933 et
1528 2878 1818 2933 ferentium
1872 2891 2038 2946 super

472 2984 680 3040 genua,
736 2978 794 3023 ut
839 2986 961 3024 eum
1005 2972 1073 3026 iis
1121 2970 1544 3025 communicent.
1625 2969 1835 3023 Cuncta
1887 2969 2034 3023 enim

2136 502 2312 553 πᾶσαν
2350 499 2693 572 ἀνθρωπίνην
2723 499 3023 571 συνήθειαν,
3060 502 3116 554 ἐν
3155 500 3434 572 ἀκαριαίῳ
3483 499 3711 572 διαστή-

2137 608 2266 662 ματι
2298 590 2484 664 ῶσπερ
2513 592 2605 643 ἐπὶ
2644 590 2809 645 πολὺν
2836 592 3026 663 χρόνον
3062 591 3381 663 κάμνοντες,
3425 589 3711 661 σωτηρίαν

2135 682 2546 754 καρπώσασθαι.
2582 681 3013 755 Τελεσθήσεσθαι
3057 682 3114 737 δέ
3148 680 3286 735 αὑτά
3327 680 3711 751 ἐπηγγέλλετο

2133 773 2226 825 ἐπὶ
2257 773 2358 844 τῆς
2381 769 2753 845 Ἰερουσαλὴμ,
2783 776 2841 827 ἐν
2864 773 3029 845 ὀλίγῳ
3053 772 3551 844 ἀπολαμϐανούσης
3575 773 3708 835 τοὺς

2133 866 2423 936 οἰκήτορας
2454 865 2548 918 καλ⁸
2586 864 2734 919 ἅπαν
2763 865 2824 918 τὸ
2855 864 3025 929 ἐθνος.

2207 956 2282 1008 Οὐ
2332 955 2488 1026 μόνον
2530 955 2657 1027 γὰρ,
2701 957 2796 1010 ἐὰν
2838 956 3203 1027 ἐπιστραφῆτε
3256 956 3350 1008 ἐπὶ⁵
3389 957 3498 1009 τὸν
3538 955 3706 1023 Θεὸν,

2136 1046 2361 1117 ταχίστη
2405 1046 2553 1100 ἐσται
2600 1046 2752 1118 ὑμῶν
2806 1046 3188 1118 ήάντίληψις,
3230 1047 3329 1100 οὐκ
3358 1049 3437 1110 είς
3499 1047 3706 1116 χρόνων

2135 1137 2381 1208 περίοδον
2426 1137 2848 1209 ὑπερτιθεμένου
2881 1139 2974 1192 τοῦ
3029 1138 3198 1204 Θεοῦ,
3247 1138 3362 1191 ἀλλ’
3413 1139 3556 1191 εὐθὺ
3613 1139 3704 1191 καὶ

2136 1230 2472 1302 παραχρῆμα
2528 1230 2741 1284 πάντων
2792 1230 3159 1302 ἁπανταχόθεν
3215 1229 3703 1301 ἐπισυναγομένων

2134 1320 2226 1373 ἐπὶ
2264 1322 2360 1392 τὴν
2388 1322 2769 1394 Ἰερουσαλήμ’
2811 1323 2871 1375 οὺ
2916 1322 3444 1395 στενοχωρηθήσεται
3492 1323 3562 1375 τα
3595 1321 3697 1391 τῆς

2134 1413 2463 1482 ἐπαγγελίας
2520 1414 2594 1487 μὴ
2643 1414 2996 1485 βουλομένων,
3052 1416 3188 1487 μηδὲ
3235 1415 3692 1468 ὑπακουσάντων

2134 1503 2545 1577 πληρωθήσεται
2572 1506 2628 1560 δέ
2659 1507 2737 1569 εἰς
2764 1506 2831 1560 τὰ
2859 1506 3007 1578 ἔθνη,
3029 1502 3233 1560 τούτων
3267 1508 3365 1578 μὲν
3393 1506 3693 1560 ἀποϐαλλοο

2136 1597 2313 1667 μένων
2339 1598 2438 1669 τῆς
2468 1598 2812 1670 οἰκειότητος,
2842 1598 3266 1670 εἰσποιουμένων
3308 1598 3367 1650 δὲ
3393 1596 3501 1650 τῶν
3520 1595 3690 1649 ἐθνῶν

2135 1692 2214 1756 είς
2245 1690 2343 1762 τὴν
2389 1691 2704 1763 ἐπουράνιον
2740 1692 3122 1765 Ἰερουσαλὴμ,
3166 1690 3549 1759 ἐπεγνωκότων
3592 1689 3687 1743 τὸν

2134 1782 2342 1837 ἑαυτῶν
2373 1783 2503 1836 Θεόν
2533 1800 2591 1836 τε
2619 1784 2713 1837 καὶ
2734 1785 2980 1857 Σωτῆρα,
3014 1785 3105 1837 καὶ
3136 1785 3570 1855 μετανοησάντων
3593 1784 3684 1835 ἐπὶ

2132 1878 2199 1946 τῇ
2232 1875 2471 1949 προτέρα
2520 1875 2716 1949 πλάνῃ.
2758 1877 2813 1930 '0
2851 1877 2908 1930 δέ
2951 1876 3161 1950 Ἰσραὴλ
3211 1875 3476 1948 ἀγνώμων
3516 1877 3684 1930 ἀπαν-

2132 1967 2296 2037 ταχοῦ
2312 1984 2326 1997 ⁶
2354 1969 2448 2021 καὶ
2475 1968 2583 2041 γὰρ
2606 1969 2825 2033 ἐλπίδας
2853 1970 3033 2033 αὐτοῖς
3054 1969 3263 2038 ἀγαθὰς
3285 1968 3681 2039 ὑπογράψαντος

2133 2056 2226 2109 τοῦ
2252 2056 2405 2123 Θεοῦ,
2421 2056 2609 2128 ἔμενον
2647 2058 2991 2130 ἀντίστροφοι
3010 2075 3024 2089 ο
3058 2060 3196 2129 μήτε
3232 2058 3381 2111 τοῦτο
3400 2058 3532 2112 κατά
3555 2058 3673 2111 νοῦν

2134 2147 2402 2212 λαϐόντες,
2434 2149 2516 2201 ὅτι
2545 2151 2578 2220 ἡ
2614 2150 2711 2220 μέν
2730 2166 2812 2213 τις
2833 2150 2969 2221 γυνὴ
2998 2148 3268 2213 πολύπαις
3294 2150 3663 2212 ἀναδείκνυται,

2134 2245 2167 2314 ὴ
2195 2242 2251 2295 δέ
2277 2259 2357 2305 τις
2404 2241 2606 2313 ἕρημος
2636 2243 2837 2297 παίδων
2858 2260 2871 2273 ·
2898 2242 2994 2296 τοῦ
3037 2243 3303 2295 Δεσπότου
3328 2242 3430 2295 τῶν
3468 2241 3675 2309 φύσεων

2136 2316 2271 2406 πρὸς
2297 2334 2356 2386 τὸ
2398 2333 2587 2387 ἐαυτοῦ
2632 2334 2804 2406 νεῦμα
2852 2335 3076 2404 ἄγοντος
3119 2336 3353 2406 ἐκάστην
3382 2336 3561 2404 φύσιν·
3585 2334 3676 2386 καὶ

2133 2415 2231 2494 τῆν
2264 2423 2363 2494 μέν
2387 2441 2507 2477 τινα
2530 2423 2715 2497 ὥσπερ
2736 2427 2837 2497 γῆν
2859 2424 3130 2498 εῦκαρπον
3159 2426 3559 2495 ἀποφαίνοντος,
3582 2427 3675 2496 τὴν

2134 2514 2190 2568 δὲ
2221 2515 2411 2583 ἄγονον
2444 2517 2537 2569 καλ⁵
2565 2516 2800 2589 στείραν.

2204 2605 2325 2658 Τῶν
2373 2608 2453 2670 είς
2493 2607 2660 2678 αὐτὴν
2701 2608 3033 2679 πανταχόθεν
3062 2609 3394 2681 συρρεόντων
3413 2626 3427 2639 ο
3459 2608 3554 2680 τὴν
3577 2609 3673 2679 γὰρ

2133 2700 2288 2767 δόξαν
2329 2701 2436 2754 τῶν
2480 2701 2644 2755 ἐθνῶν
2678 2705 2943 2773 χαριεῖται
2985 2702 3164 2766 αὐτοῖς
3198 2704 3276 2766 είς
3327 2702 3496 2772 αὐτὴν
3524 2718 3668 2753 σπευ-

2132 2792 2356 2858 δόντων,
2406 2792 2481 2856 ώς
2518 2793 2641 2856 τοὺς
2681 2794 2829 2856 υἱοὺς
2880 2792 3047 2865 αὐτῆς
3095 2794 3187 2847 καὶ
3240 2793 3339 2856 τὰς
3384 2793 3665 2864 θυγατέρας

2134 2881 2220 2933 ἐπ’
2243 2882 2409 2952 ὤμων
2436 2883 2619 2954 φέρειν
2647 2884 2725 2947 είς
2760 2883 2857 2955 τὴν
2886 2883 3254 2955 Ἰερουσαλὴμ,
3405 2884 3499 2936 ἐπὶ
3530 2883 3673 2951 γονα-

2131 2988 2240 3025 των
2276 2974 2461 3045 φέρειν
2490 2976 2706 3039 αὐτοὺς,
2751 2976 3177 3047 μεταδιώκοντας
3206 2977 3301 3047 τὴν
3334 2974 3472 3046 πρὸς
3496 2975 3677 3037 αὐτοὺς
3712 2959 3725 2972 ’

475 3061 732 3133 praebebit
757 3063 838 3119 eis
863 3060 1006 3118 Deus
1042 3061 1281 3141 adiutor,
1323 3060 1517 3117 matris
1554 3062 1622 3117 ad
1650 3075 1901 3117 normam
1935 3059 2035 3116 bo-

2135 3063 2413 3118 κοινωνίαν
2434 3082 2447 3096 ο
2483 3067 2516 3137 η
2552 3066 2661 3138 γὰρ
2694 3068 2774 3131 είς
2799 3069 2994 3131 αὐτοὺς
3025 3069 3165 3139 ῥοπὴ
3194 3067 3282 3120 τοῦ
3307 3067 3438 3121 Θεοῦ
3462 3067 3675 3139 παρέξει

474 3170 557 3211 ηπ
586 3155 653 3212 de
683 3156 824 3212 natis
849 3155 963 3212 suis
989 3169 1174 3210 curam
1198 3153 1455 3225 gerentis.

550 3338 711 3393 Vens.
761 3336 848 3392 l3.
893 3334 1023 3401 ρυω
1050 3334 1290 3404 reperies
1340 3333 1586 3389 historiis
1636 3331 2030 3402 comprobata;

474 3426 778 3501 presertim
814 3440 946 3479 vero
979 3426 1298 3480 narratione
1323 3439 1505 3480 rerum
1556 3438 1703 3479 nunc
1744 3423 1889 3494 apud
1931 3438 2033 3479 nos

474 3528 597 3591 post
628 3518 917 3574 adventum
956 3515 1250 3571 Salvatoris
1293 3517 1465 3571 nostri
1486 3522 1780 3587 gestarum.
1828 3515 2034 3573 Idcirco

474 3613 541 3667 ad
579 3626 760 3667 veram
803 3608 1104 3666 Jerusalem
1149 3608 1450 3674 tendimus,
1501 3615 1555 3663 et
1599 3622 1756 3664 veros
1799 3606 2030 3665 Judaeos

471 3714 753 3776 portamus
783 3719 947 3775 super
979 3703 1238 3758 humeros
1269 3717 1334 3757 ac
1368 3717 1544 3772 genua
1591 3701 1859 3767 ferentes;
1904 3716 2029 3754 cum

473 3798 618 3853 enim
664 3798 717 3853 in
768 3798 1019 3852 manibus
1073 3795 1263 3851 beatos
1314 3794 1608 3865 prophetas
1654 3793 1938 3857 habemus,
1977 3800 2033 3847 et

473 3890 694 3944 illorum
743 3888 898 3943 libris
940 3887 1307 3951 occurrimus,
1352 3886 1455 3956 ipsi
1508 3901 1727 3956 quoque
1774 3886 1829 3939 in
1864 3883 2031 3940 Deum

473 3981 747 4037 Abraham
800 3988 853 4036 et
898 3988 1217 4035 cancrorum
1273 3987 1488 4048 patrum
1543 3992 1828 4048 speramus
1866 3993 1881 4044 ;
1922 3991 2034 4047 prae

472 4073 665 4143 primis
687 4087 815 4127 vero
846 4072 1016 4127 libros
1049 4070 1311 4125 habentes
1348 4084 1379 4122 a
1409 4068 1583 4124 beatis
1611 4068 1874 4139 apostolis
1909 4073 2032 4137 post

474 4167 807 4221 Salvatorem
850 4172 1095 4220 nostrum
1139 4162 1479 4233 conscriptos
1522 4171 1576 4216 et
1605 4176 1701 4217 eos
1748 4162 1804 4216 in
1842 4159 2035 4215 hume-

474 4258 551 4313 ris
603 4265 913 4328 portantes,
949 4270 1014 4310 ac
1057 4253 1124 4310 de
1159 4254 1267 4310 illis
1304 4254 1547 4325 symbola
1590 4253 1781 4309 salutis
1830 4260 2031 4308 nostra:

474 4349 809 4416 haurientes,
833 4362 942 4418 quo
980 4355 1139 4417 pacto
1168 4362 1276 4401 non
1326 4362 1449 4401 vere
1500 4361 1656 4401 veros
1692 4345 1831 4401 ﬁlios
1890 4360 2031 4400 vera:

470 4440 770 4497 Jerusalem
823 4455 986 4510 super
1016 4440 1271 4497 humeros
1301 4441 1561 4511 gerimus,
1611 4440 1924 4510 quicunque
1963 4440 2030 4496 de
2062 4479 2107 4536 υ

472 4532 722 4601 gentibus
757 4531 1116 4601 undequaque
1137 4546 1261 4585 cum
1296 4532 1387 4585 illa
1414 4531 1668 4602 conjungi
1701 4531 1940 4586 student.

2136 3152 2320 3217 αὐτοῖς
2348 3153 2581 3219 ἅπαντα,
2623 3155 2778 3226 δίκην
2815 3157 3019 3227 μητρὸς
3050 3157 3281 3227 χρηστῆς
3309 3158 3433 3227 περὶ
3464 3157 3525 3209 τὸ
3549 3157 3669 3209 ίδιον

2133 3243 2321 3297 τέκνον
2349 3245 2760 3318 ἐνδεικνυμένης
2786 3248 2884 3319 τὴν
2913 3249 3112 3319 ἑαυτῆς
3141 3248 3443 3318 κηδεμονίαν

2202 3338 2313 3391 Kal
2341 3336 2511 3392 ταῦτα
2561 3340 2808 3412 εὑρήσεις
2837 3339 3009 3404 οὕτως
3051 3340 3243 3410 ἔχοντα
3278 3340 3369 3392 ἐπὶ
3408 3339 3502 3410 τῆς
3540 3341 3683 3391 ίστο-

2136 3430 2257 3502 ρίας
2277 3445 2291 3459 '
2326 3432 2386 3484 οὐ
2416 3432 2521 3503 μὴν
2557 3431 2691 3485 ἀλλά
2730 3433 2822 3485 καὶ
2846 3432 2949 3496 ἕως
2981 3433 3077 3504 τῆς
3102 3431 3258 3503 δεῦρο
3289 3432 3455 3495 οῦτως
3501 3430 3685 3501 ἔχοντα

2133 3520 2367 3574 τελεῖται
2387 3521 2515 3593 παρ’
2540 3523 2695 3593 ἡμῶν
2719 3523 2855 3594 μετά
2874 3524 2971 3596 τὴν
3003 3524 3305 3596 παρουσίαν
3323 3522 3415 3576 τοῦ
3443 3523 3685 3593 Σωτῆρος

2132 3611 2290 3684 ήμῶν
2314 3631 2328 3644 ο
2370 3614 2450 3667 διὸ
2493 3616 2588 3668 καὶ
2630 3615 2729 3686 τὴν
2775 3616 2989 3687 ἀληθῶς
3023 3616 3375 3688 Ἰερουσαλὴμ
3428 3614 3689 3686 μεταδιώ-

2135 3722 2321 3776 κομεν,
2354 3708 2447 3760 καὶ
2478 3708 2601 3770 τοὺς
2645 3706 2857 3779 ἀληθῶς
2893 3707 3175 3771 Ἰουδαίους
3218 3706 3558 3779 βαστάζομεν
3597 3707 3690 3775 φέ-

2135 3813 2317 3869 ροντες
2345 3796 2431 3849 ἐπ’
2460 3796 2625 3868 ώμων
2655 3799 2747 3851 καὶ
2768 3800 3026 3868 γονάτων.
3044 3800 3158 3853 Ὄτ’
3180 3798 3244 3853 ἂν
3262 3799 3318 3851 δὲ
3347 3798 3484 3869 μετά
3505 3800 3690 3868 χεῖρας

2134 3888 2344 3959 ἔχωμεν
2371 3889 2496 3952 τοὺς
2521 3889 2819 3961 μακαρίους
2845 3892 3144 3961 προφήτας,
3161 3891 3255 3943 καὶ
3281 3890 3689 3959 ἐντυγχάνωμεν

2132 3985 2250 4046 ταῖς
2284 3982 2505 4036 ἐκείνων
2534 3982 2756 4053 βίϐλοις,
2789 3984 2881 4036 καὶ
2912 3985 3003 4037 ἐπὶ
3023 3984 3113 4037 τὸν
3144 3984 3275 4037 Θεὸν
3314 3983 3405 4036 τοῦ
3442 3982 3693 4053 ’Δϐραάμ

2133 4074 2227 4127 καὶ
2267 4074 2373 4128 τῶν
2425 4075 2656 4146 καθεξῆς
2686 4075 2935 4147 πατέρων
2971 4076 3291 4146 ἐλπίζομεν⁸
3344 4076 3425 4129 ἔτι
3458 4075 3562 4146 μὴν
3593 4093 3679 4129 xz

2130 4164 2256 4228 τοὺς
2283 4166 2581 4240 μακαρίους
2615 4167 2941 4232 ἀποστόλους
2975 4168 3111 4238 μετά
3142 4169 3233 4222 τὸν
3274 4168 3498 4239 Σωτῆρα
3530 4166 3691 4237 ἡμῶν

2132 4259 2555 4329 ἐπιφερομένους
2594 4258 2692 4323 τὰς
2737 4259 2914 4314 αὐτῶν
2948 4260 3159 4331 βίϐλους
3204 4259 3435 4330 ἔχοντες,
3474 4261 3568 4311 καὶ
3600 4262 3693 4312 ἐπ’

2132 4348 2296 4419 ὤμων
2323 4350 2491 4414 αὑτὰς
2527 4350 2900 4422 βαστάζοντες,
2926 4353 3019 4406 καὶ
3044 4354 3101 4405 ἐν
3132 4354 3321 4416 αὑταῖς
3348 4353 3418 4405 τὰ
3444 4351 3693 4424 σύμϐολα

2130 4441 2231 4511 τῆς
2264 4443 2531 4515 σωτηρίας
2560 4445 2592 4514 ἡ
2601 4443 2715 4515 μῶν
2750 4443 3029 4516 μαθόντες,
3048 4444 3162 4509 πῶς
3191 4445 3311 4515 οὐχὶ
3329 4444 3539 4517 ἀληθῶς
3560 4446 3693 4508 τοὺς

2132 4532 2415 4603 ἀληθινοὺς
2449 4530 2595 4597 υἱοὺς
2626 4535 2723 4605 τῆς
2756 4534 2969 4607 ἀληθῶς
3006 4535 3376 4607 Ἰερουσαλὴμ,
3404 4535 3491 4587 ἐπ’
3519 4534 3693 4604 ὤμων

473 4621 851 4694 βαστάζοντες,
877 4625 926 4676 oi
965 4624 1072 4678 ἀπὸ
1117 4623 1225 4677 τῶν
1257 4623 1423 4677 ἐθνῶν
1452 4625 1650 4686 πάντες
1692 4622 2027 4694 πανταχόθεν
2055 4622 2371 4678 σπεύδουσιν
2398 4624 2481 4675 ἐπ’
2513 4623 2681 4695 αὐτὴν
2713 4624 3069 4697 συναχθῆναις

548 4714 707 4772 Vens.
756 4716 842 4771 M.
888 4714 1025 4772 Ossa
1064 4716 1471 4787 germinabunt,
1512 4717 1798 4787 pristinam
1858 4719 2030 4771 virtu-

470 4814 578 4862 tem
625 4808 933 4878 recipientia
982 4807 1137 4878 juxta
1183 4807 1528 4863 Dominicam
1598 4808 2025 4879 pradictionem;

470 4899 612 4969 quod
643 4901 807 4955 etiam
838 4900 904 4955 de
925 4900 1083 4955 beato
1114 4900 1361 4955 Ezechiel
1409 4900 1637 4955 historia
1670 4901 1856 4964 refert,
1887 4902 2026 4956 ossi-

469 4992 574 5047 bus
624 4993 796 5049 aridis
836 4992 1085 5049 excitatis
1129 5000 1183 5049 et
1237 4993 1381 5049 inter
1429 5007 1489 5049 se
1539 5002 1665 5064 apte
1709 4993 2029 5050 cohaerenti-

469 5084 571 5141 bus
603 5085 670 5139 ".

541 5179 702 5235 Vsus.
739 5178 827 5234 l5.
863 5177 989 5235 Haec
1022 5177 1226 5250 profert
1271 5186 1330 5233 ιιι
1352 5177 1574 5243 indicet,
1626 5176 1789 5249 quam
1838 5181 2027 5251 rapide

458 5270 729 5341 iudicium
765 5271 1034 5327 facturum
1080 5271 1153 5327 sit
1193 5286 1316 5327 cum
1346 5270 1489 5326 Deus
1536 5286 1637 5327 nec
1665 5279 1908 5342 tempore
1943 5272 2027 5326 in-

469 5360 673 5432 digeat,
704 5377 806 5418 nec
838 5378 1027 5418 mora:
1053 5378 1161 5417 non
1204 5362 1346 5418 enim
1390 5371 1646 5418 externos
1675 5371 2025 5419 accusatores

470 5462 768 5523 exspectat,
801 5453 895 5524 qui
925 5456 1041 5525 ipse
1065 5464 1261 5511 cuncta
1292 5455 1445 5510 novit
1491 5463 1781 5525 antequam
1811 5456 2023 5523 ﬁerent,

471 5543 545 5600 uti
594 5544 796 5599 dictum
848 5554 931 5599 est
980 5563 994 5599 :
1062 5564 1080 5596 ι
1127 5544 1468 5615 lnoperatum
1539 5562 1714 5602 meum
1778 5547 2027 5604 viderunt

547 5714 803 5773 r’Ezech.
832 5733 1034 5785 xxxvu,
1069 5718 1133 5773 ιε
1170 5734 1288 5792 sqq.

2201 4716 2311 4787 Τὴν
2352 4716 2483 4769 ίδίαν
2515 4718 2663 4787 ἰσχὺν
2698 4717 3033 4772 ἀναλαϐόντα
3060 4718 3200 4771 κατά
3240 4716 3337 4788 τὴν
3366 4715 3688 4786 δεσποτικὴν

2133 4806 2483 4876 ἐπαγγελίαν,
2505 4806 2681 4871 καθὼς
2711 4808 2857 4878 καὶὴ
2887 4808 3092 4878 ἱστορία
3112 4806 3202 4861 τοῦ
3238 4807 3503 4878 μακαρίου
3528 4804 3689 4868 Ἰεζε-

2132 4900 2257 4972 κιὴλ
2282 4901 2540 4973 περιέχει,
2572 4900 2995 4972 ἀνεγειρομένων
3022 4899 3129 4952 τῶν
3151 4899 3328 4969 ξηρῶν
3354 4898 3575 4962 ὀστέων,
3593 4899 3691 4951 καὶ

2132 4992 2618 5063 ἀπολαμϐανόντων
2643 4993 2740 5064 τὴν
2766 4991 3039 5064 σύμπηξιν
3069 4991 3162 5044 καὶ
3192 4990 3472 5061 ἁρμονίαν.

2203 5171 2386 5225 Ταῦτα
2417 5171 2849 5244 παραλαμϐάνει,
2865 5172 3038 5244 δηλῶν
3065 5172 3126 5225 τὸ
3155 5172 3288 5242 ταχὺ
3313 5170 3409 5241 τῆς
3430 5169 3685 5239 κρίσεως,

2131 5262 2191 5316 οὐ
2241 5263 2454 5334 χρόνου,
2485 5264 2545 5317 οὐ
2587 5263 2865 5335 διατριϐῆς
2905 5264 3157 5335 δεομένου
3208 5262 3343 5334 πρὸς
3399 5260 3554 5314 τοῦτο
3589 5257 3691 5312 τοῦ

2131 5355 2264 5410 Θεοῦ
2285 5374 2299 5387 ·
2326 5355 2449 5410 οὒτε
2489 5357 2598 5429 γὰρ
2630 5357 2824 5426 ἔξωθεν
2862 5357 3197 5429 κατηγόρους
3244 5356 3541 5428 περιμένει,
3572 5356 3693 5408 ἐπι-

2134 5444 2396 5516 στάμενος
2415 5446 2541 5519 πρὶν
2566 5445 2597 5517 ἢ
2623 5446 2716 5500 καλ⁵
2748 5447 2845 5518 τὴν
2874 5447 3071 5520 πρᾶξιν
3099 5449 3180 5512 είς
3207 5447 3364 5519 ἔργον
3402 5446 3527 5518 παρ’
3550 5443 3695 5517 ἐμοῦ

2133 5540 2483 5610 προχωρῆσαι
2508 5537 2648 5592 κατά
2678 5538 2738 5592 τὸ
2776 5539 3061 5612 εἰρημένον
3086 5556 3099 5569 ·
3135 5557 3154 5592 ι
3181 5539 3254 5593 Τὸ
3282 5535 3695 5612 ἀκατέργαστόν
