  <div class='ocr_page' id='page_1' title='image "/cluster/home/n/w/nwhite01/storage/ocr_20150623/18/hvd.32044073501207/696.png"; bbox 0 0 4022 6208; ppageno 0'>
   <div class='ocr_carea' id='block_1_1' title="bbox 344 302 485 357">
    <p class='ocr_par' dir='ltr' id='par_1_1' title="bbox 344 302 485 357">
     <span class='ocr_line' id='line_1_1' title="bbox 344 302 485 357; baseline 0.007 -1"><span class='ocrx_word' id='word_1_1' title='bbox 344 302 485 357; x_wconf 73' lang='lat' dir='ltr'><strong>L377</strong></span> 
     </span>
    </p>
   </div>
   <div class='ocr_carea' id='block_1_2' title="bbox 1771 313 2124 374">
    <p class='ocr_par' dir='ltr' id='par_1_2' title="bbox 1771 313 2124 374">
     <span class='ocr_line' id='line_1_2' title="bbox 1771 313 2124 374; baseline 0.02 -7"><span class='ocrx_word' id='word_1_2' title='bbox 1771 313 1836 367; x_wconf 82' lang='lat' dir='ltr'><strong>IN</strong></span> <span class='ocrx_word' id='word_1_3' title='bbox 1867 315 2124 374; x_wconf 71' lang='lat' dir='ltr'><strong>ISAIAM.</strong></span> 
     </span>
    </p>
   </div>
   <div class='ocr_carea' id='block_1_3' title="bbox 3433 333 3567 388">
    <p class='ocr_par' dir='ltr' id='par_1_3' title="bbox 3433 333 3567 388">
     <span class='ocr_line' id='line_1_3' title="bbox 3433 333 3567 388; baseline 0.015 -2"><span class='ocrx_word' id='word_1_4' title='bbox 3433 333 3567 388; x_wconf 74' lang='grc'><strong>1578</strong></span> 
     </span>
    </p>
   </div>
   <div class='ocr_carea' id='block_1_4' title="bbox 340 415 1885 512">
    <p class='ocr_par' dir='ltr' id='par_1_4' title="bbox 340 415 1885 493">
     <span class='ocr_line' id='line_1_4' title="bbox 340 415 1885 493; baseline 0.006 -21"><span class='ocrx_word' id='word_1_5' title='bbox 340 436 440 490; x_wconf 83' lang='grc' dir='ltr'><strong>μου</strong></span> <span class='ocrx_word' id='word_1_6' title='bbox 474 415 610 474; x_wconf 79' lang='grc' dir='ltr'>εἶδον</span> <span class='ocrx_word' id='word_1_7' title='bbox 654 421 703 472; x_wconf 74' lang='lat' dir='ltr'><strong>oi</strong></span> <span class='ocrx_word' id='word_1_8' title='bbox 738 419 1002 492; x_wconf 77' lang='grc' dir='ltr'>ὀφθαλμοί</span> <span class='ocrx_word' id='word_1_9' title='bbox 1035 439 1149 477; x_wconf 91' lang='grc' dir='ltr'>σου.</span> <span class='ocrx_word' id='word_1_10' title='bbox 1174 441 1192 474; x_wconf 77' lang='grc' dir='ltr'><strong>ι</strong></span> <span class='ocrx_word' id='word_1_11' title='bbox 1218 423 1552 493; x_wconf 80' lang='grc' dir='ltr'>Ἀναγκαίως</span> <span class='ocrx_word' id='word_1_12' title='bbox 1583 427 1782 491; x_wconf 90' lang='grc' dir='ltr'>τοίνυν,</span> <span class='ocrx_word' id='word_1_13' title='bbox 1808 433 1885 482; x_wconf 86' lang='grc' dir='ltr'><strong>ὲκ-</strong></span> 
     </span>
    </p>
   </div>
   <div class='ocr_carea' id='block_1_5' title="bbox 1983 415 3569 512">
    <p class='ocr_par' dir='ltr' id='par_1_5' title="bbox 2004 433 3569 512">
     <span class='ocr_line' id='line_1_5' title="bbox 2004 433 3569 512; baseline 0.009 -26"><span class='ocrx_word' id='word_1_14' title='bbox 2004 433 2151 488; x_wconf 91' lang='lat' dir='ltr'><strong>oculi</strong></span> <span class='ocrx_word' id='word_1_15' title='bbox 2202 433 2280 488; x_wconf 90' lang='lat' dir='ltr'><strong>tui</strong></span> <span class='ocrx_word' id='word_1_16' title='bbox 2310 433 2377 488; x_wconf 83' lang='grc'><strong>³⁸.</strong></span> <span class='ocrx_word' id='word_1_17' title='bbox 2422 452 2440 485; x_wconf 78' lang='grc' dir='ltr'><strong>ι</strong></span> <span class='ocrx_word' id='word_1_18' title='bbox 2477 433 2667 490; x_wconf 81' lang='lat' dir='ltr'><strong>Merito</strong></span> <span class='ocrx_word' id='word_1_19' title='bbox 2731 435 2900 506; x_wconf 78' lang='lat' dir='ltr'><strong>igitur</strong></span> <span class='ocrx_word' id='word_1_20' title='bbox 2948 438 3267 496; x_wconf 88' lang='lat' dir='ltr'><strong>rescindens</strong></span> <span class='ocrx_word' id='word_1_21' title='bbox 3308 448 3569 512; x_wconf 84' lang='lat' dir='ltr'><strong>peceandi</strong></span> 
     </span>
    </p>
   </div>
   <div class='ocr_carea' id='block_1_6' title="bbox 336 509 1904 588">
    <p class='ocr_par' dir='ltr' id='par_1_6' title="bbox 336 509 1904 588">
     <span class='ocr_line' id='line_1_6' title="bbox 336 509 1904 588; baseline 0.006 -26"><span class='ocrx_word' id='word_1_22' title='bbox 336 509 549 565; x_wconf 85' lang='grc' dir='ltr'><strong>κόπτων</strong></span> <span class='ocrx_word' id='word_1_23' title='bbox 588 509 679 562; x_wconf 84' lang='grc' dir='ltr'><strong>τὸν</strong></span> <span class='ocrx_word' id='word_1_24' title='bbox 728 509 884 578; x_wconf 89' lang='grc' dir='ltr'>λόγον</span> <span class='ocrx_word' id='word_1_25' title='bbox 933 509 1025 564; x_wconf 92' lang='grc' dir='ltr'><strong>τοῦ</strong></span> <span class='ocrx_word' id='word_1_26' title='bbox 1068 513 1439 585; x_wconf 79' lang='grc' dir='ltr'><strong>ἁμαρτάνειν,</strong></span> <span class='ocrx_word' id='word_1_27' title='bbox 1489 515 1904 588; x_wconf 85' lang='grc' dir='ltr'>παραλαμϐάνει</span> 
     </span>
    </p>
   </div>
   <div class='ocr_carea' id='block_1_7' title="bbox 335 600 1907 674">
    <p class='ocr_par' dir='ltr' id='par_1_7' title="bbox 335 600 1907 674">
     <span class='ocr_line' id='line_1_7' title="bbox 335 600 1907 674; baseline 0.007 -20"><span class='ocrx_word' id='word_1_28' title='bbox 335 600 444 673; x_wconf 92' lang='grc' dir='ltr'><strong>πῦρ</strong></span> <span class='ocrx_word' id='word_1_29' title='bbox 468 601 562 654; x_wconf 69' lang='grc' dir='ltr'>καὶ</span> <span class='ocrx_word' id='word_1_30' title='bbox 596 604 906 670; x_wconf 86' lang='grc' dir='ltr'>καταιγίδα,</span> <span class='ocrx_word' id='word_1_31' title='bbox 936 603 965 657; x_wconf 79' lang='grc' dir='ltr'><strong>ὃ</strong></span> <span class='ocrx_word' id='word_1_32' title='bbox 1012 603 1176 667; x_wconf 78' lang='grc' dir='ltr'>αὐτὸς</span> <span class='ocrx_word' id='word_1_33' title='bbox 1227 605 1457 661; x_wconf 81' lang='grc' dir='ltr'><strong>ἀνάπτει</strong></span> <span class='ocrx_word' id='word_1_34' title='bbox 1486 609 1544 662; x_wconf 83' lang='grc' dir='ltr'><strong>ἐν</strong></span> <span class='ocrx_word' id='word_1_35' title='bbox 1573 610 1692 674; x_wconf 82' lang='grc' dir='ltr'>ταῖς</span> <span class='ocrx_word' id='word_1_36' title='bbox 1737 627 1907 665; x_wconf 81' lang='grc' dir='ltr'>συνει-</span> 
     </span>
    </p>
   </div>
   <div class='ocr_carea' id='block_1_8' title="bbox 332 693 844 765">
    <p class='ocr_par' dir='ltr' id='par_1_8' title="bbox 332 693 844 765">
     <span class='ocr_line' id='line_1_8' title="bbox 332 693 844 765; baseline 0 -18"><span class='ocrx_word' id='word_1_37' title='bbox 332 695 550 765; x_wconf 80' lang='grc' dir='ltr'>δήσεσιν</span> <span class='ocrx_word' id='word_1_38' title='bbox 579 693 758 764; x_wconf 80' lang='grc' dir='ltr'>ἡμῶν.</span> <span class='ocrx_word' id='word_1_39' title='bbox 833 725 844 731; x_wconf 75' lang='grc'><strong>-</strong></span> 
     </span>
    </p>
   </div>
   <div class='ocr_carea' id='block_1_9' title="bbox 399 778 1903 865">
    <p class='ocr_par' dir='ltr' id='par_1_9' title="bbox 399 778 1903 865">
     <span class='ocr_line' id='line_1_9' title="bbox 399 778 1903 865; baseline 0.009 -29"><span class='ocrx_word' id='word_1_40' title='bbox 399 785 476 836; x_wconf 84' lang='grc' dir='ltr'><strong>Δι’</strong></span> <span class='ocrx_word' id='word_1_41' title='bbox 513 778 582 855; x_wconf 86' lang='grc' dir='ltr'>ἦς</span> <span class='ocrx_word' id='word_1_42' title='bbox 607 783 860 854; x_wconf 81' lang='grc' dir='ltr'>ἐμφαίνει</span> <span class='ocrx_word' id='word_1_43' title='bbox 891 783 1126 855; x_wconf 76' lang='grc' dir='ltr'>ψυχικὴν</span> <span class='ocrx_word' id='word_1_44' title='bbox 1154 786 1395 853; x_wconf 80' lang='grc' dir='ltr'><strong>κόλασιν,</strong></span> <span class='ocrx_word' id='word_1_45' title='bbox 1435 790 1528 844; x_wconf 82' lang='grc' dir='ltr'>καὶ</span> <span class='ocrx_word' id='word_1_46' title='bbox 1566 794 1903 865; x_wconf 80' lang='grc' dir='ltr'>τραυματίας</span> 
     </span>
    </p>
   </div>
   <div class='ocr_carea' id='block_1_10' title="bbox 329 873 1901 954">
    <p class='ocr_par' dir='ltr' id='par_1_10' title="bbox 329 873 1901 954">
     <span class='ocr_line' id='line_1_10' title="bbox 329 873 1901 954; baseline 0.001 -28"><span class='ocrx_word' id='word_1_47' title='bbox 329 873 546 928; x_wconf 76' lang='grc' dir='ltr'>ἔσεσθαι</span> <span class='ocrx_word' id='word_1_48' title='bbox 595 875 819 937; x_wconf 75' lang='grc' dir='ltr'>πολλοὺς</span> <span class='ocrx_word' id='word_1_49' title='bbox 859 875 1038 943; x_wconf 80' lang='grc' dir='ltr'><strong>λέγει·</strong></span> <span class='ocrx_word' id='word_1_50' title='bbox 1073 876 1177 942; x_wconf 81' lang='grc' dir='ltr'>ἵνα,</span> <span class='ocrx_word' id='word_1_51' title='bbox 1216 877 1302 930; x_wconf 78' lang='grc' dir='ltr'>διὰ</span> <span class='ocrx_word' id='word_1_52' title='bbox 1334 880 1430 949; x_wconf 81' lang='grc' dir='ltr'>τῆς</span> <span class='ocrx_word' id='word_1_53' title='bbox 1460 883 1632 954; x_wconf 78' lang='grc' dir='ltr'>ἀκοῆς</span> <span class='ocrx_word' id='word_1_54' title='bbox 1675 886 1783 938; x_wconf 76' lang='grc' dir='ltr'><strong>τῶν</strong></span> <span class='ocrx_word' id='word_1_55' title='bbox 1815 887 1901 939; x_wconf 77' lang='grc' dir='ltr'><strong>δο-</strong></span> 
     </span>
    </p>
   </div>
   <div class='ocr_carea' id='block_1_11' title="bbox 331 963 1903 1046">
    <p class='ocr_par' dir='ltr' id='par_1_11' title="bbox 331 963 1903 1046">
     <span class='ocr_line' id='line_1_11' title="bbox 331 963 1903 1046; baseline 0.009 -26"><span class='ocrx_word' id='word_1_56' title='bbox 331 966 570 1020; x_wconf 87' lang='grc' dir='ltr'>κούντων</span> <span class='ocrx_word' id='word_1_57' title='bbox 595 966 742 1037; x_wconf 75' lang='grc' dir='ltr'>αὐτῷ</span> <span class='ocrx_word' id='word_1_58' title='bbox 773 967 1019 1038; x_wconf 85' lang='grc' dir='ltr'>φοϐερῶν</span> <span class='ocrx_word' id='word_1_59' title='bbox 1043 963 1180 1022; x_wconf 80' lang='grc' dir='ltr'>εἶναι</span> <span class='ocrx_word' id='word_1_60' title='bbox 1212 971 1506 1039; x_wconf 81' lang='grc' dir='ltr'>παιδεύσας</span> <span class='ocrx_word' id='word_1_61' title='bbox 1529 977 1748 1046; x_wconf 78' lang='grc' dir='ltr'>αὐτοὺς,</span> <span class='ocrx_word' id='word_1_62' title='bbox 1773 978 1903 1033; x_wconf 84' lang='grc' dir='ltr'>ἀνα-</span> 
     </span>
    </p>
   </div>
   <div class='ocr_carea' id='block_1_12' title="bbox 331 1057 1138 1130">
    <p class='ocr_par' dir='ltr' id='par_1_12' title="bbox 331 1057 1138 1130">
     <span class='ocr_line' id='line_1_12' title="bbox 331 1057 1138 1130; baseline 0.007 -20"><span class='ocrx_word' id='word_1_63' title='bbox 331 1062 548 1130; x_wconf 79' lang='grc' dir='ltr'>χαιτίσῃ</span> <span class='ocrx_word' id='word_1_64' title='bbox 574 1057 681 1112; x_wconf 90' lang='grc' dir='ltr'><strong>τῶν</strong></span> <span class='ocrx_word' id='word_1_65' title='bbox 704 1059 1138 1129; x_wconf 82' lang='grc' dir='ltr'>ἁμαρτημάτων.</span> 
     </span>
    </p>
   </div>
   <div class='ocr_carea' id='block_1_13' title="bbox 401 1149 1899 1234">
    <p class='ocr_par' dir='ltr' id='par_1_13' title="bbox 401 1149 1899 1234">
     <span class='ocr_line' id='line_1_13' title="bbox 401 1149 1899 1234; baseline 0.011 -35"><span class='ocrx_word' id='word_1_66' title='bbox 401 1149 582 1202; x_wconf 85' lang='grc' dir='ltr'>Ταῦτα</span> <span class='ocrx_word' id='word_1_67' title='bbox 623 1149 679 1202; x_wconf 87' lang='grc' dir='ltr'>δὲ</span> <span class='ocrx_word' id='word_1_68' title='bbox 726 1151 1075 1224; x_wconf 73' lang='grc' dir='ltr'>προστίθησιν</span> <span class='ocrx_word' id='word_1_69' title='bbox 1123 1157 1180 1208; x_wconf 87' lang='grc' dir='ltr'><strong>ἐν</strong></span> <span class='ocrx_word' id='word_1_70' title='bbox 1241 1156 1427 1227; x_wconf 89' lang='grc' dir='ltr'>μέσῳ,</span> <span class='ocrx_word' id='word_1_71' title='bbox 1458 1159 1519 1211; x_wconf 83' lang='grc' dir='ltr'><strong>οὐ</strong></span> <span class='ocrx_word' id='word_1_72' title='bbox 1569 1162 1899 1234; x_wconf 81' lang='grc' dir='ltr'>κατηγορίαν</span> 
     </span>
    </p>
   </div>
   <div class='ocr_carea' id='block_1_14' title="bbox 331 1239 1900 1323">
    <p class='ocr_par' dir='ltr' id='par_1_14' title="bbox 331 1239 1900 1323">
     <span class='ocr_line' id='line_1_14' title="bbox 331 1239 1900 1323; baseline 0.011 -31"><span class='ocrx_word' id='word_1_73' title='bbox 331 1239 507 1293; x_wconf 76' lang='grc' dir='ltr'>αὐτῶν</span> <span class='ocrx_word' id='word_1_74' title='bbox 539 1242 700 1311; x_wconf 82' lang='grc' dir='ltr'>μόνον</span> <span class='ocrx_word' id='word_1_75' title='bbox 741 1243 1105 1316; x_wconf 79' lang='grc' dir='ltr'>ἐνιστάμενος,</span> <span class='ocrx_word' id='word_1_76' title='bbox 1130 1247 1263 1301; x_wconf 84' lang='grc' dir='ltr'>ἀλλὰ</span> <span class='ocrx_word' id='word_1_77' title='bbox 1290 1250 1383 1302; x_wconf 74' lang='grc' dir='ltr'><strong>καὶ</strong></span> <span class='ocrx_word' id='word_1_78' title='bbox 1415 1253 1686 1323; x_wconf 79' lang='grc' dir='ltr'>σωτηρίαν</span> <span class='ocrx_word' id='word_1_79' title='bbox 1719 1256 1900 1318; x_wconf 75' lang='grc' dir='ltr'>αὐτοῖς</span> 
     </span>
    </p>
   </div>
   <div class='ocr_carea' id='block_1_15' title="bbox 329 1330 1895 1413">
    <p class='ocr_par' dir='ltr' id='par_1_15' title="bbox 329 1330 1895 1413">
     <span class='ocr_line' id='line_1_15' title="bbox 329 1330 1895 1413; baseline 0.011 -31"><span class='ocrx_word' id='word_1_80' title='bbox 329 1330 603 1402; x_wconf 79' lang='grc' dir='ltr'>προξενῶν</span> <span class='ocrx_word' id='word_1_81' title='bbox 632 1333 719 1386; x_wconf 84' lang='grc' dir='ltr'>διὰ</span> <span class='ocrx_word' id='word_1_82' title='bbox 747 1335 840 1387; x_wconf 88' lang='grc' dir='ltr'><strong>τοῦ</strong></span> <span class='ocrx_word' id='word_1_83' title='bbox 872 1336 1114 1408; x_wconf 75' lang='grc' dir='ltr'><strong>ἐλέγχου,</strong></span> <span class='ocrx_word' id='word_1_84' title='bbox 1137 1339 1230 1394; x_wconf 83' lang='grc' dir='ltr'>ἐὰν</span> <span class='ocrx_word' id='word_1_85' title='bbox 1257 1343 1589 1413; x_wconf 80' lang='grc' dir='ltr'>ἐπιστήσωσι</span> <span class='ocrx_word' id='word_1_86' title='bbox 1619 1345 1710 1399; x_wconf 84' lang='grc' dir='ltr'><strong>τὸν</strong></span> <span class='ocrx_word' id='word_1_87' title='bbox 1739 1345 1862 1400; x_wconf 82' lang='grc' dir='ltr'>νοῦν</span> <span class='ocrx_word' id='word_1_88' title='bbox 1880 1360 1895 1375; x_wconf 85' lang='grc'><strong><em>⁸</em></strong></span> 
     </span>
    </p>
   </div>
   <div class='ocr_carea' id='block_1_16' title="bbox 328 1423 1899 1503">
    <p class='ocr_par' dir='ltr' id='par_1_16' title="bbox 328 1423 1899 1503">
     <span class='ocr_line' id='line_1_16' title="bbox 328 1423 1899 1503; baseline 0.009 -27"><span class='ocrx_word' id='word_1_89' title='bbox 328 1423 421 1476; x_wconf 84' lang='grc' dir='ltr'><strong>καί</strong></span> <span class='ocrx_word' id='word_1_90' title='bbox 458 1425 568 1496; x_wconf 82' lang='grc' dir='ltr'><strong>γάρ</strong></span> <span class='ocrx_word' id='word_1_91' title='bbox 618 1424 708 1478; x_wconf 85' lang='grc' dir='ltr'><strong>τὸν</strong></span> <span class='ocrx_word' id='word_1_92' title='bbox 763 1425 864 1497; x_wconf 92' lang='grc' dir='ltr'><strong>μῦν</strong></span> <span class='ocrx_word' id='word_1_93' title='bbox 914 1430 1209 1501; x_wconf 83' lang='grc' dir='ltr'>παρέλαϐε,</span> <span class='ocrx_word' id='word_1_94' title='bbox 1255 1433 1361 1497; x_wconf 78' lang='grc' dir='ltr'>ἵνα,</span> <span class='ocrx_word' id='word_1_95' title='bbox 1398 1433 1502 1488; x_wconf 84' lang='grc' dir='ltr'><strong>κᾶν</strong></span> <span class='ocrx_word' id='word_1_96' title='bbox 1541 1435 1672 1503; x_wconf 84' lang='grc' dir='ltr'>γοῦν</span> <span class='ocrx_word' id='word_1_97' title='bbox 1727 1435 1899 1500; x_wconf 71' lang='grc' dir='ltr'>οὕτως</span> 
     </span>
    </p>
   </div>
   <div class='ocr_carea' id='block_1_17' title="bbox 325 1514 1894 1600">
    <p class='ocr_par' dir='ltr' id='par_1_17' title="bbox 325 1514 1894 1600">
     <span class='ocr_line' id='line_1_17' title="bbox 325 1514 1894 1600; baseline 0.01 -34"><span class='ocrx_word' id='word_1_98' title='bbox 325 1514 662 1580; x_wconf 79' lang='grc' dir='ltr'>αἰδεσθέντες</span> <span class='ocrx_word' id='word_1_99' title='bbox 709 1517 770 1570; x_wconf 84' lang='grc' dir='ltr'><strong>τὸ</strong></span> <span class='ocrx_word' id='word_1_100' title='bbox 823 1521 1062 1592; x_wconf 82' lang='grc' dir='ltr'>μυσαρὸν</span> <span class='ocrx_word' id='word_1_101' title='bbox 1109 1523 1218 1577; x_wconf 88' lang='grc' dir='ltr'><strong>τῶν</strong></span> <span class='ocrx_word' id='word_1_102' title='bbox 1275 1525 1555 1597; x_wconf 80' lang='grc' dir='ltr'>πράξεων,</span> <span class='ocrx_word' id='word_1_103' title='bbox 1607 1527 1894 1600; x_wconf 78' lang='grc' dir='ltr'>ἁνακωχὴν</span> 
     </span>
    </p>
   </div>
   <div class='ocr_carea' id='block_1_18' title="bbox 320 1605 914 1675">
    <p class='ocr_par' dir='ltr' id='par_1_18' title="bbox 320 1605 914 1675">
     <span class='ocr_line' id='line_1_18' title="bbox 320 1605 914 1675; baseline 0.008 -16"><span class='ocrx_word' id='word_1_104' title='bbox 320 1605 537 1661; x_wconf 86' lang='grc' dir='ltr'>δώσωσι</span> <span class='ocrx_word' id='word_1_105' title='bbox 569 1612 682 1673; x_wconf 87' lang='grc' dir='ltr'>τοῖς</span> <span class='ocrx_word' id='word_1_106' title='bbox 704 1614 914 1675; x_wconf 85' lang='grc' dir='ltr'><strong>κακοῖς.</strong></span> 
     </span>
    </p>
   </div>
   <div class='ocr_carea' id='block_1_19' title="bbox 397 1698 1894 1782">
    <p class='ocr_par' dir='ltr' id='par_1_19' title="bbox 397 1698 1894 1782">
     <span class='ocr_line' id='line_1_19' title="bbox 397 1698 1894 1782; baseline 0.011 -33"><span class='ocrx_word' id='word_1_107' title='bbox 397 1698 472 1750; x_wconf 88' lang='grc' dir='ltr'>Ού</span> <span class='ocrx_word' id='word_1_108' title='bbox 511 1699 668 1770; x_wconf 90' lang='grc' dir='ltr'>μόνον</span> <span class='ocrx_word' id='word_1_109' title='bbox 694 1700 749 1753; x_wconf 85' lang='grc' dir='ltr'><strong>δὲ</strong></span> <span class='ocrx_word' id='word_1_110' title='bbox 775 1701 882 1756; x_wconf 89' lang='grc' dir='ltr'><strong>τῶν</strong></span> <span class='ocrx_word' id='word_1_111' title='bbox 915 1706 1162 1776; x_wconf 84' lang='grc' dir='ltr'>φανερῶν</span> <span class='ocrx_word' id='word_1_112' title='bbox 1194 1705 1446 1779; x_wconf 79' lang='grc' dir='ltr'>πράξεων</span> <span class='ocrx_word' id='word_1_113' title='bbox 1477 1709 1657 1765; x_wconf 84' lang='grc' dir='ltr'>αὐτῶν</span> <span class='ocrx_word' id='word_1_114' title='bbox 1676 1710 1894 1782; x_wconf 78' lang='grc' dir='ltr'>ἔλεγχον</span> 
     </span>
    </p>
   </div>
   <div class='ocr_carea' id='block_1_20' title="bbox 2003 524 3572 608">
    <p class='ocr_par' dir='ltr' id='par_1_20' title="bbox 2003 524 3572 608">
     <span class='ocr_line' id='line_1_20' title="bbox 2003 524 3572 608; baseline 0.01 -31"><span class='ocrx_word' id='word_1_115' title='bbox 2003 524 2294 589; x_wconf 90' lang='lat' dir='ltr'><strong>rationem,</strong></span> <span class='ocrx_word' id='word_1_116' title='bbox 2335 526 2626 596; x_wconf 86' lang='lat' dir='ltr'><strong>procellam</strong></span> <span class='ocrx_word' id='word_1_117' title='bbox 2671 534 2724 582; x_wconf 91' lang='lat' dir='ltr'><strong>et</strong></span> <span class='ocrx_word' id='word_1_118' title='bbox 2763 528 2940 599; x_wconf 88' lang='lat' dir='ltr'><strong>ignem</strong></span> <span class='ocrx_word' id='word_1_119' title='bbox 2973 531 3224 602; x_wconf 78' lang='lat' dir='ltr'><strong>suscipit,</strong></span> <span class='ocrx_word' id='word_1_120' title='bbox 3257 549 3420 604; x_wconf 84' lang='lat' dir='ltr'><strong>quem</strong></span> <span class='ocrx_word' id='word_1_121' title='bbox 3455 537 3572 608; x_wconf 89' lang='lat' dir='ltr'><strong>ipse</strong></span> 
     </span>
    </p>
   </div>
   <div class='ocr_carea' id='block_1_21' title="bbox 2000 617 2978 676">
    <p class='ocr_par' dir='ltr' id='par_1_21' title="bbox 2000 617 2978 676">
     <span class='ocr_line' id='line_1_21' title="bbox 2000 617 2978 676; baseline 0.004 -4"><span class='ocrx_word' id='word_1_122' title='bbox 2000 617 2058 672; x_wconf 90' lang='lat' dir='ltr'><strong>in</strong></span> <span class='ocrx_word' id='word_1_123' title='bbox 2084 618 2434 675; x_wconf 89' lang='lat' dir='ltr'><strong>conscientiis</strong></span> <span class='ocrx_word' id='word_1_124' title='bbox 2463 619 2668 675; x_wconf 76' lang='lat' dir='ltr'><strong>nostris</strong></span> <span class='ocrx_word' id='word_1_125' title='bbox 2700 619 2978 676; x_wconf 80' lang='lat' dir='ltr'><strong>accendet.</strong></span> 
     </span>
    </p>
   </div>
   <div class='ocr_carea' id='block_1_22' title="bbox 2069 797 3568 882">
    <p class='ocr_par' dir='ltr' id='par_1_22' title="bbox 2069 797 3568 882">
     <span class='ocr_line' id='line_1_22' title="bbox 2069 797 3568 882; baseline 0.009 -29"><span class='ocrx_word' id='word_1_126' title='bbox 2069 797 2236 856; x_wconf 78' lang='lat' dir='ltr'><strong>Vens.</strong></span> <span class='ocrx_word' id='word_1_127' title='bbox 2273 801 2356 854; x_wconf 84' lang='grc'><strong>16.</strong></span> <span class='ocrx_word' id='word_1_128' title='bbox 2393 799 2498 857; x_wconf 88' lang='lat' dir='ltr'><strong>Per</strong></span> <span class='ocrx_word' id='word_1_129' title='bbox 2543 802 2780 872; x_wconf 82' lang='lat' dir='ltr'><strong>gladium</strong></span> <span class='ocrx_word' id='word_1_130' title='bbox 2814 804 3084 876; x_wconf 89' lang='lat' dir='ltr'><strong>signiﬁcat</strong></span> <span class='ocrx_word' id='word_1_131' title='bbox 3119 810 3396 879; x_wconf 88' lang='lat' dir='ltr'><strong>spirituale</strong></span> <span class='ocrx_word' id='word_1_132' title='bbox 3420 812 3568 882; x_wconf 87' lang='lat' dir='ltr'><strong>judi-</strong></span> 
     </span>
    </p>
   </div>
   <div class='ocr_carea' id='block_1_23' title="bbox 2000 890 3571 976">
    <p class='ocr_par' dir='ltr' id='par_1_23' title="bbox 2000 890 3571 976">
     <span class='ocr_line' id='line_1_23' title="bbox 2000 890 3571 976; baseline 0.012 -33"><span class='ocrx_word' id='word_1_133' title='bbox 2000 890 2146 945; x_wconf 91' lang='lat' dir='ltr'><strong>cium</strong></span> <span class='ocrx_word' id='word_1_134' title='bbox 2179 901 2231 946; x_wconf 89' lang='lat' dir='ltr'><strong>ct</strong></span> <span class='ocrx_word' id='word_1_135' title='bbox 2261 893 2464 949; x_wconf 91' lang='lat' dir='ltr'><strong>multos</strong></span> <span class='ocrx_word' id='word_1_136' title='bbox 2493 893 2627 948; x_wconf 85' lang='lat' dir='ltr'><strong>dicit</strong></span> <span class='ocrx_word' id='word_1_137' title='bbox 2676 910 2800 951; x_wconf 90' lang='lat' dir='ltr'><strong>esse</strong></span> <span class='ocrx_word' id='word_1_138' title='bbox 2826 899 3214 968; x_wconf 88' lang='lat' dir='ltr'><strong>vulnerandos,</strong></span> <span class='ocrx_word' id='word_1_139' title='bbox 3267 911 3328 958; x_wconf 90' lang='lat' dir='ltr'><strong>ut</strong></span> <span class='ocrx_word' id='word_1_140' title='bbox 3367 906 3571 976; x_wconf 83' lang='lat' dir='ltr'><strong>gravis-</strong></span> 
     </span>
    </p>
   </div>
   <div class='ocr_carea' id='block_1_24' title="bbox 1998 981 3284 1059">
    <p class='ocr_par' dir='ltr' id='par_1_24' title="bbox 1998 981 3284 1059">
     <span class='ocr_line' id='line_1_24' title="bbox 1998 981 3284 1059; baseline 0.011 -23"><span class='ocrx_word' id='word_1_141' title='bbox 1998 981 2152 1038; x_wconf 89' lang='lat' dir='ltr'><strong>simis</strong></span> <span class='ocrx_word' id='word_1_142' title='bbox 2183 983 2344 1040; x_wconf 87' lang='lat' dir='ltr'><strong>minis</strong></span> <span class='ocrx_word' id='word_1_143' title='bbox 2374 985 2643 1054; x_wconf 85' lang='lat' dir='ltr'><strong>deterriti,</strong></span> <span class='ocrx_word' id='word_1_144' title='bbox 2677 1003 2707 1042; x_wconf 92' lang='lat' dir='ltr'><strong>a</strong></span> <span class='ocrx_word' id='word_1_145' title='bbox 2733 991 2975 1059; x_wconf 84' lang='lat' dir='ltr'><strong>peccatis</strong></span> <span class='ocrx_word' id='word_1_146' title='bbox 3004 993 3284 1050; x_wconf 85' lang='lat' dir='ltr'><strong>recedant.</strong></span> 
     </span>
    </p>
   </div>
   <div class='ocr_carea' id='block_1_25' title="bbox 2073 1156 3568 1233">
    <p class='ocr_par' dir='ltr' id='par_1_25' title="bbox 2073 1156 3568 1233">
     <span class='ocr_line' id='line_1_25' title="bbox 2073 1156 3568 1233; baseline 0.009 -21"><span class='ocrx_word' id='word_1_147' title='bbox 2073 1156 2235 1212; x_wconf 78' lang='lat' dir='ltr'><strong>Vens.</strong></span> <span class='ocrx_word' id='word_1_148' title='bbox 2265 1159 2348 1211; x_wconf 79' lang='lat' dir='ltr'><strong>l7.</strong></span> <span class='ocrx_word' id='word_1_149' title='bbox 2385 1156 2516 1224; x_wconf 73' lang='lat' dir='ltr'><strong>Qua:</strong></span> <span class='ocrx_word' id='word_1_150' title='bbox 2543 1161 2595 1215; x_wconf 92' lang='lat' dir='ltr'><strong>in</strong></span> <span class='ocrx_word' id='word_1_151' title='bbox 2630 1163 2865 1218; x_wconf 90' lang='lat' dir='ltr'><strong>medium</strong></span> <span class='ocrx_word' id='word_1_152' title='bbox 2901 1164 3078 1233; x_wconf 83' lang='lat' dir='ltr'><strong>aﬁ&#39;ert,</strong></span> <span class='ocrx_word' id='word_1_153' title='bbox 3133 1183 3240 1223; x_wconf 92' lang='lat' dir='ltr'><strong>non</strong></span> <span class='ocrx_word' id='word_1_154' title='bbox 3269 1175 3478 1225; x_wconf 90' lang='lat' dir='ltr'><strong>tantum</strong></span> <span class='ocrx_word' id='word_1_155' title='bbox 3506 1179 3568 1226; x_wconf 85' lang='lat' dir='ltr'><strong>ut</strong></span> 
     </span>
    </p>
   </div>
   <div class='ocr_carea' id='block_1_26' title="bbox 1998 1249 3565 1318">
    <p class='ocr_par' dir='ltr' id='par_1_26' title="bbox 1998 1249 3565 1318">
     <span class='ocr_line' id='line_1_26' title="bbox 1998 1249 3565 1318; baseline 0.009 -14"><span class='ocrx_word' id='word_1_156' title='bbox 1998 1263 2094 1304; x_wconf 90' lang='lat' dir='ltr'><strong>eos</strong></span> <span class='ocrx_word' id='word_1_157' title='bbox 2157 1249 2560 1317; x_wconf 88' lang='lat' dir='ltr'><strong>incriminetur,</strong></span> <span class='ocrx_word' id='word_1_158' title='bbox 2615 1254 2708 1308; x_wconf 88' lang='lat' dir='ltr'><strong>sed</strong></span> <span class='ocrx_word' id='word_1_159' title='bbox 2759 1257 2921 1311; x_wconf 89' lang='lat' dir='ltr'><strong>etiam</strong></span> <span class='ocrx_word' id='word_1_160' title='bbox 2979 1265 3036 1312; x_wconf 87' lang='lat' dir='ltr'><strong>ut</strong></span> <span class='ocrx_word' id='word_1_161' title='bbox 3074 1258 3156 1314; x_wconf 89' lang='lat' dir='ltr'><strong>eis</strong></span> <span class='ocrx_word' id='word_1_162' title='bbox 3214 1261 3443 1316; x_wconf 85' lang='lat' dir='ltr'><strong>salutem</strong></span> <span class='ocrx_word' id='word_1_163' title='bbox 3480 1277 3565 1318; x_wconf 92' lang='lat' dir='ltr'><strong>re—</strong></span> 
     </span>
    </p>
   </div>
   <div class='ocr_carea' id='block_1_27' title="bbox 1997 1341 3561 1414">
    <p class='ocr_par' dir='ltr' id='par_1_27' title="bbox 1997 1341 3561 1414">
     <span class='ocr_line' id='line_1_27' title="bbox 1997 1341 3561 1414; baseline 0.01 -21"><span class='ocrx_word' id='word_1_164' title='bbox 1997 1341 2458 1410; x_wconf 87' lang='lat' dir='ltr'><strong>prehensionibus</strong></span> <span class='ocrx_word' id='word_1_165' title='bbox 2481 1354 2768 1414; x_wconf 67' lang='lat' dir='ltr'><strong>prmparet,</strong></span> <span class='ocrx_word' id='word_1_166' title='bbox 2802 1348 2846 1401; x_wconf 92' lang='lat' dir='ltr'><strong>si</strong></span> <span class='ocrx_word' id='word_1_167' title='bbox 2876 1347 3016 1405; x_wconf 85' lang='lat' dir='ltr'><strong>forte</strong></span> <span class='ocrx_word' id='word_1_168' title='bbox 3042 1359 3279 1406; x_wconf 90' lang='lat' dir='ltr'><strong>mentem</strong></span> <span class='ocrx_word' id='word_1_169' title='bbox 3310 1351 3561 1409; x_wconf 87' lang='lat' dir='ltr'><strong>intende-</strong></span> 
     </span>
    </p>
   </div>
   <div class='ocr_carea' id='block_1_28' title="bbox 2001 1430 3564 1504">
    <p class='ocr_par' dir='ltr' id='par_1_28' title="bbox 2001 1430 3564 1504">
     <span class='ocr_line' id='line_1_28' title="bbox 2001 1430 3564 1504; baseline 0.006 -19"><span class='ocrx_word' id='word_1_170' title='bbox 2001 1439 2141 1486; x_wconf 87' lang='lat' dir='ltr'><strong>rent.</strong></span> <span class='ocrx_word' id='word_1_171' title='bbox 2165 1430 2240 1487; x_wconf 89' lang='lat' dir='ltr'><strong>De</strong></span> <span class='ocrx_word' id='word_1_172' title='bbox 2271 1447 2425 1488; x_wconf 88' lang='lat' dir='ltr'><strong>mure</strong></span> <span class='ocrx_word' id='word_1_173' title='bbox 2461 1433 2548 1488; x_wconf 87' lang='lat' dir='ltr'><strong>hic</strong></span> <span class='ocrx_word' id='word_1_174' title='bbox 2576 1435 2837 1504; x_wconf 89' lang='lat' dir='ltr'><strong>loquitur,</strong></span> <span class='ocrx_word' id='word_1_175' title='bbox 2878 1444 2935 1490; x_wconf 94' lang='lat' dir='ltr'><strong>ut</strong></span> <span class='ocrx_word' id='word_1_176' title='bbox 2965 1438 3048 1492; x_wconf 90' lang='lat' dir='ltr'><strong>vel</strong></span> <span class='ocrx_word' id='word_1_177' title='bbox 3087 1439 3158 1491; x_wconf 90' lang='lat' dir='ltr'><strong>ita</strong></span> <span class='ocrx_word' id='word_1_178' title='bbox 3188 1438 3564 1495; x_wconf 86' lang='lat' dir='ltr'><strong>de.detestan-</strong></span> 
     </span>
    </p>
   </div>
   <div class='ocr_carea' id='block_1_29' title="bbox 1997 1520 3559 1595">
    <p class='ocr_par' dir='ltr' id='par_1_29' title="bbox 1997 1520 3559 1595">
     <span class='ocr_line' id='line_1_29' title="bbox 1997 1520 3559 1595; baseline 0.004 -20"><span class='ocrx_word' id='word_1_179' title='bbox 1997 1520 2083 1578; x_wconf 92' lang='lat' dir='ltr'><strong>dis</strong></span> <span class='ocrx_word' id='word_1_180' title='bbox 2101 1523 2362 1593; x_wconf 87' lang='lat' dir='ltr'><strong>operibus</strong></span> <span class='ocrx_word' id='word_1_181' title='bbox 2393 1524 2509 1580; x_wconf 83' lang='lat' dir='ltr'><strong>suis</strong></span> <span class='ocrx_word' id='word_1_182' title='bbox 2546 1526 2956 1595; x_wconf 86' lang='lat' dir='ltr'><strong>erubescentes,</strong></span> <span class='ocrx_word' id='word_1_183' title='bbox 2985 1543 3013 1581; x_wconf 88' lang='lat' dir='ltr'><strong>a</strong></span> <span class='ocrx_word' id='word_1_184' title='bbox 3036 1527 3192 1584; x_wconf 82' lang='lat' dir='ltr'><strong>malis</strong></span> <span class='ocrx_word' id='word_1_185' title='bbox 3218 1539 3559 1586; x_wconf 81' lang='lat' dir='ltr'><strong>revocentur.</strong></span> 
     </span>
    </p>
   </div>
   <div class='ocr_carea' id='block_1_30' title="bbox 2068 1679 3561 1751">
    <p class='ocr_par' dir='ltr' id='par_1_30' title="bbox 2068 1679 3561 1751">
     <span class='ocr_line' id='line_1_30' title="bbox 2068 1679 3561 1751; baseline 0.003 -17"><span class='ocrx_word' id='word_1_186' title='bbox 2068 1679 2234 1736; x_wconf 80' lang='lat' dir='ltr'><strong>Vens.</strong></span> <span class='ocrx_word' id='word_1_187' title='bbox 2276 1680 2363 1736; x_wconf 78' lang='lat' dir='ltr'><strong>l8.</strong></span> <span class='ocrx_word' id='word_1_188' title='bbox 2409 1679 2527 1735; x_wconf 88' lang='lat' dir='ltr'><strong>Non</strong></span> <span class='ocrx_word' id='word_1_189' title='bbox 2562 1695 2725 1751; x_wconf 87' lang='lat' dir='ltr'><strong>opera</strong></span> <span class='ocrx_word' id='word_1_190' title='bbox 2781 1681 2943 1736; x_wconf 88' lang='lat' dir='ltr'><strong>modo</strong></span> <span class='ocrx_word' id='word_1_191' title='bbox 2984 1683 3166 1750; x_wconf 85' lang='lat' dir='ltr'><strong>arguit</strong></span> <span class='ocrx_word' id='word_1_192' title='bbox 3213 1684 3561 1740; x_wconf 79' lang='lat' dir='ltr'><strong>extrinsecus</strong></span> 
     </span>
    </p>
   </div>
   <div class='ocr_carea' id='block_1_31' title="bbox 324 1774 1885 1876">
    <p class='ocr_par' dir='ltr' id='par_1_31' title="bbox 324 1789 1885 1876">
     <span class='ocr_line' id='line_1_31' title="bbox 324 1789 1885 1876; baseline 0.011 -34"><span class='ocrx_word' id='word_1_193' title='bbox 324 1789 579 1857; x_wconf 84' lang='grc' dir='ltr'>ἐποιεῖτο,</span> <span class='ocrx_word' id='word_1_194' title='bbox 603 1792 737 1846; x_wconf 84' lang='grc' dir='ltr'>ἀλλὰ</span> <span class='ocrx_word' id='word_1_195' title='bbox 766 1795 856 1848; x_wconf 76' lang='grc' dir='ltr'><strong>καὶ</strong></span> <span class='ocrx_word' id='word_1_196' title='bbox 890 1796 1066 1850; x_wconf 77' lang='grc' dir='ltr'>αὐτῶν</span> <span class='ocrx_word' id='word_1_197' title='bbox 1095 1797 1202 1851; x_wconf 87' lang='grc' dir='ltr'><strong>τῶν</strong></span> <span class='ocrx_word' id='word_1_198' title='bbox 1238 1801 1419 1866; x_wconf 81' lang='grc' dir='ltr'>αὐτοῖς</span> <span class='ocrx_word' id='word_1_199' title='bbox 1449 1803 1885 1876; x_wconf 82' lang='grc' dir='ltr'>κινηθησομένων</span> 
     </span>
    </p>
   </div>
   <div class='ocr_carea' id='block_1_32' title="bbox 1983 1774 3558 1876">
    <p class='ocr_par' dir='ltr' id='par_1_32' title="bbox 1997 1774 3558 1847">
     <span class='ocr_line' id='line_1_32' title="bbox 1997 1774 3558 1847; baseline 0.001 -19"><span class='ocrx_word' id='word_1_200' title='bbox 1997 1774 2338 1845; x_wconf 86' lang='lat' dir='ltr'><strong>apparentia,</strong></span> <span class='ocrx_word' id='word_1_201' title='bbox 2377 1774 2472 1831; x_wconf 91' lang='lat' dir='ltr'><strong>sed</strong></span> <span class='ocrx_word' id='word_1_202' title='bbox 2507 1774 2655 1844; x_wconf 88' lang='lat' dir='ltr'><strong>ipsas</strong></span> <span class='ocrx_word' id='word_1_203' title='bbox 2695 1789 2911 1844; x_wconf 88' lang='lat' dir='ltr'><strong>quoque</strong></span> <span class='ocrx_word' id='word_1_204' title='bbox 2949 1790 3146 1844; x_wconf 86' lang='lat' dir='ltr'><strong>pravas</strong></span> <span class='ocrx_word' id='word_1_205' title='bbox 3177 1776 3377 1832; x_wconf 88' lang='lat' dir='ltr'><strong>mentis</strong></span> <span class='ocrx_word' id='word_1_206' title='bbox 3407 1777 3558 1847; x_wconf 87' lang='lat' dir='ltr'><strong>cogi-</strong></span> 
     </span>
    </p>
   </div>
   <div class='ocr_carea' id='block_1_33' title="bbox 325 1881 1894 1968">
    <p class='ocr_par' dir='ltr' id='par_1_33' title="bbox 325 1881 1894 1968">
     <span class='ocr_line' id='line_1_33' title="bbox 325 1881 1894 1968; baseline 0.011 -36"><span class='ocrx_word' id='word_1_207' title='bbox 325 1881 513 1934; x_wconf 86' lang='grc' dir='ltr'>κακῶν</span> <span class='ocrx_word' id='word_1_208' title='bbox 542 1883 814 1956; x_wconf 81' lang='grc' dir='ltr'>λογισμῶν</span> <span class='ocrx_word' id='word_1_209' title='bbox 835 1904 849 1918; x_wconf 76' lang='grc' dir='ltr'><strong><em>ο</em></strong></span> <span class='ocrx_word' id='word_1_210' title='bbox 882 1889 1018 1962; x_wconf 82' lang='grc' dir='ltr'>ὅπερ</span> <span class='ocrx_word' id='word_1_211' title='bbox 1039 1891 1347 1960; x_wconf 78' lang='grc' dir='ltr'>ἀναγκαίως</span> <span class='ocrx_word' id='word_1_212' title='bbox 1377 1897 1469 1948; x_wconf 76' lang='grc' dir='ltr'>καὶ</span> <span class='ocrx_word' id='word_1_213' title='bbox 1490 1897 1771 1968; x_wconf 84' lang='grc' dir='ltr'>χρησίμως</span> <span class='ocrx_word' id='word_1_214' title='bbox 1803 1897 1894 1949; x_wconf 77' lang='grc' dir='ltr'>ἐπὶ</span> 
     </span>
    </p>
   </div>
   <div class='ocr_carea' id='block_1_34' title="bbox 323 1970 1893 2057">
    <p class='ocr_par' dir='ltr' id='par_1_34' title="bbox 323 1970 1893 2057">
     <span class='ocr_line' id='line_1_34' title="bbox 323 1970 1893 2057; baseline 0.011 -37"><span class='ocrx_word' id='word_1_215' title='bbox 323 1971 424 2039; x_wconf 83' lang='grc' dir='ltr'><strong>τῆς</strong></span> <span class='ocrx_word' id='word_1_216' title='bbox 457 1970 634 2025; x_wconf 76' lang='grc' dir='ltr'>αὐτῶν</span> <span class='ocrx_word' id='word_1_217' title='bbox 664 1972 994 2040; x_wconf 85' lang='grc' dir='ltr'>λυσιτελείας</span> <span class='ocrx_word' id='word_1_218' title='bbox 1023 1979 1217 2034; x_wconf 90' lang='grc' dir='ltr'>ἐποίει.</span> <span class='ocrx_word' id='word_1_219' title='bbox 1237 1983 1516 2036; x_wconf 83' lang='grc' dir='ltr'>-Οὐκέτι</span> <span class='ocrx_word' id='word_1_220' title='bbox 1559 1984 1657 2057; x_wconf 83' lang='grc' dir='ltr'>τὴν</span> <span class='ocrx_word' id='word_1_221' title='bbox 1686 1984 1776 2038; x_wconf 86' lang='grc' dir='ltr'>διὰ</span> <span class='ocrx_word' id='word_1_222' title='bbox 1806 1985 1893 2038; x_wconf 85' lang='grc' dir='ltr'>λό-</span> 
     </span>
    </p>
   </div>
   <div class='ocr_carea' id='block_1_35' title="bbox 323 2062 1892 2144">
    <p class='ocr_par' dir='ltr' id='par_1_35' title="bbox 323 2062 1892 2144">
     <span class='ocr_line' id='line_1_35' title="bbox 323 2062 1892 2144; baseline 0.011 -32"><span class='ocrx_word' id='word_1_223' title='bbox 323 2074 436 2126; x_wconf 86' lang='grc' dir='ltr'><strong>γων</strong></span> <span class='ocrx_word' id='word_1_224' title='bbox 460 2062 686 2134; x_wconf 78' lang='grc' dir='ltr'>ἀπειλὴν</span> <span class='ocrx_word' id='word_1_225' title='bbox 721 2064 1060 2136; x_wconf 86' lang='grc' dir='ltr'>ποιούμενος,</span> <span class='ocrx_word' id='word_1_226' title='bbox 1084 2069 1220 2124; x_wconf 82' lang='grc' dir='ltr'>ἀλλὰ</span> <span class='ocrx_word' id='word_1_227' title='bbox 1239 2071 1335 2125; x_wconf 81' lang='grc' dir='ltr'>καὶ</span> <span class='ocrx_word' id='word_1_228' title='bbox 1358 2073 1656 2144; x_wconf 88' lang='grc' dir='ltr'>παρουσίαν</span> <span class='ocrx_word' id='word_1_229' title='bbox 1687 2075 1892 2130; x_wconf 79' lang='grc' dir='ltr'>οἰκείαν</span> 
     </span>
    </p>
   </div>
   <div class='ocr_carea' id='block_1_36' title="bbox 319 2148 1892 2235">
    <p class='ocr_par' dir='ltr' id='par_1_36' title="bbox 319 2148 1892 2235">
     <span class='ocr_line' id='line_1_36' title="bbox 319 2148 1892 2235; baseline 0.012 -35"><span class='ocrx_word' id='word_1_230' title='bbox 319 2148 786 2223; x_wconf 83' lang='grc' dir='ltr'>ἐπαγγελλόμενος</span> <span class='ocrx_word' id='word_1_231' title='bbox 801 2171 815 2183; x_wconf 70' lang='grc'><strong><em>⁸</em></strong></span> <span class='ocrx_word' id='word_1_232' title='bbox 840 2159 1171 2229; x_wconf 78' lang='grc' dir='ltr'>πανταχόθεν</span> <span class='ocrx_word' id='word_1_233' title='bbox 1195 2161 1302 2234; x_wconf 85' lang='grc' dir='ltr'>γὰρ</span> <span class='ocrx_word' id='word_1_234' title='bbox 1323 2161 1401 2233; x_wconf 81' lang='grc' dir='ltr'>τῷ</span> <span class='ocrx_word' id='word_1_235' title='bbox 1424 2166 1668 2235; x_wconf 86' lang='grc' dir='ltr'>Δεσπότῃ</span> <span class='ocrx_word' id='word_1_236' title='bbox 1691 2165 1892 2230; x_wconf 79' lang='grc' dir='ltr'>σκοπὸς</span> 
     </span>
    </p>
   </div>
   <div class='ocr_carea' id='block_1_37' title="bbox 323 2240 1890 2328">
    <p class='ocr_par' dir='ltr' id='par_1_37' title="bbox 323 2240 1890 2328">
     <span class='ocr_line' id='line_1_37' title="bbox 323 2240 1890 2328; baseline 0.013 -37"><span class='ocrx_word' id='word_1_237' title='bbox 323 2240 497 2293; x_wconf 89' lang='grc' dir='ltr'>σῶσαι</span> <span class='ocrx_word' id='word_1_238' title='bbox 531 2243 622 2298; x_wconf 81' lang='grc' dir='ltr'><strong>τὸν</strong></span> <span class='ocrx_word' id='word_1_239' title='bbox 644 2244 793 2306; x_wconf 84' lang='grc' dir='ltr'>λαὸν.</span> <span class='ocrx_word' id='word_1_240' title='bbox 822 2247 917 2300; x_wconf 75' lang='grc' dir='ltr'><strong>καὶ</strong></span> <span class='ocrx_word' id='word_1_241' title='bbox 951 2249 1142 2318; x_wconf 86' lang='grc' dir='ltr'>στῆσαι</span> <span class='ocrx_word' id='word_1_242' title='bbox 1168 2251 1259 2306; x_wconf 72' lang='grc' dir='ltr'><strong>τὸν</strong></span> <span class='ocrx_word' id='word_1_243' title='bbox 1292 2253 1448 2321; x_wconf 89' lang='grc' dir='ltr'>λόγον</span> <span class='ocrx_word' id='word_1_244' title='bbox 1477 2255 1566 2308; x_wconf 86' lang='grc' dir='ltr'>τὸν</span> <span class='ocrx_word' id='word_1_245' title='bbox 1590 2256 1726 2328; x_wconf 88' lang='grc' dir='ltr'>πρὸς</span> <span class='ocrx_word' id='word_1_246' title='bbox 1765 2259 1890 2322; x_wconf 82' lang='grc' dir='ltr'>τοὺς</span> 
     </span>
    </p>
   </div>
   <div class='ocr_carea' id='block_1_38' title="bbox 320 2331 1891 2419">
    <p class='ocr_par' dir='ltr' id='par_1_38' title="bbox 320 2331 1891 2419">
     <span class='ocr_line' id='line_1_38' title="bbox 320 2331 1891 2419; baseline 0.013 -36"><span class='ocrx_word' id='word_1_247' title='bbox 320 2331 568 2404; x_wconf 84' lang='grc' dir='ltr'>πατέρας</span> <span class='ocrx_word' id='word_1_248' title='bbox 596 2337 959 2408; x_wconf 84' lang='grc' dir='ltr'>γεγενημένον</span> <span class='ocrx_word' id='word_1_249' title='bbox 979 2356 993 2370; x_wconf 86' lang='grc'><strong>·</strong></span> <span class='ocrx_word' id='word_1_250' title='bbox 1027 2341 1147 2395; x_wconf 83' lang='grc' dir='ltr'>ὅθεν</span> <span class='ocrx_word' id='word_1_251' title='bbox 1175 2342 1270 2396; x_wconf 72' lang='grc' dir='ltr'><strong>καὶ</strong></span> <span class='ocrx_word' id='word_1_252' title='bbox 1301 2343 1387 2398; x_wconf 81' lang='grc' dir='ltr'>διὰ</span> <span class='ocrx_word' id='word_1_253' title='bbox 1424 2345 1764 2419; x_wconf 83' lang='grc' dir='ltr'>σκυθρωπῶν</span> <span class='ocrx_word' id='word_1_254' title='bbox 1796 2351 1891 2404; x_wconf 78' lang='grc' dir='ltr'>καὶ</span> 
     </span>
    </p>
   </div>
   <div class='ocr_carea' id='block_1_39' title="bbox 317 2425 1890 2507">
    <p class='ocr_par' dir='ltr' id='par_1_39' title="bbox 317 2425 1890 2507">
     <span class='ocr_line' id='line_1_39' title="bbox 317 2425 1890 2507; baseline 0.013 -31"><span class='ocrx_word' id='word_1_255' title='bbox 317 2425 573 2495; x_wconf 85' lang='grc' dir='ltr'>χρηστῶν</span> <span class='ocrx_word' id='word_1_256' title='bbox 592 2425 764 2496; x_wconf 73' lang='grc' dir='ltr'>ὄψεων</span> <span class='ocrx_word' id='word_1_257' title='bbox 793 2431 1063 2501; x_wconf 85' lang='grc' dir='ltr'>σωτηρίαν</span> <span class='ocrx_word' id='word_1_258' title='bbox 1084 2433 1264 2499; x_wconf 85' lang='grc' dir='ltr'>αὐτοῖς</span> <span class='ocrx_word' id='word_1_259' title='bbox 1289 2437 1755 2507; x_wconf 83' lang='grc' dir='ltr'>πραγματεύεται.</span> <span class='ocrx_word' id='word_1_260' title='bbox 1778 2443 1890 2496; x_wconf 75' lang='grc' dir='ltr'><strong>Καὶ</strong></span> 
     </span>
    </p>
   </div>
   <div class='ocr_carea' id='block_1_40' title="bbox 310 2517 1889 2603">
    <p class='ocr_par' dir='ltr' id='par_1_40' title="bbox 310 2517 1889 2603">
     <span class='ocr_line' id='line_1_40' title="bbox 310 2517 1889 2603; baseline 0.011 -34"><span class='ocrx_word' id='word_1_261' title='bbox 310 2517 442 2586; x_wconf 80' lang='grc' dir='ltr'>μετ’</span> <span class='ocrx_word' id='word_1_262' title='bbox 480 2518 656 2588; x_wconf 76' lang='grc' dir='ltr'>ὀλίγα</span> <span class='ocrx_word' id='word_1_263' title='bbox 684 2537 697 2549; x_wconf 89' lang='grc'><strong>·</strong></span> <span class='ocrx_word' id='word_1_264' title='bbox 728 2522 828 2574; x_wconf 89' lang='grc' dir='ltr'>Τὸν</span> <span class='ocrx_word' id='word_1_265' title='bbox 862 2524 1024 2579; x_wconf 84' lang='grc' dir='ltr'>αὑτὸν</span> <span class='ocrx_word' id='word_1_266' title='bbox 1051 2525 1249 2596; x_wconf 86' lang='grc' dir='ltr'>τρόπον</span> <span class='ocrx_word' id='word_1_267' title='bbox 1279 2528 1372 2580; x_wconf 76' lang='grc' dir='ltr'>καὶ</span> <span class='ocrx_word' id='word_1_268' title='bbox 1414 2528 1644 2582; x_wconf 85' lang='grc' dir='ltr'>ἐνταῦθα</span> <span class='ocrx_word' id='word_1_269' title='bbox 1683 2532 1780 2603; x_wconf 81' lang='grc' dir='ltr'><strong>τὴν</strong></span> <span class='ocrx_word' id='word_1_270' title='bbox 1809 2534 1889 2599; x_wconf 83' lang='grc' dir='ltr'><strong>είς</strong></span> 
     </span>
    </p>
   </div>
   <div class='ocr_carea' id='block_1_41' title="bbox 313 2610 1890 2693">
    <p class='ocr_par' dir='ltr' id='par_1_41' title="bbox 313 2610 1890 2693">
     <span class='ocr_line' id='line_1_41' title="bbox 313 2610 1890 2693; baseline 0.013 -31"><span class='ocrx_word' id='word_1_271' title='bbox 313 2610 513 2675; x_wconf 76' lang='grc' dir='ltr'>αὐτοὺς</span> <span class='ocrx_word' id='word_1_272' title='bbox 545 2613 832 2686; x_wconf 69' lang='grc' dir='ltr'>ἐπίσκεψιν</span> <span class='ocrx_word' id='word_1_273' title='bbox 861 2617 1024 2670; x_wconf 80' lang='grc' dir='ltr'>αὑτοῦ</span> <span class='ocrx_word' id='word_1_274' title='bbox 1059 2619 1192 2674; x_wconf 74' lang='grc' dir='ltr'>ἰδίαν</span> <span class='ocrx_word' id='word_1_275' title='bbox 1229 2623 1530 2693; x_wconf 87' lang='grc' dir='ltr'>παρουσίαν</span> <span class='ocrx_word' id='word_1_276' title='bbox 1571 2626 1734 2678; x_wconf 84' lang='grc' dir='ltr'>αὐτοῦ</span> <span class='ocrx_word' id='word_1_277' title='bbox 1761 2645 1890 2682; x_wconf 87' lang='grc' dir='ltr'>κατ-</span> 
     </span>
    </p>
   </div>
   <div class='ocr_carea' id='block_1_42' title="bbox 313 2701 1888 2776">
    <p class='ocr_par' dir='ltr' id='par_1_42' title="bbox 313 2701 1888 2776">
     <span class='ocr_line' id='line_1_42' title="bbox 313 2701 1888 2776; baseline 0.011 -23"><span class='ocrx_word' id='word_1_278' title='bbox 313 2701 602 2770; x_wconf 85' lang='grc' dir='ltr'>αγγέλλει,</span> <span class='ocrx_word' id='word_1_279' title='bbox 649 2704 857 2776; x_wconf 85' lang='grc' dir='ltr'>δηλῶν,</span> <span class='ocrx_word' id='word_1_280' title='bbox 883 2707 957 2771; x_wconf 86' lang='grc' dir='ltr'>ὠς</span> <span class='ocrx_word' id='word_1_281' title='bbox 987 2709 1294 2774; x_wconf 82' lang='grc' dir='ltr'>ἐπισυνάξει</span> <span class='ocrx_word' id='word_1_282' title='bbox 1335 2712 1533 2776; x_wconf 75' lang='grc' dir='ltr'>αὐτοὺς</span> <span class='ocrx_word' id='word_1_283' title='bbox 1558 2714 1626 2766; x_wconf 89' lang='grc' dir='ltr'><strong>ἐκ</strong></span> <span class='ocrx_word' id='word_1_284' title='bbox 1675 2716 1888 2770; x_wconf 84' lang='grc' dir='ltr'>πάντων</span> 
     </span>
    </p>
   </div>
   <div class='ocr_carea' id='block_1_43' title="bbox 311 2792 1886 2876">
    <p class='ocr_par' dir='ltr' id='par_1_43' title="bbox 311 2792 1886 2876">
     <span class='ocr_line' id='line_1_43' title="bbox 311 2792 1886 2876; baseline 0.011 -32"><span class='ocrx_word' id='word_1_285' title='bbox 311 2792 422 2846; x_wconf 86' lang='grc' dir='ltr'><strong>τῶν</strong></span> <span class='ocrx_word' id='word_1_286' title='bbox 455 2793 621 2848; x_wconf 89' lang='grc' dir='ltr'>ἐθνῶν</span> <span class='ocrx_word' id='word_1_287' title='bbox 639 2799 694 2849; x_wconf 89' lang='grc' dir='ltr'><strong>ἐν</strong></span> <span class='ocrx_word' id='word_1_288' title='bbox 720 2792 800 2860; x_wconf 71' lang='grc' dir='ltr'>οἷς</span> <span class='ocrx_word' id='word_1_289' title='bbox 825 2798 1261 2871; x_wconf 69' lang='grc' dir='ltr'>ἀνεστράφησαν,</span> <span class='ocrx_word' id='word_1_290' title='bbox 1285 2803 1405 2856; x_wconf 83' lang='grc' dir='ltr'>ἐκεῖ</span> <span class='ocrx_word' id='word_1_291' title='bbox 1425 2804 1758 2876; x_wconf 76' lang='grc' dir='ltr'>ἐκμαθόντες</span> <span class='ocrx_word' id='word_1_292' title='bbox 1792 2809 1886 2862; x_wconf 79' lang='grc' dir='ltr'>καὶ</span> 
     </span>
    </p>
   </div>
   <div class='ocr_carea' id='block_1_44' title="bbox 314 2883 909 2952">
    <p class='ocr_par' dir='ltr' id='par_1_44' title="bbox 314 2883 909 2952">
     <span class='ocr_line' id='line_1_44' title="bbox 314 2883 909 2952; baseline 0.013 -16"><span class='ocrx_word' id='word_1_293' title='bbox 314 2883 414 2944; x_wconf 87' lang='grc' dir='ltr'>τὰς</span> <span class='ocrx_word' id='word_1_294' title='bbox 436 2885 687 2952; x_wconf 77' lang='grc' dir='ltr'>γλώσσας</span> <span class='ocrx_word' id='word_1_295' title='bbox 711 2888 909 2944; x_wconf 81' lang='grc' dir='ltr'>αὐτῶν.</span> 
     </span>
    </p>
   </div>
   <div class='ocr_carea' id='block_1_45' title="bbox 398 2977 1887 3056">
    <p class='ocr_par' dir='ltr' id='par_1_45' title="bbox 398 2977 1887 3056">
     <span class='ocr_line' id='line_1_45' title="bbox 398 2977 1887 3056; baseline 0.009 -27"><span class='ocrx_word' id='word_1_296' title='bbox 398 2977 635 3032; x_wconf 86' lang='grc' dir='ltr'>Ἐκεῖθεν</span> <span class='ocrx_word' id='word_1_297' title='bbox 666 2980 722 3032; x_wconf 84' lang='grc' dir='ltr'>δὲ</span> <span class='ocrx_word' id='word_1_298' title='bbox 768 2983 859 3034; x_wconf 79' lang='grc' dir='ltr'>καὶ</span> <span class='ocrx_word' id='word_1_299' title='bbox 896 2983 1022 3046; x_wconf 78' lang='grc' dir='ltr'>τοὺς</span> <span class='ocrx_word' id='word_1_300' title='bbox 1056 2984 1356 3056; x_wconf 89' lang='grc' dir='ltr'>μακαρίους</span> <span class='ocrx_word' id='word_1_301' title='bbox 1388 2987 1716 3052; x_wconf 83' lang='grc' dir='ltr'>ἀποστόλους</span> <span class='ocrx_word' id='word_1_302' title='bbox 1750 2989 1887 3042; x_wconf 85' lang='grc' dir='ltr'>ἀπέ-</span> 
     </span>
    </p>
   </div>
   <div class='ocr_carea' id='block_1_46' title="bbox 1993 1867 3557 1938">
    <p class='ocr_par' dir='ltr' id='par_1_46' title="bbox 1993 1867 3557 1938">
     <span class='ocr_line' id='line_1_46' title="bbox 1993 1867 3557 1938; baseline 0.004 -16"><span class='ocrx_word' id='word_1_303' title='bbox 1993 1869 2226 1924; x_wconf 88' lang='lat' dir='ltr'><strong>tationes</strong></span> <span class='ocrx_word' id='word_1_304' title='bbox 2259 1887 2272 1922; x_wconf 90' lang='lat'>:</span> <span class='ocrx_word' id='word_1_305' title='bbox 2305 1867 2449 1938; x_wconf 91' lang='lat' dir='ltr'><strong>quod</strong></span> <span class='ocrx_word' id='word_1_306' title='bbox 2498 1868 2691 1922; x_wconf 92' lang='lat' dir='ltr'><strong>merito</strong></span> <span class='ocrx_word' id='word_1_307' title='bbox 2734 1877 2788 1924; x_wconf 89' lang='lat' dir='ltr'><strong>et</strong></span> <span class='ocrx_word' id='word_1_308' title='bbox 2829 1870 3124 1925; x_wconf 88' lang='lat' dir='ltr'><strong>salubriter</strong></span> <span class='ocrx_word' id='word_1_309' title='bbox 3161 1871 3228 1926; x_wconf 92' lang='lat' dir='ltr'><strong>ad</strong></span> <span class='ocrx_word' id='word_1_310' title='bbox 3267 1873 3557 1929; x_wconf 89' lang='lat' dir='ltr'><strong>utilitatem</strong></span> 
     </span>
    </p>
   </div>
   <div class='ocr_carea' id='block_1_47' title="bbox 1993 1955 3558 2028">
    <p class='ocr_par' dir='ltr' id='par_1_47' title="bbox 1993 1955 3558 2028">
     <span class='ocr_line' id='line_1_47' title="bbox 1993 1955 3558 2028; baseline 0.004 -17"><span class='ocrx_word' id='word_1_311' title='bbox 1993 1965 2237 2014; x_wconf 88' lang='lat' dir='ltr'><strong>nostram</strong></span> <span class='ocrx_word' id='word_1_312' title='bbox 2273 1964 2514 2028; x_wconf 67' lang='lat' dir='ltr'><strong>praestat.</strong></span> <span class='ocrx_word' id='word_1_313' title='bbox 2543 1986 2616 1998; x_wconf 89' lang='lat'><strong>—</strong></span> <span class='ocrx_word' id='word_1_314' title='bbox 2641 1955 2762 2011; x_wconf 84' lang='lat' dir='ltr'><strong>Jam</strong></span> <span class='ocrx_word' id='word_1_315' title='bbox 2805 1974 2914 2013; x_wconf 91' lang='lat' dir='ltr'><strong>non</strong></span> <span class='ocrx_word' id='word_1_316' title='bbox 2947 1960 3127 2016; x_wconf 85' lang='lat' dir='ltr'><strong>verbis</strong></span> <span class='ocrx_word' id='word_1_317' title='bbox 3169 1962 3344 2018; x_wconf 89' lang='lat' dir='ltr'><strong>minas</strong></span> <span class='ocrx_word' id='word_1_318' title='bbox 3376 1963 3558 2018; x_wconf 89' lang='lat' dir='ltr'><strong>inten-</strong></span> 
     </span>
    </p>
   </div>
   <div class='ocr_carea' id='block_1_48' title="bbox 1992 2049 3557 2119">
    <p class='ocr_par' dir='ltr' id='par_1_48' title="bbox 1992 2049 3557 2119">
     <span class='ocr_line' id='line_1_48' title="bbox 1992 2049 3557 2119; baseline 0.004 -15"><span class='ocrx_word' id='word_1_319' title='bbox 1992 2049 2091 2116; x_wconf 87' lang='lat' dir='ltr'><strong>dit,</strong></span> <span class='ocrx_word' id='word_1_320' title='bbox 2134 2065 2288 2105; x_wconf 82' lang='lat' dir='ltr'><strong>suam</strong></span> <span class='ocrx_word' id='word_1_321' title='bbox 2315 2064 2531 2119; x_wconf 90' lang='lat' dir='ltr'><strong>quoque</strong></span> <span class='ocrx_word' id='word_1_322' title='bbox 2571 2052 2916 2119; x_wconf 62' lang='lat' dir='ltr'><strong>prmsentiam</strong></span> <span class='ocrx_word' id='word_1_323' title='bbox 2953 2053 3264 2107; x_wconf 87' lang='lat' dir='ltr'><strong>annuntiat.</strong></span> <span class='ocrx_word' id='word_1_324' title='bbox 3305 2053 3407 2109; x_wconf 85' lang='lat' dir='ltr'><strong>Per</strong></span> <span class='ocrx_word' id='word_1_325' title='bbox 3439 2070 3557 2110; x_wconf 83' lang='lat' dir='ltr'><strong>om-</strong></span> 
     </span>
    </p>
   </div>
   <div class='ocr_carea' id='block_1_49' title="bbox 1992 2137 3558 2214">
    <p class='ocr_par' dir='ltr' id='par_1_49' title="bbox 1992 2137 3558 2214">
     <span class='ocr_line' id='line_1_49' title="bbox 1992 2137 3558 2214; baseline 0.004 -20"><span class='ocrx_word' id='word_1_326' title='bbox 1992 2140 2083 2194; x_wconf 90' lang='lat' dir='ltr'><strong>nia</strong></span> <span class='ocrx_word' id='word_1_327' title='bbox 2139 2139 2285 2194; x_wconf 89' lang='lat' dir='ltr'><strong>enim</strong></span> <span class='ocrx_word' id='word_1_328' title='bbox 2328 2137 2508 2194; x_wconf 86' lang='lat' dir='ltr'><strong>studet</strong></span> <span class='ocrx_word' id='word_1_329' title='bbox 2548 2137 2812 2197; x_wconf 91' lang='lat' dir='ltr'><strong>Dominus</strong></span> <span class='ocrx_word' id='word_1_330' title='bbox 2869 2148 2930 2195; x_wconf 88' lang='lat' dir='ltr'><strong>ut</strong></span> <span class='ocrx_word' id='word_1_331' title='bbox 2976 2141 3149 2197; x_wconf 85' lang='lat' dir='ltr'><strong>salvet</strong></span> <span class='ocrx_word' id='word_1_332' title='bbox 3196 2144 3450 2214; x_wconf 90' lang='lat' dir='ltr'><strong>populum</strong></span> <span class='ocrx_word' id='word_1_333' title='bbox 3505 2155 3558 2201; x_wconf 88' lang='lat' dir='ltr'><strong>et</strong></span> 
     </span>
    </p>
   </div>
   <div class='ocr_carea' id='block_1_50' title="bbox 1992 2229 3551 2303">
    <p class='ocr_par' dir='ltr' id='par_1_50' title="bbox 1992 2229 3551 2303">
     <span class='ocr_line' id='line_1_50' title="bbox 1992 2229 3551 2303; baseline 0.003 -17"><span class='ocrx_word' id='word_1_334' title='bbox 1992 2244 2298 2286; x_wconf 88' lang='lat' dir='ltr'><strong>sermonem</strong></span> <span class='ocrx_word' id='word_1_335' title='bbox 2369 2229 2614 2300; x_wconf 85' lang='lat' dir='ltr'><strong>perﬁciat</strong></span> <span class='ocrx_word' id='word_1_336' title='bbox 2663 2231 2730 2284; x_wconf 93' lang='lat' dir='ltr'><strong>ad</strong></span> <span class='ocrx_word' id='word_1_337' title='bbox 2784 2239 2966 2302; x_wconf 87' lang='lat' dir='ltr'><strong>patres</strong></span> <span class='ocrx_word' id='word_1_338' title='bbox 3027 2233 3297 2303; x_wconf 87' lang='lat' dir='ltr'><strong>prolatum</strong></span> <span class='ocrx_word' id='word_1_339' title='bbox 3352 2252 3368 2289; x_wconf 86' lang='lat'><strong>:</strong></span> <span class='ocrx_word' id='word_1_340' title='bbox 3427 2235 3551 2290; x_wconf 85' lang='lat' dir='ltr'><strong>ideo</strong></span> 
     </span>
    </p>
   </div>
   <div class='ocr_carea' id='block_1_51' title="bbox 1991 2321 3552 2398">
    <p class='ocr_par' dir='ltr' id='par_1_51' title="bbox 1991 2321 3552 2398">
     <span class='ocr_line' id='line_1_51' title="bbox 1991 2321 3552 2398; baseline 0.006 -24"><span class='ocrx_word' id='word_1_341' title='bbox 1991 2327 2104 2375; x_wconf 87' lang='lat' dir='ltr'><strong>tum</strong></span> <span class='ocrx_word' id='word_1_342' title='bbox 2137 2321 2302 2376; x_wconf 89' lang='lat' dir='ltr'><strong>minis</strong></span> <span class='ocrx_word' id='word_1_343' title='bbox 2333 2337 2456 2376; x_wconf 89' lang='lat' dir='ltr'><strong>cum</strong></span> <span class='ocrx_word' id='word_1_344' title='bbox 2491 2323 2778 2391; x_wconf 87' lang='lat' dir='ltr'><strong>promissis</strong></span> <span class='ocrx_word' id='word_1_345' title='bbox 2822 2323 3053 2379; x_wconf 88' lang='lat' dir='ltr'><strong>salutem</strong></span> <span class='ocrx_word' id='word_1_346' title='bbox 3092 2325 3227 2395; x_wconf 88' lang='lat' dir='ltr'><strong>ipsis</strong></span> <span class='ocrx_word' id='word_1_347' title='bbox 3275 2336 3552 2398; x_wconf 89' lang='lat' dir='ltr'><strong>operatur.</strong></span> 
     </span>
    </p>
   </div>
   <div class='ocr_carea' id='block_1_52' title="bbox 1991 2410 3554 2485">
    <p class='ocr_par' dir='ltr' id='par_1_52' title="bbox 1991 2410 3554 2485">
     <span class='ocr_line' id='line_1_52' title="bbox 1991 2410 3554 2485; baseline 0.004 -19"><span class='ocrx_word' id='word_1_348' title='bbox 1991 2410 2060 2466; x_wconf 86' lang='grc' dir='ltr'>Ει</span> <span class='ocrx_word' id='word_1_349' title='bbox 2088 2412 2248 2482; x_wconf 84' lang='lat' dir='ltr'><strong>paulo</strong></span> <span class='ocrx_word' id='word_1_350' title='bbox 2273 2421 2390 2483; x_wconf 75' lang='lat' dir='ltr'><strong>post</strong></span> <span class='ocrx_word' id='word_1_351' title='bbox 2415 2429 2434 2468; x_wconf 92' lang='lat'><strong><em>:</em></strong></span> <span class='ocrx_word' id='word_1_352' title='bbox 2465 2412 2666 2468; x_wconf 84' lang='lat' dir='ltr'><strong>Eadem</strong></span> <span class='ocrx_word' id='word_1_353' title='bbox 2705 2414 2917 2469; x_wconf 84' lang='lat' dir='ltr'><strong>ratione</strong></span> <span class='ocrx_word' id='word_1_354' title='bbox 2934 2414 3022 2469; x_wconf 86' lang='lat' dir='ltr'><strong>hic</strong></span> <span class='ocrx_word' id='word_1_355' title='bbox 3055 2430 3272 2485; x_wconf 90' lang='lat' dir='ltr'><strong>quoque</strong></span> <span class='ocrx_word' id='word_1_356' title='bbox 3300 2433 3455 2472; x_wconf 91' lang='lat' dir='ltr'><strong>suam</strong></span> <span class='ocrx_word' id='word_1_357' title='bbox 3498 2419 3554 2472; x_wconf 90' lang='lat' dir='ltr'><strong>in</strong></span> 
     </span>
    </p>
   </div>
   <div class='ocr_carea' id='block_1_53' title="bbox 1989 2504 3555 2576">
    <p class='ocr_par' dir='ltr' id='par_1_53' title="bbox 1989 2504 3555 2576">
     <span class='ocr_line' id='line_1_53' title="bbox 1989 2504 3555 2576; baseline 0.003 -17"><span class='ocrx_word' id='word_1_358' title='bbox 1989 2518 2086 2559; x_wconf 88' lang='lat' dir='ltr'><strong>eos</strong></span> <span class='ocrx_word' id='word_1_359' title='bbox 2115 2504 2530 2575; x_wconf 84' lang='lat' dir='ltr'><strong>inspectionem,</strong></span> <span class='ocrx_word' id='word_1_360' title='bbox 2575 2507 2866 2560; x_wconf 86' lang='lat' dir='ltr'><strong>adventum</strong></span> <span class='ocrx_word' id='word_1_361' title='bbox 2897 2521 3058 2562; x_wconf 89' lang='lat' dir='ltr'><strong>suum</strong></span> <span class='ocrx_word' id='word_1_362' title='bbox 3100 2508 3415 2576; x_wconf 81' lang='lat' dir='ltr'><strong>denuntiat;</strong></span> <span class='ocrx_word' id='word_1_363' title='bbox 3458 2509 3555 2564; x_wconf 89' lang='lat' dir='ltr'><strong>de-</strong></span> 
     </span>
    </p>
   </div>
   <div class='ocr_carea' id='block_1_54' title="bbox 1988 2592 3555 2671">
    <p class='ocr_par' dir='ltr' id='par_1_54' title="bbox 1988 2592 3555 2671">
     <span class='ocr_line' id='line_1_54' title="bbox 1988 2592 3555 2671; baseline 0.006 -25"><span class='ocrx_word' id='word_1_364' title='bbox 1988 2592 2206 2649; x_wconf 88' lang='lat' dir='ltr'><strong>clarans</strong></span> <span class='ocrx_word' id='word_1_365' title='bbox 2251 2609 2311 2649; x_wconf 90' lang='lat' dir='ltr'><strong>se</strong></span> <span class='ocrx_word' id='word_1_366' title='bbox 2353 2609 2448 2649; x_wconf 91' lang='lat' dir='ltr'><strong>eos</strong></span> <span class='ocrx_word' id='word_1_367' title='bbox 2488 2594 2554 2649; x_wconf 89' lang='lat' dir='ltr'><strong>de</strong></span> <span class='ocrx_word' id='word_1_368' title='bbox 2586 2594 2840 2650; x_wconf 91' lang='lat' dir='ltr'><strong>omnibus</strong></span> <span class='ocrx_word' id='word_1_369' title='bbox 2883 2597 3137 2667; x_wconf 79' lang='lat' dir='ltr'><strong>gentibus</strong></span> <span class='ocrx_word' id='word_1_370' title='bbox 3190 2607 3555 2671; x_wconf 87' lang='lat' dir='ltr'><strong>congregatu-</strong></span> 
     </span>
    </p>
   </div>
   <div class='ocr_carea' id='block_1_55' title="bbox 1987 2684 3555 2764">
    <p class='ocr_par' dir='ltr' id='par_1_55' title="bbox 1987 2684 3555 2764">
     <span class='ocr_line' id='line_1_55' title="bbox 1987 2684 3555 2764; baseline 0.006 -26"><span class='ocrx_word' id='word_1_371' title='bbox 1987 2698 2133 2748; x_wconf 90' lang='lat' dir='ltr'><strong>rum,</strong></span> <span class='ocrx_word' id='word_1_372' title='bbox 2177 2685 2318 2740; x_wconf 90' lang='lat' dir='ltr'><strong>inter</strong></span> <span class='ocrx_word' id='word_1_373' title='bbox 2344 2699 2482 2756; x_wconf 89' lang='lat' dir='ltr'><strong>quas</strong></span> <span class='ocrx_word' id='word_1_374' title='bbox 2535 2684 2818 2757; x_wconf 79' lang='lat' dir='ltr'><strong>degebant,</strong></span> <span class='ocrx_word' id='word_1_375' title='bbox 2851 2703 3082 2756; x_wconf 89' lang='lat' dir='ltr'><strong>quarum</strong></span> <span class='ocrx_word' id='word_1_376' title='bbox 3129 2689 3293 2744; x_wconf 90' lang='lat' dir='ltr'><strong>etiam</strong></span> <span class='ocrx_word' id='word_1_377' title='bbox 3338 2693 3555 2764; x_wconf 82' lang='lat' dir='ltr'><strong>linguas</strong></span> 
     </span>
    </p>
   </div>
   <div class='ocr_carea' id='block_1_56' title="bbox 1987 2775 3440 2832">
    <p class='ocr_par' dir='ltr' id='par_1_56' title="bbox 1987 2775 3440 2832">
     <span class='ocr_line' id='line_1_56' title="bbox 1987 2775 3440 2832; baseline 0.008 0"><span class='ocrx_word' id='word_1_378' title='bbox 1987 2775 2305 2832; x_wconf 86' lang='lat' dir='ltr'><strong>edisceban.</strong></span> <span class='ocrx_word' id='word_1_379' title='bbox 3380 2799 3390 2805; x_wconf 86' lang='lat'>&#39;</span> <span class='ocrx_word' id='word_1_380' title='bbox 3429 2806 3440 2812; x_wconf 89' lang='grc'><strong>·</strong></span> 
     </span>
    </p>
   </div>
   <div class='ocr_carea' id='block_1_57' title="bbox 2059 2964 3552 3048">
    <p class='ocr_par' dir='ltr' id='par_1_57' title="bbox 2059 2964 3552 3048">
     <span class='ocr_line' id='line_1_57' title="bbox 2059 2964 3552 3048; baseline 0.013 -25"><span class='ocrx_word' id='word_1_381' title='bbox 2059 2967 2228 3026; x_wconf 74' lang='lat' dir='ltr'><strong>Vens.</strong></span> <span class='ocrx_word' id='word_1_382' title='bbox 2253 2964 2344 3026; x_wconf 60' lang='lat'><strong>19‘.</strong></span> <span class='ocrx_word' id='word_1_383' title='bbox 2364 2974 2526 3028; x_wconf 70' lang='lat' dir='ltr'><strong>hanc</strong></span> <span class='ocrx_word' id='word_1_384' title='bbox 2555 2983 2718 3028; x_wconf 76' lang='lat' dir='ltr'><strong>etiam</strong></span> <span class='ocrx_word' id='word_1_385' title='bbox 2751 2983 2941 3031; x_wconf 88' lang='lat' dir='ltr'><strong>neatos</strong></span> <span class='ocrx_word' id='word_1_386' title='bbox 2972 2981 3245 3048; x_wconf 88' lang='lat' dir='ltr'><strong>apostolos</strong></span> <span class='ocrx_word' id='word_1_387' title='bbox 3287 2994 3467 3040; x_wconf 82' lang='lat' dir='ltr'><strong>emisu</strong></span> <span class='ocrx_word' id='word_1_388' title='bbox 3492 2995 3552 3042; x_wconf 74' lang='lat' dir='ltr'><strong>tn</strong></span> 
     </span>
    </p>
   </div>
   <div class='ocr_carea' id='block_1_58' title="bbox 315 3065 1885 3170">
    <p class='ocr_par' dir='ltr' id='par_1_58' title="bbox 315 3069 1885 3153">
     <span class='ocr_line' id='line_1_58' title="bbox 315 3069 1885 3153; baseline 0.01 -33"><span class='ocrx_word' id='word_1_389' title='bbox 315 3069 490 3122; x_wconf 82' lang='grc' dir='ltr'>στειλε</span> <span class='ocrx_word' id='word_1_390' title='bbox 542 3073 783 3143; x_wconf 81' lang='grc' dir='ltr'>κήρυκας</span> <span class='ocrx_word' id='word_1_391' title='bbox 829 3075 949 3126; x_wconf 73' lang='grc' dir='ltr'>καθ’</span> <span class='ocrx_word' id='word_1_392' title='bbox 983 3076 1110 3145; x_wconf 86' lang='grc' dir='ltr'>ὅλης</span> <span class='ocrx_word' id='word_1_393' title='bbox 1137 3079 1458 3150; x_wconf 84' lang='grc' dir='ltr'>οἰκουμένης</span> <span class='ocrx_word' id='word_1_394' title='bbox 1490 3082 1885 3153; x_wconf 84' lang='grc' dir='ltr'>γενησομένους</span> 
     </span>
    </p>
   </div>
   <div class='ocr_carea' id='block_1_59' title="bbox 1983 3065 3550 3170">
    <p class='ocr_par' dir='ltr' id='par_1_59' title="bbox 1988 3065 3550 3146">
     <span class='ocr_line' id='line_1_59' title="bbox 1988 3065 3550 3146; baseline 0.01 -28"><span class='ocrx_word' id='word_1_395' title='bbox 1988 3071 2165 3119; x_wconf 89' lang='lat' dir='ltr'><strong>totum</strong></span> <span class='ocrx_word' id='word_1_396' title='bbox 2228 3070 2500 3118; x_wconf 89' lang='lat' dir='ltr'><strong>terrarum</strong></span> <span class='ocrx_word' id='word_1_397' title='bbox 2550 3065 2737 3120; x_wconf 89' lang='lat' dir='ltr'><strong>orbem</strong></span> <span class='ocrx_word' id='word_1_398' title='bbox 2807 3069 3154 3137; x_wconf 88' lang='lat' dir='ltr'><strong>perlustrati,</strong></span> <span class='ocrx_word' id='word_1_399' title='bbox 3202 3072 3550 3146; x_wconf 86' lang='lat' dir='ltr'><strong>Evangelium</strong></span> 
     </span>
    </p>
   </div>
   <div class='ocr_carea' id='block_1_60' title="bbox 311 3161 982 3237">
    <p class='ocr_par' dir='ltr' id='par_1_60' title="bbox 311 3161 982 3237">
     <span class='ocr_line' id='line_1_60' title="bbox 311 3161 982 3237; baseline 0.01 -24"><span class='ocrx_word' id='word_1_400' title='bbox 311 3161 408 3214; x_wconf 77' lang='grc' dir='ltr'><strong>ἀπ’</strong></span> <span class='ocrx_word' id='word_1_401' title='bbox 437 3162 618 3235; x_wconf 83' lang='grc' dir='ltr'>ἄκρων</span> <span class='ocrx_word' id='word_1_402' title='bbox 642 3164 744 3228; x_wconf 80' lang='grc' dir='ltr'><strong>ἕως</strong></span> <span class='ocrx_word' id='word_1_403' title='bbox 775 3167 982 3237; x_wconf 79' lang='grc' dir='ltr'>ἄκρων.</span> 
     </span>
    </p>
   </div>
   <div class='ocr_carea' id='block_1_61' title="bbox 383 3253 1885 3334">
    <p class='ocr_par' dir='ltr' id='par_1_61' title="bbox 383 3253 1885 3334">
     <span class='ocr_line' id='line_1_61' title="bbox 383 3253 1885 3334; baseline 0.007 -28"><span class='ocrx_word' id='word_1_404' title='bbox 383 3253 594 3307; x_wconf 84' lang='grc' dir='ltr'>Ἵππων</span> <span class='ocrx_word' id='word_1_405' title='bbox 623 3257 716 3308; x_wconf 68' lang='grc' dir='ltr'><strong>καὶ</strong></span> <span class='ocrx_word' id='word_1_406' title='bbox 738 3259 972 3327; x_wconf 77' lang='grc' dir='ltr'>ἡμιόνων</span> <span class='ocrx_word' id='word_1_407' title='bbox 1015 3261 1107 3312; x_wconf 69' lang='grc' dir='ltr'><strong>καὶ</strong></span> <span class='ocrx_word' id='word_1_408' title='bbox 1137 3260 1420 3330; x_wconf 84' lang='grc' dir='ltr'>λαμπίνων</span> <span class='ocrx_word' id='word_1_409' title='bbox 1458 3263 1756 3333; x_wconf 84' lang='grc' dir='ltr'>μέμνηται,</span> <span class='ocrx_word' id='word_1_410' title='bbox 1788 3263 1885 3334; x_wconf 87' lang='grc' dir='ltr'>δη-</span> 
     </span>
    </p>
   </div>
   <div class='ocr_carea' id='block_1_62' title="bbox 311 3345 1886 3426">
    <p class='ocr_par' dir='ltr' id='par_1_62' title="bbox 311 3345 1886 3426">
     <span class='ocr_line' id='line_1_62' title="bbox 311 3345 1886 3426; baseline 0.006 -29"><span class='ocrx_word' id='word_1_411' title='bbox 311 3345 420 3398; x_wconf 86' lang='grc' dir='ltr'><strong>λῶν</strong></span> <span class='ocrx_word' id='word_1_412' title='bbox 459 3346 557 3416; x_wconf 77' lang='grc' dir='ltr'>τὴν</span> <span class='ocrx_word' id='word_1_413' title='bbox 599 3348 708 3398; x_wconf 87' lang='grc' dir='ltr'><strong>τῶν</strong></span> <span class='ocrx_word' id='word_1_414' title='bbox 757 3348 924 3402; x_wconf 84' lang='grc' dir='ltr'>ἐθνῶν</span> <span class='ocrx_word' id='word_1_415' title='bbox 974 3351 1258 3421; x_wconf 82' lang='grc' dir='ltr'>εὐθυμίαν,</span> <span class='ocrx_word' id='word_1_416' title='bbox 1292 3353 1413 3422; x_wconf 81' lang='grc' dir='ltr'>ἥτις</span> <span class='ocrx_word' id='word_1_417' title='bbox 1443 3353 1674 3425; x_wconf 85' lang='grc' dir='ltr'>πρώτως</span> <span class='ocrx_word' id='word_1_418' title='bbox 1720 3354 1886 3426; x_wconf 87' lang='grc' dir='ltr'>ἐπλη-</span> 
     </span>
    </p>
   </div>
   <div class='ocr_carea' id='block_1_63' title="bbox 313 3437 1882 3520">
    <p class='ocr_par' dir='ltr' id='par_1_63' title="bbox 313 3437 1882 3520">
     <span class='ocr_line' id='line_1_63' title="bbox 313 3437 1882 3520; baseline 0.006 -28"><span class='ocrx_word' id='word_1_419' title='bbox 313 3437 474 3510; x_wconf 88' lang='grc' dir='ltr'>ροῦτο</span> <span class='ocrx_word' id='word_1_420' title='bbox 497 3439 708 3492; x_wconf 81' lang='grc' dir='ltr'>ἐπὶ-τοῦ</span> <span class='ocrx_word' id='word_1_421' title='bbox 728 3440 979 3512; x_wconf 76' lang='grc' dir='ltr'>εὐνούχου</span> <span class='ocrx_word' id='word_1_422' title='bbox 1009 3443 1109 3514; x_wconf 79' lang='grc' dir='ltr'>τῆς</span> <span class='ocrx_word' id='word_1_423' title='bbox 1148 3444 1431 3518; x_wconf 84' lang='grc' dir='ltr'>Κανδάκης</span> <span class='ocrx_word' id='word_1_424' title='bbox 1461 3445 1796 3520; x_wconf 86' lang='grc' dir='ltr'>βασιλίσσης,</span> <span class='ocrx_word' id='word_1_425' title='bbox 1825 3449 1882 3512; x_wconf 88' lang='grc' dir='ltr'>ὃς</span> 
     </span>
    </p>
   </div>
   <div class='ocr_carea' id='block_1_64' title="bbox 306 3530 1655 3608">
    <p class='ocr_par' dir='ltr' id='par_1_64' title="bbox 306 3530 1655 3608">
     <span class='ocr_line' id='line_1_64' title="bbox 306 3530 1655 3608; baseline 0.006 -23"><span class='ocrx_word' id='word_1_426' title='bbox 306 3531 400 3585; x_wconf 83' lang='grc' dir='ltr'><strong>τὸν</strong></span> <span class='ocrx_word' id='word_1_427' title='bbox 427 3530 690 3584; x_wconf 81' lang='grc' dir='ltr'>Φίλιππον</span> <span class='ocrx_word' id='word_1_428' title='bbox 713 3531 906 3603; x_wconf 75' lang='grc' dir='ltr'>ἔφερεν</span> <span class='ocrx_word' id='word_1_429' title='bbox 937 3535 1028 3586; x_wconf 73' lang='grc' dir='ltr'><strong>ἐπὶ</strong></span> <span class='ocrx_word' id='word_1_430' title='bbox 1059 3535 1152 3587; x_wconf 84' lang='grc' dir='ltr'><strong>τοῦ</strong></span> <span class='ocrx_word' id='word_1_431' title='bbox 1189 3538 1432 3608; x_wconf 77' lang='grc' dir='ltr'>ἅρματος</span> <span class='ocrx_word' id='word_1_432' title='bbox 1465 3539 1655 3593; x_wconf 83' lang='grc' dir='ltr'>αὑτοῦ.</span> 
     </span>
    </p>
   </div>
   <div class='ocr_carea' id='block_1_65' title="bbox 378 3623 1881 3706">
    <p class='ocr_par' dir='ltr' id='par_1_65' title="bbox 378 3623 1881 3706">
     <span class='ocr_line' id='line_1_65' title="bbox 378 3623 1881 3706; baseline 0.009 -31"><span class='ocrx_word' id='word_1_433' title='bbox 378 3623 578 3676; x_wconf 83' lang='grc' dir='ltr'>Οὐκέτι</span> <span class='ocrx_word' id='word_1_434' title='bbox 620 3623 726 3696; x_wconf 80' lang='grc' dir='ltr'><strong>γὰρ</strong></span> <span class='ocrx_word' id='word_1_435' title='bbox 769 3627 848 3688; x_wconf 83' lang='grc' dir='ltr'><strong>είς</strong></span> <span class='ocrx_word' id='word_1_436' title='bbox 906 3625 1094 3679; x_wconf 89' lang='grc' dir='ltr'>τοῦτον</span> <span class='ocrx_word' id='word_1_437' title='bbox 1142 3629 1606 3703; x_wconf 84' lang='grc' dir='ltr'>ἀπατηθήσονται,</span> <span class='ocrx_word' id='word_1_438' title='bbox 1640 3633 1760 3688; x_wconf 82' lang='grc' dir='ltr'><strong>οὑδέ</strong></span> <span class='ocrx_word' id='word_1_439' title='bbox 1804 3635 1881 3706; x_wconf 84' lang='grc' dir='ltr'>τῷ</span> 
     </span>
    </p>
   </div>
   <div class='ocr_carea' id='block_1_66' title="bbox 306 3715 1882 3798">
    <p class='ocr_par' dir='ltr' id='par_1_66' title="bbox 306 3715 1882 3798">
     <span class='ocr_line' id='line_1_66' title="bbox 306 3715 1882 3798; baseline 0.009 -31"><span class='ocrx_word' id='word_1_440' title='bbox 306 3715 501 3787; x_wconf 85' lang='grc' dir='ltr'>κόσμῳ</span> <span class='ocrx_word' id='word_1_441' title='bbox 537 3715 710 3787; x_wconf 85' lang='grc' dir='ltr'>τούτῳ</span> <span class='ocrx_word' id='word_1_442' title='bbox 752 3716 1216 3789; x_wconf 85' lang='grc' dir='ltr'>δελεασθήσονται,</span> <span class='ocrx_word' id='word_1_443' title='bbox 1249 3723 1342 3776; x_wconf 70' lang='grc' dir='ltr'><strong>καὶ</strong></span> <span class='ocrx_word' id='word_1_444' title='bbox 1379 3724 1454 3788; x_wconf 86' lang='grc' dir='ltr'><strong>ώς</strong></span> <span class='ocrx_word' id='word_1_445' title='bbox 1481 3725 1598 3797; x_wconf 84' lang='grc' dir='ltr'>Θεῷ</span> <span class='ocrx_word' id='word_1_446' title='bbox 1649 3744 1882 3798; x_wconf 87' lang='grc' dir='ltr'>προσκυ-</span> 
     </span>
    </p>
   </div>
   <div class='ocr_carea' id='block_1_67' title="bbox 302 3810 1876 3892">
    <p class='ocr_par' dir='ltr' id='par_1_67' title="bbox 302 3810 1876 3892">
     <span class='ocr_line' id='line_1_67' title="bbox 302 3810 1876 3892; baseline 0.004 -25"><span class='ocrx_word' id='word_1_447' title='bbox 302 3813 590 3884; x_wconf 82' lang='grc' dir='ltr'>νήσουσιν·</span> <span class='ocrx_word' id='word_1_448' title='bbox 634 3810 768 3863; x_wconf 83' lang='grc' dir='ltr'>ἀλλὰ</span> <span class='ocrx_word' id='word_1_449' title='bbox 803 3813 1369 3887; x_wconf 86' lang='grc' dir='ltr'>προσκολληθήσονται</span> <span class='ocrx_word' id='word_1_450' title='bbox 1414 3819 1602 3890; x_wconf 84' lang='grc' dir='ltr'>Κυρίῳ</span> <span class='ocrx_word' id='word_1_451' title='bbox 1633 3821 1710 3892; x_wconf 81' lang='grc' dir='ltr'>τῷ</span> <span class='ocrx_word' id='word_1_452' title='bbox 1740 3821 1876 3892; x_wconf 86' lang='grc' dir='ltr'>Θεῷ,</span> 
     </span>
    </p>
   </div>
   <div class='ocr_carea' id='block_1_68' title="bbox 300 3904 1877 3985">
    <p class='ocr_par' dir='ltr' id='par_1_68' title="bbox 300 3904 1877 3985">
     <span class='ocr_line' id='line_1_68' title="bbox 300 3904 1877 3985; baseline 0.008 -27"><span class='ocrx_word' id='word_1_453' title='bbox 300 3904 398 3968; x_wconf 78' lang='grc' dir='ltr'><strong>τὰς</strong></span> <span class='ocrx_word' id='word_1_454' title='bbox 436 3904 727 3974; x_wconf 84' lang='grc' dir='ltr'>ἐνδελεχεῖς</span> <span class='ocrx_word' id='word_1_455' title='bbox 753 3904 940 3968; x_wconf 86' lang='grc' dir='ltr'>θυσίας</span> <span class='ocrx_word' id='word_1_456' title='bbox 964 3907 1347 3976; x_wconf 67' lang='grc' dir='ltr'>προσάγοντες,</span> <span class='ocrx_word' id='word_1_457' title='bbox 1372 3911 1558 3965; x_wconf 85' lang='grc' dir='ltr'>οὐκέτι</span> <span class='ocrx_word' id='word_1_458' title='bbox 1587 3913 1764 3985; x_wconf 88' lang='grc' dir='ltr'>τρίτον</span> <span class='ocrx_word' id='word_1_459' title='bbox 1784 3916 1877 3970; x_wconf 87' lang='grc' dir='ltr'><strong>τοῦ</strong></span> 
     </span>
    </p>
   </div>
   <div class='ocr_carea' id='block_1_69' title="bbox 301 3993 1877 4074">
    <p class='ocr_par' dir='ltr' id='par_1_69' title="bbox 301 3993 1877 4074">
     <span class='ocr_line' id='line_1_69' title="bbox 301 3993 1877 4074; baseline 0.008 -28"><span class='ocrx_word' id='word_1_460' title='bbox 301 3993 553 4049; x_wconf 82' lang='grc' dir='ltr'>ἐνιαυτοῦ</span> <span class='ocrx_word' id='word_1_461' title='bbox 582 3994 760 4064; x_wconf 90' lang='grc' dir='ltr'>μόνον,</span> <span class='ocrx_word' id='word_1_462' title='bbox 793 3993 928 4047; x_wconf 79' lang='grc' dir='ltr'>ἀλλὰ</span> <span class='ocrx_word' id='word_1_463' title='bbox 963 3994 1083 4048; x_wconf 77' lang='grc' dir='ltr'>καθ’</span> <span class='ocrx_word' id='word_1_464' title='bbox 1125 3996 1390 4068; x_wconf 83' lang='grc' dir='ltr'>ἑϐδομάδα</span> <span class='ocrx_word' id='word_1_465' title='bbox 1438 4003 1530 4055; x_wconf 77' lang='grc' dir='ltr'><strong>καὶ</strong></span> <span class='ocrx_word' id='word_1_466' title='bbox 1570 4004 1713 4074; x_wconf 84' lang='grc' dir='ltr'>μῆνα</span> <span class='ocrx_word' id='word_1_467' title='bbox 1752 4023 1877 4059; x_wconf 91' lang='grc' dir='ltr'>συν-</span> 
     </span>
    </p>
   </div>
   <div class='ocr_carea' id='block_1_70' title="bbox 299 4085 1876 4167">
    <p class='ocr_par' dir='ltr' id='par_1_70' title="bbox 299 4085 1876 4167">
     <span class='ocr_line' id='line_1_70' title="bbox 299 4085 1876 4167; baseline 0.009 -29"><span class='ocrx_word' id='word_1_468' title='bbox 299 4085 682 4159; x_wconf 79' lang='grc' dir='ltr'>αθροιζόμενοι</span> <span class='ocrx_word' id='word_1_469' title='bbox 714 4086 803 4138; x_wconf 80' lang='grc' dir='ltr'>ἐπὶ</span> <span class='ocrx_word' id='word_1_470' title='bbox 834 4085 942 4139; x_wconf 87' lang='grc' dir='ltr'><strong>τῶν</strong></span> <span class='ocrx_word' id='word_1_471' title='bbox 972 4087 1148 4159; x_wconf 72' lang='grc' dir='ltr'>ἁγίων</span> <span class='ocrx_word' id='word_1_472' title='bbox 1180 4090 1513 4164; x_wconf 59' lang='grc' dir='ltr'>ἐκκλησιῶν</span> <span class='ocrx_word' id='word_1_473' title='bbox 1545 4096 1603 4148; x_wconf 84' lang='grc' dir='ltr'><strong>οὑ</strong></span> <span class='ocrx_word' id='word_1_474' title='bbox 1638 4097 1796 4167; x_wconf 80' lang='grc' dir='ltr'>μόνον</span> <span class='ocrx_word' id='word_1_475' title='bbox 1822 4099 1876 4152; x_wconf 87' lang='grc' dir='ltr'><strong>δέ</strong></span> 
     </span>
    </p>
   </div>
   <div class='ocr_carea' id='block_1_71' title="bbox 298 4179 1875 4266">
    <p class='ocr_par' dir='ltr' id='par_1_71' title="bbox 298 4179 1875 4266">
     <span class='ocr_line' id='line_1_71' title="bbox 298 4179 1875 4266; baseline 0.01 -35"><span class='ocrx_word' id='word_1_476' title='bbox 298 4179 407 4245; x_wconf 82' lang='grc' dir='ltr'><strong>ἐως</strong></span> <span class='ocrx_word' id='word_1_477' title='bbox 442 4179 630 4234; x_wconf 90' lang='grc' dir='ltr'>τούτου</span> <span class='ocrx_word' id='word_1_478' title='bbox 662 4183 969 4253; x_wconf 84' lang='grc' dir='ltr'>στήσονται,</span> <span class='ocrx_word' id='word_1_479' title='bbox 999 4184 1135 4238; x_wconf 84' lang='grc' dir='ltr'>ἀλλὰ</span> <span class='ocrx_word' id='word_1_480' title='bbox 1163 4186 1377 4260; x_wconf 88' lang='grc' dir='ltr'>νύκτωρ</span> <span class='ocrx_word' id='word_1_481' title='bbox 1399 4190 1494 4244; x_wconf 79' lang='grc' dir='ltr'>καὶ</span> <span class='ocrx_word' id='word_1_482' title='bbox 1521 4191 1638 4262; x_wconf 86' lang='grc' dir='ltr'>μεθ’</span> <span class='ocrx_word' id='word_1_483' title='bbox 1666 4195 1875 4266; x_wconf 81' lang='grc' dir='ltr'>ἡμέραν</span> 
     </span>
    </p>
   </div>
   <div class='ocr_carea' id='block_1_72' title="bbox 297 4271 1878 4359">
    <p class='ocr_par' dir='ltr' id='par_1_72' title="bbox 297 4271 1878 4359">
     <span class='ocr_line' id='line_1_72' title="bbox 297 4271 1878 4359; baseline 0.011 -36"><span class='ocrx_word' id='word_1_484' title='bbox 297 4272 358 4325; x_wconf 84' lang='grc' dir='ltr'><strong>οὐ</strong></span> <span class='ocrx_word' id='word_1_485' title='bbox 380 4271 682 4326; x_wconf 88' lang='grc' dir='ltr'>παύσονται</span> <span class='ocrx_word' id='word_1_486' title='bbox 702 4271 800 4344; x_wconf 79' lang='grc' dir='ltr'>τὴν</span> <span class='ocrx_word' id='word_1_487' title='bbox 827 4274 1192 4347; x_wconf 86' lang='grc' dir='ltr'>προσκύνησιν</span> <span class='ocrx_word' id='word_1_488' title='bbox 1216 4278 1528 4351; x_wconf 85' lang='grc' dir='ltr'>ποιούμενοι</span> <span class='ocrx_word' id='word_1_489' title='bbox 1548 4285 1626 4348; x_wconf 85' lang='grc' dir='ltr'><strong>είς</strong></span> <span class='ocrx_word' id='word_1_490' title='bbox 1640 4285 1731 4339; x_wconf 88' lang='grc' dir='ltr'><strong>τὸν</strong></span> <span class='ocrx_word' id='word_1_491' title='bbox 1754 4287 1878 4359; x_wconf 83' lang='grc' dir='ltr'>άλη-</span> 
     </span>
    </p>
   </div>
   <div class='ocr_carea' id='block_1_73' title="bbox 301 4363 634 4420">
    <p class='ocr_par' dir='ltr' id='par_1_73' title="bbox 301 4363 634 4420">
     <span class='ocr_line' id='line_1_73' title="bbox 301 4363 634 4420; baseline 0.006 -2"><span class='ocrx_word' id='word_1_492' title='bbox 301 4363 454 4420; x_wconf 80' lang='grc' dir='ltr'>θινὸν</span> <span class='ocrx_word' id='word_1_493' title='bbox 483 4364 634 4420; x_wconf 88' lang='grc' dir='ltr'>Θεόν.</span> 
     </span>
    </p>
   </div>
   <div class='ocr_carea' id='block_1_74' title="bbox 370 4457 1947 4541">
    <p class='ocr_par' dir='ltr' id='par_1_74' title="bbox 370 4457 1947 4541">
     <span class='ocr_line' id='line_1_74' title="bbox 370 4457 1947 4541; baseline 0.008 -30"><span class='ocrx_word' id='word_1_494' title='bbox 370 4457 500 4511; x_wconf 89' lang='grc' dir='ltr'><strong>Τῶν</strong></span> <span class='ocrx_word' id='word_1_495' title='bbox 524 4457 990 4530; x_wconf 86' lang='grc' dir='ltr'>ἐπισυναχθέντιυν</span> <span class='ocrx_word' id='word_1_496' title='bbox 1015 4461 1185 4518; x_wconf 85' lang='grc' dir='ltr'>ἐθνῶν</span> <span class='ocrx_word' id='word_1_497' title='bbox 1208 4465 1301 4520; x_wconf 81' lang='grc' dir='ltr'>ἐπὶ</span> <span class='ocrx_word' id='word_1_498' title='bbox 1342 4468 1582 4534; x_wconf 81' lang='grc' dir='ltr'>Ἐζεκίου</span> <span class='ocrx_word' id='word_1_499' title='bbox 1608 4470 1873 4541; x_wconf 88' lang='grc' dir='ltr'>βασιλέως</span> <span class='ocrx_word' id='word_1_500' title='bbox 1905 4469 1947 4524; x_wconf 93' lang='lat' dir='ltr'><strong>D</strong></span> 
     </span>
    </p>
   </div>
   <div class='ocr_carea' id='block_1_75' title="bbox 303 4547 1875 4637">
    <p class='ocr_par' dir='ltr' id='par_1_75' title="bbox 303 4547 1875 4637">
     <span class='ocr_line' id='line_1_75' title="bbox 303 4547 1875 4637; baseline 0.012 -37"><span class='ocrx_word' id='word_1_501' title='bbox 303 4549 425 4620; x_wconf 75' lang='grc' dir='ltr'><strong>ἅμα</strong></span> <span class='ocrx_word' id='word_1_502' title='bbox 453 4547 531 4618; x_wconf 81' lang='grc' dir='ltr'>τῷ</span> <span class='ocrx_word' id='word_1_503' title='bbox 578 4549 938 4622; x_wconf 86' lang='grc' dir='ltr'>Σεναχηρείμ.</span> <span class='ocrx_word' id='word_1_504' title='bbox 970 4583 1043 4595; x_wconf 84' lang='lat'><strong>—-</strong></span> <span class='ocrx_word' id='word_1_505' title='bbox 1070 4555 1255 4610; x_wconf 87' lang='grc' dir='ltr'>Ταῦτα</span> <span class='ocrx_word' id='word_1_506' title='bbox 1291 4558 1348 4612; x_wconf 84' lang='grc' dir='ltr'>δὲ</span> <span class='ocrx_word' id='word_1_507' title='bbox 1379 4560 1556 4615; x_wconf 88' lang='grc' dir='ltr'>πάντα</span> <span class='ocrx_word' id='word_1_508' title='bbox 1597 4564 1875 4637; x_wconf 82' lang='grc' dir='ltr'>τρανωθή-</span> 
     </span>
    </p>
   </div>
   <div class='ocr_carea' id='block_1_76' title="bbox 303 4638 1874 4724">
    <p class='ocr_par' dir='ltr' id='par_1_76' title="bbox 303 4638 1874 4724">
     <span class='ocr_line' id='line_1_76' title="bbox 303 4638 1874 4724; baseline 0.013 -35"><span class='ocrx_word' id='word_1_509' title='bbox 303 4653 458 4692; x_wconf 91' lang='grc' dir='ltr'>σεται</span> <span class='ocrx_word' id='word_1_510' title='bbox 486 4638 545 4692; x_wconf 85' lang='grc' dir='ltr'><strong>ἐν</strong></span> <span class='ocrx_word' id='word_1_511' title='bbox 569 4641 634 4710; x_wconf 79' lang='grc' dir='ltr'>τῇ</span> <span class='ocrx_word' id='word_1_512' title='bbox 665 4641 937 4713; x_wconf 64' lang='grc' dir='ltr'><strong>παρουσίᾳ⁵</strong></span> <span class='ocrx_word' id='word_1_513' title='bbox 959 4643 1052 4696; x_wconf 90' lang='grc' dir='ltr'><strong>τοῦ</strong></span> <span class='ocrx_word' id='word_1_514' title='bbox 1084 4647 1287 4719; x_wconf 86' lang='grc' dir='ltr'>Κυρίου</span> <span class='ocrx_word' id='word_1_515' title='bbox 1314 4653 1378 4722; x_wconf 82' lang='grc' dir='ltr'>τῇ</span> <span class='ocrx_word' id='word_1_516' title='bbox 1414 4651 1620 4724; x_wconf 79' lang='grc' dir='ltr'>φοϐερᾷ</span> <span class='ocrx_word' id='word_1_517' title='bbox 1659 4656 1751 4707; x_wconf 74' lang='grc' dir='ltr'><strong>καὶ</strong></span> <span class='ocrx_word' id='word_1_518' title='bbox 1790 4656 1874 4708; x_wconf 87' lang='grc' dir='ltr'>ἐν·</span> 
     </span>
    </p>
   </div>
   <div class='ocr_carea' id='block_1_77' title="bbox 302 4728 1870 4816">
    <p class='ocr_par' dir='ltr' id='par_1_77' title="bbox 302 4728 1870 4816">
     <span class='ocr_line' id='line_1_77' title="bbox 302 4728 1870 4816; baseline 0.011 -33"><span class='ocrx_word' id='word_1_519' title='bbox 302 4728 439 4800; x_wconf 78' lang='grc' dir='ltr'><strong>δὸξῳ</strong></span> <span class='ocrx_word' id='word_1_520' title='bbox 456 4746 470 4760; x_wconf 76' lang='grc' dir='ltr'><strong><em>ο</em></strong></span> <span class='ocrx_word' id='word_1_521' title='bbox 505 4731 592 4784; x_wconf 83' lang='grc' dir='ltr'><strong>ὅτε</strong></span> <span class='ocrx_word' id='word_1_522' title='bbox 617 4729 677 4784; x_wconf 87' lang='grc' dir='ltr'><strong>τδ</strong></span> <span class='ocrx_word' id='word_1_523' title='bbox 698 4733 1072 4803; x_wconf 84' lang='grc' dir='ltr'>οίκουμενικὸν</span> <span class='ocrx_word' id='word_1_524' title='bbox 1096 4737 1320 4811; x_wconf 88' lang='grc' dir='ltr'>θέατρον</span> <span class='ocrx_word' id='word_1_525' title='bbox 1350 4748 1757 4816; x_wconf 83' lang='grc' dir='ltr'>συγκροτεῖται·</span> <span class='ocrx_word' id='word_1_526' title='bbox 1784 4747 1870 4800; x_wconf 82' lang='grc' dir='ltr'><strong>ὅτε</strong></span> 
     </span>
    </p>
   </div>
   <div class='ocr_carea' id='block_1_78' title="bbox 305 4823 1872 4901">
    <p class='ocr_par' dir='ltr' id='par_1_78' title="bbox 305 4823 1872 4901">
     <span class='ocr_line' id='line_1_78' title="bbox 305 4823 1872 4901; baseline 0.011 -25"><span class='ocrx_word' id='word_1_527' title='bbox 305 4823 504 4885; x_wconf 84' lang='grc' dir='ltr'>πάντες</span> <span class='ocrx_word' id='word_1_528' title='bbox 532 4824 866 4893; x_wconf 87' lang='grc' dir='ltr'>πανταχόθεν</span> <span class='ocrx_word' id='word_1_529' title='bbox 905 4828 1355 4901; x_wconf 82' lang='grc' dir='ltr'>συναχθήσονται·</span> <span class='ocrx_word' id='word_1_530' title='bbox 1385 4835 1472 4887; x_wconf 83' lang='grc' dir='ltr'><strong>ὅτε</strong></span> <span class='ocrx_word' id='word_1_531' title='bbox 1519 4836 1747 4901; x_wconf 79' lang='grc' dir='ltr'>ἕκαστος</span> <span class='ocrx_word' id='word_1_532' title='bbox 1780 4855 1872 4892; x_wconf 82' lang='grc' dir='ltr'>κοο</span> 
     </span>
    </p>
   </div>
   <div class='ocr_carea' id='block_1_79' title="bbox 309 4913 1871 4998">
    <p class='ocr_par' dir='ltr' id='par_1_79' title="bbox 309 4913 1871 4998">
     <span class='ocr_line' id='line_1_79' title="bbox 309 4913 1871 4998; baseline 0.011 -33"><span class='ocrx_word' id='word_1_533' title='bbox 309 4915 508 4980; x_wconf 86' lang='grc' dir='ltr'>μιεῖται</span> <span class='ocrx_word' id='word_1_534' title='bbox 536 4913 671 4983; x_wconf 82' lang='grc' dir='ltr'>πρὸς</span> <span class='ocrx_word' id='word_1_535' title='bbox 697 4913 733 4968; x_wconf 79' lang='grc' dir='ltr'>ἃ</span> <span class='ocrx_word' id='word_1_536' title='bbox 761 4913 993 4987; x_wconf 77' lang='grc' dir='ltr'>ἔπραξεν</span> <span class='ocrx_word' id='word_1_537' title='bbox 1013 4935 1027 4948; x_wconf 87' lang='grc'><strong>·</strong></span> <span class='ocrx_word' id='word_1_538' title='bbox 1055 4920 1144 4972; x_wconf 85' lang='grc' dir='ltr'>ὅτε</span> <span class='ocrx_word' id='word_1_539' title='bbox 1174 4923 1202 4974; x_wconf 86' lang='grc' dir='ltr'><strong>ό</strong></span> <span class='ocrx_word' id='word_1_540' title='bbox 1230 4923 1460 4977; x_wconf 87' lang='grc' dir='ltr'>ἐκάστου</span> <span class='ocrx_word' id='word_1_541' title='bbox 1491 4925 1687 4998; x_wconf 84' lang='grc' dir='ltr'>κλῆρος</span> <span class='ocrx_word' id='word_1_542' title='bbox 1711 4945 1871 4997; x_wconf 57' lang='lat' dir='ltr'><strong>(gave-</strong></span> 
     </span>
    </p>
   </div>
   <div class='ocr_carea' id='block_1_80' title="bbox 311 5003 1869 5096">
    <p class='ocr_par' dir='ltr' id='par_1_80' title="bbox 311 5003 1869 5096">
     <span class='ocr_line' id='line_1_80' title="bbox 311 5003 1869 5096; baseline 0.013 -40"><span class='ocrx_word' id='word_1_543' title='bbox 311 5003 491 5071; x_wconf 85' lang='grc' dir='ltr'>ροῦται</span> <span class='ocrx_word' id='word_1_544' title='bbox 509 5022 523 5037; x_wconf 81' lang='grc'><em>’</em></span> <span class='ocrx_word' id='word_1_545' title='bbox 559 5006 646 5058; x_wconf 85' lang='grc' dir='ltr'>ὅτε</span> <span class='ocrx_word' id='word_1_546' title='bbox 684 5007 902 5078; x_wconf 72' lang='grc' dir='ltr'>ὄψονται</span> <span class='ocrx_word' id='word_1_547' title='bbox 931 5009 1146 5081; x_wconf 80' lang='grc' dir='ltr'>ἀληθῶς</span> <span class='ocrx_word' id='word_1_548' title='bbox 1171 5013 1277 5067; x_wconf 89' lang='grc' dir='ltr'><strong>τῶν</strong></span> <span class='ocrx_word' id='word_1_549' title='bbox 1301 5017 1764 5091; x_wconf 87' lang='grc' dir='ltr'>παραϐεϐηκότων</span> <span class='ocrx_word' id='word_1_550' title='bbox 1791 5024 1869 5096; x_wconf 85' lang='grc' dir='ltr'>τῷ</span> 
     </span>
    </p>
   </div>
   <div class='ocr_carea' id='block_1_81' title="bbox 309 5092 1868 5188">
    <p class='ocr_par' dir='ltr' id='par_1_81' title="bbox 309 5092 1868 5188">
     <span class='ocr_line' id='line_1_81' title="bbox 309 5092 1868 5188; baseline 0.015 -42"><span class='ocrx_word' id='word_1_551' title='bbox 309 5092 424 5166; x_wconf 80' lang='grc' dir='ltr'><strong>Θεῷ</strong></span> <span class='ocrx_word' id='word_1_552' title='bbox 475 5096 567 5151; x_wconf 81' lang='grc' dir='ltr'><strong>τὸν</strong></span> <span class='ocrx_word' id='word_1_553' title='bbox 611 5097 866 5171; x_wconf 85' lang='grc' dir='ltr'>σκώληκα</span> <span class='ocrx_word' id='word_1_554' title='bbox 900 5103 1078 5158; x_wconf 85' lang='grc' dir='ltr'>αὐτῶν</span> <span class='ocrx_word' id='word_1_555' title='bbox 1119 5105 1490 5177; x_wconf 87' lang='grc' dir='ltr'>ἀτελεύτητον,</span> <span class='ocrx_word' id='word_1_556' title='bbox 1527 5112 1621 5164; x_wconf 85' lang='grc' dir='ltr'>καὶ</span> <span class='ocrx_word' id='word_1_557' title='bbox 1666 5114 1727 5167; x_wconf 83' lang='grc' dir='ltr'>τὸ</span> <span class='ocrx_word' id='word_1_558' title='bbox 1758 5115 1868 5188; x_wconf 90' lang='grc' dir='ltr'><strong>πῦρ</strong></span> 
     </span>
    </p>
   </div>
   <div class='ocr_carea' id='block_1_82' title="bbox 309 5185 1867 5278">
    <p class='ocr_par' dir='ltr' id='par_1_82' title="bbox 309 5185 1867 5278">
     <span class='ocr_line' id='line_1_82' title="bbox 309 5185 1867 5278; baseline 0.017 -40"><span class='ocrx_word' id='word_1_559' title='bbox 309 5185 482 5242; x_wconf 81' lang='grc' dir='ltr'>αὐτῶν</span> <span class='ocrx_word' id='word_1_560' title='bbox 515 5189 803 5245; x_wconf 82' lang='grc' dir='ltr'>ἄσϐεστον·</span> <span class='ocrx_word' id='word_1_561' title='bbox 831 5195 1075 5250; x_wconf 86' lang='grc' dir='ltr'>τουτέστι</span> <span class='ocrx_word' id='word_1_562' title='bbox 1119 5197 1181 5250; x_wconf 82' lang='grc' dir='ltr'><strong>τὸ</strong></span> <span class='ocrx_word' id='word_1_563' title='bbox 1218 5202 1498 5274; x_wconf 80' lang='grc' dir='ltr'>κριτήριον</span> <span class='ocrx_word' id='word_1_564' title='bbox 1524 5208 1624 5278; x_wconf 85' lang='grc' dir='ltr'>τῆς</span> <span class='ocrx_word' id='word_1_565' title='bbox 1663 5185 1867 5274; x_wconf 79' lang='grc' dir='ltr'>οἰκείας</span> 
     </span>
    </p>
   </div>
   <div class='ocr_carea' id='block_1_83' title="bbox 310 5275 1864 5371">
    <p class='ocr_par' dir='ltr' id='par_1_83' title="bbox 310 5275 1864 5371">
     <span class='ocr_line' id='line_1_83' title="bbox 310 5275 1864 5371; baseline 0.016 -42"><span class='ocrx_word' id='word_1_566' title='bbox 310 5275 484 5332; x_wconf 78' lang='grc' dir='ltr'>αὐτῶν</span> <span class='ocrx_word' id='word_1_567' title='bbox 529 5283 901 5354; x_wconf 83' lang='grc' dir='ltr'>συνειδήσεως,</span> <span class='ocrx_word' id='word_1_568' title='bbox 936 5286 964 5339; x_wconf 83' lang='grc' dir='ltr'><strong>ὃ</strong></span> <span class='ocrx_word' id='word_1_569' title='bbox 992 5286 1144 5358; x_wconf 87' lang='grc' dir='ltr'>δίκην</span> <span class='ocrx_word' id='word_1_570' title='bbox 1188 5289 1466 5362; x_wconf 82' lang='grc' dir='ltr'>σκώληκος</span> <span class='ocrx_word' id='word_1_571' title='bbox 1515 5275 1864 5371; x_wconf 82' lang='grc' dir='ltr'>ἀτελευτήτου</span> 
     </span>
    </p>
   </div>
   <div class='ocr_carea' id='block_1_84' title="bbox 308 5365 1864 5463">
    <p class='ocr_par' dir='ltr' id='par_1_84' title="bbox 308 5365 1864 5463">
     <span class='ocr_line' id='line_1_84' title="bbox 308 5365 1864 5463; baseline 0.017 -44"><span class='ocrx_word' id='word_1_572' title='bbox 308 5365 366 5420; x_wconf 72' lang='grc' dir='ltr'><strong>ἐν</strong></span> <span class='ocrx_word' id='word_1_573' title='bbox 397 5368 574 5435; x_wconf 81' lang='grc' dir='ltr'>αὐτοῖς</span> <span class='ocrx_word' id='word_1_574' title='bbox 627 5373 945 5430; x_wconf 82' lang='grc' dir='ltr'>ἐνειλεῖται·</span> <span class='ocrx_word' id='word_1_575' title='bbox 989 5379 1082 5432; x_wconf 80' lang='grc' dir='ltr'><strong>καὶ</strong></span> <span class='ocrx_word' id='word_1_576' title='bbox 1137 5383 1461 5452; x_wconf 79' lang='grc' dir='ltr'>καταφλέξει</span> <span class='ocrx_word' id='word_1_577' title='bbox 1509 5387 1702 5453; x_wconf 83' lang='grc' dir='ltr'>αὐτοὺς</span> <span class='ocrx_word' id='word_1_578' title='bbox 1753 5365 1864 5463; x_wconf 80' lang='grc' dir='ltr'><strong>πῦρ</strong></span> 
     </span>
    </p>
   </div>
   <div class='ocr_carea' id='block_1_85' title="bbox 307 5461 1864 5547">
    <p class='ocr_par' dir='ltr' id='par_1_85' title="bbox 307 5461 1864 5547">
     <span class='ocr_line' id='line_1_85' title="bbox 307 5461 1864 5547; baseline 0.018 -35"><span class='ocrx_word' id='word_1_579' title='bbox 307 5461 547 5529; x_wconf 75' lang='grc' dir='ltr'>πηγάζον</span> <span class='ocrx_word' id='word_1_580' title='bbox 573 5466 631 5518; x_wconf 88' lang='grc' dir='ltr'><strong>ἐν</strong></span> <span class='ocrx_word' id='word_1_581' title='bbox 650 5467 828 5532; x_wconf 85' lang='grc' dir='ltr'>αὐτοῖς</span> <span class='ocrx_word' id='word_1_582' title='bbox 844 5485 858 5498; x_wconf 74' lang='grc' dir='ltr'><strong>ο</strong></span> <span class='ocrx_word' id='word_1_583' title='bbox 890 5470 983 5523; x_wconf 71' lang='grc' dir='ltr'>καὶ</span> <span class='ocrx_word' id='word_1_584' title='bbox 1007 5470 1215 5527; x_wconf 78' lang='grc' dir='ltr'>ἔσονται</span> <span class='ocrx_word' id='word_1_585' title='bbox 1246 5477 1468 5547; x_wconf 78' lang='grc' dir='ltr'>φανεροὶ</span> <span class='ocrx_word' id='word_1_586' title='bbox 1487 5479 1617 5533; x_wconf 84' lang='grc' dir='ltr'>πᾶσι</span> <span class='ocrx_word' id='word_1_587' title='bbox 1638 5485 1749 5547; x_wconf 84' lang='grc' dir='ltr'>τοῖς</span> <span class='ocrx_word' id='word_1_588' title='bbox 1769 5485 1864 5539; x_wconf 82' lang='grc' dir='ltr'>ἐπ-</span> 
     </span>
    </p>
   </div>
   <div class='ocr_carea' id='block_1_86' title="bbox 304 5555 1683 5646">
    <p class='ocr_par' dir='ltr' id='par_1_86' title="bbox 304 5555 1683 5646">
     <span class='ocr_line' id='line_1_86' title="bbox 304 5555 1683 5646; baseline 0.019 -43"><span class='ocrx_word' id='word_1_589' title='bbox 304 5555 564 5620; x_wconf 76' lang='grc' dir='ltr'>εγνωκόσι</span> <span class='ocrx_word' id='word_1_590' title='bbox 591 5558 682 5612; x_wconf 80' lang='grc' dir='ltr'>τὸν</span> <span class='ocrx_word' id='word_1_591' title='bbox 712 5560 919 5615; x_wconf 86' lang='grc' dir='ltr'>ἐαυτῶν</span> <span class='ocrx_word' id='word_1_592' title='bbox 945 5563 1206 5636; x_wconf 87' lang='grc' dir='ltr'>δεσπότην</span> <span class='ocrx_word' id='word_1_593' title='bbox 1237 5584 1296 5620; x_wconf 84' lang='grc' dir='ltr'><strong>τε</strong></span> <span class='ocrx_word' id='word_1_594' title='bbox 1325 5569 1416 5624; x_wconf 76' lang='grc' dir='ltr'><strong>καὶ</strong></span> <span class='ocrx_word' id='word_1_595' title='bbox 1436 5575 1683 5646; x_wconf 79' lang='grc' dir='ltr'>ποιητήν.</span> 
     </span>
    </p>
   </div>
   <div class='ocr_carea' id='block_1_87' title="bbox 372 5705 995 5781">
    <p class='ocr_par' dir='ltr' id='par_1_87' title="bbox 372 5705 995 5781">
     <span class='ocr_line' id='line_1_87' title="bbox 372 5705 995 5781; baseline 0.013 -18"><span class='ocrx_word' id='word_1_596' title='bbox 372 5705 582 5764; x_wconf 70' lang='lat' dir='ltr'><strong>&quot;Psal.</strong></span> <span class='ocrx_word' id='word_1_597' title='bbox 615 5726 876 5781; x_wconf 78' lang='lat' dir='ltr'><strong>cxxxvm,</strong></span> <span class='ocrx_word' id='word_1_598' title='bbox 912 5716 995 5772; x_wconf 80' lang='grc'><strong>16.</strong></span> 
     </span>
    </p>
   </div>
   <div class='ocr_carea' id='block_1_88' title="bbox 1986 3154 3203 3228">
    <p class='ocr_par' dir='ltr' id='par_1_88' title="bbox 1986 3154 3203 3228">
     <span class='ocr_line' id='line_1_88' title="bbox 1986 3154 3203 3228; baseline 0.008 -19"><span class='ocrx_word' id='word_1_599' title='bbox 1986 3155 2070 3209; x_wconf 91' lang='lat' dir='ltr'><strong>vel</strong></span> <span class='ocrx_word' id='word_1_600' title='bbox 2102 3155 2156 3206; x_wconf 91' lang='lat' dir='ltr'><strong>in</strong></span> <span class='ocrx_word' id='word_1_601' title='bbox 2186 3154 2446 3208; x_wconf 82' lang='lat' dir='ltr'><strong>extremis</strong></span> <span class='ocrx_word' id='word_1_602' title='bbox 2474 3156 2792 3224; x_wconf 84' lang='lat' dir='ltr'><strong>regionibus</strong></span> <span class='ocrx_word' id='word_1_603' title='bbox 2825 3161 3203 3228; x_wconf 85' lang='lat' dir='ltr'><strong>praedicarent.</strong></span> 
     </span>
    </p>
   </div>
   <div class='ocr_carea' id='block_1_89' title="bbox 2055 3241 3550 3330">
    <p class='ocr_par' dir='ltr' id='par_1_89' title="bbox 2055 3241 3550 3330">
     <span class='ocr_line' id='line_1_89' title="bbox 2055 3241 3550 3330; baseline 0.013 -34"><span class='ocrx_word' id='word_1_604' title='bbox 2055 3241 2222 3298; x_wconf 80' lang='lat' dir='ltr'><strong>Vens.</strong></span> <span class='ocrx_word' id='word_1_605' title='bbox 2273 3243 2364 3298; x_wconf 74' lang='lat'><strong>20.</strong></span> <span class='ocrx_word' id='word_1_606' title='bbox 2423 3244 2521 3299; x_wconf 92' lang='lat' dir='ltr'><strong>llic</strong></span> <span class='ocrx_word' id='word_1_607' title='bbox 2575 3262 2746 3316; x_wconf 88' lang='lat' dir='ltr'><strong>equos</strong></span> <span class='ocrx_word' id='word_1_608' title='bbox 2798 3252 3114 3322; x_wconf 91' lang='lat' dir='ltr'><strong>mulosque,</strong></span> <span class='ocrx_word' id='word_1_609' title='bbox 3164 3263 3219 3311; x_wconf 88' lang='lat' dir='ltr'><strong>et</strong></span> <span class='ocrx_word' id='word_1_610' title='bbox 3273 3259 3550 3330; x_wconf 84' lang='lat' dir='ltr'><strong>iampenas</strong></span> 
     </span>
    </p>
   </div>
   <div class='ocr_carea' id='block_1_90' title="bbox 1982 3335 3548 3410">
    <p class='ocr_par' dir='ltr' id='par_1_90' title="bbox 1982 3335 3548 3410">
     <span class='ocr_line' id='line_1_90' title="bbox 1982 3335 3548 3410; baseline 0.012 -20"><span class='ocrx_word' id='word_1_611' title='bbox 1982 3345 2267 3399; x_wconf 86' lang='lat' dir='ltr'><strong>memorat,</strong></span> <span class='ocrx_word' id='word_1_612' title='bbox 2304 3335 2556 3391; x_wconf 89' lang='lat' dir='ltr'><strong>indicans</strong></span> <span class='ocrx_word' id='word_1_613' title='bbox 2610 3342 3063 3406; x_wconf 67' lang='lat' dir='ltr'><strong>prtestantissimo</strong></span> <span class='ocrx_word' id='word_1_614' title='bbox 3113 3347 3294 3402; x_wconf 90' lang='lat' dir='ltr'><strong>animo</strong></span> <span class='ocrx_word' id='word_1_615' title='bbox 3337 3350 3548 3410; x_wconf 78' lang='lat' dir='ltr'><strong>futuras</strong></span> 
     </span>
    </p>
   </div>
   <div class='ocr_carea' id='block_1_91' title="bbox 1982 3429 3546 3511">
    <p class='ocr_par' dir='ltr' id='par_1_91' title="bbox 1982 3429 3546 3511">
     <span class='ocr_line' id='line_1_91' title="bbox 1982 3429 3546 3511; baseline 0.011 -30"><span class='ocrx_word' id='word_1_616' title='bbox 1982 3433 2205 3497; x_wconf 88' lang='lat' dir='ltr'><strong>gentes,</strong></span> <span class='ocrx_word' id='word_1_617' title='bbox 2256 3443 2416 3497; x_wconf 92' lang='lat' dir='ltr'><strong>quem</strong></span> <span class='ocrx_word' id='word_1_618' title='bbox 2473 3429 2681 3496; x_wconf 90' lang='lat' dir='ltr'><strong>primus</strong></span> <span class='ocrx_word' id='word_1_619' title='bbox 2722 3431 2966 3487; x_wconf 82' lang='lat' dir='ltr'><strong>exhibuit</strong></span> <span class='ocrx_word' id='word_1_620' title='bbox 3017 3439 3306 3496; x_wconf 88' lang='lat' dir='ltr'><strong>eunuchus</strong></span> <span class='ocrx_word' id='word_1_621' title='bbox 3349 3446 3546 3511; x_wconf 70' lang='lat' dir='ltr'><strong>regium</strong></span> 
     </span>
    </p>
   </div>
   <div class='ocr_carea' id='block_1_92' title="bbox 1979 3517 3262 3592">
    <p class='ocr_par' dir='ltr' id='par_1_92' title="bbox 1979 3517 3262 3592">
     <span class='ocr_line' id='line_1_92' title="bbox 1979 3517 3262 3592; baseline 0.009 -18"><span class='ocrx_word' id='word_1_622' title='bbox 1979 3517 2278 3582; x_wconf 88' lang='lat' dir='ltr'><strong>Candaces,</strong></span> <span class='ocrx_word' id='word_1_623' title='bbox 2311 3518 2402 3589; x_wconf 90' lang='lat' dir='ltr'><strong>qui</strong></span> <span class='ocrx_word' id='word_1_624' title='bbox 2434 3518 2738 3592; x_wconf 87' lang='lat' dir='ltr'><strong>Philippum</strong></span> <span class='ocrx_word' id='word_1_625' title='bbox 2771 3538 2937 3578; x_wconf 87' lang='lat' dir='ltr'><strong>curru</strong></span> <span class='ocrx_word' id='word_1_626' title='bbox 2967 3541 3067 3580; x_wconf 90' lang='lat' dir='ltr'><strong>suo</strong></span> <span class='ocrx_word' id='word_1_627' title='bbox 3095 3531 3262 3586; x_wconf 81' lang='lat' dir='ltr'><strong>vexit.</strong></span> 
     </span>
    </p>
   </div>
   <div class='ocr_carea' id='block_1_93' title="bbox 2049 3610 3542 3685">
    <p class='ocr_par' dir='ltr' id='par_1_93' title="bbox 2049 3610 3542 3685">
     <span class='ocr_line' id='line_1_93' title="bbox 2049 3610 3542 3685; baseline 0.013 -20"><span class='ocrx_word' id='word_1_628' title='bbox 2049 3610 2214 3666; x_wconf 70' lang='lat' dir='ltr'><strong>Vens.</strong></span> <span class='ocrx_word' id='word_1_629' title='bbox 2246 3611 2338 3667; x_wconf 74' lang='grc'><strong>25.</strong></span> <span class='ocrx_word' id='word_1_630' title='bbox 2363 3612 2481 3666; x_wconf 81' lang='lat' dir='ltr'><strong>Jam</strong></span> <span class='ocrx_word' id='word_1_631' title='bbox 2509 3628 2616 3668; x_wconf 92' lang='lat' dir='ltr'><strong>non</strong></span> <span class='ocrx_word' id='word_1_632' title='bbox 2635 3616 2868 3685; x_wconf 89' lang='lat' dir='ltr'><strong>amplius</strong></span> <span class='ocrx_word' id='word_1_633' title='bbox 2899 3621 3159 3676; x_wconf 87' lang='lat' dir='ltr'><strong>errabunt</strong></span> <span class='ocrx_word' id='word_1_634' title='bbox 3187 3625 3332 3680; x_wconf 87' lang='lat' dir='ltr'><strong>circa</strong></span> <span class='ocrx_word' id='word_1_635' title='bbox 3353 3626 3542 3685; x_wconf 86' lang='lat' dir='ltr'><strong>Deum.</strong></span> 
     </span>
    </p>
   </div>
   <div class='ocr_carea' id='block_1_94' title="bbox 1978 3705 3545 3784">
    <p class='ocr_par' dir='ltr' id='par_1_94' title="bbox 1978 3705 3545 3784">
     <span class='ocr_line' id='line_1_94' title="bbox 1978 3705 3545 3784; baseline 0.011 -26"><span class='ocrx_word' id='word_1_636' title='bbox 1978 3718 2079 3759; x_wconf 90' lang='lat' dir='ltr'><strong>nec</strong></span> <span class='ocrx_word' id='word_1_637' title='bbox 2109 3705 2294 3758; x_wconf 86' lang='lat' dir='ltr'><strong>mundi</strong></span> <span class='ocrx_word' id='word_1_638' title='bbox 2326 3705 2599 3761; x_wconf 88' lang='lat' dir='ltr'><strong>illecebris</strong></span> <span class='ocrx_word' id='word_1_639' title='bbox 2643 3707 2809 3763; x_wconf 87' lang='lat' dir='ltr'><strong>illecti</strong></span> <span class='ocrx_word' id='word_1_640' title='bbox 2875 3711 2979 3780; x_wconf 90' lang='lat' dir='ltr'><strong>ipsi</strong></span> <span class='ocrx_word' id='word_1_641' title='bbox 3017 3722 3276 3784; x_wconf 89' lang='lat' dir='ltr'><strong>tanquam</strong></span> <span class='ocrx_word' id='word_1_642' title='bbox 3310 3717 3421 3774; x_wconf 92' lang='lat' dir='ltr'><strong>Deo</strong></span> <span class='ocrx_word' id='word_1_643' title='bbox 3461 3720 3545 3775; x_wconf 90' lang='lat' dir='ltr'><strong>in-</strong></span> 
     </span>
    </p>
   </div>
   <div class='ocr_carea' id='block_1_95' title="bbox 1979 3795 3543 3877">
    <p class='ocr_par' dir='ltr' id='par_1_95' title="bbox 1979 3795 3543 3877">
     <span class='ocr_line' id='line_1_95' title="bbox 1979 3795 3543 3877; baseline 0.01 -25"><span class='ocrx_word' id='word_1_644' title='bbox 1979 3795 2250 3861; x_wconf 88' lang='lat' dir='ltr'><strong>servient;</strong></span> <span class='ocrx_word' id='word_1_645' title='bbox 2302 3796 2396 3852; x_wconf 90' lang='lat' dir='ltr'><strong>sed</strong></span> <span class='ocrx_word' id='word_1_646' title='bbox 2441 3812 2562 3852; x_wconf 90' lang='lat' dir='ltr'><strong>cum</strong></span> <span class='ocrx_word' id='word_1_647' title='bbox 2597 3797 2827 3855; x_wconf 90' lang='lat' dir='ltr'><strong>Domino</strong></span> <span class='ocrx_word' id='word_1_648' title='bbox 2861 3800 2970 3858; x_wconf 90' lang='lat' dir='ltr'><strong>Deo</strong></span> <span class='ocrx_word' id='word_1_649' title='bbox 3001 3807 3380 3877; x_wconf 89' lang='lat' dir='ltr'><strong>conglutinati,</strong></span> <span class='ocrx_word' id='word_1_650' title='bbox 3412 3827 3543 3868; x_wconf 88' lang='lat' dir='ltr'><strong>con-</strong></span> 
     </span>
    </p>
   </div>
   <div class='ocr_carea' id='block_1_96' title="bbox 1981 3889 3539 3964">
    <p class='ocr_par' dir='ltr' id='par_1_96' title="bbox 1981 3889 3539 3964">
     <span class='ocr_line' id='line_1_96' title="bbox 1981 3889 3539 3964; baseline 0.012 -22"><span class='ocrx_word' id='word_1_651' title='bbox 1981 3889 2133 3943; x_wconf 89' lang='lat' dir='ltr'><strong>tinuo</strong></span> <span class='ocrx_word' id='word_1_652' title='bbox 2161 3889 2211 3943; x_wconf 90' lang='lat' dir='ltr'><strong>ei</strong></span> <span class='ocrx_word' id='word_1_653' title='bbox 2247 3889 2516 3944; x_wconf 89' lang='lat' dir='ltr'><strong>sacriﬁcia</strong></span> <span class='ocrx_word' id='word_1_654' title='bbox 2553 3891 2816 3960; x_wconf 75' lang='lat' dir='ltr'><strong>onerent;</strong></span> <span class='ocrx_word' id='word_1_655' title='bbox 2851 3893 2965 3964; x_wconf 88' lang='lat' dir='ltr'><strong>jam</strong></span> <span class='ocrx_word' id='word_1_656' title='bbox 3006 3913 3116 3953; x_wconf 90' lang='lat' dir='ltr'><strong>non</strong></span> <span class='ocrx_word' id='word_1_657' title='bbox 3169 3907 3253 3956; x_wconf 89' lang='lat' dir='ltr'><strong>ter</strong></span> <span class='ocrx_word' id='word_1_658' title='bbox 3292 3904 3454 3960; x_wconf 91' lang='lat' dir='ltr'><strong>modo</strong></span> <span class='ocrx_word' id='word_1_659' title='bbox 3485 3906 3539 3961; x_wconf 92' lang='lat' dir='ltr'><strong>in</strong></span> 
     </span>
    </p>
   </div>
   <div class='ocr_carea' id='block_1_97' title="bbox 1978 3979 3540 4067">
    <p class='ocr_par' dir='ltr' id='par_1_97' title="bbox 1978 3979 3540 4067">
     <span class='ocr_line' id='line_1_97' title="bbox 1978 3979 3540 4067; baseline 0.013 -35"><span class='ocrx_word' id='word_1_660' title='bbox 1978 3994 2209 4045; x_wconf 90' lang='lat' dir='ltr'><strong>annum,</strong></span> <span class='ocrx_word' id='word_1_661' title='bbox 2250 3979 2345 4034; x_wconf 86' lang='lat' dir='ltr'><strong>sed</strong></span> <span class='ocrx_word' id='word_1_662' title='bbox 2381 3980 2436 4035; x_wconf 93' lang='lat' dir='ltr'><strong>in</strong></span> <span class='ocrx_word' id='word_1_663' title='bbox 2484 3981 2727 4052; x_wconf 87' lang='lat' dir='ltr'><strong>singulos</strong></span> <span class='ocrx_word' id='word_1_664' title='bbox 2769 4000 3024 4055; x_wconf 91' lang='lat' dir='ltr'><strong>menses,</strong></span> <span class='ocrx_word' id='word_1_665' title='bbox 3083 3991 3249 4061; x_wconf 91' lang='lat' dir='ltr'><strong>inque</strong></span> <span class='ocrx_word' id='word_1_666' title='bbox 3299 3995 3540 4067; x_wconf 88' lang='lat' dir='ltr'><strong>singulas</strong></span> 
     </span>
    </p>
   </div>
   <div class='ocr_carea' id='block_1_98' title="bbox 1976 4068 3536 4144">
    <p class='ocr_par' dir='ltr' id='par_1_98' title="bbox 1976 4068 3536 4144">
     <span class='ocr_line' id='line_1_98' title="bbox 1976 4068 3536 4144; baseline 0.013 -20"><span class='ocrx_word' id='word_1_667' title='bbox 1976 4068 2340 4125; x_wconf 88' lang='lat' dir='ltr'><strong>bebdomades</strong></span> <span class='ocrx_word' id='word_1_668' title='bbox 2371 4072 2849 4144; x_wconf 69' lang='lat' dir='ltr'><strong>congregabuntur</strong></span> <span class='ocrx_word' id='word_1_669' title='bbox 2884 4077 2939 4132; x_wconf 89' lang='lat' dir='ltr'><strong>in</strong></span> <span class='ocrx_word' id='word_1_670' title='bbox 2986 4088 3206 4138; x_wconf 86' lang='lat' dir='ltr'><strong>sanctas</strong></span> <span class='ocrx_word' id='word_1_671' title='bbox 3249 4086 3536 4144; x_wconf 87' lang='lat' dir='ltr'><strong>ecclesias.</strong></span> 
     </span>
    </p>
   </div>
   <div class='ocr_carea' id='block_1_99' title="bbox 1976 4157 3539 4240">
    <p class='ocr_par' dir='ltr' id='par_1_99' title="bbox 1976 4157 3539 4240">
     <span class='ocr_line' id='line_1_99' title="bbox 1976 4157 3539 4240; baseline 0.017 -29"><span class='ocrx_word' id='word_1_672' title='bbox 1976 4157 2130 4225; x_wconf 85' lang='lat' dir='ltr'><strong>Quin</strong></span> <span class='ocrx_word' id='word_1_673' title='bbox 2180 4159 2313 4224; x_wconf 90' lang='lat' dir='ltr'><strong>imo,</strong></span> <span class='ocrx_word' id='word_1_674' title='bbox 2347 4161 2580 4218; x_wconf 88' lang='lat' dir='ltr'><strong>ulterius</strong></span> <span class='ocrx_word' id='word_1_675' title='bbox 2623 4164 2785 4219; x_wconf 86' lang='lat' dir='ltr'><strong>etiam</strong></span> <span class='ocrx_word' id='word_1_676' title='bbox 2830 4173 3128 4240; x_wconf 87' lang='lat' dir='ltr'><strong>progressi,</strong></span> <span class='ocrx_word' id='word_1_677' title='bbox 3181 4189 3284 4231; x_wconf 84' lang='lat' dir='ltr'><strong>nec</strong></span> <span class='ocrx_word' id='word_1_678' title='bbox 3315 4176 3404 4234; x_wconf 91' lang='lat' dir='ltr'><strong>die</strong></span> <span class='ocrx_word' id='word_1_679' title='bbox 3439 4195 3539 4236; x_wconf 90' lang='lat' dir='ltr'><strong>nec</strong></span> 
     </span>
    </p>
   </div>
   <div class='ocr_carea' id='block_1_100' title="bbox 1975 4252 2992 4316">
    <p class='ocr_par' dir='ltr' id='par_1_100' title="bbox 1975 4252 2992 4316">
     <span class='ocr_line' id='line_1_100' title="bbox 1975 4252 2992 4316; baseline 0.012 -12"><span class='ocrx_word' id='word_1_680' title='bbox 1975 4260 2138 4307; x_wconf 91' lang='lat' dir='ltr'><strong>nocte</strong></span> <span class='ocrx_word' id='word_1_681' title='bbox 2171 4267 2200 4305; x_wconf 88' lang='lat' dir='ltr'><strong>a</strong></span> <span class='ocrx_word' id='word_1_682' title='bbox 2234 4252 2384 4308; x_wconf 91' lang='lat' dir='ltr'><strong>cultu</strong></span> <span class='ocrx_word' id='word_1_683' title='bbox 2414 4254 2527 4309; x_wconf 89' lang='lat' dir='ltr'><strong>veri</strong></span> <span class='ocrx_word' id='word_1_684' title='bbox 2552 4253 2647 4311; x_wconf 90' lang='lat' dir='ltr'><strong>Dei</strong></span> <span class='ocrx_word' id='word_1_685' title='bbox 2677 4260 2992 4316; x_wconf 87' lang='lat' dir='ltr'><strong>cessabunt.</strong></span> 
     </span>
    </p>
   </div>
   <div class='ocr_carea' id='block_1_101' title="bbox 2046 4419 3532 4512">
    <p class='ocr_par' dir='ltr' id='par_1_101' title="bbox 2046 4419 3532 4512">
     <span class='ocr_line' id='line_1_101' title="bbox 2046 4419 3532 4512; baseline 0.019 -36"><span class='ocrx_word' id='word_1_686' title='bbox 2046 4419 2212 4480; x_wconf 77' lang='lat' dir='ltr'><strong>Vens.</strong></span> <span class='ocrx_word' id='word_1_687' title='bbox 2266 4424 2356 4480; x_wconf 71' lang='grc'><strong>24.</strong></span> <span class='ocrx_word' id='word_1_688' title='bbox 2422 4425 2701 4485; x_wconf 80' lang='lat' dir='ltr'><strong>Cadavera</strong></span> <span class='ocrx_word' id='word_1_689' title='bbox 2775 4432 3033 4492; x_wconf 88' lang='lat' dir='ltr'><strong>videbunt</strong></span> <span class='ocrx_word' id='word_1_690' title='bbox 3103 4443 3343 4512; x_wconf 89' lang='lat' dir='ltr'><strong>gentium</strong></span> <span class='ocrx_word' id='word_1_691' title='bbox 3409 4463 3532 4503; x_wconf 91' lang='lat' dir='ltr'><strong>cum</strong></span> 
     </span>
    </p>
   </div>
   <div class='ocr_carea' id='block_1_102' title="bbox 1978 4512 3536 4611">
    <p class='ocr_par' dir='ltr' id='par_1_102' title="bbox 1978 4512 3536 4611">
     <span class='ocr_line' id='line_1_102' title="bbox 1978 4512 3536 4611; baseline 0.018 -42"><span class='ocrx_word' id='word_1_692' title='bbox 1978 4512 2350 4572; x_wconf 89' lang='lat' dir='ltr'><strong>Sennacherib</strong></span> <span class='ocrx_word' id='word_1_693' title='bbox 2395 4519 2656 4578; x_wconf 89' lang='lat' dir='ltr'><strong>adversus</strong></span> <span class='ocrx_word' id='word_1_694' title='bbox 2705 4538 2886 4595; x_wconf 86' lang='lat' dir='ltr'><strong>regem</strong></span> <span class='ocrx_word' id='word_1_695' title='bbox 2923 4527 3206 4588; x_wconf 84' lang='lat' dir='ltr'><strong>Ezechiam</strong></span> <span class='ocrx_word' id='word_1_696' title='bbox 3239 4551 3536 4611; x_wconf 87' lang='lat' dir='ltr'><strong>congrega-</strong></span> 
     </span>
    </p>
   </div>
   <div class='ocr_carea' id='block_1_103' title="bbox 1976 4607 3532 4688">
    <p class='ocr_par' dir='ltr' id='par_1_103' title="bbox 1976 4607 3532 4688">
     <span class='ocr_line' id='line_1_103' title="bbox 1976 4607 3532 4688; baseline 0.02 -32"><span class='ocrx_word' id='word_1_697' title='bbox 1976 4610 2176 4658; x_wconf 89' lang='lat' dir='ltr'><strong>tarum.</strong></span> <span class='ocrx_word' id='word_1_698' title='bbox 2216 4637 2286 4646; x_wconf 96' lang='lat'><em>—</em></span> <span class='ocrx_word' id='word_1_699' title='bbox 2329 4607 2460 4673; x_wconf 72' lang='lat' dir='ltr'><strong>Quae</strong></span> <span class='ocrx_word' id='word_1_700' title='bbox 2509 4618 2689 4666; x_wconf 85' lang='lat' dir='ltr'><strong>autem</strong></span> <span class='ocrx_word' id='word_1_701' title='bbox 2731 4617 2913 4670; x_wconf 89' lang='lat' dir='ltr'><strong>omnia</strong></span> <span class='ocrx_word' id='word_1_702' title='bbox 2943 4607 3532 4688; x_wconf 42' lang='lat' dir='ltr'><strong>manifestabuntur—in</strong></span> 
     </span>
    </p>
   </div>
   <div class='ocr_carea' id='block_1_104' title="bbox 1973 4694 3532 4778">
    <p class='ocr_par' dir='ltr' id='par_1_104' title="bbox 1973 4694 3532 4778">
     <span class='ocr_line' id='line_1_104' title="bbox 1973 4694 3532 4778; baseline 0.019 -31"><span class='ocrx_word' id='word_1_703' title='bbox 1973 4694 2246 4750; x_wconf 86' lang='lat' dir='ltr'><strong>horrendo</strong></span> <span class='ocrx_word' id='word_1_704' title='bbox 2281 4704 2335 4752; x_wconf 86' lang='lat' dir='ltr'><strong>et</strong></span> <span class='ocrx_word' id='word_1_705' title='bbox 2393 4699 2593 4755; x_wconf 89' lang='lat' dir='ltr'><strong>illustri</strong></span> <span class='ocrx_word' id='word_1_706' title='bbox 2632 4702 2725 4757; x_wconf 89' lang='lat' dir='ltr'><strong>Dei</strong></span> <span class='ocrx_word' id='word_1_707' title='bbox 2758 4706 3014 4774; x_wconf 83' lang='lat' dir='ltr'><strong>adventu,</strong></span> <span class='ocrx_word' id='word_1_708' title='bbox 3057 4727 3198 4778; x_wconf 91' lang='lat' dir='ltr'><strong>cum,</strong></span> <span class='ocrx_word' id='word_1_709' title='bbox 3233 4731 3532 4776; x_wconf 84' lang='lat' dir='ltr'><strong>convocato</strong></span> 
     </span>
    </p>
   </div>
   <div class='ocr_carea' id='block_1_105' title="bbox 1973 4789 3532 4881">
    <p class='ocr_par' dir='ltr' id='par_1_105' title="bbox 1973 4789 3532 4881">
     <span class='ocr_line' id='line_1_105' title="bbox 1973 4789 3532 4881; baseline 0.019 -43"><span class='ocrx_word' id='word_1_710' title='bbox 1973 4792 2345 4840; x_wconf 87' lang='lat' dir='ltr'><strong>creaturarum</strong></span> <span class='ocrx_word' id='word_1_711' title='bbox 2387 4789 2632 4844; x_wconf 91' lang='lat' dir='ltr'><strong>omnium</strong></span> <span class='ocrx_word' id='word_1_712' title='bbox 2677 4801 2842 4860; x_wconf 67' lang='lat' dir='ltr'><strong>cmtu,</strong></span> <span class='ocrx_word' id='word_1_713' title='bbox 2883 4799 3138 4856; x_wconf 88' lang='lat' dir='ltr'><strong>omnibus</strong></span> <span class='ocrx_word' id='word_1_714' title='bbox 3173 4804 3532 4881; x_wconf 84' lang='lat' dir='ltr'><strong>undequaqu</strong></span> 
     </span>
    </p>
   </div>
   <div class='ocr_carea' id='block_1_106' title="bbox 1971 4876 3530 4969">
    <p class='ocr_par' dir='ltr' id='par_1_106' title="bbox 1971 4876 3530 4969">
     <span class='ocr_line' id='line_1_106' title="bbox 1971 4876 3530 4969; baseline 0.017 -37"><span class='ocrx_word' id='word_1_715' title='bbox 1971 4876 2238 4940; x_wconf 84' lang='lat' dir='ltr'><strong>collectis,</strong></span> <span class='ocrx_word' id='word_1_716' title='bbox 2274 4879 2509 4951; x_wconf 88' lang='lat' dir='ltr'><strong>quisque</strong></span> <span class='ocrx_word' id='word_1_717' title='bbox 2550 4898 2648 4953; x_wconf 90' lang='lat' dir='ltr'><strong>pro</strong></span> <span class='ocrx_word' id='word_1_718' title='bbox 2710 4887 2922 4943; x_wconf 87' lang='lat' dir='ltr'><strong>meritis</strong></span> <span class='ocrx_word' id='word_1_719' title='bbox 2985 4893 3100 4948; x_wconf 90' lang='lat' dir='ltr'><strong>suis</strong></span> <span class='ocrx_word' id='word_1_720' title='bbox 3176 4876 3530 4969; x_wconf 20' lang='lat' dir='ltr'><strong>accipietiac</strong></span> 
     </span>
    </p>
   </div>
   <div class='ocr_carea' id='block_1_107' title="bbox 1971 4966 3525 5048">
    <p class='ocr_par' dir='ltr' id='par_1_107' title="bbox 1971 4966 3525 5048">
     <span class='ocr_line' id='line_1_107' title="bbox 1971 4966 3525 5048; baseline 0.018 -28"><span class='ocrx_word' id='word_1_721' title='bbox 1971 4980 2091 5021; x_wconf 92' lang='lat' dir='ltr'><strong>sors</strong></span> <span class='ocrx_word' id='word_1_722' title='bbox 2124 4966 2390 5038; x_wconf 89' lang='lat' dir='ltr'><strong>cujusque</strong></span> <span class='ocrx_word' id='word_1_723' title='bbox 2426 4974 2726 5041; x_wconf 81' lang='lat' dir='ltr'><strong>apparebit,</strong></span> <span class='ocrx_word' id='word_1_724' title='bbox 2753 4987 2806 5031; x_wconf 90' lang='lat' dir='ltr'><strong>et</strong></span> <span class='ocrx_word' id='word_1_725' title='bbox 2841 4979 3098 5036; x_wconf 84' lang='lat' dir='ltr'><strong>videbunt</strong></span> <span class='ocrx_word' id='word_1_726' title='bbox 3130 5001 3254 5042; x_wconf 84' lang='lat' dir='ltr'><strong>vere</strong></span> <span class='ocrx_word' id='word_1_727' title='bbox 3288 4966 3525 5048; x_wconf 72' lang='lat' dir='ltr'><strong>vermem</strong></span> 
     </span>
    </p>
   </div>
   <div class='ocr_carea' id='block_1_108' title="bbox 1970 5062 3530 5141">
    <p class='ocr_par' dir='ltr' id='par_1_108' title="bbox 1970 5062 3530 5141">
     <span class='ocr_line' id='line_1_108' title="bbox 1970 5062 3530 5141; baseline 0.018 -29"><span class='ocrx_word' id='word_1_728' title='bbox 1970 5067 2316 5130; x_wconf 83' lang='lat' dir='ltr'><strong>peccatorum</strong></span> <span class='ocrx_word' id='word_1_729' title='bbox 2335 5062 2714 5131; x_wconf 87' lang='lat' dir='ltr'><strong>immortalem,</strong></span> <span class='ocrx_word' id='word_1_730' title='bbox 2740 5067 3024 5141; x_wconf 88' lang='lat' dir='ltr'><strong>ignemque</strong></span> <span class='ocrx_word' id='word_1_731' title='bbox 3054 5089 3239 5131; x_wconf 89' lang='lat' dir='ltr'><strong>eorum</strong></span> <span class='ocrx_word' id='word_1_732' title='bbox 3264 5079 3530 5139; x_wconf 83' lang='lat' dir='ltr'><strong>inexstin-</strong></span> 
     </span>
    </p>
   </div>
   <div class='ocr_carea' id='block_1_109' title="bbox 1967 5149 3526 5244">
    <p class='ocr_par' dir='ltr' id='par_1_109' title="bbox 1967 5149 3526 5244">
     <span class='ocr_line' id='line_1_109' title="bbox 1967 5149 3526 5244; baseline 0.019 -43"><span class='ocrx_word' id='word_1_733' title='bbox 1967 5149 2259 5220; x_wconf 87' lang='lat' dir='ltr'><strong>guibilem;</strong></span> <span class='ocrx_word' id='word_1_734' title='bbox 2323 5151 2428 5206; x_wconf 85' lang='lat' dir='ltr'><strong>hoc</strong></span> <span class='ocrx_word' id='word_1_735' title='bbox 2479 5161 2585 5218; x_wconf 91' lang='lat' dir='ltr'><strong>est,</strong></span> <span class='ocrx_word' id='word_1_736' title='bbox 2640 5155 2902 5226; x_wconf 90' lang='lat' dir='ltr'><strong>judicium</strong></span> <span class='ocrx_word' id='word_1_737' title='bbox 2962 5165 3348 5238; x_wconf 65' lang='lat' dir='ltr'><strong>conscientiae,</strong></span> <span class='ocrx_word' id='word_1_738' title='bbox 3406 5188 3526 5244; x_wconf 63' lang='lat' dir='ltr'><strong>quae</strong></span> 
     </span>
    </p>
   </div>
   <div class='ocr_carea' id='block_1_110' title="bbox 1967 5237 3522 5334">
    <p class='ocr_par' dir='ltr' id='par_1_110' title="bbox 1967 5237 3522 5334">
     <span class='ocr_line' id='line_1_110' title="bbox 1967 5237 3522 5334; baseline 0.021 -46"><span class='ocrx_word' id='word_1_739' title='bbox 1967 5237 2112 5290; x_wconf 84' lang='lat' dir='ltr'><strong>velut</strong></span> <span class='ocrx_word' id='word_1_740' title='bbox 2141 5238 2341 5295; x_wconf 89' lang='lat' dir='ltr'><strong>vermis</strong></span> <span class='ocrx_word' id='word_1_741' title='bbox 2372 5239 2697 5299; x_wconf 89' lang='lat' dir='ltr'><strong>immortalis</strong></span> <span class='ocrx_word' id='word_1_742' title='bbox 2729 5245 2785 5300; x_wconf 92' lang='lat' dir='ltr'><strong>in</strong></span> <span class='ocrx_word' id='word_1_743' title='bbox 2806 5262 2997 5305; x_wconf 90' lang='lat' dir='ltr'><strong>eorum</strong></span> <span class='ocrx_word' id='word_1_744' title='bbox 3031 5255 3214 5311; x_wconf 89' lang='lat' dir='ltr'><strong>animo</strong></span> <span class='ocrx_word' id='word_1_745' title='bbox 3245 5237 3522 5334; x_wconf 75' lang='lat' dir='ltr'><strong>vertetur;</strong></span> 
     </span>
    </p>
   </div>
   <div class='ocr_carea' id='block_1_111' title="bbox 1964 5329 3525 5416">
    <p class='ocr_par' dir='ltr' id='par_1_111' title="bbox 1964 5329 3525 5416">
     <span class='ocr_line' id='line_1_111' title="bbox 1964 5329 3525 5416; baseline 0.019 -34"><span class='ocrx_word' id='word_1_746' title='bbox 1964 5333 2019 5382; x_wconf 88' lang='lat' dir='ltr'><strong>et</strong></span> <span class='ocrx_word' id='word_1_747' title='bbox 2036 5329 2262 5384; x_wconf 89' lang='lat' dir='ltr'><strong>torrebit</strong></span> <span class='ocrx_word' id='word_1_748' title='bbox 2290 5331 2452 5386; x_wconf 88' lang='lat' dir='ltr'><strong>etiam</strong></span> <span class='ocrx_word' id='word_1_749' title='bbox 2480 5349 2576 5392; x_wconf 87' lang='lat' dir='ltr'><strong>eos</strong></span> <span class='ocrx_word' id='word_1_750' title='bbox 2601 5337 2740 5408; x_wconf 88' lang='lat' dir='ltr'><strong>ignis</strong></span> <span class='ocrx_word' id='word_1_751' title='bbox 2760 5354 2826 5395; x_wconf 75' lang='lat' dir='ltr'><strong>ex</strong></span> <span class='ocrx_word' id='word_1_752' title='bbox 2849 5341 2982 5412; x_wconf 89' lang='lat' dir='ltr'><strong>ipsis</strong></span> <span class='ocrx_word' id='word_1_753' title='bbox 2997 5346 3232 5416; x_wconf 88' lang='lat' dir='ltr'><strong>clicitus,</strong></span> <span class='ocrx_word' id='word_1_754' title='bbox 3263 5361 3318 5408; x_wconf 92' lang='lat' dir='ltr'><strong>et</strong></span> <span class='ocrx_word' id='word_1_755' title='bbox 3349 5329 3525 5414; x_wconf 51' lang='lat' dir='ltr'><strong>omni;</strong></span> 
     </span>
    </p>
   </div>
   <div class='ocr_carea' id='block_1_112' title="bbox 1963 5419 3523 5523">
    <p class='ocr_par' dir='ltr' id='par_1_112' title="bbox 1963 5419 3523 5523">
     <span class='ocr_line' id='line_1_112' title="bbox 1963 5419 3523 5523; baseline 0.022 -47"><span class='ocrx_word' id='word_1_756' title='bbox 1963 5419 2066 5476; x_wconf 86' lang='lat' dir='ltr'><strong>bus</strong></span> <span class='ocrx_word' id='word_1_757' title='bbox 2123 5423 2528 5494; x_wconf 79' lang='lat' dir='ltr'><strong>conspiciemur</strong></span> <span class='ocrx_word' id='word_1_758' title='bbox 2591 5429 2682 5501; x_wconf 91' lang='lat' dir='ltr'><strong>qui</strong></span> <span class='ocrx_word' id='word_1_759' title='bbox 2741 5430 3030 5494; x_wconf 90' lang='lat' dir='ltr'><strong>Dominum</strong></span> <span class='ocrx_word' id='word_1_760' title='bbox 3081 5446 3523 5523; x_wconf 83' lang='lat' dir='ltr'><strong>conditoremque</strong></span> 
     </span>
    </p>
   </div>
   <div class='ocr_carea' id='block_1_113' title="bbox 1962 5525 2478 5588">
    <p class='ocr_par' dir='ltr' id='par_1_113' title="bbox 1962 5525 2478 5588">
     <span class='ocr_line' id='line_1_113' title="bbox 1962 5525 2478 5588; baseline 0.008 -20"><span class='ocrx_word' id='word_1_761' title='bbox 1962 5527 2121 5570; x_wconf 89' lang='lat' dir='ltr'><strong>suum</strong></span> <span class='ocrx_word' id='word_1_762' title='bbox 2155 5525 2478 5588; x_wconf 86' lang='lat' dir='ltr'><strong>agnoscunt.</strong></span> 
     </span>
    </p>
   </div>
  </div>
