4176 6184
301 495 1900 720 APPENDIX
1955 328 3604 719 Αὑῖβὲξῆἦ

347 867 782 932 AUCTORES
812 869 914 929 ET
947 867 1464 930 MONUMENTA
1497 868 1654 928 VEL
1687 868 2061 928 INCEBTE
2093 867 2433 942 jETATIS,
2466 867 2623 927 VEL
2653 867 2916 930 DUBl/E
2949 866 3576 938 AUCTORITATIS,

799 1014 954 1074 VEL
997 1013 1334 1076 TANTUM
1380 1011 1926 1075 CONNEXIONIS
1971 1012 2227 1076 CAUSA
2273 1011 2658 1073 PATRIBUS
2702 1011 3134 1074 ADJUNCTA.

1163 1177 1938 1232 -———————t<a

1939 1176 2098 1232 ωδε

1656 1377 1822 1422 ANNO
1857 1377 2093 1423 DOMINI
2125 1377 2421 1421 CCCXCIX.

745 1526 1822 1694 SANCTUS

2039 1521 2912 1680 VIARTIN
2925 1524 3210 1681 US

1223 1785 1867 1872 EPISCOPUS
1938 1783 2709 1869 TURONENSIS.

1412 1971 1507 2035 (Ex
1535 1970 1757 2022 Galland.
1785 1969 1898 2020 νει.
1925 1969 2060 2019 Patr.
2088 1967 2321 2018 Biblioth.
2344 1974 2381 2017 t.
2405 1966 2540 2031 VII.)

1851 2128 2114 2147 ῃ

1549 2254 2360 2331 PROLEGOMENA
2375 2315 2392 2332 .

393 2618 435 2673 I.
469 2617 586 2672 Non
617 2625 826 2672 tantum
854 2615 981 2670 vita:
1013 2612 1336 2678 sanctitate,
1379 2626 1571 2667 verum
1611 2610 1773 2666 etiam
1791 2611 1922 2666 doc-
1951 2617 2007 2677 Α
2030 2609 2109 2666 De
2139 2624 2206 2666 eo
2236 2620 2419 2666 autem
2454 2611 2571 2667 haec
2599 2611 2764 2666 habet
2789 2613 3152 2671 Combefisius
3181 2623 3251 2688 (c)
3279 2637 3292 2671 :
3328 2637 3346 2671 ι
3387 2621 3640 2693 Exscrip-

318 2716 482 2771 trinae
514 2713 676 2768 laude
705 2711 1216 2783 praestantissimum
1249 2708 1420 2765 fuisse
1467 2708 1687 2764 beatum
1720 2708 1926 2764 Mum-

320 2823 430 2864 Mill
461 2807 714 2863 ecclesia:
741 2805 1030 2861 Turonicze
1073 2805 1413 2868 antistitem,
1463 2802 1767 2858 luculenter
1794 2803 1926 2857 satis

321 2908 558 2956 testatur
598 2899 689 2969 qui
728 2913 852 2954 eum
899 2897 1071 2967 probe
1099 2906 1326 2950 noverat
1359 2895 1635 2965 Sulpicius
1663 2895 1920 2950 Severus.

320 2991 410 3049 Sic
458 2992 607 3047 enim
656 2991 746 3046 ille
774 2991 850 3062 (a)
879 3007 892 3042 :
926 3008 944 3040 α
978 2989 1098 3045 Jarn
1127 3004 1259 3044 vero
1281 3030 1294 3053 ,
1330 2989 1534 3055 inquit,
1567 2988 1618 3041 in
1651 2988 1832 3042 verbis
1873 2997 1927 3040 et

322 3083 767 3138 confabulatione
792 3082 910 3152 ejus
931 3090 1130 3152 quanta
1157 3081 1400 3151 gravitas
1419 3121 1434 3146 ,
1464 3088 1663 3150 quanta
1691 3078 1927 3148 dignitas

325 3177 475 3233 erat!
509 3192 670 3247 quam
705 3191 860 3237 acer,
891 3190 1054 3244 quam
1097 3174 1292 3228 efﬁcax
1319 3217 1335 3242 ,
1365 3182 1420 3229 et
1459 3189 1617 3244 quam
1652 3173 1704 3226 in
1742 3171 1926 3226 absol-

324 3268 515 3322 vendis
562 3267 963 3335 scripturarum
992 3265 1393 3336 quaestionibus
1440 3276 1722 3336 promptus
1765 3276 1819 3320 et
1849 3265 1925 3319 fa-

325 3361 451 3416 cilis
476 3362 490 3416 l
515 3390 586 3400 —
611 3359 799 3416 Jesum
833 3368 1005 3415 testor
1035 3375 1300 3429 spemque
1329 3374 1710 3424 communem,
1744 3373 1829 3413 me
1861 3373 1928 3412 ex

326 3454 532 3510 nullius
552 3468 805 3524 umquam
829 3467 924 3508 ore
945 3462 1149 3507 tantum
1176 3452 1442 3515 scientiae,
1473 3460 1678 3504 tantum
1703 3450 1925 3520 ingenii,

327 3557 438 3602 tam
471 3547 598 3602 boni
625 3559 676 3602 et
710 3556 818 3601 tam
852 3547 974 3616 puri
1016 3552 1287 3600 sermonis
1317 3545 1554 3600 audisse.
1589 3544 1927 3613 Quamquam

327 3641 382 3696 in
417 3642 628 3697 Martini
662 3641 958 3696 virtutibus
985 3642 1248 3711 quantula
1280 3649 1364 3695 est
1394 3640 1493 3693 ista
1525 3638 1792 3693 laudatio!
1826 3637 1928 3693 nisi

327 3733 472 3802 quod
505 3734 703 3788 mirum
734 3740 853 3797 est,
890 3733 1099 3787 homini
1135 3731 1414 3786 illitterato
1444 3748 1510 3786 ne
1539 3731 1681 3786 hanc
1708 3731 1926 3802 quidem

329 3827 559 3896 gratiam
586 3824 849 3880 defuisse.
886 3843 905 3876 ι
942 3825 1007 3877 Et
1032 3823 1160 3878 alibi
1189 3823 1300 3894 (b):
1338 3842 1356 3874 ι
1387 3822 1506 3877 Jam
1537 3823 1580 3875 si
1611 3822 1678 3875 ad
1709 3821 1926 3888 laevam,

332 3913 552 3970 Achaiae
597 3916 776 3970 sinum
809 3915 1091 3985 paululum
1139 3915 1380 3970 devexus
1422 3914 1748 3979 intraveris,
1791 3912 1931 3968 sciat

2030 2718 2245 2770 seram,
2280 2705 2486 2775 inquit,
2533 2721 2846 2762 sermonem
2887 2709 2952 2761 de
2982 2721 3166 2764 sancta
3201 2711 3487 2783 Trinitatc,
3517 2719 3638 2787 ejus

2037 2793 2314 2865 (Martini)
2349 2807 2712 2865 prienotatum
2744 2799 2996 2866 nomine,
3031 2817 3097 2855 ex
3126 2803 3316 2859 codice
3343 2822 3449 2860 em.
3482 2810 3632 2864 card.

2029 2887 2324 2955 Mazarini;
2355 2890 2451 2945 sed
2484 2890 2558 2944 ita
2596 2893 2648 2946 in
2688 2910 2754 2947 eo
2787 2895 3077 2962 viti0snm,
3122 2907 3178 2950 ttt
3219 2915 3328 2953 non
3359 2902 3536 2956 visum
3571 2907 3643 2960 sit

2033 2993 2472 3050 reprazsentare:
2509 2985 2558 3036 id
2591 2985 2718 3040 inde
2758 2986 2961 3041 factum
3008 2990 3256 3059 videtur,
3309 2997 3450 3066 quod
3497 3001 3636 3053 anti-

2033 3073 2257 3141 quarius
2297 3089 2363 3128 ex
2401 3077 2798 3133 vetustioribus
2831 3081 3165 3137 membranis
3205 3095 3297 3138 aut
3339 3091 3483 3142 ceris
3529 3106 3635 3146 non

2029 3165 2164 3219 satis
2210 3164 2444 3220 feliciter
2475 3170 2715 3237 potuerit
2764 3174 3095 3229 exscribere.
3140 3175 3239 3231 Est
3273 3188 3450 3234 tamen
3501 3183 3630 3249 ille,

2031 3260 2366 3326 conjectura:
2413 3259 2496 3315 his
2543 3278 2664 3331 qua:
2710 3263 2948 3320 Severus
2995 3267 3063 3320 de
3104 3269 3372 3326 illitterati
3420 3274 3642 3352 Martini

2032 3351 2345 3408 eruditione
2375 3369 2440 3407 ac
2473 3353 2724 3410 facundia
2746 3397 2760 3420 ,
2798 3366 2940 3412 tanta
2973 3361 3162 3416 scribit
3190 3363 3578 3422 obtestatione.
3619 3351 3637 3420 ί

2039 3441 2115 3497 lta
2157 3443 2551 3512 Combefisius,
2596 3463 2655 3501 ea
2697 3451 2997 3518 respiciens
3029 3469 3146 3521 qua:
3179 3457 3338 3509 modo
3366 3473 3432 3512 ex
3465 3459 3646 3530 Sulpi-

2039 3534 2124 3590 cio
2153 3537 2520 3592 recitavimus.
2552 3539 2632 3592 Ex
2662 3542 2857 3609 priscis
2881 3543 3008 3595 item
3040 3547 3372 3601 membranis
3397 3550 3642 3605 eamdem

2039 3628 2457 3684 Coufessioncm
2491 3631 2730 3700 Trajecd
2773 3635 3053 3703 evulgavit
3088 3652 3235 3692 anno
3267 3640 3402 3694 15M
3431 3641 3644 3698 Tlieod.

2039 3722 2406 3790 Pulmaunus,
2438 3725 2593 3794 cujus
2632 3726 2810 3780 varias
2850 3728 3116 3784 leCIiones
3142 3731 3210 3785 ad
3244 3748 3356 3786 sua:
3385 3733 3642 3789 editionis

2038 3817 2244 3872 calcem
2282 3835 2404 3888 qua:
2448 3819 2679 3890 Cygnere
2713 3819 2913 3888 prodiit
2944 3821 3080 3876 Ib’77
3124 3824 3317 3893 rejt-cit
3357 3825 3639 3882 Daumius.

2112 3909 2203 3964 Ill.
2264 3909 2462 3965 Verum
2513 3927 2621 3981 prie
2672 3915 2887 3966 caeteris
2938 3915 3370 3970 commendanda
3425 3918 3640 3974 videtur

329 4006 665 4076 Corinthus,
723 4010 902 4062 sciant
948 4006 1216 4072 Athenae,
1277 4023 1384 4062 non
1438 4007 1825 4077 sapientiorem
1879 4006 1930 4059 in
1964 4009 2012 4069 Β
2041 4001 2266 4058 Thema:
2301 4003 2632 4058 Beauxatnis
2671 4006 2934 4069 solertia;
2966 4006 3058 4075 qui
3102 4015 3214 4062 tres
3243 4011 3643 4068 vetustissimos

331 4099 624 4154 Academia
656 4099 976 4166 Platonem,
1012 4115 1113 4154 nec
1139 4099 1418 4153 Socratem
1452 4099 1504 4152 in
1548 4113 1769 4153 carcere
1813 4096 1926 4152 for-

336 4193 535 4247 tiorem
565 4210 578 4246 :
612 4191 823 4250 felicem
851 4193 1072 4264 quidem
1104 4193 1404 4258 Grzeciam,
1445 4207 1566 4263 qua:
1607 4193 1809 4245 meruit
1837 4206 1933 4243 au—

335 4284 455 4339 dire
507 4284 826 4354 Apostolum
877 4285 1306 4356 prredicantem;
1356 4283 1451 4339 sed
1512 4297 1854 4352 nequaquam
1902 4297 1932 4335 a

335 4375 558 4432 Christo
592 4375 793 4432 Gallias
820 4375 1110 4432 derelictas
1131 4417 1146 4442 ,
1175 4375 1375 4445 quibus
1403 4374 1693 4430 donaverit
1730 4373 1932 4428 habere

335 4467 650 4524 Martinum.
686 4488 705 4522 ι
739 4469 861 4524 llam
894 4469 1191 4539 Sulpicius.

409 4561 470 4617 II.
518 4562 688 4618 Porro
728 4562 830 4616 sub
875 4563 1009 4615 tanti
1059 4559 1240 4616 Patris
1289 4561 1510 4616 nomine
1554 4558 1937 4617 circumfertur

338 4653 603 4723 Confessio
625 4652 799 4707 Trina:
816 4653 1028 4707 unitatis
1055 4661 1101 4705 et
1127 4653 1279 4708 unius
1301 4651 1576 4707 Trinitatis
1595 4694 1608 4717 ,
1637 4653 1780 4724 stylo
1806 4651 1937 4706 sint-

337 4745 463 4816 plici
495 4755 549 4800 et
577 4746 772 4801 alicubi
811 4746 1169 4808 obscuriore,
1204 4746 1551 4800 librariorum
1585 4745 1820 4800 fortasse
1858 4746 1941 4800 in-

337 4838 526 4902 scitia,
574 4839 918 4908 conscripta;
966 4854 1127 4908 quam
1160 4853 1304 4892 anno
1334 4838 1475 4893 1512
1517 4837 1726 4906 primus
1769 4838 1941 4891 edidit

335 4946 459 4986 cum
507 4931 629 4986 aliis
676 4943 924 4986 veterum
968 4932 1248 5002 opusculis
1292 4931 1527 4987 Jodorus
1567 4929 1936 4986 Clichtoveus.

334 5024 614 5094 Deinceps
642 5041 774 5079 vero
801 5027 1000 5094 smpius
1032 5025 1172 5080 idem
1205 5025 1454 5089 libellus,
1492 5023 1735 5079 virorum
1761 5024 1942 5078 erudi-

334 5126 519 5172 torum
572 5117 716 5173 Petri
769 5118 1002 5184 Pithrei,
1049 5120 1304 5188 Casparis
1351 5117 1557 5172 Birthii
1587 5159 1600 5183 ,
1645 5117 1941 5172 Christiani

338 5208 549 5263 Dauutii
579 5209 923 5278 aliorumque
953 5223 1121 5278 opera
1141 5251 1156 5274 ,
1190 5210 1334 5282 typis
1367 5209 1550 5264 denuo
1589 5210 1944 5279 consignatus

338 5300 696 5368 comperitur.
739 5300 929 5356 Exstat
974 5312 1244 5370 praeterea
1292 5303 1345 5356 in
1404 5302 1677 5372 plerisque
1722 5301 1943 5356 Patrum

2037 4096 2255 4150 codices
2283 4107 2494 4161 nactus,
2526 4111 2715 4151 eorum
2745 4096 3038 4152 collatione
3059 4099 3348 4170 diligenter
3373 4104 3641 4170 instituta,

2035 4189 2289 4243 eumdem
2333 4191 2504 4244 sancti
2545 4190 2792 4258 prtesulis
2818 4191 3154 4248 Turonensis
3199 4193 3441 4249 libellum
3482 4195 3640 4252 brevi

2037 4284 2437 4336 commentario
2485 4284 2812 4337 illustratum
2863 4285 3279 4354 subjectumque
3314 4289 3448 4342 Vitae
3497 4291 3640 4345 beati

2039 4371 2255 4425 Martini
2283 4387 2310 4424 a
2340 4372 2581 4440 Sulpicio
2605 4373 2815 4426 Severo
2831 4375 3178 4444 Conscriptw,
3203 4377 3354 4444 prelo
3367 4380 3643 4436 commisit

2039 4466 2263 4522 Parisiis
2291 4481 2435 4518 anno
2478 4464 2635 4520 1571.
2679 4465 3130 4538 Quandoquidem
3177 4485 3309 4526 vero
3351 4473 3489 4526 hanc
3529 4475 3644 4528 edi~

2043 4559 2244 4613 tionem
2276 4557 2500 4626 reliquis
2530 4557 2702 4612 multo
2730 4558 3160 4616 emendatiorem
3208 4566 3382 4618 secuti
3413 4582 3601 4620 sumus
3623 4609 3638 4632 ,

2041 4669 2161 4723 qua:
2203 4663 2465 4722 pratterea
2508 4654 2650 4708 inter
2683 4655 2918 4708 rariores
2949 4668 3266 4710 recensetur
3295 4658 3374 4727 (d)
3397 4676 3414 4724 ;
3440 4659 3646 4730 juverit

2043 4744 2272 4815 proinde
2298 4745 2556 4799 nonnulla
2582 4761 2644 4798 ex
2677 4745 2869 4798 eodem
2897 4745 3191 4802 Parisiensi
3220 4750 3428 4806 editore
3454 4752 3505 4806 in
3531 4769 3644 4807 meo

2044 4837 2195 4892 dium
2240 4840 2512 4904 proferre,
2563 4837 2761 4908 quibus
2804 4837 2929 4891 dum
2963 4837 3058 4893 ille
3103 4841 3336 4894 studium
3387 4857 3544 4899 Suum
3590 4845 3642 4898 in

2047 4931 2187 4986 hanc
2231 4932 2463 5000 opellam
2503 4931 2805 4999 impensum
2856 4931 3064 5000 prodit,
3108 4935 3228 5000 ejus
3277 4936 3482 5004 pariter
3527 4940 3643 4995 sive

2045 5025 2438 5095 integritatem,
2467 5025 2582 5077 sive
2600 5025 2834 5094 pretium
2869 5026 3082 5078 astruit.
3112 5025 3382 5096 Sicigttur
3414 5028 3508 5084 ille
3533 5030 3603 5100 (ε)
3631 5049 3644 5085 :

2053 5136 2070 5169 ι
2097 5116 2249 5178 Tria,
2277 5116 2477 5186 inquit,
2515 5133 2544 5171 e
2571 5118 2806 5170 diversis
2831 5116 3185 5173 bibliothecis
3217 5119 3488 5174 volumina
3515 5122 3647 5177 mihi

2046 5211 2254 5280 prolata
2292 5219 2446 5272 sunt,
2496 5225 2615 5277 qua:
2665 5224 2856 5264 manus
2899 5210 3010 5277 ipsa
3037 5251 3050 5273 ,
3094 5211 3230 5264 Satis
3265 5215 3645 5280 antiquissima

2047 5317 2173 5356 esse
2203 5300 2618 5355 eontestabatur
2645 5318 2656 5352 :
2689 5300 3038 5356 characteres
3066 5305 3210 5357 enim
3243 5304 3364 5359 aliis
3400 5307 3489 5374 qui
3521 5314 3648 5360 ante

337 5391 686 5448 bibliothecis
707 5405 759 5449 et
785 5393 840 5448 in
863 5394 1284 5451 collectionibus
1305 5394 1660 5451 conciliorum
1684 5409 1937 5451 excusus.
1971 5385 2018 5449 C
2048 5394 2200 5450 mille
2220 5407 2393 5448 annos
2416 5393 2472 5448 in
2501 5409 2599 5448 usu
2626 5403 2812 5460 erant,
2843 5393 3052 5462 collati,
3079 5397 3386 5466 persimiles
3409 5397 3648 5453 omnium

413 5548 684 5625 (a)_Sulp.
738 5549 866 5625 $_e_v.
921 5551 992 5625 de
1037 5553 1152 5625 _V_'it.
1218 5553 1277 5608 Β.
1325 5553 1482 5609 Mart.
1513 5568 1633 5624 cap.
1677 5554 1768 5608 ‘25.
1815 5568 1941 5625 opp.

340 5630 478 5678 tom.
514 5619 564 5680 Ι.
599 5637 717 5691 pag.
751 5621 844 5690 54,
875 5624 1006 5680 edit.
1035 5622 1232 5679 Veron.
1262 5625 1421 5679 1741.

415 5694 494 5767 (ὁ)
538 5692 618 5767 l_tl.
650 5695 786 5767 Dial.
813 5709 894 5767 tt_t.
923 5695 1166 5767 capuli,
1197 5697 1328 5750 ibid.
1357 5710 1491 5767 page
1520 5695 1642 5752 H6.

420 5763 494 5835 (c)
534 5763 792 5821 Combef.
839 5763 1005 5822 Bibl.’
1037 5766 1206 5822 Cone.
1269 5763 1588 5834 tonifVlll,
1639 5781 1762 5839 pag.
1807 5765 1944 5833 ΠΟ,

629 5858 911 5920 Pyrno!"
975 5857 1207 5922 XVIII.

337 6005 516 6115 ηδλ

2056 5552 2222 5697 Ὗ)ῐῶ
2243 5551 2443 5697 Δἒίεδιιῐη.
2476 5621 2686 5697 pruriat.
2711 5623 2776 5677 ad
2809 5639 3004 5697 opusc.
3025 5625 3094 5678 de
3117 5625 3173 5680 S.
3201 5624 3394 5680 Trinit.
3431 5640 3552 5697 pag.
3593 5629 3648 5685 7.

2057 5692 2199 5768 Hist.
2236 5693 2337 5768 f_itt.
2380 5695 2442 5749 de
2471 5695 2522 5749 fa
2554 5692 2788 5768 France,
2825 5708 2961 5768 toni.
2993 5695 3046 5759 Ι,
3082 5703 3219 5762 part.
3264 5711 3325 5764 tt,
3368 5692 3649 5768 pagi”.

2129 5765 2201 5839 (c)
2240 5765 2446 5824 Bcaux.
2476 5765 2686 5837 praefat.
2720 5782 2842 5838 pag.
2869 5765 2970 5826 ‘25!
3001 5781 3119 5837 seq.

3142 5860 3174 5919 1
