4176 6184
386 264 447 338 it
882 275 947 334 ει
986 267 1274 331 uanum
1306 263 1696 328 GONFESSIO
1734 234 1970 319 Τιιιιιιε
2008 257 2045 316 c

2127 252 2337 313 .TA'l‘lS
2376 250 2467 307 er
2510 227 2720 306 uultis
2758 238 3182 304 mmmam.
3618 237 3688 292 te

381 391 703 449 testimonio
733 387 902 443 habiti
929 393 1079 443 sunt.
1114 387 1280 442 Porro
1310 383 1487 439 tribus
1517 381 1670 435 hisce
1695 373 1990 433 volumini—
2016 375 2063 437 A
2094 370 2396 427 edisserere
2413 363 3000 437 pergens.'complures
3032 360 3273 414 haereses
3292 353 3397 409 hac
3427 366 3520 407 sua
3549 351 3692 407 Cou-

385 486 488 541 bus
530 480 928 547 cmendicatis,
979 479 1179 549 triplex
1238 477 1426 535 Severi
1470 470 1704 542 Sulpicii
1755 465 1989 523 historia
2091 463 2331 521 fessione
2370 462 2432 517 B.
2484 460 2773 517 Martinum
2823 464 3075 512 evenere
3117 449 3393 515 ostendit,
3427 446 3690 512 Ebiouis,

386 576 880 634 contexebatur....
911 574 1109 630 Verum
1139 582 1261 627 cum
1289 570 1468 641 primo
1490 562 1544 621 in
1570 564 1700 620 libri
1731 560 1991 631 cujusque

389 670 621 743 remigio
664 667 1024 741 CMpeMim
1042 674 1239 724 nostrae
1268 666 1391 731 fidei
1416 679 1445 718 a
1482 663 1547 717 D.
1577 660 1827 716 anrmo
1856 668 1990 712 con-

386 766 652 836 scriptum
715 763 1103 835 agnovissent;
1164 758 1422 827 obstupui
1485 771 1651 823 sane,
1719 770 1817 809 cur
1867 766 1990 806 cum

388 858 554 915 toties
602 857 843 914 Severus
871 867 903 911 e
948 853 1117 925 prelis
1154 851 1441 925 pradicet,
1482 848 1634 903 illius
1676 853 1745 902 ne
1789 842 1995 899 mentio

392 952 615 1022 quidem
642 949 784 1004 facta
829 948 920 1004 sit.
955 947 1064 1004 Sed
1087 989 1101 1014 ,
1134 953 1195 1000 ut
1238 944 1497 1007 arbitror,
1527 948 1730 1010 prteter
1773 938 1999 993 charac-

392 1056 572 1101 terum
608 1043 988 1113 antiquitatem
1008 1083 1020 1103 .
1048 1040 1129 1096 rei
1156 1039 1335 1108 ipsimi
1368 1048 1469 1094 eos
1494 1030 1790 1090 dilﬂcult‘as
1818 1029 2000 1087 deter-

394 1137 572 1193 rebat.
607 1135 717 1191 Nec
759 1134 905 1190 enim
952 1134 1065 1188 suis
1115 1131 1394 1202 periodis,
1445 1127 1670 1195 virgulis
1714 1124 1999 1181 ctcterisve

394 1227 601 1284 uotulis
635 1233 937 1307 contextus
977 1224 1339 1282 dcliuiebatur
1368 1239 1381 1274 :
1412 1220 1550 1275 adeo
1586 1228 1646 1273 ut
1675 1215 1998 1288 quibusdam

393 1320 683 1391 ambiguus
707 1360 724 1386 ,
765 1319 890 1373 aliis
920 1332 1173 1382 mancus,
1205 1315 1457 1371 omnibus
1495 1310 1801 1367 abstrusior
1835 1323 2003 1378 appa-

388 1421 563 1468 reret.
617 1411 752 1466 Nam
825 1425 948 1465 cum
994 1423 1209 1465 summa
1253 1406 1531 1462 brevitate
1592 1419 1711 1459 rem
1757 1401 1999 1458 omnium

390 1503 777 1560 difﬁcillimam
820 1502 1248 1570 complectatur;
1287 1499 1409 1570 quis
1437 1498 1582 1553 inter
1616 1494 1890 1549 dictiones
1922 1492 2007 1546 in-

392 1598 841 1669 circumscriptas
890 1596 1030 1651 adeo
1074 1594 1397 1665 perplexas,
1444 1589 1577 1663 quid
1619 1587 1759 1645 certi
1800 1586 2006 1642 elicere

395 1690 984 1762 potuisset?...0per:e
1009 1688 1262 1757 praetium
1286 1684 1450 1754 igitur
1473 1682 1597 1737 duxi
1623 1680 1735 1734 suis
1765 1678 2001 1748 punctis,

2092 554 2334 612 Cerinthi
2363 595 2378 621 ,
2426 553 2746 617 Marcionis,
2807 549 3073 614 Mauelis,
3120 541 3446 615 Apollinarii
3476 584 3489 606 ,
3540 539 3692 605 Arii,

2094 646 2392 705 Macedonii
2416 662 2478 703 ac
2508 645 2787 702 Eunomii.
2818 641 3027 713 Quibus
3052 638 3350 702 enarratis,
3379 636 3454 691 ita
3480 633 3698 690 conclu-

2096 742 2215 797 dit:
2273 761 2290 792 ι
2322 739 2526 804 Vides,
2579 737 2887 793 Christiane
2934 735 3106 789 lector
3134 774 3148 796 ,
3202 738 3262 785 ut
3308 726 3697 797 compendiose

2096 834 2294 890 multas
2322 832 2567 887 haereses
2591 834 2779 885 uester
2804 825 3072 882 mrtuus
3098 819 3334 879 enecet?
3358 817 3472 875 Illis
3500 816 3698 887 Quippe

2099 925 2435 995 temporibus
2462 921 2669 978 exstitit
2699 962 2714 987 ,
2743 919 2941 991 quibus
2971 926 3065 971 aut
3092 914 3184 985 qui
3213 914 3534 968 Trinitatem
3560 951 3573 975 ,
3606 916 3699 962 aut

2098 1020 2189 1093 qui
2219 1021 2434 1075 unicam
2464 1014 2803 1072 divinitatem
2828 1018 3083 1067 evertere
3107 1004 3443 1067 nitebantur.
3471 1001 3700 1074 pullula-

2101 1121 2320 1172 runt....
2373 1110 2632 1180 Expende
2663 1122 2794 1163 vero
2836 1113 2967 1176 quot
2994 1102 3287 1159 schismata
3312 1142 3325 1163 ,
3358 1097 3617 1153 factiones
3646 1101 3702 1148 et

2105 1217 2299 1273 sectae,
2330 1221 2438 1276 quo
2468 1212 2715 1272 tempore
2743 1199 2927 1255 ﬂoruit
2951 1240 2965 1263 ,
2994 1194 3321 1277 emerserint
3346 1211 3358 1246 :
3393 1200 3504 1244 tum
3540 1186 3700 1242 facile

2104 1313 2371 1371 agnosces
2396 1312 2505 1351 non
2534 1294 2630 1350 abs
2649 1309 2708 1348 re
2734 1292 2871 1346 hanc
2900 1290 2967 1345 de
2990 1287 3276 1344 Trinitatis
3301 1292 3354 1339 et
3382 1282 3540 1336 unius
3564 1277 3698 1334 divi.

2106 1393 2294 1450 uitatis
2327 1392 2430 1446 lide
2456 1389 2658 1444 editam
2688 1384 3039 1441 sententiam.
3074 1400 3091 1432 ι
3129 1380 3253 1435 Hmc
3278 1378 3389 1432 ille.
3419 1375 3552 1443 Quae
3579 1373 3704 1442 qui-

2107 1487 2231 1541 dem
2258 1483 2438 1539 omnia
2460 1482 2506 1536 si
2527 1480 2653 1551 quis
2676 1485 2937 1532 accurate
2963 1471 3287 1544 perpendat,
3315 1476 3506 1540 arguet
3531 1465 3707 1519 cnim-

2108 1590 2242 1632 vero
2267 1617 2281 1641 ,
2314 1588 2433 1630 mea
2460 1568 2677 1642 quidem
2710 1566 2980 1623 sententia
3002 1606 3018 1630 ,
3065 1559 3359 1617 nonnullos
3402 1559 3547 1612 viros
3584 1570 3709 1610 eru-

2110 1669 2255 1722 ditos
2285 1662 2550 1735 ejusmodi
2573 1659 2984 1716 Confessionem
3016 1654 3196 1708 minus
3225 1660 3372 1708 recte
3398 1655 3706 1717 suspectam

395 1784 551 1854 quasi
581 1783 806 1848 vinclis,
850 1779 1142 1835 elﬂuentes
1167 1775 1433 1832 dictiones
1472 1772 1775 1837 cohibere,
1816 1770 2006 1838 sicque
2036 1768 2084 1837 Β
2112 1758 2409 1822 habuisse;
2451 1768 2571 1827 quae
2619 1754 2874 1808 nimirum
2915 1752 2966 1803 in
3002 1746 3193 1818 primis
3216 1744 3709 1800 vetustissimorum

2196 1852 2204 1854 ξ
2413 1848 2436 1854 ,
2464 1848 2476 1854 -
2850 1843 2882 1854 ._
2931 1852 2938 1854 μ
3164 1838 3197 1854 .,
3372 1835 3514 1854 ΡΨ
3551 1833 3706 1854 μιη,

390 1872 553 1930 facile
590 1875 655 1929 D.
686 1874 922 1928 MARTINI
951 1869 1343 1934 Confessionem
1370 1866 1630 1922 reddere.
1678 1865 1747 1917 Et
1775 1878 1842 1917 ne
1869 1858 2001 1931 quid

394 1966 645 2034 deesset,
675 1963 1154 2021 annotatiunculas
1178 1959 1399 2026 addidi,
1430 1974 1497 2014 ne
1537 1955 1692 2027 cuius
1722 1950 1870 2008 vocis
1905 1951 2006 2006 ob-

397 2058 631 2114 scuritas
674 2057 880 2112 diutius
929 2056 1191 2110 lectorem
1247 2050 1628 2122 suspenderet.
1663 2065 1681 2099 ι
1736 2045 2003 2114 Deinceps

392 2166 523 2207 vero
548 2160 739 2207 noster
779 2149 958 2205 editor
1002 2145 1323 2202 Parisiensis
1390 2143 1560 2199 libelli
1631 2137 2002 2211 praestantiam

467 2287 547 2358 (a)
586 2286 710 2343 Vid.
745 2293 920 2341 nostr.
956 2283 1099 2339 Bibl.
1135 2281 1241 2337 PP.
1279 2289 1391 2336 tom
1413 2278 1513 2344 lll,
1542 2290 1667 2347 pagi
1696 2264 1830 2327 385.

2111 1852 2359 1908 codicum
2408 1848 2515 1903 ﬁde
2556 1854 2611 1902 et
2656 1843 2980 1899 auctoritate
3027 1838 3316 1895 munitur:
3361 1835 3521 1905 digna
3551 1833 3711 1903 plane

2111 1954 2232 2016 qute
2275 1955 2401 1997 cum
2447 1937 2791 2010 Expositione
2836 1934 2958 2004 ﬁdei
3011 1927 3262 2001 Gregorii
3320 1922 3713 1994 Thaumaturgi

2114 2034 2427 2092 conferatur
2449 2031 2525 2102 (a)
2552 2071 2567 2096 ,
2600 2029 2644 2083 si
2672 2041 2874 2100 paucas
2903 2025 3087 2079 demas
3126 2018 3473 2076 duriusculas
3504 2031 3669 2073 voces
3694 2057 3709 2081 ,

2114 2129 2353 2187 librariis
2385 2127 2528 2183 forte
2553 2124 2690 2180 vitio
2721 2119 3034 2177 vet-tendas.

404 2390 3671 2451 ___________________,___.________________.._—.————

1262 2558 1951 2684 δικαίη
2025 2546 2870 2669 ΜΔΒΤῙΝῙ

845 2803 1235 2893 ΤΗΙΝΕ
1308 2790 1852 2885 UNITATIS
1928 2778 2079 2870 ET
2153 2780 2522 2867 UNIUS
2595 2770 3268 2860 TRINITATIS

1469 2973 2661 3143 CONFESSIO.

1837 3210 2310 3271 ρθκτιιῇεκδθ

489 3418 743 3476 Clemens
766 3402 1010 3466 Trinitas
1035 3409 1122 3459 est
1148 3412 1251 3454 una
1293 3392 1583 3455 divinitas,
1615 3396 1675 3443 ut
1705 3394 1885 3440 autem
1920 3393 2019 3451 per
2047 3378 2092 3440 C

413 3515 817 3569 sacramentum
845 3505 1206 3570 cognoscatur
1232 3507 1247 3544 :
1278 3486 1460 3544 unitas
1484 3490 1570 3540 est
1589 3490 1615 3518 ³
1639 3472 1707 3533 ab
1735 3492 1800 3532 eo
1825 3473 1916 3545 qui
1941 3480 2027 3527 est

334 3625 347 3633 ‘
423 3613 680 3667 sanctus,
713 3606 769 3653 et
798 3565 1024 3667 spiritus
1051 3605 1065 3643 :
1108 3602 1137 3641 a
1168 3598 1278 3656 quo
1298 3625 1313 3650 ,
1344 3580 1436 3652 qui
1467 3584 1553 3633 est
1574 3615 1589 3641 ,
1622 3580 1677 3629 et
1715 3565 2029 3639 unigenitus

424 3697 503 3754 sic
532 3693 805 3751 exsisteus
832 3666 1031 3741 divinae
1062 3688 1310 3745 naturae,
1343 3673 1478 3729 lucis
1500 3712 1515 3737 ,
1557 3666 1782 3738 spiritus
1807 3704 1822 3729 ,
1863 3676 1891 3713 a
1934 3671 2027 3721 se,

425 3805 486 3846 se
512 3802 614 3860 per
640 3791 888 3839 naturam
917 3818 930 3842 ,
960 3789 1057 3846 per
1093 3766 1452 3828 substantiam
1485 3755 1816 3830 maiestatis,
1851 3761 2029 3821 potes-

427 3841 554 3936 tatirs
570 3921 585 3945 ,
612 3868 832 3930 virtutis
848 3911 864 3936 ,
894 3841 1089 3923 divina:
1106 3856 1268 3916 lucis.
1298 3852 1534 3927 Spiritus
1555 3862 1699 3906 unus
1721 3847 1774 3900 in
1796 3841 2029 3905 duobus,

429 3983 485 4031 et
512 3938 741 4040 uterque
766 3967 818 4019 in
848 3954 901 4018 id
926 3956 1108 4030 ipsum
1136 3974 1148 4008 :
1177 3961 1333 4025 pater
1362 3949 1417 4004 iu
1440 3945 1574 4007 lilio,
1605 3938 1746 3997 ﬁlius
1773 3938 2031 4040 innpatre,

428 4067 483 4121 in
543 4025 739 4118 sancto
777 4044 1008 4127 Spiritu.
1051 4046 1144 4105 Sic
1166 4040 1341 4102 tribus
1384 4035 1666 4110 personis,
1708 4025 2036 4085 conﬁtemur

430 4156 459 4196 ι)
482 4167 680 4225 corpus
734 4123 1092 4221 praescientia:
1122 4158 1134 4194 :
1172 4134 1317 4209 quod
1366 4144 1535 4203 super
1567 4125 1749 4182 omnia
1778 4162 1793 4187 ,
1840 4123 2037 4174 cuncta

435 4212 737 4306 concludit.
759 4236 823 4297 In
848 4234 957 4294 hoc
984 4224 1301 4306 mysterium
1326 4239 1458 4297 ergo
1485 4212 1762 4278 credimus
1782 4256 1796 4279 ,
1824 4225 1944 4267 esse
1972 4222 2040 4261 ex

438 4334 605 4397 nullis
629 4329 973 4393 exstantibus
994 4302 1186 4383 cuncta
1211 4330 1353 4386 orta,
1376 4308 1519 4390 quod
1544 4302 1862 4384 mysterium
1887 4315 2042 4358 meus

441 4434 675 4489 humana
721 4420 1015 4492 concipere
1054 4432 1164 4472 non
1197 4420 1410 4486 potest,
1455 4423 1558 4465 nec
1583 4398 1823 4460 oratoria
1852 4392 2043 4467 lingua

442 4535 701 4582 enarrare
723 4560 738 4585 ,
767 4529 945 4585 neque
971 4504 1150 4566 did‘usi
1177 4502 1450 4560 sermonis
1471 4492 1922 4553 bibliothecarum
1950 4501 2046 4543 vo-

443 4614 682 4679 lumina,
724 4574 775 4666 si
826 4574 1001 4661 totum
1051 4586 1310 4654 mundum
1359 4590 1479 4647 libri
1531 4588 1814 4657 repleam,
1864 4574 2045 4634 divina

446 4707 678 4768 scientia
722 4716 831 4758 non
872 4696 1047 4769 possit
1091 4685 1473 4749 inenarrabilis
1512 4678 1753 4736 enarrari
1788 4693 1802 4730 :
1836 4673 1925 4744 qui
1965 4678 2051 4725 est

447 4795 744 4858 indicihilis
771 4835 785 4859 ,
819 4790 971 4846 nullo
1002 4783 1163 4842 modo
1204 4780 1377 4849 possit
1407 4770 1676 4836 describi,
1705 4780 1884 4836 neque
1915 4776 2049 4818 con-

2126 3369 2317 3445 gcnuit
2343 3386 2355 3422 :
2390 3376 2445 3422 et
2472 3380 2634 3421 nemo
2661 3354 2930 3432 comperit
2957 3363 3172 3413 secreta
3200 3346 3400 3425 patris,
3432 3350 3531 3406 nisi
3566 3346 3610 3404 is
3637 3347 3728 3420 qui

2134 3480 2231 3536 per
2268 3470 2552 3525 naturam,
2598 3451 2855 3512 nascendi
2888 3448 3101 3507 initium
3133 3442 3331 3503 amisit.
3375 3443 3563 3500 Omnis
3601 3457 3731 3511 ergo

2135 3552 2495 3611 mansuetudo
2523 3561 2576 3607 et
2608 3545 2877 3603 modestia
2906 3542 3239 3615 peritorum,
3281 3544 3636 3593 convertatur
3664 3529 3732 3587 ad

2134 3648 2455 3723 prophetam
2490 3668 2502 3703 :
2539 3653 2593 3700 et
2620 3641 2892 3698 dominica
2923 3636 3255 3694 auctoritate
3286 3638 3614 3704 praesumat,
3649 3626 3734 3681 di-

2136 3714 2312 3800 cendo
2336 3758 2352 3794 :
2381 3734 2622 3806 Credidi,
2655 3743 2864 3808 propter
2891 3730 3030 3803 quod
3055 3726 3259 3784 loculus
3280 3742 3391 3779 sum
3411 3714 3585 3795 (Psal.
3608 3734 3732 3787 cxv,

2142 3834 2249 3908 10).
2272 3832 2425 3903 Quod
2450 3842 2630 3888 autem
2650 3845 2745 3900 per
2760 3826 3081 3900 mysterium
3106 3820 3335 3890 simplex
3355 3818 3423 3874 sit
3444 3812 3737 3888 professio,

2141 3942 2199 3987 ut
2227 3929 2641 3986 fundamentum
2672 3921 2965 3987 Ecclesiat,
2995 3917 3242 3974 solidata:
3272 3911 3586 3983 Apostolica
3613 3921 3741 3962 auc-

2143 4023 2396 4085 toritate,
2427 4011 2840 4089 praedestinatio
2865 4024 3101 4080 sequens
3129 4012 3449 4079 prtrsumat,
3483 3998 3739 4056 dicendo.

2145 4115 2226 4170 De
2255 4122 2455 4169 cmtero
2499 4123 2661 4164 nemo
2706 4105 2839 4160 mihi
2889 4101 3152 4158 molestus
3201 4090 3304 4164 sit,
3346 4108 3448 4166 ego
3490 4091 3655 4147 credo
3684 4090 3739 4144 in

2144 4208 2460 4271 Christum,
2492 4213 2547 4259 et
2576 4203 2722 4258 hunc
2750 4190 3094 4256 cruciﬁxum.
3128 4184 3265 4259 Quia
3296 4204 3418 4243 cum
3455 4184 3747 4241 conﬁtetur

2149 4298 2319 4356 lilium
2372 4297 2647 4364 hominis,
2701 4293 2990 4350 conﬁtetur
3038 4299 3091 4344 ct
3140 4293 3391 4341 sanctum
3442 4280 3743 4352 Spiritum:

2150 4396 2278 4466 quia
2322 4408 2353 4447 e
2399 4398 2589 4445 sancto
2633 4386 2871 4457 Spiritu,
2916 4389 2972 4438 et
3011 4379 3176 4435 Maria
3229 4375 3437 4443 virgine
3485 4370 3751 4426 mediator

2153 4487 2397 4541 nascitur
2421 4502 2435 4537 :
2460 4497 2583 4536 cum
2613 4477 2907 4535 conﬁtetur
2934 4467 3389 4544 primogenitum,
3417 4476 3641 4518 necesse
3666 4468 3752 4514 est

2154 4580 2223 4634 de
2253 4576 2532 4648 uuigeuito
2554 4614 2566 4636 ,
2597 4572 2686 4643 qui
2716 4567 3088 4625 testiinonium
3112 4561 3286 4626 dicat,
3311 4571 3476 4612 unum
3500 4563 3554 4608 et
3576 4552 3752 4607 solum

2156 4670 2278 4726 sine
2306 4669 2515 4739 origine
2544 4680 2706 4720 esse:
2742 4674 2764 4702 ε
2799 4659 3015 4717 tertiam
3059 4668 3348 4726 personam
3382 4658 3590 4720 patrem
3621 4660 3754 4700 con-

2159 4760 2365 4825 litetur,
2396 4735 2759 4813 exsislentem
2788 4751 2987 4807 divinae
3035 4756 3247 4801 natura:
3269 4785 3283 4810 ,
3326 4741 3482 4796 lucis.
3520 4735 3754 4807 Spiritus

448 4838 744 4858 IIIUIDII'IIIv
771 4838 785 4859 ν
821 4838 965 4846 -..η-τ
1002 4838 1079 4842 ην-
1102 4838 1113 4840 τ
1207 4838 1220 4849 γ

448 4888 592 4949 cludi
624 4896 718 4942 aut
742 4882 970 4939 verbmn
1007 4886 1101 4931 aut
1138 4868 1444 4929 substantia
1496 4865 1716 4936 propria
1749 4852 2052 4915 divinitatis
2079 4838 2134 4899 D
2162 4863 2218 4908 ut
2248 4852 2394 4919 dixi,
2432 4850 2522 4920 qui
2567 4846 2863 4904 secundum
2896 4842 3133 4899 divinam
3181 4847 3461 4897 naturam,
3497 4840 3553 4884 ut
3590 4841 3755 4898 supra

1984 4948 1989 4949 ⁷
2176 4945 2210 4949 ”
2257 4946 2268 4949 ’
2643 4940 2655 4949 ·
2756 4939 2771 4949 ·
2852 4937 2865 4949 ·
3053 4942 3065 4949 -
3138 4942 3323 4949 -ηνμ--Α
3358 4927 3408 4949 3--
3445 4923 3494 4949 :.I
3540 4924 3753 4949 :...........

453 4948 587 5043 suae.
620 4970 724 5049 Qui
765 4983 851 5033 est
883 4973 1004 5029 fons
1030 4968 1227 5024 divinae
1258 4963 1427 5028 lucis,
1458 4952 1719 5023 luminis,
1765 4968 1875 5009 sua:
1915 4948 2048 5005 sub-

456 5038 671 5133 stantia!
694 5112 709 5134 ,
741 5077 972 5122 naturae.
1006 5060 1173 5117 Sileat
1200 5057 1379 5128 lingua
1406 5050 1643 5109 oratoria
1663 5091 1679 5117 ,
1714 5047 1837 5118 quia
1867 5038 2054 5098 deﬁcit

454 5178 637 5222 sermo
677 5160 746 5215 de
775 5148 1037 5211 iudicibili
1066 5170 1080 5205 :
1110 5164 1234 5204 cum
1266 5140 1728 5201 consummaverit
1765 5151 1915 5191 mens
1941 5130 2048 5187 hn-

453 5272 612 5316 mana
638 5246 703 5309 de
728 5250 906 5307 divina
930 5245 1211 5318 majestate
1231 5232 1437 5305 dicere,
1463 5246 1591 5292 tunc
1610 5230 1819 5304 incipit.
1843 5224 2054 5298 Quanta

451 5348 524 5408 sit
562 5350 741 5405 autem
797 5334 980 5399 divina
1029 5328 1354 5397 clementia,
1412 5343 1575 5385 nemo
1624 5324 1762 5390 scit,
1816 5321 1919 5376 nisi
1963 5310 2057 5391 qui

524 5493 551 5521 ι
593 5482 667 5537 Ab
696 5495 788 5545 eo,
830 5484 936 5531 etc.
971 5472 1058 5527 Al.
1104 5469 1166 5524 ab
1198 5485 1257 5524 eo
1294 5467 1381 5537 qui
1411 5472 1484 5519 est
1535 5462 1765 5536 Spiritus
1810 5467 2052 5521 sanctus,

457 5575 488 5611 a
516 5570 639 5620 quo,
670 5560 778 5608 etc.

815 5608 1575 5701 wsciﬁigﬂnjstnsgie
1601 5598 2054 5701 qlia—meta!)

921 5685 1082 5757 cuius
1105 5671 1457 5754 prudentia
1480 5671 1572 5734 ea
1591 5671 1769 5747 ipsius
1794 5671 2044 5728 abstan-

481 5781 553 5824 ιι.
670 5777 703 5819 Α
784 5796 799 5816 .

481 5784 553 5825 18.
590 5784 799 5821 υιλυι.

2159 4945 2305 5014 dixi,
2349 4953 2434 5000 est
2464 4957 2603 4997 unus
2642 4940 2698 4996 in
2740 4937 2984 5001 duobus,
3016 4942 3070 4989 et
3101 4942 3329 5001 uterque
3358 4927 3409 4981 in
3445 4923 3496 4979 id
3540 4924 3755 4993 ipsum;

2162 5010 2317 5110 pater
2348 5039 2402 5092 in
2437 5034 2581 5100 lilio,
2615 5024 2757 5089 ﬁlius
2784 5032 2842 5088 in
2874 5038 3065 5103 patre,
3098 5030 3150 5080 in
3191 5030 3385 5079 sancto
3414 5017 3622 5090 Spiritu
3647 5010 3674 5050 (1
3703 5014 3760 5069 iu

2160 5139 2346 5185 sancta
2369 5128 2641 5184 Ecclesia.
2665 5125 2819 5181 Nunc
2841 5102 2897 5179 ct
2921 5121 2976 5177 in
3006 5113 3344 5175 immortalia
3365 5102 3562 5168 sarcula
3585 5119 3759 5164 sa‘cu-

2158 5222 2363 5279 lorum.
2396 5228 2587 5278 Amen.

2242 5464 2263 5492 ο
2304 5450 2534 5506 Tertiam
2574 5460 2848 5522 personam
2888 5451 3106 5522 patrem.
3138 5437 3301 5522 Pater
3332 5432 3491 5522 tertia
3513 5438 3609 5522 est
3638 5441 3761 5522 pcr-

2165 5499 2330 5592 sane:
2352 5499 2816 5594 una
2979 5512 3060 5568 Io.
3086 5536 3160 5551 --
3185 5507 3271 5562 Al.
3299 5514 3476 5594 “uno
3503 5510 3553 5555 et
3599 5499 3766 5554 solum

2164 5598 2275 5668 sine
2303 5582 2503 5668 origine
2532 5606 2641 5646 esse
2667 5590 2722 5668 in
2747 5587 2952 5668 ῳηξᾳει
2978 5592 3251 5663 personam
3279 5582 3501 5668 νοείσθω.

2231 5642 2273 5705 ἶ
2300 5642 2836 5721 ί
2864 5654 2953 5711 ΑΙ.
2980 5642 3145 5709 imum
3166 5652 3223 5705 in
3243 5642 3431 5703 canem
3450 5642 3692 5699 coniecit.

4128 164 4176 367 θ

4130 372 4167 567 is

4144 2456 4171 2563 ἑ
