4176 6184
401 288 468 345 15
853 280 862 307 '

1779 268 2076 327 TICHONII
2104 265 2264 322 AFRI

3631 249 3703 308 16

393 403 448 457 in
482 398 867 470 compendium
913 395 1162 452 redactas
1202 392 1318 447 suis
1345 388 1640 445 intexuerit
1686 383 1993 442 Sententia-
2018 385 2068 449 Α
2097 389 2347 436 exactum
2388 375 2662 447 evulgavit
2700 386 2848 429 anno
2889 370 3030 428 1622
3067 368 3317 425 Andreas
3352 365 3612 423 Schottns
3644 365 3700 419 in

393 509 516 549 rum
549 493 704 549 libris
746 489 844 562 (a),
876 502 1172 558 carumque
1212 493 1490 540 auctorem
1537 481 1677 535 inter
1724 477 1996 547 Sapientes

395 587 666 642 retulerit.

465 680 557 736 ιν.
590 679 746 746 Quod
777 685 1047 746 superest,
1080 673 1328 729 Tichonii
1359 670 1498 724 liber
1527 664 1854 735 Regularum
1888 660 1994 730 pri-

393 791 543 831 mum
587 773 791 844 prodiit
831 771 1057 827 Basileae
1101 784 1244 822 anno
1286 763 1428 820 1569
1469 763 1521 816 in
1553 757 1993 825 Orthodoxngra-

394 867 518 935 phis
540 865 779 937 Grynazi.
814 860 1165 918 Postmodum
1197 872 1327 913 vero
1356 857 1410 910 in
1446 855 1618 925 prima
1644 849 1996 906 Bibliotheca:

395 959 616 1014 Patrum
666 955 998 1012 Parisiensis
1045 950 1286 1008 editione
1317 949 1608 1018 Bignaeana
1643 956 1788 997 anno
1832 939 1994 994 1575.

397 1053 671 1110 Praeterea
717 1049 862 1106 idem
892 1061 1029 1118 opus
1059 1043 1454 1100 Tichonianum
1487 1039 1554 1094 ad
1599 1051 1730 1093 mss.
1779 1032 1999 1091 codices

466 1190 542 1265 (a)
585 1189 714 1246 Isid.
749 1187 904 1258 Hisp.
934 1184 1190 1242 Sentent.
1217 1179 1315 1236 lib.
1344 1195 1384 1247 ι,
1409 1193 1530 1248 cap.
1556 1175 1644 1231 l9.

2106 475 2497 544 Supplemento
2528 487 2624 527 seu
2668 468 2926 524 Anctario
2964 466 3310 522 bibliotheca:
3348 463 3568 518 Patrum
3597 460 3702 516 Co-

2101 571 2366 625 loniensis
2399 587 2410 620 :
2446 576 2606 637 atque
2648 565 2723 619 ita
2751 563 3081 618 recensitutn
3111 556 3457 629 Lugdunensi
3487 566 3701 626 postreo

2100 678 2246 718 mum
2277 662 2542 716 intextum
2586 655 2908 726 comparuit.
2949 654 3098 707 lianc
3128 660 3308 705 autem
3337 646 3549 704 Schutti
3591 644 3704 700 edi-

2101 757 2303 810 tionem
2329 753 2470 826 typis
2499 749 2903 820 expressimus;
2935 759 3104 799 sacra:
3127 743 3411 810 scripturae
3434 739 3550 793 loca
3580 735 3707 791 dili-

2099 847 2349 916 gentibus
2409 841 2856 904 subnotavimus;
2914 837 3112 892 menda
3168 831 3456 902 complura
3509 829 3706 898 quibus

2101 945 2258 992 antea
2305 934 2553 992 scatebat
2590 932 2892 1001 exemplar,
2923 926 3282 994 sustulimus;
3317 919 3703 992 nonnullisque

2103 1028 2574 1088 observationibus
2603 1027 2870 1081 auximus.

899 1297 3683 1340 ____________________________...__—.—-————-—

1369 1447 2220 1566 TICEONII
2303 1442 2768 1557 AF!“

1873 1652 2223 1736 LIBER

975 1837 1247 1983 DE
1346 1830 2126 1981 SEPTEM
2226 1820 3144 1973 REGULIS.

1749 2101 2360 2142 ς

482 2305 860 2368 Necessarium
890 2301 1018 2357 duxi
1051 2307 1178 2353 ante
1211 2293 1393 2349 omnia
1422 2303 1543 2360 quae
1575 2284 1706 2341 mihi
1736 2282 2013 2347 videntur,
2046 2279 2095 2339 B
2121 2274 2340 2345 corpori
2369 2273 2524 2343 ejus?
2554 2273 2732 2341 Quare
2757 2271 3102 2328 manifestum
3133 2279 3238 2338 est,
3271 2270 3385 2324 sola
3409 2267 3621 2324 ratione
3641 2267 3723 2322 vi-

411 2405 651 2462 libellutn
684 2399 1011 2469 Regulam")
1054 2389 1296 2445 scribere
1341 2393 1394 2438 et
1434 2391 1770 2437 secretorum
1819 2375 1968 2445 leges
1993 2415 2007 2440 ,

411 2499 580 2555 veluti
609 2496 792 2550 claves
816 2502 870 2546 et
895 2485 1178 2542 luminaria
1203 2478 1494 2535 fabricare.
1525 2473 1665 2529 Sunt
1689 2469 1834 2524 enim
1864 2482 2012 2536 qua:—

412 2594 537 2648 dam
565 2588 766 2654 regula:
799 2582 1062 2654 mystica:,
1109 2590 1232 2647 quae
1283 2572 1550 2627 universa:
1590 2566 1724 2635 legis
1763 2575 2014 2618 recessus

415 2688 682 2750 obtinent,
716 2693 769 2737 et
801 2677 1047 2735 veritatis
1078 2673 1364 2728 thesauros
1409 2665 1682 2735 aliquibus
1713 2657 2015 2715 invisibiles

413 2782 637 2834 faciunt.
671 2775 910 2841 Quarum
942 2769 988 2824 si
1034 2766 1172 2822 ratio
1215 2762 1525 2832 regularum
1556 2756 1673 2810 sine
1702 2752 1927 2814 invidia,
1961 2759 2021 2804 ut

417 2868 908 2926 communicautus,
939 2867 1159 2928 accepta
1191 2856 1370 2919 fuerit,
1399 2851 1584 2907 clausa
1612 2861 1839 2919 qumque
1866 2851 2021 2913 pate-

419 2964 572 3028 ﬁent,
607 2971 661 3014 et
702 2958 935 3012 obscura
966 2947 1430 3011 dilucidabuntur,
1469 2953 1526 2996 ut
1570 2942 1690 3011 quis
1723 2934 2024 3008 prophetia:

419 3027 731 3108 universam
764 3048 957 3101 silvam
987 3037 1391 3112 perambulatis,
1421 3034 1504 3088 Itis
1531 3031 1736 3101 regulis
1761 3027 2026 3098 quodam-

421 3149 588 3204 modo
614 3147 751 3202 lucis
779 3140 1090 3197 tramitibus
1119 3135 1408 3195 deductus,
1440 3130 1510 3185 ab
1537 3139 1727 3183 errore
1766 3120 2028 3178 defenda-

429 3253 536 3297 tur.
563 3240 701 3294 Sunt
728 3244 908 3288 autem
939 3227 1142 3298 regula:
1166 3225 1306 3279 istae.

571 3333 613 3388 Ι.
657 3329 735 3385 De
774 3325 1000 3382 Domino
1032 3333 1078 3375 et
1105 3333 1318 3388 corpore
1356 3317 1487 3386 ejus.

547 3427 616 3481 Il.
661 3423 736 3476 De
766 3418 978 3474 Domini
1001 3428 1214 3484 corpore
1236 3409 1497 3480 bipartito.

529 3518 618 3576 Ill.
662 3515 742 3570 De
771 3511 1036 3584 promissis
1073 3517 1120 3562 et
1145 3507 1274 3578 lege.

532 3610 624 3666 1V.
665 3608 744 3663 De
774 3605 942 3674 specie
968 3613 1015 3657 et
1042 3613 1245 3671 genere.

553 3702 621 3759 Ἴ.
669 3700 744 3754 De
769 3696 1103 3766 temporibus.

537 3791 624 3848 VI.
668 3789 746 3844 De
768 3784 1218 3857 recapitulatione.

515 3883 629 3942 Vll.
671 3882 749 3938 De
779 3880 985 3936 diabolo
1013 3885 1060 3932 et
1086 3877 1198 3946 ejus
1227 3889 1464 3943 corpore.

1066 3988 1352 4045 REGULA
1390 3987 1430 4041 ι.

845 4106 925 4161 De
945 4104 1169 4159 Domino
1192 4111 1237 4156 et
1267 4115 1482 4171 corpore
1503 4103 1632 4172 ejus.

525 4222 812 4280 Dominum
862 4217 1088 4288 ejusque
1131 4228 1366 4283 corpus,
1418 4211 1469 4266 id
1523 4219 1642 4276 est,
1699 4207 2001 4264 Ecclesiam
2030 4248 2044 4272 ,

453 4317 735 4388 Scriptura
769 4312 1007 4383 loquitur
1033 4309 1050 4381 (
1074 4307 1118 4363 ll
1151 4305 1284 4360 Tim.
1307 4322 1346 4372 ι,
1369 4303 1494 4375 ‘20),
1528 4303 1645 4358 sola
1677 4302 1816 4356 ratio
1844 4299 2049 4354 discer-

455 4414 576 4468 nit:
607 4411 735 4465 dum
787 4406 920 4477 quid
972 4404 1166 4473 cuique
1211 4401 1528 4464 conveniat,
1575 4395 1904 4468 persuadet;
1955 4391 2051 4448 sed

455 4507 581 4578 quia
632 4511 782 4559 tanta
813 4511 900 4556 est
944 4501 1027 4553 vis
1058 4498 1304 4552 veritatis
1333 4536 1348 4561 ,
1389 4501 1696 4562 extorquet.
1745 4492 1894 4546 Alias
1944 4489 2053 4544 ulla

460 4614 698 4672 persona
722 4593 1047 4651 convenitur
1071 4631 1086 4656 ,
1136 4604 1297 4658 quam
1331 4587 1604 4656 duplicem
1633 4599 1758 4638 esse
1778 4625 1792 4648 ,
1839 4583 2056 4636 diversa

465 4696 696 4750 duorum
739 4687 922 4744 ofﬁcia
962 4683 1214 4740 edocent.
1265 4679 1356 4734 Sic
1383 4693 1482 4748 per
1522 4677 1716 4732 Isaiam
1751 4693 1762 4726 :
1797 4675 1904 4729 Hic
1927 4715 1942 4736 ,
1975 4675 2060 4728 in-

465 4793 602 4863 quit,
638 4795 846 4860 peccata
874 4791 1048 4837 nostra
1077 4783 1175 4848 {ert
1197 4819 1210 4842 ,
1250 4784 1296 4830 et
1325 4791 1420 4846 pro
1459 4773 1604 4827 nobis
1634 4772 1810 4837 dolet,
1859 4781 1907 4824 et
1953 4772 2062 4842 ipse

467 4886 762 4939 uulneratus
806 4888 878 4932 est
926 4883 1136 4949 propter
1167 4871 1404 4941 facinora
1427 4878 1624 4922 nostra.
1666 4865 1807 4920 Deus
1848 4865 2062 4920 tradidit

467 4978 621 5031 illum
647 4989 740 5044 pro
781 4971 1003 5042 peccatis
1031 4966 1240 5028 nostris,
1275 4973 1380 5017 etc.
1413 4961 1430 5030 (
1459 4960 1566 5014 lsa.
1599 4975 1689 5015 un
1716 5000 1730 5024 ,
1760 4958 1817 5022 4,
1847 4958 1880 5012 6
1905 4999 1918 5022 ,
1958 4975 2061 5012 sec.

422 5053 432 5060 ’
470 5067 612 5125 LXX
638 5066 683 5137 ),
730 5079 851 5134 quae
880 5063 930 5115 iu
963 5059 1253 5114 Dominum
1283 5054 1578 5109 convenire
1604 5053 1782 5107 omnis
1807 5051 2065 5107 Ecclesiae

2121 2369 2238 2425 deri
2267 2383 2428 2439 posse
2457 2368 2676 2438 quando
2705 2383 2737 2422 a
2761 2369 2941 2438 capite
2986 2366 3052 2422 ad
3095 2382 3299 2437 corpus
3333 2365 3620 2420 transitum
3649 2364 3723 2417 fa-

2118 2464 2246 2518 ciat.
2297 2463 2487 2517 Daniel
2531 2476 2750 2532 quoque
2795 2461 3032 2530 lapidem
3083 2461 3152 2516 de
3198 2469 3384 2514 monte
3433 2458 3722 2529 pra~cisum

2119 2554 2414 2624 impegisse
2455 2555 2507 2607 in
2540 2568 2740 2623 corpus
2773 2567 3064 2622 regnorum
3098 2549 3284 2606 mundi
3315 2592 3329 2616 ,
3362 2559 3417 2604 et
3443 2551 3496 2603 in
3538 2548 3727 2618 pulve-

2121 2663 2234 2703 rem
2263 2646 2657 2701 comminuiSse
2685 2645 2977 2700 Dominum
3005 2643 3158 2698 dicit.
3209 2643 3444 2697 Montem
3468 2656 3601 2694 vero
3640 2637 3724 2694 ef-

2123 2741 2343 2808 fectum,
2378 2752 2431 2795 ct
2463 2741 2776 2808 implevisse
2799 2740 3106 2793 universam
3139 2749 3338 2792 terram
3363 2751 3565 2805 corpus
3587 2735 3726 2805 ejus.

2124 2833 2240 2887 Non
2270 2833 2416 2887 enim
2455 2833 2600 2887 sicut
2629 2831 2846 2900 quidam
2883 2828 3108 2894 dicunt,
3140 2828 3193 2882 in
3221 2826 3613 2882 contumeliam
3644 2839 3732 2879 re-

2126 2924 2216 2993 gni
2244 2924 2338 2978 Dei
2364 2965 2379 2990 ,
2412 2923 2731 2992 invictmque
2761 2921 3102 2976 hatreditatis
3133 2919 3331 2974 Christi
3360 2959 3374 2984 ,
3424 2917 3569 2987 quod
3623 2932 3730 2970 non

2129 3018 2248 3074 sine
2279 3018 2470 3073 dolore
2499 3015 2644 3071 dico.
2670 3015 2936 3069 Dominus
2967 3021 3138 3067 totum
3167 3010 3428 3065 mundum
3457 3017 3733 3079 potestate

2132 3112 2367 3184 (Matth.
2408 3127 2596 3177 xxvut,
2635 3109 2772 3180 18),
2825 3117 2880 3164 et
2923 3121 3029 3162 non
3081 3108 3163 3160 sui
3208 3103 3459 3174 corporis
3505 3101 3733 3171 plenitu-

2133 3205 2258 3260 dine
2287 3207 2594 3272 occupavit.
2625 3205 2821 3258 Dicunt
2849 3202 2995 3256 enim
3021 3215 3088 3255 eo
3113 3207 3302 3254 monte
3332 3195 3590 3251 mundum
3634 3195 3737 3248 im-

2134 3299 2337 3368 pletum
2364 3314 2378 3362 ;
2413 3296 2556 3367 quod
2583 3297 2742 3351 liceat
2763 3294 3076 3350 Christiano
3109 3293 3163 3348 in
3211 3291 3363 3347 omni
3400 3291 3519 3345 loco
3545 3330 3560 3354 ,
3590 3287 3737 3358 quod

2136 3400 2291 3445 antea
2331 3405 2437 3444 non
2472 3389 2572 3443 nisi
2604 3389 2658 3442 in
2697 3387 2828 3443 Sion
2862 3387 3084 3449 licebat,
3117 3384 3337 3440 oﬁ‘erre.
3381 3382 3535 3450 Quod
3567 3379 3615 3434 si
3665 3378 3738 3432 ita

2137 3495 2244 3546 est,
2278 3501 2384 3539 non
2417 3497 2553 3554 opus
2599 3491 2722 3537 erat
2763 3481 2969 3544 dicere,
3002 3496 3070 3534 ex
3113 3478 3293 3548 lapide
3341 3487 3582 3531 montem
3613 3472 3743 3527 etle-

2138 3585 2320 3643 ctum,
2369 3584 2422 3630 et
2465 3571 2822 3630 incrementis
2862 3572 3126 3626 mundum
3176 3569 3429 3638 coepisse.
3479 3565 3742 3621 Dominus

2141 3670 2288 3726 enim
2331 3676 2518 3723 noster
2557 3667 2846 3733 Christus,
2899 3675 3028 3721 ante
3070 3664 3256 3720 mundi
3298 3659 3741 3719 conStitutionetn

2067 3783 2113 3846 ρ
2145 3761 2325 3834 (Joan.
2363 3776 2498 3825 xvtt,
2528 3759 2613 3830 ‘2),
2645 3759 2784 3813 hanc
2815 3757 3004 3813 habuit
3029 3756 3335 3812 claritatem
3369 3795 3385 3822 ,
3413 3764 3468 3809 et
3497 3767 3618 3807 cum
3647 3751 3748 3804 ho-

2144 3867 2235 3909 mo
2262 3852 2352 3907 illc
2375 3894 2390 3919 ,
2426 3850 2522 3906 Dei
2552 3851 2692 3905 lilius
2723 3848 2886 3904 fuerit
2911 3889 2926 3914 ,
2959 3862 3067 3903 non
3108 3845 3366 3917 paulatim
3400 3885 3415 3910 ,
3466 3851 3526 3898 ut
3572 3841 3708 3910 lapis
3729 3879 3746 3907 ,

2144 3945 2242 4000 sed
2273 3959 2380 3999 uno
2411 3951 2654 4012 tempore
2694 3941 2906 4010 accepit
2932 3953 3151 3995 omnem
3183 3948 3208 3974 ἰ
3237 3936 3494 4007 pietatem
3526 3935 3579 3988 in
3607 3931 3749 3989 cutio

2147 4045 2202 4092 et
2258 4036 2314 4090 in
2357 4043 2521 4090 terra.
2577 4033 2741 4103 Lapis
2790 4041 2970 4086 autem
3018 4027 3376 4086 incrementis
3435 4029 3608 4081 lactus
3664 4030 3749 4080 est

2150 4145 2346 4197 mons,
2378 4139 2433 4186 et
2458 4129 2758 4186 crescendo
2799 4138 3000 4184 terram
3028 4139 3245 4182 omnem
3283 4124 3449 4180 texit.
3502 4121 3657 4191 Quod
3704 4120 3752 4176 si
3787 4132 3789 4134 ‘

2152 4233 2420 4294 potestate
2451 4224 2734 4293 implesset
2758 4223 3064 4277 universam
3101 4229 3325 4285 terram,
3350 4233 3458 4274 non
3499 4229 3750 4286 corpore,

2150 4315 2316 4385 lapidi
2350 4331 2455 4370 non
2485 4324 2920 4384 compararetur.
2949 4312 3197 4368 Potestas
3222 4311 3367 4367 enim
3400 4324 3490 4366 res
3522 4319 3608 4364 est
3656 4309 3755 4362 im-

2155 4411 2463 4482 palpabilis,
2494 4411 2633 4480 lapis
2658 4425 2793 4465 vero
2819 4424 3019 4481 corpus
3043 4405 3334 4480 palpabile.
3381 4404 3495 4460 Nec
3525 4403 3639 4458 sola
3667 4418 3755 4457 ra-

2159 4507 2305 4559 tione
2335 4513 2671 4559 monstratur
2700 4517 2922 4572 corpus,
2957 4517 3066 4557 non
3097 4508 3260 4569 caput
3299 4511 3552 4553 crescere
3597 4512 3611 4547 :
3659 4493 3755 4549 sed

2161 4597 2324 4650 etiam
2373 4595 2690 4663 Apostolica
2737 4595 3067 4650 auctoritate
3104 4592 3353 4647 ﬁrmatur
3406 4607 3419 4642 :
3463 4585 3756 4654 Crescatis,

2161 4688 2359 4757 inquit,
2389 4705 2478 4758 per
2508 4689 2683 4742 omnia
2710 4691 2768 4742 in
2798 4705 2915 4742 eum
2942 4729 2957 4754 ,
2983 4688 3073 4759 qui
3099 4695 3172 4741 est
3198 4693 3358 4754 caput
3390 4682 3625 4737 Christus
3647 4723 3662 4749 ,
3697 4695 3762 4735 ea:

2162 4796 2264 4851 qth
2289 4797 2436 4834 omne
2473 4797 2661 4852 corpus
2695 4790 3047 4836 constructum
3077 4790 3124 4832 et
3149 4793 3436 4833 connexum
3468 4815 3483 4840 ,
3531 4791 3622 4844 per
3651 4789 3762 4827 om-

2164 4892 2281 4929 nem
2304 4886 2498 4930 tactum
2519 4876 3004 4931 subministrationis
3032 4877 3088 4930 in
3109 4890 3404 4929 mensuram
3430 4872 3768 4942 uniuscujus-

2165 4985 2261 5039 que
2307 4970 2492 5038 partis,
2524 4971 2890 5025 incrementum
2919 4970 3153 5040 corporis
3186 4968 3348 5038 facit,
3380 4967 3434 5019 in
3459 4964 3766 5035 wdiﬁcatio-

2167 5075 2284 5113 nem
2312 5061 2396 5113 sui
2427 5059 2668 5132 (Ep/tes.
2702 5077 2775 5126 tv,
2804 5062 2896 5125 15,
2931 5060 2998 5115 16
3026 5059 3070 5131 ).
3103 5060 3170 5114 Ει
3194 5059 3390 5113 iterum
3426 5073 3440 5108 :
3477 5054 3599 5110 Non
3625 5065 3766 5108 tene-

473 5176 571 5217 ore
597 5157 931 5213 celebratur.
968 5151 1222 5222 Sequitur
1251 5157 1428 5203 autem
1461 5155 1514 5200 et
1555 5145 1688 5200 dicit
1727 5145 1794 5200 de
1829 5145 2017 5200 eodem
2048 5161 2061 5197 :
2094 5163 2143 5222 D
2170 5157 2234 5208 iis
2276 5166 2430 5227 caput
2451 5201 2466 5222 ν
2513 5173 2578 5210 επ
2600 5173 2700 5226 quo
2731 5172 2878 5211 omne
2897 5171 3089 5224 corpu,
3120 5170 3212 5220 νε,-
3251 5161 3445 5206 tactum
3472 5160 3519 5204 ει
3548 5152 3770 5221 conj“-

475 5253 546 5308 Et
575 5254 710 5306 Deus
740 5248 848 5302 vult
869 5264 984 5301 eum
1014 5259 1237 5317 purgare
1264 5259 1296 5294 a
1323 5242 1498 5310 plaga,
1521 5248 1570 5294 et
1598 5239 1703 5292 vult
1735 5236 1874 5292 Deus
1914 5255 1945 5290 a
1975 5239 2068 5291 do-

474 5347 585 5398 lore
633 5341 838 5410 auferre
879 5337 960 5391 illi
1007 5335 1211 5400 lucent,
1257 5342 1302 5386 et
1350 5337 1577 5402 formare
1618 5332 1768 5384 illan:
1794 5329 2069 5402 prudentia

477 5434 668 5505 (Ibid.,
697 5433 785 5498 ‘10,
821 5427 932 5501 li).
965 5425 1234 5496 Numquid
1266 5425 1343 5492 ei,
1373 5441 1532 5495 quem
1568 5424 1791 5479 tradidit
1816 5437 1914 5492 pro
1945 5438 2070 5492 pec-

477 5527 617 5583 catis
649 5525 874 5591 nostris,
909 5521 1026 5576 vult
1056 5519 1348 5574 ostendere
1376 5519 1573 5581 luccm,
1607 5526 1662 5574 et
1689 5533 1811 5572 eum
1839 5517 2076 5574 formare

475 5620 788 5691 prudentia,
816 5633 940 5675 cum
970 5612 1089 5685 ipse
1109 5614 1182 5670 sit
1208 5613 1304 5668 lux
1333 5619 1388 5667 et
1413 5611 1676 5681 sapientia
1707 5611 1838 5668 Dei?
1870 5621 1927 5668 et
1964 5627 2073 5668 non

551 5773 576 5801 τι
602 5764 955 5820 Potestatem.

2167 5247 2336 5301 ctione
2361 5257 2712 5302 constructum
2739 5257 2787 5302 et
2807 5248 3272 5310 subministratum,
3300 5243 3482 5298 crescit
3517 5243 3570 5295 in
3598 5241 3768 5295 incre-

2173 5348 2399 5393 mentum
2421 5337 2519 5393 Dei
2545 5339 2767 5408 (Cotoss.
2805 5356 2864 5402 tt.
2896 5337 3014 5410 29).
3047 5338 3166 5393 Non
3195 5353 3326 5404 ergo
3343 5345 3506 5405 caput
3531 5333 3674 5402 quod
3702 5347 3770 5386 ex

2171 5431 2382 5499 origine
2410 5431 2551 5485 idem
2591 5441 2710 5498 est,
2745 5431 2839 5485 sed
2867 5445 3067 5500 corpus
3097 5429 3298 5484 crescit
3325 5442 3393 5482 ex
3437 5426 3635 5494 capite.
3687 5421 3769 5477 Ad

2173 5525 2512 5594 propositum
2545 5524 2855 5579 redeamus.
2904 5523 3180 5593 Scriptum
3219 5531 3305 5578 est
3345 5521 3414 5575 de
3444 5519 3673 5575 Domino
3717 5525 3773 5571 et.

2172 5617 2288 5688 ejus
2320 5632 2586 5685 corpore;
2630 5616 2758 5688 quid
2805 5617 2892 5674 cui
2928 5615 3257 5684 conveniat,
3307 5612 3519 5669 ratione
3561 5610 3774 5666 discer-
