4132 6176
404 331 471 387 17
694 292 699 295 ’
1559 322 1766 380 LIBER
1801 321 1894 380 ne
1935 321 2207 383 semen
2235 323 2560 384 uacuus.
3626 333 3695 391 18

393 441 638 499 nendum
675 458 688 495 :
739 440 955 512 Angelis
982 439 1091 493 suis
1115 438 1379 493 mandavit
1408 438 1472 491 de
1497 445 1545 492 te
1565 479 1580 502 ,
1624 445 1685 490 ut
1710 435 2005 490 custodiant
2031 438 2085 498 Α
2110 436 2253 491 niam
2285 436 2539 492 nativitas
2567 436 2836 494 adventus
2858 445 2945 493 est
2962 437 3103 494 sicut
3125 439 3387 509 scriptum
3408 449 3533 497 est:
3560 440 3698 497 Illu-

397 543 448 589 te
478 537 535 589 in
562 532 805 588 omnibus
834 532 932 587 uiis
957 534 1063 587 tuis
1092 548 1110 586 :
1137 532 1190 585 in
1214 530 1454 585 manibus
1480 532 1645 601 ferent
1662 538 1730 593 te,
1753 543 1818 582 ne
1838 526 2003 595 σπαι-

399 627 495 681 das
526 625 595 679 ad
618 624 846 694 lapident
870 624 1053 695 pedem
1078 633 1242 677 tuum.
1274 622 1449 690 Sitper
1469 618 1706 691 aspidem
1727 628 1777 673 et
1797 618 2003 673 basilis-

396 738 513 775 cum
537 718 848 786 ambulabis,
892 726 939 771 et
968 717 1294 771 conculcabis
1323 715 1523 770 leonem
1550 755 1565 778 ,
1606 724 1653 767 et
1697 713 1997 767 draconem.

403 814 654 882 Quoniam
705 814 763 867 in
813 827 895 865 me
939 812 1183 881 sperauit,
1251 810 1472 880 eripiam
1526 824 1678 874 eum,
1736 818 2000 879 protegam

394 921 532 970 eum,
563 905 811 977 quoniam
850 903 1085 976 cognovit
1131 918 1315 956 nomen
1356 918 1543 956 meum.
1579 899 1846 954 Invocaoit
1871 916 1953 952 me
1981 944 1997 967 ,

395 1007 444 1052 et
480 1012 575 1067 ego
616 994 899 1051 exaudiam
927 1010 1049 1048 eum
1072 1034 1089 1061 ,
1131 1010 1247 1048 cum
1274 1009 1335 1047 eo
1360 1010 1478 1047 sum
1520 994 1575 1046 in
1619 991 1955 1047 tribulatione
1978 1030 1995 1057 ,

396 1092 611 1161 eripiam
651 1105 771 1144 eum
827 1098 876 1143 et
924 1087 1232 1159 glori/icabo
1284 1104 1418 1142 eum.
1490 1085 1839 1158 Longitudinc
1890 1085 2001 1138 die-

395 1199 513 1236 rum
535 1180 825 1252 adimplebo
851 1196 968 1234 eum
991 1221 1006 1246 ,
1055 1189 1102 1234 et
1150 1179 1419 1233 ostendam
1447 1179 1526 1233 illi
1559 1178 1790 1232 salutare
1829 1193 1998 1231 meum

395 1276 590 1346 (Psal.
644 1291 750 1342 xc,
801 1274 1042 1346 11-16).
1097 1273 1371 1346 Numquid
1419 1274 1489 1329 de
1535 1275 1693 1343 cujus
1733 1272 2001 1344 obsequio

396 1368 680 1422 mandavit
707 1367 921 1438 angelis
951 1368 1065 1422 suis
1093 1366 1259 1431 Deus,
1293 1367 1473 1422 eidem
1492 1366 1734 1422 03tendit
1761 1367 1997 1421 salutare

399 1474 554 1514 suum
578 1502 595 1526 ,
642 1470 698 1515 et
731 1476 843 1514 non
876 1463 1099 1530 corpori
1137 1458 1301 1529 ejus?
1327 1459 1566 1515 lterum:
1614 1459 1762 1515 Sicut
1806 1476 1995 1530 sponso

395 1554 639 1623 imposuit
660 1553 789 1607 mihi
807 1554 1039 1621 mitram,
1067 1564 1115 1607 et
1137 1556 1267 1609 sicut
1294 1571 1542 1623 sponsam
1571 1556 1768 1609 ornavit
1808 1571 1890 1609 me
1911 1573 1997 1611 or-

336 1702 341 1711 ,
393 1653 520 1699 natu
548 1643 698 1715 (Isa.
732 1660 841 1712 ut,
877 1645 946 1701 10
969 1688 985 1713 ,
1028 1661 1133 1700 sec.
1167 1644 1360 1717 LXX).
1391 1645 1567 1701 Unum
1613 1661 1815 1717 corpus
1857 1646 1995 1702 dixit

392 1743 686 1810 utriusque
724 1753 885 1795 sexus
934 1739 1121 1810 sponsi
1150 1748 1205 1794 et
1232 1754 1450 1810 sponsae
1484 1755 1499 1793 :
1528 1740 1625 1794 sed
1652 1739 1780 1809 quid
1810 1740 1861 1794 in
1887 1739 1995 1795 Do-

2102 530 2266 584 minat
2311 546 2512 585 omnem
2547 529 2807 585 hominem
2852 532 3132 586 uenientem
3182 532 3237 585 in
3282 533 3418 587 hunc
3444 536 3695 588 mundum

2101 620 2281 693 (Joan.
2315 637 2354 689 ι,
2388 622 2466 694 9).
2501 623 2567 677 Et
2596 623 2790 678 iterum
2826 622 3136 678 :Ceneratio
3162 624 3325 689 vadit,
3354 634 3404 679 et
3429 626 3694 698 generatio

2100 719 2237 772 venit
2265 717 2465 788 (Ecclc.
2498 735 2515 773 ι
2544 761 2558 786 ,
2587 718 2622 772 4
2644 719 2684 790 ).
2741 721 2805 775 Ει
2832 720 3026 776 iterum
3065 739 3078 775 :
3123 720 3274 777 Sicut
3297 720 3538 789 audistis,
3570 722 3697 791 quia

2100 809 2446 865 Antichristus
2470 813 2603 868 venit
2631 812 2688 882 (l
2719 812 2879 867 Joan.
2904 829 2969 879 ιι,
3005 811 3129 885 18).
3171 812 3370 870 Iterum
3396 815 3466 870 de
3499 817 3690 870 eodem

2099 917 2332 972 corpore
2365 924 2378 958 :
2413 904 2475 960 Si
2501 905 2635 959 enim
2663 907 2761 960 iste
2785 908 2873 973 qui
2900 908 3057 970 venit,
3086 906 3250 963 alium
3275 907 3536 962 Christum
3554 923 3692 980 prte-

2099 995 2235 1050 dicat
2258 995 2345 1069 (ll
2372 995 2494 1052 Cor.
2525 1014 2604 1059 ιι,
2630 996 2724 1068 4).
2776 998 2932 1055 Unde
2956 1000 3219 1055 Dominus
3244 1043 3260 1068 ,
3292 1017 3415 1056 cum
3447 1003 3517 1057 de
3540 999 3697 1072 signo

2098 1089 2366 1144 adventus
2397 1092 2482 1145 sui
2503 1091 2955 1162 interrogaretur,
2985 1092 3053 1147 de
3082 1093 3173 1146 illo
3199 1093 3438 1147 adventu
3459 1108 3559 1148 suo
3579 1108 3697 1151 cte-

2099 1184 2177 1251 pit
2201 1181 2501 1252 disputare.
2533 1186 2624 1254 qui
2652 1182 2720 1236 ab
2751 1184 2969 1238 inimico
2998 1198 3233 1254 corpore
3258 1185 3430 1254 signis
3470 1194 3526 1240 et
3567 1201 3694 1255 pro-

2097 1275 2260 1347 digiis
2287 1277 2487 1332 imitari
2528 1284 2707 1347 potest
2739 1294 2753 1331 :
2803 1274 3009 1344 Cavete,
3040 1277 3241 1346 inquit,
3270 1294 3333 1332 ne
3358 1278 3474 1348 quis
3496 1294 3587 1334 vos
3612 1296 3695 1335 sc-

2098 1368 2256 1422 ducat
2285 1366 2503 1440 (Matth.
2525 1384 2673 1433 xxiv,
2696 1366 2776 1440 4).
2808 1366 2967 1421 Multi
2989 1368 3210 1434 venient,
3239 1371 3295 1422 in
3316 1370 3525 1423 nomine
3555 1387 3690 1438 meo,

2097 1460 2151 1515 id
2182 1470 2267 1515 est
2287 1460 2342 1516 in
2369 1463 2590 1516 nomine
2617 1461 2864 1530 corporis
2889 1462 3017 1516 mei.
3050 1459 3356 1516 Novissima
3384 1472 3567 1517 autem
3596 1462 3694 1517 ad-

2097 1563 2261 1608 ventu
2290 1553 2526 1619 Domini,
2552 1553 2606 1608 id
2627 1561 2729 1620 est,
2750 1554 3238 1611 Consummationis
3288 1557 3455 1610 totius
3480 1555 3690 1611 adven-

2099 1654 2185 1701 tus
2230 1645 2347 1717 ejus
2371 1687 2386 1711 ,
2423 1660 2627 1712 nemo,
2657 1655 2718 1700 ut
2743 1646 2908 1718 aliqui
2936 1655 3126 1717 putant
3151 1687 3167 1712 ,
3214 1658 3541 1703 moreretur.
3582 1646 3694 1704 Sed

2097 1752 2205 1808 quo
2233 1738 2447 1806 plenius
2474 1738 2575 1793 ista
2622 1738 2911 1805 dicantur,
2952 1739 3129 1794 ordini
3155 1756 3256 1795 suo
3296 1740 3693 1811 relinquamus.

393 1833 623 1897 minuto,
646 1831 774 1902 quid
802 1832 855 1885 in
886 1830 1185 1886 Ecclesium
1213 1831 1524 1894 conveniat,
1557 1830 1767 1886 ratione
1792 1845 1997 1902 cogno-
2024 1825 2072 1884 B
2101 1829 2212 1886 Nec
2237 1830 2367 1885 illud
2394 1830 2500 1886 erit
2537 1829 2830 1885 absurdum
2852 1872 2868 1896 ,
2899 1832 3045 1901 quod
3072 1847 3138 1887 ex
3170 1848 3279 1887 uno
3302 1841 3472 1888 totum
3494 1849 3696 1904 corpus

389 1926 581 1979 scitur.
622 1924 692 1979 Et
723 1923 870 1979 idem
898 1924 1162 1980 Dominus
1199 1924 1338 1980 dicit
1376 1926 1428 1980 in
1471 1924 1799 1996 Apocalypsi
1833 1923 1990 1997 :Ego

392 2033 509 2072 sum
534 2034 756 2087 sponsus
783 2027 833 2072 et
861 2034 1054 2089 sponsa
1083 2018 1272 2091 (Apoc.
1301 2034 1466 2087 svnt,
1496 2019 1614 2091 εδ).
1647 2019 1715 2075 Ει
1740 2020 1935 2074 iterum
1972 2037 1985 2073 :

393 2108 643 2164 Esset-unt
674 2110 874 2164 obuiam
902 2127 1095 2181 sponso
1126 2120 1175 2166 et
1216 2127 1421 2182 sponsae
1450 2112 1468 2181 (
1492 2109 1684 2165 Matth.
1716 2126 1817 2165 xxv
1844 2153 1861 2177 ,
1892 2111 1985 2183 1).

390 2205 457 2260 Et
481 2207 700 2273 iterum,
728 2207 859 2277 quid
889 2206 1053 2276 capiti
1080 2216 1138 2261 et
1159 2206 1402 2275 corpori,
1434 2207 1647 2262 ratione
1676 2206 1989 2262 discernen-

383 2296 514 2352 dum
560 2298 636 2352 sit
676 2313 778 2368 per
806 2297 1001 2353 Isaiam
1046 2298 1359 2353 declaratur
1392 2316 1405 2352 :
1439 2297 1530 2353 Sic
1570 2298 1696 2352 dicit
1735 2295 1989 2352 Dominus

386 2399 416 2428 ⁸
444 2390 644 2445 Christo
685 2390 912 2445 Domino
958 2407 1071 2446 meo
1094 2432 1111 2458 ,
1144 2394 1296 2465 cujus
1335 2407 1430 2463 ego
1470 2392 1612 2444 tenui
1641 2389 1929 2458 dexteram,
1960 2388 1986 2428 δ

383 2492 445 2537 ιιι
476 2484 757 2539 exaudiant
786 2499 902 2537 eum
928 2496 1105 2555 gentes
1127 2484 1146 2553 (
1169 2482 1277 2537 lsa.
1303 2498 1427 2550 XLV,
1464 2481 1602 2552 1-5).
1637 2482 1892 2552 Sequitur
1935 2491 1991 2537 et

384 2577 552 2642 dicit,
580 2578 718 2647 quod
747 2593 856 2632 non
898 2578 1002 2632 nisi
1030 2577 1248 2645 corpori
1272 2577 1597 2632 conveniat:
1632 2576 1702 2631 Et
1723 2576 1858 2630 dabo
1899 2576 1990 2630 tibi

388 2670 656 2723 thesauros
698 2667 1029 2722 absconditos
1072 2676 1122 2720 et
1163 2666 1447 2722 invisibiles
1487 2668 1721 2739 aperiam
1767 2667 1902 2733 tibi,
1932 2677 1990 2721 ut

384 2760 524 2815 scias
570 2760 817 2826 quoniam
864 2777 955 2833 ego
1003 2776 1117 2813 sum
1157 2758 1415 2815 Dominus
1438 2801 1454 2827 ,
1502 2760 1591 2829 qui
1636 2775 1761 2813 uoco
1802 2775 1988 2814 nomen

388 2863 553 2918 tuum,
581 2852 719 2907 Deus
747 2850 917 2907 Israel
944 2895 959 2917 ,
988 2862 1200 2924 propter
1241 2852 1407 2907 Jacob
1455 2870 1674 2923 puerum
1704 2870 1872 2908 meum
1895 2894 1910 2921 ,
1943 2862 1991 2908 et

385 2944 558 3000 Israel
577 2945 795 3000 electum
813 2961 1003 3000 meum.
1023 2944 1255 3016 Propter
1276 2954 1660 3002 testamentum
1684 2946 1828 3001 enim
1847 2945 1990 3015 quod

390 3041 646 3111 disposuit
677 3041 952 3107 Patrihus,
992 3041 1060 3097 ad
1092 3041 1495 3112 agnoscendum
1527 3056 1609 3108 se,
1644 3042 1787 3095 Deus
1814 3042 1991 3110 aperit

385 3135 609 3200 corpori
633 3134 835 3190 Christi
863 3134 1151 3191 thesauros
1173 3136 1497 3203 invisibiles,
1528 3152 1657 3207 quos
1686 3134 1867 3190 oculus
1888 3153 1990 3191 non

2094 1925 2348 1981 volumus
2370 1925 2621 1994 intelligi,
2643 1936 2703 1979 ut
2719 1923 2915 1979 Filium
2944 1924 3178 1980 hominis
3195 1925 3495 1981 Ecclesiam
3516 1967 3531 1991 ,
3552 1941 3695 1996 quo-

2095 2019 2243 2074 niam
2274 2019 2544 2087 Ecclesia,
2574 2018 2625 2073 id
2655 2028 2737 2073 est
2766 2018 2888 2073 Filii
2914 2018 3008 2073 Dei
3044 2021 3249 2074 redacti
3284 2020 3338 2073 in
3379 2034 3545 2074 unum
3571 2034 3696 2074 cor-

2094 2127 2215 2182 pus,
2250 2110 2380 2166 dicti
2417 2120 2544 2166 sunt
2580 2110 2753 2166 Filius
2783 2111 2917 2179 Dei,
2947 2112 3125 2166 dictus
3156 2127 3295 2167 unus
3328 2112 3491 2167 homo
3516 2155 3534 2180 ,
3566 2112 3694 2168 dicti

2097 2206 2262 2260 etiam
2306 2205 2488 2271 Deus,
2540 2204 2682 2259 sicut
2732 2220 2828 2274 per
2881 2205 3208 2273 Apostolum
3259 2221 3273 2257 :
3323 2204 3498 2275 Super
3544 2220 3697 2260 omne

2091 2298 2230 2367 quod
2259 2297 2450 2351 dicitur
2480 2295 2645 2363 Deus,
2687 2306 2779 2352 aut
2805 2300 2943 2367 quod
2970 2295 3158 2351 colitur
3186 2301 3203 2365 (
3227 2296 3270 2352 ll
3295 2295 3477 2352 Thess.
3509 2313 3570 2361 ιι,
3607 2295 3692 2368 ὁ).

2090 2389 2194 2459 Qui
2224 2390 2427 2446 dicitur
2455 2391 2617 2457 Deus,
2652 2390 2896 2446 Ecclesia
2927 2399 3033 2445 est.
3066 2390 3223 2457 Quod
3255 2399 3437 2445 autem
3468 2390 3689 2456 colitur,

2094 2482 2238 2537 Deus
2259 2497 2504 2538 summus
2532 2493 2619 2539 est
2652 2501 2665 2537 :
2698 2484 2828 2537 utin
2856 2480 3042 2554 twtplo
3069 2480 3169 2535 Dei
3189 2482 3395 2548 sedeat,
3421 2481 3694 2536 ostendens

2093 2591 2170 2641 se,
2201 2576 2341 2644 quod
2370 2576 2482 2645 ipse
2505 2577 2572 2632 sit
2598 2572 2762 2643 Deus,
2794 2575 2845 2630 id
2884 2586 2989 2642 est,
3021 2576 3165 2645 quod
3190 2578 3307 2645 ipse
3327 2575 3398 2630 sit
3424 2574 3689 2630 Ecclesia.

2092 2669 2256 2737 Quasi
2301 2668 2549 2726 diceret:
2583 2671 2641 2724 ln
2685 2671 2890 2741 templo
2914 2672 3007 2726 Dei
3039 2671 3267 2739 sedeat,
3310 2672 3607 2727 ostendens
3630 2684 3694 2725 se

2092 2763 2236 2834 quod
2267 2764 2382 2834 ipse
2401 2765 2467 2819 sit
2498 2765 2593 2819 Dei
2618 2768 2899 2836 templum.
2924 2766 3033 2820 Ant
3057 2767 3111 2820 in
3140 2766 3251 2820 Deo
3272 2767 3480 2827 sedeat,
3504 2774 3693 2819 osten~

2092 2858 2230 2914 dens
2257 2873 2317 2913 se
2342 2900 2357 2925 ,
2401 2859 2545 2929 quod
2578 2860 2694 2928 ipse
2723 2859 2793 2913 sit
2826 2858 2993 2914 Deus.
3044 2858 3150 2913 Sed
3184 2857 3328 2912 hunc
3355 2856 3689 2911 intellectum

2095 2967 2202 3007 non
2232 2952 2433 3014 minus,
2469 2962 2528 3005 ut
2573 2951 2846 3016 novimus,
2880 2951 3051 3005 voluit
3074 2952 3371 3007 obscurare
3401 2951 3593 3006 Daniel
3622 2951 3691 3007 de

2095 3060 2222 3115 rege
2245 3043 2541 3097 novissimo
2572 3060 2587 3097 :
2614 3041 2681 3096 In
2712 3042 3013 3107 Dominum,
3043 3043 3239 3113 inquit,
3263 3044 3405 3098 locus
3436 3048 3548 3117 ejus
3578 3044 3693 3115 glo-

2095 3136 2383 3207 riﬁcabitnr
2411 3135 2586 3207 (Dan.
2619 3152 2693 3203 ιι,
2725 3136 2816 3201 58,
2847 3152 2951 3190 sec.
2978 3135 3121 3190 LXX
3147 3135 3164 3205 )
3190 3154 3202 3188 :
3234 3136 3285 3191 id
3318 3145 3402 3192 est
3428 3136 3696 3191 clarilica-

382 3226 539 3291 vidit,
565 3243 655 3281 nec
681 3228 827 3281 auris
853 3229 1073 3294 audivit,
1105 3244 1196 3283 nec
1223 3227 1309 3282 illi
1338 3230 1395 3282 in
1434 3245 1526 3283 cor
1563 3228 1786 3283 hominis
1807 3244 1987 3282 ascen-

2096 3231 2261 3298 hitur,
2291 3230 2441 3286 velut
2471 3230 2769 3285 Ecclesiam
2802 3230 2856 3284 in
2889 3229 3011 3284 loco
3033 3228 3319 3297 Ecclesiae,
3345 3229 3398 3284 in
3418 3229 3541 3285 loco
3567 3244 3693 3284 san-

387 3319 574 3373 derunt
602 3320 650 3388 (1
674 3318 800 3374 Cor.
831 3336 888 3387 ιι,
922 3319 1003 3392 9),
1036 3321 1132 3375 sed
1162 3336 1263 3376 nec
1292 3331 1315 3359 α
1340 3323 1577 3375 ohturati
1607 3321 1863 3386 hominis,
1893 3321 1983 3392 qui

388 3427 497 3468 non
527 3423 611 3467 est
641 3414 694 3467 in
743 3428 978 3483 corpore
1001 3412 1199 3468 Christi
1237 3431 1249 3466 :
1301 3415 1561 3469 Ecclesiae
1605 3423 1787 3470 autem
1830 3430 1986 3470 reve-

386 3503 525 3560 lavit
551 3504 693 3561 Deus
718 3522 815 3576 per
838 3507 1101 3577 Spiritum
1125 3517 1373 3562 sanctum
1396 3506 1499 3562 ista
1531 3508 1770 3577 quidem,
1798 3523 1987 3578 quam-

386 3599 475 3651 vis
507 3600 608 3655 hoc
630 3600 827 3669 gratiae
856 3599 949 3655 Dei
979 3601 1072 3655 sit.
1100 3600 1356 3656 Adhibita
1394 3609 1574 3655 tamen
1606 3601 1817 3655 ratione
1841 3641 1856 3664 ,
1889 3600 1989 3654 ali-

388 3691 609 3757 quando
634 3691 846 3748 facilius
872 3693 1151 3749 videntur.
1183 3692 1321 3748 Sunt
1349 3693 1456 3748 alia
1488 3695 1541 3749 in
1573 3694 1770 3764 quibus
1802 3694 1990 3764 hujus-

387 3784 536 3838 modi
579 3784 719 3839 ratio
739 3785 921 3839 minus
948 3786 1158 3851 claret;
1192 3801 1259 3840 eo
1289 3785 1466 3854 quod,
1497 3787 1612 3841 sive
1642 3786 1696 3840 in
1729 3786 1982 3852 Domino,

390 3875 508 3931 sive
533 3876 588 3930 in
625 3890 862 3947 corpore
888 3877 1006 3947 ejus
1034 3886 1179 3934 recta
1210 3879 1502 3933 conveniat
1530 3879 1754 3933 dictum.
1788 3880 1988 3947 Quam-

388 3969 580 4025 ohrem
604 3970 720 4025 sola
751 3979 809 4026 et
835 3970 1041 4040 majore
1082 3972 1177 4029 Dei
1205 3973 1378 4041 gratia
1408 3972 1577 4028 videri
1612 3984 1855 4043 possunt.
1898 3973 1989 4030 Sic

392 4060 453 4115 in
480 4061 768 4130 Evangelio
798 4079 813 4115 :
852 4062 1075 4124 Amedo,
1105 4064 1314 4133 inquit,
1345 4065 1581 4119 videbitis
1622 4064 1793 4135 filium
1821 4064 1991 4119 homi-

392 4156 477 4209 nis
524 4156 779 4211 sedentem
812 4157 882 4210 ad
912 4158 1151 4211 dextram
1191 4159 1394 4212 uirtutis
1420 4157 1523 4212 'Dei
1548 4199 1564 4224 ,
1609 4168 1656 4212 et
1707 4159 1988 4213 venientem

389 4248 449 4301 in
483 4247 702 4302 nubibus
738 4249 849 4303 cteli
881 4248 1112 4321 (Matth.
1153 4265 1299 4313 xxvi,
1330 4250 1399 4305 64
1422 4250 1463 4319 ).
1497 4251 1618 4305 Alio
1645 4250 1765 4305 loco
1804 4250 1939 4306 dicit
1970 4267 1986 4305 :

396 4338 453 4395 Ν
459 4356 528 4393 οη
554 4342 748 4395 visuros
772 4343 1047 4397 radentem
1074 4343 1127 4395 in
1153 4342 1374 4396 nubibus
1415 4341 1549 4405 cali,
1573 4343 1672 4396 nisi
1711 4344 1989 4397 novissimo

393 4442 597 4487 tantum
627 4434 710 4488 die
753 4433 1054 4509 plangentes
1100 4452 1276 4490 omnes
1323 4435 1488 4489 tribus
1528 4444 1694 4490 terrm.
1750 4434 1822 4489 Et
1866 4445 1990 4490 tunc

394 4524 634 4579 ridebunt
684 4524 854 4594 ﬁlium
915 4526 1142 4579 hominis
1190 4526 1471 4580 uenientem
1515 4527 1572 4580 in
1615 4526 1834 4581 nubibus
1875 4525 1988 4580 caeli

2090 3334 2180 3381 cto
2205 3366 2219 3390 ,
2243 3322 2649 3379 abominatione
2675 3322 2996 3377 vastationis
3015 3363 3030 3387 ,
3068 3323 3121 3375 in
3154 3321 3325 3377 Deum
3348 3362 3364 3388 ,
3406 3321 3457 3376 id
3487 3330 3603 3388 est,
3634 3320 3690 3375 in

2093 3418 2394 3474 Ecclesiam
2424 3418 2764 3473 subornavit.
2796 3416 2864 3471 Et
2898 3418 3157 3471 Dominus
3182 3425 3356 3471 totum
3388 3416 3649 3486 populum
3669 3458 3684 3482 ,

2091 3523 2351 3577 sponsam
2397 3508 2530 3564 dicit
2559 3517 2613 3563 et
2641 3523 2909 3563 sororem.
2961 3508 3029 3563 Et
3072 3507 3369 3578 Apostolus
3414 3508 3693 3579 Virginem

2091 3610 2360 3666 sanctam,
2388 3612 2443 3657 et
2472 3600 2760 3657 adversum
2799 3616 3020 3670 corpus,
3055 3600 3328 3656 hominem
3360 3601 3588 3671 peccati.
3622 3599 3694 3655 Et

2094 3692 2266 3747 David
2313 3702 2483 3747 totam
2511 3735 2526 3754 .
2552 3692 2829 3748 Christum
2858 3734 2872 3757 ,
2904 3692 3206 3749 Eeclesiam
3238 3693 3369 3748 dicit
3401 3711 3415 3747 :
3468 3692 3692 3748 Faciens

2091 3784 2470 3839 misericordias
2500 3782 2705 3839 Christo
2734 3800 2829 3838 suo
2869 3782 3064 3851 David,
3090 3795 3138 3839 et
3169 3784 3353 3840 semini
3391 3784 3506 3855 ejus
3536 3799 3697 3851 usque

2091 3875 2145 3929 in
2172 3874 2415 3930 saeculum
2460 3877 2480 3948 (
2506 3874 2655 3929 Psal.
2685 3890 2823 3940 χιιι,
2855 3876 2982 3941 51).
3026 3875 3095 3930 Ει
3137 3874 3418 3942 apostolus
3442 3873 3647 3929 Paulus
3672 3916 3688 3941 ,

2091 3982 2291 4037 corpus
2308 3965 2530 4030 Christi,
2566 3966 2844 4023 Christum
2872 3968 3114 4037 appellat
3137 3985 3151 4021 :
3188 3966 3339 4022 Sicut
3365 3968 3501 4021 enim
3523 3983 3689 4020 unum

2091 4075 2280 4128 corpus
2311 4069 2405 4125 est,
2436 4060 2663 4113 ntembra
2692 4071 2863 4113 autem
2885 4060 3035 4115 habet
3055 4061 3219 4114 multa
3246 4076 3265 4126 ;
3301 4060 3475 4114 omnia
3518 4069 3691 4113 autem

2091 4154 2318 4209 membra
2346 4169 2411 4208 ea;
2436 4170 2538 4208 uno
2567 4170 2782 4227 corpore
2807 4195 2821 4220 ,
2868 4171 2986 4208 cum
3016 4155 3119 4209 sint
3144 4153 3308 4208 multa
3332 4196 3348 4219 ,
3380 4170 3542 4209 unum
3573 4169 3691 4208 cor-

2093 4262 2192 4316 pus
2218 4254 2337 4300 sunt
2366 4261 2384 4300 :
2410 4247 2482 4299 sic
2504 4256 2550 4299 et
2580 4244 2820 4301 Christus
2847 4247 2893 4313 (l
2924 4245 3045 4301 Cor.
3080 4262 3174 4311 xu,
3201 4245 3314 4318 ιε),
3348 4245 3400 4300 id
3427 4254 3512 4300 est
3531 4243 3693 4300 Chri-

2091 4338 2161 4391 sti
2190 4352 2390 4405 eorpus
2414 4376 2431 4402 ,
2464 4338 2606 4401 quod
2648 4345 2731 4391 est
2766 4336 3037 4391 Ecclesia.
3090 4335 3291 4391 lterum
3328 4352 3341 4388 :
3390 4333 3610 4389 Gaudeo
3636 4335 3691 4388 in

2092 4430 2419 4502 passionibus
2440 4445 2536 4501 pro
2562 4428 2704 4483 vobis
2734 4445 2754 4483 :
2780 4438 2829 4483 et
2856 4427 3028 4499 repleo
3045 4470 3059 4493 ,
3091 4443 3205 4499 qua:
3239 4428 3425 4483 desunt
3474 4444 3688 4498 pressu-

2096 4536 2273 4575 rarum
2301 4518 2494 4575 Christi
2524 4517 2749 4592 (Coloss.
2778 4536 2814 4585 1,
2840 4518 2913 4573 ει
2936 4517 2977 4589 ),
3007 4518 3059 4573 id
3085 4527 3189 4585 est,
3220 4518 3502 4575 Ecclesiae.
3548 4517 3695 4573 Nihil

399 4617 617 4686 (Matth.
648 4592 799 4682 sunt,
824 4616 1256 4691 50).Utrumque
1282 4630 1464 4675 autem
1490 4620 1604 4675 ﬁeri
1635 4634 1860 4676 necesse
1880 4630 1985 4675 est.
2014 4592 2067 4653 Ῐ)
2097 4614 2243 4668 enim
2284 4612 2459 4668 defuit
2503 4612 2702 4668 Christi
2755 4612 3097 4682 passionihus
3137 4629 3151 4665 :
3192 4613 3450 4682 quoniam
3490 4610 3701 4667 sufﬁcit

398 4712 505 4767 Sed
553 4712 728 4781 primo
757 4711 1004 4781 corporis
1043 4722 1127 4767 est
1155 4712 1422 4766 adventus
1446 4753 1461 4777 ,
1510 4712 1563 4766 id
1609 4722 1697 4768 est
1733 4712 1990 4769 Ecclesiae

397 4805 594 4876 jugiter
618 4804 892 4860 venientis
913 4804 967 4859 in
990 4805 1180 4860 eadem
1198 4804 1451 4860 claritate
1478 4803 1767 4869 invisibili;
1792 4804 1991 4861 deinde

399 4897 615 4965 capitis,
634 4897 686 4950 id
706 4907 813 4961 est,
841 4895 1052 4951 Domini
1083 4896 1136 4950 in
1163 4894 1445 4951 manifesta
1475 4895 1746 4950 claritate.
1766 4894 1821 4950 Si
1844 4897 1988 4950 enim

400 4990 604 5045 diceret
634 5008 649 5044 :
695 4989 897 5044 Amodo
925 4990 1158 5044 uidebitis
1182 4991 1464 5044 uenientem
1485 5032 1500 5056 ,
1548 4989 1717 5044 solius
1743 4990 1992 5059 corporis

401 5084 783 5154 intelligendus
830 5094 975 5139 esset
1019 5082 1304 5138 adventus.
1356 5081 1413 5139 Si
1467 5091 1650 5137 autem
1714 5082 1988 5151 videbitis,

394 5178 593 5246 capitis
639 5176 923 5232 adventus.
962 5173 1115 5229 Nunc
1156 5188 1287 5230 vero
1331 5175 1548 5239 amodo,
1599 5173 1808 5244 inquit,
1854 5174 1996 5228 vide-

401 5268 514 5321 bitis
555 5268 876 5333 venientem,
928 5267 1183 5337 quoniam
1226 5279 1456 5336 corpore
1501 5280 1600 5319 suo
1655 5264 1854 5335 jugiter
1909 5280 2003 5320 ve-

401 5361 481 5415 nit
509 5361 790 5415 nativitate
828 5368 885 5413 et
936 5358 1194 5414 similium
1251 5359 1560 5428 passionum
1612 5358 1881 5413 claritate.
1944 5359 2001 5415 Si

398 5453 549 5509 enim
582 5452 755 5507 renati
793 5449 999 5506 Christi
1032 5450 1276 5505 membra
1307 5450 1641 5515 efﬁciuntur,
1675 5460 1731 5507 et
1758 5451 2001 5507 membra

397 5562 524 5620 quae
562 5557 766 5615 corpus
788 5543 1037 5601 efﬁciunt
1060 5586 1078 5612 ,
1123 5543 1379 5601 Christus
1405 5555 1493 5600 est
1518 5547 1608 5616 qui
1641 5547 1828 5613 venit,
1868 5561 2003 5617 quo-

478 5753 504 5820 ξι
534 5743 643 5820 ξω
673 5746 852 5820 ξὺρῳ.
882 5743 1051 5817 Cyro,
1076 5743 1420 5820 legitsuptap,
1445 5742 1696 5820 Dominoz

481 5811 507 5853 "
543 5812 612 5872 Ut
637 5803 905 5883 subjiciam
928 5803 1054 5870 ants
1080 5803 1263 5885 rabiem
1289 5803 1417 5883 e'iu's'
1431 5823 1623 5886 gentes.
1675 5812 1835 5885 Vulg.

2099 4705 2391 4775 discipulo,
2418 4704 2562 4759 utsit
2592 4704 2733 4759 sicut
2756 4705 3012 4774 magister
3038 4703 3178 4774 ejus.
3209 4702 3301 4759 Sic
3330 4719 3461 4774 ergo
3491 4704 3696 4761 adven-

2100 4807 2211 4852 tum
2245 4797 2448 4854 Cbristi
2495 4811 2594 4867 pro
2632 4796 2767 4851 locis
2793 4796 3143 4866 accipiemus.
3186 4795 3320 4852 Item
3364 4798 3417 4851 in
3459 4795 3652 4852 Exodo
3677 4838 3694 4861 ,

2100 4907 2291 4947 omnes
2313 4891 2452 4946 ﬁlios
2483 4891 2604 4956 Dei,
2636 4906 2803 4946 unum
2834 4889 3031 4956 ﬁlium,
3053 4900 3110 4945 et
3137 4904 3330 4946 omnes
3355 4891 3693 4961 primogeni-

2101 4995 2188 5041 tos
2218 4984 2598 5055 )Egyptiornm
2624 5024 2640 5049 ,
2679 4984 3092 5055 primogenitum
3138 4998 3261 5039 esse
3287 5026 3302 5048 ,
3349 4986 3429 5040 sic
3456 4984 3576 5041 Deo
3615 4986 3701 5041 di-

2100 5088 2279 5141 ceute,
2314 5077 2695 5148 cognoscimus
2725 5095 2738 5131 :
2785 5074 2911 5131 Haec
2939 5077 3110 5136 dices.
3143 5077 3348 5146 inquit,
3378 5075 3649 5132 Pharaoni
3679 5094 3700 5133 :

2110 5169 2236 5224 Haec
2264 5169 2388 5223 dicit
2404 5167 2657 5223 Dominus
2688 5184 2707 5222 :
2737 5165 2788 5220 F
2789 5168 2911 5223 ilius
2937 5183 3084 5222 meus
3110 5168 3485 5236 primoqenitus
3508 5166 3699 5223 Israel.

2106 5260 2233 5318 Dixi
2263 5263 2353 5317 tibi
2383 5279 2402 5317 :
2421 5261 2638 5316 Dimitte
2664 5259 2913 5334 populant
2943 5277 3132 5325 meum,
3163 5270 3220 5314 ut
3245 5262 3430 5314 serviat
3456 5257 3703 5313 mihi.Tu

2105 5366 2275 5411 autem
2318 5356 2528 5411 noluisti
2569 5356 2824 5410 dimittere
2852 5372 2966 5410 eum
2998 5353 3207 5424 (Exod.
3240 5369 3316 5416 tv,
3366 5353 3438 5408 22
3460 5353 3504 5424 ).
3550 5351 3710 5408 Unde

2105 5464 2238 5521 ergo
2271 5467 2285 5503 :
2317 5448 2452 5503 Ecce
2480 5463 2573 5519 ego
2601 5449 2833 5503 occidam
2875 5446 3046 5518 ﬁlium
3094 5457 3237 5501 tuum
3283 5443 3701 5517 primogenitum.

2104 5544 2171 5599 Et
2204 5541 2368 5598 David
2401 5583 2414 5606 ,
2447 5541 2659 5597 vineam
2692 5539 2938 5607 Domini,
2989 5555 3156 5596 unum
3207 5538 3378 5593 ﬁlium
3402 5578 3418 5603 ,
3464 5537 3544 5592 sic
3589 5537 3709 5595 ait:

2186 5753 2207 5783 ο
2236 5740 2517 5799 Obdursti.
