4176 6184
426 253 497 308 ‘25
1854 259 2153 319 TlCHONll
2182 263 2346 320 AFRI

3649 270 3723 326 24

425 391 492 430 ea:
516 374 708 430 ancilla
738 377 1014 431 carnaliter
1054 386 1208 433 natus
1248 389 1343 435 est.
1390 380 1493 449 Qui
1522 388 1691 435 autem
1719 396 1784 436 ea:
1810 379 1973 436 libero
1996 422 2011 448 ,
2043 387 2096 446 Α
2121 380 2288 438 Deum
2314 399 2334 438 :
2345 386 2522 457 justus
2548 393 2722 439 autem
2766 401 2829 440 ex
2856 386 2962 456 ﬁde
3003 386 3123 441 vivit
3154 385 3296 460 (Gal.
3325 401 3384 442 ιιι
3411 427 3427 455 ,
3465 386 3576 460 Η).
3623 388 3724 446 Os-

428 485 492 526 ca:
520 471 861 543 promissione
884 469 1029 543 (Gal.
1062 488 1135 538 tv,
1160 473 1252 540 25,
1282 473 1394 543 24).
1431 474 1547 529 Non
1581 488 1700 530 esse
1730 484 1908 530 autem
1938 488 2024 529 se-

427 577 553 618 men
576 562 831 629 Abralue,
865 565 967 619 nisi
996 565 1139 635 quod
1171 582 1236 621 cx
1266 565 1370 621 lide
1398 576 1511 632 est,
1541 566 1832 637 Apostolus
1863 565 2022 621 dicit:

433 655 750 727 Cagnoscitis
772 674 914 729 ergo,
939 659 1185 729 quoniam
1209 660 1297 729 qui
1316 676 1380 714 ex
1398 658 1503 729 ﬁde
1528 668 1675 725 sunt,
1708 660 1760 712 hi
1791 667 1911 713 sunt
1929 658 2029 731 ﬁlii

435 747 657 802 Abrahw
687 747 830 820 (Gal.
864 765 921 803 tu
943 792 958 817 ,
993 750 1048 821 7)
1069 751 1092 803 ?
1113 751 1182 804 Et
1231 751 1426 806 iterum
1458 769 1471 806 :
1509 750 1609 806 Vos
1629 762 1819 819 autem,
1845 756 2029 822 fratres

434 844 716 899 secundum
740 843 891 899 Isaac
914 887 929 910 ,
960 847 1313 915 promissionis
1337 846 1436 916 ﬁlii
1464 849 1586 902 estis
1614 846 1757 917 (Gal.
1804 864 1879 915 tv,
1909 847 2027 920 28).

433 935 633 991 Semen
678 953 810 1008 ergo
841 938 1093 1004 Ahrahm,
1124 953 1232 993 non
1279 955 1346 996 ex
1374 941 1491 1012 lege
1514 982 1529 1005 ,
1559 943 1652 996 sed
1702 958 1767 997 ex
1798 944 2033 1010 promis-

437 1030 592 1085 sione
627 1041 707 1085 est
737 1073 751 1096 ,
785 1031 926 1099 quod
954 1045 1026 1086 ex
1054 1031 1201 1087 Isaac
1238 1032 1441 1104 iugiter
1487 1035 1697 1090 transit.
1748 1034 1808 1090 Si
1855 1045 2033 1091 autem

437 1132 650 1177 constat
692 1137 878 1178 semen
936 1124 1210 1188 Abrahae,
1270 1125 1413 1195 quod
1461 1142 1527 1182 ex
1575 1127 1678 1183 ﬁde
1724 1140 1847 1191 est,
1899 1144 2035 1184 con-

437 1223 579 1279 stat,
604 1215 731 1284 quia
772 1230 1066 1285 numquam
1097 1218 1195 1271 fuit
1243 1233 1312 1273 ex
1362 1219 1503 1288 lege.
1530 1219 1647 1275 Non
1697 1220 1838 1275 enim
1865 1223 2039 1291 potuit

437 1320 501 1360 ex
533 1306 651 1373 lege
671 1322 813 1373 esse,
845 1316 898 1363 et
941 1324 1005 1363 ex
1051 1309 1176 1365 ﬁde.
1202 1310 1316 1366 Lex
1349 1313 1492 1367 enim
1541 1323 1594 1368 et
1636 1314 1786 1377 ﬁdes,
1822 1314 2037 1370 diversa

437 1414 525 1453 res
553 1411 655 1456 est.
688 1400 821 1469 Quia
853 1403 938 1457 lex
973 1418 1078 1458 non
1123 1415 1206 1460 est
1253 1404 1375 1461 ﬁdei
1405 1448 1419 1472 ,
1466 1406 1561 1461 sed
1593 1422 1840 1477 operum.
1888 1408 2040 1464 Sicut

440 1492 699 1562 scriptum
727 1504 810 1547 est
833 1510 846 1545 :
875 1493 979 1549 Lex
1004 1511 1107 1550 non
1132 1505 1207 1551 est
1235 1512 1299 1551 ea:
1323 1496 1427 1567 ﬁde
1452 1539 1467 1563 ,
1497 1497 1587 1551 sed
1616 1500 1705 1569 qui
1733 1502 1910 1570 fecerit
1937 1517 1994 1554 ea
2020 1545 2033 1569 ,

438 1585 568 1639 vivet
597 1590 650 1639 in
680 1588 753 1641 eis
786 1586 927 1647 (Gal.
961 1604 1039 1654 nt,
1067 1587 1178 1660 12).
1209 1589 1483 1646 Abraham
1514 1606 1645 1663 ergo
1677 1592 1781 1647 ﬁde
1821 1608 2040 1662 semper

442 1675 582 1730 ﬁlios
609 1676 823 1742 habuit,
850 1679 968 1748 lege
1008 1697 1322 1752 numquam.
1356 1682 1471 1737 Non
1498 1685 1643 1739 enim
1675 1701 1738 1740 ex
1769 1686 1886 1755 lege
1914 1702 2038 1755 pro-

2129 478 2301 533 tendit
2344 486 2640 548 prteterea,
2692 478 2899 536 dictum
2930 495 3053 537 esse
3099 495 3196 552 per
3238 480 3608 552 Prophetam,
3644 482 3725 538 Ea:

2128 571 2235 643 ﬁde
2260 574 2381 627 vivit
2409 588 2428 626 :
2458 582 2517 628 ut
2546 574 2891 630 manifestum
2927 574 3114 641 ﬁeret,
3156 575 3615 646 quemadmodum
3647 577 3727 631 vi—

2129 673 2355 729 verent,
2386 664 2474 734 qui
2506 663 2677 735 legem
2724 664 2908 721 facere
2956 681 3062 720 non
3095 676 3337 733 possent.
3382 665 3489 721 Sed
3543 667 3726 724 minus

2131 754 2311 822 lucet,
2349 755 2476 824 quid
2505 755 2610 809 sit:
2640 754 2827 810 Justus
2857 772 2925 811 ea:
2964 756 3069 825 ﬁde
3111 757 3231 810 vivit
3268 755 3498 830 (llabac.
3528 775 3605 825 ιι,
3644 759 3723 832 4).

2133 852 2248 907 Non
2280 851 2424 908 enim
2458 854 2629 922 potuit
2654 856 2935 926 quisquam
2960 856 3135 925 justus
3169 857 3221 911 in
3253 857 3369 927 lege
3402 857 3608 927 positus
3646 856 3729 911 vi-

2135 960 2286 1010 vere,
2332 945 2434 999 nisi
2463 959 2625 1015 opera
2658 946 2791 1015 legis
2826 946 3047 1003 fecisset
3067 989 3083 1013 ,
3114 956 3171 1003 et
3200 948 3380 1002 omnia
3413 961 3580 1016 opera
3607 964 3620 1001 :
3643 947 3726 1002 sin

2135 1038 2334 1106 minus,
2362 1038 2686 1093 maledictus
2712 1049 2877 1093 esset.
2907 1039 3059 1094 Dedit
3083 1041 3223 1094 Deus
3245 1039 3420 1111 legem
3447 1082 3463 1107 ,
3487 1050 3542 1094 et
3567 1039 3727 1096 dixit:

2142 1132 2265 1186 Non
2294 1133 2619 1204 concupisces
2642 1130 2836 1203 (Exod.
2868 1148 2960 1194 xx,
2985 1135 3087 1200 l7;
3120 1131 3276 1188 Deut.
3307 1148 3364 1199 v,
3386 1132 3504 1205 2|).
3536 1132 3730 1190 Statim

2139 1224 2427 1281 occasione
2457 1233 2674 1295 accepta
2697 1265 2713 1291 ,
2741 1233 3044 1294 peccatum,
3078 1239 3172 1292 per
3200 1224 3517 1281 mandatum
3540 1240 3734 1294 opera-

2142 1327 2250 1373 tum
2281 1326 2365 1374 est
2392 1332 2608 1372 omnem
2646 1317 3168 1385 concupiscentiam.
3200 1316 3439 1373 Necesse
3481 1325 3566 1373 est
3588 1316 3732 1372 enim

2143 1409 2421 1480 passiones
2444 1417 2789 1477 peccatorum
2816 1449 2831 1473 ,
2855 1420 2976 1477 quae
3004 1422 3099 1475 per
3123 1408 3292 1476 legem
3322 1418 3453 1463 sunt
3475 1449 3489 1473 ,
3519 1407 3737 1478 operari

2142 1501 2194 1555 in
2216 1499 2476 1556 membris
2489 1498 2734 1569 ejus.qui
2756 1497 2809 1551 in
2831 1497 2954 1568 lege
2967 1505 3071 1551 est.
3091 1496 3382 1565 Propterea
3400 1513 3464 1554 ea
3480 1498 3601 1553 data
3622 1507 3737 1553 est:

2140 1604 2196 1648 ut
2216 1592 2501 1647 abundaret
2514 1600 2775 1662 peccatum
2790 1590 2967 1661 (Rom.
2984 1606 3036 1655 v,
3056 1589 3175 1660 20),
3200 1590 3328 1659 quia
3347 1590 3518 1646 virtus
3544 1605 3737 1660 pecca-

2144 1687 2201 1752 ti,
2230 1687 2336 1742 lex.
2365 1684 2721 1740 Venundatus
2740 1692 2922 1739 autem
2945 1683 3046 1738 sub
3064 1694 3308 1753 peccato,
3328 1683 3440 1753 jam
3465 1699 3569 1739 non
3596 1684 3738 1755 quod

444 1768 633 1823 missio
662 1779 745 1825 est
772 1771 1005 1827 Abrahae
1030 1815 1045 1839 ,
1076 1783 1169 1828 aut
1196 1775 1391 1830 semini
1428 1776 1565 1845 ejus,
1610 1785 1669 1831 ut
1695 1777 1870 1832 horres
1896 1787 2039 1834 esset
2070 1774 2119 1834 B
2146 1777 2258 1831 vult
2296 1786 2557 1846 operatur
2600 1776 2803 1831 bonum
2830 1817 2842 1839 ,
2899 1775 2992 1830 sed
3021 1775 3165 1845 quod
3210 1789 3316 1829 non
3350 1774 3465 1829 vult
3492 1776 3687 1830 malum
3721 1793 3736 1830 :

444 1862 652 1927 mundi,
684 1862 781 1918 sed
812 1879 910 1933 per
929 1865 1193 1933 justitiam
1224 1866 1367 1921 ﬁdei.
1391 1866 1452 1922 Si
1475 1867 1618 1924 enim
1640 1869 1730 1940 qui
1754 1884 1850 1940 per
1872 1869 2043 1941 legem

444 1954 547 2022 ipsi
590 1967 717 2010 sunt
760 1956 1043 2025 haeredes,
1079 1974 1252 2014 vacua
1300 1969 1385 2016 est
1437 1960 1603 2027 ﬁdes,
1646 1971 1701 2017 et
1753 1979 1916 2018 vacua
1966 1974 2049 2020 est

444 2048 753 2117 promissio.
788 2050 901 2106 Lex
931 2053 1074 2107 enim
1129 2055 1264 2108 iram
1295 2064 1574 2125 operatur.
1601 2054 1656 2110 Si
1687 2070 1820 2125 ergo
1851 2071 1949 2113 nec
1982 2057 2046 2111 ﬁ-

444 2141 563 2207 des,
592 2158 692 2197 nec
722 2144 1009 2212 promissio
1053 2145 1284 2201 Abrahae
1327 2147 1537 2203 destrui
1566 2156 1783 2218 potest,
1811 2148 1880 2202 ab
1923 2157 2046 2204 ortu

441 2234 526 2287 sui
563 2235 766 2304 jugiter
810 2237 1027 2291 mansit.
1056 2237 1206 2304 Nec,
1256 2239 1377 2294 data
1428 2243 1578 2310 lege,
1628 2239 1887 2307 impedita
1922 2249 2045 2297 est:

447 2327 739 2395 quominus
768 2326 1003 2383 Abrahae
1040 2329 1135 2383 ﬁlii
1156 2330 1453 2385 secundum
1481 2330 1897 2400 promissionem
1926 2330 2048 2386 lidei

449 2426 797 2487 generentur.
825 2419 963 2474 Dicit
984 2422 1127 2475 enim
1146 2423 1459 2492 Apostolus,
1485 2432 1608 2493 post
1628 2423 2050 2493 quadringentos

450 2524 506 2569 et
552 2513 769 2583 triginta
816 2529 988 2570 annos
1031 2514 1210 2569 datam
1248 2516 1423 2588 legem
1473 2532 1583 2572 non
1627 2517 1906 2582 obfuisse,
1951 2533 2051 2573 nec

449 2605 783 2662 destruxisse
823 2606 1241 2677 promissionem
1275 2627 1288 2665 :
1322 2609 1386 2664 Si
1427 2610 1560 2665 enim
1602 2626 1665 2665 ea:
1713 2611 1823 2681 lege
1854 2620 1909 2676 ιι,
1934 2612 2051 2680 jam

453 2716 555 2754 non
583 2714 645 2752 ea:
674 2700 1033 2773 promissione.
1063 2700 1283 2755 Abralue
1310 2712 1481 2756 autem
1506 2743 1520 2765 ,
1552 2719 1642 2775 per
1687 2703 2049 2774 repromissio-

450 2806 566 2844 nem
593 2789 800 2845 donavit
829 2791 967 2847 Deus
994 2790 1159 2861 (Ibid.
1184 2834 1201 2860 ,
1228 2793 1341 2865 18).
1372 2795 1440 2848 Ει
1459 2794 1566 2849 alio
1598 2794 1718 2849 loco
1747 2811 1761 2848 :
1794 2792 1905 2848 Lea:
1933 2811 2052 2866 ergo

451 2881 697 2937 adversus
722 2886 975 2955 promissa
995 2882 1138 2939 Dei?
1167 2885 1310 2939 Absit
1340 2885 1532 2958 (Ibid.,
1555 2887 1670 2956 21).
1695 2886 1955 2943 Videmus
1978 2888 2054 2943 le—

450 2986 573 3041 gem
606 2973 671 3028 ad
702 2977 964 3044 promissa
990 2992 1096 3032 non
1131 2976 1425 3047 pertinere,
1459 2992 1559 3033 nec
1598 2979 1888 3049 aliquando
1919 2979 2055 3033 alte-

452 3081 566 3121 ram
596 3068 649 3121 in
690 3068 920 3123 alteram
972 3069 1300 3140 impegisse,
1348 3071 1442 3125 sed
1488 3081 1776 3142 utramque
1804 3072 2051 3127 ordinem

2146 1870 2418 1925 consentit
2446 1868 2590 1923 enim
2621 1866 3061 1939 legi,secuudum
3095 1867 3410 1921 interiorem
3438 1865 3736 1924 hominem.

2148 1964 2503 2034 Expugnatur
2525 1971 2705 2017 autem
2734 1962 2890 2016 aliter
2916 1962 3034 2032 lege
3059 1961 3456 2027 membrorum,
3482 1960 3743 2016 trahitur-

2148 2073 2254 2128 que
2299 2056 2570 2125 captivus,
2600 2070 2780 2125 neque
2822 2054 3115 2122 aliquando
3147 2054 3366 2108 liberari
3400 2054 3607 2121 potuit,
3638 2054 3743 2109 nisi

2148 2151 2263 2206 sola
2291 2149 2463 2221 gratia
2496 2164 2592 2218 per
2621 2147 2805 2203 ﬁdem.
2858 2147 2960 2203 Est
3005 2156 3185 2203 autem
3235 2162 3485 2218 magnum
3534 2147 3742 2203 crimen

2151 2243 2430 2314 perﬁdiae,
2478 2257 2585 2296 non
2635 2238 2942 2296 attendisse
2988 2255 3160 2310 genus
3205 2253 3521 2306 armorum,
3548 2238 3745 2309 quibus

2153 2337 2414 2394 violentia
2446 2334 2652 2406 peccati
2681 2342 3115 2404 expugnaretur,
3147 2340 3205 2387 et
3233 2346 3264 2387 e
3292 2340 3503 2398 contra,
3539 2330 3748 2401 magni-

2150 2429 2265 2484 ﬁcze
2293 2428 2416 2484 ﬁdei
2444 2437 2527 2483 est
2558 2426 2857 2496 inquisisse
2880 2435 2937 2479 et
2960 2424 3182 2479 vidisse.
3212 2424 3307 2479 Est
3332 2439 3464 2494 ergo
3486 2424 3747 2493 sacrilega

2153 2536 2331 2587 mens,
2369 2528 2423 2575 et
2456 2520 2598 2575 male
2641 2519 2711 2573 de
2756 2518 2871 2573 Deo
2921 2516 3202 2583 sentiens,
3235 2531 3358 2587 qua:
3401 2530 3524 2572 cum
3571 2516 3746 2585 legem

2155 2615 2305 2670 nullo
2355 2612 2516 2667 modo
2564 2610 2878 2666 humanitus
2924 2625 3087 2679 posse
3115 2609 3261 2675 ﬁeri,
3291 2619 3346 2663 et
3376 2607 3443 2663 ad
3484 2607 3752 2663 ulciscen—

2153 2706 2282 2761 dum
2316 2711 2559 2775 paratam
2593 2702 2832 2767 videret;
2873 2715 2981 2756 non
3015 2699 3349 2756 intellexerit
3379 2712 3503 2755 esse
3532 2698 3750 2766 aliquod

2156 2796 2456 2853 remedium
2483 2795 2607 2849 vita:
2634 2810 2647 2848 :
2674 2807 2776 2849 nec
2812 2790 2929 2846 ﬁeri
2972 2790 3236 2861 potuisse,
3266 2802 3326 2845 ut
3356 2790 3536 2846 bonus
3577 2789 3747 2854 Deus,

2155 2888 2246 2959 qui
2278 2887 2486 2942 sciebat
2534 2886 2707 2955 legem
2741 2899 2852 2938 non
2897 2884 3145 2954 potuisse
3173 2882 3313 2949 ﬁeri,
3346 2883 3579 2938 alterum
3624 2881 3751 2936 vitae

2158 2978 2361 3033 aditum
2393 2993 2501 3031 non
2534 2975 2854 3046 reliquisset
2877 2992 2890 3027 :
2913 2983 2970 3029 et
2996 2974 3285 3029 adversum
3314 2974 3587 3037 homines,
3616 2986 3752 3044 quos

2157 3074 2223 3128 ad
2275 3074 2439 3127 vitam
2491 3072 2724 3136 iecerat,
2759 3068 3222 3138 undiqueversum
3268 3068 3395 3123 vitae
3452 3066 3570 3121 vias
3594 3067 3751 3122 clau-

453 3170 610 3211 suum
642 3159 904 3213 tenuisse.
927 3158 1065 3224 Quia
1089 3160 1231 3214 sicut
1260 3160 1344 3216 lex
1371 3176 1664 3230 numquam
1690 3162 1816 3216 ﬁdei
1840 3162 2047 3229 obluit,
2081 3161 2126 3223 C
2158 3167 2343 3223 sisset.
2388 3167 2502 3220 lloc
2544 3165 2677 3220 ﬁdes
2716 3180 2823 3220 non
2867 3164 3023 3227 tulit,
3055 3176 3163 3216 non
3208 3161 3449 3217 admisit.
3486 3159 3593 3216 Sed
3623 3175 3749 3216 cum

455 3249 527 3303 ita
556 3263 657 3303 nec
689 3249 821 3305 lides
841 3250 1015 3319 legem
1042 3252 1330 3307 destruxit.
1356 3253 1509 3307 Sicut
1527 3255 1788 3322 scriptum
1820 3255 2051 3309 estzLe-

455 3358 572 3412 gem
594 3358 714 3414 ergo
735 3344 1043 3399 destruimus
1064 3362 1153 3418 per
1175 3346 1376 3416 ﬁdem?
1396 3346 1549 3413 absit,
1573 3347 1663 3401 sed
1685 3349 1848 3417 legem
1874 3351 2057 3402 statui-

458 3449 568 3487 mus
587 3434 767 3505 (llom.
794 3452 872 3498 ιιι.
894 3438 1010 3505 Si),
1035 3439 1086 3492 id
1108 3449 1215 3503 est,
1242 3440 1545 3493 ﬁrmamus:
1562 3438 1796 3495 invicem
1821 3455 2056 3511 namque

459 3526 699 3581 ﬁrmant.
731 3527 873 3599 Ergo
915 3530 1009 3584 ﬁlii
1036 3530 1271 3586 Abrahae
1295 3546 1403 3587 non
1434 3548 1500 3588 ex
1531 3532 1652 3602 lege
1677 3541 1804 3587 sunt
1828 3574 1842 3594 ,
1866 3533 1961 3588 sed
1989 3549 2056 3588 ex

459 3627 568 3685 ﬁde
607 3644 703 3700 per
724 3631 1228 3701 repromissionem.
1261 3631 1623 3700 Quarendum
1654 3639 1838 3686 autem
1866 3646 2059 3701 quem-

459 3719 749 3776 admodum
810 3721 914 3789 hi,
984 3724 1076 3794 qui
1130 3739 1197 3779 ex
1273 3722 1529 3793 operibus
1592 3723 1725 3793 legis
1793 3732 2058 3793 negantur

459 3817 703 3887 potuisse
725 3815 1035 3887 justiﬁcari,
1068 3817 1121 3871 in
1172 3816 1290 3886 lege
1345 3816 1548 3885 positi,
1598 3827 1652 3872 et
1695 3816 1871 3886 legem
1926 3830 2059 3885 ope-

458 3920 685 3977 rantes,
732 3908 1011 3980 iustiﬁcati
1062 3908 1282 3964 fuerint.
1329 3907 1695 3977 Quaerendum
1746 3917 2052 3977 praeterea,

459 4018 559 4058 cur
597 4011 723 4072 post
759 4000 1180 4072 promissionem
1225 4001 1378 4068 ﬁdei,
1404 4016 1525 4071 quae
1552 4000 1704 4054 nullo
1754 3998 1920 4054 modo
1962 3998 2059 4054 de-

457 4096 593 4150 strui
622 4102 844 4166 potest,
871 4094 998 4150 data
1025 4102 1110 4150 est
1140 4094 1248 4160 lex,
1293 4109 1414 4163 quae
1442 4110 1548 4148 non
1577 4104 1662 4149 est
1699 4110 1765 4148 ex
1806 4093 1912 4149 ﬁde
1946 4112 1959 4148 :
1990 4109 2056 4149 ex

457 4187 614 4258 cujus
645 4186 905 4257 operibus
937 4200 1099 4241 nemo
1139 4185 1550 4256 justiﬁearetur,
1598 4187 1723 4257 quia
1750 4226 1766 4252 ,
1802 4184 2060 4257 Quotquot

457 4298 523 4338 ea:
543 4283 781 4353 aperibus
810 4280 938 4352 legis
966 4290 1121 4345 sunt,
1164 4280 1258 4334 sub
1300 4278 1576 4334 maledicto
1618 4289 1762 4333 sunt.
1792 4277 2060 4351 Scriptum

457 4383 533 4427 est
577 4372 1097 4428 enim:Maledictus
1123 4372 1212 4443 qui
1252 4388 1357 4425 non
1408 4370 1744 4444 permanserit
1786 4371 1843 4425 in
1885 4370 2055 4425 enmi-

457 4466 583 4531 bus,
634 4480 752 4535 quae
794 4466 987 4536 scripta
1034 4473 1153 4518 sunt
1197 4466 1252 4518 in
1305 4464 1436 4517 libro
1486 4464 1639 4534 legis,
1695 4474 1751 4518 ut
1790 4464 1949 4533 faciat
1998 4482 2058 4520 ea

2158 3261 2480 3317 inﬁrmitate
2529 3260 2753 3326 carnis,
2803 3268 2857 3314 et
2901 3258 3102 3312 virtute
3154 3256 3362 3327 peccati
3414 3265 3745 3326 urgeretur:

2161 3354 2305 3409 Deus
2349 3354 2500 3410 dedit
2545 3351 2873 3407 claritatem.
2908 3349 3101 3406 Sciens
3138 3347 3423 3402 Dominum
3467 3346 3667 3402 bonum
3693 3354 3750 3402 et

2154 3446 2398 3516 justum,
2453 3453 2507 3500 et
2534 3444 2749 3499 viscera
2796 3457 2911 3498 suae
2954 3439 3324 3496 miserationis
3363 3449 3553 3494 contra
3582 3454 3747 3509 opera

2160 3552 2416 3593 manuum
2460 3551 2679 3593 suarum
2713 3550 2819 3591 nou
2859 3533 3164 3588 clausisse:
3192 3530 3458 3587 intellexit
3488 3544 3610 3587 esse
3644 3533 3748 3587 iter

2123 3684 2129 3691 .
2160 3631 2225 3686 ad
2260 3633 2456 3698 vitam,
2489 3639 2544 3686 et
2576 3628 2839 3685 faciendae
2887 3627 3023 3697 legis
3068 3622 3372 3681 remedium
3422 3623 3578 3679 vidit.
3604 3622 3747 3680 Deus

2160 3726 2303 3781 enim
2335 3739 2457 3780 cum
2489 3724 2736 3780 diceret:
2760 3719 2887 3775 Non
2916 3720 3272 3791 concupisces;
3302 3731 3411 3772 non
3434 3716 3745 3785 denudavit,

2159 3816 2619 3891 quemadmodum
2647 3814 2698 3870 id
2729 3813 3017 3885 provenire
3047 3821 3272 3884 posset,
3302 3810 3399 3867 sed
3432 3826 3558 3866 vere
3586 3818 3746 3880 atque

2158 3914 2344 3970 decise
2388 3912 2531 3967 dixit
2571 3929 2584 3965 :
2627 3909 2750 3964 Non
2775 3909 3140 3975 concupisces;
3187 3904 3446 3975 quoniam
3491 3902 3545 3958 id
3591 3916 3749 3974 repe-

2160 4006 2406 4061 riendum
2438 4003 2679 4074 reliquit.
2712 4001 2767 4058 Si
2797 4001 2943 4057 enim
2973 3998 3257 4054 mandaret
3280 4012 3310 4051 a
3338 4011 3398 4051 se
3420 4004 3749 4067 proventum

2164 4096 2449 4169 pestulari,
2483 4096 2653 4166 legem
2686 4094 3035 4149 destruxerat
3056 4101 3110 4146 et
3131 4089 3311 4145 ﬁdem.
3344 4087 3415 4145 Ut
3441 4087 3571 4159 quid
3600 4087 3747 4144 enim

2160 4191 2335 4262 legem
2366 4190 2546 4254 daret,
2576 4189 2619 4243 si
2653 4187 2825 4257 legem
2855 4187 2907 4241 in
2940 4184 3191 4241 omnibus
3220 4183 3489 4239 laetorum
3514 4182 3749 4252 pollice-

2160 4283 2349 4339 retur?
2375 4282 2481 4338 Aut
2527 4279 2655 4351 quid
2688 4280 2808 4335 ﬁdei
2837 4279 3260 4350 relinqueretur,
3289 4278 3336 4332 si
3367 4275 3553 4342 ﬁdem,
3586 4276 3747 4331 auxi-

2160 4377 2289 4433 lium
2315 4374 2642 4446 pollicendo,
2667 4370 3033 4442 praeveniret?
3063 4369 3218 4426 Nunc
3244 4380 3427 4425 autem
3453 4369 3596 4425 bono
3624 4367 3747 4427 ﬁdei

2158 4468 2311 4525 dedit
2358 4468 2560 4539 legem,
2596 4464 2903 4520 ministram
2935 4465 3132 4520 mortis
3159 4481 3173 4517 :
3196 4473 3255 4518 ut
3281 4470 3556 4518 amatores
3596 4462 3745 4528 vitae,

456 4555 605 4630 (Gal.
652 4572 748 4622 ιιι,
800 4554 910 4626 ιο).
963 4555 1258 4624 Aposmlus
1304 4554 1541 4624 denique
1593 4555 1717 4609 huic
1764 4557 2052 4625 qumsﬁoni
2084 4542 2267 4617 Dﬁde
2292 4564 2457 4615 vitam
2488 4560 2760 4623 viderent,
2792 4566 2848 4613 et
2873 4558 3029 4624 justi,
3060 4557 3168 4611 ﬁde
3195 4558 3462 4619 viverent,
3490 4554 3581 4624 qui
3610 4566 3750 4624 opus

459 4649 830 4718 prospiciens,
876 4660 998 4700 cum
1041 4653 1255 4701 asserat
1281 4645 1599 4700 omnimodo
1639 4644 1779 4699 ﬁlios
1822 4645 2055 4700 Abrahae

456 4743 601 4799 dono
625 4743 720 4798 Dei
743 4754 963 4808 semper
985 4737 1153 4792 fuisse
1169 4752 1260 4806 per
1275 4736 1461 4799 ﬁdem,
1487 4750 1595 4791 non
1627 4751 1721 4805 per
1734 4735 1910 4805 legem
1941 4735 2054 4792 fac-

461 4848 641 4893 torum
668 4878 683 4901 ,
716 4851 782 4891 ex
813 4833 1038 4888 alterius
1067 4845 1298 4900 persona
1332 4829 1618 4900 respondit
1643 4829 1745 4884 sibi
1770 4869 1786 4895 ,
1812 4830 2001 4884 dicens
2036 4847 2049 4883 :

460 4930 601 4999 Quid
641 4944 761 5001 ergo
799 4927 883 4983 lea:
930 4929 1190 4999 factorum
1231 4922 1407 4996 (Rom.
1441 4938 1502 4979 ιιι
1524 4968 1540 4993 ,
1588 4922 1719 4994 27)?
1750 4921 1804 4978 Id
1836 4931 1921 4979 est
1953 4941 1965 4978 :
1994 4923 2052 4980 Si

456 5038 524 5079 ex
566 5021 669 5077 ﬁde
698 5021 792 5075 lilii
822 5061 837 5086 ,
865 5035 961 5075 cur
989 5017 1118 5073 data
1146 5027 1233 5073 est
1255 5018 1338 5072 lex
1368 5017 1631 5072 factorum
1659 5057 1675 5083 ,
1723 5032 1845 5071 cum
1894 5015 2049 5071 sulti-

453 5122 603 5171 ceret
631 5110 927 5181 promissio
952 5107 1285 5179 generandis
1312 5106 1437 5163 ﬁliis
1463 5108 1727 5171 Abrahae,
1746 5116 1799 5163 et
1832 5106 1936 5163 ﬁde
1966 5123 2053 5164 es-

454 5216 579 5263 sent
602 5202 872 5259 nutrieudi
897 5204 920 5255 ?
944 5201 1080 5269 Quia
1097 5202 1275 5273 justus
1296 5216 1359 5254 ea:
1386 5199 1489 5268 ﬁde
1531 5200 1649 5254 vivit
1674 5199 1852 5271 (liam.
1879 5216 1927 5267 ι,
1961 5201 2047 5265 17;

456 5295 578 5353 Gal.
603 5312 660 5352 ιιι
683 5336 697 5359 ,
730 5296 828 5360 ll;
865 5292 996 5347 Heb.
1030 5310 1085 5358 κ,
1115 5292 1229 5362 50).
1262 5293 1568 5362 Antequam
1620 5291 1765 5348 enim
1796 5309 1856 5346 se
1884 5293 2053 5347 inter-

454 5396 705 5460 rogasset
736 5404 750 5443 :
784 5384 924 5453 Quid
952 5400 1076 5457 ergo
1103 5385 1190 5440 lea:
1229 5385 1523 5455 factorum?
1567 5384 1678 5455 jam
1709 5385 1962 5453 dixerat,
1993 5395 2053 5440 ut

455 5484 734 5552 viverent,
788 5483 879 5552 qui
928 5496 996 5536 ex
1045 5480 1152 5535 ﬁde
1177 5479 1468 5549 iustiﬁcari
1500 5493 1611 5534 non
1653 5489 1918 5550 possent,
1948 5478 2053 5536 hoc

456 5575 622 5630 modo
652 5595 665 5627 :
700 5575 958 5640 Quoniam
979 5581 1151 5628 autem
1178 5587 1243 5627 ea:
1264 5572 1375 5643 lege
1393 5586 1541 5627 uento
1566 5572 1885 5640 iustiﬁcatur
1908 5573 2050 5644 apud

527 5767 554 5796 ι
595 5720 911 5813 licereditas.

2160 4653 2293 4723 legis
2326 4667 2432 4706 non
2464 4667 2531 4707 ex
2560 4666 2655 4705 sua
2690 4650 2914 4715 virtute,
2940 4647 3036 4704 sed
3064 4663 3134 4704 ex
3161 4647 3256 4702 Dei
3287 4645 3433 4701 dono
3451 4644 3749 4715 ﬁeriposse

2154 4745 2462 4800 crederent.
2498 4744 2613 4799 Lex
2638 4745 2783 4799 enim
2814 4758 2845 4797 a
2874 4757 3041 4798 carne
3071 4739 3189 4795 ﬁeri
3234 4753 3344 4794 non
3374 4746 3557 4809 potest
3584 4754 3598 4790 :
3629 4750 3749 4806 qua:

2155 4851 2277 4892 cum
2313 4836 2450 4890 facta
2493 4851 2600 4889 non
2628 4834 2825 4901 fuerit,
2857 4832 3038 4905 punit.
3071 4832 3203 4898 Qua:
3230 4845 3363 4900 ergo
3390 4844 3515 4898 spes
3542 4826 3749 4884 homini

2156 4927 2417 4982 faciendze
2451 4927 2609 4997 legis,
2639 4936 2696 4983 et
2725 4925 2995 4998 fugienda
3022 4923 3218 4980 mortis
3243 4939 3257 4976 :
3282 4922 3385 4977 nisi
3415 4921 3536 4991 opis
3562 4931 3617 4976 et
3646 4918 3751 4974 mi-

2159 5018 2476 5074 sericordia:
2524 5018 2644 5086 Dei,
2689 5032 2849 5089 quam
2891 5015 3026 5071 ﬁdes
3074 5014 3315 5070 invenit?
3341 5012 3475 5068 Caro
3523 5010 3625 5085 legi
3653 5008 3750 5064 Dei

2157 5110 2393 5183 subjecta
2440 5128 2545 5166 non
2578 5121 2685 5175 est;
2728 5125 2889 5180 neque
2935 5110 3072 5163 enim
3112 5116 3298 5178 potest.
3344 5105 3446 5170 Qui
3484 5115 3657 5159 autem
3696 5103 3751 5157 in

2158 5219 2314 5259 carne
2346 5213 2484 5265 sunt,
2520 5200 2630 5258 Deo
2660 5204 2864 5273 placere
2893 5218 2998 5256 non
3027 5208 3262 5271 possunt.
3316 5196 3420 5252 Vos
3449 5204 3623 5251 autem
3650 5212 3753 5250 non

2156 5299 2279 5351 estis
2304 5300 2357 5351 in
2388 5313 2571 5362 came,
2604 5296 2695 5350 sed
2738 5298 2792 5350 in
2833 5296 3056 5362 spiritu;
3087 5291 3347 5364 siquidem
3392 5290 3623 5360 Spiritus
3658 5287 3754 5343 Dei

2154 5390 2208 5442 in
2238 5388 2377 5444 vobis
2410 5398 2506 5443 est.
2560 5387 2620 5444 Si
2646 5394 2761 5459 quis
2803 5397 2974 5442 autem
3014 5386 3276 5456 Spiritum
3302 5382 3495 5437 Christi
3524 5396 3625 5435 non
3655 5378 3750 5434 ha-

2155 5480 2256 5549 bet,
2283 5481 2368 5536 hic
2408 5497 2510 5536 non
2538 5490 2611 5536 est
2650 5482 2763 5552 ejus
2790 5479 2970 5552 (Rom.
2994 5495 3110 5547 vtu,
3145 5479 3197 5547 7,
3224 5476 3305 5549 9).
3337 5473 3600 5532 Ostendit
3624 5471 3749 5557 Spir.

2154 5574 2317 5630 ritum
2342 5575 2439 5632 Dei
2471 5583 2526 5629 et
2552 5570 2777 5641 Christi,
2812 5573 2957 5629 idem
3000 5587 3146 5630 esse.
3178 5570 3432 5628 Ostendit
3461 5558 3749 5641 praeterea,
