4176 6184
404 303 477 363 25
1146 360 1150 364 .
1558 308 1763 366 LIBER
1805 310 1896 367 DE
1936 311 2211 371 SEPTEM
2242 316 2558 395 REGULIS.

3640 325 3716 382 9.6

407 421 500 495 qui
545 420 813 492 Spiritum
860 419 958 476 Dei
1004 420 1282 488 habuerit,
1321 423 1376 478 in
1418 437 1583 480 carne
1623 439 1731 479 non
1774 440 1920 482 esse.
1953 425 2011 483 Si
2041 430 2087 493 A
2117 430 2244 488 ﬁde.
2275 432 2405 502 Quae
2449 435 2853 505 multiplicatio,
2882 439 3105 496 evenire
3132 455 3238 496 non
3266 441 3442 513 possit
3469 441 3590 498 sine
3618 442 3717 498 ad-

409 531 547 589 ergo
575 531 713 572 unus
762 523 850 571 est
891 515 1137 584 Spiritus
1169 516 1263 571 Dei
1294 525 1350 571 et
1375 515 1614 583 Christi;
1649 518 1930 588 prophetae
1959 529 2016 575 et

415 608 591 664 sancti
626 607 749 677 quia
779 605 1044 677 Spiritum
1076 607 1171 661 Dei
1199 605 1531 673 habuerunt,
1563 608 1824 680 Spiritum
1852 606 2014 665 Chri-

417 700 488 757 sti
516 702 840 754 habuerunt.
883 698 940 754 Si
984 699 1236 768 spiritum
1268 699 1368 755 Dei
1396 698 1730 765 habuerunt,
1768 702 1821 755 in
1851 716 2016 758 carne

419 807 528 846 non
570 790 826 857 luerunt,
857 799 913 844 et
952 788 1128 860 legem
1171 788 1417 845 iecerunt
1444 809 1455 844 :
1480 790 1604 861 quia
1641 806 1771 845 caro
1799 802 1880 846 est
1913 791 2018 846 ini-

418 886 554 940 mica
602 885 655 939 in
710 884 915 946 Deum,
947 892 1001 938 et
1033 883 1140 954 legi
1172 884 1293 953 ejus
1337 885 1579 954 subjecta
1632 900 1737 940 non
1781 895 1884 940 est.
1915 886 2017 954 Qui

415 994 546 1050 ergo
576 977 641 1032 ad
676 977 846 1033 Deum
872 974 1117 1047 confugit
1138 1018 1154 1042 ,
1186 978 1401 1047 accepit
1443 978 1706 1047 Spiritum
1753 978 1876 1045 Dei,
1908 995 2018 1050 quo

416 1080 667 1142 accepto,
701 1070 1026 1125 mortiﬁcata
1077 1078 1161 1125 est
1208 1085 1369 1137 caro;
1403 1087 1510 1142 qua
1543 1072 1889 1139 mortiﬁcata,
1924 1088 2021 1143 po-

418 1169 525 1219 tuit
555 1165 735 1220 lacere
776 1163 951 1235 legem
993 1165 1298 1234 spiritualis
1325 1205 1340 1229 ,
1374 1165 1636 1220 liberatus
1669 1180 1699 1220 a
1728 1166 1867 1236 lege,
1892 1166 2017 1236 quia

413 1257 568 1330 ju~to
599 1271 705 1311 non
734 1265 821 1312 est
852 1258 1047 1326 posita.
1092 1257 1158 1311 Et
1186 1257 1383 1312 iterum
1410 1274 1422 1310 :
1451 1255 1509 1312 Si
1543 1256 1752 1326 Spiritu
1777 1257 1876 1312 Dei
1904 1260 2020 1331 agi-

420 1352 572 1416 mini,
601 1368 705 1405 non
731 1352 854 1405 estis
878 1350 974 1404 sub
1012 1351 1124 1422 lege
1155 1348 1298 1415 (Gal.
1331 1367 1382 1416 v,
1416 1349 1527 1423 18).
1560 1353 1672 1417 Qua
1706 1367 1766 1406 re
1800 1352 2023 1407 manife-

419 1453 583 1508 stum,
611 1444 734 1514 quia
760 1453 941 1513 patres
961 1444 1156 1506 nosui,
1175 1442 1265 1512 qui
1285 1442 1546 1512 Spiritum
1573 1443 1668 1499 Dei
1691 1443 2020 1511 habuerunt,

421 1550 535 1591 non
564 1535 787 1591 luerunt
824 1535 929 1589 sub
956 1534 1094 1605 lege.
1127 1534 1396 1601 Quamdiu
1442 1535 1588 1589 enim
1618 1535 1742 1606 quis
1774 1536 1826 1590 in
1859 1550 2022 1592 carne

418 1639 525 1695 est,
553 1628 605 1683 id
655 1628 1051 1698 est,Spiritum
1102 1628 1199 1681 Dei
1248 1643 1359 1683 non
1405 1628 1600 1694 habet,
1634 1628 1945 1684 dominatur
1971 1631 2023 1686 ei

419 1723 531 1779 lex.
564 1721 621 1778 Si
650 1732 832 1776 autem
883 1719 1170 1775 tradiderit
1195 1734 1255 1776 se
1285 1722 1508 1791 gratia),
1540 1722 1775 1776 moritur
1814 1722 1939 1789 legi,
1971 1730 2025 1776 et

2111 523 2320 595 jutorio
2367 527 2501 599 legis
2547 530 2955 601 multiplicatae,
3004 542 3057 589 et
3107 533 3400 590 multitudo
3446 533 3499 589 in
3552 533 3712 591 ﬁdem

2118 619 2347 674 necdum
2375 621 2693 685 revelatam,
2727 624 2869 679 sicut
2888 625 3001 694 jam
3027 626 3232 683 dictum
3263 637 3369 695 est,
3402 627 3489 683 vel
3524 641 3718 684 neces-

2118 713 2277 766 sitate
2307 712 2690 770 deduceretur.
2721 715 3072 773 Providentia
3102 719 3288 790 itaque
3314 719 3433 783 Dei,
3465 728 3716 776 sanctum

2119 819 2185 860 ex
2211 804 2457 874 augendo
2479 806 2944 879 gubernando'que
2964 824 3152 866 semen
3182 809 3443 878 Abrahae,
3473 820 3532 867 ut
3559 826 3720 866 sere-

2120 898 2284 955 ritate
2313 907 2371 955 et
2396 909 2540 955 metu
2573 900 2744 971 legis,
2775 903 2924 957 multi
2964 905 3426 974 compellerentur
3447 905 3499 960 in
3534 903 3721 972 ﬁdem,

2121 999 2177 1046 et
2218 1006 2406 1047 semen
2452 990 2739 1047 lulciretur
2782 1009 2955 1061 usque
3002 995 3070 1050 ad
3122 995 3248 1051 ﬁdei
3301 997 3719 1053 revelationem:

2121 1082 2231 1138 Lea:
2272 1093 2444 1138 autem
2479 1084 2785 1140 subintravit
2809 1129 2825 1152 ,
2857 1097 2911 1140 ut
2939 1087 3385 1157 multiplicantur
3427 1098 3717 1158 peccatum.

2127 1175 2256 1244 Ubi,
2293 1177 2497 1248 inquit,
2527 1178 2932 1247 multiplicatum
2967 1190 3042 1234 est
3081 1190 3370 1252 peccatum,
3402 1181 3725 1251 superabun-

2122 1273 2260 1325 davit
2289 1273 2460 1344 gratia
2490 1272 2673 1344 (Rom.
2701 1288 2752 1339 v,
2782 1275 2902 1343 20).
2942 1273 3059 1328 Non
3108 1274 3278 1339 dixit,
3322 1284 3463 1338 nata,
3510 1274 3609 1330 sed
3636 1291 3725 1330 su-

2122 1363 2513 1435 perabundavit.
2562 1364 2644 1419 Ab
2688 1363 2847 1420 initio
2892 1365 3036 1420 enim
3081 1365 3207 1421 data
3257 1374 3344 1420 est
3388 1364 3723 1436 fugientibus

2126 1457 2262 1527 legis
2294 1458 2575 1514 molestias
2619 1465 2784 1529 atque
2828 1458 3158 1514 dominium.
3201 1457 3515 1514 Abundavit
3541 1468 3721 1512 autem

2126 1551 2478 1620 multiplicata
2529 1550 2682 1621 lege,
2716 1550 3186 1619 superabundavit
3228 1564 3361 1606 vero
3403 1549 3458 1605 in
3506 1563 3725 1605 omnem

2125 1656 2378 1709 carnem,
2409 1643 2644 1697 revelata
2673 1642 2727 1697 in
2759 1641 3061 1697 Christum.
3109 1642 3209 1710 Qui
3257 1641 3488 1697 veniens
3515 1646 3729 1695 restau-

2125 1749 2269 1801 rare,
2283 1750 2406 1805 quae
2432 1735 2483 1788 in
2501 1734 2662 1801 caelo,
2681 1742 2869 1803 etqum
2889 1734 2944 1788 in
2966 1741 3130 1799 terra,
3150 1731 3546 1803 evangelizavit
3566 1730 3727 1786 ﬁdem

421 1816 552 1872 facit
585 1816 644 1870 in
688 1816 782 1870 illo
812 1815 985 1886 legem
1019 1815 1269 1885 spiritus,
1302 1824 1518 1871 mortua
1559 1830 1745 1881 carne,
1766 1832 1893 1889 qua:
1921 1816 2022 1886 legi

2140 1826 2237 1889 his,
2270 1824 2357 1894 qui
2399 1825 2633 1896 proxime
2671 1836 2718 1877 et
2766 1825 2855 1895 qui
2900 1828 3051 1895 longe
3080 1821 3184 1892 (Is.
3216 1838 3330 1880 Lvn
3355 1865 3370 1889 ,
3398 1822 3497 1887 i9;
3528 1820 3728 1892 Epltcs.

423 1907 520 1963 Dei
550 1907 793 1978 subjecta
824 1922 951 1962 esse
981 1922 1088 1962 non
1119 1915 1313 1977 potest.
1346 1906 1502 1975 Quod
1533 1908 1677 1963 enim
1710 1909 2023 1978 gerebatur,

424 2000 479 2055 id
508 2001 668 2056 etiam
701 2014 847 2055 nunc
874 2001 1089 2071 geritur
1112 2042 1126 2066 ,
1159 2015 1266 2054 non
1297 2002 1444 2055 enim
1483 2001 1607 2071 quia
1641 2003 1743 2056 sub
1773 2001 1889 2071 lege
1918 2016 2024 2056 non

428 2108 636 2159 sumus,
667 2092 904 2148 cessavit
957 2091 1269 2148 interdictio
1320 2092 1410 2147 illa
1456 2093 1942 2164 concupiscentiae,
1974 2102 2029 2148 et

426 2203 533 2243 non
559 2186 731 2257 magis
770 2197 928 2241 aucta
957 2197 1070 2250 est;
1100 2186 1195 2241 sed
1229 2201 1328 2242 nos
1369 2186 1422 2242 in
1468 2188 1761 2243 revelatam
1789 2188 2022 2258 gratiam

422 2279 809 2334 concurrimus
836 2293 933 2348 per
960 2278 1146 2343 ﬁdere,
1179 2279 1362 2336 cdocti
1395 2295 1421 2333 a
1458 2280 1703 2347 Domino,
1732 2296 1868 2350 Opus
1898 2280 2030 2351 legis

426 2372 500 2426 de
546 2371 664 2442 ejus
711 2370 1089 2426 misericordia
1135 2372 1416 2440 postulare
1445 2382 1499 2426 et
1527 2371 1712 2427 dicere
1741 2391 1752 2428 :
1784 2372 1899 2426 Fiat
1943 2388 2030 2426 ro-

427 2467 605 2521 luntas
628 2476 718 2519 tua
745 2481 763 2519 :
786 2464 879 2530 Et,
903 2463 1091 2519 Libera
1116 2482 1209 2519 uos
1228 2482 1257 2519 a
1283 2466 1421 2520 malo
1446 2464 1663 2536 (Matth.
1695 2481 1768 2531 γι,
1804 2466 1890 2528 ll),
1915 2466 2028 2532 15).

431 2556 521 2612 llli
577 2569 756 2613 autem
800 2557 853 2612 in
898 2572 1006 2613 non
1060 2558 1355 2613 revelatam
1411 2573 1509 2628 per
1562 2557 1809 2613 eamdem
1865 2556 2029 2611 ﬁdem

431 2654 614 2709 coacti
644 2662 790 2707 metu
810 2651 1028 2720 mortis,
1055 2668 1215 2723 quam
1233 2652 1480 2707 ministra
1505 2652 1624 2722 lege
1643 2659 1832 2722 parato
1848 2651 2031 2722 gladio

433 2747 692 2802 intentari
737 2747 1017 2802 videbant.
1058 2746 1171 2802 Lex
1202 2750 1327 2801 data
1359 2756 1462 2812 est,
1495 2747 1672 2801 donec
1700 2744 1911 2801 veniret
1939 2760 2029 2801 se-

433 2856 585 2907 men,
609 2841 696 2896 cui
719 2839 1048 2912 promissum
1074 2848 1156 2895 est
1180 2839 1626 2909 etevangelizare
1648 2837 1832 2894 ﬁdem.
1859 2843 2030 2893 Antea

434 2948 591 3001 vero,
621 2934 710 2990 lex
736 2934 965 3005 cogebat
990 2935 1043 2988 in
1082 2933 1214 2999 ﬁde;
1247 2934 1400 3003 quasi
1431 2933 1550 2989 sine
1578 2933 1698 3004 lege
1727 2947 1832 2988 non
1862 2933 2033 3003 possit

439 3027 670 3096 exprimi
698 3024 853 3091 ﬁdes,
885 3026 951 3080 ad
984 3025 1372 3096 exquirendam
1399 3024 1498 3080 Dci
1527 3026 1866 3096 gratiam,eo
1888 3023 2030 3094 quod

438 3127 723 3191 peccatum
770 3120 1028 3174 virtutem
1075 3133 1184 3173 non
1229 3117 1476 3173 haberet.
1527 3118 1657 3171 Data
1702 3131 1833 3171 vero
1880 3114 2028 3185 lege',

2128 1931 2187 1981 ιι,
2221 1914 2335 1989 17),
2364 1916 2417 1970 id
2448 1924 2550 1984 est,
2584 1916 2962 1984 peccatoribus
3007 1914 3172 1970 Israel
3205 1924 3260 1970 et
3284 1912 3559 1984 gentibus.
3590 1911 3731 1968 Justi

2128 2010 2273 2064 enim
2311 2008 2476 2062 lsrael
2526 2023 2595 2063 ex
2644 2005 2781 2074 ﬁde,
2814 2007 2866 2062 in
2897 2007 3146 2062 eamdem
3176 2005 3336 2061 ﬁdem
3369 2004 3547 2060 vocati
3579 2012 3728 2058 sunt.

2128 2100 2275 2156 idem
2309 2114 2545 2170 namque
2587 2098 2813 2171 spiritus
2838 2140 2852 2165 ,
2885 2098 3078 2154 eadem
3130 2097 3292 2164 ﬁdes,
3320 2096 3511 2153 eadem
3560 2095 3734 2166 gratia

2129 2207 2228 2263 per
2270 2191 2550 2246 Christum
2598 2206 2821 2262 semper
2847 2191 2971 2245 data
3002 2199 3107 2246 est.
3140 2190 3384 2256 Quorum
3433 2187 3734 2259 plenitudi-

2131 2303 2255 2343 nem
2306 2289 2564 2352 veniens,
2596 2296 2813 2343 remoto
2861 2288 2998 2358 legis
3044 2286 3358 2354 velamine,
3399 2285 3547 2340 omni
3586 2283 3734 2356 genti

2130 2382 2358 2453 largitus
2398 2392 2502 2448 est,
2529 2397 2649 2453 quae
2694 2381 2880 2447 modo,
2908 2396 3014 2435 non
3051 2396 3253 2452 genere
3281 2395 3311 2434 a
3339 2378 3536 2434 futuris
3573 2376 3737 2433 αισθ-

2132 2475 2347 2530 rebant.
2393 2473 2567 2529 Aliter
2594 2472 2737 2528 enim
2772 2488 3061 2542 numquam
3107 2472 3206 2527 fuit
3249 2486 3440 2528 semen
3472 2469 3731 2525 Abrabm.

2129 2565 2286 2633 Quod
2309 2566 2357 2621 si
2380 2567 2662 2637 quisquam
2688 2573 2888 2636 prtlftel'
2910 2565 3071 2619 ﬁdem
3085 2564 3417 2635 justiﬁeatus
3434 2571 3521 2619 est
3544 2581 3557 2616 :
3583 2562 3731 2617 ﬁlius

2132 2661 2368 2717 Ahrahm
2415 2676 2521 2717 non
2569 2660 2689 2714 fuit.
2719 2658 2987 2727 Quoniam
3033 2656 3177 2712 ﬁlius
3221 2656 3456 2713 Abraha:
3485 2654 3593 2710 dici
3624 2668 3734 2709 non

2132 2763 2333 2825 potest,
2360 2754 2404 2808 si
2451 2769 2517 2808 ex
2546 2753 2691 2823 lege,
2724 2760 2781 2806 et
2826 2767 2932 2807 non
2987 2751 3128 2805 sicut
3172 2748 3446 2804 Abraham
3469 2789 3485 2813 ,
3513 2763 3578 2802 ex
3628 2746 3737 2803 ﬁde

2127 2847 2462 2919 justiﬁeatus
2491 2856 2595 2902 est.
2642 2846 2724 2901 Ab
2768 2844 2958 2901 eadem
2992 2857 3228 2912 namque
3265 2841 3502 2912 imagine
3547 2840 3739 2911 gratia:

2134 2948 2189 2995 et
2219 2939 2472 3009 spiritus,
2508 2937 2558 2990 in
2603 2935 2853 2991 eamdem
2901 2935 3169 2988 transisse
3214 2932 3549 2998 Ecclesium,
3580 2931 3746 2987 docet

2136 3032 2458 3102 Apostolus,
2485 3029 2677 3084 dicens
2703 3044 2719 3082 :
2745 3026 2861 3082 Nos
2890 3036 3063 3082 autem
3112 3042 3319 3091 omnes,
3350 3025 3575 3078 revelata
3607 3024 3743 3096 facie

2136 3124 2354 3196 gloriam
2379 3123 2479 3176 Dei
2507 3120 2848 3194 speculantes,
2876 3121 2928 3173 in
2951 3118 3184 3173 eamdem
3208 3118 3488 3188 imaginem
3509 3132 3746 3170 commu-

438 3211 722 3284 passioues
748 3227 869 3282 qute
899 3227 996 3281 per
1022 3211 1197 3282 legem
1221 3219 1373 3276 sunt,
1394 3211 1763 3280 aperahantur
1788 3211 1840 3263 in
1866 3225 2034 3264 mem-

2142 3229 2332 3281 tamur,
2363 3234 2394 3270 a
2418 3214 2658 3270 claritate
2684 3213 2738 3267 in
2768 3212 3056 3266 claritatem
3088 3209 3154 3282 (ll
3182 3211 3301 3263 Cor.
3338 3223 3416 3272 ιιι,
3456 3206 3566 3278 18).
3604 3206 3744 3262 Dicit

439 3306 555 3361 bris
588 3304 808 3370 nostris,
839 3310 1099 3375 urgentes
1127 3304 1179 3358 in
1209 3313 1493 3373 peccatum
1515 3346 1530 3369 ,
1562 3315 1615 3355 ιιι
1664 3302 1744 3357 vel
1790 3301 2036 3356 necessi-

440 3410 587 3466 tate,
622 3408 949 3469 urgcreutur
995 3397 1048 3451 in
1102 3396 1242 3463 ﬁde,
1276 3413 1396 3468 qua:
1442 3396 1757 3466 imploraret
1807 3394 2036 3464 gratiam

441 3494 541 3549 Dei
569 3495 624 3549 in
654 3492 862 3547 auxilio
894 3490 1221 3547 tolerantiae.
1274 3488 1586 3545 Custodiam
1618 3485 1858 3542 carceris
1894 3485 2040 3556 passi

440 3600 656 3649 sumus,
706 3584 826 3655 lege
871 3584 1116 3638 minante
1158 3591 1423 3645 mortem,
1478 3590 1532 3635 et
1579 3579 2037 3650 undiqueversum

442 3678 800 3748 insuperabili
847 3692 1004 3731 muro
1047 3674 1382 3730 ambientem
1409 3716 1426 3742 ,
1459 3675 1613 3743 cujus
1643 3672 1882 3728 ambitus
1925 3673 2040 3728 sola

443 3787 550 3827 una
579 3771 747 3839 janua
771 3769 870 3823 fuit
894 3769 1095 3840 gratia.
1129 3767 1264 3822 lluic
1294 3767 1472 3835 ianua:
1501 3778 1710 3832 custos,
1740 3764 1877 3820 ﬁdes
1906 3779 2045 3835 prte-

445 3862 662 3919 sidcbat
684 3877 702 3917 :
726 3870 786 3916 ut
812 3875 975 3916 nemo
1010 3859 1160 3915 illum
1203 3873 1482 3915 carcerem
1512 3857 1793 3928 effugeret,
1828 3857 1929 3912 nisi
1957 3855 2045 3912 cui

448 3955 588 4012 ﬁdes
612 3956 957 4027 aperuisset;
991 3961 1047 4008 et
1083 3953 1172 4023 qui
1204 3951 1342 4006 hanc
1380 3951 1598 4021 jauuam
1630 3967 1734 4005 non
1763 3950 2042 4021 pulsaret,

449 4048 591 4103 intra
619 4055 770 4118 septa
794 4046 928 4115 legis
948 4052 1282 4101 moreretur.
1303 4043 1499 4113 Legem
1526 4042 1874 4113 pzcdagogum
1901 4043 2043 4111 passi

448 4158 673 4207 sumus,
704 4142 794 4210 qui
824 4154 925 4195 nos
952 4147 1172 4210 cogeret
1198 4136 1422 4194 studere
1452 4135 1611 4201 ﬁdei,
1637 4134 1729 4205 qui
1759 4150 1858 4190 nos
1884 4150 2046 4205 coge-

449 4236 619 4292 retin
644 4236 887 4291 Christo.
922 4233 1063 4289 Dicit
1091 4231 1238 4288 enim
1284 4230 1598 4301 Apostolus,
1633 4237 1921 4299 propterea
1952 4226 2048 4282 da-

454 4338 568 4383 tam
592 4327 790 4396 legem,
814 4337 872 4380 ut
891 4340 992 4381 nos
1011 4323 1257 4378 custodia
1279 4338 1375 4378 sua
1404 4319 1757 4376 concluderet
1785 4320 1836 4372 in
1863 4317 2044 4382 tidem,

449 4428 725 4495 quantum
764 4418 1010 4475 futurum
1059 4426 1180 4474 erat
1228 4415 1458 4491 revelari
1487 4413 1540 4468 in
1569 4410 1815 4476 Christo,
1847 4410 1938 4480 qui
1966 4418 2049 4464 est

453 4515 579 4570 ﬁnis
622 4513 793 4584 legis,
826 4525 935 4583 quo
980 4512 1237 4564 vixerunt
1267 4521 1481 4570 omnes,
1509 4505 1602 4576 qui
1652 4503 1811 4558 ﬁdem
1858 4500 2050 4573 gratia:

2141 3320 2199 3365 et
2224 3318 2349 3364 ante
2396 3307 2707 3378 passionem
2752 3302 2969 3358 Domini
3012 3303 3241 3372 gloriam
3275 3299 3467 3366 fuisse,
3497 3308 3551 3353 et
3584 3307 3749 3369 negat

2142 3418 2212 3460 ex
2247 3402 2365 3472 lege
2404 3398 2644 3463 excludi,
2675 3395 2728 3451 id
2759 3404 2866 3463 est,
2895 3391 3151 3465 exprimi,
3182 3391 3433 3462 produci,
3472 3388 3618 3445 efﬁci
3649 3404 3748 3458 po-

2144 3494 2334 3549 tuisse.
2384 3490 2576 3553 Unde,
2611 3486 2959 3543 manil‘estum
2999 3493 3103 3550 est,
3155 3498 3221 3538 ex
3273 3481 3378 3535 ﬁde
3409 3480 3598 3536 fuisse.
3650 3477 3754 3534 Ubi

2144 3602 2286 3658 ergo,
2316 3583 2514 3655 inquit,
2538 3579 2817 3653 gloriatio?
2847 3577 3077 3632 Exclusa
3103 3584 3193 3629 est.
3233 3572 3339 3626 Per
3364 3588 3522 3641 quam
3546 3570 3750 3640 legem?

2148 3679 2216 3734 Et
2244 3675 2494 3746 numquid
2525 3672 2783 3747 operum?
2813 3668 2971 3733 Non;
2998 3672 3088 3723 sed
3113 3683 3206 3736 per
3231 3664 3394 3735 legem
3420 3662 3545 3733 ﬁdei
3567 3660 3750 3733 (Rom.

2149 3788 2243 3839 ιιι,
2293 3771 2399 3835 27,
2443 3770 2561 3839 28).
2619 3766 2760 3834 Quid
2806 3765 2938 3818 enim
2987 3761 3263 3833 Scriptura
3311 3757 3483 3811 dicit?
3521 3755 3753 3809 Credidit

2152 3864 2412 3918 Abraham
2444 3861 2569 3926 Deo,
2601 3870 2648 3914 et
2675 3864 2968 3928 reputatum
2994 3862 3071 3908 est
3099 3852 3146 3904 ei
3183 3851 3241 3903 in
3286 3848 3538 3919 iustitiam
3561 3844 3580 3918 (
3602 3844 3750 3901 Rom.

2151 3975 2224 4025 tv,
2260 3958 2333 4030 5).
2384 3955 2464 4011 Ad
2493 3951 2724 4025 gloriam
2776 3965 2849 4005 ex
2894 3946 3084 4003 eadem
3134 3943 3307 4014 gloria
3359 3939 3752 3995 transivimus:

2151 4066 2275 4123 qua:
2324 4065 2431 4105 non
2477 4046 2579 4102 luit
2622 4060 2690 4101 ex
2738 4044 2881 4110 lege.
2909 4041 2964 4094 Si
3015 4054 3084 4092 ex
3132 4035 3390 4107 operibus
3419 4032 3541 4097 luit,
3591 4030 3759 4086 habet

2152 4122 2405 4214 gloriam,
2436 4138 2531 4194 sed
2565 4151 2671 4192 non
2703 4133 2768 4188 ad
2799 4133 2992 4187 Deum.
3030 4126 3245 4183 Etenim
3278 4122 3622 4194 impossibile
3648 4130 3758 4183 est.

2151 4213 2273 4300 sine
2312 4232 2485 4304 gratia
2535 4225 2884 4293 Dei,habere
2924 4221 3159 4288 aliquam
3206 4216 3457 4288 gloriam.
3506 4213 3624 4270 Una
3673 4221 3760 4267 est

2152 4328 2297 4382 enim
2325 4322 2522 4394 gloria,
2550 4329 2606 4375 et
2629 4334 2736 4372 uno
2778 4329 2979 4385 genere
3009 4325 3230 4380 semper
3260 4308 3382 4362 fuit.
3412 4305 3585 4361 Nemo
3613 4304 3758 4359 enim

2153 4418 2305 4481 vicit,
2336 4414 2438 4469 nisi
2483 4412 2570 4467 cui
2605 4411 2747 4464 Deus
2782 4405 2974 4461 vicerit
3000 4444 3016 4465 ,
3042 4402 3189 4472 quod
3221 4415 3331 4454 non
3364 4408 3448 4453 est
3486 4411 3554 4452 ex
3596 4396 3756 4467 lege:

2155 4508 2248 4565 sed
2280 4507 2369 4578 qui
2401 4504 2611 4560 fecerit.
2645 4501 2700 4556 In
2732 4497 2890 4554 ﬁdem
2920 4508 3127 4560 autem,
3157 4494 3304 4548 Deus
3335 4491 3612 4546 inﬁrmum
3639 4487 3766 4544 facit

457 4607 553 4662 Dei
583 4582 984 4677 exquisierunt.
1015 4601 1175 4657 Prius
1197 4642 1211 4666 ,
1237 4600 1433 4671 inquit,
1464 4614 1622 4669 quam
1662 4597 1853 4650 veniret
1881 4593 2010 4663 ﬁdes

2159 4600 2531 4659 adversarium
2574 4604 2841 4651 nostrum.
2888 4592 3189 4659 Pr0ptcrea
3211 4629 3227 4654 ,
3265 4587 3355 4658 qui
3385 4584 3678 4659 gloriatur,
3707 4582 3761 4636 iu

456 4699 562 4757 Sub
606 4700 728 4770 lege
775 4694 1251 4754 custodiebamur.
1281 4690 1523 4748 conclusi
1565 4690 1619 4744 in
1672 4689 1853 4751 ﬁdem,
1887 4699 2051 4754 quam

458 4790 697 4847 futurum
726 4800 847 4845 erat
876 4787 1135 4844 revelari.
1164 4783 1276 4840 Leo:
1312 4786 1487 4853 itaque
1528 4780 1844 4852 pardagogus
1882 4787 2057 4830 noster

461 4887 557 4957 fuit
581 4887 635 4939 in
667 4882 875 4939 Christo
915 4879 1059 4953 (Gal.
1090 4894 1170 4945 ιιι,
1196 4878 1291 4947 ιιι)
1316 4894 1331 4929 :
1359 4885 1417 4930 ιιι
1446 4889 1514 4929 ex
1543 4873 1649 4928 ﬁde
1668 4869 2054 4941 justiﬁcemur.

462 4980 599 5046 Lex,
632 4979 851 5048 inquam
874 5018 889 5041 ,
918 4984 945 5011 ι
969 4975 1100 5044 ﬁdes
1129 4980 1247 5027 erat
1275 4964 1725 5025 demonstratrix.
1775 4961 1881 5019 Sed
1913 4960 2058 5015 dicet

460 5070 587 5141 quis
615 5088 629 5124 :
655 5072 702 5125 si
734 5071 785 5124 in
828 5067 1059 5122 utilitate
1090 5064 1215 5120 ﬁdei
1247 5062 1371 5117 data
1403 5069 1488 5116 est
1524 5059 1610 5113 lex
1638 5098 1653 5124 ,
1697 5071 1796 5111 cur
1840 5069 1945 5109 nou
1989 5052 2056 5107 ab

463 5164 679 5234 origine
725 5159 950 5216 seminis
998 5156 1270 5222 Abrahae,
1300 5150 1569 5224 siquidem
1612 5149 1740 5220 juge
1782 5146 1918 5201 fuit?
1946 5144 2056 5199 Re-

466 5273 593 5314 vera
619 5300 634 5323 ,
682 5256 810 5327 juge
856 5253 981 5308 luit.
1030 5250 1181 5323 Jugis
1221 5258 1279 5305 et
1312 5247 1485 5310 ﬁdes,
1547 5253 1605 5299 ut
1635 5240 1878 5311 genitrix
1921 5238 2061 5293 ﬁlio-

468 5371 589 5411 rum
644 5351 899 5408 Abrahae.
974 5346 1128 5417 Jugis
1182 5353 1238 5399 et
1292 5342 1413 5405 lex,
1476 5353 1571 5409 per
1627 5330 2061 5407 dignoscentiam

468 5448 596 5505 boni
653 5455 707 5501 et
769 5442 922 5499 mali.
985 5438 1096 5496 Sed
1158 5446 1279 5508 post
1336 5431 1760 5505 promissionem
1827 5427 2062 5481 ﬁliorum

468 5542 726 5607 Ahralue,
754 5534 1132 5608 multiplicatis
1161 5534 1241 5589 eis
1267 5527 1570 5589 secundum
1601 5540 1849 5592 carnem,
1880 5522 2065 5578 multi-

467 5632 783 5708 plicandum
809 5638 932 5688 erat
954 5637 1011 5685 et
1036 5641 1224 5686 semen
1272 5622 1504 5680 Abrahae
1530 5661 1545 5687 ,
1575 5617 1719 5691 quod
1749 5632 1856 5673 non
1883 5625 1969 5673 est
1995 5629 2065 5672 ex

548 5825 574 5856 ιι
604 5812 781 5873 Fidei.

2160 4694 2381 4748 Douaino
2411 4690 2661 4764 glorietur
2689 4686 2735 4756 (1
2765 4683 2885 4740 Cor.
2920 4699 2959 4749 ι,
2987 4681 3101 4754 51).
3135 4680 3190 4735 Si
3236 4680 3382 4735 enim
3415 4675 3562 4748 quod
3589 4674 3767 4729 vinei-

2161 4802 2305 4850 mus,
2338 4793 2583 4839 nostrum
2612 4795 2720 4835 non
2749 4784 2835 4833 est
2859 4793 2872 4831 :
2900 4791 3007 4830 non
3037 4782 3119 4830 est
3149 4789 3213 4827 ex
3242 4770 3502 4842 eperibus
3521 4810 3536 4834 ,
3563 4765 3661 4823 sed
3694 4783 3762 4822 cx

2160 4877 2286 4932 ﬁde.
2311 4874 2465 4932 Nihil
2496 4880 2582 4928 est
2620 4870 2788 4941 igitur
2815 4866 2960 4937 quod
2982 4881 3050 4920 ex
3086 4864 3243 4918 nobis
3266 4861 3584 4932 gloriemur.
3618 4856 3765 4912 Nihil

2160 4972 2304 5027 enim
2338 4968 2637 5028 habemus,
2673 4962 2817 5033 quod
2847 4976 2957 5015 non
3001 4957 3333 5027 accepimus.
3367 4953 3423 5010 Si
3455 4966 3669 5017 sumus,
3697 4967 3764 5006 ex

2163 5061 2278 5117 Deo
2322 5072 2514 5114 sumus
2554 5073 2569 5110 :
2610 5063 2669 5108 ut
2700 5050 3017 5122 magnitudo
3042 5048 3260 5103 virtutis
3305 5044 3376 5100 sit
3408 5045 3525 5112 Dei,
3566 5052 3623 5099 et
3653 5057 3761 5097 non

2165 5167 2232 5208 ex
2258 5150 2435 5206 nobis.
2460 5150 2632 5204 Omne
2657 5160 2796 5215 Opus
2818 5155 3094 5206 nostrum,
3119 5138 3258 5194 ﬁdes
3281 5145 3385 5192 est.
3410 5135 3542 5204 Qua:
3562 5141 3762 5205 quanta

2165 5244 2351 5309 fuerit,
2384 5250 2590 5298 tantum
2639 5239 2780 5294 Deus
2823 5242 3081 5306 operatur
3108 5232 3162 5288 in
3193 5231 3370 5287 nobis.
3409 5229 3542 5284 Cum
3576 5229 3629 5282 in
3661 5225 3764 5279 hoc

2168 5339 2430 5411 gloriatur
2477 5334 2737 5390 Salomon
2793 5329 2961 5384 fuisse
3009 5341 3118 5381 non
3160 5340 3226 5380 ex
3275 5320 3531 5383 homine;
3562 5316 3660 5374 sed
3693 5331 3763 5371 ex

2171 5409 2268 5486 Dei
2316 5427 2463 5484 dono
2510 5440 2632 5481 esse
2676 5422 2912 5478 hominis
2947 5417 3284 5476 continentia
3314 5434 3327 5469 :
3353 5413 3480 5469 Cum
3510 5409 3766 5473 scivi,in-

2175 5523 2316 5594 quit,
2347 5520 2473 5591 quia
2499 5517 2651 5572 aliter
2675 5531 2777 5570 non
2799 5530 3009 5589 possunt
3044 5528 3152 5569 esse
3178 5509 3471 5571 continens,
3501 5503 3607 5558 nisi
3633 5500 3772 5559 Deus

2173 5612 2391 5670 dederit.
2431 5608 2501 5665 Et
2526 5609 2625 5665 hoc
2650 5609 2821 5679 ipsum
2854 5616 2967 5662 crat
3006 5603 3294 5676 sapientia,
3318 5599 3470 5665 scire,
3493 5596 3644 5668 cujus
3675 5595 3775 5650 hoc
