4132 6176
429 322 499 383 97
1820 314 2123 383 nouom}
2158 325 2320 382 arm
3659 322 3730 381 9.3

429 445 621 499 donum
644 456 791 509 esset.
825 447 951 511 Adii
983 448 1289 514 Dominum,
1317 458 1365 503 et
1396 448 1703 518 deprecatus
1729 458 1842 501 sunt
1870 445 2026 518 (Sap.
2058 446 2109 506 A
2134 446 2274 516 quod
2299 444 2503 502 locutus
2539 463 2651 501 sum
2680 444 2749 519 (ll
2778 447 2895 502 (ἔον.
2923 463 2995 513 tv,
3033 448 3145 518 15).
3184 447 3450 503 Eumdem
3480 448 3731 518 spiritum

433 552 550 605 vut,
581 540 700 609 2t).
733 540 952 601 Jodieio
980 542 1292 599 Salomonis
1320 540 1650 597 credendum
1683 548 1795 605 est,
1824 554 1930 595 non
1960 551 2026 594 ex

431 631 713 699 operibus,
745 633 841 687 sed
869 650 935 688 ex
964 636 1141 705 gratia
1193 633 1310 696 Dei,
1342 646 1533 686 omnes
1555 631 1909 701 justilicatos,
1937 631 2026 701 qui

431 720 673 785 scierunt
718 739 857 794 opus
907 725 1043 795 legis
1067 739 1098 779 a
1128 726 1236 780 Deo
1265 724 1599 792 implendum
1628 765 1643 790 ,
1671 738 1778 793 quo
1820 723 2029 792 possint

429 814 671 884 gloriari.
707 817 848 877 Dicit
889 828 1073 875 autem
1110 817 1406 887 Apostolus
1430 834 1443 871 :
1471 815 1541 872 Ut
1565 817 1732 873 omnis
1773 830 1894 871 caro
1925 831 2028 871 non

429 905 682 980 glorietur
710 910 767 969 in
795 921 1067 980 conspectu
1100 910 1197 965 Dei
1226 910 1269 981 (Ι
1311 907 1430 964 Cor.
1465 924 1505 975 ι,
1546 908 1662 979 29).
1696 908 1821 963 Mali
1852 908 2030 964 omni-

430 1000 617 1067 modﬂ.
665 1003 811 1073 quod
861 1004 1030 1059 Deum
1079 1020 1188 1059 non
1240 1013 1620 1074 cognoverunt
1658 1002 1851 1072 :justl,
1886 1001 2029 1073 quod

431 1105 539 1149 non
568 1107 748 1161 suum,
780 1093 876 1151 sed
905 1093 1005 1149 Dei
1034 1095 1143 1149 sint
1170 1109 1332 1163 opus.
1360 1093 1604 1160 Inutilis,
1636 1095 1833 1164 inquit,
1865 1102 1913 1149 et
1933 1093 2028 1148 ab-

430 1184 564 1247 iecta
611 1184 763 1259 elegit
808 1184 975 1255 Deus,
1003 1203 1120 1257 qua:
1165 1204 1269 1242 non
1313 1197 1435 1242 sunt
1464 1203 1484 1242 :
1509 1198 1565 1240 ut
1594 1203 1686 1253 ea,
1726 1200 1844 1256 qua
1867 1194 1986 1240 sunt
2009 1225 2025 1252 ,

429 1288 798 1335 cvacuureatur
816 1322 830 1346 ,
864 1289 920 1336 ut
944 1297 1048 1338 non
1076 1280 1327 1356 glorietur
1347 1282 1405 1335 in
1433 1289 1709 1350 conspectu
1740 1278 1839 1332 Dei
1864 1279 2028 1333 omnis

429 1385 573 1427 caro.
600 1370 681 1427 Ea:
702 1371 818 1442 ipso
847 1382 1020 1428 autent
1034 1389 1123 1428 vos
1151 1375 1272 1427 estis
1293 1374 1346 1426 in
1369 1371 1573 1427 Christo
1589 1370 1838 1441 Jesu,qui
1862 1374 2029 1442 {hctus

430 1472 504 1516 est
540 1463 682 1519 vobis
723 1464 980 1532 sapientia
1008 1483 1039 1518 α
1066 1462 1207 1530 Deo,
1239 1472 1288 1517 et
1309 1465 1541 1537 jnstitia,
1574 1473 1623 1517 et
1662 1463 2026 1527 sanctimonia,

426 1563 476 1609 et
524 1554 814 1624 redemptio
850 1572 870 1611 :
897 1567 951 1611 ut
991 1555 1273 1615 secundum
1307 1554 1444 1625 quod
1486 1557 1736 1623 scriptum
1776 1563 1853 1608 est
1882 1571 1902 1607 :
1931 1554 2030 1620 Qui

430 1644 711 1717 gloriatur,
738 1648 794 1707 in
836 1646 1056 1703 Domine
1086 1648 1331 1718 glorietur
1356 1645 1522 1718 (Ibid.
1543 1686 1558 1712 ,
1590 1646 1804 1715 28-50).
1836 1646 1904 1700 Et
1930 1645 2031 1700 itc-

431 1754 552 1797 rum
584 1757 597 1793 :
631 1738 812 1797 Gratia
833 1742 959 1797 estis
982 1741 1166 1799 salvari
1196 1757 1285 1811 per
1307 1741 1463 1811 ﬁdem
1485 1782 1501 1807 ,
1529 1749 1577 1793 et
1606 1740 1703 1794 hoc
1735 1757 1837 1794 nou
1857 1756 1922 1795 es:
1943 1754 2031 1793 vo-

2134 536 2256 592 lldei
2284 580 2297 601 ,
2344 538 2484 593 dixit
2528 537 2783 594 habuisse
2833 538 3127 605 eumdem,
3180 542 3271 610 qui
3314 540 3490 595 dixit:
3524 538 3734 595 Credidi

2131 639 2339 701 prapter
2362 629 2499 700 quod
2518 629 2722 684 locutus
2745 648 2857 685 sum
2879 630 3002 702 (Ps.
3019 646 3146 697 cxv,
3166 630 3219 701 1)
3240 650 3253 686 :
3275 642 3325 686 et
3347 631 3399 686 id
3423 632 3731 700 conﬁrmat,

2131 726 2350 781 dicens:
2371 725 2434 780 Et
2448 743 2539 780 nos
2554 726 2809 780 credimus
2825 744 2843 794 ;
2858 726 3072 798 ideoque
3091 735 3139 782 et
3156 726 3436 798 loquimur.
3454 726 3729 783 Dicenda:

2130 812 2201 868 Et
2218 832 2329 880 nos,
2351 818 2661 871 ostenditet
2681 818 2802 873 illos
2826 817 3019 873 eodem
3044 819 3235 889 spiritu
3261 817 3383 873 ﬁdei
3407 819 3731 875 credidisse.

2133 909 2284 965 Unde
2328 910 2672 966 manifestum
2705 920 2789 966 est
2813 954 2826 975 ,
2856 911 2978 982 quia
3029 911 3144 966 lucc
3185 911 3317 981 justi
3352 926 3457 966 non
3490 927 3555 969 ex
3589 912 3731 985 lege,

2130 1003 2226 1059 sed
2275 1005 2465 1075 spiritu
2516 1004 2641 1061 fidei
2691 1019 2908 1074 semper
2958 1004 3288 1059 habuerunt.
3334 1004 3603 1076 Quidquid
3641 1020 3735 1074 per

2134 1097 2421 1151 Dominum
2471 1097 2637 1161 venit,
2665 1095 2948 1167 plenitudo
2979 1104 3096 1162 est,
3131 1096 3285 1165 cujus
3329 1112 3452 1165 pars
3495 1096 3596 1149 luit
3638 1110 3734 1165 per

2130 1185 2404 1241 eumdem.
2431 1187 2586 1243 Sicut
2608 1188 2888 1257 parvulus,
2912 1186 3006 1258 qui
3029 1202 3150 1242 cum
3178 1187 3314 1242 nihil
3338 1187 3516 1241 minus
3538 1187 3735 1245 habeat

2129 1296 2158 1335 a
2186 1283 2327 1346 viro,
2364 1293 2546 1338 tamen
2582 1281 2673 1336 vir
2713 1297 2820 1336 non
2865 1291 2971 1345 est,
3004 1288 3059 1336 et
3096 1296 3194 1351 per
3236 1282 3573 1337 incrementa
3619 1296 3732 1336 non

2132 1389 2419 1439 novorum,
2452 1374 2548 1430 sed
2582 1374 2901 1429 eorumdem
2928 1374 3327 1438 membrorum,
3355 1376 3407 1429 in
3436 1391 3559 1431 eum
3587 1377 3735 1432 venit

2134 1467 2413 1537 plenitudo
2441 1468 2710 1537 corporis,
2739 1477 2795 1522 ut
2823 1468 2893 1522 sit
2925 1466 3220 1536 perfectus,
3252 1467 3395 1524 idem
3429 1477 3608 1527 tamen
3640 1472 3731 1544 qui

2132 1554 2314 1613 fuerat
2342 1557 2620 1628 parvulus.
2652 1558 2860 1614 Revera
2902 1574 3008 1612 non
3040 1568 3159 1612 erat
3188 1558 3240 1613 in
3272 1561 3526 1616 omnibus
3558 1562 3733 1632 Spiri-

2133 1658 2218 1705 tus
2244 1658 2469 1707 sanctus
2493 1660 2618 1707 ante
2660 1652 2973 1722 passionem
3003 1651 3216 1706 Domini
3242 1669 3256 1719 ;
3289 1654 3382 1707 sed
3410 1655 3465 1708 in
3498 1655 3608 1709 illis
3639 1656 3731 1727 qui

2135 1758 2230 1812 per
2257 1743 2430 1812 ipsum
2467 1753 2787 1812 przesentem
2827 1743 3151 1810 credebant,
3180 1752 3238 1799 ut
3270 1746 3388 1816 ipso
3418 1745 3643 1813 victore,
3679 1757 3734 1802 et

431 1832 506 1886 bis
538 1831 757 1903 (Ephes.
793 1848 853 1898 ll,
884 1835 960 1902 8).
991 1833 1082 1889 Dei
1127 1833 1328 1889 donum
1359 1844 1442 1893 est
1462 1874 1478 1899 ,
1510 1849 1616 1888 non
1650 1849 1715 1889 es
1744 1834 2025 1904 operibus,
2060 1834 2107 1894 B
2134 1843 2330 1890 cuncta
2355 1835 2692 1904 perﬁciente,
2726 1834 2925 1906 signati
2954 1834 3367 1906 perficerentur.
3401 1834 3534 1890 Nam
3563 1836 3727 1907 justi,

431 1940 501 1982 ne
529 1926 668 1981 forte
704 1926 826 1996 quis
866 1928 1133 1997 glorietur
1156 1948 1169 1980 ς
1194 1927 1367 1997 ipsius
1407 1926 1549 1982 enim
1581 1941 1769 1981 sumus
1797 1925 2028 1996 ﬁgmen-

432 2025 571 2081 tum,
602 2018 774 2073 creati
806 2018 859 2073 in
886 2018 1132 2073 Christo.
1162 2018 1255 2074 Sic
1288 2019 1433 2073 nulla
1476 2033 1605 2073 caro
1639 2017 1933 2089 aliquando
1960 2033 2027 2073 ex

428 2107 573 2178 lege,
605 2110 657 2164 id
688 2118 774 2166 est
801 2126 872 2166 ex
900 2111 1165 2181 cperihus
1190 2111 1479 2182 justilicari
1520 2121 1722 2183 potest,
1755 2118 1816 2165 ut
1847 2111 2028 2165 omnis

426 2200 611 2270 justus
657 2216 723 2265 es
776 2201 889 2257 Deo
934 2202 1165 2272 gloriam
1217 2203 1462 2258 haberet.
1521 2203 1615 2257 ESI
1661 2202 1837 2266 aliud,
1879 2201 2027 2270 quod

431 2307 592 2349 nemo
637 2293 901 2363 glorietur
944 2295 999 2348 in
1044 2303 1338 2364 conspectu
1371 2294 1469 2349 Dei
1503 2309 1518 2348 :
1560 2293 1706 2348 Deus
1749 2294 1894 2349 enim
1943 2291 2027 2349 sio

429 2386 546 2440 suis
587 2395 878 2456 Operatur,
910 2396 967 2442 ut
997 2389 1073 2443 sit
1116 2389 1258 2459 quod
1305 2396 1362 2444 et
1399 2387 1636 2447 dimittat
1681 2404 1694 2440 :
1739 2387 1909 2441 Nemo
1952 2394 2027 2441 est

428 2478 564 2535 enim
590 2477 816 2535 mundus
840 2496 873 2533 α
900 2480 1070 2545 sorde,
1097 2497 1189 2535 nec
1231 2481 1277 2536 si
1317 2481 1473 2535 unius
1518 2479 1625 2534 diei
1662 2480 1727 2533 sit
1775 2482 1876 2534 vita
1912 2482 2026 2552 eius

429 2563 576 2635 (Job.
624 2583 731 2634 xxv,
765 2568 847 2640 4).
880 2567 951 2624 Et
985 2569 1150 2625 David
1193 2570 1324 2625 dicit
1355 2588 1368 2624 :
1402 2568 1523 2624 Non
1550 2571 1776 2629 introeas
1803 2570 1857 2624 in
1874 2568 2029 2642 judi-

424 2658 563 2714 cium
611 2675 726 2714 cum
771 2676 915 2721 servo
957 2670 1085 2726 tuo,
1133 2663 1379 2733 quoniam
1422 2677 1524 2716 non
1553 2662 1932 2735 justi/imbitur
1969 2662 2026 2715 in

425 2763 703 2823 conspectu
727 2765 814 2809 tuo
834 2756 997 2813 omnis
1024 2757 1193 2811 virens
1218 2755 1337 2828 (Ps.
1370 2772 1533 2822 chn,
1563 2756 1645 2828 ε).
1679 2757 1743 2811 ls‘t
1766 2756 2023 2812 Salomon

424 2845 483 2901 in
511 2844 858 2907 dedicatione
883 2850 1071 2918 templi
1096 2867 1109 2903 :
1138 2848 1263 2904 Non
1290 2860 1389 2917 est,
1420 2849 1613 2920 inquit,
1643 2851 1795 2904 homo
1813 2851 1901 2921 qui
1920 2867 2026 2907 non

424 2939 651 3007 peccavit
682 2938 772 3009 (ill
804 2938 937 3013 Reg.
977 2956 1093 3007 vnt,
1118 2940 1238 3013 46).
1269 2942 1334 2997 Et
1364 2943 1562 2998 iterum
1590 2961 1602 2997 :
1630 2941 1744 2999 Tibi
1770 2942 1870 2997 soli
1890 2942 2027 3005 deli-

425 3030 516 3101 qui
547 3029 664 3102 (Ps.
696 3048 752 3096 ι..
784 3032 865 3101 6).
894 3033 1028 3101 Quis
1064 3035 1215 3092 enim
1245 3034 1570 3105 gloriabitur
1597 3045 1804 3091 castum
1837 3052 1900 3092 se
1929 3037 2026 3093 ha-

427 3122 560 3178 bere
606 3123 739 3179 cor?
787 3124 897 3181 Aut
940 3126 1062 3193 quis
1108 3125 1471 3195 gloriabitur,
1518 3128 1781 3182 mundum
1824 3143 1949 3184 esse
1992 3144 2023 3193 a

2132 1944 2271 1999 quos
2303 1928 2389 1983 hic
2434 1929 2684 1995 invenit,
2730 1928 3041 1984 habuerunt
3066 1927 3334 1999 Spiritum
3366 1936 3647 1995 sanctum,
3673 1936 3733 1986 ut

2131 2021 2354 2076 Simeon
2386 2031 2438 2076 et
2467 2019 2788 2087 Natbanael,
2818 2032 2873 2076 et
2900 2019 3228 2086 Zacharias,
3260 2030 3313 2075 et
3343 2019 3646 2087 Elisabeth,
3680 2028 3734 2076 et

2133 2117 2284 2170 Anna
2316 2114 2477 2170 vidua
2508 2110 2616 2169 illia
2644 2112 2909 2168 Phanuel.
2942 2112 3242 2167 Promissio
3271 2129 3297 2164 ει
3332 2111 3452 2182 lege
3482 2120 3732 2183 separata

2130 2217 2245 2272 est;
2282 2221 2455 2277 neque
2494 2221 2616 2260 cum
2665 2206 2735 2259 sit
2776 2205 2990 2260 diversa
3012 2242 3028 2271 ,
3061 2202 3354 2257 immisceri
3388 2210 3584 2272 potest.
3614 2202 3729 2258 Non

2129 2299 2373 2354 conditio
2396 2299 2632 2353 iulirmat
2664 2297 3117 2368 promissionem;
3149 2295 3398 2366 cogimur
3423 2306 3600 2351 autem
3630 2310 3730 2351 nos

2130 2394 2273 2464 loqui
2303 2409 2389 2457 ea,
2419 2408 2540 2463 qua:
2587 2392 2705 2447 sine
2759 2393 2883 2463 igne
2927 2390 3134 2445 doloris
3175 2390 3365 2445 audire
3402 2405 3509 2444 non
3541 2404 3730 2459 pussu-

2129 2500 2271 2542 mus.
2303 2486 2500 2542 Dicunt
2528 2486 2671 2540 enim
2700 2482 2943 2555 quidam,
2978 2484 3067 2554 qui
3107 2484 3528 2552 promissionum
3556 2483 3728 2539 ﬁrmi-

2131 2589 2318 2643 tatem,
2344 2590 2397 2633 et
2417 2593 2538 2649 quac
2561 2594 2628 2632 ex
2658 2578 2771 2647 lege
2796 2586 2899 2641 est,
2919 2575 3412 2647 transgressionem
3437 2577 3719 2632 nesciunt:

2129 2670 2444 2740 promisisse
2465 2667 2684 2738 quidem
2712 2668 2878 2722 Deum
2904 2667 3156 2733 Abrahae,
3181 2682 3372 2722 omnes
3396 2675 3585 2736 gentes
3606 2667 3721 2738 (sed

2129 2762 2280 2816 salvo
2312 2761 2485 2815 libero
2530 2758 2801 2829 arbitrio),
2840 2758 2884 2813 si
2918 2758 3094 2827 legem
3138 2758 3527 2813 custodissent.
3563 2759 3632 2814 Et
3674 2759 3721 2816 si

2130 2852 2368 2922 pericula
2409 2849 2697 2921 imperitia:
2725 2850 3083 2921 quorumdam
3107 2848 3377 2919 juswrutn
3418 2851 3594 2906 salute
3625 2868 3721 2921 pa-

2132 2944 2367 2999 tefacere
2385 2941 2635 3013 prodest;
2659 2940 2755 2996 sed
2775 2956 2896 2996 cum
2921 2942 2986 2995 de
3007 2941 3119 2995 Deo
3142 2943 3518 3010 omnipotente
3538 2957 3721 2998 sermo
3811 3004 3814 3008 Α

2129 3044 2232 3103 est,
2254 3037 2522 3091 moderari
2550 3034 2775 3090 dicenda
2798 3033 3078 3098 debemus,
3106 3048 3171 3087 ne
3194 3032 3399 3088 silenda
3424 3032 3722 3105 reputando

2131 3146 2518 3195 memoremus,
2551 3140 2606 3185 et
2638 3147 2704 3184 ex
2733 3144 2828 3184 ore
2854 3139 3076 3195 nostro,
3112 3127 3291 3182 aliena
3324 3126 3468 3193 licet,
3498 3128 3728 3183 audian-

428 3217 689 3284 peccato?
719 3217 916 3274 Parum
966 3218 1066 3273 l’uit
1100 3218 1168 3274 de
1209 3220 1375 3274 corde
1405 3229 1580 3287 casto,
1612 3220 1665 3276 id
1692 3230 1794 3286 est,
1819 3237 1848 3276 a
1874 3224 2023 3293 oogi-
2048 3223 2091 3284 C
2127 3233 2234 3278 tur.
2258 3222 2437 3290 Quare
2466 3238 2587 3277 cum
2613 3233 2850 3277 tremore
2877 3221 3186 3289 loquentes,
3226 3235 3322 3274 sua
3351 3221 3548 3290 cuique
3578 3221 3725 3290 peri-

426 3310 747 3379 tationibus,
780 3312 887 3367 nisi
915 3323 969 3368 et
998 3327 1030 3366 a
1064 3322 1290 3383 peccato
1332 3328 1394 3370 se
1432 3314 1691 3370 mundum
1720 3330 1881 3374 nemo
1910 3316 2025 3388 glo—

427 3403 682 3460 riaretur.
729 3404 921 3461 Omnis
961 3406 1188 3463 victoria
1238 3423 1346 3463 non
1390 3423 1456 3465 ex
1496 3406 1773 3480 operibus,
1802 3410 1896 3466 sed
1928 3409 2026 3464 Del

430 3498 785 3555 miseratione
824 3500 1180 3568 conceditur,
1218 3503 1357 3557 sicut
1403 3502 1666 3573 scriptum
1696 3510 1823 3558 est:
1851 3503 1953 3571 Qui
1979 3512 2026 3557 te

426 3599 638 3644 coronat
660 3590 713 3642 in
744 3591 1071 3646 miseratione
1097 3603 1141 3647 et
1169 3594 1522 3647 misericordia
1554 3590 1673 3664 (Ps.
1704 3608 1811 3661 etv,
1841 3594 1923 3665 4).
1959 3596 2028 3651 Et

430 3688 604 3736 mater
634 3694 936 3756 martyrum
984 3687 1097 3741 lilio
1128 3702 1229 3741 suo
1255 3687 1337 3741 sic
1361 3686 1496 3742 dicit
1526 3705 1539 3741 :
1573 3686 1642 3743 Ut
1682 3687 1778 3742 illa
1812 3692 2028 3745 misera-

428 3773 565 3828 tione
591 3790 708 3828 cum
748 3776 998 3845 fratribus
1041 3778 1144 3832 tuis
1183 3789 1231 3833 te
1267 3779 1515 3849 recipiam
1544 3780 1615 3852 (ll
1656 3778 1898 3836 Machalt.
1931 3796 2024 3849 vlt,

426 3863 542 3936 29).
569 3865 709 3922 Justi
748 3879 933 3924 autem
980 3870 1333 3940 perfecerunt
1375 3875 1712 3927 voluntatem
1763 3874 1857 3928 Dei
1901 3883 2028 3929 voto

431 3968 596 4030 atque
622 3971 845 4029 conatu,
875 3965 965 4033 qui
996 3965 1245 4020 nituntur
1270 3974 1323 4021 et
1358 3966 1752 4036 concupiscunt
1782 3967 1892 4023 Deo
1914 3982 2032 4023 ser-

433 4054 569 4116 vire,
603 4069 710 4107 non
746 4062 927 4110 tamen
953 4056 1006 4110 in
1039 4056 1174 4127 lege.
1208 4057 1340 4124 Quae
1368 4059 1413 4113 si
1438 4058 1815 4127 justiiioasset,
1839 4073 2031 4116 omnes

424 4142 559 4211 justi
607 4145 768 4199 unius
818 4157 1002 4202 essent
1049 4150 1261 4215 meriti,
1294 4148 1419 4220 quia
1466 4165 1649 4220 parem
1677 4150 1746 4205 de
1771 4150 2029 4209 omnibus

432 4236 601 4307 exigit
644 4236 1080 4315 observationem
1110 4257 1123 4292 :
1153 4241 1238 4295 sin
1270 4241 1473 4309 niinus,
1505 4250 1826 4312 operaretur
1856 4242 2028 4299 male-

434 4328 606 4384 dictio
635 4345 649 4384 :
676 4332 722 4386 si
770 4340 951 4387 autem
1015 4333 1258 4402 disparis
1303 4344 1423 4390 erat
1469 4335 1673 4402 meriti,
1705 4335 1828 4404 quis
1857 4350 2032 4406 quan-

434 4431 547 4477 tum
579 4425 814 4480 credidit
836 4426 940 4481 sibi
967 4426 1107 4493 dari,
1135 4437 1338 4482 tantum
1370 4428 1564 4498 gratias
1592 4429 1687 4483 Del
1715 4429 2031 4484 miserantis

436 4516 649 4585 accepit
675 4555 689 4581 ,
736 4517 1152 4572 transformatus
1185 4535 1211 4570 a
1241 4520 1411 4588 gloria
1442 4517 1496 4574 in
1526 4521 1751 4589 gloriam
1778 4559 1795 4587 ,
1833 4521 1976 4576 sicut
2001 4536 2031 4576 a

2127 3315 2249 3370 cnla
2306 3314 2698 3371 consideranda
2759 3315 3158 3385 relinquamus.
3211 3313 3551 3369 Manifestum
3605 3323 3724 3380 est,

2128 3407 2413 3481 prarscisse
2461 3408 2666 3475 Deum,
2718 3409 2929 3462 futuros
2975 3407 3043 3462 de
3093 3408 3268 3462 libero
3315 3407 3560 3472 arbitrio,
3590 3421 3727 3477 quos

2130 3497 2361 3554 Abrahae
2391 3497 2664 3569 promisit,
2694 3508 2789 3551 aut
2816 3513 2922 3552 non
2952 3497 3184 3552 l‘uturr-s.
3216 3497 3457 3552 Alterum
3482 3506 3566 3553 est
3595 3498 3729 3553 duo-

2128 3608 2248 3649 rum
2277 3592 2358 3651 :si
2393 3591 2605 3647 futuros
2627 3634 2641 3658 ,
2670 3592 2817 3646 linita
2860 3591 3089 3662 qtncstio
3118 3600 3231 3655 est;
3264 3591 3309 3644 si
3339 3606 3445 3644 non
3497 3590 3725 3657 futuros,

2131 3684 2356 3741 llfidelia
2382 3684 2532 3740 Deus
2575 3699 2680 3738 non
2722 3684 3087 3754 promitteret.
3132 3683 3238 3736 Aut
3269 3682 3312 3736 si
3349 3685 3450 3736 hoc
3486 3693 3572 3737 est
3610 3692 3726 3738 sta-

2132 3784 2303 3831 tutum
2326 3776 2471 3845 apud
2504 3775 2701 3841 Deum,
2734 3784 2860 3830 tunc
2889 3774 3189 3844 promissos
3211 3774 3364 3839 dare,
3397 3775 3441 3830 si
3475 3772 3730 3844 promissi

2129 3869 2372 3924 vellent:
2400 3869 2642 3938 proiecto
2670 3867 2903 3934 diceret,
2931 3882 2997 3921 ne
3025 3881 3219 3920 servus
3248 3864 3366 3936 ejus
3388 3880 3453 3921 ac
3472 3866 3726 3935 credens,

2130 3962 2279 4032 quia,
2313 3961 2456 4032 quod
2484 3960 2769 4031 promisit,
2819 3972 3008 4030 polcns
3036 3969 3121 4013 est
3154 3968 3209 4012 et
3238 3957 3422 4013 facere
3445 4000 3460 4023 ,
3497 3957 3730 4013 ludiﬁca-

2131 4064 2283 4108 retur
2311 4052 2607 4107 Abrabam.
2637 4051 2936 4106 l‘romissio
2964 4059 3147 4104 autem
3179 4047 3265 4104 illa
3298 4059 3403 4116 est,
3444 4065 3565 4119 qua:
3592 4048 3729 4104 nihil

2131 4144 2461 4200 conditionis
2505 4145 2752 4199 incurrit.
2797 4144 2895 4199 Sin
2941 4143 3147 4209 minus;
3181 4156 3281 4197 nec
3324 4143 3616 4212 promissio
3645 4150 3729 4198 est

2135 4238 2306 4302 firma,
2333 4251 2432 4292 nec
2460 4236 2594 4292 ﬁdes
2623 4237 2855 4306 integra.
2877 4235 3015 4304 Quid
3041 4236 3186 4290 enim
3207 4233 3403 4290 stabile
3429 4232 3730 4291 remanebit

2131 4329 2187 4384 in
2220 4329 2316 4384 Dei
2351 4329 2730 4399 promissione,
2777 4334 2870 4383 aut
2897 4328 2951 4382 in
2978 4326 3218 4382 Abrahae
3249 4326 3375 4393 ﬁde,
3409 4328 3452 4381 si
3482 4325 3558 4392 id,
3582 4324 3727 4397 quod

2133 4424 2463 4495 promissum
2491 4431 2544 4478 et
2570 4422 2837 4479 creditum
2866 4432 2948 4476 est
2972 4464 2985 4487 ,
3017 4421 3069 4475 in
3101 4436 3313 4486 eorum,
3343 4422 3432 4491 qui
3465 4412 3723 4491 promissi

2134 4524 2280 4581 stmt,
2315 4515 2583 4586 penderet
2614 4513 2880 4568 arbitrio?
2913 4512 3055 4583 Ergo
3088 4519 3144 4567 et
3172 4514 3314 4567 Deus
3336 4512 3573 4566 alienum
3605 4525 3729 4580 pro-

440 4607 535 4661 Dei
566 4609 784 4678 spiritu,
817 4608 870 4663 id
910 4618 1013 4677 est,
1048 4625 1114 4665 ex
1145 4612 1338 4667 eodem
1374 4612 1427 4666 in
1452 4612 1748 4667 eumdem?
1774 4613 1904 4670 Tale
1949 4621 2032 4670 est
2059 4598 2106 4660 D
2134 4610 2303 4676 misit,
2334 4618 2386 4665 et
2430 4608 2700 4665 Abraham
2741 4612 2955 4661 incaute
2998 4605 3251 4661 credidit.
3296 4604 3366 4661 Ut
3405 4603 3531 4675 quid
3565 4607 3726 4659 etiam

435 4702 620 4766 enim,
668 4704 793 4773 qula
848 4715 970 4775 post
1016 4705 1293 4761 Christum
1343 4700 1483 4762 ﬁdes
1533 4707 1657 4762 data
1703 4710 2033 4780 cst:quale,

434 4794 558 4863 quia
587 4793 828 4864 Spiritus
857 4805 1104 4866 sanctus,
1134 4815 1258 4854 cum
1289 4812 1505 4871 semper
1529 4813 1724 4855 omnes
1754 4803 2035 4871 propheta!

435 4893 492 4940 et
515 4885 646 4956 justl
677 4888 868 4944 eodem
897 4891 1089 4959 spiritu
1118 4892 1398 4946 vixerunt.
1432 4891 1552 4947 Non
1590 4896 1736 4948 enim
1767 4894 1929 4949 aliter
1956 4895 2034 4950 vi-

432 4990 562 5032 vere
596 4989 908 5049 potuerunt,
938 4998 1098 5054 quam
1129 4984 1325 5053 Spiritu
1371 4983 1517 5039 ﬁdei.
1565 4985 1844 5057 Quotquot
1886 4987 2030 5043 enim

432 5071 537 5125 sub
569 5072 690 5143 lego
721 5073 972 5143 fuerunt,
1000 5078 1164 5133 occisi
1212 5086 1359 5132 sunt.
1409 5077 1545 5147 Quia
1589 5079 1759 5135 littera
1802 5082 2026 5148 occidit,

431 5166 643 5237 spiritus
671 5177 843 5222 autem
874 5170 1094 5237 rivi/ica!
1118 5170 1183 5243 (11
1212 5164 1333 5225 Cor.
1366 5186 1448 5237 ut,
1483 5169 1562 5242 6).
1595 5171 1659 5226 Et
1687 5182 1866 5228 tamen
1897 5172 2027 5229 dicit

434 5256 695 5313 Dominus
725 5259 797 5315 de
825 5261 1016 5317 eodem
1049 5264 1255 5332 Spiritu
1284 5282 1296 5318 :
1322 5261 1441 5317 Nisi
1466 5279 1560 5335 ego
1583 5264 1777 5330 abiero,
1804 5264 1893 5318 ille
1925 5282 2026 5321 non

430 5353 595 5406 veniet
627 5354 807 5424 (Joan.
842 5369 954 5421 xvt,
985 5357 1040 5426 7)
1065 5398 1080 5422 ,
1108 5370 1229 5410 cum
1262 5365 1317 5411 et
1343 5356 1625 5425 Apostolis
1646 5357 1758 5427 jam
1788 5356 2031 5413 dedisset

431 5445 683 5500 eumdem
716 5446 991 5516 spiritum.
1041 5447 1337 5518 Apostolus
1365 5458 1546 5504 autem
1574 5449 1740 5517 dicit,
1774 5450 2027 5506 eumdem

429 5536 682 5607 spiritum
714 5540 859 5609 apud
885 5543 1136 5611 antiquos
1164 5540 1335 5596 fuisse
1359 5560 1372 5595 :
1405 5540 1660 5596 Habentes
1687 5552 1859 5597 autem
1888 5557 2030 5596 eum-

425 5627 541 5683 dem
566 5630 809 5700 spiritum
838 5633 980 5702 fidei,
1008 5634 1141 5686 sicut
1162 5632 1408 5707 scriptum
1434 5640 1512 5688 est
1536 5648 1556 5690 :
1586 5631 1797 5689 Credidi
1821 5643 2033 5707 propter

492 5827 523 5859 ⁸
565 5821 735 5892 Alias,
758 5820 955 5913 ﬁdeles.

2134 4704 2248 4774 ipsa
2300 4703 2609 4774 promissio,
2644 4701 2886 4757 debitum
2938 4699 3285 4770 postmodum
3330 4697 3469 4753 facta
3516 4705 3619 4763 est,
3649 4697 3729 4751 dl-

2133 4804 2291 4852 centc
2316 4798 2427 4851 Deo
2453 4813 2465 4848 :
2491 4793 2869 4849 Bettrdicenlur
2896 4794 2947 4845 in
2974 4802 3021 4846 te
3043 4808 3216 4846 omnes
3245 4800 3417 4862 gentes
3443 4800 3609 4854 terrm,
3634 4806 3728 4861 pro

2132 4904 2191 4941 eo
2217 4887 2354 4956 quod
2381 4884 2572 4940 audisti
2591 4900 2760 4939 vocem
2786 4900 2967 4946 meam,
2994 4891 3040 4935 et
3070 4898 3174 4935 non
3200 4879 3467 4952 pepercisti
3490 4878 3603 4949 ﬁlio
3642 4889 3730 4933 tuo

2134 4976 2322 5032 dilecto
2353 4987 2561 5048 propter
2610 4993 2688 5030 me
2717 4975 2867 5049 (Gen.
2903 4990 3037 5041 χχιι,
3072 4974 3205 5042 ili)?
3234 4970 3415 5042 Neque
3447 4980 3628 5026 autem
3661 4988 3726 5027 ex

2136 5070 2242 5138 his,
2276 5070 2470 5144 quibus
2493 5069 2648 5125 lacile
2677 5081 2781 5134 est,
2815 5077 2871 5123 et
2893 5068 3177 5123 adversum
3213 5063 3446 5120 Abrahae
3473 5066 3724 5120 meritum

2133 5163 2289 5219 liberi
2336 5162 2546 5219 arbitrii
2584 5163 2853 5218 calumnia
2903 5173 3180 5230 strepere;
3214 5160 3377 5215 etiam
3425 5168 3544 5228 post
3583 5174 3727 5215 mor-

2134 5266 2242 5314 tem
2301 5258 2472 5329 ipsius
2534 5257 2801 5326 Abrahae,
2858 5255 3160 5310 debitorem
3213 5269 3272 5309 sc
3316 5254 3486 5324 ipsius
3528 5254 3728 5309 conllr-

2133 5360 2243 5406 mat
2299 5350 2482 5417 Deus,
2529 5361 2581 5404 et
2630 5359 2856 5421 propter
2901 5362 3064 5416 eum,
3122 5361 3181 5402 se
3229 5346 3493 5402 facturum
3521 5389 3535 5413 ,
3582 5347 3729 5417 quod

2131 5443 2248 5513 ejus
2307 5443 2419 5497 lilio
2478 5442 2867 5513 promittebat,
2934 5438 3176 5496 dicens:
3220 5438 3327 5493 Ero
3397 5444 3561 5492 tecum
3596 5479 3610 5504 ,
3680 5446 3729 5490 et

2133 5535 2426 5591 benedicam
2480 5545 2547 5590 te.
2607 5533 2721 5588 Tibi
2775 5534 2909 5588 enim
2965 5541 3013 5587 et
3063 5533 3245 5586 sentias
3301 5540 3390 5585 tuo
3443 5530 3578 5583 dabo
3628 5538 3730 5582 ter-

2133 5646 2247 5686 ram
2277 5628 2413 5684 hanc
2440 5671 2454 5696 ,
2496 5636 2544 5684 et
2582 5636 2808 5683 statuam
2845 5627 3167 5702 jurationem
3216 5638 3411 5691 meam,
3456 5636 3610 5695 quam
3645 5622 3731 5691 in.
