4132 6176
425 251 490 307 51
828 248 831 249 ⁷
918 244 924 249 ’
1434 246 1441 249 ⁴
1816 246 2055 303 τιοιιοις

2158 248 2315 306 AFRI
3655 258 3727 314 δὲ

425 368 653 425 ﬁrmitas
682 365 1102 437 promissionum
1126 366 1151 418 ‘I
1173 364 1284 422 Sed
1313 363 1418 420 hoc
1448 363 1508 419 ﬁt
1534 405 1549 431 ,
1582 364 1708 435 quia
1740 365 1895 435 prius
1919 379 2022 421 νο·
2050 367 2104 428 Α
2126 363 2393 421 Iudicium
2444 367 2658 423 Domini
2709 369 2780 423 ad
2807 368 3033 437 Iudam,
3088 380 3144 424 ut
3173 371 3394 425 vindicet
3439 372 3494 427 in
3522 372 3687 429 Jacob
3710 416 3728 445 ,

428 462 610 518 lumus
663 461 1008 532 intelligere,
1047 475 1208 531 quam
1258 458 1486 515 credere
1521 466 1581 513 et
1622 457 1784 514 ﬁdem
1829 458 2023 515 rationi

425 556 724 626 subjicere.
758 554 818 611 Si
862 563 1045 610 autem
1077 551 1369 609 credamus
1401 549 1719 606 omnimodo
1748 550 1823 605 ita
1866 550 1982 607 ﬁeri
2012 593 2026 618 ,

425 659 487 705 ut
517 650 657 704 Deus
690 647 927 718 juravit,
957 645 1108 702 dabit
1148 646 1415 701 rationem
1451 643 1609 700 ﬁdes.
1641 643 1816 710 Quam
1866 643 2027 714 perﬁ-

428 742 555 799 dum
578 751 663 798 est
693 743 904 797 ratione
930 756 1176 812 quaerere
1196 782 1210 805 ,
1239 751 1292 794 et
1325 738 1680 808 intelligimus
1714 738 2028 793 ﬁrmitatem

426 834 693 904 majorem
729 847 852 887 esse
893 831 1317 902 promissionum
1345 872 1361 897 ,
1395 845 1557 901 quam
1600 838 1854 901 putamus
1882 829 2032 885 inﬁr-

427 928 697 983 mitatem.
728 924 842 981 Hoc
856 925 999 980 enim
1030 924 1234 978 dictum
1269 941 1282 977 :
1310 922 1370 979 Si
1397 922 1624 977 audisset
1654 920 1855 988 Israel,
1882 937 2034 977 com-

430 1019 757 1076 memoratio
801 1030 886 1074 est
908 1017 1138 1089 jUSllliiB
1166 1017 1297 1081 Dei,
1325 1026 1380 1071 et
1410 1017 1756 1071 conﬁrmatio
1803 1014 2033 1084 promis-

429 1114 666 1174 sionum,
686 1111 1050 1181 dispositione
1082 1110 1173 1165 Dei
1197 1110 1460 1179 quosdam
1483 1106 1655 1162 factos
1678 1106 1746 1161 ad
1777 1116 2031 1172 mortem,

432 1206 696 1277 quosdam
749 1221 877 1260 vero
917 1204 984 1258 ad
1032 1204 1224 1258 vitam.
1286 1201 1619 1272 Propterea,
1666 1201 2035 1272 praesentibus

434 1299 601 1363 dixit,
652 1297 714 1353 Si
748 1314 828 1352 me
862 1297 1140 1351 audissetis
1171 1313 1190 1350 :
1228 1306 1287 1350 ut
1311 1294 1662 1351 manifestum
1689 1294 1873 1359 ﬁeret,
1910 1293 2035 1364 quia

434 1407 571 1463 quos
599 1391 893 1461 promisit,
928 1399 991 1446 ut
1032 1405 1254 1444 arenam
1288 1388 1500 1443 futuros
1522 1428 1535 1453 ,
1578 1387 1703 1442 ideo
1743 1386 1997 1456 promisit
2018 1426 2035 1453 ,

435 1488 560 1557 quia
593 1484 842 1555 praevidit
873 1485 1178 1539 audituros.
1206 1483 1350 1538 Ante
1376 1481 1664 1537 Dominum
1682 1481 1825 1537 enim
1852 1480 2040 1537 Chris-

437 1587 575 1641 tum,
608 1593 729 1633 cum
764 1578 868 1633 hoc
907 1578 1111 1633 dictum
1166 1586 1279 1640 est,
1310 1586 1335 1613 ιι
1390 1591 1669 1647 numquam
1722 1574 1820 1630 fttit
1867 1591 2038 1630 semen

435 1667 677 1731 Abi-alite.
712 1671 841 1723 sicut
865 1685 1024 1723 arena
1055 1669 1260 1722 maris?
1297 1666 1450 1736 Quod
1482 1666 1716 1738 probare
1742 1665 1899 1722 facile
1929 1675 2035 1721 est.

2128 459 2409 513 secundum
2440 461 2547 514 vias
2575 464 2708 534 ejus,
2741 471 2789 516 et
2814 462 3096 516 secundum
3134 463 3311 518 studia
3340 467 3452 538 ejus
3484 466 3734 521 retribuet

2130 552 2176 605 ei
2199 549 2347 622 (Ose.
2384 566 2477 613 xit,
2514 549 2575 622 2)
2610 570 2622 603 :
2656 553 2779 621 quia
2812 553 2864 607 in
2895 562 3054 609 utero
3092 555 3468 624 supplantavit
3508 556 3730 614 fratrem

2131 658 2288 698 suum
2313 686 2330 711 ,
2378 650 2434 699 et
2477 644 2529 698 in
2564 644 2843 701 laboribus
2874 646 2989 701 suis
3036 646 3272 701 invaluit
3308 647 3376 702 ad
3418 648 3590 704 Deum
3615 694 3631 719 ,
3679 658 3735 706 et

2133 739 2358 793 invaluit
2386 753 2507 793 cum
2548 738 2749 809 angelo
2779 781 2794 801 ,
2831 750 3024 809 potens
3054 738 3233 795 factus
3264 751 3350 796 est
3391 740 3544 810 (Gen.
3586 759 3693 799 xxv
3716 784 3735 812 ,

2132 832 2238 898 23;
2272 831 2420 886 Rom.
2451 847 2504 887 lx
2532 874 2547 897 ,
2576 830 2685 904 I0).
2720 832 2777 888 Si
2808 842 2986 889 autem
3009 842 3251 896 constat,
3287 833 3341 890 in
3371 834 3543 891 Iacob
3567 836 3736 892 dilec-

2134 931 2248 978 tuin
2278 938 2697 978 consummasse
2724 966 2738 991 ,
2773 939 2880 979 non
2928 936 3013 982 est
3042 926 3186 983 idem
3230 929 3320 999 qui
3364 927 3417 983 in
3451 928 3736 983 laboribus

2137 1018 2363 1073 invaluit
2393 1017 2458 1072 ad
2488 1016 2656 1071 Deum
2691 1027 2745 1072 et
2793 1022 3173 1090 supplantator
3197 1063 3213 1089 ,
3260 1021 3355 1076 sed
3388 1021 3499 1076 duo
3528 1021 3583 1075 in
3628 1036 3736 1077 uno

2136 1126 2389 1181 corpore.
2434 1109 2626 1180 Figura
2666 1118 2751 1164 est
2780 1114 2923 1166 enim
2953 1112 3188 1182 duplicis
3218 1115 3448 1169 seminis
3477 1111 3735 1179 Abrahae,

2137 1202 2191 1257 id
2238 1211 2323 1258 est
2365 1201 2594 1258 duorum
2633 1204 2955 1273 populorum
2989 1205 3041 1259 in
3076 1221 3183 1260 uno
3223 1214 3382 1260 utero
3412 1204 3603 1260 matris
3635 1206 3739 1261 Ec-

2138 1295 2317 1351 clesiae
2347 1296 2690 1352 luctantium.
2739 1295 2893 1353 Unus
2930 1307 3015 1351 est
3039 1339 3052 1360 .
3082 1299 3378 1353 secundum
3411 1298 3737 1353 electionem

2138 1387 2206 1442 de
2249 1390 2591 1456 praeseientia
2622 1389 2854 1444 dilectus
2908 1408 2923 1444 :
2971 1389 3127 1445 Alter
3163 1390 3432 1445 electione
3479 1404 3594 1446 sua:
3637 1404 3738 1445 vo-

2140 1478 2392 1544 luntatis,
2425 1480 2665 1553 iniquus.
2696 1480 2867 1537 Jacob
2888 1490 3069 1535 autem
3102 1490 3157 1536 et
3187 1481 3329 1536 Esau
3354 1523 3368 1549 ,
3398 1482 3451 1537 in
3482 1496 3592 1537 uno
3613 1490 3741 1537 sunt

2140 1586 2404 1644 corpore,
2451 1590 2517 1629 ex
2560 1590 2667 1629 uno
2710 1575 2936 1630 semine.
2994 1573 3102 1631 Sed
3143 1574 3289 1645 quod
3322 1576 3602 1645 perSpicue
3631 1575 3742 1630 duo

2142 1668 2412 1735 procreati
2446 1676 2571 1722 sunt
2600 1686 2613 1721 :
2646 1669 2897 1725 ostensio
2926 1677 3012 1724 est
3040 1669 3270 1723 duorum
3300 1668 3643 1739 populorum.
3671 1668 3744 1723 Et

438 1760 685 1818 Primum
711 1802 726 1827 ,
760 1764 885 1833 quia
935 1763 987 1817 in
1021 1760 1235 1817 Christo
1265 1761 1515 1831 promisit
1561 1760 1705 1817 hanc
1731 1759 2039 1815 multitudi-
2072 1757 2119 1817 B
2146 1774 2215 1814 ne
2245 1761 2366 1830 quis
2410 1770 2663 1833 putaret,
2697 1764 2771 1818 ita
2806 1764 3093 1832 perspicue
3143 1763 3261 1818 fore
3291 1771 3578 1832 separatos
3606 1762 3746 1817 duos

441 1871 564 1911 nem
592 1874 604 1909 :
641 1855 765 1910 Non
783 1856 839 1909 in
876 1856 1155 1909 seminibus
1183 1854 1401 1926 quasiin
1431 1855 1608 1909 multis
1641 1897 1655 1917 .
1686 1854 1776 1909 sed
1805 1854 1955 1925 quasi
1990 1853 2046 1907 in

442 1965 545 2004 uno
566 1990 582 2015 ,
619 1958 667 2002 et
710 1948 892 2003 semini
934 1958 1048 2013 tuo,
1076 1947 1215 2018 quod
1241 1955 1317 2000 est
1345 1944 1579 2001 Christus
1622 1942 1765 2017 (Gal.
1798 1959 1856 1999 ιιι
1883 1986 1898 2009 ,
1929 1942 2042 2014 16).

442 2041 652 2097 Deinde
680 2081 698 2107 ,
751 2041 879 2112 quia
930 2055 1123 2095 omnes
1159 2050 1354 2110 gentes
1404 2036 1703 2108 promisit,
1744 2036 1889 2106 quod
1922 2046 2048 2091 ante

447 2131 711 2187 Christum
759 2132 877 2188 ﬁeri
904 2148 1011 2186 non
1060 2132 1253 2201 potuit.
1288 2131 1356 2185 Et
1382 2131 1426 2184 si
1470 2130 1571 2184 fuit
1601 2139 1728 2183 ante
1756 2128 2049 2183 Dominum

449 2242 712 2282 numerus
738 2227 967 2281 ﬁliorum
1000 2225 1167 2280 Israel
1198 2224 1342 2279 sicut
1367 2238 1530 2279 arena
1565 2223 1732 2277 maris
1759 2239 1773 2275 :
1806 2220 1900 2277 sed
1928 2236 2049 2275 cum

446 2318 601 2373 falsis
632 2319 920 2384 fratribus,
949 2316 1045 2388 qui
1065 2332 1175 2372 non
1198 2327 1325 2372 sunt
1349 2316 1443 2370 lilii
1465 2313 1857 2371 AbrahaeNon
1880 2314 2049 2380 enim,

450 2413 575 2483 quia
606 2426 797 2467 omnes
839 2427 906 2466 ex
946 2410 1223 2465 Abraham
1256 2452 1272 2477 ,
1313 2423 1506 2464 omnes
1544 2407 1640 2462 lilii
1664 2406 1929 2471 Abrahae;
1960 2416 2053 2461 aut

450 2505 577 2577 quia
609 2504 812 2568 Israel,
848 2518 1040 2559 omnes
1067 2502 1259 2558 Israel.
1292 2502 1443 2559 Sicut
1471 2499 1805 2569 Apostolus,
1839 2514 1960 2554 cum
1992 2515 2053 2555 se

454 2595 739 2651 Anathema
765 2604 964 2667 optaret
981 2611 1093 2650 esse
1112 2612 1206 2668 pro
1224 2592 1390 2648 Israel
1406 2592 1582 2665 (Rom.
1606 2607 1683 2656 ιι,
1711 2591 1794 2657 5),
1822 2606 2051 2660 quorum

454 2701 600 2746 esset
627 2690 861 2743 ﬁliorum
892 2689 1119 2757 adoptio
1158 2698 1214 2743 et
1245 2695 1570 2767 testamenta
1600 2682 2081 2772 ,οξςςεξιςὶμτηομ

2150 1850 2380 1920 populos
2411 1869 2423 1903 :
2456 1862 2737 1909 ostensum
2767 1865 2850 1909 est
2878 1896 2893 1920 ,
2936 1852 3129 1907 ambos
3160 1854 3213 1906 in
3240 1867 3348 1907 uno
3391 1862 3622 1922 corpore
3663 1851 3745 1905 fu-

2152 1950 2298 1996 turos
2360 1943 2414 1997 in
2443 1943 2617 1999 Jacob
2638 1987 2653 2009 ,
2684 1946 2774 2015 qui
2805 1955 2859 2000 et
2888 1945 3122 2000 dilectus
3152 1953 3378 2000 vocatus
3404 1951 3491 2000 est
3513 1986 3526 2006 .
3556 1952 3611 2000 et
3641 1941 3751 1998 fra-

2147 2036 2250 2090 tris
2276 2036 2653 2107 supplantator
2690 2052 3006 2108 expressus.
3041 2037 3229 2108 Itaque
3258 2037 3311 2091 in
3341 2035 3552 2092 duobus
3578 2048 3752 2105 quan-

2152 2129 2284 2184 titas
2347 2146 2607 2200 expressa
2692 2141 2818 2199 est,
2883 2146 2990 2188 non
3063 2131 3296 2196 qualitas
3366 2129 3749 2199 separatiouis.

2154 2221 2471 2288 Cirterum,
2500 2226 2661 2280 ambo
2694 2227 2786 2296 qui
2835 2226 3074 2295 separati
3123 2233 3251 2279 sunt
3296 2225 3349 2279 in
3406 2238 3513 2278 uno
3543 2221 3751 2288 futuri,

2155 2323 2443 2387 antequam
2473 2317 2820 2384 dividuntur,
2848 2318 3057 2373 ostensi
3084 2326 3233 2373 sunt.
3267 2317 3334 2371 Et
3362 2315 3546 2381 Isaac,
3572 2315 3710 2368 venit
3736 2354 3752 2379 ,

2154 2409 2365 2479 inquit,
2394 2414 2556 2481 frater
2581 2420 2701 2464 tuus
2726 2427 2843 2464 cunt
2871 2410 2991 2465 dolo
3013 2452 3026 2475 ,
3054 2419 3103 2465 et
3128 2410 3324 2480 accepit
3356 2408 3757 2464 benedictionem

2157 2512 2296 2556 tuam
2326 2502 2479 2576 (Gen.
2517 2520 2659 2559 xxvii
2681 2546 2695 2571 ,
2726 2505 2841 2573 55).
2886 2505 2999 2559 Nisi
3033 2505 3104 2559 ita
3149 2503 3349 2559 locutio
3383 2504 3609 2574 mystica
3641 2501 3753 2568 sit,

2157 2594 2392 2651 breviter
2437 2598 2778 2651 ostendentis
2826 2597 2936 2652 duo
2986 2597 3041 2651 in
3073 2612 3182 2651 uno
3229 2610 3460 2665 corpore
3511 2612 3525 2649 :
3578 2609 3759 2649 nonne

2094 2700 2348 2775 neqntra
2372 2692 2637 2745 rationem
2663 2701 2784 2756 est,
2818 2700 2874 2745 ut
2905 2689 3341 2745 benedictionem
3366 2688 3420 2741 in
3445 2687 3758 2757 proximum

453 2799 578 2839 esse
604 2782 911 2853 cuiusmodi
942 2783 1086 2837 lilios
1109 2780 1348 2837 Abraha:
1367 2822 1383 2847 ,
1413 2762 1507 2836 sed
1545 2759 1839 2843 dé'atiie'tii
1855 2759 2066 2869 ἳιέιῃτξῖ
2158 2759 3016 2869 doloséacdafie'ﬁtgScriptura
3042 2786 3262 2840 dicente
3302 2802 3317 2839 :
3356 2784 3459 2851 Qui
3486 2801 3589 2838 non
3610 2788 3763 2853 jura-

457 2875 525 2930 Iis
555 2874 975 2930 necessitudinis
1002 2874 1219 2941 dolere,
1253 2873 1399 2944 quod
1432 2889 1497 2951 εξ
1528 2874 1647 2961 ipso
1681 2856 2055 2964 numerownoli

2158 2856 2488 2951 bit‘ﬁroii‘mt}
2506 2856 2573 2933 tiri
2592 2856 2736 2938 ‘ilolo
2758 2897 2777 2946 ;
2805 2880 2904 2933 iste
2932 2880 3148 2951 accipiet
3175 2877 3579 2932 benedictionem
3605 2894 3635 2930 a
3654 2874 3762 2931 Do-

457 2978 660 3024 esseut.
698 2967 813 3023 Non
838 2969 978 3036 quod
1008 2969 1304 3038 promissio
1340 2968 1432 3023 Dei
1461 2952 2055 3050 gxcigigstEtS-gienntis'}

2161 2970 2503 3050 minqﬂﬂsal.
2553 2987 2680 3026 χχιιι
2708 3013 2723 3038 ,
2772 2970 2875 3042 tl)?
2919 2971 3221 3039 Numquam
3266 2978 3448 3025 autem
3476 2968 3676 3036 Iacob,
3709 2969 3760 3024 id

463 3061 586 3117 Non
618 3074 785 3117 tamen
816 3037 1203 3117 exciditisermo
1238 3060 1366 3125 Dei,-
1402 3037 2055 3138 'ﬁtin'eiiiiir'btizit'es,,:tp§

2161 3046 2516 3141 citaeque
2548 3062 2694 3141 venit
2824 3060 3258 3123 benedictionem
3285 3101 3300 3125 ,
3331 3074 3437 3113 non
3466 3060 3763 3115 comitante

460 3167 580 3210 sunt
610 3172 673 3210 ea:
699 3156 901 3221 Israel,
930 3154 983 3207 Ιιί
1015 3165 1131 3208 sunt
1155 3153 1360 3220 Israel,
1388 3170 1549 3225 neque
1595 3154 1719 3224 quia
1748 3162 1867 3206 sunt
1894 3130 2063 3206 semen
2091 3146 2137 3208 C
2169 3130 2334 3216 (ιῖιιυζ
2616 3130 3098 3214 falsis.&atribtts.
3130 3151 3237 3206 Sed
3271 3166 3378 3206 non
3400 3191 3416 3217 ,
3448 3152 3575 3221 quia
3607 3152 3765 3207 iuno-

464 3245 706 3306 Abralue.
731 3261 907 3300 omnes
948 3245 1048 3312 ﬁlii
1073 3254 1191 3298 sunt
1217 3262 1235 3298 :
1262 3245 1352 3299 sed
1393 3246 1444 3297 in
1488 3241 1643 3296 Isaac
1682 3243 1944 3297 vocabitur
1974 3243 2064 3295 tibi

462 3354 633 3393 semen
665 3354 684 3392 :
710 3337 765 3390 id
791 3347 866 3390 est
895 3378 911 3404 .
938 3354 1040 3390 non
1067 3338 1156 3408 qui
1199 3346 1316 3390 sunt
1358 3336 1455 3404 lilii
1482 3337 1651 3389 carnis
1672 3375 1686 3400 ,
1715 3336 1771 3389 hi
1810 3345 1925 3389 sunt
1967 3336 2067 3405 ﬁlii

464 3428 562 3483 Dei
596 3445 614 3483 :
639 3428 731 3483 sed
751 3429 847 3496 [itii
877 3428 1232 3498 promissionis
1260 3427 1573 3499 deputantur
1589 3428 1643 3481 in
1672 3443 1843 3480 semen
1873 3424 2062 3497 (Ibid.,

467 3520 608 3591 6-8).
642 3521 783 3591 Ergo
812 3521 865 3574 in
898 3520 1115 3589 antiqua
1149 3519 1495 3575 multitudine
1550 3534 1660 3573 non
1704 3518 1805 3573 fuit
1833 3518 2064 3573 Abrahae

468 3628 657 3668 semen
691 3628 703 3664 :
730 3612 829 3666 nisi
860 3612 999 3676 illis,
1032 3612 1121 3680 qui
1156 3611 1453 3667 secundum
1499 3610 1651 3667 Isaac
1682 3611 1805 3665 ﬁdei
1848 3619 1904 3665 et
1935 3626 2064 3680 pro-

470 3702 747 3759 missionis
776 3702 869 3757 ﬁlii
903 3713 1079 3758 erant.
1128 3704 1303 3758 Etiam
1333 3703 1438 3758 hoc
1465 3702 1779 3772 exemplum
1814 3702 2016 3757 inducit
2047 3716 2062 3755 :

470 3797 529 3853 Si
556 3799 712 3870 fuerit
740 3813 983 3852 numerus
1009 3797 1237 3867 ﬁliorum
1269 3795 1473 3861 Israel,
1507 3797 1641 3851 sicut
1672 3812 1831 3850 arena
1860 3797 2018 3848 maris
2048 3811 2067 3849 :

466 3890 703 3961 reliquias
734 3889 1118 3954 liberabuntur,
1166 3889 1217 3943 id
1258 3897 1365 3954 est,
1396 3889 1660 3958 exiguum
1690 3884 1820 3955 (lsa.
1854 3902 1915 3951 ι,
1956 3886 2065 3941 12:

471 3981 590 4036 Ose.
624 3998 663 4048 I,
699 3982 811 4051 I0).
854 3982 962 4046 Et,
992 3984 1095 4036 nisi
1122 3980 1376 4035 Dominus
1419 3978 1634 4034 sabaoth
1661 3977 1949 4050 reliquisset
1978 3995 2070 4032 no-

468 4075 546 4129 bis
574 4092 744 4129 semen
769 4117 783 4138 ,
819 4076 951 4127 sicut
1000 4074 1231 4130 Sodoma
1274 4089 1499 4128 essemus
1548 4070 1686 4143 (Isa.
1719 4086 1768 4135 t,
1809 4070 1891 4141 9).
1931 4069 2069 4138 Ipsae

470 4167 714 4238 reliqnize
766 4166 989 4222 fuerunt
1018 4181 1206 4221 semen
1237 4164 1473 4222 Abrahae
1502 4180 1517 4219 :
1546 4179 1615 4219 ne
1640 4164 1819 4219 omnis
1844 4162 2029 4219 Judma
2051 4207 2064 4231 ,

470 4272 531 4318 ut
561 4261 796 4317 Sodoma
824 4269 992 4316 esset.
1025 4260 1233 4315 lterum
1277 4275 1399 4315 cum
1430 4266 1744 4324 assereret,
1775 4272 2067 4328 numquam

475 4355 640 4410 Detun
666 4354 1041 4409 haereditatem
1069 4367 1221 4407 suam
1249 4352 1545 4422 reliquisse
1573 4369 1587 4405 :
1617 4349 1715 4406 sed
1738 4352 1880 4405 sicut
1906 4351 1957 4403 in
1971 4349 2070 4403 ad-

472 4461 637 4505 ventn
677 4448 910 4514 Domini,
966 4465 1085 4514 pars
1113 4444 1281 4500 Israel
1308 4445 1452 4500 salta
1482 4448 1620 4517 facta
1650 4454 1725 4499 est
1766 4460 1785 4499 :
1815 4444 1892 4499 ita
1928 4458 2073 4499 sem-

2167 3250 2344 3304 centia
2378 3257 2433 3303 et
2460 3247 2619 3301 dolus
2641 3248 2801 3302 simul
2835 3246 3062 3301 veniunt
3091 3246 3155 3300 ad
3185 3246 3619 3302 benedictionem
3646 3287 3662 3312 ,
3692 3247 3766 3302 si-

2168 3341 2279 3394 mul
2332 3339 2730 3394 benedicuntur
2780 3355 2794 3391 :
2848 3338 2977 3408 quia
3025 3337 3115 3408 qui
3162 3345 3324 3410 potest
3353 3354 3564 3409 capere,
3593 3337 3763 3410 capiat

2168 3430 2384 3502 (Matth.
2416 3447 2503 3486 xix
2525 3472 2539 3496 ,
2567 3430 2681 3501 12).
2706 3439 2761 3487 et
2780 3446 2945 3484 unum
2960 3445 3147 3485 semen
3174 3445 3272 3499 pro
3294 3429 3559 3500 qualitate
3581 3439 3762 3495 terrae,

2168 3522 2436 3593 provenit.
2472 3521 2589 3576 Non
2643 3530 2729 3577 est
2763 3529 2943 3577 autem
2975 3521 3309 3576 contrarium
3334 3563 3350 3587 ,
3391 3520 3535 3591 quod
3565 3520 3765 3573 malum

2168 3617 2397 3673 fratrum
2446 3616 2667 3671 videtur
2717 3617 3104 3685 supplantasse
3128 3658 3142 3682 ,
3192 3614 3315 3683 quia
3348 3629 3455 3667 non
3486 3612 3621 3667 dixit
3652 3629 3665 3665 :
3698 3609 3765 3665 In

2169 3722 2314 3764 utero
2334 3708 2693 3779 supplantavit
2722 3705 2887 3772 Esau,
2918 3707 3016 3763 sed
3058 3707 3272 3777 fratrem
3290 3722 3460 3759 suum.
3492 3704 3634 3759 Esau
3664 3718 3765 3757 au-

2171 3812 2278 3857 tem
2309 3845 2323 3868 ,
2359 3802 2556 3871 ubique
2587 3802 2801 3869 signum
2842 3808 2958 3865 est,
2989 3810 3044 3854 et
3072 3813 3274 3853 nomen
3305 3796 3573 3851 malorum
3609 3812 3623 3848 :
3670 3793 3765 3849 Ja-

2171 3896 2274 3951 cob
2326 3905 2507 3949 autem
2534 3938 2548 3960 ,
2582 3903 2936 3964 utrorumque
2984 3911 2997 3946 :
3045 3893 3136 3948 illa
3171 3891 3385 3947 ratione
3411 3931 3426 3956 ,
3457 3889 3601 3961 quod
3640 3904 3767 3958 pars

2171 3989 2314 4044 mala
2336 3988 2560 4041 simulet
2584 4000 2644 4041 se
2672 3985 2840 4041 Iacob
2869 4028 2882 4047 ,
2909 3995 2964 4041 et
2990 3986 3111 4040 sine
3133 3985 3298 4041 dubio
3324 4026 3339 4050 ,
3368 3998 3478 4039 uno
3510 3984 3766 4039 nomine:

2174 4097 2298 4153 pars
2328 4092 2507 4135 autem
2540 4080 2711 4140 bona.
2742 4096 2850 4134 non
2877 4089 3057 4149 potest
3085 4094 3143 4134 se
3182 4077 3442 4133 simulare
3472 4077 3637 4133 Esau.
3674 4076 3771 4131 Est

2176 4173 2280 4229 hoc
2310 4187 2505 4228 nomen
2536 4173 2801 4226 malorum
2834 4180 3041 4226 tantum
3069 4188 3081 4224 :
3114 4169 3244 4226 illud
3267 4184 3399 4225 vero
3429 4168 3763 4239 bipartitum.

2173 4264 2445 4322 Cit-terum
2476 4264 2541 4319 de
2570 4264 2743 4320 libero
2772 4263 3001 4319 arbitrio
3022 4305 3036 4329 ,
3077 4278 3177 4319 nec
3202 4262 3369 4319 Iacob
3394 4276 3560 4318 omne
3585 4275 3768 4315 semen

2175 4358 2377 4414 bonum
2404 4398 2418 4423 ,
2451 4372 2550 4412 nec
2598 4356 2740 4411 Esau
2798 4372 2961 4412 omne
3004 4357 3202 4411 malum
3237 4396 3251 4419 ,
3298 4354 3392 4410 sed
3443 4369 3510 4408 ex
3542 4362 3770 4423 utroque

2177 4458 2491 4520 utrumque.
2519 4449 2595 4503 Ex
2629 4448 2899 4503 Abraham
2926 4449 2998 4502 ita
3026 4448 3345 4518 bipartitum
3371 4461 3557 4502 semen
3585 4456 3771 4500 osten-

473 4559 572 4613 per
601 4544 790 4596 fuisse.
824 4540 985 4609 Quid,
1034 4540 1250 4609 inquit,
1292 4539 1415 4592 dicit
1464 4553 1772 4604 responsum
1802 4537 2055 4589 divinum:

2178 4560 2298 4599 sum
2331 4552 2437 4598 est.
2468 4542 2661 4598 Natum
2703 4551 2790 4597 est
2828 4558 2992 4597 unum
3023 4558 3085 4598 ex
3110 4543 3306 4598 ancilla
3335 4542 3387 4597 in
3428 4541 3595 4612 ﬁgura
3620 4538 3769 4611 (Gal.

476 4635 684 4706 Reliqui
715 4632 839 4688 mihi
865 4642 1057 4702 septem
1102 4629 1272 4685 millia
1301 4632 1552 4697 vivorum,
1589 4631 1676 4702 qui
1703 4645 1805 4683 non
1832 4644 2074 4683 curvave-

469 4737 593 4782 runt
620 4743 751 4797 genu
796 4736 915 4779 ante
947 4722 1116 4779 Bahal
1172 4723 1262 4795 (111
1292 4722 1425 4796 Reg.
1463 4738 1596 4780 xvm
1622 4765 1637 4788 ,
1672 4723 1775 4788 I9;
1804 4721 1955 4777 Rom.
1985 4738 2037 4776 χι
2061 4764 2074 4787 ,

473 4820 554 4890 4).
590 4821 681 4874 Sic
711 4834 854 4874 nunc
888 4818 1135 4887 reliquis:
1180 4819 1485 4873 secundum
1532 4816 1861 4871 electionem
1912 4817 2077 4870 salva:

474 4914 631 4969 factm
679 4922 844 4977 sunt,
892 4912 1126 4967 dicendo
1169 4929 1183 4966 :
1228 4910 1288 4968 Si
1338 4924 1483 4966 nunc
1529 4910 1583 4966 in
1630 4909 1735 4964 hoc
1783 4917 2069 4977 tempore:

473 5005 715 5060 ostendit
741 5014 797 5059 et
823 5016 952 5059 ante
977 5006 1057 5058 sic
1085 5004 1284 5060 factum
1314 5004 1367 5059 in
1393 5004 1593 5069 Israel,
1626 5012 1686 5057 ut
1715 5001 1989 5072 reliquiae,
2022 5003 2073 5057 id

478 5109 560 5154 εει
584 5140 597 5162 ,
629 5097 898 5152 modicum
928 5098 1139 5151 salvum
1184 5097 1359 5153 ﬁeret.
1391 5096 1448 5152 Si
1494 5105 1672 5151 autem
1700 5138 1714 5162 ,
1763 5110 1862 5151 nec
1891 5095 2028 5152 ﬁdes
2057 5138 2072 5163 ,

480 5206 579 5247 nec
599 5191 738 5246 ratio
766 5192 1057 5259 persuadet
1088 5192 1208 5248 ﬁdei
1228 5234 1241 5252 .
1276 5193 1369 5263 qui
1402 5194 1706 5262 promissus
1731 5189 1941 5256 fuerat,
1963 5190 2077 5246 dic-

477 5293 590 5339 tum
623 5297 746 5340 esse
802 5300 815 5335 :
867 5282 927 5338 Si
968 5300 1046 5337 me
1066 5284 1322 5350 audisses,
1368 5282 1570 5350 Israel;
1603 5294 1732 5339 esset
1758 5285 1890 5338 sicut
1919 5299 2078 5338 arena

479 5384 641 5439 maris
687 5398 933 5438 numerus
957 5392 1076 5438 tuus
1122 5381 1257 5455 (Isa.
1287 5398 1449 5440 vaut
1475 5426 1489 5450 ,
1519 5382 1629 5456 l8).
1663 5383 1917 5440 EtJacob
1939 5425 1953 5449 ,
1984 5383 2075 5453 qui

481 5484 775 5545 antequam
816 5483 1135 5531 nasceretur
1163 5517 1178 5540 ,
1210 5475 1368 5530 datus
1394 5484 1482 5532 est
1512 5494 1525 5531 :
1556 5475 1699 5532 idem
1734 5476 1911 5533 libero
1936 5477 2081 5532 arbi-

480 5568 587 5625 trio
616 5568 962 5640 postmodum
1010 5568 1332 5641 reprobatus
1373 5578 1479 5627 est.
1525 5570 1848 5629 SicutOsee
1896 5571 2077 5629 dicit:

548 5744 578 5797 λ
616 5728 920 5830 ﬁuntquin

2178 4652 2231 4691 ιν
2256 4680 2270 4703 ,
2305 4634 2399 4707 ἐξ)
2515 4645 2572 4689 ιιι
2600 4635 2981 4691 ostenderetur
3022 4636 3185 4690 etiam
3227 4650 3415 4691 servos
3457 4633 3666 4689 futuros
3704 4649 3772 4689 ex

2176 4728 2450 4783 Abraham
2479 4772 2493 4794 ,
2512 4728 2808 4784 etrecessit
2834 4743 2955 4783 cum
2975 4741 3071 4781 sua
3102 4738 3297 4783 matre.
3323 4726 3618 4797 Postquam
3643 4741 3772 4781 vero

2174 4821 2404 4876 recessit
2429 4863 2443 4887 ,
2480 4823 2761 4876 inventum
2793 4831 2875 4875 est
2906 4821 2958 4874 in
2986 4817 3213 4874 alterius
3243 4818 3453 4875 semine
3476 4858 3491 4882 ,
3520 4820 3662 4886 quod
3689 4825 3774 4873 est

2176 4928 2242 4970 ex
2282 4915 2483 4980 libera,
2524 4915 2664 4985 quod
2694 4923 2863 4969 estex
2910 4910 3225 4981 Israel,qui
3248 4910 3453 4980 accepit
3502 4910 3675 4981 legem
3718 4910 3771 4966 in

2184 5021 2370 5066 monte
2389 5011 2543 5076 Sina,
2561 5008 2703 5079 quod
2719 5018 2802 5065 est
2815 5007 2959 5079 Agar
2980 5006 3034 5062 in
3058 5006 3323 5062 servitute
3344 5017 3636 5074 generatis.
3657 5002 3773 5060 Illic

2183 5108 2237 5164 in
2271 5109 2462 5163 eodem
2484 5098 2699 5179 populo
2728 5106 3024 5162 secundum
3055 5104 3208 5160 Isaac
3242 5120 3308 5157 ex
3341 5102 3511 5157 libera
3542 5103 3775 5171 prornis-

2183 5202 2351 5257 sionis
2383 5201 2497 5264 ﬁlii.
2530 5200 2582 5255 id
2613 5210 2719 5267 est,
2758 5200 2933 5255 sancti
2967 5210 3022 5253 et
3070 5196 3263 5251 ﬁdeles
3306 5195 3460 5249 multi
3505 5196 3776 5264 procreati

2180 5303 2329 5350 sunt.
2361 5292 2642 5363 Separatis
2671 5292 2855 5362 itaque
2884 5307 2914 5347 a
2945 5288 3299 5347 credentibus
3331 5287 3514 5357 ﬁguris
3541 5285 3708 5342 Israel
3725 5293 3779 5341 et

2184 5389 2326 5445 Esau
2352 5430 2369 5456 ,
2422 5389 2474 5442 in
2508 5403 2616 5441 uno
2665 5387 2865 5457 populo
2894 5387 3080 5440 'totum
3133 5380 3475 5454 postmodum
3505 5378 3773 5449 provenit.

2184 5479 2301 5535 Illic
2327 5479 2394 5535 ab
2421 5478 2635 5549 origine
2652 5485 2940 5548 utrumque
2955 5484 3340 5531 testamentum
3370 5478 3514 5542 Agar
3532 5478 3589 5527 et
3609 5469 3776 5535 Isaac;

2183 5571 2280 5630 Sed
2302 5587 2400 5644 pro
2429 5580 2675 5643 tempore
2695 5567 2930 5627 alterum
2957 5568 3058 5625 sub
3078 5565 3305 5623 alterius
3325 5564 3547 5621 nomine
3569 5558 3784 5619 delituit
