4176 6184
400 251 472 309 55
1547 252 1754 310 LlBER
1796 251 1883 310 DE
1923 252 2195 310 SEPTEM
2236 253 2557 313 REGULIS.
3637 257 3710 314 54

394 371 452 419 et
473 360 782 427 delitescit,
812 362 937 432 quia
971 376 1149 433 neque
1182 363 1585 419 revelatonovo
1604 367 2008 437 quicscitvetns
2034 376 2084 437 Α
2117 385 2260 425 nunc
2300 382 2381 426 est
2433 387 2527 441 per
2583 369 2774 425 orbem
2806 368 3105 424 Ecclesium
3157 379 3480 435 assumeret,
3529 370 3705 426 autin

394 456 739 528 generando.
769 454 890 511 Non
922 471 1052 526 ergo
1076 456 1213 511 dixit
1240 499 1253 522 ,
1284 458 1455 529 Agar,
1489 476 1606 531 qum
1631 461 1684 514 in
1713 462 2006 516 servitutem

397 566 671 623 generans.
724 549 955 619 Oportet
984 560 1169 606 autem
1200 551 1367 607 simul
1414 554 1603 609 ambos
1649 570 1903 612 crescere
1931 570 2013 609 us-

398 657 513 712 que
541 642 608 696 ad
636 656 891 698 messem.
926 642 1080 700 Sicut
1106 659 1240 715 ergo
1268 654 1395 700 tunc
1424 646 1527 701 sub
1549 646 1887 717 professione
1917 664 2011 701 ve-

401 733 538 790 teris
567 733 908 791 Testamenti
952 734 1112 790 latuit
1140 752 1340 790 nevum
1371 779 1387 804 ,
1420 736 1475 792 id
1506 748 1611 806 est,
1642 740 1837 809 gratia,
1862 738 2009 810 quod

400 824 699 883 secundum
728 825 881 881 Isaae
923 826 1306 895 promissionis
1339 826 1484 883 filios
1531 838 1822 898 generaret
1853 844 1919 885 ex
1947 829 2013 883 li-

400 919 555 981 bera,
602 920 749 991 quod
782 920 839 974 in
893 919 1112 976 Christo
1154 921 1457 975 revelatum
1491 930 1575 976 est
1606 936 1620 973 :
1670 921 1742 976 ita
1772 931 1829 976 et
1867 935 2013 977 nunc

398 1012 683 1068 obtinente
711 1026 849 1068 nova
874 1054 891 1080 ,
927 1028 1035 1067 non
1064 1013 1265 1069 desunt
1290 1013 1569 1070 servitutis
1596 1015 1693 1069 filii
1714 1024 2014 1087 generante

403 1107 576 1181 Agar,
615 1107 840 1180 quodin
870 1107 1095 1166 Christo
1129 1110 1490 1166 revelabitur.
1530 1110 1835 1166 Confirmat
1862 1109 2012 1181 Apo-

401 1201 581 1257 etolus
602 1241 619 1266 ,
651 1200 704 1254 id
735 1214 878 1255 nunc
900 1215 1116 1271 quoque
1149 1201 1292 1256 inter
1320 1199 1518 1257 fratres
1550 1206 1687 1271 geri,
1711 1201 1857 1272 quod
1888 1210 2016 1256 tunc

404 1294 556 1348 inter
593 1291 719 1347 illos
743 1291 1056 1364 gerebatur,
1083 1292 1273 1348 dicens
1305 1311 1317 1347 :
1354 1292 1456 1348 Vos
1487 1303 1679 1356 autem,
1716 1297 1905 1364 fratres
1937 1309 2018 1346 se-

403 1386 636 1442 cundum
662 1384 833 1450 Isaac,
859 1386 1218 1456 promissionis
1245 1386 1345 1456 filii
1375 1387 1516 1441 estis.
1546 1387 1650 1442 Sed
1691 1387 1824 1441 sicut
1851 1397 1974 1441 tunc
2000 1428 2014 1452 ,

404 1480 499 1551 qui
528 1480 808 1533 secundum
851 1495 1059 1534 carnem
1098 1488 1251 1533 natus
1305 1487 1379 1532 est
1400 1520 1413 1545 ,
1448 1477 1847 1549 persequebatur
1873 1477 2022 1550 spiri-

407 1572 644 1639 tualem,
694 1574 768 1626 ita
810 1581 859 1627 et
905 1589 1042 1626 nunc
1089 1570 1253 1645 (Ibid.
1294 1570 1388 1636 28,
1419 1568 1541 1643 29).
1589 1571 1656 1626 Ει
1705 1571 2021 1627 necessario

407 1666 655 1734 addidit,
692 1665 785 1720 sed
821 1665 946 1737 quid
985 1666 1108 1718 dicit
1148 1663 1467 1737 Scriptura?
1506 1662 1728 1737 Expelle
1772 1662 2023 1718 ancillam

2111 479 2293 517 unum
2331 463 2660 531 membrum,
2714 471 2886 517 tomm
2929 476 3150 532 corpus,
3202 462 3340 517 utin
3391 462 3707 519 Salomone.

2109 557 2213 614 Sed
2241 558 2343 614 hoc
2371 575 2477 613 non
2505 560 2688 614 minus
2710 558 2986 613 occultum
3013 567 3123 626 est,
3153 573 3318 629 quam
3347 549 3568 621 eietera,
3590 572 3713 628 qua:

2114 667 2220 705 non
2253 653 2429 707 solum
2464 653 2651 723 Specie
2678 652 2856 720 verbi,
2892 650 2988 707 sed
3030 653 3196 708 etiam
3226 651 3553 708 multiformi
3580 667 3712 707 nar-

2112 745 2327 800 ratione
2376 744 2744 800 occultantur.
2787 743 3208 813 Quamobrem,
3266 743 3368 800 Dei
3420 744 3597 815 gratia
3656 742 3712 799 in

2112 836 2370 891 auxilium
2403 835 2710 906 postulata;
2751 835 3149 892 elaborandum
3181 836 3339 892 nobis
3369 846 3476 901 est,
3513 844 3572 891 ut
3594 834 3713 904 Spi-

2114 929 2253 984 ritus
2311 929 2640 999 multiplicet
2689 928 2976 1001 ingressus
3028 929 3266 1001 legendi,
3330 930 3718 1001 eloquiumque

2115 1023 2336 1091 subtile,
2365 1022 2511 1093 quod
2542 1022 2607 1077 ad
2657 1023 3106 1093 impedimentum
3146 1022 3487 1089 intellectus,
3516 1021 3719 1092 speciei

2116 1130 2313 1186 genus,
2343 1125 2438 1169 aut
2464 1114 2655 1186 generi
2678 1116 2918 1184 speciem
2945 1116 3139 1171 inserit
3172 1132 3185 1169 :
3217 1129 3395 1186 genus
3415 1113 3631 1185 species
3654 1126 3725 1169 ne

2118 1207 2211 1272 sit,
2235 1207 2397 1263 facile
2424 1208 2600 1278 possit
2638 1207 2838 1264 videri.
2872 1207 3010 1263 Dum
3050 1206 3194 1264 enim
3234 1209 3475 1278 speciem
3509 1215 3720 1275 narrat,

2122 1299 2195 1355 ita
2222 1300 2276 1354 in
2305 1314 2479 1370 genus
2513 1299 2731 1366 transit,
2766 1309 2824 1354 ut
2856 1300 3127 1355 transitus
3149 1315 3256 1356 non
3302 1300 3488 1355 statim
3521 1298 3727 1369 liquido

2120 1400 2425 1461 appareat:
2476 1391 2574 1446 sed
2624 1392 2752 1447 talia
2800 1392 3080 1448 transiens
3119 1392 3275 1462 ponit
3303 1391 3491 1458 verba,
3519 1407 3640 1462 quae
3667 1390 3724 1449 in

2124 1494 2419 1554 utrumque
2433 1485 2785 1552 conveniant,
2802 1484 2979 1539 donec
3000 1483 3259 1555 paulatim
3283 1485 3487 1554 speciei
3502 1483 3724 1540 modum

2124 1576 2375 1641 excedat,
2410 1588 2464 1632 et
2509 1578 2773 1632 transitus
2816 1578 3107 1646 dilucidet,
3140 1593 3291 1646 cum,
3315 1594 3437 1650 qua:
3482 1593 3513 1632 a
3543 1577 3730 1649 specie

2126 1679 2430 1741 coeperant,
2478 1671 2691 1726 nonnisi
2721 1672 2777 1727 in
2821 1687 2995 1743 genus
3023 1672 3407 1739 convenerint,
3439 1680 3496 1728 et
3532 1671 3726 1728 eodem

408 1771 459 1817 et
489 1761 663 1830 ﬁlium
691 1765 806 1834 ejus
834 1776 853 1814 :
896 1776 1000 1815 non
1043 1760 1178 1814 enim
1215 1759 1443 1815 colueres
1481 1760 1577 1812 erit
1599 1756 1741 1827 ﬁlius
1768 1756 1980 1811 ancilla:
2003 1799 2017 1823 ,
2050 1757 2096 1816 B
2127 1764 2289 1819 modo
2308 1779 2485 1835 genus
2508 1766 2788 1836 relinquit,
2808 1766 2864 1821 in
2886 1767 3127 1836 speciem
3158 1766 3398 1823 rediens.
3420 1767 3730 1839 Aliquando

410 1851 722 1923 ﬁlioliberc
746 1850 940 1924 (lbid.,
971 1849 1087 1923 50).
1115 1849 1272 1917 Quod
1308 1858 1490 1904 autem
1534 1848 1703 1914 dixit,
1732 1850 1864 1902 sicut
1888 1849 2022 1908 tunc

412 1944 861 2018 persequebatur;
890 1944 966 1997 ita
987 1953 1035 1996 et
1077 1958 1214 1996 nunc
1240 1983 1254 2008 ,
1296 1955 1404 1996 non
1448 1948 1532 1995 est
1570 1939 1756 1995 inane.
1784 1937 2025 2008 Aposto-

417 2038 509 2095 lus
533 2041 673 2095 enim
706 2039 1105 2109 interpretatus
1119 2045 1204 2092 est
1230 2034 1650 2106 persequebatur.
1680 2033 1815 2088 Nam
1841 2032 2024 2102 Serip-

421 2141 537 2187 tura
562 2131 693 2187 dieit
724 2149 738 2184 :
784 2128 1018 2185 Ludebat
1044 2126 1238 2183 Ismael
1266 2144 1383 2182 cum
1412 2125 1566 2181 Isaac
1589 2124 1745 2199 (Gen.
1795 2140 1914 2190 xxv,
1943 2121 2020 2197 9).

415 2225 691 2295 Numquid
720 2224 946 2292 fratres,
978 2224 1070 2293 qui
1102 2221 1548 2278 circumeisiones
1593 2218 1800 2275 Galatis
1828 2216 2029 2288 praedi-

417 2321 584 2376 cebat
608 2361 625 2386 ,
655 2331 845 2389 aperte
888 2317 1045 2381 illos,
1079 2324 1135 2372 et
1164 2330 1271 2369 non
1304 2329 1400 2383 per
1426 2315 1605 2368 lusum
1627 2354 1641 2378 ,
1673 2311 1724 2366 id
1771 2322 1875 2376 est,
1906 2310 2029 2366 sine

418 2410 634 2467 indicio
680 2410 1079 2479 persecutionis
1124 2404 1554 2477 insequebatur?
1595 2404 1749 2460 Sicut
1785 2419 1914 2474 ergo
1961 2403 2031 2458 de

420 2518 628 2576 genere
656 2501 873 2558 ludendi
907 2508 1318 2572 persecutorem
1345 2498 1518 2553 dixit:
1554 2498 1625 2551 ita
1660 2506 1715 2551 et
1745 2496 1880 2551 istos
1902 2494 2031 2565 ,qui

422 2596 600 2653 Filios
630 2597 760 2666 Dei,
791 2599 941 2651 velut
964 2611 1059 2666 per
1089 2608 1435 2649 communem
1462 2591 1778 2657 utilitatem,
1809 2589 1863 2644 id
1905 2598 2030 2655 est,

426 2692 777 2761 disciplinam
826 2690 960 2761 legis
981 2731 997 2755 ,
1029 2704 1058 2743 a
1085 2688 1307 2744 Christo
1334 2700 1626 2755 separare,
1659 2692 1714 2739 et
1740 2682 1903 2738 matri
1924 2696 2037 2736 sua:

427 2786 574 2859 Agar
598 2828 613 2852 ,
642 2787 787 2840 filios
816 2783 1071 2839 militant.
1118 2780 1237 2838 Alia
1266 2782 1413 2836 enim
1445 2794 1551 2833 non
1575 2788 1661 2834 est
1688 2790 1884 2840 causa,
1929 2788 2036 2845 qua

429 2882 529 2938 ﬁlii
571 2879 782 2936 diaboli
833 2881 1110 2948 irrepant,
1165 2876 1232 2931 ad
1279 2872 1671 2944 explorandam
1727 2870 2037 2925 libertatem

432 2983 675 3030 nostram
696 3014 712 3037 ,
743 2981 798 3026 et
823 2971 1083 3026 simulent
1105 2983 1165 3025 se
1194 2967 1389 3023 fratres
1414 3006 1431 3031 ,
1462 2974 1517 3019 et
1548 2967 1598 3019 in
1625 2962 1888 3018 Paradiso
1915 2974 2041 3014 nos-

437 3076 526 3122 tro
554 3064 704 3120 velut
734 3065 827 3119 Dei
859 3063 1005 3118 tilios
1048 3061 1240 3117 ludere
1275 3078 1289 3114 :
1324 3074 1486 3130 quam
1526 3056 1596 3112 de
1624 3055 1847 3109 subacta
1880 3052 2044 3106 liber—

2125 1863 2308 1909 autem
2337 1871 2366 1909 a
2415 1858 2600 1924 specie
2632 1856 2685 1912 in
2720 1871 2896 1928 genus
2939 1873 3047 1914 non
3075 1858 3396 1928 supradicto
3446 1859 3612 1914 modo
3642 1875 3731 1916 re-

2125 1946 2378 2001 vertitur.
2416 1946 2727 2018 Aliquando
2761 1948 3077 2017 supradicto
3100 1948 3262 2004 modo
3287 1950 3505 2018 transit,
3536 1960 3591 2006 et
3615 1950 3733 2007 evi~

2126 2035 2321 2092 denter
2371 2039 2668 2094 revertitur
2715 2037 2879 2093 simili
2930 2039 3137 2095 ordinis
3182 2038 3450 2096 varietate
3497 2056 3512 2095 :
3564 2051 3657 2097 aut
3699 2056 3732 2097 a

2128 2129 2313 2197 specie
2339 2128 2393 2183 in
2418 2144 2614 2200 genus,
2642 2138 2735 2185 aut
2755 2145 2785 2185 a
2809 2130 3083 2201 generein
3109 2130 3373 2201 speciem,
3402 2130 3522 2187 finit
3546 2148 3735 2188 narra-

2132 2221 2362 2278 tionem.
2397 2223 2709 2294 Aliquando
2736 2224 2879 2279 redit
2902 2238 2973 2279 ex
3003 2222 3107 2280 hoc
3136 2225 3190 2279 in
3220 2223 3358 2279 illud
3388 2240 3497 2281 non
3524 2226 3732 2281 semel:

2132 2324 2188 2370 et
2225 2315 2410 2371 omnis
2437 2316 2680 2371 narratio
2724 2331 2828 2372 nec
2864 2316 3104 2387 speciem
3134 2317 3376 2385 excedit,
3420 2331 3522 2372 nec
3564 2329 3736 2387 genus

2133 2411 2413 2481 prieterit,
2459 2410 2512 2465 in
2562 2420 2854 2481 utrumque
2900 2410 3258 2466 conveniens.
3323 2409 3451 2465 Haec
3496 2409 3735 2467 varietas

2134 2502 2509 2557 translationis
2536 2510 2591 2557 et
2607 2501 2995 2572 ordinisexigit
3017 2501 3341 2573 ﬁdem,quae
3365 2501 3603 2573 gratiam
3638 2500 3734 2556 Dei

2136 2608 2364 2667 quierat.
2397 2597 2488 2653 Sic
2517 2597 2780 2653 Dominus
2809 2612 2905 2668 per
2923 2595 3261 2652 Ezechielem
3289 2597 3549 2665 loquitur,
3573 2605 3627 2651 et
3649 2610 3737 2651 re-

2137 2692 2300 2761 gibus
2333 2706 2563 2758 eorum,
2612 2692 2704 2760 qui
2736 2691 2804 2747 ab
2854 2690 3195 2746 Hierusalem
3242 2687 3468 2758 captiet
3502 2686 3740 2757 diSpersi

2140 2785 2382 2853 fuerant,
2411 2788 2650 2858 gentium
2679 2785 2856 2857 jungit
2878 2786 3197 2850 adventum,
3221 2792 3278 2839 et
3303 2783 3355 2837 in
3380 2790 3547 2847 terra,
3574 2795 3737 2852 quam

2141 2879 2332 2936 Patres
2350 2882 2523 2935 nosui
2544 2879 2928 2951 possederunt,
2941 2876 3201 2947 exprimit
3218 2878 3502 2931 mundum.
3518 2873 3743 2943 Septem

2143 2973 2293 3027 enim
2316 2980 2506 3041 gentes
2536 2968 2769 3025 Abrahae
2798 2970 3104 3040 promissrc,
3134 2968 3303 3039 ﬁgura
3332 2976 3463 3023 sunt
3500 2967 3743 3022 omnium

2145 3062 2411 3132 gentium.
2466 3058 2660 3114 Factus
2718 3068 2814 3128 est,
2867 3060 3065 3130 inquit,
3095 3059 3165 3113 ad
3194 3075 3274 3113 me
3311 3074 3478 3113 sermo
3507 3057 3745 3125 Domini,

438 3170 555 3217 tate
586 3157 819 3212 filiorum
840 3156 934 3211 Dei
956 3155 1290 3227 glorientur,
1318 3155 1407 3220 qui
1432 3149 1727 3222 portabunt
1751 3145 2040 3217 ,Ῑιιάίείυηιν
2070 3146 2117 3211 C
2148 3156 2321 3209 dicens
2354 3170 2373 3209 :
2418 3150 2526 3207 Fili
2552 3154 2808 3220 hominis,
2840 3153 3023 3207 domus
3063 3149 3231 3206 Israel
3283 3150 3639 3205 habitaverunt
3690 3150 3748 3204 in

437 3250 866 3323 qualescumque
897 3247 972 3302 illi
1004 3244 1242 3311 fuerint,
1275 3242 1366 3314 qui
1398 3256 1616 3297 omnem
1640 3245 1886 3295 sanctum
1917 3252 2043 3309 per-

436 3345 611 3401 secuti
641 3352 809 3405 sunt,
849 3340 940 3412 qui
983 3337 1278 3411 prephetas
1308 3335 1661 3400 occiderunt,
1707 3332 1801 3403 qui
1828 3344 2045 3400 semper

438 3435 670 3509 Spiritui
699 3442 890 3489 saneto
919 3430 1282 3495 restiterunt;
1337 3427 1538 3482 inimici
1584 3423 1763 3481 crucis
1804 3421 2043 3486 Christi,

439 3539 712 3601 negantes
752 3526 1032 3585 Christum
1081 3525 1133 3579 in
1186 3538 1392 3589 carne,
1455 3520 1583 3576 dum
1633 3519 1753 3590 ejus
1806 3515 2047 3573 membra

441 3624 717 3689 oderunt,
747 3636 948 3689 corpus
990 3618 1241 3689 peccati,
1280 3615 1376 3670 lilii
1421 3610 1728 3670 exterminii
1755 3654 1769 3679 ,
1801 3609 2051 3664 ministe-

442 3720 590 3776 rium
621 3715 878 3773 faeinoris
898 3756 913 3781 ,
945 3713 1037 3784 qui
1082 3711 1311 3768 veniunt
1341 3706 1641 3764 secundum
1676 3703 2050 3775 Operationem

446 3813 665 3869 Satanae
697 3810 751 3865 in
777 3807 928 3863 omni
956 3808 1159 3861 virtute
1186 3846 1203 3873 ,
1242 3802 1412 3874 signis
1451 3809 1511 3856 et
1536 3798 1802 3871 prodigiis
1829 3838 1843 3864 ,
1890 3792 2055 3864 spiri-

450 3905 621 3961 tualia
650 3900 909 3973 nequitiae
937 3898 991 3954 in
1035 3895 1353 3954 cmlestibus
1386 3912 1399 3949 :
1425 3907 1562 3965 quos
1580 3891 1844 3946 Dominus
1869 3885 2057 3943 Chris-

452 4008 545 4055 tus
567 4039 585 4066 ,
614 4012 775 4068 quem
807 3994 861 4050 in
899 4009 1062 4050 carne
1092 3996 1514 4063 persequuntur,
1547 3984 1836 4041 interlieiet
1861 3981 2056 4052 spiritu

454 4093 571 4149 oris
615 4090 730 4156 sui,
775 4097 830 4145 et
877 4086 1127 4143 destruet
1155 4080 1591 4139 manifestatione
1638 4075 1903 4130 adventus
1949 4070 2053 4128 sui.

455 4184 698 4255 Tempus
719 4191 806 4239 est
840 4183 985 4237 enim
1020 4220 1034 4245 ,
1067 4177 1209 4250 quod
1242 4176 1359 4231 luce
1384 4190 1492 4228 non
1527 4181 1552 4209 α
1585 4169 1885 4225 ministeriis
1912 4208 1927 4234 ,
1961 4165 2058 4221 sed

456 4287 652 4348 aperte
689 4274 937 4330 dicantur
960 4318 976 4341 ,
1034 4271 1357 4327 imminente
1396 4264 1765 4328 discessione,
1799 4258 1944 4331 quod
1977 4268 2062 4316 est

458 4368 732 4427 revelatio
759 4366 990 4423 hominis
1011 4362 1240 4436 peccati,
1259 4359 1576 4416 discedente
1602 4356 1705 4412 Lot
1732 4370 1765 4411 a
1783 4352 2061 4411 Sodomis.

1042 4450 1331 4511 REGULA
1356 4450 1448 4506 IV.

954 4548 1032 4604 De
1054 4546 1239 4617 specie
1266 4552 1322 4599 et
1348 4559 1575 4614 genere.

469 4645 583 4702 Lux
618 4645 785 4701 allata
818 4639 1083 4705 Ezechiel,
1133 4652 1292 4709 capp.
1339 4652 1491 4692 xxvii
1542 4644 1600 4692 et
1630 4649 1776 4690 xxxtt
1815 4639 1871 4689 et
1904 4646 2067 4687 χχχιι

634 4748 689 4795 et
714 4751 921 4801 xxxvu,
951 4732 1083 4789 Isai.
1117 4747 1216 4788 xtu
1245 4739 1302 4786 et
1328 4744 1477 4797 xxiv,
1506 4727 1738 4783 Hierem.
1766 4740 1897 4781 xxv.

542 4858 618 4913 De
639 4854 827 4926 specie
849 4860 909 4907 et
938 4863 1140 4921 genere
1163 4846 1463 4919 loquimur,
1495 4860 1603 4901 non
1628 4841 1929 4900 secundum
1959 4840 2074 4896 vir—

471 4958 646 5005 tutem
690 4943 1043 5002 Rhetoricam
1084 4940 1337 4995 humana:
1381 4937 1669 5008 sapientiae
1695 4977 1711 5003 ,
1767 4949 1930 5005 quam
1979 4932 2073 5004 qui

470 5040 651 5111 magis
676 5038 930 5094 omnibus
959 5034 1157 5105 potuit,
1196 5033 1411 5089 loeutus
1444 5045 1554 5084 non
1582 5039 1693 5098 est,
1745 5043 1817 5083 ne
1845 5040 2068 5082 crucem

473 5132 683 5191 Christi
711 5130 930 5187 fecisset
956 5130 1201 5190 inanem,
1240 5125 1285 5180 si
1314 5122 1524 5177 auxilio
1552 5130 1718 5189 atque
1747 5124 2076 5174 ornamento

479 5225 777 5289 sermnnis,
806 5232 865 5279 ut
892 5221 1125 5284 falsitas,
1157 5216 1500 5285 indiguisset.
1535 5212 1644 5269 Sed
1675 5212 1952 5283 loquimur
1990 5224 2080 5266 se—

483 5318 720 5375 cundum
744 5315 1001 5387 mysteria
1038 5309 1280 5368 etelestis
1306 5307 1584 5378 sapientiae
1619 5306 1934 5376 magisterio
1961 5302 2081 5373 Spi-

479 5414 619 5467 ritus
656 5410 856 5465 sancti.
886 5406 989 5475 Qui
1032 5405 1088 5460 in
1140 5401 1283 5474 quod
1332 5399 1583 5455 veritatis
1631 5398 1869 5467 pretium
1913 5394 2076 5450 (idem

484 5502 833 5561 constituerit
855 5498 1126 5574 mysterii,
1150 5494 1459 5553 narravitin
1488 5484 1730 5565 speciem
1755 5505 1930 5564 genus
1950 5489 2080 5545 abs-

488 5595 754 5662 condens,
801 5601 862 5649 ut
914 5592 969 5648 in
1010 5601 1259 5648 veterem
1300 5585 1678 5654 Hierusalem,
1728 5591 1919 5650 totam,
1963 5594 2084 5653 qua:

567 5765 594 5796 ι
633 5751 917 5828 Mysteriis.

2148 3258 2308 3315 terra,
2334 3258 2382 3303 et
2409 3245 2708 3318 polluerunt
2747 3245 2896 3300 illam
2926 3247 2983 3299 in
3023 3246 3106 3299 ria
3135 3262 3252 3309 sua,
3287 3253 3338 3298 et
3361 3245 3415 3298 in
3439 3242 3594 3299 idolis
3638 3244 3747 3298 suis

2148 3349 2196 3396 et
2234 3341 2456 3411 peccatis
2489 3354 2506 3393 :
2536 3338 2820 3393 secundum
2846 3337 3227 3392 immunditiam
3252 3345 3583 3391 menstruam:
3608 3339 3750 3408 facta

2150 3441 2224 3486 est
2253 3431 2334 3484 via
2356 3446 2531 3484 eorum
2558 3437 2679 3484 ante
2704 3429 2890 3499 faciem
2912 3443 3098 3482 meam.
3130 3426 3197 3482 Et
3224 3425 3389 3495 effudi
3416 3428 3551 3481 iram
3578 3442 3750 3481 meam

2152 3537 2309 3591 super
2345 3537 2453 3589 eos,
2480 3530 2530 3577 et
2548 3520 2769 3592 dispersi
2798 3518 2918 3593 illos
2946 3520 3081 3574 inter
3101 3520 3356 3584 nationes,
3383 3536 3511 3589 quas
3531 3517 3752 3590 ingressi

2153 3622 2292 3682 sunt,
2327 3623 2375 3667 et
2397 3612 2695 3684 polluerunt
2740 3611 2853 3667 illic
2879 3629 3066 3667 nomen
3106 3629 3278 3667 meum
3303 3622 3544 3667 sanctum
3569 3629 3589 3668 :
3627 3612 3756 3667 dum

2155 3706 2337 3761 dicunt
2355 3706 2480 3776 ipsi,
2509 3704 2734 3776 populus
2762 3704 2976 3759 Domini
3002 3703 3079 3768 hi,
3126 3714 3172 3758 et
3200 3705 3265 3759 de
3293 3714 3430 3759 terra
3457 3715 3545 3759 tua
3565 3703 3758 3775 egressi

2154 3807 2274 3851 sunt
2304 3813 2321 3851 :
2355 3806 2405 3851 et
2432 3797 2635 3869 peperci
2678 3796 2804 3862 illis,
2846 3807 3059 3868 praptcr
3096 3812 3280 3850 nomen
3311 3805 3453 3850 tuum
3480 3806 3714 3850 sanctum
3739 3835 3759 3865 ,

2157 3889 2295 3961 quod
2318 3887 2613 3962 polluerunt
2645 3890 2827 3945 domus
2867 3887 3040 3944 Israel
3069 3888 3123 3942 in
3157 3888 3482 3956 nationibus,
3532 3889 3588 3943 in
3630 3903 3758 3959 quas

2158 3984 2377 4056 ingressi
2395 3993 2513 4039 sunt
2538 3983 2670 4038 illic.
2699 3982 2925 4052 Propter
2948 3981 3066 4050 hoc,
3096 3982 3181 4037 dic
3203 3980 3380 4036 domui
3404 3979 3606 4037 Israel:
3634 3978 3761 4036 ch

2161 4077 2287 4131 dicit
2312 4075 2571 4131 Dominus
2605 4092 2624 4131 :
2650 4074 2777 4131 Non
2804 4076 2944 4131 vobis
2979 4092 3073 4148 ego
3103 4075 3241 4145 facio
3264 4115 3279 4140 ,
3318 4073 3501 4129 domus
3540 4071 3710 4128 Israel
3741 4089 3761 4129 .'

2160 4169 2252 4224 sed
2289 4178 2500 4240 propter
2536 4185 2721 4223 nomen
2770 4180 3004 4224 sanctum
3043 4165 3184 4238 quod
3217 4165 3480 4239 polluistis
3510 4167 3566 4221 in
3593 4166 3764 4220 natio-

2162 4262 2332 4327 nibus,
2386 4263 2440 4315 in
2482 4262 2650 4315 medio
2693 4276 2914 4331 quarum
2970 4260 3190 4331 ingressi
3241 4261 3384 4313 estis.
3429 4258 3547 4314 Illic
3578 4259 3769 4329 incipit

2159 4356 2390 4427 jnngere
2416 4369 2590 4424 genus
2612 4370 2625 4407 :
2649 4353 2717 4407 Et
2746 4352 3082 4422 sanctiﬁcabo
3108 4367 3295 4406 nomen
3318 4367 3510 4417 meum,
3524 4362 3763 4408 sanctum

2164 4453 2298 4507 illud
2324 4468 2590 4524 magnum,
2616 4449 2757 4523 quod
2785 4446 3044 4521 pollutum
3067 4456 3144 4502 est
3178 4447 3314 4502 inter
3344 4447 3597 4512 nationes,
3628 4446 3766 4518 quod

2087 4538 2141 4599 D
2166 4545 2424 4620 polluistis
2459 4546 2513 4599 in
2542 4543 2710 4599 medio
2747 4558 2955 4609 earum,
2996 4550 3045 4595 et
3092 4541 3252 4596 scient
3276 4550 3477 4613 gentes,
3519 4541 3768 4613 quoniam

2171 4655 2262 4711 ego
2291 4654 2408 4692 sum
2419 4634 2696 4702 Dominus,
2718 4636 2808 4708 qui
2834 4633 3262 4705 sanctiﬁcaborin
3283 4632 3423 4688 vobis
3446 4642 3567 4688 ante
3592 4633 3769 4688 oculos

2172 4747 2371 4797 eorum,
2399 4740 2444 4784 et
2467 4729 2727 4799 accipiam
2752 4743 2840 4782 vos
2869 4726 2933 4782 de
2962 4725 3221 4798 gentibus,
3251 4735 3298 4779 et
3330 4728 3651 4798 congregabo
3683 4743 3772 4781 ros

2173 4841 2235 4880 ex
2256 4823 2491 4880 omnibus
2518 4823 2689 4889 terris,
2721 4832 2769 4875 et
2814 4821 3059 4875 inducam
3084 4835 3172 4874 vos
3216 4819 3273 4874 in
3316 4829 3507 4875 terram
3528 4830 3771 4875 castraut.

2175 4923 2214 4976 A
2225 4935 2309 4991 pet
2325 4928 2378 4975 te
2392 4918 2604 4975 excedit
2629 4916 2871 4988 speciem
2888 4930 2906 4970 :
2920 4913 2988 4970 Et
3003 4930 3283 4986 aspergunt
3299 4930 3387 4969 vos
3407 4930 3541 4986 aqua
3558 4916 3775 4982 munda,

2175 5024 2222 5068 et
2248 5011 2624 5067 mundabimini
2652 5009 2718 5063 ab
2746 5007 2979 5063 omnibus
3005 5007 3295 5061 simulacris
3322 5006 3527 5072 uestris,
3558 5017 3606 5061 et
3630 5024 3781 5062 utun-

2178 5107 2310 5160 dabo
2349 5122 2457 5172 vos,
2480 5115 2529 5159 et
2557 5104 2691 5158 dabo
2717 5104 2859 5157 vobis
2886 5117 2976 5155 cor
3003 5115 3211 5166 novum,
3241 5109 3289 5153 et
3320 5100 3564 5170 spiritum
3590 5115 3780 5154 novum

2181 5203 2315 5254 dabo
2345 5200 2399 5252 in
2423 5214 2530 5259 ros,
2562 5205 2610 5251 et
2638 5198 2877 5267 auferam
2898 5209 2986 5248 utor
3013 5192 3280 5263 lapideum
3306 5192 3371 5247 de
3396 5207 3550 5247 carne
3571 5200 3735 5247 vestra
3757 5206 3777 5246 :

2179 5303 2227 5348 et
2254 5292 2385 5347 dabo
2407 5292 2545 5346 vobis
2570 5305 2834 5356 corneum,
2862 5298 2911 5343 et
2932 5291 3170 5360 spiritum
3199 5302 3369 5341 meum
3398 5286 3530 5341 dabo
3576 5288 3632 5340 in
3670 5301 3777 5354 ros,

2178 5401 2227 5446 et
2274 5392 2485 5461 faciam,
2517 5396 2571 5440 ut
2615 5386 2671 5440 in
2712 5383 2937 5456 justitiis
2994 5383 3120 5436 meis
3152 5382 3445 5446 ambuletis,
3495 5388 3545 5435 et
3573 5378 3783 5451 judicia

2183 5501 2296 5541 mea
2358 5481 2663 5538 custodiatis
2694 5521 2709 5547 ,
2768 5488 2817 5534 et
2875 5477 3175 5549 operamini.
3243 5475 3312 5530 Et
3379 5475 3671 5530 habitabilis
3727 5476 3784 5531 in

2185 5588 2325 5635 terra
2343 5592 2498 5648 quam
2525 5574 2647 5632 dedi
2674 5571 3139 5648 patribusgvestris.
3173 5566 3242 5625 Et
3265 5568 3407 5624 eritis
3440 5568 3567 5625 mihi
3597 5568 3655 5624 in
3693 5585 3788 5643 po-
