4176 6184
441 277 514 334 ss
1831 269 2129 336 'rtenoun
2166 275 2330 335 AFRI
3674 237 3747 344 δὲ

443 395 646 468 pulum,
687 401 734 448 et
779 411 873 464 ego
900 411 989 449 ero
1015 394 1156 450 vobis
1193 396 1248 449 in
1277 394 1464 460 Deum,
1497 405 1544 450 et
1571 393 1830 449 mandabo
1863 409 1951 449 vos
1979 409 2040 448 eo:
2067 389 2114 456 Α
2217 391 2474 451 Eremum
2527 395 2754 467 ligurum
2810 391 2981 454 fuisse
3028 385 3214 468 populi
3264 395 3506 470 deserti,
3557 401 3611 456 in
3638 419 3746 474 quo

445 487 685 542 omnibus
723 487 1067 541 immunditiis
1110 488 1290 542 restris
1341 485 1558 557 (Ezeclt.
1587 499 1773 554 xxxvr,
1805 485 1891 553 17,
1920 481 2038 556 28).

445 583 680 653 Attingit
703 583 972 651 speciem,
1015 597 1124 637 non
1167 589 1349 637 tamen
1377 581 1695 651 relinquens
1725 591 1898 652 genus
1927 599 1939 634 :
1979 577 2042 633 Et

443 676 635 731 τοσαῦθ
657 677 906 742 triticum,
940 685 986 730 et
1017 673 1378 747 multiplicabo
1402 673 1538 728 illud
1571 691 1590 728 :
1629 683 1674 728 et
1704 687 1807 728 non
1833 672 1966 727 dabo
1991 673 2044 726 in

445 787 532 826 eos
561 775 770 842 famem,
816 775 863 823 et
905 768 1268 840 multiplicabo
1298 771 1524 839 fructum
1561 767 1713 839 tigni,
1747 771 1928 838 etquae
1951 780 2044 820 na-

441 861 729 915 scunturin
771 875 898 930 agro
943 877 960 914 :
993 867 1047 914 ut
1093 873 1195 914 non
1223 859 1496 929 accipiatis
1535 859 1675 914 ultra
1705 855 2044 930 approbrium

445 954 634 1024 famis,
677 954 734 1007 in
777 953 1102 1018 nationibus,
1155 961 1200 1006 et
1245 951 1650 1006 reminiscendni
1697 951 1804 1004 vias
1853 959 2046 1004 vestras

447 1048 720 1117 pessimus,
751 1047 1090 1119 cogitationes
1116 1054 1312 1101 vestras
1333 1061 1440 1100 non
1459 1045 1640 1114 bonas,
1669 1053 1720 1100 et
1739 1051 1843 1100 non
1863 1043 2046 1100 odistis

445 1157 532 1196 eas
563 1149 684 1194 ante
726 1142 915 1212 faciem
965 1153 1147 1195 eorum
1193 1141 1249 1195 in
1285 1139 1643 1206 iniquitatibus
1665 1139 1866 1207 vestris,
1916 1147 1961 1193 et
1992 1141 2046 1192 in

445 1233 912 1288 abominationibus
955 1247 1156 1289 eorum.
1211 1231 1336 1288 Nan
1367 1239 1580 1304 propter
1607 1241 1717 1299 ros,
1763 1247 1855 1304 ego
1885 1231 2043 1302 facio,

445 1325 575 1380 dicit
601 1323 880 1380 Dominus.
919 1324 1120 1381 Notum
1166 1335 1238 1381 est
1277 1325 1440 1390 vobis,
1476 1323 1856 1397 canfundimini
1883 1331 1928 1377 et
1965 1329 2047 1378 re-

445 1422 707 1476 vertimini
755 1421 819 1476 de
863 1421 958 1475 riis
1015 1421 1232 1486 vestris,
1279 1421 1464 1475 domus
1515 1417 1704 1474 Israel.
1749 1419 1874 1474 ﬂata
1921 1417 2048 1471 dicit

447 1513 656 1569 Adonai
684 1512 940 1568 Dominus
971 1529 990 1566 :
1021 1513 1088 1566 In
1113 1513 1219 1580 die,
1249 1523 1352 1583 qua
1380 1509 1638 1566 mandabo
1665 1525 1754 1565 vos
1782 1509 1844 1564 ab
1879 1509 2045 1564 omni-

445 1607 539 1663 bus
577 1608 936 1674 iniquitatibus
962 1608 1164 1669 vestris,
1195 1613 1242 1660 et
1275 1605 1524 1660 inebriari
1553 1605 1746 1675 faciam
1769 1605 2003 1660 civitates
2027 1645 2043 1672 ,

444 1701 500 1754 in
524 1702 694 1774 ﬁgura
732 1711 882 1754 terra:
903 1699 1090 1764 ludat,
1125 1711 1238 1769 qum
1265 1697 1412 1752 bellis
1443 1705 1640 1752 vastata
1673 1697 1840 1760 fuerat
1859 1739 1873 1762 ,
1905 1695 2044 1750 cole-

2149 479 2400 543 Ecclesia
2455 493 2599 543 nunc
2644 495 2808 554 esse,
2844 481 3229 546 manifestatur
3263 508 3277 544 :
3309 499 3364 546 et
3402 483 3551 560 quod
3579 491 3744 548 iidem

2147 579 2276 634 mali
2307 580 2555 650 quamvis
2589 585 2693 635 una
2716 585 2837 637 eum
2861 579 3066 654 populo
3099 581 3193 637 Dei
3219 597 3284 637 ex
3305 583 3564 654 gentibus
3590 599 3748 641 revo-

2147 683 2340 729 centur
2387 671 2439 728 ln
2487 681 2691 730 terrain
2727 665 2918 746 Israel,
2965 675 3151 732 tamen
3199 663 3437 732 interra
3471 693 3580 734 non
3607 679 3742 735 sint.

2159 765 2283 822 Vivo
2301 775 2412 841 ego,
2432 759 2848 836 dicitDo‘minus,
2871 761 3240 844 sirespondero
3261 769 3424 839 vobis,
3443 761 3548 828 et'si
3563 790 3748 830 ascen-

2149 855 2282 914 derit
2331 861 2386 914 in
2424 879 2513 916 cor
2550 871 2773 918 vestrum
2803 855 2922 928 hoc,
2964 875 3138 920 etnon
3167 865 3284 932 erit,
3315 866 3748 938 quemadmodum

2149 941 2320 1007 dicitis
2347 968 2455 1008 vos.
2491 952 2701 1009 Erimus
2741 956 2872 1009 sicut
2902 965 3100 1028 gentes,
3141 969 3192 1012 et
3223 957 3356 1012 sicut
3384 957 3546 1014 tribus
3569 969 3742 1028 teme,

2149 1045 2206 1100 ut
2249 1035 2532 1102 serviamus
2580 1039 2737 1122 lignis
2775 1051 2822 1104 et
2857 1037 3315 1122 lapidibusQVivo
3343 1068 3460 1122 ego,
3491 1051 3616 1106 dicit
3641 1039 3746 1108 Do-

2150 1133 2339 1206 unum,
2369 1137 2470 1194 nisi
2489 1140 2542 1193 ἰή
2574 1153 2734 1193 manu
2769 1139 2892 1212 forti
2922 1141 2968 1195 et
2999 1131 3208 1196 brachio
3234 1142 3453 1212 excelso,
3484 1141 3530 1198 et
3569 1143 3624 1198 in
3663 1145 3746 1200 ira

2150 1221 2318 1299 effusa
2341 1233 2567 1308 regnabo
2597 1239 2752 1305 super
2780 1251 2887 1304 vos,
2921 1245 2970 1292 et
2991 1233 3214 1291 educam
3253 1253 3340 1292 vos
3369 1237 3435 1292 de
3467 1227 3676 1310 populis
3697 1247 3744 1292 et

2151 1327 2398 1398 recipiam
2429 1341 2515 1382 ros
2541 1327 2606 1384 de
2634 1329 2948 1400 regionibus,
2981 1321 3033 1385 in
3059 1329 3246 1402 quibus
3286 1331 3508 1403 dispersi
3547 1333 3667 1388 estis
3692 1333 3747 1386 in

2151 1427 2309 1471 manu
2329 1419 2456 1490 forti
2484 1419 2532 1474 et
2556 1417 2766 1476 brachio
2788 1422 3012 1490 excelso,
3029 1433 3080 1477 et
3102 1423 3180 1478 ira
3197 1411 3382 1492 effusa,
3413 1435 3461 1479 et
3486 1425 3745 1480 adducant

2153 1519 2240 1564 vos
2261 1509 2322 1565 in
2351 1509 2604 1567 desertum
2638 1507 2969 1586 populorum,
3005 1523 3055 1570 et
3097 1505 3369 1586 disputabo
3399 1505 3468 1570 ad
3497 1532 3586 1572 vos
3611 1517 3746 1587 facie

2151 1589 2222 1655 ad
2247 1602 2431 1672 faciem
2463 1621 2481 1660 :
2508 1601 2944 1674 quemadmodum
2974 1597 3237 1679 disputavi
3257 1599 3328 1663 ad
3359 1618 3527 1680 patres
3553 1619 3745 1664 vestros

2152 1693 2206 1748 in
2225 1689 2425 1751 deserto
2454 1699 2603 1752 terra!
2628 1696 2873 1772 Egypti,
2904 1695 2978 1753 sic
2993 1691 3247 1772 judicabo
3275 1715 3384 1766 vos,
3419 1697 3544 1756 dicit
3565 1693 3747 1755 Domi-

449 1801 555 1858 tur,
597 1801 810 1864 propter
857 1793 994 1861 quod
1040 1791 1137 1860 fuit
1179 1791 1523 1845 exterminata
1565 1789 1658 1843 sub
1688 1787 1854 1843 oculis
1881 1789 2046 1843 omnis
2076 1791 2125 1853 Β
2151 1797 2272 1854 nus,
2299 1795 2348 1841 et
2371 1787 2602 1859 redigam
2632 1807 2719 1843 vos
2759 1783 2854 1844 sub
2884 1781 3027 1864 virga
3050 1807 3184 1858 mea,
3217 1789 3264 1846 et
3311 1789 3558 1846 inducam
3583 1808 3668 1846 vos
3693 1793 3746 1846 in

449 1885 830 1954 printer-euntis.
855 1882 920 1935 Et
937 1883 1133 1948 dicent,
1155 1879 1315 1936 Terra
1335 1881 1453 1948 illa,
1475 1897 1588 1954 qua:
1614 1883 1781 1952 fuerat
1801 1879 2047 1935 extermi-

447 1989 592 2042 nata,
623 1981 762 2048 facta
785 1985 856 2031 est
874 1979 1010 2030 sicut
1039 1975 1216 2031 hortus
1246 1973 1548 2030 deliciarum
1571 2019 1584 2042 ,
1618 1981 1664 2029 et
1694 1967 1925 2028 civitates
1955 1969 2046 2026 de-

447 2083 598 2125 sertae
622 2079 666 2124 et
693 2069 1046 2124 exterminans
1067 2077 1115 2122 et
1149 2067 1429 2135 demotitte,
1447 2067 1661 2122 munita:
1687 2061 2046 2121 consederunt.

445 2162 514 2218 Et
541 2165 702 2218 scient
729 2175 923 2236 gentes,
956 2171 1285 2234 qntccumque
1326 2163 1589 2218 derelicue
1621 2159 1814 2232 fuerint
1843 2161 1908 2232 .in
1949 2151 2052 2214 cir-

447 2260 588 2313 cuitu
635 2269 825 2326 vestro,
869 2259 1114 2329 quoniam
1161 2273 1254 2330 ego
1284 2269 1401 2311 sum
1448 2251 1724 2311 Dominus.
1760 2249 2050 2325 AEdiﬁcavi

445 2351 745 2419 demolitus,
769 2363 815 2407 et
842 2351 1074 2426 plantavi
1097 2349 1466 2405 exterminatus
1499 2367 1511 2402 :
1545 2351 1666 2420 quia
1684 2365 1774 2421 ego
1799 2345 2052 2402 Dominus

450 2445 650 2501 locutus
682 2463 798 2500 sum
827 2457 874 2499 et
905 2447 1005 2518 feci
1029 2443 1199 2518 (Ibid.
1229 2443 1322 2510 29,
1363 2441 1478 2514 58).

522 2539 820 2609 Apostolus
845 2553 1062 2609 quoque
1093 2539 1341 2605 lngresSu
1368 2535 1540 2592 Jacob
1569 2535 1898 2607 promissum
1930 2539 2053 2590 esse

447 2633 735 2688 introitum
769 2633 1012 2702 gentium
1048 2673 1064 2697 ,
1097 2631 1179 2686 sic
1211 2635 1604 2702 interpretatur
1631 2627 1843 2694 dicens,
1876 2617 2052 2683 Donec

445 2723 716 2796 plenitudo
755 2725 984 2794 gentium
1028 2723 1216 2792 intret,
1269 2733 1318 2779 et
1349 2729 1425 2778 sic
1463 2724 1632 2777 omnis
1679 2717 1850 2776 Israel
1881 2719 2052 2774 salva.

450 2817 608 2884 bitur,
641 2817 772 2871 sicut
803 2818 1056 2886 scriptam
1084 2825 1197 2870 est:
1237 2813 1420 2872 Veniet
1445 2833 1476 2870 a
1503 2815 1658 2882 Sion,
1689 2815 1775 2884 qui
1799 2811 1978 2867 liberet
2005 2821 2051 2864 et

447 2913 656 2979 auferat
703 2909 991 2982 impietates
1047 2907 1110 2964 ab
1157 2908 1325 2964 Jacob
1371 2907 1551 2982 (Rom.
1585 2919 1665 2974 XI,
1693 2905 1791 2972 ‘25,
1819 2905 1937 2978 26).
1984 2901 2052 2958 Et

449 2999 644 3056 eodem
671 3013 876 3072 genere
921 2999 1217 3057 locutionis
1267 3001 1410 3058 redit
1437 3001 1784 3071 inspeciem,
1817 2999 2047 3053 dicens:

453 3093 753 3150 Secundum
797 3095 1137 3168 Evangetium
1179 3095 1387 3167 quidem
1437 3095 1638 3149 inimici
1693 3099 1901 3165 prapter
1937 3105 2045 3145 ros.

2156 1885 2182 1914 ιι
2213 1885 2451 1946 numero,
2496 1883 2544 1934 et
2574 1871 2762 1956 eligam
2811 1877 2998 1952 impios
3047 1883 3111 1937 de
3151 1883 3293 1938 vobis
3321 1893 3370 1938 et
3407 1883 3696 1940 desertores
3727 1899 3746 1938 :

2153 1965 2398 2036 quoniam
2424 1989 2488 2028 ea:
2520 1967 2975 2046 transmigratione
2997 1993 3173 2030 eorum
3203 1969 3418 2031 eduCam
3459 1994 3568 2045 eos,
3602 1988 3648 2032 et
3693 1977 3748 2032 in

2153 2061 2346 2118 terram
2389 2061 2562 2120 Israel
2591 2083 2694 2120 non
2732 2065 3020 2134 intrabunt,
3051 2077 3095 2122 et
3127 2067 3465 2141 cognoscetis,
3502 2063 3624 2141 quia
3655 2085 3747 2142 ego

2154 2163 2270 2211 sunt
2297 2149 2554 2213 Dominus
2575 2155 2798 2228 ’(Ezech.
2834 2177 2927 2225 xx,
2961 2149 3175 2233 31,38).

2225 2247 2361 2305 Item
2393 2241 2472 2306 illi
2502 2245 2801 2322 captivitati
2827 2245 3094 2310 montium
3113 2243 3284 2312 Israei
3316 2253 3582 2327 promittit
3605 2255 3750 2314 Deus

2151 2341 2484 2410 ubertatem,
2516 2353 2570 2402 et
2599 2343 3106 2419 multiplicationcm
3141 2351 3463 2422 populorum
3497 2367 3668 2424 usque
3691 2347 3747 2409 in

2153 2427 2317 2494 linem
2348 2458 2358 2492 :
2401 2439 2681 2510 Quoniam,
2739 2431 2938 2514 inquit,
2979 2441 3234 2500 dederunt
3265 2457 3452 2500 terram
3485 2455 3626 2501 tuam
3653 2445 3750 2502 sibi

2151 2530 2208 2586 in
2239 2535 2616 2605 possessionem
2647 2553 2764 2591 cum
2781 2527 3112 2613 jucunditate
3136 2539 3508 2598 inltonorantes
3525 2543 3748 2610 animas,

2153 2627 2311 2696 atque
2337 2629 2808 2685 exlerminarerunt
2839 2631 2894 2687 in
2915 2634 3256 2689 vastationem
3273 2651 3292 2690 :
3321 2647 3616 2707 propterea,
3635 2652 3753 2706 pro-

2156 2717 2310 2788 pheta
2339 2737 2492 2790 super
2523 2727 2712 2776 terram
2741 2715 2929 2790 Israel,
2959 2735 3006 2779 et
3027 2725 3110 2780 dic
3144 2723 3400 2782 montibus
3425 2737 3476 2782 et
3515 2727 3747 2796 collibus,

2153 2817 2198 2863 et
2221 2810 2350 2864 rivis
2381 2821 2428 2864 et
2459 2809 2754 2867 nemoribus
2779 2832 2796 2867 :
2821 2809 2955 2870 Haec
3001 2809 3127 2871 dicit
3153 2811 3410 2874 Dominus
3443 2835 3463 2874 :
3493 2811 3621 2873 Ecce
3659 2833 3752 2892 ego
3853 2859 3862 2866 .

2153 2905 2206 2957 in
2232 2903 2341 2958 zelo
2369 2921 2500 2974 meo,
2539 2909 2588 2961 et
2613 2905 2666 2960 in
2695 2907 2776 2961 ira
2797 2921 2910 2962 mea
2949 2905 3150 2964 locutus
3191 2921 3326 2980 sum,
3359 2922 3566 2982 propter
3612 2911 3753 2984 quod

2153 2995 2490 3068 opprobrium
2519 3001 2749 3072 gentium
2791 2999 3028 3074 portatis.
3057 2997 3193 3058 Ecce
3213 3015 3306 3078 ego
3336 3005 3509 3060 levabo
3541 3022 3752 3060 manum

2153 3105 2317 3143 meam
2343 3107 2501 3160 super
2530 3091 2786 3160 nationes,
2810 3109 2926 3166 qute
2950 3107 3067 3150 sunt
3101 3097 3154 3151 in
3201 3099 3422 3152 circuitu
3449 3109 3635 3154 vestro.
3680 3091 3753 3152 Hi

447 3189 586 3246 item
615 3191 672 3243 in
713 3187 1004 3244 Ezechiele
1034 3189 1226 3258 incipit
1251 3189 1321 3244 ab
1350 3187 1558 3260 specie,
1593 3201 1714 3258 qua:
1757 3185 2051 3240 conveniat
2073 3175 2123 3246 C
2153 3185 2404 3257 injuriam
2424 3203 2572 3242 suam
2603 3189 2861 3260 accipient
2891 3207 2910 3245 :
2933 3185 3084 3247 vestri
3109 3199 3278 3246 autem
3311 3203 3530 3262 montes,
3558 3187 3751 3260 Israel,

449 3285 584 3340 etin
615 3297 809 3354 genus,
850 3287 906 3338 et
945 3281 1065 3336 ﬁnit
1089 3283 1142 3336 in
1173 3281 1290 3337 solo
1317 3293 1543 3352 genere,
1591 3279 1906 3344 ostendens,
1941 3285 2052 3332 ter-

447 3387 568 3434 ram
615 3385 831 3449 patrum
883 3377 1072 3433 mundi
1118 3391 1242 3433 esse
1287 3373 1726 3447 possessionem:
1763 3371 1889 3428 Haec
1927 3371 2051 3426 dicit

453 3469 710 3526 Dominus
738 3488 756 3526 :
785 3469 924 3525 Ecce
965 3487 1059 3542 ego
1091 3470 1347 3542 accipiam
1396 3485 1598 3524 omnem
1642 3467 1851 3521 domum
1881 3463 2053 3520 Israel

455 3565 521 3620 de
548 3565 713 3619 medio
748 3566 998 3637 gentium,
1033 3563 1087 3617 in
1127 3581 1254 3632 quas
1285 3563 1501 3634 ingressi
1529 3571 1651 3616 sunt
1681 3561 1812 3626 illic,
1847 3569 1894 3614 et
1931 3573 2052 3611 con-

451 3657 677 3728 gregalia
705 3673 788 3712 eos
827 3657 890 3710 ab
938 3655 1174 3710 omnibus
1205 3655 1292 3727 qui
1315 3663 1432 3708 sunt
1460 3655 1514 3708 in
1541 3654 1764 3708 circuitu
1785 3667 1982 3719 eorum,
2006 3659 2053 3705 et

453 3749 696 3803 inducant
734 3766 818 3805 eos
851 3752 902 3804 in
943 3759 1130 3804 terram
1177 3747 1386 3816 Israel,
1429 3757 1476 3802 et
1517 3749 1756 3818 princeps
1802 3761 1936 3800 unus
1959 3743 2053 3798 erit

455 3861 652 3900 eorum.
686 3843 754 3898 Et
807 3861 912 3898 non
965 3853 1116 3898 erunt
1168 3843 1307 3898 ultra
1345 3847 1398 3896 in
1425 3841 1556 3896 duas
1581 3851 1779 3913 gentes,
1812 3856 1904 3894 nec
1929 3839 2056 3893 divi-

456 3937 642 3990 dentur
665 3937 805 3991 ultra
832 3937 886 3990 in
916 3937 1021 3990 duo
1050 3953 1209 4007 regna
1234 3953 1251 3990 :
1281 3951 1344 3989 ne
1363 3935 1775 3990 contaminentur
1801 3931 1974 3986 adhuc
1997 3931 2054 3986 in

456 4029 749 4084 simulacris
798 4029 925 4082 suis.
986 4027 1050 4082 Et
1083 4028 1310 4083 liberabo
1337 4045 1424 4082 eos
1451 4027 1515 4080 ab
1548 4025 1783 4080 omnibus
1809 4023 2056 4095 iniquitas-

460 4121 592 4175 tibus
622 4137 820 4188 eorum,
853 4119 1036 4190 quibus
1065 4131 1403 4192 peccaverunt
1440 4119 1493 4173 in
1535 4120 1628 4185 eis,
1673 4119 1720 4173 et
1761 4115 2054 4172 emundabo

456 4229 562 4280 eos,
591 4221 640 4269 et
662 4223 810 4268 erunt
829 4213 954 4266 mihi
983 4213 1036 4268 in
1058 4213 1334 4283 populum,
1363 4221 1410 4266 et
1440 4228 1531 4283 ego
1557 4209 1810 4264 Dominus
1830 4225 1920 4264 ero
1949 4205 2055 4263 illis

456 4309 510 4364 in
541 4305 709 4362 Deum
751 4308 972 4380 (Ezeclt.
1005 4322 1210 4375 xxxvu,
1240 4305 1456 4378 2135).

531 4403 732 4470 Aperte
783 4404 976 4458 transit
1024 4405 1076 4457 in
1109 4415 1282 4472 genus
1318 4420 1330 4455 :
1373 4399 1440 4455 Et
1469 4417 1648 4456 servus
1693 4413 1833 4455 meus
1886 4397 2056 4454 David

460 4491 697 4562 princeps
726 4491 779 4544 in
811 4491 978 4546 medio
1009 4509 1186 4546 eorunt
1216 4491 1334 4558 erit,
1391 4489 1578 4547 Pastor
1624 4499 1758 4547 unus
1800 4493 2052 4558 omnium,

2153 3292 2303 3330 uvam
2343 3285 2392 3332 et
2425 3277 2650 3350 fructum
2691 3291 2912 3335 vestrum
2950 3283 3274 3337 manducabit
3313 3275 3540 3354 populus
3587 3291 3750 3352 meus,

2153 3367 2244 3436 qui
2280 3369 2667 3440 appropinquat
2695 3371 2885 3426 venire.
2931 3365 3068 3440 Quia
3094 3381 3205 3428 ecce
3234 3387 3322 3445 ego
3363 3388 3517 3442 super
3544 3389 3655 3440 vos,
3705 3381 3754 3426 et

2155 3459 2414 3525 colemini,
2467 3471 2514 3516 et
2555 3455 2933 3518 seminabimini
2961 3481 2980 3519 :
3018 3476 3065 3520 et
3093 3461 3452 3538 multiplicabo
3485 3482 3640 3536 super
3665 3471 3754 3520 tios

2154 3561 2314 3607 totam
2353 3553 2562 3608 domum
2607 3551 2779 3610 Israel
2819 3573 2983 3628 usque
3019 3557 3072 3611 in
3103 3559 3282 3628 finem,
3313 3567 3359 3612 et
3390 3555 3754 3613 habitabantur

2155 3647 2407 3714 civitates,
2433 3651 2481 3700 et
2509 3663 2624 3717 quae
2646 3648 2893 3703 desolata:
2919 3659 3086 3716 erant,
3109 3649 3505 3716 tediﬁcabuntur
3533 3639 3750 3722 (Ezech.

2159 3755 2347 3808 xxxvr,
2385 3737 2562 3810 5,10).
2597 3739 2733 3796 Item
2763 3737 2879 3798 illic
2903 3744 3048 3800 velut
3069 3745 3124 3799 in
3149 3745 3442 3800 novissima
3477 3759 3755 3800 resurrec-

2158 3833 2328 3900 tione,
2349 3827 2524 3903 prima
2553 3833 2891 3903 signiﬁcatur
2919 3855 2928 3890 :
2964 3835 3190 3894 Locutus
3211 3845 3307 3904 est,
3337 3835 3532 3908 inquit,
3551 3833 3622 3891 ad
3649 3853 3749 3905 me,

2155 3923 2371 3980 dicens:
2394 3919 2505 3982 Fili
2527 3921 2772 3992 hominis,
2791 3945 2908 3983 ossa
2925 3927 3054 3994 inec,
3082 3929 3245 3985 omnis
3268 3929 3452 3984 domus
3473 3917 3750 3984 Israclest.

2155 4017 2272 4088 Ipsi
2303 4019 2487 4072 dicunt
2514 4035 2531 4072 :
2559 4017 2721 4074 Arida
2751 4023 2891 4091 facta
2911 4029 3032 4077 sunt
3056 4037 3175 4077 ossa
3200 4031 3400 4088 nostra,
3419 4020 3614 4076 interiit
3637 4037 3753 4090 spes

2159 4127 2358 4184 nostra,
2389 4115 2785 4188 exspirarimus.
2817 4113 3104 4191 Pr0pterea
3124 4117 3374 4191 prapheta
3399 4127 3444 4172 et
3467 4113 3550 4171 dic
3575 4133 3590 4172 :
3625 4113 3753 4172 Hac

2159 4209 2286 4264 dicit
2307 4207 2566 4267 Dominus
2591 4227 2608 4267 :
2657 4211 2787 4270 Ecce
2814 4230 2907 4288 ego
2935 4213 3168 4286 aperiam
3210 4221 3536 4268 monumenta
3561 4215 3748 4276 vestra,

2159 4313 2206 4358 et
2232 4303 2445 4358 educam
2467 4321 2555 4359 vos
2597 4303 2660 4359 de
2699 4307 3047 4362 monumentis
3071 4305 3251 4361 vestris
3274 4347 3288 4376 ,
3315 4315 3362 4361 et
3395 4303 3636 4360 inducam
3663 4307 3750 4359 tios

2157 4391 2213 4451 in
2257 4409 2445 4454 (errant
2495 4395 2684 4465 Israel,
2719 4409 2767 4454 et
2797 4401 2994 4466 scietis,
3021 4399 3148 4472 quia
3185 4417 3279 4472 ego
3317 4389 3595 4464 Dominus,
3636 4412 3752 4450 cum

2157 4496 2387 4564 aperiam
2412 4494 2650 4564 sepulcra
2679 4507 2866 4560 vestra,
2898 4505 2947 4549 et
2974 4495 3190 4550 educam
3219 4495 3284 4549 de
3305 4491 3642 4548 monumentis
3659 4507 3754 4562 po-

457 4583 622 4651 quiin
659 4581 927 4653 prwceptis
957 4583 1084 4636 meis
1114 4575 1473 4649 ambulabunt,
1506 4589 1555 4638 et
1585 4585 1793 4655 judicia
1822 4600 1932 4638 mea
1966 4597 2057 4638 cu-
2083 4565 2136 4633 Ῐ)
2161 4589 2343 4660 pulunt
2386 4604 2576 4655 meum,
2615 4597 2662 4642 et
2700 4587 2832 4642 dabo
2866 4588 3110 4659 spiritum
3152 4603 3322 4642 meum
3357 4587 3412 4642 in
3451 4601 3560 4652 vos,
3609 4593 3656 4637 et
3679 4583 3754 4637 vi-

458 4675 704 4740 stodient,
728 4683 774 4728 et
791 4676 978 4745 facient
995 4693 1076 4742 ea,
1097 4684 1143 4730 et
1161 4675 1516 4730 inhabitabunt
1535 4677 1587 4730 in
1608 4687 1745 4730 terra
1772 4693 1887 4744 sua,
1903 4693 2056 4750 quam

461 4781 552 4838 ego
572 4767 689 4820 dedi
721 4783 863 4820 servo
893 4783 1001 4822 meo
1031 4765 1215 4836 Iacob,
1257 4767 1344 4822 ubi
1371 4767 1724 4824 habita-verunt
1758 4781 1932 4842 patres
1971 4788 2058 4827 eo-

459 4875 593 4924 rum,
626 4865 676 4914 et
711 4859 1010 4914 habitabant
1047 4857 1100 4914 in
1127 4877 1184 4914 ea
1215 4861 1345 4933 ipsi,
1395 4869 1446 4916 et
1479 4861 1648 4916 David
1695 4873 1872 4918 servus
1911 4880 2056 4920 meus

461 4955 696 5026 princeps
741 4962 923 5007 eorum
967 4955 1022 5008 in
1067 4951 1286 5021 δίκαια,
1341 4961 1388 5008 et
1439 4949 1712 5026 disponant
1765 4949 1873 5010 illis
1901 4963 2055 5010 testa-

461 5056 684 5100 mentum
713 5048 872 5119 pacis,
905 5053 950 5100 et
981 5053 1337 5102 testamentum
1372 5057 1618 5102 (sternunt
1647 5047 1742 5102 erit
1769 5057 1886 5101 cum
1919 5047 2048 5104 illis.

459 5131 530 5192 Et
577 5147 765 5208 panum
811 5147 990 5194 sancta
1015 5149 1128 5192 mea
1159 5139 1213 5193 in
1236 5137 1407 5192 medio
1433 5149 1608 5194 eorum
1637 5140 1692 5193 in
1737 5143 1960 5208 stecula,
2002 5151 2049 5196 et

457 5233 556 5285 erit
579 5233 826 5286 habitatio
849 5249 959 5286 mea
987 5233 1040 5287 in
1067 5229 1193 5302 illis,
1213 5241 1260 5288 et
1277 5247 1364 5287 ero
1385 5231 1494 5287 illis
1515 5223 1696 5288 Deus:
1720 5241 1768 5288 et
1785 5233 1885 5304 ipsi
1903 5244 2052 5290 erunt

459 5323 588 5378 mihi
623 5323 872 5395 populus.
906 5323 971 5378 Et
991 5325 1146 5380 scient
1175 5333 1370 5396 gentes,
1392 5327 1512 5396 quia
1539 5339 1628 5399 ego
1653 5335 1763 5380 Sunt
1801 5315 2053 5383 Dominus

461 5417 548 5484 qui
569 5419 835 5488 sancti/ito
849 5433 952 5482 eos,
982 5415 1106 5472 dum
1135 5425 1258 5472 sunt
1279 5425 1456 5472 sancta
1479 5420 1536 5473 in
1555 5419 1728 5474 medio
1747 5429 1943 5489 eorum,
1969 5421 2052 5476 di-

459 5511 525 5562 cit
555 5507 809 5566 Dominus
833 5501 1406 5584 (Ibid.,2tl,28).item
1435 5512 1548 5569 illic
1572 5507 1814 5584 egressu!
1847 5515 2056 5586 diSper-

453 5603 630 5660 isi-onis
660 5601 856 5676 tsraet,
881 5607 1126 5679 gentium
1155 5605 1359 5664 tnsem
1377 5603 1698 5664 natantum.

461 5853 468 5860 ,
535 5797 562 5829 ι
600 5785 906 5848 Invincutis
933 5789 1142 5864 fuderit
1177 5787 1332 5863 γυιε.
1365 5787 1421 5850 in
1449 5787 1650 5850 Eseeh.
1679 5801 1772 5860 xx,
1801 5787 1893 5847 81.

2159 4673 2281 4736 retis
2319 4697 2338 4736 :
2363 4691 2412 4736 et
2438 4697 2630 4751 ponam
2660 4697 2746 4736 vos
2788 4697 2943 4753 super
2974 4689 3163 4736 (errant
3191 4689 3439 4746 vestram,
3492 4685 3539 4732 et
3581 4675 3754 4730 scietis

2155 4774 2276 4843 quia
2305 4789 2399 4845 ego
2427 4789 2542 4827 sum
2574 4771 2833 4828 Dominus
2853 4773 3070 4845 (Ezeclt.
3112 4787 3316 4840 xxxv",
3345 4759 3556 4839 ΗΜ).

2227 4855 2506 4935 Numquid
2549 4865 2858 4935 perspicue,
2891 4873 3016 4920 cum
3063 4859 3578 4926 resmrexertmus,
3621 4867 3753 4914 tunc

2153 4956 2393 5013 sciemus
2423 4957 2736 5026 Dominum,
2759 4963 2814 5014 et
2841 4965 2948 5013 non
2973 4961 3282 5024 nummum
3307 4949 3749 5026 perbaptismum

2155 5047 2536 5119 resurgimus?
2575 5045 2683 5103 Aut
2729 5049 2932 5104 mortui
2973 5055 3235 5120 poterunt
3283 5039 3472 5102 mare
3513 5055 3530 5098 ι
3589 5039 3752 5097 Arida

2158 5147 2298 5214 facta
2333 5149 2454 5198 sunt
2495 5149 2614 5197 assa
2652 5151 2828 5197 nostra
2847 5139 3038 5215 (Ibid.,
3069 5135 3182 5213 11),
3207 5147 3268 5196 ut
3297 5133 3497 5196 met-tto
3521 5135 3750 5192 marinis

2155 5239 2209 5296 id
2241 5233 2570 5311 premisSum
2603 5245 2724 5295 esse
2751 5237 3081 5295 credamus?
3103 5231 3244 5307 Quid
3273 5225 3419 5292 enim
3447 5231 3534 5290 est
3569 5235 3753 5287 sacra-

2157 5335 2348 5399 menti,
2381 5339 2448 5388 ne
2477 5333 2530 5388 tn
2563 5325 2878 5404 ambiguum
2911 5329 3147 5398 veni-ret,
3177 5325 3391 5400 aperuit
3423 5319 3586 5381 Deus.
3615 5319 3750 5378 Nam

2157 5425 2225 5483 de
2261 5425 2558 5483 novissima
2599 5425 2780 5482 carnis
2813 5424 3238 5491 resurretnioue,
3273 5419 3553 5478 nexantem
3591 5415 3752 5474 Chri-

2159 5521 2400 5577 SIianut‘n
2425 5515 2708 5578 credimus
2737 5515 3011 5576 dubitare.
3041 5513 3116 5574 Et
3159 5509 3426 5574 Dominus
3449 5509 3750 5571 satiandum

2158 5611 2427 5671 Joannem
2477 5615 2574 5670 has
2623 5614 3062 5672 resurrectiones
3124 5603 3480 5678 manifestat,
3525 5599 3750 5664 dicens:
