4132 6176
535 146 605 204 ⁵9
1951 186 2249 256 ΤιοιιοΝιι
2289 203 2453 263 AFRl
3766 249 3840 306 ω

535 272 699 306 1151111ίὲ
745 277 890 306 nunn
929 280 1144 306 avem-na
1230 293 1361 306 κη-..
1415 285 1549 306 n-_,,
1710 294 1721 306 ο
1903 301 1952 306 --Α

531 272 699 328 usque
745 277 891 323 nunc
929 280 1182 342 exstant,
1227 293 1362 350 quas
1415 285 1554 344 Deus
1599 294 1813 360 penitus
1843 301 1993 369 tolli,
2024 321 2057 360 n

527 358 828 412 restaurari
874 361 1105 422 dixerat.
1139 369 1194 424 ln
1241 373 1560 449 alienigenis
1589 395 1768 442 autem
1820 393 2129 455 civitatibus

524 442 828 505 Ecclesium
856 460 1140 515 conveniri
1173 477 1420 534 apertum
1462 485 1545 529 est
1591 475 1643 530 in
1685 481 1967 542 Ezechiele
1992 531 2004 554 ,
2038 494 2125 547 cui

521 551 649 596 cum
683 544 946 605 Dominus
972 551 1200 622 diceret,
1253 565 1551 630 praedicere
1584 570 1865 631 interitum
1899 582 1950 634 in
1983 583 2126 640 The-

522 647 668 700 man,
707 654 830 708 qum
862 653 948 698 est
973 645 1146 712 Esau,
1175 661 1231 706 et
1261 655 1313 708 in
1347 656 1562 728 Dagon,
1607 667 1752 735 quod
1784 679 1866 726 est
1915 673 2126 733 idolum

520 725 955 801 allophylorum,
991 739 1270 799 intellexit
1319 751 1634 817 parabolam
1674 775 1799 816 esse
1827 764 2122 825 adversum

519 815 865 880 Hierusalem
921 838 975 884 et
1028 815 1540 904 templumrFactus
1569 859 1678 914 est,
1711 851 1923 923 inquit,
1956 876 2123 915 sermo

514 909 728 970 Domini
757 919 826 972 ad
847 938 946 985 me,
985 924 1163 983 dicens
1189 947 1209 984 :
1237 930 1350 987 Fili
1378 939 1626 1007 hominis,
1650 946 1905 1014 conﬁrma
1932 955 2121 1021 faciem

512 1015 654 1062 tuam
702 1027 857 1083 super
900 1014 1154 1087 Theman,
1203 1028 1400 1096 respice
1434 1030 1490 1082 in
1519 1031 1742 1106 Dagon,
1769 1014 2023 1112 prOph'eta
2067 1047 2119 1101 in

505 1099 691 1156 silvam
739 1122 990 1165 summam
1022 1111 1201 1187 Nages
1235 1135 1253 1172 :
1280 1119 1420 1175 Audi
1449 1127 1651 1182 verbum
1702 1129 1935 1189 Domini.
1993 1138 2118 1195 Htec

507 1193 632 1248 dicit
674 1195 932 1257 Dominus
974 1221 993 1258 :
1026 1205 1182 1276 Ecce,
1233 1228 1324 1281 ego
1369 1215 1640 1274 incendam
1685 1224 1738 1277 in
1763 1236 1810 1279 te
1855 1227 2047 1299 ignem,
2072 1243 2118 1288 et

501 1290 731 1346 comedet
781 1295 834 1348 in
890 1307 938 1351 te
982 1315 1129 1355 omne
1155 1301 1357 1375 lignum
1397 1311 1579 1393 viride,
1640 1324 1687 1369 et
1733 1335 1881 1374 omne
1918 1323 2116 1393 lignum

499 1382 725 1438 aridum.
758 1388 881 1442 Non
910 1395 1265 1466 exstinguetur
1283 1403 1496 1469 flamma
1526 1408 1739 1465 incensa
1769 1423 1816 1467 et
1846 1419 2117 1473 cumbure-

499 1481 584 1526 tur
607 1475 663 1530 in
681 1493 741 1531 ea
767 1484 931 1537 omnis
951 1487 1153 1554 fuciesa
1174 1491 1450 1549 subsolano
1469 1503 1706 1568 usquead
1717 1506 2031 1575 aquilonem,
2058 1522 2114 1566 ut

499 1578 774 1635 cognoscat
795 1575 964 1629 omnis
985 1593 1128 1645 caro,
1147 1583 1268 1651 quia
1293 1601 1384 1656 ego
1407 1586 1662 1647 Dominus
1682 1600 1928 1653 succendi
1955 1602 2104 1671 illud,

497 1675 600 1713 non
633 1664 988 1736 exstinguetur
1014 1671 1175 1726 ultra.
1203 1673 1419 1744 Etdixi,
1448 1697 1573 1750 non,
1607 1683 1847 1743 Domine.
1878 1690 1993 1762 Ipsi
2016 1695 2100 1750 di-

496 1763 618 1806 cunt
659 1756 731 1809 ad
772 1775 894 1813 me:
937 1760 1130 1818 Nonne
1175 1768 1426 1834 parabole
1471 1783 1547 1828 est
1595 1777 1726 1844 lucc,
1758 1798 1873 1851 qua:
1912 1756 2104 1841 dicitur

493 1841 710 1914 (Ezech.
739 1865 834 1914 xx,
868 1850 1104 1926 45,49)?
1131 1856 1201 1912 Et
1230 1860 1404 1929 factus
1425 1875 1524 1932 est,
1556 1841 1956 1939 inquit,'sermo
1993 1878 2105 1932 Do-

490 1935 616 1990 mini
641 1939 710 1992 ad
736 1957 836 2007 me,
864 1943 1082 2002 dicens:
1105 1947 1418 2021 Propterea,
1451 1957 1530 2025 ﬁli
1557 1935 1782 2016 hominis
1799 2004 1814 2030 ,
1847 1967 2102 2037 prapheta

487 2038 536 2082 et
583 2032 837 2100 conﬁrma
877 2038 1068 2106 faciem
1109 2049 1251 2096 tuam
1296 2048 1364 2098 ad
1415 2046 1771 2120 Hierusalem,
1820 2061 2101 2129 respiciens

486 2134 666 2179 sancta
687 2143 863 2182 eorum
884 2146 904 2184 :
926 2142 973 2185 et
997 2136 1332 2206 prophetabis
1355 2158 1510 2213 super
1532 2156 1726 2203 terram
1751 2149 1941 2208 Israel.
1967 2156 2101 2213 Haec

488 2215 610 2270 dicit
642 2217 895 2277 Dominus
929 2239 949 2278 :
977 2224 1116 2282 Ecce
1163 2246 1257 2302 ego
1287 2233 1505 2291 educam
1548 2241 1783 2312 gladium
1823 2262 1992 2302 meum
2033 2251 2099 2304 de

489 2308 675 2378 vagina
699 2327 796 2366 sua
826 2332 846 2368 .'
874 2323 924 2368 et
959 2316 1262 2388 disperdam
1287 2324 1352 2379 de
1388 2336 1436 2381 te
1456 2308 1722 2386 inimicum
1748 2344 1797 2390 et
1823 2337 2092 2407 injustam.

487 2395 579 2452 Sic
605 2401 740 2456 exiet
765 2404 978 2474 gladius
1003 2425 1146 2466 meus
1175 2412 1240 2468 de
1261 2418 1448 2486 vagina
1470 2437 1564 2476 sua
1585 2440 1737 2496 super
1757 2443 1958 2484 omnem
1979 2448 2096 2486 car-

485 2505 600 2544 nem
642 2509 674 2546 a
715 2495 996 2554 subsolano
1035 2519 1198 2572 usque
1234 2508 1304 2560 ad
1340 2511 1631 2580 aquilonem
1653 2558 1666 2583 ,
1699 2528 1748 2572 et
1775 2522 1902 2575 sciet
1928 2527 2095 2580 omnis

481 2598 628 2648 caro,
656 2587 776 2651 quia
797 2605 890 2660 ego
917 2609 1030 2647 sum
1059 2593 1336 2668 Dominus,
1364 2606 1454 2672 qui
1489 2609 1636 2662 emisi
1663 2612 1899 2681 gladium
1923 2633 2093 2672 meum

480 2674 546 2729 de
572 2678 761 2751 vagina
788 2697 905 2750 sua,
937 2701 1040 2740 non
1065 2691 1362 2760 egredietur
1387 2696 1551 2753 ultra.
1576 2698 1863 2775 Conﬁrma,
1889 2709 2087 2780 inquit,

476 2767 662 2836 facient
711 2782 872 2842 luant,
930 2795 1086 2848 super
1136 2782 1392 2856 Theman,
1449 2802 1498 2845 et
1555 2797 1752 2866 respice
1799 2802 1854 2854 in
1902 2801 2090 2877 Dagon

477 2857 696 2929 (Ezech.
728 2881 843 2933 xxx,
878 2870 1015 2942 1,5).
1060 2873 1129 2929 Et
1157 2875 1556 2949 interpretatus
1579 2857 1664 2942 est
1685 2889 1876 2947 dicens

474 2956 626 3024 firma
654 2963 839 3031 faciem
870 2975 1014 3022 tuam
1043 2971 1115 3024 ad
1148 2972 1498 3043 Hierusalem,
1532 2991 1580 3037 et
1602 2987 1801 3054 respice
1825 2991 1879 3043 in
1902 3004 2086 3049 sancta

473 3063 668 3105 eorum.
698 3054 766 3108 Et
805 3059 1046 3114 ostendit
1087 3063 1140 3116 in
1181 3079 1396 3123 omnem
1435 3070 1802 3145 Hierusalem,
1841 3081 2072 3140 dicens;

470 3139 787 3213 Disperdam
814 3150 878 3202 de
919 3161 968 3205 te
1006 3154 1274 3212 inimicum
1313 3171 1363 3214 et
1403 3163 1676 3235 injustam.
1717 3171 1793 3224 lta
1830 3172 2071 3230 futurum

467 3238 800 3306 generaliter
827 3241 904 3296 ait
936 3260 950 3296 :
982 3243 1074 3300 Sic
1107 3251 1239 3303 exiet
1270 3253 1478 3322 gladius
1507 3273 1651 3312 meus
1691 3278 1850 3330 super
1872 3283 2072 3322 onmem

462 3341 669 3382 carnem
690 3347 722 3383 a
752 3333 1032 3391 subsolana
1062 3355 1222 3410 usque
1259 3344 1329 3396 ad
1371 3347 1688 3410 aquilonem.
1727 3352 1982 3413 Ostendit
2012 3359 2068 3414 in

461 3418 804 3481 Hierusalem
837 3443 960 3485 esse
988 3430 1255 3502 Tlteman,
1279 3453 1444 3508 quam
1473 3442 1586 3498 illic
1610 3445 1754 3502 Deus
1784 3449 2064 3521 interﬁcit,

458 3523 514 3570 et
545 3516 753 3590 Dagon,
792 3533 848 3577 et
891 3525 1073 3581 omnia
1106 3533 1470 3590 exsecrabilia
1510 3539 1760 3607 gentium
1795 3558 2066 3614 operante

2064 322 2125 362 ec
2152 319 2206 377 Α
2233 316 2357 374 Νοη
2378 335 2510 392 erat,
2536 327 2727 398 inquit,
2754 335 2876 402 ﬁnis
2895 341 3172 408 gentilibus
3194 348 3336 403 illius
3359 367 3379 405 :
3408 369 3522 409 cum
3549 368 3677 412 esset
3705 362 3836 415 civi-

2231 421 2312 466 tas
2343 417 2500 471 unius
2539 424 2727 492 gentis.
2776 426 2844 481 Et
2885 429 3078 488 iterum
3117 455 3130 490 :
3172 437 3538 515 Multiplicasti
3577 466 3837 511 mercatus

2231 515 2345 561 tuos
2376 527 2531 580 super
2559 526 2702 570 astra
2727 522 2862 589 caeli,
2900 526 2950 579 id
2982 538 3098 595 est,
3129 531 3452 592 Ecclesiam.
3485 541 3553 596 Et
3585 546 3781 602 iterum
3818 568 3832 605 :

2230 598 2402 671 Super
2438 623 2587 676 quem
2625 628 2726 665 non
2756 618 2892 672 venit
2919 623 3127 678 malitia
3159 638 3248 682 tua
3276 638 3517 704 semper?
3555 637 3833 712 Numquid

2227 697 2401 761 potuit
2421 701 2576 758 unius
2597 705 2830 766 civitatis
2855 715 3080 783 malitia,
3100 734 3263 789 super
3287 742 3502 784 omnem
3525 730 3827 804 hominem,

2225 796 2318 842 aut
2355 805 2574 864 semper
2615 800 2851 867 venisse,
2903 808 3003 862 nisi
3055 811 3218 880 illius,
3261 833 3418 887 quam
3462 822 3594 879 Cain
3639 827 3832 886 l'ratris

2225 884 2491 953 sanguine
2517 888 2761 948 fundavit
2791 901 3010 956 nomine
3040 902 3135 959 lilii
3164 909 3271 974 sui,
3309 911 3359 966 id
3394 925 3498 982 est,
3533 922 3828 986 posterita-

2225 974 2332 1029 tis?
2376 977 2714 1042 Manifestins
2753 991 2930 1048 adhuc
2971 995 3131 1053 docet
3173 1001 3467 1073 Propheta,
3521 1011 3826 1074 Ecclesium

2222 1081 2342 1123 esse
2365 1069 2578 1129 Ninive.
2604 1075 2672 1131 Et
2693 1085 2950 1152 extendet,
2974 1087 3167 1159 inquit,
3193 1111 3399 1152 manum
3419 1118 3566 1156 suam
3585 1105 3640 1160 in
3660 1108 3828 1178 Aqui-

2221 1161 2391 1218 lonem
2425 1167 2504 1235 (id
2535 1179 2650 1238 est,
2689 1178 2949 1246 populum
2978 1184 3114 1240 solis
3142 1188 3380 1247 alienum
3413 1195 3680 1256 adversus

2219 1254 2514 1332 ridianum)
2543 1273 2588 1316 et
2609 1268 2787 1332 perdet
2811 1273 3078 1345 Assyrium
3101 1279 3292 1353 (SOph.
3319 1301 3379 1349 ιι,
3407 1288 3514 1358 15).
3544 1292 3614 1348 Ει
3639 1254 3821 1354 illud:

2221 1346 2434 1419 Ninive,
2459 1360 2814 1416 exterminium
2838 1367 2948 1421 sine
2971 1387 3106 1442 aqua
3127 1377 3178 1429 in
3205 1378 3465 1436 desertum
3488 1401 3508 1439 :
3532 1396 3578 1440 et
3601 1406 3823 1459 pascen-

2217 1450 2302 1495 tur
2333 1445 2387 1498 in
2412 1449 2583 1502 medio
2609 1455 2722 1524 ejus
2743 1473 2940 1530 greges,
2979 1480 3153 1522 omnes
3178 1471 3349 1529 bestia:
3388 1485 3542 1533 terra?
3571 1491 3618 1535 et
3641 1501 3818 1540 came-

2216 1535 2372 1591 Ieonti
2391 1581 2404 1603 ,
2435 1551 2483 1595 et
2507 1541 2640 1597 hirci
2664 1548 2715 1602 in
2757 1551 3084 1621 laquearibus
3110 1565 3224 1634 ejus
3257 1568 3535 1638 cubabant,
3557 1585 3606 1628 et
3639 1576 3821 1634 bestia:

2215 1642 2388 1684 vocem
2414 1634 2610 1691 dabunt
2648 1641 2700 1693 in
2741 1645 2896 1713 fossis
2928 1651 3064 1719 ejus,
3114 1665 3160 1708 et
3192 1663 3331 1715 corvi
3377 1666 3431 1718 in
3481 1671 3643 1738 portis
3673 1677 3813 1746 ejus,

2742 1709 2751 1713 -
2948 1709 2966 1718 -
3050 1709 3063 1719 ,
3199 1709 3264 1712 γη
3287 1709 3329 1715 ν-
3378 1709 3431 1718 υ..
3481 1709 3642 1738 rvi-ID
3673 1709 3813 1746 (quo,

2131 1709 2178 1769 Β
2203 1726 2447 1792 quoniam
2479 1731 2664 1788 cedrus
2695 1735 2921 1795 altitudo
2944 1747 3077 1816 ejus.
3105 1747 3298 1808 Civitas
3323 1771 3673 1834 contemnens,
3697 1785 3816 1838 qua:

2217 1817 2240 1838 Ι-
2256 1836 2265 1838 -
2285 1818 2303 1838 L
2318 1820 2351 1838 Β.
2393 1831 2404 1838 .
2434 1823 2445 1834 ο
2801 1833 2829 1838 --
2873 1837 2881 1838 ί

2210 1817 2404 1874 habitat
2426 1823 2480 1877 in
2499 1842 2610 1896 spe,
2643 1845 2757 1898 qum
2777 1833 2903 1889 dicit
2927 1838 2980 1891 in
3008 1843 3162 1897 corde
3185 1862 3278 1898 suo
3303 1864 3321 1902 :
3342 1847 3457 1922 Ego
3479 1871 3614 1923 sum,
3636 1817 3812 1917 etnon

2205 1923 2281 1967 est
2307 1927 2424 1986 post
2452 1935 2532 1974 me
2559 1921 2748 1993 (lbid.,
2779 1929 2867 1994 13,
2897 1932 3010 2004 15).
3040 1937 3106 1992 Et
3125 1939 3304 1999 adhuc
3331 1961 3344 1998 :
3375 1921 3643 2015 Quomodo
3672 1961 3812 2027 facta

3378 2005 3414 2015 -ν
3551 2005 3559 2006 ί
3580 2005 3603 2008 "
3619 2005 3631 2008 '
3672 2005 3685 2027 1
3699 2005 3810 2013 """‘

2204 2014 2278 2058 est
2295 2005 2349 2059 in
2375 2013 2698 2083 exterminio,
2724 2035 2922 2088 pascua
2945 2026 3264 2090 bestiarum?
3290 2035 3490 2108 Omnis,
3518 2047 3608 2112 qui
3633 2059 3810 2105 trans.-

2203 2095 2242 2150 it
2262 2115 2354 2170 per
2394 2103 2540 2158 illam
2560 2148 2575 2174 ,
2601 2107 2829 2167 sibilabit
2849 2127 2898 2169 et
2918 2124 3136 2177 movebit
3162 2143 3345 2184 manus
3365 2095 3490 2186 suas

2206 2188 2250 2242 0
2283 2192 2502 2253 illustris
2529 2209 2577 2254 et
2606 2202 2873 2278 redempta
2910 2213 3121 2281 civitas,
3168 2220 3425 2289 columba,
3460 2188 3576 2295 qlia:
3599 2188 3807 2288 audivit

2199 2300 2394 2357 vocem,
2443 2309 2544 2349 non
2578 2301 2768 2370 recepit
2814 2305 3164 2377 disciplinam,
3211 2315 3265 2367 in
3311 2315 3538 2374 Domino
3581 2341 3688 2380 non
3729 2340 3806 2383 est

2196 2384 2430 2453 conﬁsa,
2493 2399 2542 2444 et
2599 2393 2669 2446 ad
2715 2395 2995 2456 Dominum
3050 2422 3202 2461 suum
3257 2427 3359 2466 non
3410 2419 3805 2491 apprOpinqua-

2196 2474 2286 2528 vit.
2332 2477 2606 2551 Principes
2652 2490 2766 2559 ejus
2809 2491 2862 2544 in
2903 2511 2986 2556 ea.
3033 2507 3090 2551 ut
3139 2501 3310 2557 leones
3354 2508 3664 2577 frementes;
3703 2519 3804 2587 ju-

2200 2565 2306 2587 ΑΒ--
2426 2574 2437 2585 ⁸
2717 2579 2727 2587 ⁸
2808 2583 2820 2587 ‘
2899 2583 2905 2587 ’
2994 2586 2998 2587 ν

3354 2565 3365 2577 ι
3645 2565 3658 2577 ⁷
3703 2565 3770 2587 J"

2194 2565 2334 2624 dices
2386 2574 2533 2642 ejus,
2601 2587 2657 2630 ut
2707 2579 2820 2650 lupi
2871 2583 3114 2655 Arabite,
3181 2609 3282 2648 non
3343 2599 3688 2671 relinquentes
3743 2608 3798 2663 in

2195 2677 2359 2719 mane.
2394 2663 2671 2737 Prop/telae
2695 2675 2824 2742 ejus,
2857 2679 3048 2747 spiritu
3074 2683 3215 2753 elati,
3250 2689 3347 2743 viri
3387 2705 3788 2768 contemptores.

2193 2754 2502 2814 Sacerdotes
2547 2768 2660 2836 ejus
2699 2770 3012 2840 praphetant
3054 2793 3234 2847 sacra,
3280 2792 3328 2837 et
3360 2793 3385 2821 ⁸
3429 2791 3791 2850 conscelerant

2189 2852 2389 2923 legem;
2422 2855 2670 2914 Dominus
2701 2875 2870 2920 autem
2883 2872 3084 2940 justus,
3122 2874 3174 2928 in
3206 2880 3397 2948 templo
3427 2887 3540 2955 ejus
3568 2903 3674 2942 non
3708 2893 3790 2960 fa-

2188 2945 2284 3000 ciet
2328 2951 2580 3022 injnstum
2610 2954 2804 3028 (Sapit.
2831 2977 2909 3026 ιιι,
2945 2963 3080 3035 1,5).
3117 2945 3383 3040 ,Έεγριιιδ
3425 2945 3554 3032 iiem
3596 2945 3788 3050 bipdr-

2191 3039 2285 3094 lita
2328 3053 2429 3098 est.
2477 3042 2634 3115 Ecce,
2680 3049 2873 3121 inquit,
2919 3053 3172 3115 Dominus
3213 3065 3349 3116 sede!
3398 3083 3551 3137 super
3598 3074 3783 3128 nubem

2183 3131 2363 3200 levem,
2391 3147 2439 3190 et
2473 3141 2608 3195 venit
2634 3145 2691 3198 in
2728 3144 3017 3218 lEgyptum
3057 3152 3192 3224 (Isa.
3228 3174 3339 3226 χιιι,
3372 3131 3508 3231 1,3').
3550 3163 3777 3238 [Ntthes,

2181 3240 2379 3297 corpus
2405 3242 2487 3284 est
2513 3234 2798 3301 spiritualc
2822 3251 2944 3307 post
2969 3243 3331 3316 Baptismum,
3355 3262 3409 3306 et
3431 3234 3657 3312 claritas
3677 3260 3776 3317 lilii

2178 3318 2438 3377 hominis.
2467 3325 2681 3382 Primus
2713 3339 2796 3384 est
2836 3335 2980 3389 enim
3011 3336 3281 3395 adventus
3323 3344 3536 3402 Domini
3571 3350 3777 3420 iugiter

2177 3426 2407 3482 corpore
2446 3432 2546 3470 suo
2575 3420 2847 3476 venientis
2869 3465 2884 3489 ,
2929 3429 3071 3482 sicut
3102 3429 3236 3486 dicit
3261 3450 3274 3486 :
3298 3433 3498 3492 Amodo
3535 3442 3776 3502 videbitis

2175 3507 2451 3563 venientem
2479 3511 2531 3564 in
2560 3511 2776 3568 nubibus
2802 3517 2939 3590 caeli]
2961 3530 3009 3574 et
3033 3526 3443 3583 comminuentur
3469 3539 3775 3607 manufacta

2173 3599 2397 3674 ngypli
2431 3621 2463 3657 a
2494 3606 2630 3674 facie
2673 3608 2836 3674 illius,
2869 3620 2916 3664 et
2946 3629 3034 3665 cor
3063 3615 3294 3684 ipsorum
3346 3624 3693 3684 minorabitur
3719 3633 3777 3686 in

453 3607 574 3664 lilio
616 3613 787 3668 David
833 3615 1126 3676 Salomone
1157 3620 1210 3677 in
1246 3623 1370 3680 [iliis
1401 3628 1552 3695 suis,
1597 3647 1708 3702 quo
1746 3607 1907 3690 etiam
1952 3641 2064 3694 evi-

451 3701 644 3759 denter
669 3705 884 3778 dejecta
930 3713 1131 3783 templa
1173 3715 1268 3772 Dei
1298 3726 1355 3773 et
1383 3701 1670 3790 demolita,
1703 3735 1868 3796 atque
1900 3731 2063 3798 spiri-

450 3798 668 3853 tualiter
694 3810 911 3870 exusta,
946 3806 1176 3876 projecit
1203 3809 1257 3863 in
1293 3819 1600 3869 torrentem
1623 3855 1638 3879 ,
1668 3817 1720 3872 id
1745 3830 1851 3887 est,
1881 3835 2056 3876 saecu-

453 3885 588 3956 lum,
617 3893 707 3961 qui
737 3896 980 3950 nascitur
999 3897 1147 3954 illius
1173 3899 1343 3957 David
1365 3902 1568 3973 Josias,
1599 3919 1655 3962 ut
1686 3885 2060 3982 disrumpatur

448 3979 622 4037 altare
654 3982 706 4037 in
740 3983 969 4052 ,Bethel,
1001 3988 1144 4044 sicut
1174 3993 1438 4063 scriptum
1467 4006 1546 4052 est
1577 4014 1591 4051 :
1621 4000 1798 4055 Altare
1821 4043 1834 4066 ,
1865 4005 2052 4071 altare,

448 4073 559 4129 haec
584 4074 709 4130 dicit
735 4074 1012 4148 Dominus,
1047 4079 1184 4137 Ecce
1215 4085 1360 4153 ﬁlius
1383 4104 1629 4144 nascetur
1663 4093 1728 4147 de
1765 4095 1916 4148 domo
1950 4097 2058 4150 Da-

445 4167 531 4221 vid
572 4184 592 4222 :
621 4168 798 4226 Josias
825 4188 1011 4228 nomen
1061 4175 1146 4230 illi
1183 4177 1274 4248 (lll
1316 4179 1449 4253 Reg.
1479 4199 1594 4250 xut,
1626 4184 1706 4258 9.).
1754 4187 1948 4244 Ninive
1978 4191 2055 4245 ci-

446 4265 582 4320 vitas
621 4265 1079 4338 alienigenarum,
1115 4271 1393 4342 bipartitae
1434 4277 1694 4334 Ecclesiae
1736 4280 1909 4351 ligura
1944 4294 2047 4339 est.

2170 3695 2296 3761 illis,
2323 3706 2368 3749 et
2391 3709 2667 3770 exsurgent
2697 3699 2940 3772 zEgyptii
2959 3722 3111 3777 super
3131 3709 3434 3784 A'Igyptios.
3455 3728 3507 3772 et
3529 3718 3556 3757 δ
3580 3740 3769 3792 expur-

2167 3791 2307 3864 gabit
2338 3792 2490 3846 homo
2512 3797 2730 3864 fratrem
2752 3813 2903 3851 suum
2931 3809 2978 3854 et
3010 3803 3161 3856 homo
3185 3808 3479 3875 proximum
3509 3831 3696 3879 suum,
3723 3828 3768 3872 et

2168 3888 2417 3957 pugnabit
2465 3889 2646 3944 civitas
2693 3902 2874 3946 contra
2922 3896 3199 3965 civitatem,
3253 3915 3299 3956 et
3349 3921 3592 3982 exsurget
3642 3929 3766 3986 gens

2164 4000 2319 4052 super
2348 3997 2548 4054 gentem
2578 3987 2791 4057 (Matth.
2822 4006 2965 4058 xxtv,
2993 3993 3111 4062 50),
3145 3995 3195 4049 id
3219 4007 3333 4064 est,
3364 4001 3642 4074 Atlgyptus
3675 4025 3765 4061 su-

2164 4093 2260 4148 per
2290 4077 2609 4151 Egyptum,
2655 4090 2713 4139 et
2748 4084 2834 4139 lex
2863 4101 3031 4157 supra
3073 4090 3270 4160 legem,
3313 4108 3510 4152 sensus
3548 4103 3761 4157 scilicet

2159 4171 2488 4254 diversitate:
2533 4176 2636 4230 sub
2690 4193 2793 4232 una
2846 4179 2962 4251 lege
3016 4200 3027 4234 :
3087 4183 3151 4237 Et
3202 4188 3488 4242 turbabitur
3542 4195 3760 4264 spiritus

2158 4244 2532 4337 zquptioruin
2556 4270 2608 4324 in
2638 4272 2787 4340 ipsis,
2810 4284 2860 4328 et
2880 4277 3212 4346 cogitationes
3234 4297 3410 4336 eorum
3430 4284 3751 4360 dispergam.

441 4355 550 4411 Sed
577 4361 706 4428 quia
729 4360 981 4417 ordinem
1005 4362 1300 4422 lectionem
1325 4367 1738 4440 interpretando
1763 4376 2048 4446 prosequi,
2156 4359 2225 4414 Et
2255 4369 2538 4433 Ροειτιυειιιι
2568 4381 2712 4422 nunc
2737 4371 2924 4437 εθηθτί
2957 4374 3222 4474 ξρθεῖοιηο
3246 4393 3401 4479 "mne
3428 4397 3604 4485 Bellus
3634 4399 3754 4486 ερεξ-

441 4448 660 4502 longum
693 4461 816 4502 est:
849 4455 983 4502 satis
1020 4456 1146 4502 erit-
1177 4461 1322 4502 mmrl
1363 4465 1549 4502 enm-in
1592 4470 1890 4502 nnnunnis-n
1937 4487 2043 4502 nm.
2077 4489 2122 4502 ..
2153 4454 2253 4502 ciei
2291 4455 2617 4502 miscuisset,
2661 4459 2858 4502 ndippit
2917 4462 3108 4502 διριιηε
3139 4482 3152 4494 ο
3194 4464 3285 4502 n..
3313 4479 3485 4502 Mm...
3524 4474 3615 4502 .11..
3659 4487 3750 4502 ιη...

439 4448 660 4520 longum
693 4461 816 4506 est:
849 4455 983 4508 satis
1020 4456 1148 4524 erit.
1177 4461 1324 4529 quod
1363 4465 1549 4531 specie
1592 4470 1891 4524 convenire
1936 4487 2043 4525 non
2075 4489 2128 4549 ι)
2153 4454 2254 4509 eiei
2291 4455 2622 4526 ιιιίεουῖεεθῑν
2661 4459 2884 4530 adice“.
2917 4462 3109 4578 dicitis
3139 4482 3152 4519 ε
3185 4464 3285 4523 Die
3313 4479 3488 4524 autem
3521 4474 3633 4578 illo.
3654 4476 3750 4578 erit

439 4554 620 4578 nnlncl
669 4545 852 4578 Αἴθῃ-’Λ
931 4547 1056 4578 ναι-ο
1125 4550 1296 4578 :.......:.
1399 4553 1581 4578 A1:-.:_.-
1641 4559 1775 4578 _,-_,,-.,
2154 4551 2314 4578 nn---
2365 4549 2569 4578 n-...:...-
2614 4553 2666 4578 ξ..
2713 4556 2922 4578 ..,-ι----
3018 4572 3025 4578 ,
3155 4566 3180 4578 ,ι
3445 4574 3454 4578 -
3504 4577 3509 4578 ,

436 4554 624 4614 p0test
669 4545 873 4602 dicere.
922 4547 1074 4615 Erat,
1124 4550 1340 4623 inquit,
1388 4553 1582 4610 Ninive
1630 4559 1810 4613 civitas
1853 4577 2044 4633 magna

437 4632 628 4673 [Inulae
657 4651 716 4673 Ill
771 4638 828 4673 ῗξὶ
857 4655 868 4668 ι
903 4639 1039 4673 σιΑηΛ
1086 4657 1208 4673 “nn.
1238 4654 1381 4673 Anan!
1416 4647 1640 4673 ...Ι-...κω
1678 4649 1788 4673 11,-
1841 4663 1894 4673 --.
1925 4670 2004 4673 _-,

2196 4551 2314 4603 ltare
2358 4549 2569 4606 Domini
2613 4553 2668 4607 in
2711 4556 2922 4627 regione
2963 4557 3367 4631 Egi/phorum,
3406 4574 3456 4618 et
3493 4566 3633 4620 tituli
3680 4571 3751 4621 ad

2196 4645 2395 4673 νυωὲιαιι.
2427 4648 2535 4673 ...‘....
2575 4646 2788 4673 n-...:..-
2845 4649 2954 4673 L‘...'.
2991 4665 3071 4673 λυ.
3191 4658 3201 4668 ο
3302 4659 3312 4670 ο
3517 4662 3526 4673 ο
3654 4671 3662 4673 -

437 4632 628 4704 (.lonte
657 4651 739 4702 ιιι,
771 4638 828 4710 ’5)
857 4655 869 4691 :
901 4639 1061 4706 adeo,
1085 4657 1209 4696 cum
1237 4654 1385 4700 esset
1415 4647 1642 4703 adversa
1678 4649 1813 4717 Dco,
1841 4663 1898 4706 ut
1924 4670 2042 4710 me-

437 4729 664 4797 trOpolis
707 4729 1095 4801 Assyriorum,
1146 4751 1268 4806 quae
1322 4746 1379 4792 et
1435 4739 1742 4797 Samariam
1800 4744 2037 4806 delevit.

2196 4645 2395 4699 'rminos
2422 4648 2535 4713 ejus
2564 4646 2810 4702 Domino.
2837 4649 2954 4705 Erit
2981 4665 3152 4708 autem
3185 4658 3236 4710 in
3266 4659 3473 4732 signum
3509 4662 3562 4714 in
3597 4671 3745 4715 teter-

2196 4750 2272 4787 um
2303 4732 2550 4802 Domino,
2586 4739 2638 4792 in
2670 4741 2877 4806 regione
2907 4742 3285 4806 Egyptiorum
3316 4749 3451 4806 (lsa.
3482 4767 3594 4806 χιχ.
3630 4747 3736 4806 l9).

434 4729 664 4797 trOpolis
707 4729 1095 4801 Assyriorum,
1146 4751 1268 4806 quae
1322 4746 1379 4792 et
1435 4739 1742 4797 Samariam
1800 4744 2037 4817 delevit,

434 4825 486 4852 nl
527 4833 745 4852 nmina.“
799 4820 1033 4852 luam“...
1083 4840 1301 4852 mnu---
1364 4835 1637 4852 -_,-_--_2.
1734 4850 1746 4852 -
1810 4837 1822 4852 ι
1879 4839 1891 4851 ο
1980 4842 2006 4852 ..

2196 4750 2272 4787 um
2303 4732 2550 4802 Domino,
2586 4739 2638 4792 in
2670 4741 2877 4811 regione
2907 4742 3285 4815 Egyptiorum
3316 4729 3451 4817 (lsa.
3465 4767 3594 4852 :tx,

431 4825 489 4872 et
527 4833 746 4875 omnem
791 4820 1034 4883 Judaeum
1082 4840 1301 4899 semper
1357 4835 1642 4901 oppressit
1682 4852 1694 4887 ε
1727 4837 1823 4892 sed
1876 4839 1931 4894 in
1976 4842 2036 4894 ﬁ-
2145 4826 2262 4881 Non
2291 4827 2428 4883 dixit
2462 4847 2474 4882 :
2509 4828 2696 4885 licebit
2723 4847 2844 4888 esse
2869 4835 3127 4893 altaread
3154 4839 3735 4943 terminosﬁgyptiin

431 4924 558 4943 ηιμ-α
617 4912 872 4943 πηηιριοι...
926 4917 1252 4943 .........a:....-_.-
1308 4921 1429 4943 ιη.-
1520 4926 1569 4943 οι
1692 4939 1702 4943 -
1795 4929 1851 4943 η.
1903 4933 1915 4943 .
2141 4931 2403 4943 M.-__,--_.
2445 4938 2455 4943 _
2492 4923 2582 4943 --ι
2657 4925 2750 4943 Δνο.
2817 4927 2853 4943 μ
2959 4928 3009 4943 ι.
3053 4931 3064 4943 .

426 4924 560 4982 gura
613 4912 872 4970 Ecclesiae
926 4917 1256 4987 praedicante
1299 4921 1460 4991 Iona,
1517 4926 1572 4981 id
1625 4939 1735 4995 est,
1788 4929 2030 5002 Clu-fug,
2138 4931 2407 4976 aeternum
2443 4938 2456 4975 Ξ
2489 4923 2613 4987 sed,
2648 4925 2774 4980 erit.
2817 4927 3066 4984 Ezechiel
3093 4946 3224 4985 vero
3258 4945 3503 5038 apertius
3544 4944 3733 5061 Oslfltl-I

429 5006 610 5061 omnis
665 5010 894 5061 Omnino
942 5011 1167 5061 liberata
1225 5027 1328 5061 est,
1398 5018 1598 5061 Furiam
1657 5023 1850 5061 Νἰηίυο
1908 5045 2014 5061 nm,
2135 5014 2214 5061 dil
2246 5024 2414 5061 lnlum
2444 5018 2704 5061 mmnlum
2731 5036 2856 5061 ρςαρ
2907 5022 3188 5061 Αἶσυηιιηη
3252 5026 3439 5061 dmum
3469 5044 3482 5057 ο
3513 5026 3558 5061 n
3588 5028 3692 5061 Αιοι

429 5006 610 5061 omnis
665 5010 894 5065 omnino
941 5011 1168 5068 liberata
1225 5027 1329 5071 est.
1395 5018 1598 5076 Eadem
1653 5023 1850 5082 Ninive
1908 5045 2028 5082 om-

429 5097 558 5133 nim.
605 5098 916 5133 incum-mu:
955 5102 1231 5133 D.....I......
1281 5108 1514 5133 ......:.--.._
1558 5113 1813 5133 4-,_,,-.-.
2014 5122 2026 5133 .

2198 5026 2214 5068 t
2246 5024 2414 5072 totum
2444 5018 2704 5075 mundum
2731 5036 2856 5078 esse
2896 5022 3214 5096 Egyptum,
3252 5026 3442 5081 dicens
3469 5044 3483 5081 :
3513 5026 3558 5081 0
3587 5026 3723 5080 dies.‘

428 5097 558 5152 nino
603 5098 918 5171 insequenti
955 5102 1233 5174 Propheta
1281 5108 1518 5177 peritura
1552 5113 1908 5185 describitur,
1940 5122 2026 5176 cui

428 5190 730 5229 nunriis-anc
786 5193 1090 5229 “nn-innec
1133 5198 1346 5229 C.‘..........
1412 5215 1480 5229 --ι
1548 5205 1681 5229 1--._
1749 5211 1792 5229 ,-,,
1957 5225 1965 5229 .

2196 5113 2254 5164 ia
2282 5131 2443 5184 prope
2471 5125 2546 5170 est
2585 5116 2695 5172 dies
2740 5117 2969 5184 Domini,
3005 5120 3114 5174 dies
3143 5122 3312 5188 nubis,
3347 5122 3467 5190 ﬁnis
3504 5121 3728 5194 gentium

423 5190 732 5262 pratdicans
782 5193 1045 5252 Dominus
1077 5216 1090 5251 :
1125 5198 1347 5272 Signum
1405 5215 1480 5259 est
1532 5205 1684 5263 Jome
1744 5211 1797 5264 in
1854 5225 2030 5269 ventre

426 5287 522 5338 ceti
553 5283 784 5357 (Matth.
818 5302 916 5354 xu,
949 5288 1057 5356 40;
1089 5289 1219 5346 Luc.
1263 5310 1343 5358 ιι,
1373 5296 1504 5358 ΞΟ).
1537 5299 1714 5358 Atque
1743 5313 1799 5356 ιιι
1829 5315 1884 5358 et
1911 5306 2025 5358 inse

2196 5207 2231 5259 it
2255 5223 2273 5261 :
2299 5219 2345 5261 et
2373 5209 2536 5264 veniet
2557 5211 2766 5282 gladius
2789 5229 2944 5283 super
2971 5212 3276 5284 1Egyptios.
3307 5215 3371 5270 Et
3399 5217 3578 5284 jungit
3604 5229 3729 5282 Spe-

2196 5315 2272 5354 em
2301 5320 2314 5354 :
2344 5301 2414 5357 Et
2449 5304 2544 5356 erit
2583 5305 2834 5358 tumultus
2868 5308 2921 5358 in
2957 5305 3260 5358 zEt/tionia.
3303 5317 3349 5358 et
3392 5311 3574 5358 cadent
3616 5305 3727 5358 vul-

426 5287 522 5338 ceti
553 5283 784 5357 (Matth.
818 5302 916 5354 xu,
949 5288 1057 5356 40;
1089 5289 1219 5346 Luc.
1263 5310 1343 5361 ιι,
1373 5296 1504 5365 ΞΟ).
1537 5299 1714 5370 Atque
1743 5313 1799 5356 ut
1829 5315 1884 5359 et
1911 5306 2025 5376 ipse

426 5371 698 5446 Propheta
726 5379 998 5446 ostendit,
1030 5397 1140 5438 non
1171 5399 1296 5440 esse
1323 5386 1475 5442 illam
1507 5389 1781 5449 civitatem
1812 5399 2026 5450 snecia—

2196 5315 2272 5354 em
2301 5320 2314 5354 :
2344 5301 2414 5357 Et
2449 5304 2544 5356 erit
2583 5305 2834 5358 tumultus
2868 5308 2921 5359 in
2957 5283 3260 5374 zEthiopia,
3303 5317 3349 5362 et
3392 5311 3574 5362 cadent
3616 5305 3727 5360 vul-

2197 5395 2298 5447 ιάιί
2334 5395 2388 5448 in
2419 5395 2687 5450 lEaunlo.
2721 5408 2768 5450 et
2809 5396 2993 5450 cadent
3030 5400 3365 5450 fundamenta
3404 5401 3512 5450 eius
3537 5440 3550 5450 .
3591 5396 3722 5450 Per-

424 5371 698 5446 Propheta
726 5379 998 5446 ostendit,
1030 5397 1140 5438 non
1171 5399 1296 5440 esse
1323 5386 1475 5442 illam
1507 5389 1781 5449 civitatem
1812 5399 2026 5466 specia—

424 5465 552 5538 lem,
576 5472 876 5539 interponit
892 5473 1096 5539 aliqua,
1121 5491 1241 5539 quae
1262 5482 1465 5539 speciei
1486 5483 1708 5539 modum
1734 5490 2020 5539 excedant-

2197 5395 2298 5447 rati
2334 5395 2388 5448 in
2419 5395 2687 5468 nggpto,
2721 5408 2768 5452 et
2809 5396 2993 5452 cadent
3027 5400 3365 5469 fundamenta
3404 5401 3512 5471 ejus
3537 5440 3550 5461 ,
3591 5396 3722 5451 Per-

2196 5503 2202 5536 !
2258 5501 2307 5539 et
2357 5485 2554 5539 Cretes-
2610 5500 2660 5539 et
2713 5489 2884 5539 Ludi-
2940 5501 2988 5539 et
3039 5509 3213 5539 omnes
3264 5492 3625 5539 canmusticii-
3673 5495 3723 5539 et

421 5465 552 5538 lem,
576 5472 876 5544 interponit
892 5473 1096 5546 aliqua,
1121 5491 1241 5548 quae
1262 5482 1465 5550 speciei
1486 5483 1708 5542 modum
1734 5465 2020 5547 excedant.
2131 5503 2202 5546 sa:
2258 5501 2307 5544 et
2357 5485 2554 5558 Cretes,
2610 5500 2660 5546 ει
2713 5489 2884 5562 Lydi,
2940 5501 2988 5547 ετ
3039 5509 3213 5548 omnes
3264 5503 3625 5558 εοηιηιεδιιοιιν
3673 5504 3700 5541 ε

496 5661 524 5693 ⁸
563 5654 754 5714 Graece
786 5658 1071 5731 βιϐηλοῦσι
1097 5659 1398 5732 profanant.

2199 5672 2225 5710 ι)
2252 5671 2397 5743 Lege
2423 5671 2760 5745 expugnabit.
