4132 6176
336 351 397 410 ιι
1458 343 1662 402 LIBER
1703 338 1789 400 DE
1831 338 2110 402 SEPTEM
2150 338 2462 406 REGULIS.

3547 352 3617 410 ﬂ

339 467 430 537 filii
472 463 740 520 testamenti
783 463 903 532 mei,
954 464 1133 537 gladio
1181 465 1366 520 cadent
1416 466 1472 521 in
1515 483 1576 521 ea
1618 483 1736 522 cum
1784 465 1910 532 ipsis
1937 465 2070 528 Ain
2113 476 2326 540 stupore
2372 467 2584 533 mentis,
2636 467 2908 535 stupebant
2953 475 3000 523 et
3031 468 3282 526 timebunt
3327 470 3382 525 in
3410 471 3621 528 interitu

340 559 540 631 (Eucti.
591 575 710 614 xxx.
763 557 908 629 3—5).
968 556 1081 613 Hoc
1125 568 1310 614 autem
1369 558 1570 614 factum
1619 567 1739 626 est,
1789 573 1913 613 cum

345 663 456 724 post
498 651 758 706 excidium
807 649 1214 707 descenderent
1254 650 1308 706 in
1352 649 1674 722 Egyptum,
1725 659 1782 706 et
1824 664 1918 706 oc-

341 747 632 802 ciderentur
671 744 787 799 illic
827 760 856 796 a
898 742 1405 800 Nabuchodonosor
1445 743 1746 799 secundum
1789 742 1916 798 Ilie-

345 839 512 896 retnite
550 837 1039 910 prepbetationem.
1081 835 1205 892 Fiet
1242 845 1426 892 autem
1471 847 1524 892 et
1561 834 1912 907 generaliter,

345 931 618 988 novissimo
667 929 781 997 die,
831 928 1050 1001 quando
1103 944 1228 985 cum
1277 929 1548 1002 Ᾱῐῃριὶίδ
1602 929 1696 984 lilii
1745 935 1913 984 testa-

340 1024 494 1082 menti
521 1025 848 1094 ceciderint,
879 1024 1262 1097 Egyptiorum
1295 1039 1450 1080 more
1480 1024 1745 1080 viventes.
1781 1024 1914 1079 Item

339 1131 428 1188 per
457 1115 789 1173 Ezechielem
821 1116 1059 1172 minatur
1085 1116 1230 1172 Deus
1257 1117 1374 1187 regi
1399 1114 1781 1186 Egyptiorum
1807 1155 1822 1179 ,
1861 1120 1918 1168 ct

338 1213 447 1285 ejus
476 1213 835 1282 multitudini,
866 1213 1013 1286 quod
1038 1222 1229 1270 essent
1257 1211 1534 1269 terribiles
1566 1213 1621 1265 in
1648 1219 1869 1264 sanctos
1897 1248 1911 1274 ,

338 1305 467 1362 inter
489 1306 843 1363 circumcisus
869 1306 1115 1376 deputati
1154 1323 1168 1359 :
1198 1304 1343 1375 quod
1366 1319 1474 1360 nou
1498 1303 1780 1370 convenit,
1806 1301 1912 1357 nisi

334 1397 388 1454 in
408 1397 504 1457 Eos
530 1440 543 1464 ,
570 1400 659 1470 qui
688 1398 791 1455 sibi
819 1397 1241 1454 circumcisione
1263 1437 1278 1464 ,
1314 1395 1365 1452 id
1405 1403 1526 1464 est,
1555 1395 1724 1450 sacris
1754 1393 1912 1448 blan-

335 1491 559 1548 diuntur.
597 1493 864 1561 Quoniam
905 1493 1072 1564 igitur
1100 1491 1254 1548 dedit
1281 1491 1531 1546 timorem
1563 1504 1720 1544 suum
1749 1503 1916 1561 super

339 1591 526 1643 terram
565 1583 688 1640 vitai
731 1601 745 1638 :
785 1591 849 1640 ut
883 1584 1152 1640 dormiret
1194 1583 1245 1637 in
1285 1581 1464 1639 medio
1509 1580 1917 1636 incircumcisu-

333 1690 445 1732 rum
474 1677 779 1734 vulneratus
805 1675 986 1747 gladio
1015 1675 1259 1743 Pharao,
1305 1684 1361 1730 et
1401 1674 1577 1730 omnis
1623 1672 1914 1728 multitudo

333 1768 449 1840 ejus
475 1785 594 1825 cum
624 1771 740 1840 ipso
761 1812 776 1836 ,
819 1770 953 1824 dicit
992 1769 1278 1824 Dominus.
1320 1767 1390 1822 Et
1420 1769 1530 1823 illic
1559 1783 1589 1822 a
1617 1781 1820 1837 genere
1845 1765 1912 1822 ad

2019 570 2127 625 tuo,
2159 571 2206 615 et
2231 563 2560 633 ingemiscent
2585 581 2741 635 super
2768 576 2835 627 te,
2865 575 2911 621 et
2931 566 3182 636 accipient
3203 565 3620 623 lamentationem

2018 658 2064 704 et
2095 653 2259 707 dicent
2285 656 2378 708 tibi
2407 673 2427 710 :
2457 656 2727 724 Quomodo
2756 660 3017 714 destructa
3048 668 3121 714 est
3167 659 3231 714 de
3270 661 3406 714 mari
3443 662 3622 717 civitas

2016 744 2109 798 illa
2135 744 2438 816 laudabilis,
2465 765 2581 819 qua:
2607 751 2747 805 dedit
2774 753 3010 807 timorem
3036 769 3188 808 suum
3209 754 3447 808 omnibus
3472 754 3624 809 inha-

2017 835 2296 894 bitantibus
2341 840 2398 894 in
2426 857 2486 896 ea
2507 843 2533 896 1'
2558 853 2604 897 et
2631 845 2876 900 timebunt
2915 847 3101 902 insula:
3129 863 3193 902 ex
3218 847 3302 903 die
3329 848 3498 904 ruina:
3525 857 3627 906 tute

2019 927 2236 998 (Ezech.
2271 947 2398 989 xxv:
2417 975 2432 1000 ,
2467 935 2656 1003 15-18,
2685 954 2786 991 sec.
2819 937 2959 994 LXX
2985 938 3004 1010 )
3033 956 3048 994 :
3080 939 3161 995 Ad
3187 941 3466 996 clamorem
3490 945 3626 999 vocis

2017 1031 2140 1089 tute,
2173 1025 2544 1095 gubernatores
2575 1030 2648 1083 tui
2673 1031 2855 1086 timore
2886 1033 3164 1103 timebunt,
3193 1046 3242 1091 et
3271 1037 3536 1093 discedent
3562 1039 3628 1094 de

2017 1116 2231 1172 navibus
2260 1136 2432 1176 omnes
2461 1124 2679 1194 remiges
2700 1125 2776 1178 tui
2806 1135 2855 1180 et
2884 1137 3108 1182 vectores
3137 1137 3186 1184 et
3218 1140 3438 1198 proreta:
3466 1132 3627 1187 maris

2015 1222 2171 1274 super
2195 1220 2382 1265 terrant
2422 1213 2633 1269 stabant
2652 1258 2666 1282 ,
2711 1226 2758 1271 et
2788 1216 3060 1273 ululabunt
3089 1237 3244 1291 super
3273 1233 3322 1278 te
3350 1239 3468 1278 voce
3493 1240 3589 1279 sua
3607 1266 3625 1294 ,

2017 1307 2064 1352 et
2091 1300 2387 1358 clamabunt
2438 1321 2592 1375 super
2621 1316 2670 1360 te
2699 1324 2933 1362 amarum
2951 1350 2965 1376 ,
2994 1302 3048 1366 et
3074 1311 3335 1382 imponent
3363 1330 3516 1384 super
3542 1332 3629 1369 ca-

2017 1403 2110 1464 put
2135 1411 2284 1450 suum
2310 1407 2530 1462 terram,
2559 1408 2609 1455 et
2657 1403 2875 1456 cinerem
2900 1413 3146 1469 sternent,
3180 1414 3226 1458 et
3262 1407 3516 1477 accipient
3541 1425 3628 1463 su-

2019 1503 2112 1556 per
2136 1497 2182 1544 te
2211 1490 2632 1548 lamentationem
2676 1495 2924 1564 ﬁliorum,
2951 1499 3236 1552 laureatum
3263 1498 3418 1557 Soor.
3447 1501 3627 1569 Quan-

2017 1590 2124 1635 tum
2151 1583 2388 1639 inuenisti
2417 1589 2668 1641 mercedis
2696 1589 2760 1643 de
2786 1590 2958 1643 mari?
2989 1591 3207 1646 Satiain
3251 1605 3424 1663 gentes
3452 1595 3631 1649 multi-

2017 1671 2198 1727 tudine
2242 1683 2332 1729 tua
2361 1715 2376 1739 ,
2404 1687 2450 1729 et
2477 1693 2510 1730 a
2555 1679 2918 1733 commixtione
2946 1689 3034 1733 tua
3081 1679 3410 1751 locupletasti
3454 1700 3632 1740 omnes

2017 1781 2161 1836 reges
2191 1775 2364 1822 terrae.
2394 1767 2552 1823 Nunc
2574 1780 2743 1824 autem
2767 1773 3068 1826 contristota
3095 1790 3148 1828 es
3173 1776 3226 1829 in
3248 1777 3400 1843 mari,
3426 1778 3479 1831 in
3509 1794 3632 1850 pro-

333 1865 556 1935 speciem
587 1884 602 1919 :
636 1862 760 1920 Hart:
787 1865 913 1919 dicit
940 1863 1191 1918 Dominus
1217 1880 1235 1918 :
1261 1861 1662 1933 Circumjaciam
1685 1871 1732 1915 te
1752 1875 1912 1928 super
1941 1851 1990 1911 B
2016 1855 2178 1925 fundo
2206 1875 2356 1930 aqua:
2399 1863 2694 1917 commixtio
2743 1874 2833 1919 tua
2851 1909 2866 1933 ,
2900 1875 2946 1919 et
2978 1868 3145 1921 omnis
3166 1871 3500 1942 congregatio
3539 1879 3631 1926 tua

335 1969 506 2015 terram
533 1959 841 2030 populorum
869 1962 1148 2014 multorum
1191 1969 1239 2014 et
1269 1958 1541 2014 extraham
1578 1965 1626 2010 te
1667 1956 1721 2010 in
1759 1956 1913 2009 homo

335 2069 459 2120 meo,
501 2063 545 2107 ct
584 2054 860 2109 extendam
902 2063 949 2107 te
994 2069 1148 2124 super
1177 2051 1347 2122 campi
1387 2051 1503 2104 tui:
1533 2057 1580 2104 et
1609 2049 1914 2102 constituam

339 2163 476 2215 super
512 2158 554 2202 te
598 2164 776 2202 omnes
815 2163 931 2201 aves
963 2145 1100 2211 cteli,
1150 2154 1197 2198 et
1233 2145 1476 2198 saturabo
1519 2158 1691 2197 omnes
1731 2141 1915 2195 bestias

332 2239 561 2294 universae
600 2249 753 2295 terra:
781 2255 800 2293 :
840 2249 886 2293 et
915 2238 1046 2292 dabo
1077 2254 1254 2292 carnes
1285 2247 1400 2291 tuas
1426 2251 1580 2306 super
1610 2243 1826 2299 montes,
1870 2241 1915 2286 et

327 2333 554 2389 saturabo
583 2334 831 2407 sanguine
870 2343 959 2388 tuo
987 2333 1166 2400 colles,
1205 2342 1250 2386 et
1282 2331 1535 2402 rigabitur
1569 2339 1705 2384 terra
1727 2327 1786 2381 ab
1809 2325 1913 2395 his,

321 2443 433 2498 quae
466 2427 528 2483 de
567 2438 614 2484 te
657 2427 970 2498 procedunt;
1011 2444 1040 2480 a
1078 2426 1412 2480 multitudine
1453 2434 1540 2479 tua
1576 2424 1630 2477 in
1661 2421 1916 2477 montibus

322 2535 495 2590 vepres
523 2522 745 2592 implebo
771 2523 862 2578 abs
891 2533 962 2588 te,
992 2533 1040 2577 et
1069 2523 1362 2592 cooperiam
1385 2520 1567 2576 calum
1588 2534 1704 2574 cum
1724 2517 1918 2572 exstin-

320 2613 517 2683 gueris,
532 2623 579 2667 et
601 2614 872 2668 obscurabo
893 2624 1034 2669 astra
1057 2617 1193 2686 ejus,
1215 2612 1376 2668 solem
1392 2613 1446 2666 in
1469 2611 1603 2665 nube
1623 2617 1914 2681 contegunt,

319 2712 368 2757 et
391 2704 532 2760 Iunce
557 2723 661 2760 non
683 2706 865 2762 lucebit
895 2708 1070 2762 lumen
1099 2709 1234 2779 ejus.
1270 2703 1458 2758 Omnia
1487 2719 1602 2774 qua:
1628 2703 1800 2757 lucent
1828 2701 1914 2755 lu-

318 2800 447 2853 mine
469 2799 522 2853 in
549 2800 677 2855 caelo
697 2800 1128 2866 obscurabuntur,
1151 2808 1199 2853 et
1223 2799 1359 2853 dabo
1381 2797 1616 2852 tenebras
1637 2811 1792 2868 super
1811 2803 1917 2848 ter-

316 2908 421 2945 ram
454 2902 630 2958 tuam,
677 2894 800 2947 dicit
849 2892 1124 2948 Dominus.
1155 2891 1342 2962 Jungit
1380 2891 1619 2961 speciem
1651 2907 1663 2942 :
1694 2887 1763 2942 Et
1792 2902 1918 2941 exa-

314 2987 518 3056 sperabo
537 3003 634 3040 cor
659 2987 972 3058 populorum
996 2986 1278 3041 multorum
1302 3000 1320 3038 :
1349 3000 1464 3038 cum
1491 2982 1679 3036 ducam
1703 2979 1918 3046 captivi-

317 3088 460 3135 tatem
489 3092 638 3136 tuam
665 3083 721 3136 in
747 3083 1000 3148 nationes,
1039 3081 1094 3134 in
1124 3089 1334 3145 terram,
1375 3094 1529 3147 quam
1566 3092 1668 3130 non
1706 3088 1917 3128 noveras

314 3173 519 3241 (Ezech.
549 3189 708 3230 xxx"
728 3215 744 3240 ,
775 3174 920 3244 4-8).
967 3171 1191 3227 Excedit
1223 3171 1459 3241 Speciem
1497 3187 1511 3224 :
1544 3167 1613 3222 Et
1640 3163 1914 3222 contrista-

315 3240 496 3321 buntur
551 3282 722 3338 super
780 3275 829 3319 te
871 3240 1049 3320 multa:
1098 3240 1360 3328 nationes,
1406 3272 1455 3318 et
1508 3279 1652 3337 reges
1697 3279 1910 3328 earum,
1943 3240 1990 3304 (ἶ

313 3359 486 3412 mentis
517 3359 841 3413 alienatione
862 3357 1160 3428 stupebant,
1184 3372 1300 3410 cum
1323 3355 1512 3411 volabit
1538 3355 1745 3428 gladius
1773 3373 1915 3412 mens

311 3466 456 3520 super
504 3452 673 3522 [acies
727 3467 926 3516 eorum,
978 3451 1033 3504 in
1081 3449 1250 3504 medio
1299 3466 1475 3505 eorum
1531 3451 1628 3504 erit
1681 3449 1750 3504 ad
1805 3450 1918 3504 rui-

311 3558 422 3597 nam
472 3559 539 3598 ex
587 3543 676 3596 die
720 3542 886 3598 ruina:
925 3550 1048 3598 tuae.
1103 3542 1264 3596 Redit
1305 3542 1371 3597 ad
1422 3543 1660 3613 speciem
1712 3558 1724 3594 :
1777 3541 1918 3611 Quo-

309 3637 441 3690 niam
484 3638 602 3693 luec
651 3637 775 3690 dicit
821 3635 1126 3691 Dominus:
1176 3634 1398 3690 Gladius
1444 3635 1580 3706 regis
1632 3632 1919 3704 Babylonis

309 3731 436 3783 renit
475 3731 572 3785 tibi
626 3729 681 3783 in
734 3728 923 3803 gladiis
972 3729 1264 3800 gigantum,
1309 3738 1355 3782 et
1391 3727 1633 3801 dejiciam
1679 3728 1918 3781 virtutem

310 3829 464 3888 tuam,
499 3830 675 3892 pestes
702 3838 734 3875 a
763 3820 1058 3876 nationibus
1087 3837 1292 3887 omnes,
1327 3831 1373 3874 et
1403 3819 1626 3891 pendent
1653 3829 1918 3880 contume-

307 3913 425 3970 liam
451 3914 714 3987 £gypti,
745 3924 794 3969 et
837 3924 1126 3969 conteretur
1177 3913 1342 3970 omnis
1390 3915 1549 3968 virtus
1579 3915 1711 3986 ejus.
1744 3910 1800 3966 In
1827 3925 1921 3982 ge-

309 4023 406 4062 nus
433 4029 446 4062 :
478 4007 552 4062 Et
580 4007 797 4080 perdant
823 4007 995 4062 omnia
1018 4022 1204 4078 pecora
1219 4022 1356 4077 aqua
1378 4005 1537 4059 multa
1563 4020 1581 4058 :
1612 4013 1660 4059 et
1682 4019 1782 4057 non
1812 4011 1922 4058 tur-

308 4102 439 4157 babit
460 4119 587 4158 eam
617 4118 706 4174 pes
735 4101 957 4157 hominis
985 4102 1146 4167 ultra,
1177 4110 1223 4154 et
1253 4100 1522 4171 uestigium
1549 4114 1792 4169 pecorum
1819 4114 1921 4151 non

308 4195 524 4251 calcabit
579 4212 716 4250 eam.
745 4193 890 4250 Tunc
938 4196 1252 4267 requiescent
1299 4209 1448 4264 aqua:
1495 4208 1704 4260 eorum,
1750 4201 1798 4247 et
1821 4192 1918 4261 ﬂu-

307 4291 444 4346 mina
471 4306 682 4356 eorum,
717 4298 768 4344 ut
797 4288 970 4345 oleum
998 4288 1275 4348 habebunt,
1307 4286 1431 4340 dicit
1464 4284 1718 4340 Donunus
1750 4282 1918 4356 (Ibid.

309 4383 491 4455 9-H).
540 4381 774 4453 Species
804 4397 820 4435 :
850 4379 920 4434 Et
965 4380 1098 4433 dabo
1128 4377 1426 4452 Egyptum
1452 4379 1506 4432 in
1535 4377 1830 4443 interitum,
1873 4384 1923 4429 et

307 4476 634 4533 desolabitur
680 4485 820 4530 terra
863 4489 980 4529 cum
1035 4473 1358 4544 plenitudine
1400 4489 1520 4538 sua,
1551 4481 1598 4527 et
1627 4473 1923 4543 dispergam

307 4585 477 4625 omnes
507 4569 858 4624 inhabitantes
879 4569 933 4622 in
954 4583 1014 4622 ea
1035 4565 1227 4636 (Ibid.,
1254 4567 1364 4638 I5).
1385 4565 1572 4622 Genus
1599 4581 1612 4620 :
1647 4562 1714 4618 Et
1740 4563 1920 4627 scient,

2017 1950 2070 2004 in
2100 1950 2267 2005 medio
2311 1953 2407 2006 tui.
2456 1953 2762 2010 Ceciderunt
2803 1973 2976 2012 omnes
3021 1961 3240 2030 remiges
3283 1963 3406 2017 tui:
3454 1979 3630 2019 omnes

2015 2046 2102 2114 qui
2132 2047 2419 2102 inhabitant
2446 2050 2650 2105 insulas
2678 2054 2970 2107 contristati
3008 2065 3127 2108 sunt
3171 2073 3329 2125 super
3354 2066 3402 2111 te
3430 2099 3444 2123 ,
3470 2067 3519 2113 et
3547 2076 3628 2114 re-

2017 2140 2177 2213 miges
2199 2157 2376 2195 eorum
2402 2143 2584 2196 mentis
2603 2145 2917 2199 alienatione
2937 2157 3271 2215 stupuerunt,
3304 2159 3352 2204 et
3371 2151 3630 2222 lacryma—

2020 2241 2103 2285 tus
2124 2240 2199 2286 est
2218 2235 2389 2289 vultus
2405 2251 2582 2290 eorum
2603 2253 2756 2308 super
2776 2247 2842 2292 te.
2863 2237 3179 2294 Mercatores
3194 2257 3377 2296 eorum
3390 2244 3452 2296 de
3463 2245 3628 2317 genti-

2020 2326 2112 2383 bus
2137 2329 2480 2384 exsibilabunt
2513 2339 2561 2384 te
2582 2347 2602 2385 :
2630 2333 2852 2404 perditio
2879 2337 3019 2406 facta
3046 2351 3123 2401 es,
3147 2337 3286 2390 ultra
3313 2354 3415 2391 non
3442 2339 3544 2393 eris
3575 2340 3629 2394 in

2019 2428 2288 2488 internum,
2337 2422 2462 2477 dicit
2508 2421 2766 2481 Dominus
2812 2425 3031 2500 (Ezech.
3062 2444 3246 2497 xxvu,
3279 2429 3485 2498 θὶς-56,
3520 2449 3626 2487 sec.

2019 2511 2208 2586 LXX).
2240 2513 2259 2587 ]
2290 2514 2561 2586 Numquid
2590 2517 2641 2571 in
2668 2533 2830 2573 uuam
2862 2520 3091 2575 insulam
3125 2523 3477 2589 conveniunt,
3509 2540 3630 2595 qua:

2019 2607 2162 2662 dicta
2192 2620 2318 2664 sunt
2348 2627 2361 2663 :
2394 2619 2487 2665 aut
2513 2611 2626 2666 sola
2660 2613 2836 2682 potuit
2864 2613 3204 2683 locupletare
3233 2629 3424 2671 omnes
3470 2631 3630 2688 reges

2021 2703 2225 2757 terrm?
2273 2702 2380 2760 Sed
2445 2704 2626 2776 aliqua
2676 2705 3042 2775 relinquimus
3064 2707 3196 2762 locis
3255 2710 3628 2777 Opportunis:

2019 2796 2216 2865 quibus
2245 2797 2349 2853 etsi
2379 2798 2610 2852 strictim
2644 2798 2923 2864 dicuntur,
2956 2800 3131 2854 videri
3173 2811 3419 2870 possunt.
3453 2802 3632 2874 Tyrus

2018 2889 2275 2959 bipartito
2305 2902 2411 2955 est,
2440 2889 2580 2945 sicut
2607 2906 2702 2960 per
2731 2890 2924 2946 Isaiam
2947 2891 3167 2958 dicitur,
3198 2896 3285 2963 qui
3313 2903 3434 2964 post.
3463 2895 3630 2950 multa

2021 2981 2224 3052 speciei
2253 2992 2305 3036 et
2335 2981 2580 3052 generis,
2612 2982 2716 3037 hoc
2743 2998 2958 3053 quoque
2987 2985 3219 3054 adjecit,
3249 2986 3436 3042 dicens
3470 3006 3483 3041 :
3515 2987 3633 3041 Erit

2021 3083 2136 3147 post
2159 3076 2488 3151 septuaginta
2518 3093 2682 3131 annos
2722 3076 2894 3148 Tyrus
2914 3119 2929 3144 ,
2959 3079 3092 3133 sicut
3119 3081 3378 3133 canticum
3403 3082 3632 3150 fornica-

2022 3168 2132 3223 riae.
2181 3168 2370 3237 Accipe
2423 3169 2676 3224 cit/turam
2714 3170 3036 3244 angularem,
3088 3171 3270 3224 civitas
3309 3172 3628 3242 fornicaria,

2022 3261 2181 3315 oblita
2224 3261 2346 3316 bene
2385 3260 2730 3327 citharizare,
2778 3264 2944 3316 multa
2995 3266 3197 3319 cantica
3248 3277 3401 3319 canta
3429 3281 3447 3320 :
3475 3277 3530 3320 ut
3557 3267 3634 3319 tui

2020 3355 2434 3409 commemoratio
2485 3356 2600 3424 ﬁat.
2657 3353 2725 3409 Et
2773 3357 2868 3410 erit
2899 3366 3014 3426 post
3061 3359 3387 3429 septuaginta
3432 3375 3628 3425 annos,

2021 3447 2388 3516 respectionem
2419 3448 2571 3517 faciet
2617 3444 2760 3502 Deus
2788 3447 2933 3519 Tyri,
2967 3458 3015 3503 et
3039 3448 3223 3503 iterum
3253 3452 3550 3506 restituetur
3577 3454 3630 3506 in

2021 3541 2287 3608 antiquum
2341 3538 2360 3609 (
2389 3536 2500 3593 Isa.
2547 3553 2712 3604 χχιιι,
2744 3539 2908 3595 15-17
2936 3537 2978 3610 ).
3014 3540 3024 3611 Ι
3053 3539 3321 3613 Numquid
3367 3543 3631 3598 credibile

2023 3639 2125 3696 est,
2171 3630 2420 3686 universa
2450 3646 2615 3701 regna
2648 3643 2940 3697 terrarum,
2973 3633 3180 3705 'l‘yrum
3209 3636 3428 3690 venisse
3456 3651 3626 3708 nego.

2025 3721 2191 3778 tiaudi
2220 3723 2422 3778 causa?
2447 3722 2602 3790 Quod
2632 3724 2678 3780 si
2709 3725 2968 3791 veniant;
3009 3741 3129 3795 quae
3158 3727 3392 3796 utilitas,
3434 3730 3633 3800 pra-di-

2023 3816 2168 3873 xisse
2197 3816 2372 3872 futura
2401 3817 2548 3890 Tyro
2574 3819 2903 3875 commercia
2934 3822 3190 3878 omnibus
3232 3823 3416 3894 regnis
3447 3832 3629 3887 terrae,

2023 3911 2068 3966 si
2101 3927 2208 3966 non
2239 3911 2410 3984 Tyrus
2431 3953 2446 3978 ,
2476 3912 2721 3968 Ecclesia
2767 3923 2884 3981 est,
2930 3915 2984 3969 in
3015 3930 3119 3985 qua
3150 3931 3314 3971 omne
3359 3925 3626 3971 terrarum

2025 4004 2299 4076 negotium
2328 4014 2413 4061 est
2437 4014 2657 4061 aeternae
2682 4005 2844 4061 vitae?
2876 4006 3134 4077 Sequitur
3175 4008 3324 4064 enim
3354 4017 3410 4064 et
3439 4017 3628 4064 osten-

2022 4094 2122 4160 dit,
2152 4095 2298 4166 quod
2322 4097 2394 4152 sit
2421 4096 2542 4168 ejus
2575 4097 2878 4168 negotium,
2910 4097 3101 4154 dicens
3127 4116 3141 4152 :
3173 4099 3241 4153 Et
3272 4102 3370 4157 erit
3398 4103 3634 4173 negotia-

2025 4187 2096 4242 tio
2121 4189 2233 4260 ejus
2261 4197 2308 4242 et
2338 4203 2530 4243 merces
2556 4198 2737 4243 sancta
2766 4187 2995 4243 Domino
3032 4189 3166 4262 (Isa.
3207 4207 3370 4259 χχιιι,
3403 4194 3630 4261 15-17).

2024 4281 2140 4338 Non
2168 4283 2314 4337 enim
2341 4282 2396 4338 in
2431 4283 2537 4338 illis
2576 4283 2861 4353 colligitur
2892 4302 2903 4335 :
2932 4282 3029 4338 sed
3077 4284 3190 4338 illis
3213 4325 3227 4349 ,
3257 4286 3350 4355 qui
3384 4286 3633 4340 habitant

2023 4375 2077 4430 in
2104 4385 2398 4446 conspectu
2429 4375 2670 4430 Domini.
2707 4374 2890 4429 Omnis
2918 4376 3198 4448 negotiatio
3232 4380 3372 4450 ejus,
3400 4380 3552 4434 cdere
3580 4390 3629 4433 et

2023 4467 2192 4521 bibere
2215 4476 2263 4521 et
2288 4467 2497 4537 repleri,
2525 4467 2583 4521 in
2605 4468 2812 4538 signmn
2840 4467 3104 4522 memoria:
3133 4468 3187 4522 in
3217 4480 3496 4543 conspectu
3519 4469 3630 4526 Do-

2026 4560 2152 4614 mini
2184 4557 2349 4631 (Ibid.
2383 4557 2499 4630 i8).
2533 4559 2591 4616 Si
2631 4574 2760 4628 ergo
2801 4559 3103 4630 negotiatio
3127 4561 3268 4631 ejus,
3293 4573 3484 4620 sancta
3521 4563 3628 4620 Do-

305 4662 423 4731 quia
452 4678 554 4736 ego
593 4658 846 4714 Dominus
873 4675 1008 4714 sum.
1043 4636 1536 4730 Operiam,inquit,
1558 4656 1762 4720 ctelum,
1803 4671 1916 4710 cum
1945 4636 2000 4697 Ῑ)
2025 4654 2174 4711 mino
2204 4673 2215 4710 :
2247 4654 2525 4724 quomodo
2570 4665 2754 4724 potest
2793 4656 3050 4712 omnibus
3095 4672 3220 4713 esse
3263 4661 3484 4731 regnis,
3525 4661 3631 4718 nisi

307 4753 662 4826 exstingueris
694 4769 712 4806 :
743 4763 790 4807 et
837 4752 1116 4806 obscurabo
1159 4759 1311 4806 astra
1339 4751 1452 4822 ejus
1473 4791 1488 4818 ,
1515 4750 1675 4806 solem
1702 4750 1755 4804 in
1786 4749 1920 4804 nube

304 4861 585 4922 conlegam
614 4857 659 4902 et
690 4847 827 4902 luna:
856 4862 956 4900 non
987 4844 1171 4900 lucebit
1202 4845 1376 4900 lumen
1402 4847 1536 4918 ejus.
1570 4842 1782 4914 Omnia,
1803 4858 1920 4914 qua:

307 4938 484 4994 lucent
509 4940 707 4994 lumine
729 4939 782 4993 in
812 4941 939 4993 coelo
970 4937 1381 4993 obscurabuntur
1408 4953 1567 5007 super
1596 4944 1645 4991 te
1669 4953 1687 4990 :
1709 4945 1757 4989 et
1785 4935 1919 4989 dabo

304 5029 549 5085 tenebras
577 5047 730 5101 super
759 5039 949 5084 terram
977 5038 1120 5083 tuam
1152 5031 1170 5097 (
1197 5027 1389 5082 Ezeclt.
1425 5043 1594 5093 xxx“,
1629 5027 1686 5093 7,
1714 5024 1794 5099 8).
1819 5026 1916 5100 [In

303 5126 570 5194 passione
600 5125 849 5189 Domini,
895 5138 1004 5179 non
1042 5123 1095 5178 iu
1129 5133 1276 5180 terra
1305 5121 1524 5194 {Egypti
1557 5130 1764 5176 tantum
1807 5120 1922 5176 lue-

304 5229 436 5274 runt
492 5218 734 5274 tenebra:
769 5236 780 5270 :
814 5217 909 5273 scd
960 5218 1015 5275 in
1071 5226 1186 5275 toto
1234 5217 1391 5273 orbe.
1424 5214 1531 5272 Sed
1583 5229 1717 5282 nec,
1765 5223 1922 5286 capta

305 5309 576 5384 Egypto,
608 5312 1009 5382 obstupuerunt
1049 5322 1262 5384 gentes,
1294 5319 1677 5381 exspectantes
1708 5310 1922 5365 ruinam

301 5418 468 5460 suam
505 5419 571 5459 ex
616 5405 706 5460 die
743 5404 916 5460 ruinae
956 5405 1098 5474 ejus.
1127 5404 1260 5460 Nam
1301 5411 1359 5460 et
1383 5403 1455 5459 de
1499 5403 1638 5460 Soor
1666 5404 1745 5460 sic
1790 5403 1925 5459 scri-

301 5506 465 5568 pturn
491 5509 569 5554 est
598 5517 609 5552 :
639 5497 766 5553 Ilwc
792 5498 918 5554 dicit
947 5497 1198 5554 Dominus
1225 5498 1294 5553 ad
1325 5497 1464 5554 Soor
1494 5513 1512 5552 :
1544 5496 1756 5563 Nonne,
1788 5515 1819 5552 a
1841 5497 1924 5551 die

299 5595 489 5648 ruina:
518 5602 635 5658 tuae,
665 5594 718 5646 in
766 5594 960 5665 gemitu
1011 5595 1420 5658 vulneratorum,
1451 5592 1577 5646 dum
1601 5591 1928 5662 inter/iciun-

301 5697 393 5742 tur
425 5688 629 5759 gladio,
657 5688 712 5741 in
741 5688 910 5742 medio
940 5689 1016 5742 tui
1041 5687 1492 5742 conmtovebuntur
1516 5683 1724 5752 insulis,
1754 5695 1801 5740 et
1821 5685 1932 5740 dis-

301 5781 506 5836 cedent
549 5799 579 5835 a
605 5781 812 5837 sedibus
836 5783 944 5838 suis
985 5798 1161 5837 omnes
1190 5782 1454 5855 principes
1494 5780 1677 5848 maris,
1706 5791 1752 5835 et
1781 5779 1931 5850 aufe—

332 5882 430 5930 erit
465 5875 644 5930 mitras
665 5883 714 5931 et
741 5886 932 5931 uestem
959 5876 1166 5930 aurium
1201 5891 1415 5932 suarum
1441 5891 1460 5930 :
1491 5871 1850 5945 dispoliabunt
1877 5890 1931 5930 se

608 5971 889 6034 I's'rnoa.
924 5969 1164 6033 XVIII.

2025 4752 2222 4822 ubique
2261 4751 2433 4807 fuerit
2479 4750 2582 4806 ista
2629 4750 2849 4820 Tyrus?
2897 4751 3156 4823 Sequitur
3206 4755 3352 4809 enim
3402 4766 3628 4825 aperte,

2023 4841 2267 4898 ostendit
2304 4841 2432 4913 quid
2465 4841 2540 4897 sit
2563 4841 2763 4914 Tyrus,
2795 4842 2988 4898 dicens
3016 4860 3029 4895 :
3055 4841 3191 4898 Ecce
3225 4843 3485 4902 Dominus
3514 4865 3629 4902 cor-

2022 4944 2226 5008 rumpet
2252 4934 2429 4990 orbem
2464 4944 2741 5001 terrarum,
2780 4945 2826 4989 ct
2856 4935 3074 4990 vastabit
3109 4937 3284 5006 illum,
3326 4951 3378 4994 et
3419 4941 3631 4997 nudabit

2023 5030 2212 5102 faciem
2240 5031 2354 5098 ejus
2385 5045 2402 5083 :
2430 5029 2690 5100 disperget
2719 5045 2826 5091 eos,
2854 5029 2943 5099 qui
2964 5030 3254 5086 inhabitant
3281 5032 3336 5086 in
3358 5049 3438 5097 eo,
3463 5044 3512 5088 et
3537 5035 3633 5088 erit

2023 5123 2246 5195 populus
2289 5124 2426 5178 sicut
2463 5122 2706 5177 sacerdos
2737 5121 2872 5196 (Isa.
2909 5139 3071 5188 xxw,
3109 5126 3249 5194 1-6).
3281 5124 3442 5198 [Num
3484 5127 3633 5182 illius

2023 5216 2200 5283 orbis,
2228 5216 2389 5284 cujus
2421 5213 2722 5286 negotiatio
2770 5225 2962 5270 sancta
3006 5216 3274 5272 Domino?
3321 5229 3368 5272 et
3407 5217 3636 5289 famulus

2024 5311 2156 5366 sicut
2185 5307 2441 5364 Dominus
2471 5317 2519 5364 et
2546 5307 2751 5380 famula
2788 5308 2920 5362 sicut
2952 5308 3210 5383 domina]
3236 5308 3302 5364 Et
3325 5313 3421 5365 erit
3452 5325 3631 5364 emens

2029 5404 2161 5458 sicut
2193 5411 2240 5457 et
2268 5401 2487 5457 tendens
2514 5417 2533 5457 :
2556 5411 2605 5455 et
2626 5402 2715 5471 qui
2746 5401 2912 5466 debet,
2942 5403 3075 5457 sicut
3099 5395 3189 5457 ille
3211 5403 3294 5456 cui
3319 5402 3565 5468 debetur;
3584 5414 3633 5459 et

2031 5494 2122 5566 qui
2150 5497 2385 5565 fanerat,
2407 5494 2541 5548 sicut
2568 5494 2658 5548 ille
2683 5493 2771 5565 qui
2807 5498 3090 5566 fmrteratur
3118 5511 3135 5548 :
3158 5495 3279 5562 quia
3305 5495 3636 5566 corruptione

2031 5598 2392 5658 corrumpetur
2416 5598 2576 5655 terra,
2622 5597 2670 5644 et
2711 5588 3001 5643 vastabitur
3041 5588 3327 5643 vastatione
3360 5598 3519 5644 terra.
3562 5589 3636 5646 0s

2033 5685 2168 5738 enim
2200 5682 2412 5738 Domini
2435 5683 2665 5738 locutum
2691 5694 2765 5738 est
2792 5682 2925 5736 haec.
2952 5681 3167 5736 Planxit
3209 5690 3366 5749 terra,
3390 5693 3634 5740 curvatus

2036 5789 2114 5833 est
2135 5777 2272 5832 orbis
2303 5788 2473 5844 terrae,
2497 5773 2811 5846 planxerunt
2836 5775 2932 5829 alti
2959 5784 3128 5829 terra’.
3159 5773 3324 5831 Terra
3353 5788 3521 5832 autem
3547 5782 3632 5849 fa-

2037 5872 2182 5929 cinus
2217 5871 2450 5935 admisit,
2479 5879 2686 5940 praptcr
2715 5883 2823 5936 eos,
2853 5869 2942 5940 qui
2969 5866 3260 5926 inhabitant
3287 5869 3342 5924 in
3383 5886 3442 5926 ea
3466 5885 3484 5924 .'
3511 5869 3636 5940 quia
