4132 6176
423 278 497 349 43
1618 301 1663 311 -τ
1720 301 1754 307 ι·
1808 266 2049 341 “Clio!

2168 274 2335 339 ΛΡΜ
2540 294 2545 299 '
3664 269 3741 341 ιι

426 401 742 459 transierit!“
795 398 958 473 ιεσειιι
982 434 1001 463 ο
1052 402 1102 449 ει
1157 398 1484 449 mutaverunt
1539 392 1686 462 iussa
1744 390 2030 465 testamenti
2055 395 2110 459 Α
2133 402 2183 451 et
2207 395 2496 461 asinorum,
2526 390 2573 449 et
2594 393 2827 451 omnium
2854 405 3121 465 pecorum,
3148 405 3265 463 qua
3293 397 3420 446 sunt
3454 387 3511 446 in
3547 390 3733 447 castris

430 493 629 553 ceterni.
674 491 963 561 Propterea
1002 502 1125 560 ergo
1170 484 1465 541 maledictio
1513 483 1734 540 comedit
1780 493 1971 538 terram
2012 497 2030 539 :

434 588 556 660 quia
591 591 948 657 peccaverunt,
992 580 1082 652 qui
1124 578 1415 633 inhabitant
1452 576 1508 631 in
1545 591 1627 631 ea.
1674 573 1899 647 Propter
1937 574 2035 628 Itoc

433 688 637 754 egentes
663 686 831 740 erunt,
866 676 953 748 qui
987 670 1285 727 inhabitant
1309 677 1501 724 terram
1532 664 1669 743 (Isa.
1712 684 1860 735 axtv,
1887 664 2032 740 1-6).

438 770 731 849 [Numquid
763 769 839 824 illi
865 776 891 804 η
917 776 1108 839 gentes
1136 778 1259 820 esse
1281 769 1531 835 possunt,
1557 760 1754 833 quibus
1778 760 1831 816 in
1858 759 2035 814 omni-

437 867 536 922 bus
566 862 752 936 regnis
782 871 942 917 terrae
971 856 1269 929 negotiatio
1310 864 1398 912 est
1437 854 1624 919 edere,
1654 858 1712 909 et
1739 852 1951 919 bibere,
1980 860 2037 909 et

434 956 662 1027 repleri,
692 970 796 1009 non
821 950 1055 1023 quodam
1080 960 1350 1021 tempore,
1377 947 1473 1003 sed
1503 946 1556 1002 in
1584 946 1798 1018 signum
1830 960 2036 1000 memo-

440 1048 536 1105 riae
581 1049 632 1103 in
672 1055 968 1114 consticcm
1016 1039 1276 1099 Domini?
1317 1039 1383 1096 Et
1421 1038 1777 1110 relinquentur
1807 1037 2038 1094 homines

436 1138 612 1212 pauci.
662 1132 881 1209 Lugebit
926 1137 1081 1203 ritis,
1128 1133 1318 1208 lugebit
1363 1133 1559 1189 vinum.
1603 1129 1821 1189 Gcment
1861 1146 2036 1188 omnes

437 1246 658 1303 quorum
696 1226 1023 1303 jocundatur
1051 1226 1266 1280 anima.
1296 1221 1526 1280 Cessabit
1566 1223 1866 1292 fecunditas
1903 1233 2037 1295 tym—

435 1339 596 1397 pano,
624 1337 741 1376 cum
778 1319 995 1375 cessabit
1037 1317 1364 1390 impudicitia
1408 1324 1458 1370 et
1501 1315 1697 1371 divitia:
1740 1315 2037 1387 impiorunt.

438 1413 714 1487 Numquid
755 1423 1070 1469 Sanctorum
1109 1409 1350 1466 cessabit
1380 1424 1487 1466 vox
1524 1407 1785 1465 citharae?
1822 1406 2041 1479 Coufusi

434 1518 555 1565 sunt
585 1523 604 1563 :
631 1523 735 1561 non
764 1505 999 1561 biberunt
1028 1520 1248 1570 merum,
1280 1519 1517 1557 amarum
1546 1504 1741 1576 factum
1763 1510 1837 1557 est
1866 1501 2042 1556 vinum

432 1603 565 1667 illis,
595 1602 681 1673 qui
711 1600 883 1654 bibunt
906 1598 1059 1653 illud.
1094 1596 1312 1653 Deserta
1341 1604 1416 1652 est
1441 1595 1608 1650 omnis
1634 1595 1815 1650 civitas
1840 1609 1859 1648 :
1882 1592 2040 1663 plau-

434 1695 554 1749 dent
584 1708 762 1749 omnes
792 1708 857 1747 ne
891 1692 1176 1754 introeant,
1209 1686 1408 1741 ululate
1436 1686 1617 1752 divini,
1651 1686 1842 1755 ubique
1870 1702 2040 1741 cessa—

2133 486 2244 543 illis
2279 488 2560 540 secundum
2584 495 2807 556 stragem
2833 486 3004 541 istam.
3039 483 3108 545 Et
3150 484 3273 550 erit,
3299 484 3612 552 quicumque
3648 497 3735 541 re-

2137 577 2247 634 licti
2272 578 2469 649 fuerint
2497 593 2561 633 ea:
2585 578 2823 633 omnibus
2865 576 3100 652 gentibus
3131 576 3551 633 convenientibus
3580 592 3736 646 super

2138 669 2495 736 Hierusalem,
2516 680 2564 726 st
2586 670 2863 725 ascendent
2883 668 3163 741 quotannis
3188 666 3411 723 odorare
3435 684 3605 741 regem
3629 668 3739 723 Do-

2138 761 2264 816 mini
2298 760 2465 815 Denm
2492 761 2916 828 omnipotentem,
2951 760 3215 817 celebrare
3241 759 3378 816 diem
3404 760 3594 830 festum
3620 778 3732 816 sce-

2138 853 2369 925 nopegite
2396 850 2588 923 (Zach.
2619 867 2729 920 ut,
2761 851 2975 924 H46).
3003 851 3158 909 Elsm
3179 850 3604 922 alienigenarum
3625 864 3733 909 est.

2139 940 2237 1003 Hic
2259 944 2484 1016 speciali
2514 945 2694 1015 jungit
2724 944 3061 1016 generalem,
3092 951 3468 1015 monstratque
3507 944 3734 1012 biperti-

2137 1046 2271 1095 tum.
2307 1037 2439 1095 Haec
2462 1039 2591 1095 dicit
2620 1038 2875 1095 Dominus
2901 1053 2921 1094 :
2948 1036 3292 1110 Confringam
3325 1035 3463 1092 Nair
3481 1054 3658 1099 arcus.
3685 1038 3736 1093 in

2143 1133 2297 1189 Elam
2325 1134 2645 1206 principatus
2666 1149 2865 1189 eorum.
2896 1133 2962 1189 Et
2989 1131 3213 1191 excedit
3241 1130 3500 1202 speciem.
3535 1131 3737 1201 Super-

2141 1229 2349 1293 ducam,
2383 1226 2586 1298 inquit,
2622 1236 2847 1297 quatuor
2878 1233 3074 1287 ventos.
3114 1240 3146 1279 α
3185 1233 3408 1293 quatuor
3441 1222 3739 1279 cardinibus

2140 1321 2277 1387 ctzli,
2306 1336 2399 1376 nec
2426 1319 2523 1374 erit
2544 1334 2668 1390 gens
2694 1333 2813 1389 qua:
2840 1317 2966 1374 illuc
2991 1332 3093 1373 non
3125 1316 3290 1370 ueniat
3309 1356 3326 1379 ,
3357 1332 3472 1386 qua:
3513 1314 3740 1387 expellat

2141 1412 2318 1471 Elam.
2349 1412 2511 1471 Redit
2531 1413 2583 1469 in
2609 1414 2852 1482 speciem
2883 1426 2899 1466 :
2926 1409 2993 1464 Et
3024 1409 3223 1465 terrebo
3253 1407 3402 1469 illos.
3432 1424 3607 1463 coram
3633 1408 3739 1462 ini-

2143 1510 2290 1566 micis
2310 1525 2508 1574 eorum,
2539 1506 2627 1576 qui
2654 1514 2894 1578 quaerunt
2920 1504 3122 1561 animus
3163 1519 3361 1570 eorum,
3400 1511 3447 1555 et
3481 1502 3739 1575 superdu-

2141 1617 2255 1659 cam
2281 1617 2367 1657 eos
2395 1599 2676 1657 secundum
2705 1599 2838 1653 iram
2869 1596 3249 1668 indignationis
3278 1610 3425 1661 atem,
3455 1603 3500 1649 et
3537 1595 3743 1647 mittam

2142 1704 2259 1766 post
2287 1710 2372 1751 eos
2401 1693 2640 1765 gladium
2680 1707 2871 1756 meum,
2914 1689 3077 1743 donec
3116 1697 3389 1743 consumat
3417 1702 3525 1743 eos.
3554 1683 3746 1755 .lttnglt

433 1786 506 1842 bit
524 1785 691 1840 omnis
710 1782 1018 1859 jocunditas
1049 1791 1221 1842 terrtz.
1251 1788 1296 1834 et
1323 1778 1681 1848 relinquentur
1708 1776 1936 1834 ciuitates
1958 1775 2042 1831 de-

2153 1802 2320 1857 ﬂentis
2354 1803 2368 1841 :
2395 1785 2459 1841 Et
2503 1801 2694 1857 ponam
2736 1782 2913 1838 sedem
2941 1798 3105 1838 meant
3138 1782 3191 1836 in
3216 1779 3367 1835 Elatn
3394 1796 3412 1835 :
3442 1788 3490 1833 et
3530 1777 3743 1848 perdant

436 1893 609 1947 serue,
646 1888 693 1937 et
723 1878 905 1933 domus
934 1875 1200 1931 derelictas
1228 1872 1467 1944 peribunt
1494 1871 1543 1947 (Ι
1554 1871 1686 1937 bid.,
1721 1870 1891 1943 6-8).}
1915 1870 2042 1927 llzec

435 1975 617 2032 Omnia
662 1964 828 2030 erunt
875 1982 1036 2026 terra:
1076 1969 1129 2024 in
1164 1967 1343 2024 medio
1391 1969 1658 2037 gentium.
1709 1964 1765 2021 Si
1819 1964 2042 2020 deserta

435 2078 523 2127 est
546 2068 727 2125 omnis
754 2066 978 2131 civitas;
1010 2080 1129 2132 qua:
1168 2072 1295 2118 sunt
1329 2071 1550 2134 gentes,
1584 2060 1637 2117 in
1669 2075 1899 2133 quarum
1926 2074 2041 2115 me-

439 2160 531 2218 dio
574 2161 677 2215 ista
724 2156 961 2215 faciant?
1009 2154 1128 2212 Etsi
1172 2155 1350 2224 aliqua
1397 2153 1595 2210 horum
1643 2152 1897 2207 videntur
1943 2150 2044 2207 im-

440 2252 729 2327 perspicua
771 2249 913 2315 ﬁeri,
948 2258 1129 2302 tamen
1174 2246 1356 2303 omnia
1397 2244 1704 2313 spiritualia
1736 2253 1885 2301 sunt.
1915 2242 2044 2300 0m-

437 2361 565 2404 nem
592 2345 865 2401 civitatem
891 2341 1167 2397 desertum
1190 2335 1555 2409 Spiritualiter
1582 2346 1841 2394 mortuam
1864 2334 1998 2393 dicit
2028 2350 2042 2386 :

439 2437 536 2495 sed
559 2434 686 2512 Tyri
711 2432 860 2491 illius
879 2431 1212 2497 meretricis,
1234 2445 1342 2486 non
1366 2432 1522 2499 cujus
1541 2428 1839 2503 negotiatio
1860 2434 2043 2483 sancta

440 2537 561 2587 toto
589 2527 745 2585 urbe.
786 2524 1125 2581 Hierusalem
1164 2531 1345 2579 autem
1377 2521 1759 2590 relinquentur
1798 2517 2046 2574 homines

441 2624 625 2697 pauci,
647 2622 800 2678 salvo
819 2621 1006 2692 utique
1033 2627 1178 2673 statu
1209 2630 1420 2681 eorum,
1444 2612 1537 2686 qui
1559 2614 1855 2685 perimunt.
1883 2609 2046 2667 Pauci

440 2717 828 2787 relinquentur
853 2729 920 2768 ex
941 2712 1049 2776 eis,
1070 2724 1210 2782 quos
1230 2707 1593 2778 spiritualiter
1614 2715 1859 2762 mortuos
1879 2702 2007 2759 dicit
2031 2720 2045 2758 :

443 2810 537 2883 qui
569 2824 666 2880 per
689 2803 1126 2864 recordationem
1157 2801 1438 2864 vixerunt,
1463 2814 1599 2870 quos
1628 2796 2049 2854 Ecclesiastieus

443 2919 554 2959 non
586 2898 923 2958 interfecerit
952 2915 967 2952 :
1001 2897 1144 2953 sicut
1179 2893 1365 2950 multis
1395 2893 1450 2948 in
1483 2891 1622 2949 locis
1654 2890 1904 2962 legimus.
1940 2886 2046 2945 Sed

443 2998 568 3070 quia
604 2993 946 3066 propositum
978 2988 1136 3044 nobis
1167 2983 1503 3057 implendum
1537 2991 1644 3049 est,
1676 2983 1889 3037 duobus
1916 2994 2049 3037 con-

447 3088 584 3145 tenti
615 3098 805 3140 smnus
840 3078 1127 3149 exemplis.
1159 3074 1397 3132 Minatur
1432 3072 1578 3129 Deus
1616 3072 1796 3144 ignem
1831 3086 1899 3128 ex
1940 3070 2049 3144 igni

2145 1883 2266 1938 inde
2305 1897 2477 1954 regem
2524 1890 2572 1937 et
2619 1887 2865 1950 potentes.
2900 1876 3019 1932 Erit
3059 1877 3113 1931 in
3144 1874 3439 1931 novissimis
3483 1872 3663 1928 diebus
3689 1872 3744 1927 in

2144 1985 2392 2029 internum
2405 1971 2776 2042 captivitatem,
2797 1968 2965 2031 Elam,
2985 1969 3110 2024 dicit
3124 1965 3379 2025 Dominus
3395 1962 3746 2038 Neretum“,

2145 2065 2346 2130 55-58,
2395 2080 2499 2122 sec.
2545 2078 2684 2129 Lxx;
2733 2061 2824 2117 sed
2863 2064 3045 2135 juxta.
3101 2057 3256 2133 Vulg.
3310 2072 3459 2125 suit,
3510 2053 3748 2129 55-59).]

2144 2158 2424 2229 Numquid
2465 2156 2798 2214 credendum
2840 2163 2924 2213 est
2967 2168 3074 2211 non
3118 2152 3291 2209 luisse
3336 2160 3584 2222 gentem,
3625 2164 3748 2219 qua:

2150 2264 2259 2307 non
2283 2249 2496 2307 venerit
2532 2247 2600 2305 ad
2627 2246 3044 2319 expugnandam
3078 2245 3253 2310 Elam,
3283 2252 3379 2299 aut
3424 2244 3539 2298 illic
3585 2241 3750 2298 sedes

2148 2341 2392 2408 Domini,
2427 2340 2581 2412 cujus
2607 2340 2981 2413 captivitatem
3014 2339 3203 2405 vertit,
3232 2337 3343 2393 nisi
3364 2331 3746 2392 Ecclesiastica

2147 2436 2221 2497 sit
2251 2433 2449 2509 ﬁgura?
2481 2432 2613 2503 Qut:
2644 2448 2774 2491 vero
2806 2431 3020 2506 species
3045 2448 3059 2487 :
3087 2429 3334 2487 Sinistra:
3358 2435 3571 2485 tantum
3596 2434 3746 2492 sunt.

2151 2539 2212 2583 ut
2234 2526 2499 2593 Sodoma,
2528 2526 2670 2584 sicut
2705 2525 2976 2597 scriptum
3008 2532 3134 2581 est:
3169 2520 3361 2579 Audite
3400 2519 3608 2577 verbum
3645 2518 3749 2574 Do-

2150 2620 2299 2686 mini,
2330 2619 2593 2691 principes
2623 2617 2972 2676 Sodomorum
2999 2613 3134 2679 (Isa.
3166 2629 3208 2678 l,
3242 2613 3354 2685 10).
3384 2621 3437 2671 et
3462 2627 3575 2683 qut:
3598 2627 3749 2666 voca-

2153 2722 2238 2771 tur
2260 2711 2604 2785 spiritualiter
2634 2708 2867 2766 Sodoma
2892 2717 2939 2765 et
2966 2705 3237 2782 rEgyptus
3263 2721 3280 2763 :
3307 2704 3394 2761 ubi
3422 2713 3471 2760 et
3492 2701 3748 2758 Dominus

2153 2820 2334 2865 eorum
2356 2802 2646 2872 cruciﬁxus
2679 2811 2757 2856 est
2798 2801 2984 2872 (Apoc.
3021 2813 3097 2863 xt.
3127 2801 3208 2869 8).
3244 2797 3329 2855 Ex
3376 2797 3461 2853 his
3492 2796 3748 2854 Sodomis

2152 2899 2300 2957 exiet
2321 2896 2482 2963 Latb,
2514 2895 2787 2969 quodest,
2814 2894 3080 2960 discessio,
3107 2901 3161 2947 ut
3183 2890 3437 2949 reveletur
3456 2889 3611 2943 homo
3633 2905 3751 2959 pec-

2152 2990 2256 3047 cati
2280 2989 2350 3059 (ll
2381 2987 2565 3045 Thess.
2598 3003 2656 3055 tt,
2689 2987 2770 3059 ὅ).
2798 2987 3046 3061 Babylon
3090 2986 3283 3041 civitas
3311 2983 3576 3043 adversus
3625 2982 3752 3040 Ilie-

2154 3082 2393 3140 rusalcm
2424 3099 2438 3136 :
2472 3090 2617 3138 totus
2648 3080 2885 3137 mundus
2925 3090 3009 3135 est
3048 3077 3102 3135 in
3143 3091 3295 3149 parte
3331 3094 3451 3143 sua,
3493 3092 3654 3147 quam
3697 3077 3749 3133 in

440 3180 635 3248 lsrael,
665 3178 778 3248 regi
809 3173 1187 3246 Assyriorum.
1218 3168 1270 3224 id
1305 3179 1422 3235 εει.
1454 3165 1686 3222 advers“
1722 3166 1961 3236 οοτροτί,
1995 3173 2052 3222 ει
2077 3186 2124 3251 c
2155 3174 2255 3231 bac
2282 3176 2469 3233 Israel.
2505 3156 2629 3229 lla'c
2658 3172 3059 3229 convenientur
3088 3188 3107 3227 ε
3141 3170 3305 3236 Visio,
3341 3168 3537 3241 inquit,
3568 3170 3751 3223 arteer.

445 3275 578 3332 dicit
599 3264 665 3328 ad
686 3271 884 3343 Syrum
909 3264 996 3322 vel
1018 3264 1086 3319 ad
1108 3261 1386 3332 stipulam,
1402 3269 1527 3329 post
1547 3258 1848 3330 paululum,
1871 3259 2050 3329 ignem

449 3372 684 3427 futuros.
710 3364 905 3427 Mittet,
939 3359 1134 3431 inquit,
1161 3355 1418 3410 Dominus
1449 3351 1689 3419 sabaotlt,
1711 3353 1764 3405 in
1787 3360 1929 3404 tuum
1960 3350 2053 3404 lto—

449 3480 649 3531 norem,
678 3456 1017 3532 ignominiam
1042 3469 1061 3510 :
1087 3461 1135 3508 et
1163 3450 1223 3507 in
1256 3449 1547 3505 claritattm
1573 3456 1740 3512 tuam,
1766 3446 1937 3517 ignem
1965 3461 2056 3500 ar-

450 3561 652 3614 dentem
683 3571 702 3610 :
733 3563 782 3609 et
812 3549 1013 3606 ardebit
1052 3544 1225 3601 Israel
1246 3545 1443 3607 lumen,
1477 3553 1524 3596 et
1556 3541 1654 3595 erit
1696 3539 1787 3595 tibi
1819 3539 1978 3614 ignis,
2005 3547 2054 3594 et

448 3646 792 3716 sanctiﬁcabit
831 3641 968 3698 illud
1004 3641 1057 3693 in
1088 3639 1303 3709 flamma
1342 3634 1560 3690 ardente
1590 3633 1838 3704 (scilicet
1869 3633 2053 3688 lumen

451 3736 663 3807 Israel),
689 3749 737 3794 et
761 3728 1097 3791 manducabit
1123 3728 1271 3797 quasi
1303 3728 1501 3799 fenum,
1524 3725 1728 3779 siluam.
1754 3722 1823 3777 In
1851 3722 1943 3777 illo
1972 3723 2057 3777 die

448 3836 701 3893 ardebant
724 3838 922 3885 montes
954 3844 971 3881 :
1004 3834 1053 3879 et
1078 3839 1169 3895 per
1199 3819 1490 3893 pt'tecipitia
1522 3820 1756 3890 fugiunt,
1782 3819 1932 3889 quasi
1964 3819 2056 3888 qui

447 3930 584 4004 fugit
609 3944 642 3981 a
668 3927 885 3999 flamma
903 3919 1116 3973 ardente
1133 3933 1153 3984 ;
1170 3923 1218 3969 et
1236 3914 1324 3985 qui
1351 3911 1693 3966 remanserint
1712 3910 1776 3964 ab
1796 3910 1927 3976 illis,
1953 3926 2055 3963 nu-

450 4000 808 4082 merabantur,
858 4022 911 4069 et
960 4025 1087 4081 puer
1134 4008 1324 4064 scribet
1369 4006 1488 4061 illos
1532 4000 1687 4080 (Era.
1734 4020 1791 4072 χ,
1843 4002 2053 4076 16-19).

467 4114 572 4182 Qui
620 4106 989 4172 remanserint,
1034 4104 1229 4175 inquit,
1258 4102 1322 4156 ab
1354 4098 1482 4156 illis.
1527 4098 1643 4155 Non
1686 4100 1831 4155 enim
1876 4107 2058 4169 poteSt

453 4207 620 4281 ignis,
652 4205 745 4278 qui
791 4195 1068 4256 comburit
1092 4193 1122 4233 ι’
1153 4192 1389 4249 ardere?
1423 4190 1528 4260 Qui
1566 4201 1749 4247 autem
1792 4207 1859 4248 ex
1908 4206 2059 4247 cum-

451 4298 631 4362 bustis
680 4289 1081 4367 superaverint,
1130 4286 1269 4358 ignis
1311 4282 1640 4343 cilicientttr.
1687 4282 1744 4338 In
1795 4282 2057 4340 Zacharia

453 4392 715 4462 tegimus,
745 4385 867 4440 illos
898 4392 1150 4436 remeare
1186 4390 1325 4449 quos
1355 4373 1597 4431 Ecclesia
1638 4389 1744 4429 non
1774 4374 2057 4444 occiderit,

453 4481 599 4557 quod
626 4479 693 4535 ad
723 4492 783 4533 se
810 4480 1201 4530 convertantur
1236 4486 1249 4521 :
1273 4480 1505 4523 cameras
1541 4481 1671 4523 vero
1700 4466 2060 4537 spiritualiter

2152 3284 2241 3325 sus
2286 3264 2626 3339 Babylonem,
2660 3272 2717 3322 et
2760 3263 2892 3320 dicit
2932 3261 3195 3319 adversus
3242 3258 3432 3315 orbem
3482 3267 3749 3315 terrarum

2155 3365 2419 3415 venturos
2448 3366 2671 3415 sanctos
2703 3354 2798 3410 Dei
2822 3354 3022 3413 milites
3053 3370 3066 3409 :
3103 3348 3292 3409 Tollite
3322 3351 3482 3406 vicem
3508 3359 3554 3405 et
3582 3349 3756 3405 exsul-

2157 3463 2263 3511 tate
2305 3455 2463 3507 vicem
2510 3451 2637 3513 illis,
2673 3449 2833 3504 nolite
2879 3450 3093 3514 timere,
3144 3445 3523 3511 exhortamini;
3574 3460 3756 3499 manus

2155 3548 2353 3620 aperite
2382 3545 2712 3616 magistratus
2739 3558 2756 3598 :
2784 3543 2905 3613 quia
2937 3556 3052 3597 ecce
3080 3555 3172 3611 ego
3204 3537 3479 3611 prtecipio.
3510 3535 3758 3603 SttilCIi/i-

2157 3642 2258 3699 cati
2287 3650 2407 3695 sunt
2437 3650 2483 3694 et
2510 3639 2678 3695 vocati
2718 3637 2953 3710 gigantes
2988 3634 3198 3691 veniunt
3233 3634 3366 3688 iram
3394 3647 3561 3689 meam
3600 3630 3759 3685 lenire

2158 3732 2443 3806 gaudentes
2468 3731 2625 3789 simul
2653 3740 2701 3785 et
2732 3729 2985 3807 injuriam
3018 3727 3286 3800 facientes.
3339 3721 3452 3781 Vox
3478 3724 3758 3779 multarum

2158 3828 2384 3900 gentium
2432 3826 2488 3881 in
2531 3822 2789 3880 montibus
2827 3819 3013 3876 similis
3049 3821 3279 3891 gentium
3322 3816 3624 3876 multarum,
3664 3830 3760 3869 vox

2158 3936 2340 3991 regum
2355 3929 2401 3975 et
2413 3918 2642 3992 gentium
2664 3913 2997 3971 collectarum
3014 3909 3068 3986 (1
3073 3928 3151 3967 sa.
3172 3926 3290 3973 χιιι.
3313 3908 3428 3974 1-4,
3444 3926 3547 3965 sec.
3562 3905 3725 3978 LXX)
3743 3923 3757 3961 :

2159 4028 2283 4069 cum
2311 4010 2647 4083 Babylonem
2672 4021 2807 4079 gens
2837 4015 2892 4064 et
2911 4020 3007 4062 rex
3038 4002 3323 4061 Medorum
3350 4004 3631 4061 everterit.
3663 3999 3763 4055 Se-

2159 4104 2348 4181 quitur
2390 4102 2535 4160 ettint
2581 4110 2638 4158 et
2681 4098 2836 4167 dicit,
2883 4098 2972 4168 qui
3020 4096 3129 4155 sint
3178 4096 3264 4155 isti
3312 4109 3494 4169 reges,
3534 4102 3591 4151 et
3638 4109 3761 4164 quat:

2162 4194 2426 4271 Babylon.
2463 4192 2607 4250 Deus
2642 4191 2855 4249 sabaotlt
2878 4191 3119 4263 prtecepit
3146 4188 3286 4262 genti
3312 4187 3562 4247 bellatrici
3592 4187 3763 4241 venire

2160 4291 2227 4344 de
2263 4288 2568 4360 longinquo,
2612 4287 2677 4345 de
2724 4302 2922 4343 summa
2968 4284 3304 4358 fundamento
3347 4282 3483 4338 mli.
3536 4282 3669 4336 Deus
3717 4289 3760 4335 et

2162 4379 2439 4437 bellatores
2482 4380 2597 4450 ejus
2645 4387 2984 4450 corruperunt
3030 4377 3321 4433 universum
3369 4376 3543 4431 orbem
3594 4383 3762 4428 (errat.

2168 4472 2400 4536 Ulnlate,
2450 4472 2717 4540 proximus
2745 4480 2821 4527 est
2859 4470 2996 4526 enim
3020 4470 3132 4525 dies
3179 4467 3414 4534 Domini,
3446 4478 3493 4523 et
3524 4466 3764 4522 contritio

454 4556 794 4633 cruciatibus
843 4560 1180 4619 interﬁt-ere-
1230 4556 1510 4627 δίηυῖάειη
1557 4559 1828 4612 δίαιιιίὺυε
1870 4559 2061 4614 oculus
2086 4581 2142 4642 9
2164 4582 2197 4623 a
2227 4562 2338 4623 Deo
2366 4566 2554 4621 aderit.
2599 4563 2824 4636 PrOpter
2864 4565 2961 4620 lioc
2995 4579 3171 4621 omnes
3202 4579 3385 4619 manus
3421 4563 3764 4627 resolventur,

455 4672 633 4729 eruat,
666 4668 723 4716 et
757 4672 954 4715 carnes
983 4654 1268 4709 tabescere
1297 4650 1497 4705 iaciat:
1535 4647 1834 4717 Habitabit,
1862 4650 2060 4722 inquit,

456 4756 513 4815 in
556 4753 727 4811 Israel
767 4749 1076 4821 conﬁdens:
1106 4752 1152 4798 et
1193 4746 1303 4797 [nec
1342 4744 1437 4797 erit
1489 4751 1720 4813 strages,
1772 4761 1875 4817 qua
1905 4745 2063 4800 ctedet

459 4849 601 4907 Deus
637 4842 863 4919 populos
882 4881 898 4909 ,
928 4845 1176 4910 quotquot
1206 4832 1558 4889 militaverunt
1595 4834 1842 4890 adversus
1870 4834 2060 4891 Israel.

458 4940 740 5001 Tabescent
760 4950 941 4992 carnes
963 4946 1141 4986 eorum
1166 4928 1418 4983 stantibus
1447 4927 1521 4981 eis
1543 4927 1637 4983 sub
1658 4926 1812 5000 pedes
1839 4946 1995 4985 suos:
2018 4941 2067 4987 et

458 5032 596 5094 oculi
626 5046 807 5088 eorum
827 5028 988 5100 ﬂuent
1020 5041 1052 5079 a
1081 5022 1427 5094 foraminibus
1456 5021 1587 5090 suis,
1615 5034 1662 5076 et
1684 5020 1863 5096 lingua
1886 5041 2062 5079 eorum

458 5131 679 5187 tabescet
706 5124 759 5178 in
781 5134 873 5176 are
886 5133 1086 5175 eorum.
1114 5112 1180 5167 Et
1202 5113 1295 5168 erit
1315 5113 1369 5167 in
1392 5113 1485 5167 illa
1508 5113 1589 5167 die
1608 5113 1852 5169 alienatio
1874 5130 2064 5188 magna

458 5240 615 5300 super
632 5221 775 5280 illos.
796 5226 843 5272 et
861 5210 1215 5287 apprehendat
1233 5207 1584 5279 unusquisque
1607 5225 1815 5263 manum
1840 5211 2068 5280 proximi

457 5298 563 5385 sui,
593 5325 641 5370 et
678 5304 976 5384 implebitur
1005 5318 1187 5358 manus
1217 5301 1355 5375 ejus,
1392 5302 1559 5355 manu
1577 5298 1806 5371 proximi
1835 5302 1945 5374 ejus
1985 5302 2064 5377 (ιά

456 5420 561 5474 est.
594 5422 772 5464 Cil‘CllS
799 5414 1005 5458 caecum
1045 5394 1297 5467 ducens).
1330 5391 1398 5447 Et
1431 5393 1620 5449 .ludaza
1656 5392 1979 5465 prtuliabitur
2008 5396 2058 5450 in

462 5498 813 5565 Hierusalem,
861 5502 908 5548 et
953 5488 1164 5561 colliget
1207 5488 1346 5541 uiros
1387 5488 1615 5541 omniunt
1647 5489 1977 5562 populorum,
2011 5498 2059 5543 et

458 5613 666 5663 aurum,
698 5604 743 5649 et
767 5597 1062 5662 argentum,
1082 5592 1131 5639 et
1157 5590 1364 5647 vestem,
1391 5581 1444 5635 in
1468 5579 1854 5637 multitudinem
1882 5581 2056 5637 nimis.

463 5690 528 5749 Et
549 5691 660 5746 lucc
686 5684 782 5742 erit
818 5694 1013 5753 strages
1041 5691 1311 5741 equorum,
1340 5685 1385 5728 et
1412 5673 1694 5742 mulorum,
1721 5673 2051 5744 camelorum,

542 5783 569 5813 ⁸
602 5774 847 5853 Egentes,
877 5782 1048 5829 recte.

2164 4670 2212 4721 ct
2242 4660 2409 4716 omnis
2437 4659 2611 4717 anima
2634 4656 2856 4713 hominis
2882 4646 3176 4726 trepidabit.
3216 4656 3581 4711 Turbobuntnr
3613 4653 3767 4725 legati

2162 4753 2522 4826 parturientis,
2554 4761 2601 4809 et
2638 4751 2858 4821 parietes
2899 4750 3287 4806 circumstantes
3306 4790 3321 4814 ,
3350 4750 3481 4803 alius
3512 4748 3581 4802 ad
3607 4746 3768 4799 aliuttt

2168 4857 2527 4920 expavescent,
2569 4854 2616 4901 et
2660 4844 2818 4917 facies
2860 4858 3038 4899 eorum
3075 4844 3203 4896 sicut
3230 4842 3443 4911 flamma
3482 4847 3768 4893 commntu-

2169 4940 2379 4996 buntur.
2419 4938 2545 4993 Ecce
2569 4938 2705 4992 enim
2738 4937 2846 4993 dies
2879 4934 3089 4991 Dontini
3117 4930 3420 4988 insanabilis
3456 4930 3591 4984 venit
3632 4930 3770 4985 indi-

2168 5029 2427 5104 gnationis
2460 5038 2508 5084 et
2542 5029 2636 5083 ira:
2673 5043 2863 5101 ponere
2902 5025 3075 5081 orbem
3114 5034 3370 5079 terrarum
3409 5021 3686 5087 desertum,
3722 5029 3769 5077 et

2168 5132 2461 5195 peccatores
2504 5118 2718 5190 perdere
2744 5136 2811 5177 ex
2843 5135 2903 5174 eo
2938 5116 3129 5191 μύω..
3167 5114 3308 5188 4-9).
3341 5113 3512 5187 [Diem
3543 5113 3766 5180 Domini,

2168 5231 2235 5273 ex
2258 5229 2369 5287 quo
2400 5229 2590 5284 passus
2619 5223 2721 5280 (δεῖ,
2754 5212 2886 5269 dicit
2917 5230 2928 5266 :
2953 5227 3016 5266 ex
3045 5225 3152 5283 quo
3178 5207 3538 5280 spiritualitcr
3567 5206 3773 5263 interli-

2166 5310 2310 5365 citur
2347 5307 2605 5374 mundus,
2639 5306 3005 5365 interliciente
3037 5304 3283 5361 exercitu
3321 5302 3414 5361 Dei
3453 5319 3465 5358 :
3497 5301 3623 5356 dum
3653 5300 3773 5372 ejus

2168 5401 2354 5457 lumen
2381 5399 2549 5465 iniqui
2591 5416 2697 5455 non
2734 5398 2943 5465 vident,
2987 5398 3129 5455 sicut
3170 5407 3482 5460 serventur,
3528 5393 3721 5449 dit-ens
3755 5409 3770 5449 :

2169 5491 2338 5548 Stella
2374 5491 2509 5546 enim
2544 5491 2659 5547 creti
2695 5491 2966 5547 exterioris
3004 5501 3051 5545 et
3091 5490 3268 5545 omnia
3316 5486 3597 5542 luminaria
3637 5490 3770 5557 ejus,

2170 5586 2340 5643 lumen
2372 5585 2570 5642 dabunt
2606 5597 2651 5641 et
2684 5587 3014 5654 tenebrescet,
3044 5595 3093 5642 et
3122 5602 3225 5642 non
3255 5583 3576 5658 permanebit
3604 5583 3773 5637 lumen

2174 5679 2306 5753 ejus.
2335 5670 2403 5734 Et
2440 5681 2676 5755 infiigam
2703 5680 2919 5737 mortuis
2946 5690 3099 5736 terrae
3139 5679 3300 5745 mala,
3331 5686 3380 5733 et
3415 5676 3626 5751 injustis
3659 5692 3777 5746 pee-

2280 5764 2313 5808 ’δ
2340 5762 2503 5827 Forte
2534 5770 2773 5842 tardate,
2801 5771 2883 5828 vel
2910 5785 3156 5838 manere,
3190 5769 3270 5828 vel
3297 5782 3407 5826 non
3437 5765 3634 5823 ardere
