4132 6176
438 316 510 370 49

1601 306 1806 368 LIBER
1845 305 1935 363 DE
1975 300 2247 360 SEPTEM
2287 297 2605 358 REGULIS.
3682 302 3753 360 50

454 449 543 489 em
568 448 810 489 cursum.
844 432 960 490 Non
993 436 1136 491 enim
1165 437 1290 507 quia
1321 437 1468 492 stetit
1491 437 1575 492 sol
1598 449 1654 493 et
1685 437 1811 491 luna
1842 433 2006 489 dicbn

2113 471 2114 478 η
2145 430 2262 472 mos
2291 415 2456 472 etiam
2501 429 2762 471 numeros
2786 456 2802 483 ,
2849 413 3230 485 quodcumque
3269 424 3485 484 tempus
3516 414 3570 470 in
3603 429 3742 486 quo-

429 525 600 582 Josue
627 525 766 600 (los.
802 543 853 591 ιι,
887 526 975 597 15)
1000 539 1056 583 et
1082 528 1332 585 Ezechiae
1357 528 1454 602 (ιν
1491 529 1622 600 Reg.
1656 546 1746 596 xx,
1780 531 1914 603 10),
1941 545 2032 586 so-

432 618 521 674 lus
547 619 628 674 sol
661 634 919 676 reversus
950 633 1060 676 est:
1109 625 1313 695 aliquid
1352 640 1549 682 cursus
1589 625 1736 682 inter
1773 625 1944 678 solem
1979 631 2038 678 et

431 713 614 768 lunam
648 717 963 771 mutilatum
993 728 1078 774 est
1106 726 1161 773 et
1191 718 1521 788 detractum,
1544 725 1630 780 vel
1651 725 1893 782 additum
1923 728 2032 784 diei

433 823 526 866 aut
559 813 725 879 nocti,
759 822 815 869 et
841 829 977 868 nova
1006 815 1204 872 exinde
1236 820 1401 888 C(Bpil.
1443 831 1747 890 temporum
1775 835 1868 877 ant
1898 841 2033 881 neo-

430 903 630 969 tnenize
661 905 998 976 supputatio,
1025 925 1186 978 quam
1213 913 1402 966 statuit
1434 913 1574 970 Deus
1597 916 1648 968 in
1679 917 1850 972 solem
1875 931 1927 973 et
1953 921 2031 973 lu-

429 1011 583 1063 nam,
617 1012 738 1053 esse
765 1000 817 1052 in
851 1008 1156 1071 temporum
1188 1003 1306 1059 dies
1335 1013 1390 1060 et
1419 1020 1591 1062 annos
1615 1049 1632 1075 ,
1661 1008 1806 1065 sicut
1837 1013 1890 1066 in
1923 1011 2032 1068 Ge-

429 1089 551 1144 nesi
578 1091 837 1160 scriptum
872 1103 954 1149 est
1001 1093 1167 1166 (Gen.
1201 1112 1242 1163 ι,
1269 1099 1396 1171 17).
1430 1100 1597 1156 Multo
1625 1105 1798 1173 magis
1840 1104 1893 1159 in
1934 1107 2029 1162 illo

426 1182 543 1251 die,
572 1185 704 1239 nihil
731 1188 1001 1244 turbatum
1029 1200 1135 1259 est,
1159 1193 1248 1248 cui
1276 1209 1382 1250 non
1411 1208 1537 1250 sunt
1561 1198 1790 1266 adjecta:
1816 1202 1850 1256 5
1877 1202 2028 1260 hora:

423 1277 799 1348 tenebrarum,
844 1290 904 1335 ut
929 1293 1116 1340 essent
1145 1286 1232 1341 15.
1264 1286 1512 1360 Namque
1544 1291 1591 1346 si
1621 1294 1792 1348 solem
1825 1297 2025 1352 obscu-

427 1379 633 1436 ratum,
667 1382 721 1426 et
749 1388 963 1431 rursum
993 1387 1272 1434 ostensum
1303 1381 1448 1438 diem
1477 1384 1730 1452 dicimus,
1761 1392 1904 1458 quod
1929 1407 2024 1446 no-

424 1477 574 1531 men,
607 1480 768 1534 quem
799 1469 1046 1525 ordinem
1074 1472 1267 1528 damus
1290 1476 1390 1546 ipsi
1420 1477 1550 1547 diei,
1578 1482 1670 1550 qui
1702 1482 1869 1540 fuisse
1891 1484 2025 1540 dici-

422 1567 538 1625 tur,
563 1560 704 1615 inter
725 1573 938 1621 sextam
971 1565 1160 1622 feriam
1193 1577 1248 1624 et
1276 1572 1564 1628 sabbatum
1588 1615 1602 1639 ,
1647 1577 1749 1632 nisi
1784 1578 1868 1633 bis
1898 1581 2023 1636 sab-

420 1650 609 1706 batum
642 1655 740 1709 luit
770 1664 826 1711 et
853 1656 1193 1716 hebdomada
1215 1663 1307 1718 illa
1333 1665 1367 1721 8
1393 1665 1511 1721 dies
1543 1666 1772 1724 habuit?
1817 1668 2016 1742 Certe,

419 1745 466 1798 si
493 1748 772 1802 contentio
802 1751 1011 1807 ratione
1043 1755 1266 1811 minime
1292 1758 1473 1813 sedari
1506 1770 1726 1831 potest,
1752 1778 2015 1836 compen-

416 1838 511 1893 dio
544 1844 857 1912 probamus,
887 1847 922 1900 5
954 1847 1116 1904 horas
1139 1852 1486 1910 tenebrarum
1515 1873 1620 1911 non
1649 1860 1922 1928 pertinere
1949 1863 2015 1918 ad

415 1934 752 2003 sepulturam
809 1939 1056 2007 Domini,
1104 1958 1171 1997 eo
1219 1945 1363 2013 quod
1413 1949 1594 2003 adhuc
1624 1951 1851 2007 viveret.
1903 1953 2014 2009 Non

413 2029 563 2082 enim
597 2033 770 2099 potuit
799 2047 921 2089 esse
959 2034 1014 2089 in
1043 2038 1210 2092 corde
1254 2048 1413 2094 terra:
1435 2083 1451 2108 ,
1503 2044 1604 2096 nisi
1638 2059 1704 2099 ex
1733 2061 1840 2116 quo
1872 2062 2018 2102 mor-

414 2130 544 2174 tuus
568 2121 652 2176 vel
681 2125 930 2191 sepultus
952 2140 1055 2193 est,
1084 2131 1228 2199 quod
1255 2133 1452 2188 factum
1479 2145 1562 2190 est
1585 2137 1635 2191 in
1669 2139 1842 2194 tribus
1867 2141 2016 2197 boris

408 2222 588 2270 sextze
614 2216 786 2285 ferite,
813 2220 954 2276 intra
985 2223 1385 2281 duodecimam.
1414 2229 1683 2297 Quoniam
1712 2243 1836 2301 post
1858 2249 2017 2292 occa-

408 2323 538 2363 sum
569 2312 700 2367 solis
724 2354 740 2380 ,
790 2331 898 2370 non
933 2316 1133 2373 licebat
1164 2319 1366 2377 Iudaeis
1398 2326 1665 2396 sepelire:
1706 2343 1830 2383 cum
1871 2339 2016 2385 esset

410 2417 548 2472 pura
572 2418 729 2461 ctena
756 2406 974 2465 initium
997 2411 1206 2469 sabbati
1237 2415 1382 2470 sicut
1405 2416 1648 2474 Joannes
1675 2420 1807 2475 dicit
1830 2421 2011 2495 (Joan.

410 2512 541 2564 xm,
571 2500 638 2565 2;
672 2517 784 2568 ιιι,
814 2503 932 2576 42).
979 2503 1093 2563 Illic
1124 2523 1253 2580 ergo
1273 2551 1289 2573 ,
1325 2523 1550 2581 propter
1575 2529 1786 2570 etenam
1821 2532 2012 2586 puram

409 2589 750 2661 Judteorum,
779 2598 1035 2667 quoniam
1070 2604 1373 2670 proximum
1401 2606 1576 2662 luerat
1603 2623 2014 2667 monumentum

411 2699 718 2756 posuerunt
765 2691 972 2749 Jesum.
1026 2697 1154 2753 Dies
1202 2711 1384 2756 autem
1434 2707 1682 2762 noctibus
1729 2707 2011 2775 dignitate,

412 2797 528 2835 non
560 2785 816 2843 novitatis
847 2790 1041 2848 ordine
1064 2795 1461 2866 prml‘eruntur;
1488 2812 1545 2855 ut
1569 2817 1760 2859 omnes
1788 2806 2013 2860 masculi

410 2875 762 2947 pritnogeniti
805 2892 972 2951 sunt,
999 2887 1140 2942 sicut
1169 2888 1371 2945 dictum
1411 2903 1522 2949 est:
1575 2894 1764 2952 Genuit
1794 2899 1933 2967 ﬁlios
1967 2909 2015 2953 et

409 2968 578 3038 ﬁlias,
605 2981 650 3024 et
674 2975 799 3028 obiit
819 2974 970 3046 (Gen.
1002 2979 1076 3049 v).
1107 2981 1260 3049 Quod
1285 2996 1473 3041 contra
1501 2987 1671 3058 legem
1696 3003 1904 3046 naturae
1933 2993 2012 3059 lit,

413 3070 479 3113 ιιι
509 3078 698 3118 omnes
744 3065 820 3120 illi
865 3071 1132 3126 masculos
1184 3073 1416 3144 prinntm
1461 3081 1797 3147 genuissent.
1849 3082 2014 3139 Nobis

2141 527 2375 581 cumque
2400 525 2629 566 numero
2656 510 2967 582 frequenter
2989 509 3255 564 breviavit
3280 509 3573 579 scriptura,
3601 510 3743 565 sicut

2137 607 2510 676 supradictum
2544 617 2760 677 tempus
2785 650 2798 675 ,
2831 606 2972 661 liora
3009 607 3340 674 appellatum
3381 614 3493 670 est,
3525 605 3741 660 dicente

2136 701 2429 770 Apustolo:
2458 699 2756 754 Novissima
2778 700 2904 752 hora
2927 709 2998 752 est
3024 697 3067 769 (I
3087 696 3248 752 Joan.
3275 714 3336 764 tt,
3365 696 3477 768 18).
3503 697 3566 750 Et
3587 697 3735 752 dies:

2134 791 2271 846 sicut
2292 834 2306 859 ,
2347 790 2512 853 Ecce,
2546 809 2684 845 nunc
2713 792 2820 844 dies
2849 793 2872 822 °
2897 791 3224 844 salutationis
3261 789 3341 860 (ll
3385 788 3505 844 Cor.
3535 803 3608 855 vt,
3641 789 3737 859 2).

2138 881 2204 937 Et
2247 900 2438 938 annuat
2488 883 2809 951 prcedicare:
2851 884 2992 938 sicut
3039 899 3135 954 per
3169 884 3402 938 Isaiam:
3440 882 3738 938 Prtedicare

2131 988 2326 1030 annum
2359 976 2576 1030 Domino
2606 976 2972 1046 acceptabilcm
3015 975 3160 1049 (lsa.
3197 992 3307 1040 ιιι,
3330 976 3430 1046 2).
3465 975 3733 1043 Quoniam

2132 1087 2244 1127 non
2279 1071 2403 1138 ille,
2439 1088 2546 1141 quo
2576 1071 2837 1126 Dominus
2867 1069 3176 1140 praedicavit
3198 1113 3213 1138 ,
3248 1071 3398 1124 solus
3427 1071 3520 1124 luit
3549 1084 3745 1138 accep-

2130 1165 2315 1218 tabilis
2354 1184 2367 1221 :
2400 1164 2494 1219 sed
2545 1174 2600 1220 et
2637 1164 2740 1218 iste
2771 1179 2880 1233 quo
2910 1164 3189 1232 praedicat,
3223 1164 3364 1218 sicut
3389 1164 3591 1218 dictum
3618 1173 3734 1219 est:

2133 1254 2382 1327 Tempore
2408 1266 2615 1328 accepto
2645 1255 2888 1312 exaudiui
2915 1265 2962 1310 te
2989 1256 3142 1328 (lsa.
3175 1272 3293 1310 sus
3313 1297 3328 1320 ,
3354 1254 3462 1326 8);
3493 1266 3551 1310 et
3579 1254 3729 1323 Apo-

2129 1352 2304 1404 stolus
2343 1349 2766 1419 interpretatur:
2817 1348 2951 1403 Ecce
2994 1366 3131 1403 nunc
3179 1359 3381 1419 tempus
3422 1348 3734 1412 arceptabile

2128 1441 2197 1514 (ll
2229 1441 2350 1495 Cor.
2385 1457 2458 1508 vt,
2491 1441 2570 1512 2).
2605 1440 2754 1496 Finis
2776 1441 3012 1512 denique
3045 1441 3207 1510 hujus
3239 1442 3390 1507 anni,
3440 1440 3490 1495 i.l
3517 1451 3620 1499 est.
3643 1441 3730 1513 ju-

2125 1530 2248 1585 dicii
2269 1531 2472 1600 jnnxit,
2497 1531 2685 1586 dicens
2714 1550 2726 1586 :
2757 1529 3058 1586 Prtedicare
3089 1549 3284 1586 annum
3314 1531 3524 1585 Domini
3547 1547 3730 1602 accep-

2125 1624 2361 1692 tabilem,
2397 1635 2442 1677 et
2484 1623 2621 1678 diem
2656 1626 3028 1680 retributionis.
3066 1625 3132 1679 Et
3160 1624 3371 1680 David:
3414 1623 3726 1689 Benedices,

2121 1716 2320 1788 inquit,
2345 1733 2586 1772 coronam
2613 1718 2738 1771 anni
2765 1717 3094 1788 benignitatis
3113 1727 3214 1771 tua:
3234 1715 3410 1789 (Psal.
3443 1733 3587 1782 ωιιν,
3609 1715 3728 1787 12).

2052 1812 2098 1872 B
2126 1812 2434 1878 Aliquando
2462 1813 2613 1878 hora,
2646 1813 2755 1866 dies
2779 1823 2825 1866 et
2861 1828 3056 1866 menses
3077 1854 3090 1879 ,
3131 1826 3307 1865 annus
3335 1819 3451 1874 est,
3486 1811 3629 1866 sicut
3664 1811 3717 1866 in

2119 1905 2478 1978 Apocalypsi:
2509 1904 2692 1959 Parati
2731 1906 2785 1959 in
2816 1904 3022 1973 horam,
3054 1915 3100 1960 et
3141 1905 3296 1970 diem,
3321 1915 3369 1958 et
3400 1920 3646 1970 mensem,
3679 1911 3729 1957 et

2123 2015 2315 2053 annum
2346 1999 2533 2065 (Apoc.
2565 2015 2651 2065 ιχ,
2686 1996 2773 2067 15)
2799 2038 2815 2063 ,
2847 1997 2990 2068 quod
3023 2006 3105 2051 est
3131 2038 3145 2064 ,
3179 2007 3289 2051 tres
3318 1997 3444 2051 anni
3486 2006 3542 2050 ct
3568 1995 3733 2050 dinti-

2120 2091 2291 2147 dium.
2325 2089 2556 2155 Ibidem,
2583 2107 2782 2144 menses
2812 2105 2910 2160 pro
2936 2091 3128 2143 annis:
3164 2091 3354 2143 Datum
3379 2100 3454 2142 est
3485 2090 3528 2142 ei
3551 2089 3727 2143 delere

2118 2183 2370 2250 homines,
2405 2200 2598 2238 menses
2628 2188 2852 2254 quinque
2889 2181 3090 2253 (Ibid.,
3123 2183 3212 2254 5).
3238 2183 3577 2252 Aliquando,
3607 2181 3726 2237 dies

2118 2275 2344 2331 denario
2373 2289 2602 2330 numero
2635 2273 2734 2328 lOU
2761 2274 2878 2329 dies
2904 2283 3031 2328 sunt
3056 2315 3071 2340 ,
3097 2275 3234 2329 sicut
3265 2275 3316 2328 in
3349 2274 3677 2346 Apocalypsi
3706 2292 3720 2326 :

2120 2368 2244 2423 Dies
2275 2369 2416 2423 mille
2438 2369 2650 2422 ducenti
2675 2368 2944 2437 sexaginta
2976 2365 3159 2438 (Apoc.
3192 2382 3240 2420 χι
3262 2408 3278 2433 ,
3309 2367 3403 2438 5);
3443 2382 3566 2420 nam
3597 2363 3722 2420 mil-

2119 2461 2221 2516 lies
2251 2461 2539 2516 ducenties
2571 2461 2824 2532 sexagies
2868 2461 3085 2515 centeni
3118 2469 3336 2516 centum
3383 2461 3586 2531 vigenti
3629 2475 3727 2514 sex

2119 2553 2283 2608 tnillia
2315 2552 2435 2608 dies
2477 2560 2640 2616 sunt,
2668 2553 2759 2624 qui
2811 2564 2938 2608 sunt
2987 2555 3113 2608 anni
3165 2554 3396 2609 trecenti
3442 2555 3720 2625 quinqua-

2117 2647 2298 2718 ginta,
2340 2646 2620 2700 mensibus
2653 2647 2986 2702 triccnorum
3020 2645 3253 2702 dierum.
3285 2647 3490 2702 lb'dem
3518 2665 3530 2700 :
3581 2663 3724 2702 unus

2119 2739 2322 2794 mensis
2352 2737 2581 2793 denario
2613 2754 2872 2805 numero,
2917 2737 3020 2793 100
3044 2753 3289 2802 menses,
3325 2749 3417 2793 ut:
3449 2738 3720 2793 Civitatem

2115 2842 2348 2885 sanctam
2370 2828 2640 2884 calcabunt
2664 2830 2922 2883 mensibus
2944 2831 3286 2902 quadraginta
3304 2827 3714 2900 duobus(lbid.,

2115 2919 2196 2990 2).
2228 2921 2359 2975 Nam
2391 2921 2716 2991 quadragies
2745 2920 2829 2975 his
2854 2921 3108 2986 centeni,
3143 2921 3287 2977 4200
3317 2936 3533 2976 menses
3561 2931 3720 2987 sunt,

2116 3012 2207 3082 qui
2253 3022 2380 3067 sunt
2425 3013 2551 3066 anni
2585 3011 2816 3066 trecenti
2861 3013 3272 3084 quinquaginta.
3303 3012 3576 3082 Tempus,
3623 3024 3721 3068 aut

2117 3119 2292 3158 annus
2321 3112 2428 3171 est,
2456 3113 2549 3158 aut
2577 3103 2677 3160 100
2706 3104 2832 3157 anni
2857 3121 2870 3158 :
2904 3103 3045 3158 sicut
3067 3115 3287 3175 tempus,
3317 3115 3361 3159 et
3388 3115 3642 3176 tempora,
3669 3115 3718 3160 et

412 3163 597 3208 autem
649 3165 817 3212 totum
871 3171 1113 3232 tempus,
1163 3165 1281 3222 dies
1318 3179 1424 3224 est.
1457 3171 1648 3226 Omnia
1683 3189 1819 3228 nova
1850 3186 2004 3242 sunt,

2115 3195 2386 3249 dimidium
2413 3163 2664 3264 temporis
2693 3194 2870 3265 (Dan.
2906 3210 2997 3262 ιιι,
3021 3196 3126 3261 25;
3163 3163 3348 3266 .\"lt,'7)
3369 3237 3384 3263 ,
3419 3163 3564 3266 quod
3597 3163 3714 3261 est,

411 3248 604 3316 ﬁgura:
636 3255 988 3313 transierunt.
1020 3259 1096 3314 Ex
1131 3261 1385 3332 legitimis
1425 3269 1666 3323 numeris
1705 3280 1854 3332 sunt,
1893 3288 2012 3341 sep-

409 3344 661 3414 tenarius,
698 3347 961 3416 denarius,
986 3352 1357 3412 duodenarius.
1392 3357 1538 3414 Idem
1571 3373 1655 3415 est
1697 3375 1879 3418 autem
1910 3382 2011 3418 nu-

409 3452 619 3506 merus,
671 3451 726 3495 et
774 3459 895 3498 cum
947 3449 1368 3517 multiplicatur:
1416 3463 1471 3507 ttt
1513 3457 1890 3527 septuaginta,
1925 3459 2006 3513 vel

408 3530 777 3601 septingenti,
811 3537 896 3590 vel
931 3541 1087 3593 toties
1117 3540 1167 3595 in
1200 3557 1291 3598 Su:
1329 3552 1386 3598 nt
1413 3547 1615 3615 septies
1640 3560 1882 3614 septem,
1917 3563 2009 3607 aut

408 3623 598 3678 decies
626 3626 774 3681 deni.
805 3629 911 3686 Sed
944 3643 1033 3687 aut
1068 3635 1463 3704 peticmionem
1490 3642 1822 3709 significant,
1853 3656 1945 3698 aut
1976 3661 2008 3700 ει

412 3728 566 3786 parte
590 3732 783 3790 totum,
811 3739 899 3778 aut
926 3727 1227 3797 simplicem
1256 3748 1544 3788 summam.
1579 3736 2004 3806 Pet-lectionem,

408 3821 472 3864 ut
503 3824 696 3882 septem
718 3819 960 3888 spiritus,
987 3819 1242 3878 Ecclesiae
1266 3836 1458 3896 septem
1489 3830 1506 3899 (
1533 3829 1690 3902 Apoc.
1724 3847 1775 3897 ι,
1805 3834 1928 3888 1-11
1958 3830 1999 3903 ).

411 3904 514 3957 Aut
547 3915 603 3960 ut
630 3907 792 3963 dicit:
834 3911 1034 3981 Septies
1060 3915 1114 3970 in
1147 3919 1230 3972 die
1260 3920 1485 3976 laudabo
1516 3932 1564 3977 te
1597 3923 1768 3995 (Psal.
1802 3943 2001 3995 cxvttt,

413 3996 567 4068 16b):
595 4012 688 4055 ant
711 4007 896 4077 septies
925 4018 1122 4063 tantum
1145 4014 1354 4082 recipiet
1381 4017 1434 4069 in
1455 4018 1553 4071 isto
1574 4021 1764 4074 saeculo
1783 4021 1999 4093 (Matth.

409 4104 549 4157 sxn;
585 4094 726 4150 Eccl.
757 4115 922 4168 xxxv,
960 4104 1074 4173 15).
1119 4106 1409 4175 Similiter,
1441 4112 1710 4179 denarius,
1761 4127 1818 4170 ut
1863 4119 2002 4174 alius

411 4181 746 4253 Evangelista
779 4191 939 4247 dicit:
976 4195 1178 4252 Centies
1218 4211 1415 4255 tantum
1450 4205 1658 4277 recipiet
1685 4207 1737 4262 in
1774 4210 1871 4264 ista
1906 4228 1996 4264 sa:-

411 4275 521 4330 culo
545 4278 736 4348 (Marc.
772 4300 828 4349 χ,
857 4285 972 4356 50).
1002 4289 1068 4344 Ει
1096 4291 1302 4359 Daniel,
1333 4275 1647 4365 angelorum
1678 4310 1733 4356 et
1762 4303 1884 4358 οωιί
1914 4304 1999 4357 vel

411 4368 662 4428 Ecclesim
695 4375 1150 4437 innumerabilem
1198 4387 1601 4444 multitudinem
1643 4392 1870 4449 denario
1902 4411 2001 4450 nu-

407 4479 556 4556 mero
585 4471 907 4538 camplcxus
928 4484 1028 4540 est,
1057 4478 1280 4534 dicens:
1311 4480 1460 4537 Mille
1485 4483 1649 4539 millia
1677 4489 1995 4556 apparebant

2115 3300 2205 3343 aut
2227 3290 2260 3343 5
2289 3288 2417 3343 anni
2445 3297 2500 3344 et
2527 3288 2808 3356 dimidius,
2833 3301 2923 3343 aut
2945 3289 3075 3344 550.
3109 3289 3241 3345 ltem
3269 3307 3283 3341 :
3311 3288 3464 3346 Unus
3485 3289 3604 3344 dies
3625 3289 3722 3343 alio

2113 3382 2330 3452 quando
2347 3391 2564 3436 centum
2585 3383 2712 3436 ωειιί
2733 3393 2889 3437 sunt:
2913 3382 3052 3437 sient
3077 3382 3144 3437 de
3174 3383 3418 3438 Ecclesia
3443 3383 3712 3451 scriptum

2113 3484 2227 3526 est:
2260 3470 2445 3527 Jacere
2475 3473 2527 3526 in
2551 3474 2778 3541 civitate,
2809 3474 2895 3527 ubi
2926 3486 2970 3527 et
2999 3473 3254 3529 Dominus
3283 3478 3395 3546 ejus
3435 3477 3719 3541 cruciﬁxus

2111 3575 2206 3631 est,
2241 3575 2286 3618 et
2305 3576 2419 3635 post
2449 3578 2549 3619 tres
2577 3567 2687 3620 dies
2717 3577 2762 3621 et
2791 3566 3066 3621 dimidium
3095 3569 3280 3639 (Apoc.
3311 3586 3389 3636 XI,
3416 3570 3470 3636 8,
3509 3571 3619 3638 ll).
3649 3570 3714 3624 Et

2112 3667 2307 3724 oportet
2333 3655 2503 3726 ﬁlium
2530 3657 2752 3712 hominis
2783 3657 3109 3714 Hierusalem
3141 3662 3234 3726 ire,
3263 3670 3311 3714 et
3341 3665 3505 3715 multa
3545 3662 3652 3732 pati
3683 3678 3717 3714 a

2110 3747 2395 3800 senioribus
2431 3764 2479 3801 et
2520 3751 2841 3820 principibus
2875 3753 3230 3817 sacerdotum,
3256 3761 3304 3805 et
3327 3752 3537 3817 scribis,
3561 3762 3608 3808 et
3630 3769 3717 3806 oc-

2109 3842 2234 3908 cidi,
2268 3853 2316 3896 et
2345 3853 2457 3912 post
2489 3852 2590 3897 tres
2619 3844 2726 3898 dies
2754 3862 3019 3915 resurgere
3040 3844 3256 3916 (Matth.
3293 3862 3388 3920 xx,
3416 3846 3508 3910 18;
3540 3844 3712 3901 Marc.

2112 3951 2169 3999 ιι,
2202 3936 2299 4000 55;
2329 3935 2452 3990 Luc.
2484 3953 2640 4005 XVIII,
2672 3927 2784 4010 52)’.
2821 3941 2937 4010 Ipse
2982 3941 3128 3994 enim
3180 3938 3345 3994 tertio
3392 3940 3483 3995 die
3528 3955 3716 3996 resur-

2109 4030 2267 4082 rexit.
2294 4029 2585 4084 Gcttcratio
2612 4030 2909 4102 aliquoties
2938 4043 2993 4088 et
3023 4042 3242 4088 centum
3273 4034 3399 4086 anni
3434 4045 3561 4087 sunt
3589 4052 3602 4087 :
3634 4033 3712 4088 si-

2106 4129 2199 4174 ent
2223 4119 2483 4174 Dominus
2505 4121 2634 4176 dicit
2661 4122 2930 4177 Abrahre:
2961 4124 3159 4192 Quarta
3186 4136 3356 4180 autem
3382 4124 3713 4193 generatione

2106 4224 2386 4266 revertetur
2414 4213 2514 4267 huc
2552 4215 2706 4285 (Gen.
2737 4233 2828 4283 xv,
2856 4220 2966 4287 16).
3000 4217 3056 4271 In
3093 4217 3281 4272 Exodo
3313 4234 3464 4283 vero,
3501 4233 3610 4272 non
3641 4218 3712 4274 de

2105 4305 2408 4368 servitutis,
2463 4307 2558 4361 sed
2606 4307 2672 4360 de
2726 4310 2896 4362 totius
2953 4309 3412 4377 peregrinationis
3458 4317 3710 4378 tempore

2104 4403 2308 4458 dictum
2333 4413 2448 4457 est:
2487 4402 2678 4469 Quinta
2709 4415 2878 4458 autem
2905 4405 3254 4476 generatione,
3281 4404 3512 4460 ascendit
3539 4422 3709 4478 popu-

2105 4496 2185 4551 lus
2212 4512 2278 4550 ea:
2307 4493 2541 4568 ZEgypto
2568 4497 2764 4565 (Exod.
2795 4513 2864 4552 xu
2885 4541 2900 4564 ,
2935 4498 3044 4566 42),
3083 4498 3133 4552 id
3168 4509 3283 4562 est,
3317 4510 3442 4568 post
3467 4498 3576 4555 450
3601 4514 3703 4553 an.

405 4554 501 4662 illi,
529 4569 590 4662 ei
605 4560 774 4662 decies
798 4565 986 4662 millies
1013 4571 1226 4625 denaria
1256 4574 1691 4635 circumsistebant
1718 4582 1878 4651 (Dan.
1898 4599 1995 4653 vn,
2026 4596 2076 4656 D
2105 4604 2225 4644 nos.
2270 4589 2402 4644 Item
2435 4594 2695 4660 generatio
2721 4635 2738 4660 ,
2781 4595 3070 4662 aliquoties
3102 4595 3168 4647 10
3198 4609 3264 4647 an
3277 4595 3327 4647 ιιὶ
3361 4605 3518 4649 sunt:
3562 4595 3706 4650 sicut

407 4647 518 4719 10),
550 4651 618 4706 Et
647 4654 813 4710 David
841 4677 853 4711 :
879 4659 1094 4726 Curras,
1128 4665 1321 4737 inquit,
1356 4668 1451 4724 Dei
1479 4671 1646 4727 decies
1673 4647 1858 4731 millies
1882 4647 1998 4732 tan;

407 4751 509 4837 tum
537 4743 712 4837 (Psal.
747 4765 886 4806 vatt
907 4794 922 4818 ,
957 4755 1066 4823 l8).
1105 4757 1171 4812 Et
1201 4759 1268 4814 de
1297 4763 1446 4816 omni
1476 4773 1754 4837 tempore,
1790 4771 1992 4826 David:

404 4833 455 4886 in
486 4836 627 4890 mille
654 4842 848 4895 uetula
883 4845 900 4913 (
919 4844 1064 4902 Psal.
1099 4865 1206 4915 CIV,
1243 4853 1334 4925 8).
1371 4854 1535 4925 Item,
1582 4833 1678 4927 per
1713 4833 1994 4918 duodena-

403 4929 541 4984 rium
570 4932 637 4988 de
665 4938 813 4992 omni
843 4939 1086 4999 Ecclesia
1117 4945 1318 5002 dictum
1349 4961 1433 5006 est
1465 4959 1491 4988 α
1519 4953 1695 5010 14400
1717 4967 1764 5009 et
1793 4957 1992 5013 duode-

401 5023 500 5116 cim
541 5028 702 5082 tribus
745 5031 932 5102 (Apoc.
975 5051 1068 5102 vtt,
1098 5039 1154 5104 4,
1187 5039 1244 5111 5)
1269 5082 1284 5106 ,
1326 5056 1514 5098 omnes
1543 5059 1735 5116 gentes
1761 5090 1776 5114 ,
1822 5050 1992 5106 sicut:

400 5115 710 5178 ludicabitis
740 5125 1010 5183 duodecim
1040 5131 1200 5187 tribus
1223 5133 1388 5190 Israel
1418 5115 1634 5210 (Matth.
1659 5157 1770 5209 nx,
1799 5143 1913 5213 28).
1946 5145 1992 5200 A

404 5220 555 5278 parte
598 5225 1157 5291 totnmzquoniamb
1206 5240 1424 5284 centum
1475 5244 1688 5303 tempus
1735 5236 1994 5304 legitimis

402 5306 647 5361 numeris
677 5307 941 5375 dilinitnr,
976 5325 1036 5368 ut
1067 5316 1118 5370 in
1152 5319 1519 5392 Apocalypsi:
1553 5324 1820 5380 Habebitis
1854 5345 1994 5394 pres-

398 5411 575 5489 suram
601 5398 671 5455 10
693 5401 803 5454 dies
830 5404 1021 5476 (Apoc.
1047 5423 1118 5475 tv,
1150 5411 1269 5482 10):
1295 5428 1418 5469 eum
1447 5416 1716 5485 significet
1743 5435 1912 5489 usque
1941 5422 1992 5475 in

398 5487 592 5584 linem.)
614 5493 968 5567 Septuaginta
997 5511 1178 5557 antem
1210 5505 1262 5557 in
1284 5504 1576 5578 Babylone,
1609 5511 1751 5566 idem
1783 5487 1997 5584 tempus

396 5594 545 5649 esse,
579 5582 950 5656 importunum
994 5605 1076 5648 est
1124 5610 1267 5649 nunc
1302 5599 1558 5666 probare.
1593 5601 1797 5659 Praeter
1824 5582 2000 5674 legiti-

473 5718 500 5788 ξ
539 5707 682 5788 μεθ
714 5709 944 5780 1.14000,
977 5727 1042 5769 ex
1068 5713 1235 5770 citato
1265 5715 1387 5771 loco
1403 5718 1627 5788 Apocal.

470 5778 496 5817 ι’
535 5778 781 5836 Certum.

477 5861 498 5904 ς
542 5849 914 5907 Salutationis.
936 5853 1100 5910 Forte
1127 5856 1459 5925 salvationis,
1488 5871 1576 5914 aut
1606 5863 1811 5917 salutis.
1838 5866 2020 5932 Siqui-

2096 4682 2364 4740 Jeremias
2391 4683 2523 4738 dicit
2549 4702 2559 4736 :
2593 4682 2755 4739 Erilis
2783 4686 2836 4739 in
2865 4685 3173 4757 Babylonia,
3198 4703 3360 4758 usque
3392 4689 3460 4739 ad
3490 4702 3708 4760 genera-

2098 4778 2260 4832 tiones
2288 4791 2479 4849 septem
2509 4777 2760 4847 (Baruch.
2794 4794 2848 4833 vt
2873 4820 2888 4843 ,
2916 4780 2994 4849 2).
3020 4780 3343 4834 'l‘ernarintn
3375 4796 3664 4836 numerum
3689 4821 3706 4846 ,

2097 4871 2347 4927 emndem
2370 4887 2512 4938 esse,
2539 4871 2630 4942 qui
2653 4883 2706 4926 et
2731 4871 3013 4937 denarius,
3039 4871 3180 4925 idem
3209 4871 3421 4940 plenius
3446 4873 3498 4927 in
3525 4872 3709 4927 Evan-

2097 4964 2242 5034 gelio
2290 4963 2741 5034 deprehenditur.
2793 4963 3078 5018 Matthzeus
3125 4966 3270 5019 enim
3317 4965 3488 5020 dicit:
3542 4965 3707 5020 tribus

2097 5056 2272 5110 servis
2293 5056 2552 5112 creditam
2580 5055 2794 5111 Domini
2819 5057 3176 5111 substantiam
3203 5056 3420 5128 (Matth.
3437 5059 3700 5129 xxv,15).

2102 5148 2277 5205 Lucas
2305 5165 2434 5205 vero
2463 5151 2636 5204 decem
2657 5148 2811 5221 (Luc.
2842 5167 2951 5212 vix,
2981 5151 3069 5219 15)
3094 5170 3106 5204 :
3140 5168 3276 5220 quos
3303 5152 3491 5208 decem
3517 5154 3568 5206 in
3594 5162 3706 5206 tres

2097 5241 2315 5310 redigit,
2344 5241 2468 5295 dum
2494 5250 2548 5295 et
2576 5239 2696 5310 ipse
2719 5257 2746 5294 a
2775 5241 2950 5295 tribus
2973 5240 3110 5295 dicit
3131 5250 3380 5296 exactam
3411 5241 3701 5295 rationem.

2097 5331 2398 5403 Aliqumies
2428 5349 2568 5386 unus
2595 5333 2713 5387 dies
2742 5333 2891 5388 mille
2923 5335 3051 5387 anni
3085 5345 3209 5389 sunt
3233 5351 3247 5387 :
3271 5336 3408 5388 sicut
3436 5333 3704 5402 scriptum

2098 5435 2216 5481 est:
2251 5427 2369 5488 (tua
2401 5427 2483 5480 die
2510 5429 2834 5496 gustaveritis
2871 5444 2936 5482 ex
2975 5429 3154 5482 arbare
3175 5470 3187 5491 ,
3220 5437 3383 5481 marte
3411 5428 3708 5482 moriemini

2100 5517 2256 5592 (Cen.
2283 5533 2339 5584 ll,
2371 5519 2484 5586 17).
2516 5518 2584 5573 Et
2620 5529 2830 5587 septem
2861 5520 2979 5574 dies
3006 5521 3188 5590 pritni,
3223 5519 3364 5572 7000
3396 5521 3522 5573 anni
3552 5528 3703 5576 sunt.

2096 5609 2206 5667 Sex
2233 5611 2429 5665 diebus
2459 5622 2718 5680 operatus
2745 5624 2830 5666 est
2856 5613 3017 5675 Dens,
3050 5620 3102 5666 et
3131 5608 3401 5679 requievit
3427 5611 3498 5666 ab
3525 5613 3704 5666 omni-

2096 5723 2220 5779 dem
2266 5723 2311 5779 II
2350 5721 2478 5778 Cor.
2508 5741 2599 5796 (vt,
2645 5722 2702 5790 2,
2752 5724 3308 5796 legimusamnpiue.
3353 5721 3446 5782 Sic
3473 5735 3530 5782 et
3555 5724 3700 5796 apud

2095 5795 2294 5852 Isaiam
2325 5808 2469 5865 χιιι,
2497 5795 2550 5866 8,
2579 5811 2688 5867 qtto
2714 5793 2951 5868 respexit
2977 5793 3289 5864 Apostonts.
