4176 6184
399 367 461 423 δι
524 389 534 397 -
1798 352 2098 412 rtcnomt
2134 353 2301 410 AFRI
3530 316 3537 319 ’
3633 349 3703 408 ss

395 483 498 538 bus
521 478 780 551 aperibus
805 478 921 535 suis
946 476 1036 534 die
1057 477 1312 547 septimo,
1337 484 1393 533 et
1421 472 1705 531 benedixit
1725 482 1782 530 et
1801 471 2003 530 sancti-
2028 473 2078 534 Α

395 573 582 631 ficavit
628 573 780 627 illum
831 569 1026 644 (lbid.,
1073 569 1129 636 2,
1178 568 1271 640 5).
1315 568 1577 624 Dominus
1617 577 1798 623 autem
1831 565 1998 624 dicit:

405 665 563 726 Pater
590 681 733 727 meus
761 679 924 734 usque
950 661 1104 718 modo
1131 668 1375 732 operatur
1402 656 1586 728 (han.
1613 673 1669 727 v,
1702 656 1815 730 l7).
1846 656 2001 713 Sicut

396 761 544 819 enim
589 760 753 821 istum
799 756 1056 821 mundum
1101 770 1197 811 sex
1235 752 1431 810 diebus
1460 762 1721 823 operatus
1752 761 1874 808 est:
1924 754 1996 808 ita

400 851 660 907 ntundum
687 851 1055 921 spiritualem,
1088 849 1288 919 quiest
1316 847 1587 912 Ecclesia,
1620 862 1715 916 per
1736 846 1879 902 6000
1903 860 2001 901 an-

398 963 498 1005 nos
518 956 801 1018 operatur,
812 954 1124 1000 ressatnrns
1146 941 1234 997 die
1256 943 1492 1012 septimo
1514 957 1671 1012 quem
1698 938 1995 1006 benedixit,

392 1039 632 1113 iecitque
663 1040 716 1092 in
748 1048 1031 1093 aeternum.
1068 1032 1125 1090 Id
1152 1033 1409 1105 estquod
1439 1032 1701 1089 Dominus
1728 1034 1875 1088 inter
1893 1047 2002 1087 ca:-

393 1143 510 1186 tcra
537 1128 791 1185 mandata
820 1126 953 1183 nihil
975 1127 1123 1183 aliud
1151 1126 1402 1183 crebrius
1429 1126 1683 1196 praecepit
1714 1141 1877 1197 quam
1903 1124 2005 1181 ob-

388 1237 677 1277 servemus
703 1229 761 1277 et
790 1220 1082 1291 diligamus
1107 1219 1245 1273 diem
1275 1217 1621 1273 sabbatorum.
1664 1216 1768 1285 Qui
1813 1225 2003 1272 autem

395 1322 668 1387 prtecepta
721 1313 819 1372 Dei
868 1313 1022 1379 facit,
1073 1311 1362 1368 sabbatum
1410 1312 1503 1367 ltei
1542 1309 1769 1382 diligat:
1800 1309 1855 1364 id
1880 1318 1998 1374 est.

394 1407 689 1477 septimum
716 1405 860 1461 diem
890 1403 1091 1474 quietis
1117 1412 1356 1459 mternm.
1382 1403 1676 1479 Propterea
1708 1402 1852 1457 Dens
1874 1401 2002 1456 bor—

397 1506 545 1553 tatur
578 1496 838 1571 populum
881 1513 987 1552 non
1033 1497 1246 1552 intrare
1276 1500 1475 1568 portas
1507 1493 1847 1551 Hierusalem
1873 1507 2005 1550 cum

390 1606 561 1649 onere
592 1593 648 1648 in
678 1591 767 1649 die
792 1590 1027 1659 sabbati,
1052 1602 1108 1649 et
1138 1592 1378 1647 minatur
1406 1590 1612 1663 portis,
1663 1601 1718 1647 et
1749 1588 2002 1647 intranti-

390 1687 495 1742 bus
532 1703 628 1753 per
658 1701 754 1743 eas
782 1695 839 1742 et
869 1686 1221 1751 exeuntibus,
1254 1685 1397 1740 sicut
1429 1684 1719 1741 Hieremias
1750 1684 1999 1751 mandat,

392 1777 615 1835 dicens:
656 1776 821 1843 Vade,
858 1786 939 1832 sta
961 1778 1016 1832 in
1037 1778 1201 1847 portis
1220 1776 1449 1846 ﬁliorum
1474 1777 1659 1848 populi
1681 1776 1779 1844 tui,
1799 1777 1854 1831 in
1871 1792 2003 1846 quas

2109 470 2243 541 legis
2262 511 2281 537 ,
2307 470 2492 527 claves
2521 469 2671 540 regni
2697 468 2963 527 calorum
2990 469 3102 526 alto
3142 484 3311 527 sensu
3363 464 3702 525 absconden-

2106 572 2208 618 tes.
2241 562 2351 634 Ipsi
2392 572 2519 621 sunt
2547 573 2759 634 portio,
2787 577 2911 634 quas
2939 576 3049 620 non
3081 563 3309 619 vincunt
3356 556 3663 617 Ecclesium
3684 598 3707 631 ι

2103 669 2231 727 qum
2255 670 2423 725 supra
2469 665 2680 725 petram
2708 653 2928 713 laudata
2956 662 3062 710 est.
3099 653 3360 720 Quoniam
3386 650 3706 724 fundatum.

2101 756 2215 804 tuat
2238 746 2335 802 Dei
2357 755 2494 814 stat,
2522 746 2660 803 sicut
2687 748 2953 816 scriptum
2979 754 3064 803 est
3085 762 3101 801 :
3123 744 3374 817 Cognovit
3415 742 3591 809 Deus,
3619 742 3710 816 qui

2102 852 2220 896 sunt
2240 844 2359 915 ejus
2385 839 2456 911 (ll
2481 839 2612 895 Tim.
2632 856 2695 909 tt,
2730 840 2840 912 19).
2871 840 2928 896 Si
2950 840 3073 911 quis
3102 849 3287 897 autem
3311 855 3409 910 pcr
3436 844 3710 912 pra'cepta

2104 933 2517 1004 prasidentiutn
2543 932 2820 991 cathedrae
2842 931 3013 1007 Moysi
3042 933 3278 1003 introiit,
3310 947 3406 1003 per
3433 932 3708 990 Clit-istum

2103 1027 2289 1085 intrat.
2322 1026 2498 1099 Ipsius
2526 1026 2671 1083 cnim
2701 1035 2829 1083 sunt
2851 1038 3153 1098 praecepta.
3174 1024 3292 1097 ipse
3312 1025 3539 1094 expauit
3562 1037 3707 1083 unus

2104 1130 2459 1193 peccatorum
2490 1134 2711 1179 suorum
2740 1162 2754 1186 ,
2788 1129 2843 1177 et
2887 1119 3009 1177 sine
3049 1120 3143 1177 illo
3172 1134 3281 1176 non
3322 1118 3493 1175 intrat
3520 1116 3573 1179 in
3617 1130 3707 1173 re-

2102 1214 2286 1287 quiem
2314 1213 2551 1270 sabbati.
2584 1211 2642 1270 Si
2688 1213 2813 1287 quis
2844 1228 2975 1269 vera
3017 1229 3122 1269 non
3157 1227 3255 1284 per
3287 1219 3578 1285 pracepta,
3610 1206 3707 1273 sed

2104 1321 2203 1376 per
2226 1305 2374 1365 facta
2411 1306 2824 1377 pricsideutium
2848 1304 3126 1365 cathedrae
3148 1304 3318 1379 Moysi
3351 1303 3539 1369 intrat,
3564 1302 3709 1363 ﬁlius

2103 1407 2189 1455 est
2232 1398 2503 1473 gehennae
2550 1398 2723 1470 magis
2746 1414 2910 1470 quam
2956 1398 3081 1469 ipsi.
3129 1398 3201 1457 Et
3235 1393 3707 1471 requiescentibus

2106 1494 2377 1551 universis
2399 1534 2416 1561 ,
2447 1494 2540 1566 qui
2578 1501 2708 1548 ante
2744 1492 3035 1551 sabbatum
3084 1506 3283 1550 manus
3319 1488 3707 1558 collegerunt:

2109 1586 2203 1644 ille
2229 1602 2353 1643 cum
2379 1600 2546 1642 onere
2572 1598 2676 1641 sua
2704 1585 3013 1643 inveniatur
3047 1588 3103 1643 in
3130 1585 3218 1640 die
3256 1583 3495 1650 sabbati,
3523 1581 3575 1637 in
3601 1594 3711 1651 quo

2105 1697 2215 1736 non
2241 1689 2348 1747 est,
2373 1694 2575 1735 manna
2594 1678 2876 1751 colligere.
2896 1694 3072 1750 neque
3094 1692 3233 1735 auus
3251 1692 3551 1750 exponere.
3571 1678 3707 1748 Quia

2105 1772 2301 1829 nolunt
2324 1770 2516 1829 audire
2549 1786 2739 1827 vocem
2772 1768 2867 1826 lilii
2895 1770 2993 1827 Dei
3042 1770 3332 1827 clamantis
3360 1770 3414 1825 in
3462 1770 3709 1829 Ecclesia

394 1870 758 1941 ingrediuntur
784 1887 928 1942 reges
957 1868 1098 1925 Iuda
1124 1878 1174 1925 et
1204 1871 1563 1944 egrediuntur,
1597 1881 1645 1926 et
1681 1871 1735 1925 in
1765 1870 2004 1926 omnibus
2038 1881 2080 1940 Β
2108 1874 2164 1924 et
2192 1864 2424 1924 dicentis
2450 1882 2463 1919 :
2497 1863 2678 1921 Venite
2703 1864 2772 1923 ad
2795 1880 2876 1921 me
2898 1880 3071 1919 omnes
3094 1864 3184 1934 qui
3215 1862 3463 1920 laboratis
3489 1873 3539 1920 et
3574 1880 3702 1920 oneo

390 1965 555 2033 portis
584 1961 942 2027 Hierusalem,
973 1973 1020 2018 et
1047 1963 1185 2018 dices
1215 1966 1287 2017 ad
1304 1980 1390 2019 eos
1409 1981 1430 2019 :
1449 1963 1641 2019 Audite
1660 1961 1867 2018 uerbum
1891 1962 1998 2018 Do-

392 2055 559 2123 mini,
610 2057 701 2125 qui
737 2057 945 2110 intratis
990 2065 1168 2125 portas
1204 2056 1351 2111 istas.
1395 2055 1525 2111 Haec
1551 2058 1677 2111 dicit
1705 2054 2001 2111 Dominus:

393 2145 659 2203 Custodite
685 2150 888 2203 animas
920 2159 1147 2217 vestras,
1176 2159 1224 2203 et
1252 2149 1409 2204 nolite
1443 2149 1624 2206 tollere
1649 2167 1807 2204 onera
1830 2151 1885 2205 in
1915 2149 2001 2204 die

358 2300 365 2307 ι
392 2238 746 2305 sabbatorum,
771 2249 819 2295 et
844 2241 1004 2295 nolite
1029 2241 1170 2296 exire
1191 2252 1368 2313 portas
1393 2239 1740 2310 Hierusalem,
1764 2251 1811 2296 et
1841 2241 2001 2298 n’olite

344 2324 369 2338 ”
392 2335 536 2402 ferre
567 2348 726 2388 onera
751 2334 813 2388 de
836 2332 1076 2388 domibus
1104 2336 1284 2391 vestris
1305 2335 1359 2390 in
1381 2335 1467 2389 die
1493 2334 1843 2399 sabbatorum,
1866 2335 2003 2390 sicut

394 2427 645 2481 mandavi
682 2427 917 2500 patribus
944 2429 1126 2484 uestris
1149 2441 1241 2483 :.et
1274 2444 1377 2484 non
1406 2426 1757 2483 obaudierunt
1780 2430 1833 2483 in
1858 2427 2003 2483 auri-

396 2518 491 2571 bus
517 2519 645 2585 suis,
689 2530 734 2573 et
768 2517 1144 2574 induraverunt
1169 2520 1417 2575 cervicem
1445 2536 1593 2575 suam
1632 2536 1791 2587 super
1825 2531 2001 2589 patres

394 2625 537 2675 suos,
569 2619 624 2664 ut
652 2625 735 2665 me
770 2627 873 2666 non
911 2611 1176 2680 audirent,
1207 2628 1368 2684 neque
1397 2613 1722 2683 perciperent
1760 2610 1997 2684 discipli-

397 2686 540 2753 nam.
578 2700 789 2772 liritque
824 2704 868 2757 si
899 2717 979 2757 me
1007 2704 1300 2771 audieritis,
1337 2703 1466 2758 dicit
1494 2704 1746 2759 Dominus
1766 2746 1779 2771 ,
1813 2714 1870 2759 at
1898 2720 2003 2759 non

395 2794 634 2867 inferatis
659 2811 819 2851 onera
841 2812 933 2868 per
957 2804 1134 2865 portas
1163 2796 1381 2851 civitatis
1398 2795 1558 2870 hujus
1584 2799 1635 2850 in
1659 2796 1744 2850 die
1766 2795 2003 2851 sabbato-

391 2900 533 2954 rum,
568 2894 625 2942 nt
672 2905 776 2943 non
806 2888 1011 2959 faciatis
1038 2904 1189 2944 omne
1228 2905 1359 2961 apus
1395 2900 1640 2954 uestrum,
1689 2898 1739 2943 et
1766 2889 2002 2961 sanctiﬁ-

393 2980 516 3032 cetis
546 2979 681 3034 diem
714 2981 1067 3048 sabbatorum,
1098 2990 1147 3035 et
1167 2984 1431 3037 intrabunt
1458 2998 1549 3053 per
1574 2991 1752 3056 portas
1780 2984 2003 3038 civitatis

393 3072 551 3143 hujus
587 3090 731 3146 reges
756 3087 801 3128 et
832 3076 1128 3144 principes,
1178 3076 1410 3131 sedentes
1447 3077 1502 3131 in
1529 3075 1654 3131 sede
1694 3073 1887 3131 David.
1932 3075 2003 3133 Et

395 3166 730 3221 ascenden‘es
757 3167 811 3227 in
839 3183 1024 3221 currus
1056 3175 1104 3220 et
1146 3183 1305 3239 equos
1331 3209 1344 3232 ,
1387 3168 1492 3240 ipsi
1531 3169 1793 3236 principes
1823 3184 2004 3222 eorum

2101 1961 2207 2016 rati
2247 1961 2391 2024 estis.
2422 1968 2472 2016 et
2514 1975 2607 2033 ego
2647 1974 2735 2015 vos
2763 1960 3079 2030 requiescere
3116 1958 3309 2031 faciam
3337 1955 3556 2030 (Matth.
3606 1972 3707 2035 xx,

2100 2053 2217 2124 28).
2246 2052 2341 2112 Isti
2366 2060 2494 2109 sunt
2525 2052 2694 2118 iures,
2724 2052 2816 2121 qui
2848 2044 2955 2106 non
2982 2066 3078 2123 per
3102 2051 3325 2121 ianuam
3354 2067 3564 2119 veram,
3598 2049 3698 2110 sed

2102 2161 2202 2218 per
2227 2158 2413 2217 portas
2435 2161 2561 2204 suas
2591 2146 2793 2201 intrant
2822 2144 2877 2202 in
2909 2160 3062 2201 suam
3089 2145 3455 2202 Hierusalem.
3480 2146 3544 2203 Et
3567 2159 3692 2201 sua-

2104 2239 2303 2297 ccndet
2333 2239 2473 2295 Dens
2505 2239 2686 2312 ignem
2718 2239 2772 2293 in
2798 2239 2972 2310 portis
2996 2237 3367 2304 Hierusalem,
3400 2248 3455 2294 et
3479 2238 3701 2297 combu-

2103 2342 2190 2390 ret
2217 2334 2415 2391 itinera
2438 2332 2577 2404 ejus,
2605 2343 2661 2389 et
2688 2348 2798 2389 non
2820 2334 3229 2404 exstingui-tur.
3261 2332 3402 2404 igni,
3435 2333 3579 2391 enim
3607 2332 3701 2406 qui

2103 2426 2361 2499 Specialis
2394 2426 2732 2485 llieruSaIem
2763 2434 2950 2496 portas
2978 2425 3222 2492 exussit,
3254 2426 3561 2484 exstinctus
3592 2432 3697 2483 cst.

2101 2518 2400 2593 Apostolus
2428 2529 2608 2575 autem
2638 2518 2929 2576 sabbatum
2954 2561 2967 2583 ,
3013 2529 3066 2573 et
3092 2518 3200 2575 alia
3246 2518 3381 2590 legis
3406 2517 3701 2589 mandata,

2105 2614 2328 2686 ﬁguram
2361 2626 2484 2667 esse
2510 2610 2697 2677 futuri,
2722 2611 2800 2666 sic
2826 2611 2899 2665 ait
2927 2628 2941 2669 ;
2975 2609 3146 2666 Nemo
3176 2627 3297 2683 ergo
3315 2610 3515 2691 judice!
3542 2610 3697 2671 vasin

2103 2704 2216 2759 cibo
2243 2714 2290 2759 et
2327 2713 2449 2776 potu
2480 2712 2568 2758 aut
2600 2702 2650 2755 in
2677 2712 2822 2777 parte
2853 2702 2954 2757 diei
2984 2703 3121 2777 festi,
3148 2712 3237 2756 aut
3266 2701 3575 2767 neomenitc,
3607 2710 3697 2760 aut

2102 2800 2474 2856 sabbatorum:
2502 2797 2641 2871 quod
2686 2808 2761 2851 est
2790 2798 2969 2851 umbra
3000 2797 3168 2869 {utnri
3208 2794 3429 2868 (Coloss.
3474 2811 3513 2850 ll
3535 2838 3550 2862 ,
3584 2795 3696 2867 l6).

2105 2895 2286 2955 Multis
2314 2895 2368 2950 in
2408 2894 2574 2959 locis,
2621 2893 2784 2948 unius
2821 2894 3086 2965 temporis
3129 2890 3331 2958 diversi
3359 2900 3587 2947 eventus
3635 2889 3689 2951 in

2103 2989 2379 3062 sepeciem
2423 2988 2718 3058 separatim
2748 2986 2985 3045 describi
3015 2985 3124 3041 duo
3158 2994 3399 3056 tempora
3432 2983 3696 3054 fecerunt,

2103 3083 2260 3156 quasi
2288 3098 2358 3140 ex
2393 3080 2593 3137 ordine
2634 3095 2692 3135 se
2722 3079 3089 3150 insequentia.
3142 3078 3197 3141 lit
3242 3093 3448 3149 genere
3477 3087 3659 3136 autem
3681 3116 3699 3144 ,

2106 3192 2216 3232 uno
2250 3185 2499 3247 tempore
2531 3183 2832 3245 etnterque
2860 3180 3125 3227 eventus:
3156 3170 3213 3229 Si
3238 3168 3307 3226 l4
3327 3170 3454 3225 anni
3481 3170 3580 3224 sub
3607 3167 3699 3226 Jo-

394 3256 683 3320 :iriluda,
729 3260 820 3328 qui
857 3258 1146 3313 inhabitant
1189 3257 1540 3312 Hierusalem.
1591 3257 1658 3312 Et
1687 3257 2073 3330 habitabiturc
2107 3270 2274 3343 septt,
2305 3268 2570 3324 ubertatis
2614 3275 2667 3321 ct
2718 3266 3026 3321 sterilitatis
3075 3265 3105 3325 7
3154 3264 3279 3325 anni
3309 3271 3437 3318 sunt
3483 3272 3694 3321 tantum

392 3348 573 3403 civitas
604 3349 715 3404 Itazc
744 3350 797 3404 in
821 3359 1091 3415 internum,
1128 3359 1175 3403 et
1206 3352 1403 3405 uenient
1433 3350 1496 3404 de
1520 3351 1807 3406 civitatibus
1832 3349 1995 3419 Iuda,

393 3454 441 3495 et
488 3442 552 3497 de
597 3442 888 3497 civitatibus
935 3442 1295 3509 Hierusalem,
1331 3453 1379 3498 et
1414 3445 1478 3497 de
1508 3454 1641 3498 terra
1685 3442 1956 3512 Beniamin
1982 3485 1997 3507 .

394 3545 442 3589 et
473 3536 538 3590 de
567 3546 705 3591 terra
729 3541 1023 3608 campestri,
1053 3544 1104 3590 et
1133 3538 1197 3590 de
1222 3546 1359 3591 terra
1392 3551 1510 3605 qua:
1540 3536 1610 3591 ad
1632 3547 1886 3603 anstrmn,
1915 3540 1998 3607 af-

394 3630 617 3700 ferentes
647 3628 953 3683 holocausta
991 3638 1038 3683 et
1077 3629 1311 3695 incensa,
1347 3636 1395 3682 et
1424 3644 1633 3691 manna,
1678 3638 1725 3683 et
1752 3630 1892 3695 thus,
1923 3632 2000 3699 fe-

393 3731 565 3776 rentes
595 3720 948 3776 laudationem
975 3722 1031 3776 in
1066 3721 1221 3776 domo
1253 3718 1485 3775 Domini.
1512 3718 1581 3773 Et
1607 3720 1653 3774 si
1672 3736 1752 3775 me
1777 3736 1877 3774 non
1903 3736 1997 3774 au-

390 3813 630 3882 dieritis,
689 3823 742 3868 ut
790 3813 1125 3881 sancti/iactis
1182 3813 1317 3867 diem
1369 3811 1734 3878 sabbatorum,
1794 3823 1847 3867 ut
1895 3827 1998 3867 non

394 3906 611 3977 parietis
641 3920 817 3971 onera,
851 3921 1013 3975 neque
1039 3904 1243 3959 intretis
1270 3919 1359 3973 per
1403 3913 1580 3976 portas
1616 3902 1949 3958 Hierusalem
1980 3919 2000 3959 :

390 4002 704 4057 succendam
746 4004 919 4078 ignem
947 4003 1002 4057 in
1044 4002 1210 4072 portis
1255 4004 1392 4077 ejus,
1423 4011 1472 4057 et
1507 4010 1775 4055 consuntet
1816 4001 1997 4055 domos

395 4091 749 4162 Hierusalem,
782 4107 955 4151 etnon
987 4096 1322 4169 extinguetur
1348 4094 1569 4169 (lerem.
1603 4110 1744 4159 xvtt,
1781 4091 1992 4166 l9-27).

392 4184 688 4247 Snfticerct
718 4189 959 4247 breviter
998 4189 1295 4247 mandasse
1340 4205 1446 4244 non
1482 4188 1699 4263 operari
1729 4186 1994 4242 sabbatis.

390 4280 466 4339 Ut
490 4281 619 4354 quid
649 4301 662 4338 :
691 4282 871 4339 Nolite
896 4281 1094 4355 inferre
1114 4300 1272 4338 onera
1302 4299 1392 4356 per
1424 4292 1600 4352 portas
1635 4279 2000 4337 Hierusalem?

394 4371 526 4440 Aut,
551 4373 596 4429 si
626 4390 765 4445 opus
793 4382 952 4431 erat:
982 4386 1037 4432 et
1064 4375 1247 4447 operis
1277 4376 1520 4448 speciem
1544 4374 1777 4438 diceret,
1806 4373 1861 4429 id
1888 4382 1992 4439 est,

393 4468 552 4522 nolite
571 4467 769 4535 inferre
798 4484 888 4537 per
920 4476 1118 4540 portas.
1150 4465 1266 4523 Non
1298 4468 1445 4523 enim
1485 4467 1654 4539 aliqui
1686 4483 1784 4537 per
1810 4480 1997 4523 muros

396 4568 450 4615 et
486 4568 626 4612 tecta
658 4556 969 4614 inferebant
1004 4573 1169 4613 onera
1214 4560 1268 4613 in
1313 4559 1613 4613 civitatem.
1649 4558 1994 4615 Hierusalem

2105 3359 2263 3432 (Gen.
2292 3361 2429 3431 xu),
2461 3359 2514 3413 id
2555 3369 2643 3413 est
2686 3373 2852 3415 omne
2896 3367 3110 3429 tempus
3141 3356 3414 3427 passionis
3446 3353 3696 3422 Domini,

2105 3456 2157 3509 in
2198 3453 2355 3525 cujus
2386 3454 2550 3525 ligura
2582 3455 2755 3508 factus
2786 3461 2871 3508 est
2899 3451 3100 3523 .losepli
3139 3450 3392 3506 dominus
3432 3446 3649 3523 Egypti
3679 3489 3697 3524 ,

2101 3563 2224 3603 cum
2248 3559 2393 3603 esset
2422 3548 2492 3603 50
2517 3562 2808 3603 annorum.
2833 3544 2935 3614 Qui
2963 3556 3091 3599 sunt
3117 3544 3299 3614 itaque
3327 3543 3487 3599 nobis
3511 3542 3541 3597 7
3569 3542 3698 3601 anui

2102 3640 2370 3695 ubertatis
2399 3649 2451 3695 et
2477 3639 2782 3693 saturitatis
2808 3655 2822 3690 :
2856 3637 3000 3695 idem
3037 3638 3219 3693 ca-teri
3253 3636 3284 3689 '1
3311 3635 3618 3690 sterilitatis
3644 3641 3699 3689 et

2102 3730 2281 3787 lamis.
2311 3731 2420 3787 Isto
2446 3730 2593 3786 enim
2619 3741 2867 3802 tempore
2884 3730 3125 3784 minatur
3154 3728 3414 3783 Dominus
3439 3714 3697 3784 divitibus

2100 3822 2326 3891 famem,
2360 3824 2691 3899 pauperibus
2720 3837 2848 3878 vero
2870 3822 3239 3877 saturitatem.
3271 3820 3555 3877 Promittit
3576 3818 3694 3876 haec

2102 3917 2278 3986 bona;
2325 3926 2380 3973 et
2407 3916 2551 3971 mala
2595 3914 2832 3987 duplicis
2878 3914 3144 3986 temporis
3183 3927 3291 3969 uno
3321 3921 3569 3984 tempore
3614 3910 3696 3967 fu-

2101 4019 2245 4066 tura.
2279 4009 2537 4065 Testatur
2565 4007 2838 4080 scriptura
2882 4007 3053 4063 Exodi
3084 4005 3281 4080 (Exod.
3324 4007 3405 4079 ι),
3434 4006 3555 4080 quia
3584 4022 3698 4065 ma-

2102 4100 2360 4157 nifestum
2405 4108 2528 4167 est,
2557 4099 2803 4155 omnium
2836 4100 3114 4170 plagarum
3146 4096 3363 4172 Αἴθῃ)ιί
3395 4098 3694 4167 immunem

2100 4209 2224 4251 esse
2260 4193 2431 4250 Israel
2457 4212 2470 4249 :
2499 4202 2557 4250 et
2580 4209 2678 4266 per
2708 4204 2819 4249 tres
2844 4193 2963 4249 dies
2998 4193 3354 4250 tenebrarum
3382 4192 3566 4248 lumen
3597 4193 3692 4248 ba-

2099 4287 2305 4344 buisse.
2338 4286 2494 4355 Quod
2523 4300 2669 4341 nunc
2698 4285 3063 4357 spiritualiter
3106 4284 3333 4353 geritur,
3377 4285 3517 4339 sicut
3554 4284 3695 4340 Deus

2099 4379 2277 4435 eidem
2330 4379 2603 4436 Pharaoni
2657 4389 2849 4451 postea
2904 4380 3271 4434 comminatus
3321 4388 3407 4434 cst
3456 4378 3692 4437 dicens:

2104 4471 2248 4527 Dabo
2273 4472 2504 4529 tenebras
2523 4489 2675 4545 super
2695 4481 2885 4531 terram
2906 4482 3048 4527 tuam
3077 4470 3364 4546 (Ibidﬂi).
3393 4471 3695 4542 Aliqu0ties

2100 4583 2263 4621 nnttm
2297 4577 2512 4638 tempus
2543 4567 2596 4621 in
2629 4572 2827 4623 multas
2856 4566 3047 4621 dividit
3069 4574 3253 4639 partes
3280 4585 3293 4621 :
3325 4582 3557 4638 quarum
3584 4567 3695 4623 sin-

390 4649 654 4722 bipertita
683 4659 785 4714 est,
816 4657 873 4704 et
901 4658 1072 4718 porta:
1093 4649 1212 4718 ejus
1240 4649 1535 4720 bipertitzc.
1568 4650 1672 4705 Per
1695 4660 1877 4719 portas
1907 4649 1992 4705 in-
2014 4661 2072 4722 1)
2097 4660 2240 4731 gula;
2270 4670 2438 4716 totum
2479 4671 2695 4735 tempus
2722 4661 2851 4717 sint,
2876 4660 2967 4717 Sic
3008 4677 3185 4716 annus
3211 4676 3321 4733 quo
3364 4661 3468 4717 fuit
3494 4661 3607 4718 Νηθ
3639 4663 3693 4723 in

389 4735 636 4797 ferorum
679 4739 867 4796 exitur
902 4740 972 4798 de
1011 4740 1354 4797 Hierusalem
1387 4752 1571 4797 sancta
1603 4759 1622 4797 :
1651 4751 1708 4798 et
1745 4758 1842 4813 per
1865 4759 1990 4799 eas-

394 4835 521 4892 dem
570 4837 802 4891 intratur
842 4835 895 4889 in
942 4836 1254 4890 maledicta.
1295 4834 1397 4904 Qui
1428 4846 1608 4890 autem
1660 4836 1867 4890 intrant
1899 4851 1995 4907 per

395 4935 603 5002 portas,
650 4928 857 4983 intrant
896 4928 947 4983 in
976 4934 1237 4983 aeternam
1282 4924 1644 4992 Hierusalem,
1685 4936 1743 4981 ut
1763 4943 1908 4999 reges
1938 4927 1994 4982 in

394 5021 658 5085 curribus,
688 5031 736 5075 et
764 5021 817 5075 in
844 5020 1007 5091 equis,
1034 5019 1265 5075 sedentes
1284 5019 1339 5075 in
1363 5023 1482 5075 sede
1502 5016 1696 5087 David,
1732 5020 1872 5077 sicut
1896 5035 1995 5090 per

392 5113 632 5171 Isaiam:
666 5112 935 5168 Adducent
978 5112 1077 5181 ﬁlii
1121 5111 1352 5183 ﬁliorum
1386 5128 1451 5168 ea:
1480 5112 1717 5168 omnibus
1756 5112 1995 5185 gentibus

396 5208 590 5262 donum
615 5201 726 5260 Deo
764 5220 881 5259 cum
910 5206 1053 5275 cquis
1085 5215 1132 5261 et
1162 5204 1400 5260 curribus
1423 5212 1449 5244 ι
1475 5205 1531 5262 in
1558 5205 1837 5274 splendore
1857 5207 1990 5260 mul-

399 5309 588 5366 torum,
621 5315 739 5355 cum
760 5300 1075 5354 umbraculis
1112 5299 1167 5354 in
1196 5310 1427 5355 sanctam
1445 5302 1697 5356 civitatem
1722 5299 1857 5374 (lsa.
1883 5316 1990 5369 ut,

393 5390 513 5462 20).
542 5391 725 5447 Portus
755 5400 959 5447 sancta
995 5390 1229 5447 civitatis
1256 5392 1557 5451 Jerusalem
1579 5436 1594 5459 ,
1626 5393 1866 5450 Christus
1893 5404 1990 5460 est,

397 5495 449 5539 et
500 5484 684 5541 vicarii
726 5488 877 5557 ejus,
923 5485 1179 5540 custodes
1217 5484 1390 5556 legis:
1426 5487 1815 5544 interﬁcientes
1860 5503 1991 5546 vero

399 5578 691 5647 prophetas
721 5587 777 5634 et
807 5576 1112 5649 iapidantes
1137 5578 1203 5633 ad
1228 5594 1289 5634 se
1312 5580 1525 5636 missos.
1554 5581 1713 5638 Porta
1737 5584 1988 5640 illabo'us

2097 4766 2245 4817 arca,
2265 4750 2589 4807 dividiturio
2609 4766 2801 4807 omnes
2815 4766 3096 4809 numeros.
3113 4751 3339 4825 Quoties
3354 4761 3532 4809 tamen
3556 4760 3694 4808 tem-

2096 4856 2290 4914 porum
2323 4830 2530 4901 mentio
2570 4853 2686 4910 est,
2721 4844 3103 4915 quaternarius
3154 4860 3438 4901 numerum
3479 4843 3689 4915 specia-

2096 4936 2221 4992 liter
2285 4945 2501 5006 tempus
2563 4945 2649 4993 cst
2708 4952 2736 4990 a
2801 4936 3011 4992 Domini
3079 4937 3334 5010 passione
3403 4951 3574 5008 usque
3634 4938 3689 4995 in

2097 5028 2283 5086 linem.
2325 5031 2720 5099 Quatcrnarius
2757 5039 2842 5086 est
2889 5039 3094 5097 autem,
3127 5031 3343 5103 quoties
3381 5042 3476 5086 aut
3502 5032 3694 5103 plenus

2099 5132 2203 5191 est,
2234 5134 2327 5180 aut
2357 5134 2484 5197 post
2512 5125 2728 5183 tertium
2759 5140 2884 5196 pars
2913 5124 3117 5198 quatti,
3145 5135 3202 5180 ut
3237 5124 3344 5182 540
3363 5133 3461 5180 aut
3501 5136 3608 5181 tres
3639 5135 3695 5182 et

2099 5213 2349 5272 dimidio.
2395 5214 2589 5274 Caneri
2640 5233 2772 5273 vero
2815 5217 2964 5291 (nam
3015 5234 3112 5288 pro
3163 5218 3302 5272 locis
3353 5217 3693 5290 intelligendi

2098 5306 2272 5380 sunt),
2297 5310 2449 5380 signa
2486 5318 2639 5375 sunt,
2671 5325 2778 5366 non
2809 5310 3111 5366 manifesta:
3140 5309 3511 5366 deﬁnitiones.
3546 5310 3694 5379 Qua-

2096 5399 2346 5472 draginta
2388 5416 2519 5472 ergo
2569 5401 2761 5457 diluvii
2802 5401 2920 5457 dies
2952 5411 3125 5456 tOtum
3172 5408 3391 5473 tempus
3421 5412 3526 5456 est.
3563 5401 3692 5458 Nam

2093 5492 2187 5549 isti
2217 5505 2345 5548 sunt
2375 5492 2446 5552 40
2470 5494 2597 5549 anni
2630 5493 2682 5548 iu
2716 5492 2975 5566 Egypto,
3002 5500 3061 5548 et
3114 5492 3186 5548 40
3222 5494 3350 5549 anui
3386 5495 3436 5549 in
3465 5509 3690 5562 eremo,

2094 5596 2151 5645 et
2194 5586 2266 5645 40
2293 5588 2412 5643 dies
2439 5587 2634 5658 jejunii
2687 5587 2902 5642 Domini
2945 5595 3000 5641 et
3042 5585 3212 5659 Moysi
3243 5596 3296 5641 et
3322 5583 3352 5625 ι’
3384 5585 3648 5644 Ecclesia:
3672 5629 3688 5655 ,

394 5677 516 5735 est,
559 5681 613 5725 et
641 5671 876 5729 vicarius
903 5671 1020 5744 ejus
1060 5671 1501 5745 pseudoapostoli
1542 5679 1988 5746 prievaricatores
2087 5682 2287 5754 quibus
2318 5682 2372 5737 in
2406 5682 2648 5738 Ecclesia
2674 5681 2884 5753 jejunat
2919 5680 3186 5748 Ecclesia,
3222 5680 3273 5737 id
3303 5689 3411 5746 est,
3453 5680 3693 5738 abstinet

464 5791 491 5821 ι
546 5781 620 5862 1η-
661 5782 933 5862 splendqu
979 5785 1277 5862 multorum.
1318 5786 1506 5862 LXX._
1541 5789 1640 5846 lsa.
1694 5807 1839 5862 LXVI,
1885 5791 1977 5861 ΞΟ,

397 5859 418 5911 i
442 5854 737 5926 λαμπὴναις
766 5857 999 5930 ἦμιόνων,
1027 5859 1078 5914 in
1115 5858 1370 5931 Iamponis
1394 5859 1674 5917 mulorum.

2159 5794 2188 5834 ι’
2220 5795 2353 5853 Elite
2382 5812 2438 5851 ν.
2468 5811 2518 5853 c.
2548 5805 2701 5854 recte
2732 5805 2789 5875 ut
2814 5794 2883 5852 Ill
2910 5796 3045 5868 Reg.
3076 5810 3190 5852 six.
