4132 6176
353 242 394 333 ἵ
442 296 525 358 ss

1601 298 1807 357 LIBER
1847 298 1934 357 DE
1973 294 2250 358 SEPTEM
2286 300 2612 359 REGULIS.
3683 307 3754 362 δι

440 418 480 473 'a
530 425 877 473 mortuorum
924 416 1320 487 voluptatibus.
1376 416 1522 472 Idem
1567 415 1641 472 4ο
1687 414 1810 472 dies
1855 416 2051 487 quibus
2081 423 2134 481 Α
2158 414 2547 475 abscondendo
2574 418 2949 490 quaerentibus
2976 420 3271 493 gratiorem
3300 420 3511 479 faceret
3546 421 3752 478 verita.

446 511 743 566 manducat
784 520 841 566 et
878 509 1016 565 bibit
1067 509 1312 566 Ecclesia
1360 524 1482 566 cum
1534 510 1765 566 Domino
1812 519 1935 581 post
1965 525 2050 567 re-

447 604 855 661 surrectionem
902 602 975 659 40
1025 604 1153 658 anni
1204 608 1335 658 sunt.
1375 602 1574 674 quibus
1630 612 1748 658 erat
1800 602 2047 659 Ecclesia

448 696 789 754 manducans
818 707 875 753 et
896 696 1092 753 bibens
1138 697 1243 753 sub
1271 696 1570 753 Salomone
1593 736 1607 760 ,
1640 708 1780 767 pace
1810 694 2051 766 undique

448 804 669 848 versum
722 790 991 861 proluuda
1018 833 1033 855 ,
1083 798 1368 860 premente
1421 797 1603 846 tamen
1650 803 1747 844 eos
1794 787 2051 857 bipertito

451 887 748 945 Salomone
774 906 789 940 :
822 886 967 943 sicut
996 886 1187 941 eadem
1219 883 1463 941 Eccle~ia
1507 883 1682 939 dicit:
1714 881 1880 936 Pater
1918 897 2051 937 unus

450 980 708 1051 oppressit
733 978 933 1051 nos(lll
961 977 1093 1049 Reg.
1121 992 1221 1043 xu,
1250 975 1752 1050 30).Quadraginta
1783 973 1924 1038 dies,
1951 970 2052 1028 iuit

447 1086 591 1143 aqua
620 1074 672 1127 in
700 1080 843 1127 statu
882 1086 1018 1137 suo,
1051 1080 1105 1126 et
1136 1070 1359 1126 totidem
1389 1068 1589 1125 defecit
1616 1087 1629 1123 :
1661 1078 1720 1122 ut
1748 1067 1833 1123 bis
1871 1078 1925 1122 et
1953 1066 2049 1123 de-

448 1163 616 1220 iectio
637 1179 792 1235 aqua:
819 1164 889 1219 l0
912 1178 1121 1227 mense,
1146 1162 1197 1218 id
1220 1169 1325 1226 est,
1351 1161 1598 1234 perfecto
1630 1168 1878 1229 tempore
1899 1173 2050 1214 com-

448 1256 711 1326 pleretur.
735 1255 845 1311 Sed
873 1255 925 1309 itt
956 1270 1177 1326 genere,
1205 1270 1315 1309 non
1347 1255 1416 1308 ita
1441 1262 1547 1320 est,
1570 1262 1629 1308 ut
1658 1251 1891 1324 quodam
1913 1259 2050 1307 tem-

436 1359 584 1419 pore
614 1348 933 1414 invalescat,
950 1355 1005 1403 et
1024 1346 1226 1403 deinde
1245 1344 1481 1402 deﬁciat.
1511 1345 1782 1414 Quoniam
1803 1351 2051 1414 tempore

449 1453 565 1511 quo
593 1440 818 1495 valescit
861 1440 1178 1504 carnaliter,
1226 1439 1420 1495 eodem
1449 1438 1637 1495 deﬁcit
1672 1437 2046 1510 spiritualiter,

450 1546 513 1591 ut
548 1537 666 1604 ipsa
709 1535 875 1591 elatio
917 1536 990 1590 sit
1028 1533 1301 1599 deiectio,
1351 1548 1525 1605 usque
1556 1533 1683 1588 dum
1738 1530 2049 1603 perﬁciatur

440 1636 688 1697 tempus.
728 1627 820 1683 Sic
862 1626 1093 1682 mundus
1134 1640 1368 1698 regnans
1421 1626 1644 1697 ponitur
1680 1623 1782 1680 sub
1820 1621 2048 1694 pedibus

451 1717 715 1774 Ecclesiae
744 1718 838 1773 lilii
871 1717 1126 1773 hominis.
1159 1718 1259 1786 Qui
1306 1726 1431 1773 sunt
1472 1717 1653 1788 itaque
1691 1715 1767 1771 i0
1790 1715 1929 1782 dies,
1954 1729 2046 1769 ex-

2154 520 2296 577 tem;
2326 510 2423 569 sed
2477 515 2662 581 etiam,
2710 522 2770 569 ut
2815 522 2985 570 totum
3030 514 3163 572 illud
3213 527 3449 587 tempus,
3475 514 3621 572 diem
3669 520 3754 572 vel

2152 602 2345 661 horam
2374 621 2499 662 esse
2535 617 2887 664 monstraret.
2928 609 3128 666 Eadem
3162 611 3347 682 itaque
3371 609 3531 676 hora,
3564 609 3617 666 id
3646 615 3754 678 est,

2153 709 2419 769 tempore,
2448 700 2553 756 ista
2583 699 2923 757 observanda
2958 703 3239 760 mandavit
3271 723 3284 757 :
3320 704 3414 761 sed
3457 715 3752 776 antequam

2152 793 2448 849 reveletur.
2490 793 2694 851 Eadem
2734 795 2952 865 quidem
2997 796 3128 853 hora
3173 817 3187 854 :
3231 797 3327 854 sed
3374 798 3428 854 in
3459 814 3560 869 qtta
3593 807 3752 869 parte

2151 887 2325 954 horto,
2350 890 2564 944 ratione
2583 890 2919 961 agnoscitur.
2943 890 3249 964 Aliquoties
3276 900 3459 951 autem
3484 909 3594 949 non
3620 902 3748 950 sunt

2149 980 2631 1051 recapitulationes
2682 981 3014 1051 huiusmodi,
3061 984 3157 1039 sed
3190 984 3387 1041 futura:
3429 986 3748 1043 similitudi-

2151 1088 2273 1141 nes,
2315 1075 2459 1131 sicut
2486 1075 2750 1131 Dominus
2779 1075 2911 1132 dicit
2956 1094 2969 1132 :
3016 1076 3143 1133 Cum
3174 1077 3436 1143 videritis.
3465 1078 3605 1151 quod
3633 1078 3750 1135 die.

2151 1176 2259 1222 tum
2284 1177 2360 1222 est
2400 1184 2493 1240 per
2519 1165 2789 1224 Danielem
2819 1169 3124 1242 prophetam
3145 1212 3160 1236 ,
3194 1180 3316 1227 tunc
3350 1172 3439 1243 qui
3469 1174 3523 1226 in
3562 1169 3752 1228 Judtea

2149 1269 2289 1327 sunt,
2310 1262 2509 1334 fugient
2533 1261 2590 1316 in
2606 1271 2800 1317 montes
2824 1261 3043 1334 (Matth.
3076 1279 3226 1328 xxxv,
3252 1264 3338 1330 15;
3373 1262 3509 1319 Dan.
3537 1262 3750 1336 “.27).

2151 1353 2219 1409 Et
2243 1353 2448 1410 inducit
2477 1353 2660 1410 ﬁnem.
2682 1353 2836 1423 Quod
2866 1363 3048 1412 autem
3071 1355 3256 1412 Daniel
3287 1357 3462 1412 dixit:
3490 1354 3549 1412 in
3572 1355 3753 1413 Africa

2148 1447 2355 1517 geritur
2403 1462 2578 1517 neque
2622 1447 2814 1503 eodem
2861 1456 3107 1520 tempore
3149 1447 3293 1505 ﬁnis.
3350 1449 3457 1507 Sed
3498 1451 3754 1522 quoniam

2149 1539 2280 1595 licet
2312 1541 2496 1595 nonin
2528 1555 2595 1595 co
2617 1549 2797 1596 tamen
2830 1541 2988 1597 titulo
3038 1541 3276 1598 l‘nturum
3308 1552 3416 1599 est.
3453 1542 3747 1614 Propterea

2147 1640 2277 1688 tunc
2304 1632 2459 1700 dixit,
2491 1633 2545 1689 id
2576 1643 2681 1700 est,
2707 1648 2828 1689 eum
2857 1636 3110 1692 similiter
3134 1636 3335 1692 factum
3359 1636 3520 1692 luerit
3548 1653 3646 1708 per
3666 1651 3757 1694 or-

2148 1728 2313 1783 bem:
2346 1726 2490 1798 quod
2534 1738 2619 1783 est
2649 1725 2909 1783 discessio
2948 1737 3004 1783 et
3043 1728 3304 1784 revelatio
3347 1729 3584 1784 hominis
3630 1744 3759 1800 pec-

446 1811 614 1866 soivit
658 1822 876 1880 peccata
906 1810 1076 1877 Juda,
1108 1821 1163 1866 et
1204 1808 1372 1865 Israel
1405 1808 1537 1873 N9,
1571 1805 1716 1878 quod
1759 1812 1845 1861 est
1874 1817 2041 1859 unum

2151 1823 2274 1878 cati.
2304 1821 2417 1877 Hoc
2439 1836 2643 1892 genere
2670 1821 2966 1878 locutionis
2991 1822 3122 1877 dicit
3148 1823 3382 1893 Spiritus
3410 1822 3465 1878 in
3496 1821 3753 1878 Psalmis.

442 1915 616 1974 atque
644 1904 808 1959 idem.
845 1903 916 1959 Et
948 1905 981 1958 7
1009 1918 1197 1959 mense
1225 1900 1369 1957 sedit
1396 1902 1534 1957 Area
1554 1941 1569 1967 ,
1605 1899 1747 1955 idem
1781 1911 1996 1966 tempus
2028 1913 2042 1951 :

445 1995 517 2052 Et
544 1996 834 2052 deﬁciebat
867 2011 1005 2068 aqua
1036 2010 1210 2067 usque
1236 1997 1290 2050 in
1319 1994 1387 2050 io
1426 2008 1668 2049 mensem
1691 2035 1706 2059 ,
1741 1993 1885 2047 idem
1910 2001 2049 2047 tem-

447 2106 573 2163 pus.
605 2091 784 2146 Exivit
809 2089 878 2145 de
905 2105 1029 2145 arca
1054 2089 1123 2144 η
1150 2104 1336 2144 mense
1366 2087 1519 2159 (Gen.
1549 2101 1643 2152 vn,
1692 2086 1806 2157 ii).
1841 2085 1939 2141 llic
1965 2093 2051 2141 est

444 2200 626 2239 annus
652 2185 920 2241 libertatis
951 2183 1161 2239 Domini
1190 2181 1562 2254 acceptabilis.
1591 2180 1711 2250 Quo
1748 2179 2046 2250 completo,

444 2276 884 2332 manifestabitur
933 2275 1215 2342 Ecclesia,
1260 2274 1445 2330 mundi
1497 2272 1866 2346 pertransisse
1908 2270 2051 2326 dilu-

442 2370 623 2425 vium.
653 2368 1001 2439 Unaquzeque
1025 2383 1148 2438 pars
1178 2368 1339 2438 hujus
1371 2367 1529 2433 anni,
1560 2364 1704 2420 idem
1735 2377 1913 2419 anuus
1941 2369 2047 2419 est.

442 2462 625 2531 Quale
658 2462 704 2517 si
734 2460 981 2528 diceret,
1012 2461 1149 2517 exiit
1184 2460 1254 2517 de
1301 2462 1443 2516 Area
1472 2459 1892 2531 quadragesimo
1916 2456 2006 2514 die
2032 2500 2047 2526 ,

443 2564 547 2611 aut
571 2568 757 2611 mense
780 2555 815 2611 7
843 2562 939 2610 aut
967 2555 1054 2612 l0.

1044 2644 1327 2702 REGULA
1370 2642 1458 2700 Vi.

957 2736 1038 2792 De
1075 2735 1544 2809 Recapitulatione.

526 2832 1023 2904 Recapitulatiunes
1072 2838 1200 2886 sunt
1228 2831 1347 2885 ista:
1374 2839 1555 2901 partes
1585 2829 1655 2885 ab
1688 2828 1844 2883 initio
1880 2840 2051 2898 usque

444 2928 509 2984 in
548 2926 714 2982 ﬁnem
738 2943 751 2979 :
783 2926 924 2981 sicut
950 2923 1121 2979 Adam
1148 2936 1321 2994 usque
1344 2921 1552 2988 Enoch,
1579 2922 1631 2978 id
1662 2933 1764 2987 est,
1792 2921 2051 2977 Ecclesia:

444 3019 891 3086 translationem,
922 3030 1132 3090 septem
1156 3018 1561 3088 generationes,
1585 3016 1729 3085 quod
1755 3023 1858 3078 est,
1887 3028 2051 3070 omne

448 3124 686 3184 tempus.
736 3113 944 3168 Rursus
976 3112 1044 3165 ab
1086 3110 1259 3166 Adam
1292 3123 1460 3181 usque
1508 3108 1573 3163 ad
1620 3108 1769 3173 Noe,
1819 3107 1873 3164 id
1921 3116 2049 3174 est,

2152 1912 2284 1971 Cum
2309 1917 2610 1972 converterit
2638 1914 2894 1972 Dominus
2923 1918 3271 1985 captivitatem
3314 1917 3481 1974 Sion:
3512 1918 3642 1989 facti
3668 1933 3760 1972 su-

2151 2023 2267 2063 tuus
2294 2006 2429 2063 velut
2459 2007 2711 2063 consolati
2732 2025 2747 2064 :
2781 2007 2927 2063 Tunc
2950 2008 3201 2079 repletum
3223 2018 3300 2062 est
3327 2008 3522 2082 gaudio
3552 2025 3608 2063 os
3633 2026 3755 2066 uos-

2151 2111 2311 2170 trum,
2342 2109 2389 2157 et
2415 2100 2596 2175 lingua
2625 2111 2801 2156 nostra
2842 2098 3207 2157 exsultatione.
3247 2101 3396 2158 Tunc
3422 2103 3594 2159 dicent
3622 2106 3756 2159 inter

2150 2203 2345 2267 gentes,
2375 2195 2725 2267 magniﬁcauit
2754 2193 3009 2250 Dominus
3038 2196 3209 2267 facere
3236 2213 3354 2252 cum
3374 2197 3505 2253 illis.
3543 2196 3759 2271 Magni-

2151 2287 2324 2358 ﬁcavit
2354 2285 2610 2343 Dominus
2632 2293 2801 2359 facere
2822 2288 3087 2343 nobiscum
3110 2307 3130 2345 :
3157 2291 3284 2362 {acti
3319 2307 3495 2345 sumus
3522 2292 3752 2348 (astantes

2152 2376 2328 2449 (Psal.
2360 2394 2535 2445 cxxv,
2570 2380 2706 2450 1-5).
2744 2379 2985 2437 Dicendo
3020 2395 3150 2437 vero
3179 2400 3191 2435 :
3225 2379 3354 2437 Cum
3380 2386 3615 2439 averterit
3644 2384 3756 2439 Do-

2150 2472 2323 2527 minus
2349 2474 2696 2543 captivitatem
2719 2473 2848 2529 Sion
2867 2490 2886 2529 :
2904 2483 3033 2531 tunc
3053 2475 3314 2531 dixerunt
3345 2485 3371 2514 ⁸
3401 2476 3453 2531 in
3475 2478 3754 2549 gentibus.

2153 2561 2313 2619 Nunc
2350 2573 2560 2633 avertet,
2603 2567 2796 2636 inquit.
2825 2565 2979 2622 Tunc
3007 2566 3194 2623 dicent
3231 2565 3286 2623 in
3330 2568 3602 2639 gentibus.
3646 2569 3756 2626 Nos

2152 2656 2297 2713 enim
2328 2665 2541 2728 gentes,
2573 2673 2806 2728 quorum
2836 2660 3208 2729 captivitatem
3238 2661 3454 2716 avertit.
3495 2660 3646 2719 Sicut
3687 2662 3755 2718 il-

2152 2747 2327 2803 lorum
2355 2749 2407 2803 in
2432 2749 2678 2820 ﬁguram,
2710 2758 2925 2821 tempus
2947 2749 3210 2807 habemus
3238 2750 3485 2808 dicentes
3510 2769 3523 2808 :
3549 2751 3759 2826 Hagni-

2152 2843 2326 2913 ﬁrauit
2354 2841 2607 2898 Dominus
2641 2847 2809 2914 facere
2848 2859 2965 2898 cum
2987 2844 3081 2907 eis,
3112 2844 3465 2915 magni/ienuit
3498 2840 3755 2900 Dominus

2152 2937 2324 3004 facere
2386 2934 2668 2989 nobiscum.
2738 2932 2815 2989 De
2880 2933 3238 2990 similitudine
3301 2933 3484 3006 itaque
3543 2944 3759 3005 tempus

2152 3041 2310 3081 suum
2332 3035 2386 3082 et
2414 3035 2683 3092 nostrum,
2709 3041 2873 3079 unum
2904 3025 3035 3081 fecit
3060 3032 3117 3081 et
3130 3024 3335 3105 jnnxit,
3355 3026 3544 3082 dicens
3569 3043 3582 3079 :
3611 3023 3759 3081 Tunc

2154 3118 2323 3173 dicent
2347 3120 2402 3173 in
2426 3118 2686 3192 gentibus,
2710 3117 2762 3173 id
2787 3127 2894 3184 est,
2913 3132 3036 3173 cum
3058 3118 3313 3174 similiter
3332 3116 3587 3188 gentibus
3616 3119 3761 3175 fece-

449 3207 847 3276 reparationem
871 3246 886 3269 ,
919 3204 1107 3260 decem
1140 3201 1557 3274 generationes,
1584 3200 1726 3272 quod
1768 3210 1853 3255 est
1883 3212 2045 3255 omne

2151 3212 2240 3267 rit.
2265 3209 2381 3266 Nec
2411 3210 2543 3266 illud
2571 3210 3006 3279 praetereundum
3033 3220 3184 3281 puto,
3209 3210 3351 3281 quod
3386 3211 3613 3280 spiritus
3640 3224 3761 3268 stne

446 3308 707 3368 tempus:
736 3308 792 3351 et
816 3312 847 3350 a
876 3295 992 3353 Noe
1026 3310 1199 3365 usque
1229 3296 1297 3349 ad
1326 3293 1599 3349 Abraham
1643 3292 1835 3348 decem
1881 3306 2047 3363 gene-

443 3392 715 3447 rationes.
747 3388 882 3447 Nam
907 3397 964 3445 et
1004 3398 1220 3443 centum
1250 3388 1375 3441 anni
1402 3428 1418 3453 ,
1450 3386 1649 3457 quibus
1692 3385 1760 3439 ab
1788 3385 1930 3440 Area
1971 3384 2049 3439 la-

445 3485 661 3541 bricats
690 3492 798 3550 est,
828 3497 991 3537 omne
1038 3492 1250 3551 tempus
1275 3488 1360 3535 est
1386 3494 1495 3550 quo
1535 3478 1780 3534 licclesia
1817 3477 2051 3532 fabrica-

444 3587 565 3647 tur,
598 3588 654 3635 et
680 3591 748 3633 eo
770 3585 1039 3647 tempore,
1063 3577 1116 3630 in
1147 3575 1351 3630 diluvio
1378 3573 1734 3644 pereuntibus
1752 3571 2047 3638 universis,

444 3673 806 3744 gubernatur.
847 3669 1003 3737 Quod
1054 3669 1415 3738 prudentibus
1461 3666 1678 3737 plenius
1720 3665 2050 3735 investigan-

447 3767 581 3821 dum
607 3766 734 3820 data
761 3764 843 3819 vis
875 3763 1250 3834 relinquimus.
1278 3762 1551 3831 Quoniam
1581 3775 1651 3819 ne
1679 3761 1835 3830 cepta
1862 3760 2051 3832 Scrip-

450 3871 591 3914 tura!
619 3856 1027 3928 interpretando
1057 3856 1235 3922 locet;
1282 3855 1495 3925 singula
1541 3856 1919 3925 persequenda
1947 3895 1962 3918 ,
1995 3862 2053 3909 et

444 3964 514 4006 ea
532 3965 657 4020 quas
677 3948 823 4002 hunc
848 3947 1183 4001 intellectum
1215 3946 1357 4001 forte
1374 3945 1691 4016 impediunt,
1718 3944 2049 4000 removenda

447 4059 562 4099 non
578 4042 904 4113 putavimus,
920 4041 1030 4096 alio
1047 4052 1423 4110 protterantes.
1444 4040 1591 4096 inter
1612 4040 1830 4111 regulas
1852 4040 2051 4110 quibus

446 4140 675 4208 spiritus
713 4137 833 4206 lege
859 4136 1090 4206 signavit
1116 4151 1130 4188 :
1163 4150 1275 4205 quo
1302 4134 1525 4190 luminis
1550 4134 1633 4188 via
1661 4133 2048 4200 custodiretur,

448 4231 702 4284 nonnihil
727 4229 967 4285 custodit
996 4228 1449 4299 recapitulatinne
1474 4227 1715 4299 sigillum
1742 4242 1808 4284 ea
1837 4227 2052 4283 subtili-

448 4332 585 4384 tate,
618 4330 677 4377 ut
714 4319 1051 4378 continuatio
1082 4321 1259 4391 magis
1286 4322 1616 4376 narrationis
1640 4362 1654 4387 ,
1686 4335 1849 4391 quam
1900 4335 2053 4375 reca-

445 4413 705 4485 pitulatio
729 4414 998 4468 videatur.
1033 4412 1339 4484 Aliquoties
1382 4413 1527 4469 enim
1573 4413 1651 4468 sic
1682 4412 2009 4482 recapitulat
2036 4428 2049 4464 :

444 4505 607 4561 Tunc
635 4505 724 4560 illa
756 4506 913 4562 hora.
941 4503 1037 4560 illo
1065 4505 1181 4569 die,
1207 4520 1274 4559 eo
1305 4514 1552 4574 tempore
1580 4521 1593 4558 :
1619 4505 1757 4561 sicut
1791 4504 2053 4559 Dominus

447 4600 699 4666 loquitur
726 4599 780 4653 in
813 4597 1130 4669 Evangelio,
1160 4599 1349 4653 dicens
1374 4615 1387 4652 :
1418 4596 1518 4651 Die
1542 4613 1645 4669 qua
1672 4596 1829 4651 exiuit
1849 4594 1984 4651 Loth
2013 4612 2045 4650 α
2075 4590 2125 4651 D
2154 4598 2256 4665 Qui
2300 4606 2470 4651 autent
2512 4595 2636 4649 dicit

448 4692 696 4750 Sodomis
722 4732 738 4758 ,
788 4691 923 4762 pluit
963 4692 1135 4763 ignem
1172 4691 1237 4745 de
1288 4680 1457 4755 cisio,
1505 4700 1554 4743 et
1603 4688 1830 4760 perdidit
1877 4705 2052 4743 omnes

451 4784 613 4857 (Gen.
642 4801 755 4852 xlv,
776 4784 897 4853 94).
922 4782 1235 4841 Secundum
1269 4784 1406 4849 luce,
1434 4793 1582 4838 erunt
1609 4783 1720 4838 dies
1755 4781 1853 4851 ﬁlii
1880 4781 2046 4837 Itami-

449 4880 535 4932 sn's
561 4877 778 4951 (Matth.
829 4890 985 4943 xstv,
1024 4877 1140 4944 57),
1172 4876 1390 4946 quando
1436 4875 1770 4931 revelabitur
1800 4874 1890 4929 illa
1929 4887 2048 4941 ora,

444 4970 540 5042 qui
569 4970 667 5023 erit
692 4970 748 5023 in
784 4977 940 5033 tecto,
967 4977 1017 5022 et
1048 4984 1171 5027 vasa
1196 4971 1312 5041 ejus
1340 4967 1397 5023 in
1421 4966 1577 5022 domo
1595 5007 1611 5033 ,
1642 4982 1747 5021 non
1772 4964 2049 5021 descendat

448 5060 639 5115 tollere
660 5076 741 5126 ea,
769 5070 823 5115 et
841 5061 930 5128 qui
948 5060 1002 5114 in
1041 5073 1166 5132 agro
1194 5055 1435 5113 similiter
1465 5073 1567 5112 non
1607 5065 1888 5112 revertatur
1915 5064 2051 5110 retro

452 5152 677 5226 (Matth.
709 5168 835 5217 χιιι,
884 5151 989 5217 ili,
1018 5151 1130 5222 i6).
1174 5151 1484 5206 Meminerit
1523 5152 1716 5206 uxoris
1743 5150 1843 5205 Lot
1889 5148 2045 5222 (Luc.

436 5262 589 5310 xm,
618 5247 736 5318 52).
770 5245 1044 5317 Numquid
1077 5247 1167 5300 llla
1219 5248 1376 5312 liora,
1408 5261 1513 5315 qua
1540 5245 1810 5301 Dominus
1836 5246 2049 5301 revela—

454 5352 547 5395 tus
576 5340 740 5395 fuerit
776 5339 1016 5395 adventu
1056 5354 1179 5406 suo,
1208 5356 1315 5395 non
1341 5340 1499 5396 debet
1545 5340 1668 5409 quis
1707 5342 1954 5396 converti
1985 5340 2054 5396 ad

447 5449 541 5501 ea,
567 5450 688 5504 quae
714 5449 813 5489 sua
854 5443 1008 5501 sunt,
1036 5445 1092 5490 et
1115 5436 1302 5491 uxoris
1340 5435 1445 5491 Lot
1484 5435 1821 5503 meminisse,
1851 5444 1905 5492 et
1944 5449 2052 5491 non

453 5541 753 5597 antequam
785 5529 1098 5585 reveletur?
1125 5529 1388 5584 Dominus
1417 5539 1598 5585 autem
1638 5529 1735 5583 illa
1767 5530 1922 5596 hora,
1947 5544 2053 5600 qua

2151 3303 2429 3376 mysteriis
2477 3302 2559 3359 vel
2589 3303 2843 3373 allegoria
2883 3301 3029 3356 aliud
3072 3301 3301 3373 intelligi
3344 3302 3536 3357 voluit.
3579 3299 3758 3372 Super

2149 3393 2413 3451 Joannem
2447 3394 2601 3449 multi
2642 3392 3140 3464 Pseudnprophetae
3170 3394 3495 3465 prodierunt
3521 3394 3576 3447 in
3611 3395 3757 3450 hunc

2152 3488 2432 3543 mundum.
2462 3487 2518 3543 In
2549 3486 2657 3543 isto
2683 3486 2994 3557 cognoscite
3020 3486 3242 3554 Spiritus
3270 3485 3387 3541 Dei.
3436 3485 3617 3540 Omnis
3644 3487 3757 3557 spi-

2150 3583 2283 3636 ritus
2305 3580 2391 3652 qui
2427 3577 2577 3634 soloit
2614 3578 2817 3641 Jesum,
2866 3587 2915 3631 et
2959 3587 3113 3650 negat
3138 3579 3194 3632 in
3234 3593 3392 3632 carne
3430 3579 3659 3644 venisse,
3692 3578 3757 3632 de

2153 3673 2264 3730 Deo
2292 3691 2394 3730 non
2420 3682 2516 3742 est,
2540 3672 2631 3729 sed
2669 3672 2754 3727 Itis
2780 3672 2844 3727 de
2874 3672 3191 3726 Antichristo
3217 3680 3312 3725 est.
3346 3671 3500 3739 Quod
3533 3672 3755 3728 audistis

2152 3768 2396 3835 quoniam
2425 3766 2593 3833 venit,
2636 3774 2683 3820 et
2734 3780 2873 3819 nunc
2917 3765 2975 3819 in
3018 3764 3118 3819 isto
3168 3764 3364 3818 mundo
3411 3779 3635 3834 presens
3678 3775 3756 3819 est

2155 3860 2198 3934 (l
2222 3859 2380 3915 Joan.
2411 3874 2486 3928 tv,
2508 3859 2591 3921 5).
2614 3857 2883 3939 Numquid
2909 3857 3088 3911 omnis
3113 3857 3204 3926 qui
3234 3872 3343 3910 non
3376 3867 3534 3926 negat
3563 3854 3749 3912 Iesum

2153 3953 2207 4009 in
2254 3968 2418 4008 carne
2447 3952 2683 4018 venisse,
2711 3948 2977 4020 Spiritum
3008 3948 3102 4003 Dei
3135 3948 3332 4003 habet!
3356 3946 3465 4004 Sed
3495 3944 3634 4005 hanc
3660 3962 3759 4004 ne-

2150 4047 2451 4119 gationem,
2484 4046 2537 4100 in
2568 4059 2738 4115 opere
2759 4058 2865 4099 non
2895 4044 2946 4097 in
2973 4056 3107 4097 voce
3128 4057 3273 4107 esse,
3308 4050 3364 4097 et
3394 4055 3757 4111 unumquem-

2153 4154 2261 4209 que
2291 4154 2397 4193 non
2435 4152 2501 4193 ex
2548 4136 2929 4207 professione,
2973 4133 3068 4189 sed
3114 4148 3183 4188 ex
3231 4132 3494 4189 fructibus
3524 4132 3756 4202 intelligi

2152 4231 2395 4288 debere:
2424 4230 2479 4284 in
2510 4228 2659 4283 omni
2697 4227 2938 4296 Epistula
2978 4241 3081 4295 qua
3113 4239 3220 4279 non
3253 4225 3355 4279 nisi
3384 4225 3451 4279 de
3486 4222 3757 4278 fructibus

2154 4323 2312 4379 bonis
2353 4330 2409 4376 et
2436 4320 2594 4374 malis
2629 4320 2872 4388 scripsit,
2917 4316 3190 4371 subtiliter
3228 4315 3488 4370 admonet
3512 4356 3527 4381 ,
3559 4316 3754 4371 eodem

2152 4428 2352 4486 genere
2383 4411 2714 4477 locutionis,
2748 4410 2894 4464 sicut
2928 4406 3099 4463 dicit:
3133 4405 3199 4461 In
3258 4407 3360 4461 isto
3399 4406 3756 4478 cognoscimus

2155 4522 2295 4573 eum,
2327 4505 2375 4559 si
2402 4512 2660 4575 praecepta
2694 4505 2808 4573 ejus
2844 4500 3195 4556 custodiamus
3225 4497 3275 4571 (1
3300 4499 3463 4553 Joan.
3492 4512 3551 4565 tt,
3583 4500 3639 4566 Β,
3671 4495 3749 4569 4).

2683 4610 2723 4649 :'
2755 4593 3011 4661 Quoniam
3042 4593 3255 4664 cognosti
3280 4604 3396 4645 eum
3424 4598 3472 4645 et
3509 4590 3756 4644 mandata

2156 4694 2269 4763 ejus
2296 4708 2400 4745 non
2424 4698 2614 4755 servat,
2646 4685 2871 4741 tuendas
2893 4695 2988 4741 est.
3018 4683 3288 4755 Numquid
3314 4699 3380 4740 ex
3414 4681 3758 4754 professione

2154 4783 2291 4841 dixit
2322 4781 2551 4852 intelligi
2592 4781 2813 4834 fratrem
2856 4778 2946 4849 qui
2978 4777 3145 4833 Deum
3191 4776 3404 4845 nescit,
3455 4785 3510 4831 et
3546 4791 3654 4831 non
3686 4789 3754 4831 ex

2155 4876 2449 4948 cperibusi
2477 4874 2546 4929 Et
2583 4873 2669 4944 qui
2700 4872 2924 4936 dixerit,
2970 4872 3216 4941 quoniam
3242 4867 3415 4940 diligit
3453 4867 3653 4935 Deum,
3702 4876 3759 4923 et

2155 4975 2370 5043 fratrem
2406 4983 2556 5021 suum
2587 4964 2693 5019 odit
2723 4980 2743 5019 :
2783 4962 3009 5017 mendos:
3051 4971 3126 5016 est
3159 4962 3203 5034 (Ι
3228 4960 3390 5015 Joan.
3436 4976 3519 5028 tv,
3547 4960 3662 5025 20).
3692 4957 3753 5016 Si

2153 5067 2298 5121 enim
2329 5072 2387 5118 ut
2413 5063 2564 5125 dicit,
2592 5058 2769 5130 diligit
2807 5057 3017 5112 Deum:
3049 5055 3244 5111 doceat
3269 5053 3546 5125 operibus,
3568 5053 3754 5108 adlim-

2152 5168 2267 5216 reat
2291 5159 2429 5223 Deo,
2457 5155 2644 5225 diligat
2673 5153 2841 5208 Deum
2871 5152 2923 5205 in
2961 5148 3147 5205 fratre.
3178 5148 3237 5204 Si
3273 5148 3447 5204 credit
3471 5145 3751 5203 Christum

2155 5254 2496 5309 incarnatum
2522 5264 2538 5314 ;
2567 5245 2811 5318 quiescat
2838 5242 2994 5302 odire
3022 5242 3265 5297 membra
3293 5239 3516 5296 Christi.
3553 5239 3607 5294 Si
3635 5253 3757 5293 cre-

2151 5344 2233 5400 dit
2260 5342 2496 5398 Verbum
2546 5353 2767 5395 carnem
2817 5336 3016 5391 factum
3059 5351 3073 5387 :
3122 5333 3251 5405 quid
3299 5331 3645 5405 persequitur
3691 5330 3747 5385 in

2154 5452 2344 5502 carne,
2389 5433 2607 5490 Verbum
2646 5448 2768 5488 caro
2800 5433 2994 5505 factum
3016 5427 3197 5500 (Joan.
3245 5445 3282 5493 t,
3318 5428 3432 5495 Η).
3465 5424 3604 5493 Quid
3632 5438 3757 5495 per-

2154 5530 2406 5600 sequitur
2449 5527 2676 5584 verbum
2735 5527 2786 5581 in
2829 5525 3030 5580 carne?
3061 5522 3215 5591 Quod
3264 5520 3399 5575 dixit
3444 5517 3751 5574 Dominus:

454 5619 734 5676 revelatus
758 5619 947 5687 fuerit,
970 5620 1137 5693 jussit
1163 5622 1266 5678 ista
1296 5622 1576 5678 observari
1602 5638 1617 5678 :
1651 5638 1758 5678 non
1788 5622 1967 5679 solum
1998 5632 2056 5678 ut
2162 5620 2425 5693 Quamdiu
2464 5623 2655 5695 fecistis
2682 5623 2774 5677 uni
2803 5637 2867 5676 ere
2889 5619 3134 5692 fratribus
3167 5616 3296 5671 meis
3336 5615 3564 5671 minimis
3590 5616 3644 5670 in
3672 5630 3756 5669 me

530 5812 560 5847 ι
584 5800 919 5877 Lugentlbus
952 5819 1006 5861 v.
1046 5818 1097 5861 c.
