4176 6184
411 331 482 387 58
1806 319 1914 376 τις
1924 316 2106 375 ΗΟΝΙΙ
2143 316 2304 374 AFRI
3643 309 3712 371 56

408 443 752 510 credentibus,
786 442 914 496 mihi
943 443 1137 512 {ecistis
1166 439 1388 511 (Matth.
1420 452 1545 502 xxv,
1579 435 1674 506 40)
1703 451 1716 487 :
1749 447 1854 487 non
1883 446 2011 501 ope-
2040 433 2087 490 A
2115 429 2186 485 de
2211 443 2336 499 rege
2362 428 2655 501 Babylonis
2673 428 3198 496 dicitueruomodo
3215 427 3396 482 cecidit
3420 425 3630 494 Lucifer
3650 425 3715 482 de

413 548 566 591 retur
597 535 797 590 malum
831 534 884 588 in
910 530 1110 588 Christi
1142 545 1328 596 carne,
1361 529 1413 584 id
1443 537 1545 591 est,
1584 527 1635 581 in
1665 524 1840 581 servis
1864 523 2010 593 ejus,

413 627 674 698 quoniam
705 627 965 682 Dominus
995 634 1051 680 et
1095 621 1360 688 Ecclesia,
1390 636 1494 676 una
1525 632 1657 675 caro
1683 625 1787 672 est.
1824 615 1879 669 In
1909 628 2014 683 qua

414 736 579 776 carne
614 721 657 774 si
698 718 872 776 credit
902 733 1026 774 esse
1059 717 1333 773 hominem
1361 733 1373 767 :
1403 730 1502 769 cur
1532 728 1640 768 non
1676 710 1892 780 diligit,
1923 715 2017 762 aut

414 815 560 885 quod
585 813 864 869 crudelius
911 822 1031 878 est,
1063 826 1160 866 cur
1200 809 1358 876 odit,
1408 809 1551 864 sicut
1583 805 1844 873 scriptum
1888 809 1973 858 est
2002 818 2014 854 :

419 906 522 974 Qui
546 922 649 961 non
676 904 845 976 diligit
865 906 1098 976 fratrem,
1125 909 1386 972 permanet
1411 899 1464 952 in
1487 906 1648 952 morte
1675 895 1720 968 (l
1743 894 1904 948 Joan.
1934 907 2015 959 ιιι,

419 999 533 1070 li).
564 999 651 1063 Et,
681 1000 770 1070 qtti
819 1003 1033 1068 fratrem
1073 1011 1226 1048 suum
1253 994 1394 1060 odit,
1424 991 1685 1046 homicida
1722 999 1796 1044 est
1825 986 2012 1060 (lbid.,

419 1093 532 1159 14).
594 1091 749 1144 Aliud
811 1089 983 1158 majus
1040 1087 1345 1144 evidentius
1392 1087 1602 1156 signum
1654 1079 2016 1154 cognoscendi

418 1185 740 1239 Antichristi
772 1200 880 1239 non
909 1198 1032 1239 esse
1061 1182 1218 1249 dixit,
1250 1197 1410 1252 quam
1440 1181 1529 1250 qui
1559 1189 1718 1249 negat
1750 1179 1804 1232 in
1831 1190 2018 1240 carne,

420 1276 562 1332 idem
587 1277 704 1330 odit
731 1275 993 1330 fratrem?
1022 1275 1153 1330 Tale
1176 1283 1354 1328 autem
1380 1271 1526 1344 qttod
1556 1271 1690 1326 dicit
1717 1288 1730 1324 :
1763 1269 2021 1337 Quoniam

418 1371 509 1441 qui
556 1370 814 1440 negaverit
865 1368 1130 1423 Christum
1177 1368 1229 1421 in
1279 1383 1475 1432 carne,
1521 1366 1586 1420 de
1638 1363 1746 1417 Deo
1799 1379 1901 1416 non
1949 1369 2022 1414 est

422 1461 487 1536 (ll
520 1463 679 1516 Joan.
714 1461 845 1534 xvn)
872 1480 883 1516 :
915 1463 1110 1533 quale,
1156 1460 1324 1515 Nemo
1362 1469 1523 1530 potest
1554 1460 1724 1514 dicere
1768 1456 2020 1511 Dominus

422 1554 611 1621 Jesus,
663 1556 762 1610 nisi
809 1557 861 1610 in
908 1555 1110 1625 Spiritu
1152 1562 1327 1609 sancto
1370 1553 1414 1625 (Ι
1456 1552 1577 1608 Cor.
1633 1566 1733 1614 χιι,
1767 1549 1823 1619 5)
1853 1565 1867 1603 :
1897 1546 2020 1604 eum

427 1648 583 1701 tnulti
633 1647 817 1701 dicant
865 1645 1152 1700 Dominum
1197 1644 1382 1700 Jesutn
1410 1683 1424 1705 .
1477 1643 1594 1712 ipso
1634 1648 2019 1697 contestante:

429 1738 551 1793 Non
603 1755 773 1794 omnes
822 1740 909 1810 qui
957 1739 1083 1793 mihi
1131 1739 1342 1801 dicunt,
1379 1735 1626 1802 Domine,
1663 1735 1912 1801 Domine,
1943 1734 2024 1787 in-

2120 521 2271 585 ctelo,
2299 538 2455 576 mane
2475 523 2648 577 oriens
2674 523 2970 578 ?contritus
3005 532 3078 576 est
3100 523 3153 577 in
3181 531 3315 577 terra
3356 521 3442 590 qui
3483 519 3717 574 mitteba-

2118 624 2203 670 tur
2219 613 2288 669 ad
2321 629 2497 668 onmes
2535 614 2754 685 gentes?
2779 612 2861 668 Tu
2877 623 3046 680 autem
3070 611 3248 666 dixisti
3276 613 3332 666 in
3378 612 3554 666 animo
3578 619 3665 665 tuo
3693 627 3712 666 :

2120 706 2186 762 In
2218 707 2402 762 caelum
2449 709 2746 774 ascendam,
2776 723 2931 778 super
2971 704 3148 762 stellas
3181 705 3276 759 Dei
3321 721 3512 776 ponant
3538 705 3714 758 sedem

2121 816 2306 866 meam,
2338 799 2522 853 sedebo
2550 798 2600 852 in
2625 809 2792 854 monte
2811 798 2918 852 alto
2941 813 3097 866 super
3121 806 3316 851 montes
3331 795 3465 850 altos
3489 796 3541 848 in
3566 795 3716 862 aqui-

2121 892 2310 958 Ionem,
2359 892 2636 946 ascendam
2680 909 2834 962 super
2865 890 3044 952 nubes,
3070 906 3159 944 ero
3208 890 3394 944 similis
3423 887 3712 946 ditissima.

2124 982 2281 1038 Nunc
2300 994 2470 1039 autem
2489 985 2559 1038 ad
2570 985 2764 1054 inferos
2785 983 3094 1038 descendisti
3115 984 3169 1036 in
3184 983 3523 1054 fundamenta
3546 991 3714 1037 terrm.

2123 1087 2169 1132 et
2198 1080 2287 1150 qui
2308 1079 2525 1134 viderint
2546 1090 2614 1143 te,
2645 1079 2964 1133 mirabuntur
3009 1093 3166 1147 super
3197 1088 3265 1144 te,
3295 1086 3342 1129 et
3367 1076 3537 1130 dicent
3568 1091 3587 1130 :
3629 1073 3715 1129 hic

2123 1182 2196 1226 est
2225 1171 2399 1236 homo,
2442 1173 2531 1244 qui
2560 1174 2778 1227 concitat
2816 1182 3027 1234 terram,
3065 1180 3228 1225 movet
3273 1187 3436 1242 reges,
3465 1171 3552 1236 qui
3578 1169 3721 1241 ponit

2129 1261 2302 1316 orbem
2333 1273 2484 1318 terra:
2513 1273 2672 1317 totum
2733 1265 3010 1318 desertum.
3042 1261 3238 1318 Civitas
3263 1271 3432 1316 autem
3469 1261 3721 1316 destruait

2125 1355 2474 1426 abductosque
2492 1374 2593 1410 non
2613 1355 2784 1412 solvit.
2813 1356 3001 1412 Omnes
3025 1371 3168 1428 reges
3218 1356 3447 1427 gentium
3495 1355 3721 1409 dormie-

2127 1458 2241 1501 rant
2266 1449 2318 1501 in
2342 1447 2559 1515 honore,
2585 1450 2638 1502 in
2656 1448 2812 1503 domo
2838 1466 2954 1504 sua.
2987 1447 3063 1502 Tu
3089 1458 3259 1502 autem
3283 1448 3543 1520 projectus
3583 1463 3636 1500 es
3664 1447 3718 1500 itt

2128 1549 2322 1595 montes
2348 1539 2483 1595 velut
2502 1551 2755 1602 mortuus.
2783 1542 3105 1596 abominatus
3129 1558 3243 1595 cum
3257 1540 3494 1595 omnibus
3525 1541 3612 1611 qui
3634 1555 3718 1594 ce-

2128 1632 2365 1690 ciderunt
2387 1635 2438 1687 in
2468 1633 2681 1688 desertis
2703 1635 2960 1705 gladio,et
2984 1634 3356 1689 descenderunt
3391 1634 3460 1686 ad
3504 1635 3721 1705 inferos.

2135 1723 2404 1790 Quomodo
2455 1727 2680 1782 t'enisti:
2722 1728 2857 1780 sicut
2896 1727 3249 1782 uestimentum
3302 1726 3553 1797 sanguine
3596 1742 3725 1779 con»

428 1832 653 1884 troibttnt
681 1833 734 1884 in
759 1847 973 1902 regnum
998 1831 1242 1886 cwl-Jrum
1266 1827 1481 1898 (Matth.
1512 1843 1608 1891 Vtt,
1631 1826 1749 1898 2i).
1777 1825 1886 1882 Sed
1921 1826 2022 1880 hoc
2052 1823 2100 1883 B
2125 1837 2357 1890 spersum
2376 1862 2389 1885 ,
2436 1838 2535 1876 non
2587 1822 2683 1876 erit
2725 1823 2993 1885 mundum,
3025 1824 3096 1876 ita
3135 1838 3225 1877 nec
3255 1832 3311 1876 tu
3341 1822 3445 1876 eris
3476 1821 3722 1888 mundus,

426 1927 550 1983 loco
581 1927 900 1996 Apostolus,
951 1927 1203 1980 neminem
1232 1941 1378 1998 posse
1411 1924 1582 1978 dicere
1622 1921 1904 1977 Dominum
1932 1919 2026 1974 Je-

426 2039 542 2077 sum
581 2021 859 2090 Christum,
893 2023 996 2076 nisi
1044 2024 1098 2076 in
1129 2022 1330 2092 Spiritu
1360 2029 1538 2073 sancto
1567 2017 1867 2072 secundum
1894 2030 2024 2071 con-

424 2115 714 2170 scientiam
741 2114 878 2169 dixit
907 2113 950 2186 (l
980 2112 1102 2168 Cor.
1135 2127 1232 2180 xu,
1259 2110 1343 2182 5),
1374 2109 1673 2165 secundmn
1709 2107 2024 2163 interiorem

429 2207 732 2273 hominem,
783 2222 889 2262 non
935 2205 1236 2262 secundum
1285 2204 1456 2259 solam
1501 2203 1919 2274 professionem,
1970 2210 2027 2253 ut

428 2299 742 2355 ostenderet
791 2299 920 2366 illis,
964 2301 1055 2370 qui
1087 2298 1276 2354 dicunt
1315 2297 1604 2352 Dominum
1632 2293 1802 2350 Jasuu
1830 2336 1845 2358 ,
1893 2291 2028 2349 nihil

429 2393 610 2448 minus
657 2392 860 2446 habere
905 2392 1089 2446 abhis
1115 2432 1130 2457 ,
1163 2390 1254 2461 qui
1297 2389 1688 2445 charismatum
1736 2387 2030 2460 generibus

429 2485 794 2541 extolluntur.
855 2484 962 2541 Sed
1026 2499 1190 2540 unum
1241 2493 1400 2554 atque
1455 2482 1708 2538 eumdem
1763 2478 2027 2551 Spiritmn

429 2579 713 2650 possidere
741 2593 984 2644 omnem,
1027 2579 1120 2648 qui
1165 2576 1452 2631 Dominum
1484 2573 1670 2630 Jesum
1708 2570 2028 2633 crediderit,

433 2673 577 2727 idem
611 2672 870 2743 operibus
908 2669 1208 2726 credidisse
1255 2667 1662 2723 monstraverit.
1713 2665 1914 2728 Nemo,
1948 2661 2032 2717 in-

433 2770 570 2836 quit,
602 2774 767 2836 potest
797 2764 967 2819 dicere
1015 2762 1293 2824 Dontinum
1338 2760 1538 2824 Jesum,
1571 2760 1670 2814 nisi
1721 2759 1774 2812 in
1825 2755 2029 2829 Spiritu

429 2868 608 2912 sancto
633 2873 652 2911 :
676 2853 968 2911 Divisiones
989 2867 1160 2910 autent
1190 2863 1307 2909 sunt
1334 2853 1726 2916 charismatum,
1751 2850 1887 2904 idem
1913 2865 2032 2902 vero

430 2953 662 3020 spiritus.
711 2949 780 3003 Et
826 2949 1105 3004 divisiones
1149 2948 1547 3003 ministeriorum
1592 2954 1710 2999 sunt
1749 2961 1766 2998 :
1807 2952 1856 2998 et
1898 2943 2032 2996 idem

433 3042 688 3099 Dominus
715 3043 906 3114 (lbid.,
925 3042 980 3111 4,
1012 3042 1092 3113 5).
1119 3041 1347 3098 Solvere
1369 3049 1550 3094 autem
1581 3038 1793 3102 Jesum,
1816 3045 2028 3092 estnon

433 3138 610 3193 facere
639 3137 779 3206 quod
809 3136 994 3192 Jesttm
1023 3133 1216 3190 fecisse
1243 3135 1556 3196 conﬁtetur,
1585 3131 1722 3184 sicut
1755 3129 1896 3182 idem
1924 3127 2031 3182 Do-

2127 1915 2251 1984 quia
2281 1924 2470 1968 terram
2493 1930 2657 1970 meam
2676 1914 2971 1984 perdidisti,
2993 1924 3040 1969 et
3062 1917 3256 1987 plebem
3279 1931 3439 1969 nteant
3466 1915 3720 1970 occidisti.

2130 2003 2256 2060 Non
2284 2005 2384 2060 eris
2431 2007 2482 2060 in
2531 2016 2782 2062 wternum
2841 2018 3042 2080 tempus
3095 2025 3263 2062 semen
3306 2024 3540 2078 nequam,
3572 2024 3723 2077 para,

2128 2099 2267 2168 ﬁlios
2318 2111 2432 2154 tuos
2465 2100 2716 2168 interﬁce,
2747 2111 3010 2169 peccatum
3034 2102 3200 2172 patris
3222 2101 3298 2154 tui
3326 2106 3728 2172 nonresurgant

2131 2190 2287 2264 (Isai.
2329 2208 2444 2260 xix,
2484 2193 2572 2260 l2,
2601 2192 2720 2266 22).
2747 2193 2804 2247 ιιι
2858 2209 3038 2263 regem
3091 2192 3407 2264 Babylonis,
3453 2200 3511 2248 et
3536 2206 3727 2248 omnes

2129 2301 2308 2356 reges,
2336 2295 2393 2341 et
2418 2285 2597 2340 omnis
2621 2285 2855 2357 pOpqus
2887 2285 3245 2357 signiﬁcatus,
3275 2301 3442 2340 unum
3474 2284 3619 2341 enim
3643 2291 3729 2340 est

2131 2391 2350 2447 corpus.
2409 2377 2702 2444 Quomodo,
2754 2376 2956 2447 inquit,
2985 2377 3171 2430 cecidit
3220 2376 3284 2430 de
3337 2377 3463 2431 ctelo
3518 2376 3724 2446 lucifer,

2131 2485 2284 2524 mane
2311 2471 2504 2538 oriens,
2535 2474 2832 2541 confractus
2876 2478 2929 2523 t'n
2957 2479 3094 2524 terra
3126 2487 3146 2525 :
3171 2471 3260 2540 qui
3293 2471 3512 2524 mittitur
3531 2467 3598 2523 ad
3620 2484 3729 2522 om-

2134 2577 2222 2616 nes
2247 2562 2454 2632 gentes?
2476 2559 2558 2615 Tu
2579 2571 2749 2614 autent
2787 2563 2966 2616 dixisti
2991 2562 3040 2616 in
3069 2563 3243 2616 animo
3273 2572 3362 2617 tuo
3387 2579 3406 2617 :
3436 2560 3504 2616 In
3547 2562 3727 2618 coelum

2134 2654 2431 2720 ascendam,
2457 2671 2611 2725 super
2640 2655 2816 2709 stellas
2838 2653 2934 2708 Dei
2969 2671 3154 2726 ponam
3187 2656 3356 2710 sedem
3377 2671 3564 2709 meant.
3595 2654 3721 2709 Dia-

2136 2747 2292 2804 bolus
2323 2749 2426 2803 hoc
2446 2748 2547 2803 sibi
2573 2749 2861 2819 promittit.
2905 2749 3020 2804 Non
3049 2750 3193 2804 enim
3219 2758 3405 2818 Sperat
3435 2748 3724 2805 retinendo

2133 2841 2186 2898 in
2213 2841 2412 2898 coelum
2437 2857 2598 2912 posse
2623 2843 2945 2908 ascendere,
2974 2843 3065 2912 qui
3099 2858 3169 2898 ne
3208 2841 3560 2913 dejicerelur,
3594 2841 3729 2898 resi-

2135 2946 2282 2992 stere
2308 2951 2415 2990 non
2435 2936 2624 2991 valuit.
2646 2937 2816 2991 Multo
2839 2937 3010 3008 magis
3037 2937 3143 2992 ista
3171 2936 3334 2991 homo
3362 2951 3591 3006 sperare
3619 2949 3725 2991 non

2137 3039 2316 3102 potest
2346 3048 2358 3084 :
2389 3041 2443 3084 et
2483 3041 2663 3086 tamen
2715 3031 2990 3086 hominem
3045 3045 3165 3085 esse
3205 3030 3284 3086 sic
3313 3029 3445 3086 dicit
3481 3027 3624 3085 :Hic
3653 3037 3726 3083 est

2138 3125 2290 3177 homo
2317 3124 2404 3194 qui
2424 3125 2606 3178 incitat
2644 3133 2856 3178 terram.
2891 3124 2996 3179 Sed
3040 3135 3238 3194 pra-ter
3267 3124 3406 3179 hanc
3435 3125 3726 3189 rationem,

434 3231 615 3286 minus
645 3230 776 3284 dicit
805 3249 817 3283 :
849 3229 950 3294 Qui
987 3227 1193 3282 solverit
1223 3243 1378 3280 ttnttnt
1408 3242 1472 3280 ex
1500 3222 1758 3278 mandatis
1790 3222 1898 3275 istis
1936 3221 2031 3274 mi-
2059 3209 2106 3271 C
2137 3230 2298 3286 quam
2330 3231 2511 3287 neque
2543 3215 2814 3284 diabolus,
2848 3232 3026 3288 neque
3069 3217 3234 3272 homo
3265 3232 3490 3288 sperare
3519 3224 3724 3287 potest,

434 3323 607 3385 nimis,
632 3331 682 3375 et
715 3321 785 3376 sic
827 3319 1056 3374 docuerit
1094 3319 1365 3383 hontiues,
1403 3317 1646 3370 ntiniutus
1689 3313 1954 3368 vocabitur
1979 3313 2031 3365 in

434 3429 592 3485 regno
615 3411 857 3466 caelorum
885 3410 1102 3484 (Matth.
1139 3427 1191 3477 ν,
1223 3410 1339 3480 2U).
1368 3409 1432 3463 Et
1453 3405 1582 3478 quid
1608 3407 1678 3460 sit
1703 3403 1932 3470 solverit,
1965 3419 2032 3459 ex

433 3507 901 3577 consequentibus
930 3507 1127 3576 aperit,
1159 3503 1349 3560 dicens
1375 3519 1390 3558 :
1431 3502 1534 3570 Qui
1565 3510 1732 3554 autem
1760 3501 1959 3571 fecerit,
1985 3508 2034 3551 et

433 3601 506 3654 sic
530 3598 784 3653 docuerit.
817 3598 967 3653 lianc
1003 3613 1134 3667 ergo
1183 3597 1561 3666 negationem,
1611 3607 1838 3663 operum
1884 3606 2030 3656 esse,

435 3708 541 3748 non
573 3693 722 3747 vocis
746 3733 761 3756 ,
796 3700 851 3747 et
893 3690 1098 3746 Paulus
1139 3687 1420 3758 εψοδιοιιιε
1464 3684 1752 3742 conﬁrmat
1793 3683 1986 3738 dicens
2017 3701 2030 3737 :

435 3783 715 3842 Dominum
741 3785 874 3840 scire
899 3785 1229 3853 conﬁtentur,
1250 3783 1401 3855 factis
1415 3793 1590 3835 autent
1617 3789 1803 3850 negant
1834 3778 1966 3846 (Tit.
1992 3792 2029 3841 ι,

435 3879 545 3952 l6).
592 3879 658 3934 Et
706 3879 944 3934 iterum:
978 3877 1216 3932 [tabentes
1247 3881 1469 3948 formam
1514 3874 1754 3946 pietatis,
1797 3873 2032 3927 uirtutem

435 3983 604 4026 autent
633 3977 742 4046 ejus
771 3980 1015 4042 negantes
1047 3970 1113 4043 (ll
1147 3968 1279 4023 Tim.
1311 3984 1365 4023 ιιι
1387 4010 1402 4035 ,
1432 3967 1508 4033 5).
1549 3966 1661 4021 lloc
1707 3979 1874 4020 sensu
1902 3963 2036 4019 dicit

435 4063 699 4134 quosdam
738 4063 964 4128 fratres,
999 4063 1275 4119 Christum
1307 4076 1412 4115 non
1444 4075 1577 4115 voce
1605 4068 1792 4114 sancte
1837 4056 2038 4126 prtedi-

435 4173 562 4212 care
591 4199 607 4223 ,
637 4156 729 4211 sed
773 4155 958 4211 corde.
999 4155 1131 4210 Nam
1162 4170 1295 4210 voce
1325 4163 1513 4208 sancte
1541 4151 1858 4224 pra:dic:mt.
1892 4148 2037 4206 Con-

439 4251 608 4304 sentit
649 4248 885 4318 denique
929 4247 1297 4318 pratdicationi
1329 4261 1518 4301 eorum
1546 4287 1563 4312 ,
1608 4254 1664 4299 et
1693 4242 1914 4298 mandat
1941 4258 2037 4297 au-

437 4340 564 4404 diri,
598 4340 790 4394 dicens
816 4357 829 4394 :
863 4339 1001 4407 Quid
1040 4339 1249 4393 interest
1276 4338 1382 4392 sive
1414 4353 1503 4408 per
1529 4336 1884 4401 occasionem,
1933 4336 2039 4389 sive

437 4450 528 4506 per
572 4434 834 4488 veritate»:
866 4431 1102 4488 Christus
1143 4432 1482 4486 annuntietur
1513 4429 1779 4501 (Philipp.
1833 4444 1885 4497 ι,
1922 4428 2032 4500 18).

440 4526 725 4580 Dominum
757 4525 902 4580 enim
930 4524 1208 4579 Christum
1230 4522 1597 4579 Antichristus
1627 4538 1734 4577 non
1757 4530 1905 4586 voto,
1936 4521 2032 4576 sed

2138 3323 2197 3365 se
2222 3324 2382 3380 posse
2411 3310 2466 3365 in
2499 3311 2698 3367 caelum
2747 3311 3075 3377 ascendere,
3122 3322 3178 3368 et
3208 3326 3374 3383 super
3414 3312 3599 3367 stellas
3631 3309 3729 3365 Dei

2137 3405 2358 3472 sedens,
2390 3405 2626 3462 similem
2683 3423 2742 3462 sc
2793 3408 2902 3462 Deo
2934 3408 3074 3472 lieri,
3110 3410 3271 3463 etiam
3305 3407 3419 3479 ipsa
3450 3407 3730 3480 Scriptura

2136 3497 2286 3552 aliud
2312 3498 2695 3568 inquirendum
2721 3499 3001 3555 admonet.
3027 3499 3162 3555 Nam
3185 3501 3230 3556 si
3258 3503 3310 3555 in
3339 3499 3538 3557 cmlum
3557 3511 3613 3556 et
3643 3515 3735 3556 su-

2138 3604 2233 3660 pra
2260 3590 2452 3646 stellas
2471 3591 2574 3645 Dei
2595 3590 2725 3646 dicit
2747 3607 2805 3646 se
2825 3591 3009 3648 sedem
3034 3607 3187 3647 suam
3217 3593 3525 3663 positurum
3559 3607 3573 3646 :
3605 3607 3737 3662 quo-

2138 3680 2302 3736 modo
2327 3683 2378 3736 in
2407 3693 2595 3738 moutc
2621 3687 2734 3738 alto
2786 3683 3022 3751 sedebit,
3076 3695 3168 3738 aut
3199 3699 3366 3755 super
3410 3695 3625 3740 montes
3679 3684 3732 3739 in

2140 3775 2458 3848 aquilonem
2493 3778 2576 3832 vel
2611 3777 2662 3831 in
2707 3778 2944 3832 nubibus
2970 3787 3028 3832 ut
3055 3777 3250 3832 similis
3299 3777 3371 3833 sit
3401 3776 3736 3834 Altissimo?

2137 3884 2248 3923 non
2291 3868 2437 3924 enitn
2474 3868 2801 3924 Altissimus
2856 3871 2908 3924 in
2971 3870 3282 3941 hujusmodi
3327 3869 3494 3925 habet
3523 3870 3732 3926 sedem.

2138 3963 2374 4028 Caelum,
2393 3963 2694 4019 Ecclesium
2717 3963 2849 4019 dicit
2875 3981 2889 4016 :
2921 3963 3064 4020 sicut
3097 3963 3432 4034 procedente
3455 3961 3736 4034 Scriptura

2138 4055 2471 4112 videbimus.
2534 4055 2612 4112 De
2665 4058 2767 4112 hoc
2795 4057 2936 4113 coelo
2979 4056 3126 4111 cadit
3177 4056 3369 4112 lucifer
3414 4055 3731 4110 matutinus.

2139 4150 2358 4206 Lucifer
2383 4150 2529 4207 enim
2559 4150 2858 4221 bipertitus
2887 4160 2972 4206 est
2997 4168 3010 4204 :
3046 4151 3190 4207 sicut
3233 4149 3496 4205 Dominus
3521 4149 3651 4204 dicit
3679 4149 3732 4203 in

2139 4245 2469 4316 Apocalypsi
2503 4244 2571 4299 de
2592 4259 2651 4299 sc
2679 4256 2734 4300 et
2764 4244 2832 4301 de
2859 4259 2959 4300 suo
2984 4259 3220 4314 corpore
3255 4263 3268 4300 :
3301 4243 3416 4316 Ego
3435 4261 3548 4298 sum
3585 4243 3736 4298 rudia:

2138 4350 2184 4395 et
2215 4357 2375 4411 genus
2400 4337 2592 4406 David,
2621 4351 2669 4392 et
2700 4339 2851 4394 stella
2881 4339 3155 4412 splendida
3193 4339 3467 4405 matutina,
3519 4353 3737 4409 sponsus

2139 4443 2186 4487 et
2209 4431 2601 4504 sponsa(,lpoc.
2630 4431 3053 4500 xxtt,16).ltem
3090 4432 3200 4486 illic
3231 4430 3362 4498 :Qui
3386 4427 3737 4494 uicerit,dabo

2138 4526 2219 4580 illi
2239 4525 2443 4579 stellam
2493 4526 2801 4579 matutittam
2835 4525 3024 4596 (Apoc.
3058 4539 3096 4580 ιι
3117 4566 3132 4590 ,
3159 4523 3294 4596 28):
3329 4524 3381 4579 id
3413 4535 3522 4588 est,
3555 4532 3612 4576 ut
3666 4520 3739 4576 sit

438 4615 725 4672 occasione
743 4614 1018 4686 praedicat.
1040 4613 1164 4668 Alio
1198 4614 1448 4680 tendens,
1477 4628 1572 4682 per
1598 4611 1802 4667 ϐίη-ἰειί
1836 4627 2033 4666 nomen
2067 4590 2114 4650 ι)
2141 4618 2300 4673 stella
2357 4617 2621 4671 matutina
2684 4617 2824 4672 sicut
2874 4615 3147 4683 Christus,
3180 4632 3341 4687 quem
3399 4615 3736 4685 accepimus.

439 4707 783 4780 ingreditur:
816 4722 924 4778 quo
953 4707 1056 4763 sibi
1100 4707 1240 4762 viam
1292 4714 1525 4772 sternat,
1571 4722 1676 4775 quo
1723 4705 1826 4760 sub
1846 4704 2039 4760 Christi

441 4801 682 4866 nomine,
708 4800 883 4855 ventri
913 4809 1116 4870 pareat,
1141 4809 1195 4854 et
1224 4799 1308 4853 his
1325 4797 1492 4870 (quod
1519 4807 1676 4867 turpe
1704 4795 2034 4868 estdicere),

440 4894 747 4949 sanctitatis
785 4902 841 4950 et
873 4891 1239 4962 simplicitatis
1273 4906 1472 4946 nomen
1497 4889 1954 4960 imponat,signis
1974 4897 2031 4944 et

439 4986 702 5059 prodigiis
739 4985 1112 5041 cuhiculorum
1138 5000 1302 5055 opera
1335 4981 1610 5038 Christum
1659 4998 1783 5038 esse
1821 4998 2039 5038 asseve-

439 5079 744 5147 rans.Quos
761 5079 962 5134 salubri
982 5081 1234 5134 cautione
1252 5079 1424 5132 vitare
1446 5077 1706 5132 admonet
1736 5075 2034 5146 Apostolus

438 5173 655 5228 dicens:
679 5170 726 5226 F
730 5171 834 5226 iliis
847 5173 1095 5226 abstinete
1107 5187 1194 5225 vos
1217 5169 1555 5224 asimulacris
1576 5167 1666 5240 (1.1
1674 5185 1794 5222 oan.
1830 5185 1885 5234 ν,
1912 5167 2028 5239 2|).

1018 5263 1157 5320 ΙίΕο
1167 5262 1302 5320 ULA
1344 5263 1379 5316 ν
1393 5261 1437 5317 ll

824 5357 900 5412 De
923 5355 1143 5412 diabolo
1173 5365 1228 5412 et
1256 5370 1488 5424 corpore
1513 5355 1651 5427 ejus.

439 5448 564 5508 Loci
611 5453 720 5506 duo
749 5450 1022 5518 illustrati,
1049 5447 1211 5505 Isaia:
1229 5465 1351 5519 cap.
1385 5465 1499 5516 xw,
1520 5448 1587 5503 Et
1617 5447 1812 5505 Ezech.
1834 5463 2028 5506 xxvxtt.

511 5543 588 5599 De
615 5544 836 5600 diabolo
853 5554 907 5600 et
929 5557 1164 5613 corpore
1190 5542 1309 5613 ejus
1339 5542 1582 5600 breviter
1613 5543 1787 5599 videri
1822 5550 2028 5614 potest,

433 5635 485 5690 si
519 5635 573 5690 id
605 5636 748 5705 quod
786 5636 1125 5705 dej‘_Domino
1175 5645 1231 5690 et
1260 5636 1379 5706 ejus
1423 5650 1657 5707 corpore
1687 5637 1890 5693 dictum
1923 5645 2030 5702 est,

434 5727 492 5783 id
511 5743 728 5799 quoque
750 5729 1100 5786 observetur.
1129 5729 1417 5786 'l'rausitus
1449 5745 1686 5801 namque
1711 5747 1739 5785 a
1765 5735 1946 5800 capite
1963 5729 2032 5786 ad

435 5834 657 5890 corpus,
680 5821 873 5878 eadem
903 5824 1118 5879 ratione
1139 5823 1498 5897 dignoscitur,
1532 5823 1670 5879 sicut
1704 5840 1800 5894 per
1831 5822 2028 5879 lsaiatn

2143 4709 2276 4764 Pars
2304 4723 2435 4777 ergo
2467 4708 2680 4775 lucifer,
2708 4708 2759 4763 id
2788 4717 2894 4774 est,
2916 4708 3208 4765 adversum
3232 4723 3454 4781 corpus,
3484 4705 3628 4780 quod
3653 4716 3740 4762 est

2141 4799 2410 4864 diabolus,
2447 4814 2629 4870 reges,
2654 4811 2710 4854 et
2758 4800 3015 4870 populus,
3043 4801 3191 4856 cadit
3219 4802 3287 4856 de
3329 4801 3492 4866 creto,
3523 4809 3577 4854 et
3601 4814 3737 4855 cou-

2140 4893 2399 4964 lringitur
2428 4893 2481 4948 in
2513 4903 2680 4949 terra.
2701 4893 2801 4950 His
2827 4895 3031 4965 regulis
3058 4894 3186 4950 dicit
3212 4893 3522 4965 Sapientia:
3548 4891 3738 4948 Audite

2139 5003 2260 5058 ergo
2289 5003 2431 5057 reges
2457 4999 2503 5041 et
2531 4987 2808 5058 intelligite
2836 5004 2854 5041 :
2887 4987 3068 5042 discite
3086 4989 3293 5061 judices
3334 4988 3517 5058 ﬁnium
3564 4997 3732 5051 terra,

2144 5079 2361 5148 prebete
2381 5095 2534 5133 aures
2553 5122 2566 5144 ,
2592 5080 2684 5146 qui
2709 5080 2980 5134 continetis
3010 5081 3412 5145 multitudinem,
3445 5090 3495 5134 et
3526 5079 3738 5149 placetis

2143 5169 2283 5224 uobis
2340 5171 2395 5224 in
2442 5170 2606 5225 turbis
2661 5172 2928 5226 nationum
2973 5173 3260 5243 :quoniam
3312 5171 3438 5226 data
3485 5185 3557 5228 est
3601 5170 3742 5225 uobis

2142 5271 2366 5332 potestas
2414 5278 2445 5315 a
2479 5260 2700 5317 Domino
2727 5274 2815 5327 ,et
2866 5264 3029 5318 virtus
3081 5264 3144 5318 ab
3191 5263 3495 5330 Altissimo;
3538 5265 3626 5333 qui
3655 5265 3744 5317 in-

2143 5355 2419 5428 terrogabit
2468 5373 2625 5428 opera
2677 5367 2866 5422 uestra,
2921 5369 2968 5413 et
3017 5359 3348 5430 cogitationes
3401 5357 3734 5413 scrutabitur.

2147 5450 2430 5518 Quoniam,
2474 5465 2592 5503 cum
2633 5451 2808 5505 essetis
2844 5451 3067 5505 ministri
3110 5451 3254 5524 regni
3277 5451 3440 5514 illius,
3473 5467 3576 5505 non
3606 5460 3740 5506 recte

2134 5546 2434 5616 judicastis,
2484 5561 2644 5616 neque
2691 5546 2987 5600 custodistis
3031 5547 3192 5616 legem
3241 5545 3398 5616 (Sap.
3449 5561 3522 5610 \‘l,
3569 5544 3625 5609 2,
3657 5546 3736 5616 3).

2141 5639 2253 5695 Rex
2285 5655 2417 5708 ergo
2445 5638 2734 5712 Babylonis
2768 5649 2941 5694 totmn
2967 5655 3168 5709 corpus
3197 5650 3281 5694 est
3311 5657 3324 5693 :
3354 5638 3449 5694 sed
3486 5653 3584 5709 pro
3605 5637 3738 5693 locis

2138 5732 2510 5802 intelligimus,
2561 5733 2614 5786 in
2663 5746 2827 5802 quam
2875 5739 3089 5801 partem
3139 5732 3386 5801 corporis
3421 5727 3736 5786 conveniat.

2139 5822 2336 5878 Cecidit
2382 5825 2445 5878 de
2488 5825 2614 5878 cocto
2655 5823 2864 5894 lucifer,
2894 5823 2947 5877 in
2987 5837 3149 5879 omne
3173 5837 3372 5893 corpus
3398 5831 3576 5893 potest
3605 5835 3737 5877 con-
