4132 6176
392 293 460 349 87
1549 283 1761 342 LIBER
1801 283 1888 339 DE
1928 281 2204 340 SEPTEM
2245 283 2560 342 REGULIS.
3626 289 3697 348 58

392 403 603 460 venire.
636 405 702 457 ln
730 404 912 458 ccc/um
942 402 1256 468 ascendam,
1292 417 1446 471 super
1471 398 1647 455 stellas
1675 398 1774 454 Dei
1803 414 1992 468 ponam
2020 398 2070 460 A
2100 397 2148 453 id
2180 407 2262 454 est
2283 442 2297 464 ,
2341 399 2586 456 adversae
2637 403 2777 472 parti
2824 416 2933 458 non
2963 403 3137 459 oritur
3165 421 3180 458 :
3212 405 3352 459 sicut
3381 403 3542 462 iidem
3570 420 3695 464 cum

389 498 560 552 sedem
591 512 779 561 meam,
808 496 1079 562 similiter,
1110 503 1169 550 et
1192 504 1356 565 caput
1389 511 1402 548 :
1435 493 1690 564 majores,
1724 493 1812 561 qui
1851 491 1989 547 stel-

392 589 570 645 larum
622 589 740 655 Dei,
795 588 845 644 id
895 598 1000 654 est,
1054 598 1368 644 sanctorum
1401 587 1680 642 dominum
1707 585 1989 641 dominan-

391 683 523 738 dum
567 693 777 754 putant,
827 700 950 739 cum
1008 685 1253 755 ipsorum
1317 684 1559 737 minores
1616 680 1986 742 dominentur,

395 779 536 830 sicut
573 778 835 846 scriptum
880 786 965 833 est
999 796 1011 831 :
1048 777 1224 850 Major
1243 777 1425 832 serviet
1448 775 1633 829 minori
1665 773 1816 844 (Gen.
1853 789 1984 840 xxv,

391 868 525 939 25).
576 869 714 924 lluic
765 871 928 932 Esau,
979 870 1032 924 id
1080 880 1196 934 cst,
1247 870 1508 925 fratribus
1537 869 1716 932 malis,
1749 868 1829 924 sic
1857 867 1987 921 dicit

391 958 656 1016 Dominus
685 977 779 1032 per
806 962 1036 1018 Abdiam
1083 961 1407 1032 prophetam
1443 980 1455 1016 :
1489 960 1746 1015 Exaltans
1785 959 1988 1013 habita—

386 1054 579 1108 tionem
620 1073 784 1117 suam,
833 1057 1010 1110 dicens
1050 1056 1105 1109 in
1143 1055 1299 1110 corde
1335 1071 1428 1110 suo
1459 1071 1478 1109 :
1511 1055 1638 1122 Quis
1669 1070 1748 1108 me
1773 1053 1987 1108 deducet

385 1147 457 1199 ad
501 1149 703 1201 terras?
753 1149 817 1204 Si
843 1148 1102 1202 exaltatus
1151 1149 1313 1220 fueris
1359 1149 1490 1202 sicut
1527 1147 1724 1217 aquila,
1768 1156 1814 1200 et
1854 1148 1985 1200 inter

385 1240 565 1293 stellas
594 1257 752 1310 ponas
781 1241 955 1294 nidum
985 1250 1149 1305 tuum,
1181 1241 1303 1295 inde
1327 1250 1374 1294 te
1399 1238 1686 1303 detraham,
1727 1238 1851 1292 dicit
1880 1236 1985 1291 Do-

386 1331 561 1384 minus
592 1332 744 1403 (Abd.
778 1347 816 1399 ι,
841 1333 896 1398 '5,
920 1331 998 1404 4).
1025 1332 1226 1387 Sedebo
1252 1334 1304 1386 in
1335 1342 1504 1386 monte
1527 1333 1635 1385 alto
1659 1347 1814 1399 super
1841 1346 1986 1384 mort-

386 1433 464 1477 tes
509 1424 662 1490 altos,
715 1427 769 1477 in
814 1425 1129 1494 aquilonem,
1176 1426 1450 1478 ascendam
1491 1439 1642 1495 super
1673 1423 1852 1488 nubes,
1896 1437 1984 1475 ero

377 1517 566 1570 similis
590 1518 849 1572 Altissimo
873 1519 891 1589 (
917 1517 1025 1572 lsa.
1054 1533 1164 1583 xiv,
1199 1518 1265 1574 15
1287 1518 1328 1587 ).
1371 1516 1528 1574 Mons
1555 1517 1719 1582 altus,
1752 1514 1982 1586 populus

379 1618 467 1663 est
493 1609 786 1678 superbus.
831 1610 1042 1665 Montes
1073 1610 1194 1676 alti,
1239 1610 1437 1680 singuli
1480 1609 1698 1679 quique,
1731 1607 1822 1678 qui
1849 1605 1982 1661 adu-

379 1703 495 1756 nati
530 1714 769 1757 montem
802 1701 1029 1770 faciunt,
1063 1702 1114 1758 id
1144 1711 1250 1769 est,
1283 1717 1482 1772 corpus
1513 1701 1736 1756 diaboli.
1783 1697 1981 1753 Multos

2094 491 2148 546 in
2167 492 2428 561 judicium
2454 499 2724 563 venerint,
2743 496 2927 552 dicent
2954 515 2966 551 :
2990 495 3222 552 Justitiaz
3250 500 3419 553 lumen
3439 515 3542 554 non
3561 500 3694 555 luxit

2093 587 2236 640 nobis
2252 585 2410 658 (Sap.
2438 604 2490 655 ν,
2518 590 2595 656 6).
2620 588 2962 644 Timentibus
2979 599 3160 646 autem
3189 589 3498 657 Dominum,
3527 593 3696 648 oritur

2093 676 2420 750 Soljustitia:
2435 696 2452 733 :
2467 690 2512 733 et
2526 681 2720 734 sanitas
2743 681 2794 735 in
2817 681 2998 752 pennis
3013 683 3146 752 ejus,
3165 682 3304 736 sicut
3331 683 3590 752 scriptum
3609 691 3696 739 est

2091 769 2350 841 (Malacli.
2385 787 2460 838 tv,
2502 773 2580 844 2).
2621 775 2774 829 Malis
2811 790 2943 830 vero
2994 775 3224 832 meridie
3253 792 3358 831 nox
3388 787 3469 832 est
3503 794 3516 832 :
3547 777 3691 833 sicut

2089 863 2351 932 scriptum
2382 875 2467 920 est
2495 883 2508 919 :
2553 864 2691 920 Dum
2728 869 2981 921 sustinent
3014 869 3114 940 ipsi
3157 869 3350 933 lumen,
3386 873 3539 940 facta
3569 879 3692 924 sunt

2089 953 2192 1008 illis
2233 957 2466 1020 tenebrtc,
2519 957 2773 1030 fulgorem
2816 959 3033 1014 obscura
3081 969 3229 1014 nocte
3252 959 3642 1016 ambulaverunt
3671 1002 3686 1030 ,

2088 1048 2368 1120 palpabunt
2407 1051 2538 1105 sicut
2569 1068 2734 1106 aecus
2775 1054 3043 1124 parietem,
3073 1065 3119 1108 et
3144 1056 3226 1108 cui
3252 1071 3354 1109 non
3377 1065 3498 1110 sunt
3523 1056 3685 1124 oculi,

2087 1143 2366 1214 palpabunt
2398 1155 2445 1198 et
2474 1147 2658 1200 cadent
2686 1148 2916 1214 meridie,
2972 1151 3123 1219 quasi
3153 1151 3321 1204 media
3350 1161 3496 1205 nocte
3525 1151 3544 1222 (
3568 1149 3682 1205 lsa.

2089 1252 2196 1298 ιιι,
2231 1237 2286 1302 9,
2323 1237 2407 1307 10,
2439 1255 2540 1292 sec.
2588 1238 2776 1309 LXX).
2815 1241 3013 1295 lterum
3052 1259 3065 1295 :
3105 1241 3316 1296 Occidet
3344 1243 3423 1296 sol
3449 1243 3682 1310 meridie,

2087 1341 2132 1384 et
2160 1332 2487 1388 tenebricabit
2510 1353 2663 1408 super
2696 1349 2832 1391 terra
2856 1340 2965 1391 dies
2991 1339 3201 1393 luminis
3233 1341 3249 1406 (
3278 1339 3432 1392 Amos
3457 1355 3574 1406 rm,
3602 1338 3683 1410 9).

2085 1423 2282 1478 lterum
2316 1443 2328 1479 :
2360 1425 2645 1494 PrOptcrea
2682 1447 2786 1485 nos:
2834 1433 2929 1486 erit
2970 1433 3109 1486 vobis
3143 1433 3206 1487 de
3236 1434 3446 1500 visione,
3469 1443 3516 1487 et
3547 1443 3685 1489 tene-

2086 1515 2188 1570 brae
2235 1517 2372 1572 vobis
2426 1531 2571 1574 erunt
2622 1538 2686 1576 ea:
2733 1523 3065 1591 divinatione,
3112 1535 3162 1578 et
3198 1526 3396 1580 occidet
3421 1527 3500 1581 sol
3528 1541 3685 1599 super

2083 1609 2381 1680 prapltetas,
2414 1622 2460 1664 et
2489 1612 2780 1668 obscurabit
2806 1633 2959 1686 super
2986 1633 3070 1672 eos
3101 1618 3209 1672 dies
3241 1619 3453 1672 luminis
3489 1617 3681 1690 (Miclt.

2085 1716 2160 1766 tu,
2199 1700 2278 1774 6).
2315 1703 2448 1758 lluic
2498 1706 2696 1774 pepulo
2745 1722 2807 1762 ex
2859 1711 3064 1764 Austro
3105 1712 3468 1766 comminatur
3513 1711 3681 1777 Deus,

375 1795 529 1850 enim
574 1809 694 1851 esse
725 1804 942 1852 montes
970 1795 1168 1861 malos,
1207 1796 1340 1850 dicit
1369 1797 1646 1866 Scriptura
1683 1811 1696 1846 :
1731 1792 1974 1864 Transfe-
2007 1791 2053 1850 Β
2082 1793 2220 1849 sicut
2251 1811 2347 1865 ρει·
2377 1797 2716 1854 Ezechielem
2753 1800 2893 1856 Soor
2924 1803 3192 1872 increpat,
3224 1803 3414 1859 dicens
3455 1821 3468 1858 :
3511 1803 3684 1874 Spiri-

375 1898 560 1942 rentur
585 1898 778 1942 montes
802 1892 858 1942 in
884 1891 1038 1946 corde
1077 1890 1234 1944 maris
1260 1889 1431 1960 (Psal.
1467 1905 1591 1955 va,
1626 1889 1703 1957 5).
1734 1887 1933 1942 lterum
1962 1906 1974 1939 :

375 1976 745 2035 Fundamenta
765 1983 1013 2035 montium
1029 1983 1329 2036 conturbata
1341 1994 1480 2046 sunt,
1505 1993 1550 2036 et
1572 1991 1974 2042 commotasunt,

377 2073 624 2139 quoniam
644 2075 808 2127 iratus
833 2084 907 2130 est
931 2074 1069 2129 Deus
1093 2075 1268 2146 (Psal.
1295 2091 1424 2140 χιιι,
1445 2074 1524 2144 8).
1543 2073 1678 2129 Nam
1707 2083 1760 2128 et
1779 2089 1978 2143 corpus

376 2164 620 2230 Domini,
642 2168 693 2222 id
721 2177 827 2235 est,
856 2167 1122 2234 Ecclesia,
1146 2185 1301 2225 mons
1322 2169 1518 2225 dicitur
1542 2187 1555 2223 :
1581 2178 1635 2224 et
1661 2168 1856 2238 singuli
1885 2168 1975 2238 qui

377 2255 645 2325 Ecclesia,
673 2259 874 2315 faciunt
903 2261 1291 2328 montes,eicut
1310 2262 1570 2331 scriptum
1591 2272 1674 2316 est
1704 2276 1718 2313 :
1751 2259 1862 2332 Ego
1882 2277 1978 2314 au-

374 2365 478 2406 tem
492 2358 795 2410 constitutus
805 2373 919 2411 sum
933 2358 1096 2411 rearab
1110 2375 1187 2422 eo,
1205 2375 1356 2428 super
1369 2357 1496 2413 Sion
1512 2368 1730 2411 montem
1743 2366 1977 2410 sanctum

372 2449 510 2518 ejus,
541 2450 857 2504 annuntians
881 2450 1099 2519 imperia
1126 2453 1236 2522 ejus
1258 2448 1429 2521 (Psul.
1459 2464 1524 2515 ιι,
1547 2446 1622 2520 6).
1647 2448 1715 2503 Ει
1739 2448 1935 2503 iterum
1960 2467 1972 2502 :

377 2537 607 2595 Perdam
629 2542 862 2613 Assyrios
885 2544 938 2597 in
965 2554 1100 2598 terra
1119 2561 1251 2610 mea,
1281 2557 1326 2598 et
1345 2544 1396 2597 in
1415 2543 1669 2598 montibus
1696 2543 1816 2597 meis
1838 2541 1973 2613 (Isa.

376 2648 494 2698 11v,
519 2635 635 2704 25).
660 2636 722 2692 Et
746 2637 944 2692 iterum
969 2639 1304 2706 :Suscipiant
1326 2648 1520 2692 montes
1551 2653 1728 2708 pacem
1759 2637 1971 2708 papula,

372 2737 425 2780 et
452 2728 608 2781 colles
626 2731 884 2799 justitiam
913 2729 1086 2799 (Psal.
1113 2747 1256 2796 Lm,
1281 2731 1373 2798 5).
1404 2731 1468 2785 Ει
1493 2731 1689 2785 iterum
1723 2747 1736 2782 :
1773 2729 1974 2784 Montes

370 2820 708 2876 exsultabant
752 2825 886 2877 velut
938 2825 1138 2888 arietes,
1187 2833 1234 2879 et
1279 2824 1435 2878 colles
1475 2824 1608 2878 velut
1645 2825 1767 2897 agni
1803 2825 1973 2876 ovium

375 2910 572 2982 (Psal.
615 2928 768 2980 exiit,
800 2917 878 2986 4).
933 2917 1070 2970 Deus
1093 2917 1146 2972 in
1182 2928 1367 2970 monte
1395 2916 1525 2971 Sion
1560 2916 1725 2970 habet
1759 2914 1970 2981 sedem,

371 3016 425 3059 et
461 3006 516 3058 in
562 3007 834 3062 montibus
876 3009 1066 3075 Israel,
1112 3020 1162 3064 et
1215 3009 1266 3063 in
1317 3009 1551 3064 nubibus
1579 3009 1782 3063 sanctis
1811 3009 1968 3061 suis:

372 3097 633 3165 quodest
681 3100 946 3157 Ecclesia.
997 3101 1266 3172 Scriptum
1317 3110 1397 3156 est
1447 3121 1458 3155 :
1508 3099 1704 3154 Timent
1749 3116 1780 3152 a
1838 3099 1972 3168 facie

2084 1896 2162 1940 tus
2205 1889 2382 1942 Austri
2409 1892 2643 1945 contrivit
2695 1903 2743 1946 te
2789 1893 3013 1964 (Ezeclt.
3071 1910 3236 1962 xxvii,
3281 1895 3408 1967 16).
3454 1895 3503 1951 Is
3533 1895 3680 1951 enim

2083 1979 2430 2052 confringere
2462 1985 2760 2053 permittit,
2813 1985 3002 2042 dicens
3033 2005 3045 2041 :
3078 1986 3336 2060 Exsurge,
3380 1988 3597 2057 Aquilo,
3633 1997 3681 2042 et

2083 2074 2215 2138 veni,
2246 2075 2429 2128 Auster
2458 2093 2469 2128 :
2498 2079 2660 2148 perﬂa
2682 2079 2884 2133 hortum
2907 2089 3072 2145 tuum,
3098 2090 3143 2133 et
3167 2080 3393 2150 deﬂuent
3419 2089 3681 2150 unguenta

2083 2181 2193 2218 mea
2225 2165 2399 2235 (Cant.
2433 2184 2504 2233 ιν,
2535 2169 2641 2241 16).
2671 2172 3010 2243 Exsurgente
3030 2173 3177 2226 enim
3204 2187 3433 2243 nequam
3459 2173 3677 2242 spiritu,

2085 2259 2290 2313 resistit
2319 2261 2558 2330 Spiritus
2585 2273 2828 2330 sanctus,
2861 2266 2951 2336 qui
2980 2265 3193 2320 Domini
3221 2270 3435 2320 hortum
3464 2264 3680 2337 perﬂat,

2082 2361 2133 2403 et
2163 2351 2438 2407 eliciuntur
2467 2366 2744 2428 unguenta,
2800 2357 2850 2411 id
2881 2367 2989 2425 est,
3039 2358 3178 2412 odor
3204 2359 3492 2414 suavitatis
3520 2357 3682 2412 υσεν-

2084 2449 2189 2497 tur.
2237 2444 2306 2500 Et
2351 2461 2447 2516 per
2479 2448 2847 2516 Ezechielem,
2902 2451 3046 2506 idem
3091 2466 3159 2506 ex
3208 2451 3458 2522 reliquiis
3496 2449 3682 2522 populi

2083 2538 2209 2592 mali
2236 2538 2315 2593 sic
2341 2539 2474 2595 dicit
2507 2543 2668 2606 Deus,
2709 2544 2967 2599 adducere
3013 2562 3165 2617 super
3200 2546 3449 2617 populum
3489 2561 3677 2612 suum,
3741 2581 3751 2588 -

2081 2639 2288 2698 partem
2323 2632 2565 2701 ejusdem
2597 2636 2809 2706 populi,
2842 2637 2988 2707 quod
3015 2649 3100 2692 est
3129 2637 3448 2709 mySterittm
3473 2637 3682 2692 facino-

2081 2718 2158 2773 ris
2188 2739 2200 2775 :
2234 2719 2370 2776 Ecce
2423 2740 2517 2795 ego
2554 2742 2710 2797 super
2755 2737 2802 2780 te
2841 2725 2986 2800 Gog,
3041 2729 3325 2798 principem
3378 2727 3589 2780 Motoclt
3631 2735 3679 2780 et

2078 2811 2238 2868 Tobel
2271 2831 2289 2868 :
2319 2825 2369 2870 et
2395 2819 2712 2889 congregubo
2752 2829 2818 2884 te,
2849 2830 2895 2872 et
2925 2819 3186 2872 adducant
3231 2829 3299 2884 te,
3342 2829 3388 2872 et
3417 2835 3606 2891 ponam
3630 2828 3679 2874 te

2077 2923 2108 2958 a
2139 2907 2415 2963 novissimo
2456 2911 2732 2979 Aquilone,
2784 2923 2832 2964 et
2876 2915 3131 2965 adducant
3179 2929 3331 2982 super
3361 2920 3407 2966 te
3453 2921 3678 2966 montem

2077 2997 2246 3054 Israel
2269 3016 2287 3054 :
2310 3010 2357 3054 et
2385 3002 2600 3073 perdam
2629 3020 2809 3058 arcum
2837 3005 2900 3059 de
2933 3021 3087 3057 manu
3115 3014 3202 3058 tua
3222 3005 3454 3070 sinistra,
3499 3014 3547 3058 et
3590 3021 3679 3057 sa-

2075 3095 2228 3164 gittas
2257 3109 2370 3151 tuas
2400 3098 2464 3151 de
2494 3115 2649 3152 manu
2675 3098 2908 3163 dextera,
2935 3110 2980 3153 et
3012 3100 3252 3170 dejiciam
3284 3109 3331 3153 te
3359 3115 3512 3172 super
3530 3115 3678 3153 mon-

373 3187 586 3243 Domini
634 3194 802 3247 onmis
853 3204 990 3246 terra
1037 3210 1055 3248 :
1097 3195 1338 3264 quoniam
1386 3193 1619 3264 exsurgit
1659 3192 1724 3246 de
1753 3189 1971 3244 nubibus
2000 3185 2048 3249 C
2078 3198 2150 3244 tes
2179 3189 2348 3247 Israel
2378 3191 2595 3266 (Ezecli.
2633 3210 2817 3260 xxxix,
2857 3195 2996 3262 1-1).
3050 3195 3162 3249 11οε
3211 3206 3393 3249 autem
3444 3194 3674 3265 geritur,

368 3284 562 3336 sanctis
585 3282 759 3356 (Psal.
783 3301 952 3351 χλιιι,
994 3286 1072 3356 8).
1111 3285 1336 3351 lterum,
1367 3285 1584 3339 nubibus
1606 3284 1882 3349 mandabo,
1913 3299 1976 3335 ne

366 3375 552 3442 pluunt
573 3392 729 3442 super
759 3393 872 3430 eam
895 3377 1103 3432 imbrem
1133 3377 1267 3450 (Isa.
1305 3395 1359 3441 ν,
1417 3378 1492 3448 b).
1528 3376 1735 3432 lterum
1765 3394 1780 3432 :
1814 3375 1971 3429 Nim-

367 3469 462 3523 bus
483 3479 535 3524 et
565 3469 722 3524 nubes
743 3471 795 3524 in
825 3472 1042 3525 circuitu
1071 3475 1182 3544 ejus
1208 3472 1225 3544 (
1253 3469 1400 3526 Psal.
1443 3486 1584 3537 xcvr,
1617 3469 1696 3542 ἓ).
1733 3471 1802 3524 Et
1828 3467 1969 3536 quod

366 3560 421 3616 in
457 3571 642 3617 monte
686 3563 813 3620 Sion
858 3565 1088 3633 habitet,
1135 3569 1216 3620 slc
1243 3565 1375 3619 dicit
1419 3583 1432 3618 :
1466 3563 1817 3636 Cognoscetis,
1849 3567 1970 3632 quia

366 3675 465 3731 ego
491 3675 606 3712 sun.
632 3657 887 3713 Dominus
918 3657 1052 3714 Deus
1076 3671 1256 3724 vester,
1300 3659 1540 3712 habitans
1566 3660 1620 3712 in
1641 3657 1770 3712 Sion
1798 3665 1971 3711 monte

364 3764 545 3806 sancto
575 3769 686 3806 meo
713 3751 932 3824 (Ezech.
991 3769 1152 3817 xxxv,
1202 3751 1276 3823 5).
1315 3752 1385 3806 Ει
1415 3751 1669 3806 diabolus
1699 3751 1752 3804 in
1785 3759 1969 3804 monte

365 3844 546 3909 sedet,
590 3845 685 3900 sed
713 3845 855 3909 Scir,
886 3849 975 3918 qui
1003 3856 1088 3902 est
1115 3847 1280 3912 Esau,
1319 3848 1368 3901 id
1397 3857 1501 3912 cst,
1533 3846 1759 3902 fratrum
1793 3845 1969 3900 malo-

363 3953 488 3992 rum
524 3957 536 3991 :
567 3955 726 4009 quem
757 3949 995 3995 montem
1021 3942 1160 3996 Deus
1195 3943 1436 4010 increpat
1466 3957 1562 4011 per
1595 3941 1962 4006 Ezechielem,

356 4039 421 4084 et
451 4029 584 4085 dicit
611 4032 663 4086 in
692 4032 879 4088 laetitia
913 4033 1185 4090 universae
1215 4045 1372 4088 terrm
1399 4034 1794 4098 desolaturum,
1821 4033 1963 4104 quod

359 4122 653 4178 adversum
675 4123 843 4179 lsracl
870 4125 1187 4181 inimicitias
1209 4139 1484 4182 exerceat.
1521 4127 1638 4196 Ipse
1666 4135 1750 4182 est
1780 4142 1962 4192 mons,

361 4214 470 4284 ipsi
503 4226 717 4271 montes
746 4217 1053 4286 Aquilonis.
1089 4218 1144 4272 in
1175 4218 1256 4273 bis
1280 4218 1532 4273 diabolus
1563 4219 1745 4284 sedet;
1772 4229 1820 4274 et
1861 4236 1960 4273 uu-

361 4308 513 4362 bimn
544 4310 663 4363 creli
688 4309 856 4364 veluti
902 4311 1238 4366 dominatur.
1300 4312 1596 4375 Haetenus,
1647 4330 1700 4366 se
1745 4315 1962 4367 similent

362 4399 489 4453 dicit
514 4398 765 4456 altissimo
794 4399 931 4472 (Isa.
965 4419 1072 4469 xlv,
1111 4404 1224 4474 14).
1256 4405 1382 4458 Dum
1404 4414 1528 4459 sunt
1554 4416 1741 4476 partes
1771 4409 1822 4459 in
1857 4406 1961 4459 Ec-

361 4491 552 4556 clesia,
581 4493 756 4548 Austri
779 4503 830 4548 et
870 4494 1160 4564 Aquilonis,
1194 4496 1244 4550 id
1272 4504 1379 4561 est,
1413 4497 1710 4552 Meridiaua
1743 4505 1799 4552 et
1825 4497 1960 4566 Sep-

2077 3300 2106 3338 a
2141 3283 2391 3354 passione
2424 3286 2637 3340 Domini
2673 3304 2683 3338 :
2719 3288 3078 3356 quoadusque
3120 3288 3186 3341 tle
3215 3286 3399 3342 medio
3427 3286 3674 3357 ejusdem

2076 3375 2323 3446 mysterii
2372 3376 2630 3431 facinoris
2675 3377 2924 3434 di~cedat
2957 3379 3225 3442 Ecclesia,
3259 3395 3377 3449 qua:
3408 3379 3672 3444 detineat.

2075 3479 2131 3522 ut
2165 3470 2216 3523 in
2251 3477 2512 3540 «tempore
2551 3486 2650 3526 suo
2701 3472 2989 3541 delegatur
3029 3472 3304 3542 impietas,
3353 3473 3498 3528 sicut
3547 3472 3678 3528 dicit

2073 3561 2368 3630 Apostolus
2410 3561 2524 3616 :Et
2572 3580 2706 3616 nunc
2752 3565 2876 3634 quid
2918 3564 3167 3628 detineat,
3217 3565 3379 3630 scitis,
3413 3575 3466 3618 ut
3495 3565 3548 3618 in
3579 3580 3672 3618 suo

2071 3664 2298 3726 tempore
2321 3656 2587 3728 delegatur
2616 3674 2635 3711 :
2665 3657 2969 3728 Mysterium
3001 3659 3132 3713 enim
3161 3659 3264 3726 jam
3306 3676 3443 3714 nunc
3491 3676 3672 3730 apera-

2070 3759 2154 3803 tur
2177 3752 2465 3822 iniquitatis
2493 3767 2511 3805 :
2537 3762 2760 3817 tantum,
2797 3763 2849 3806 ut
2886 3754 2974 3823 qui
3006 3754 3238 3808 detinens
3275 3753 3466 3808 detinet
3492 3755 3666 3819 modo,

2069 3844 2228 3898 donec
2275 3845 2337 3897 de
2384 3846 2552 3899 medio
2595 3846 2710 3914 ﬁat.
2767 3845 2830 3899 Et
2875 3857 2994 3899 tunc
3021 3845 3333 3900 revelabitur
3363 3847 3452 3900 ille
3478 3847 3668 3912 impius

2067 3937 2151 4010 (ll
2178 3937 2358 3993 Thess.
2396 3955 2454 4003 It,
2493 3939 2655 4012 6-8).
2691 3938 2756 3993 Et
2797 3941 2846 3993 in
2881 3939 3153 3995 Hieremia
3185 3933 3442 4008 legimus,
3477 3953 3671 4009 pecca-

2069 4042 2214 4087 tores
2236 4032 2402 4088 lsrael
2427 4034 2478 4086 in
2502 4032 2777 4103 Aquilone
2799 4034 3120 4097 coiiveuire,
3153 4034 3385 4088 Domino
3407 4031 3625 4088 dicente
3653 4050 3665 4086 :

2073 4126 2219 4181 Vade
2263 4139 2308 4179 et
2357 4127 2464 4198 lege
2507 4143 2766 4180 sermones
2812 4129 2939 4181 istos
2983 4129 3051 4179 ad
3081 4128 3421 4194 Aquilonem,
3455 4136 3502 4180 et
3533 4125 3617 4180 dic
3649 4141 3669 4181 :

2066 4218 2372 4272 Convertere
2393 4221 2462 4271 ad
2485 4235 2583 4281 nte,
2613 4219 2797 4272 domus
2824 4218 3008 4281 Israel,
3031 4219 3155 4271 dicit
3181 4217 3430 4272 Dominus
3449 4217 3664 4287 (Jerem.

2064 4327 2143 4377 ιιι,
2177 4313 2256 4381 5).
2301 4312 2657 4365 Meridiauum
2699 4327 2830 4364 vero
2863 4327 2987 4379 pars
3017 4322 3102 4365 est
3138 4310 3391 4374 Domini;
3443 4309 3581 4363 sicut
3613 4319 3669 4362 ιιι

2065 4405 2117 4457 in
2147 4402 2250 4458 Job
2289 4403 2554 4471 scriptum
2585 4413 2671 4458 est
2703 4420 2716 4457 :
2760 4403 2805 4455 A
2854 4401 3145 4456 meridiana
3189 4413 3336 4471 parte
3361 4401 3668 4470 germinabit

2063 4496 2132 4549 ibi
2160 4496 2260 4549 vita
2308 4494 2469 4566 (Job.
2501 4511 2573 4557 xl,
2612 4497 2671 4549 l7
2773 4495 2972 4564 Aquilo
3013 4493 3217 4548 diaboli
3249 4513 3263 4548 :
3297 4493 3540 4564 Utraque
3571 4509 3668 4547 nu-

365 4585 732 4639 teotrionalis.
788 4585 842 4638 lu
890 4597 1042 4655 parte
1087 4588 1411 4651 meridiana,
1462 4588 1723 4643 Dominus
1755 4600 1954 4643 tnauet.
1987 4565 2038 4625 Ῑ)
2067 4596 2171 4640 tein
2209 4601 2354 4656 pars,
2389 4587 2438 4639 in
2469 4594 2582 4640 toto
2607 4585 2833 4639 mundo.
2867 4584 3178 4649 Ascendam,
3221 4583 3417 4654 inquit,
3461 4585 3619 4639 nubes
3649 4600 3668 4638 :

363 4675 636 4745 Scriptum
678 4687 804 4733 est:
839 4677 938 4734 Ubi
987 4682 1175 4750 pascis,
1227 4681 1311 4734 ubi
1352 4698 1527 4736 manes
1564 4683 1615 4736 in
1673 4683 1958 4737 meridiano

366 4765 556 4838 (Cant.
605 4785 644 4835 ι,
687 4769 787 4842 6)?
836 4771 1092 4828 Diabolus
1123 4789 1277 4837 vero,
1321 4776 1374 4829 in
1404 4775 1764 4845 Aquilonem,
1815 4778 1960 4830 sicut

360 4858 508 4913 Deus
532 4861 662 4916 dicit
701 4863 907 4933 populo
935 4879 1034 4918 suo
1078 4883 1092 4920 :
1123 4863 1283 4920 Illum
1312 4883 1590 4938 persequar
1620 4867 1682 4920 ab
1705 4869 1960 4937 Aquilone

361 4967 391 5002 a
414 4950 570 5015 vobis,
603 4962 650 5008 et
675 4954 932 5026 expellam
957 4957 1105 5011 illum
1123 4958 1176 5012 in
1201 4967 1337 5012 terra
1362 4960 1473 5013 sine
1501 4975 1658 5030 aqua,
1690 4960 1741 5014 id
1770 4972 1874 5025 est,
1905 4962 1956 5016 in

361 5060 530 5111 suos;
577 5056 626 5099 et
674 5049 1017 5104 exterminabo
1066 5053 1254 5121 faciem
1302 5053 1414 5122 ejus
1463 5053 1516 5106 in
1547 5069 1688 5108 mare
1716 5057 1956 5124 primum,

360 5149 409 5192 et
445 5141 729 5211 posteriora
755 5145 869 5216 ejus
913 5143 966 5198 in
994 5160 1138 5198 mare
1183 5145 1534 5212 novissimum,
1581 5147 1726 5217 quod
1774 5156 1858 5202 est
1909 5148 1959 5200 in

356 5235 595 5304 papulos
637 5235 847 5304 primos
877 5245 934 5291 et
964 5237 1298 5293 novissimos
1341 5237 1502 5310 (Joel.
1532 5255 1608 5306 ιι,
1645 5239 1756 5309 10).
1785 5239 1962 5294 lnstar

357 5324 640 5392 Ecclesiaz,
686 5326 987 5384 fabricatus
1031 5341 1115 5385 est
1165 5331 1268 5386 iste
1307 5331 1581 5399 mundus,
1632 5334 1683 5388 in
1735 5349 1842 5402 quo
1867 5332 1962 5388 Sol

355 5416 568 5483 oriens,
601 5433 708 5472 non
753 5419 857 5476 uisi
888 5437 986 5491 per
1023 5421 1305 5492 Austrum,
1351 5425 1406 5480 id
1451 5435 1560 5492 est,
1591 5426 1955 5482 meridianum

357 5509 468 5564 iter
505 5509 706 5577 habet;
755 5522 812 5566 et
853 5512 1083 5570 decursa
1137 5514 1380 5572 Australi
1439 5529 1616 5587 parte,
1667 5519 1960 5574 invisibilis

358 5603 509 5658 vadit
531 5604 586 5659 in
629 5605 809 5661 locum
841 5622 999 5663 suum
1031 5610 1273 5666 rediens.
1307 5611 1396 5667 Sic
1424 5624 1478 5666 et
1513 5613 1774 5668 Dominus
1819 5613 1960 5669 Deus

356 5705 551 5750 noster
578 5695 738 5753 Jesus
781 5697 1070 5764 Christus,
1119 5702 1212 5756 Sol
1260 5712 1501 5758 internus
1551 5715 1762 5775 partem
1806 5721 1958 5760 suam

360 5791 662 5859 percurrit,
687 5793 830 5848 unde
850 5802 904 5848 et
926 5795 1287 5854 meridianum
1312 5807 1491 5853 vocat.
1516 5798 1772 5870 Aquiloni
1806 5814 1957 5860 Vero.

2065 4695 2154 4733 ero
2179 4679 2362 4732 similis
2390 4677 2677 4733 Altissimo.
2713 4675 2869 4731 Nunc
2897 4685 3067 4730 autem
3090 4677 3157 4730 ad
3175 4676 3372 4747 inferos
3394 4675 3668 4732 descendes

2064 4771 2116 4825 in
2172 4772 2510 4843 fundamenta
2562 4781 2732 4826 teme.
2789 4771 2893 4838 Qui
2939 4771 3164 4824 viderint
3213 4779 3291 4834 te,
3345 4771 3667 4825 mirabuntur

2063 4880 2223 4931 super
2243 4876 2309 4927 te,
2341 4874 2386 4918 et
2414 4865 2628 4918 dicent:
2669 4863 2768 4917 llic
2811 4875 2886 4917 est
2915 4865 3066 4918 liomo
3088 4865 3176 4930 qui
3207 4866 3428 4918 concitat
3449 4874 3662 4928 terram,

2063 4966 2343 5010 commovet
2366 4972 2530 5027 reges,
2555 4957 2645 5024 qui
2667 4957 2810 5022 partit
2829 4955 3003 5009 orbem
3025 4965 3178 5010 terra?
3198 4967 3361 5011 totum
3384 4957 3662 5011 desertum.

2137 5047 2408 5116 Numquid
2464 5048 2515 5100 in
2546 5048 2820 5102 diabolum
2873 5049 3152 5112 convenit,
3207 5049 3307 5115 Qui
3346 5049 3565 5102 viderint
3594 5059 3662 5112 te,

2065 5141 2389 5196 mirabuntur
2440 5157 2592 5211 super
2641 5141 2726 5196 te?
2762 5143 2868 5196 Aut
2925 5143 2975 5196 in
3032 5157 3214 5213 regem
3265 5143 3661 5206 novissimum,

2066 5249 2185 5288 cum
2231 5232 2299 5286 ad
2354 5233 2546 5304 inferos
2599 5232 2917 5288 descendes?
2969 5233 3090 5303 lpso
3142 5234 3288 5288 enim
3339 5233 3405 5288 ad
3456 5232 3664 5288 inferos

2067 5327 2457 5391 descendente,
2514 5342 2620 5382 non
2672 5329 2781 5382 erit
2823 5327 2916 5397 qui
2963 5327 3214 5394 miretur,
3260 5327 3459 5382 mundo
3489 5324 3661 5379 finito.

2067 5425 2184 5480 Non
2205 5423 2347 5480 enim
2378 5421 2562 5476 dicent
2589 5439 2602 5474 :
2635 5420 2737 5476 Hic
2763 5434 2836 5477 est
2859 5425 3012 5478 homo
3033 5426 3120 5496 qui
3149 5425 3423 5480 concitavit
3446 5434 3660 5488 terram,

2063 5534 2237 5590 reges,
2287 5527 2335 5570 et
2381 5517 2553 5586 posuit
2601 5517 2774 5570 orbem
2824 5529 2975 5573 terra:
3018 5527 3186 5572 totum
3229 5518 3486 5571 desertum
3517 5533 3536 5571 :
3562 5515 3664 5572 sed

2063 5611 2266 5676 incitat,
2315 5619 2360 5665 et
2404 5619 2682 5666 commovet
2719 5621 2764 5665 et
2793 5613 2958 5681 ponit.
2995 5610 3280 5666 llooniucm
3311 5610 3456 5666 enim
3490 5618 3662 5668 totum

2064 5718 2261 5774 corpus
2289 5701 2426 5758 dicit
2456 5713 2562 5758 tam
2592 5705 2643 5759 in
2686 5704 2908 5775 regibus
2936 5719 3096 5774 quam
3131 5704 3184 5759 in
3217 5703 3435 5774 populis
3461 5723 3474 5761 :
3506 5705 3665 5776 cujus

2069 5796 2306 5852 hominis
2353 5797 2572 5868 superbi
2619 5807 2832 5867 partem
2879 5811 3003 5854 cum
3035 5796 3178 5855 Deus
3222 5795 3480 5870 percutit,
3511 5807 3567 5856 et
3591 5797 3660 5854 ad
