4176 6184
479 300 550 354 51)
1878 297 2090 358 τιοιια

2218 301 2384 358 AFRI
3707 314 3774 368 6i)

482 412 684 467 inferos
715 411 934 484 dejieit,
967 412 1202 468 dicimus
1248 431 1262 467 :

482 517 695 571 terram,
747 519 1024 562 commouet
1051 524 1217 578 reges,
1263 507 1476 562 scilicet
1505 517 1721 562 sanctos
1752 523 1767 561 :
1804 507 1909 576 Qui
1934 509 2080 579 ponit

486 602 657 656 orbem
703 613 853 657 terra
892 613 1052 656 totum
1083 602 1341 657 desertum
1381 600 1770 656 :irrideutium
1812 617 1918 660 vox
1973 611 2079 668 est,

487 709 593 748 non
621 694 1083 761 conﬁrmantium,
1107 695 1244 748 sicut
1266 695 1335 749 ibi
1369 711 1382 747 :
1415 693 1518 760 Qui
1544 694 1782 750 dissolvit
1810 696 2078 769 templum,

483 795 538 841 et
583 787 754 840 triduo
783 787 920 840 illud
967 788 1186 841 suscitat
1215 785 1409 856 (Marc.
1435 802 1522 851 xv,
1555 785 1670 858 29).
1721 786 1867 842 Dixit
1896 789 2034 842 enim
2063 802 2082 844 :

489 877 873 933 Fortitudinem
917 880 1126 950 faciant,
1173 886 1219 932 et
1258 878 1566 947 sapientiam
1605 879 1914 934 intellectus.
1966 879 2086 933 Au-

488 975 652 1043 feram
697 972 939 1026 terminos
993 972 1299 1037 nationum,
1368 979 1416 1024 et
1468 971 1823 1042 fortitudinem
1873 970 2084 1025 illarum

489 1064 698 1120 t'astabo
731 1105 745 1128 ,
789 1073 837 1117 et
886 1064 1232 1117 comminuam
1279 1061 1508 1120 civitates
1545 1079 1661 1117 cum
1687 1063 2034 1120 habitantibus
2065 1079 2086 1120 :

487 1167 535 1210 et
585 1165 742 1210 (olunt
787 1155 957 1210 orbem
997 1154 1433 1226 comprehendam
1475 1171 1664 1222 manu,
1713 1156 1849 1209 velut
1883 1155 2082 1223 nidum,

492 1260 538 1302 et
592 1248 726 1302 relut
788 1263 881 1302 ova
935 1247 1180 1302 derelicta
1236 1247 1471 1316 auferam
1503 1287 1519 1312 ,
1593 1256 1639 1301 et
1685 1263 1790 1300 non
1851 1248 1948 1303 erit
1997 1247 2086 1313 qui

489 1329 704 1413 aﬂugiat
744 1356 824 1394 me
848 1381 863 1405 ,
918 1348 1008 1395 aut
1047 1339 1369 1395 contradicat
1409 1338 1536 1394 mihi
1575 1337 1720 1411 (Isa.
1763 1356 1820 1404 ι,
1854 1341 1942 1405 15,
1972 1338 2080 1408 Η).

485 1431 763 1502 Numquid
819 1432 920 1488 ista
962 1448 1083 1499 qua:
1126 1431 1233 1487 sibi
1279 1432 1570 1502 promittit,
1619 1432 1766 1488 valet
1817 1431 2088 1501 impleret

485 1525 647 1582 Ponit
675 1524 900 1595 quidem
945 1525 1116 1580 orbem
1149 1533 1297 1579 terra:
1348 1532 1511 1577 totum
1567 1523 1842 1589 desertum,
1877 1522 1972 1578 sed
1997 1538 2088 1578 oro

488 1618 614 1675 hem
647 1632 824 1673 suum.
854 1615 1094 1671 Civitates
1116 1626 1284 1669 autem
1319 1615 1592 1680 destruxit,
1618 1616 1806 1685 utique
1855 1616 1938 1672 sui
1993 1631 2085 1670 or.

493 1713 598 1768 his.
651 1713 748 1768 Est
801 1713 947 1767 enim
1001 1711 1293 1781 inpertitus
1325 1752 1341 1778 ,
1390 1710 1611 1766 mobilis
1640 1720 1695 1766 et
1747 1711 2086 1766 immobilis:

487 1808 628 1862 sicut
660 1805 1119 1876 Paralipomenon
1154 1819 1166 1857 :
1215 1802 1614 1859 Commoveatur
1639 1820 1671 1858 a
1721 1805 1854 1874 facie
1879 1802 2091 1859 Domini

490 1903 657 1957 amnis
711 1911 866 1954 terra.
902 1898 1109 1954 Etenim
1157 1899 1396 1968 fundavit
1434 1899 1607 1952 orbem
1652 1909 1824 1961 term,
1855 1899 1944 1968 qui
1986 1916 2087 1953 non

1309 412 1412 467 Hic
1456 422 1530 468 est
1577 412 1731 468 homo
1771 416 1860 484 qui
1897 416 2078 469 incitat
2104 419 2156 479 Α
2182 432 2281 488 pro
2309 417 2446 473 locis
2501 419 2909 476 observandum
2964 432 3068 478 est.
3100 423 3305 479 lterum
3354 441 3556 495 corpus
3608 429 3778 499 ipsius

2187 511 2392 566 diaboli
2440 514 2697 570 convenit
2721 515 2910 571 dicens
2936 533 2950 570 :
2985 516 3255 584 Quomodo
3285 522 3466 575 venisti
3489 523 3514 576 .’
3536 523 3666 578 sicut
3693 539 3778 578 ue-

2188 605 2484 660 stimentum
2523 609 2774 677 sanguine
2799 625 3132 675 conspersum
3165 628 3266 666 non
3299 624 3370 668 est
3403 617 3676 681 mundum,
3703 618 3777 673 its

2189 713 2280 751 nec
2312 709 2367 751 tu
2397 700 2497 752 eris
2525 701 2753 754 mundus
2779 719 2798 756 :
2826 701 2950 773 quia
2989 712 3177 757 terram
3208 721 3373 759 meam
3411 707 3700 775 perdidisti,
3729 719 3777 766 et

2188 789 2385 859 plebem
2410 807 2574 844 meam
2604 793 2855 847 occidisti.
2891 793 3015 850 Non
3034 798 3136 850 eris
3176 798 3230 851 in
3277 810 3526 853 aeternum
3554 811 3772 869 tempus,

2187 896 2357 936 semen
2379 899 2634 954 nequam:
2655 901 2800 954 para,
2820 886 2959 955 ﬁlios
2987 896 3100 942 tuos
3122 890 3350 960 interfice
3380 893 3598 958 peccatis
3617 894 3778 965 patris

2189 975 2285 1039 tui,
2317 984 2374 1029 ut
2393 993 2495 1030 non
2524 989 2791 1047 resurgant
2820 977 2979 1046 (Isat'.
3015 995 3128 1044 xw,
3163 981 3357 1045 10-21,
3381 1000 3483 1038 sec.
3514 985 3659 1050 ιιι).
3684 986 3779 1040 llic

2189 1068 2427 1123 ostendit
2451 1083 2557 1124 non
2580 1071 2883 1127 convenire
2903 1073 2958 1127 in
2991 1075 3254 1143 speciem.
3285 1074 3401 1131 Rex
3431 1076 3572 1130 enim
3607 1077 3781 1149 Baby-

2188 1161 2350 1226 lonis,
2385 1161 2477 1232 qui
2500 1171 2700 1218 terram
2726 1165 2940 1220 Domini
2972 1167 3230 1233 vasmvit,
3256 1177 3312 1223 et
3343 1171 3602 1237 populum
3632 1172 3781 1226 occi-

2189 1251 2293 1318 dit,
2324 1255 2376 1308 id
2399 1265 2505 1320 est,
2537 1254 3047 1314 Nabuchodonosor
3077 1260 3309 1314 mundus
3340 1263 3495 1326 obiit,
3526 1263 3577 1316 in
3627 1278 3784 1319 atter-

2194 1361 2322 1402 num
2344 1348 2504 1402 vivit:
2529 1351 2747 1420 corpori
2771 1351 2900 1406 dicit
2921 1353 3003 1407 sui
3025 1354 3287 1425 cujusque
3307 1356 3568 1424 temporis
3596 1375 3783 1426 parare

2190 1454 2329 1508 quos
2351 1441 2621 1509 genuerit,
2655 1442 2890 1498 iuterlici
2944 1447 3182 1514 peccatis
3229 1447 3348 1516 ejus
3387 1464 3494 1517 quo
3524 1450 3660 1520 ipse,
3693 1451 3783 1520 qui

2192 1533 2518 1588 convenitur
2544 1533 2783 1603 genitus.
2821 1535 3166 1592 Novissimus
3193 1539 3336 1592 enim
3367 1556 3458 1594 rex
3484 1555 3587 1593 non
3624 1541 3782 1608 tilias,

2192 1628 2287 1683 sed
2322 1628 2516 1684 fratres
2539 1629 2742 1686 habere
2773 1640 2970 1701 potest.
2997 1632 3182 1703 Neque
3207 1635 3339 1689 velut
3387 1647 3619 1689 mortuus
3661 1651 3784 1692 cum

2192 1721 2258 1776 ad
2300 1721 2508 1777 inferos
2555 1723 2934 1790 descenderit,
2966 1725 3061 1781 sed
3091 1736 3345 1780 mortuus.
3383 1729 3486 1782 l‘er
3529 1727 3784 1783 Ezechie-

2193 1817 2298 1872 iem
2330 1818 2411 1872 sic
2461 1817 2603 1874 Deus
2651 1819 2899 1890 increpat
2925 1836 3107 1890 regem
3137 1821 3263 1892 Tyri
3293 1839 3306 1876 :
3340 1821 3593 1887 Quoniam
3647 1823 3788 1876 exal-

2193 1919 2358 1964 tatum
2401 1920 2475 1964 est
2506 1927 2595 1964 cor
2629 1921 2808 1976 tuum,
2861 1921 2908 1966 et
2943 1912 3124 1968 dixisti
3147 1928 3166 1967 :
3205 1911 3346 1967 Deus
3388 1929 3481 1984 ego
3539 1912 3787 1978 sumJta-

491 1995 911 2050 commovebitur.
961 1992 1323 2063 Abductosque
1361 2008 1464 2047 non
1509 1992 1662 2046 solvit
1721 1992 1764 2064 (ι
1810 1991 1941 2047 Par.
1971 2009 2086 2059 XVI.
2123 2001 2440 2104 Bbitatione
2508 2001 2604 2056 Dei
2648 2003 2874 2058 Itabt'tam'
2917 2006 2971 2058 in
3029 2006 3211 2060 ordine
3265 2005 3442 2060 maris.
3497 2004 3574 2058 Tu
3621 2017 3788 2061 autem

491 2089 596 2153 50;
633 2089 722 2142 Ps.
753 2103 876 2152 xcv,
906 2088 984 2157 9).
1024 2088 1232 2152 Potest,
1279 2087 1476 2156 inquit,
1508 2087 1563 2143 in
1614 2086 1855 2157 speciem
1887 2102 2084 2142 conve-

491 2183 611 2239 nire
636 2199 651 2248 ;
677 2181 822 2252 quod
865 2181 1101 2251 captivis
1132 2181 1184 2234 in
1207 2180 1358 2237 nullo
1386 2180 1716 2248 reiaxasset,
1746 2180 1845 2235 sed
1869 2181 2092 2235 inimicis

492 2285 707 2345 raptum
741 2277 1044 2337 aestimans,
1067 2275 1357 2346 principali
1384 2283 1497 2328 tota
1524 2275 1578 2328 in
1605 2289 1700 2330 eos
1723 2283 1969 2328 uteretur
1998 2289 2094 2343 po-

496 2379 716 2426 testate.
765 2369 922 2437 Quod
953 2368 1206 2439 objurgat
1256 2369 1420 2433 Deus,
1468 2368 1700 2426 dicens:
1737 2367 1843 2438 Ego
1884 2368 2093 2440 quidem

493 2466 659 2520 iratus
704 2481 818 2519 sum
873 2463 1072 2517 modice
1112 2461 1262 2532 :ipsi
1298 2471 1473 2517 autem
1516 2463 1814 2532 adjecerunt
1859 2462 1913 2516 in
1954 2462 2093 2516 mala

492 2557 684 2631 (Zach.
719 2573 756 2624 t,
794 2555 906 2629 15).
938 2555 1332 2612 Verumtamen
1366 2555 1417 2609 in
1449 2554 1677 2626 ﬁguram
1721 2553 2094 2624 generalitatis

494 2650 636 2706 facta
668 2661 723 2706 et
752 2649 896 2706 dicta
928 2659 1073 2715 sunt,
1111 2660 1164 2704 et
1196 2648 1562 2718 spiritualitcr
1593 2647 1892 2719 implentur
1921 2645 2092 2703 :dum

495 2745 549 2799 hi
579 2745 667 2812 qui
694 2743 1068 2809 dominantur,
1104 2741 1431 2798 humilitatis
1480 2740 1736 2798 subditos
1784 2750 1879 2795 aut
1921 2749 2096 2796 tentu-

494 2838 663 2893 tionis
695 2851 862 2895 causa
912 2837 995 2892 vel
1045 2836 1244 2892 merito
1273 2835 1376 2890 sibi
1411 2834 1657 2891 subditos
1683 2835 1802 2890 sine
1841 2841 2093 2905 respectu

495 2934 721 3006 pietatis
751 2942 914 3002 atque
953 2931 1260 2987 communis
1291 2929 1622 2986 conditionis
1674 2927 1945 2999 afﬂigunt,
1977 2927 2098 2999 qui-

497 3029 598 3084 bus
631 3043 738 3082 non
791 3025 990 3081 sulllcit
1042 3034 1304 3095 potestas,
1337 3023 1433 3078 sed
1465 3037 1528 3080 ea
1561 3020 1974 3078 immoderatius
2017 3018 2094 3076 uti

495 3127 883 3181 contemnunt,
912 3117 1053 3186 quod
1085 3118 1290 3182 culpat,
1327 3116 1516 3170 dicens
1549 3132 1562 3169 :
1597 3113 1972 3183 Pcrsequentes
2007 3130 2094 3168 rs-

495 3211 820 3264 tributionem
845 3207 1002 3280 (Isai.
1031 3223 1067 3272 ι,
1101 3207 1218 3278 25).
1253 3207 1318 3262 Ει
1345 3207 1573 3262 iterum:
1610 3205 1855 3261 Extendit
1884 3221 2095 3261 manuus

494 3318 644 3354 suam
679 3303 724 3355 ei
764 3301 818 3353 in
850 3299 1178 3353 retribrendo
1206 3298 1328 3370 (Ps.
1355 3299 1597 3369 uvﬂi).
1617 3298 1813 3354 Parum
1841 3307 1926 3354 est
1945 3299 2091 3354 enim

494 3392 640 3462 quod
691 3391 946 3446 inimicus
997 3390 1330 3457 cst;adituc
1382 3392 1547 3462 gestit
1593 3401 1646 3447 et
1704 3394 1758 3446 in
1815 3393 2090 3452 subditum

495 3486 793 3552 vindicare,
828 3486 967 3541 sicut
994 3488 1256 3556 scriptum
1289 3496 1372 3542 est
1399 3503 1412 3540 :
1449 3485 1640 3540 Omnes
1671 3487 1901 3541 subditos
1951 3487 2091 3544 vobis

492 3581 860 3652 compungitis.
914 3580 1274 3634 Dissitnulans
1320 3580 1502 3635 odisse
1564 3581 1877 3648 Dominum,
1911 3581 2093 3637 inluti-

495 3689 617 3729 cum
671 3683 728 3729 et
778 3673 1171 3728 vindicatorcm
1206 3690 1217 3726 :
1252 3675 1397 3743 quod
1449 3691 1544 3743 per
1599 3676 1892 3732 vindictam
1924 3692 2090 3748 quam

493 3767 596 3822 soli
622 3768 721 3822 sibi
747 3768 885 3822 Deus
914 3767 1250 3836 exceptavit,
1287 3765 1490 3835 aliquid
1508 3767 1816 3822 sanctitatis
1843 3778 2092 3838 usurpet.

493 3861 765 3930 Scriptum
796 3875 877 3916 est
900 3859 1046 3914 enim
1077 3877 1090 3915 :
1124 3858 1258 3912 Mihi
1284 3858 1650 3926 vindictam,et
1669 3875 1762 3930 ego
1789 3860 2090 3927 retribuam,

495 3955 621 4008 dicit
655 3953 905 4008 Dominus
929 3951 1107 4025 (Rom.
1138 3969 1234 4020 xu,
1271 3953 1378 4022 19).
1404 3951 1595 4006 Omnes
1625 3967 1768 4021 reges
1793 3961 1942 4006 terra
1966 3953 2093 4006 dor-

496 4046 712 4099 mierunt
735 4046 786 4099 in
815 4044 1032 4110 honore,
1064 4048 1216 4098 homo
1273 4045 1325 4098 in
1353 4044 1503 4098 domo
1533 4060 1629 4098 sua
1661 4042 1813 4114 (Isai.
1862 4059 1974 4108 xlv,
2001 4043 2089 4111 i8,

495 4136 611 4206 i9).
649 4136 835 4208 Reges,
869 4149 1090 4193 sanctos
1121 4138 1278 4192 dixit.
1312 4137 1444 4191 Nam
1475 4153 1583 4192 non
1611 4152 1802 4194 omnes
1825 4152 1982 4208 reges
2009 4138 2092 4192 vel

494 4231 689 4300 privati
737 4231 790 4284 in
834 4229 999 4285 domo
1051 4245 1148 4284 sua
1189 4229 1578 4296 dormierunt,
1631 4228 1773 4284 sicut
1828 4230 2002 4285 sancti
2038 4233 2090 4286 in

491 4321 658 4379 domo
691 4322 836 4397 (sua)
868 4339 1028 4394 quam
1062 4323 1404 4393 delegerunt.
1431 4321 1512 4378 Tu
1547 4332 1720 4379 autem
1759 4327 2019 4397 projectus
2040 4340 2094 4381 es

491 4416 545 4469 in
573 4427 764 4472 montes
792 4418 928 4471 velut
973 4427 1199 4472 mortuus
1230 4417 1579 4483 abominatus,
1610 4434 1729 4472 cum
1756 4419 1986 4474 omnibus
2006 4420 2090 4489 qui

493 4509 787 4562 ceciderunt
830 4509 1007 4561 inserti
1050 4507 1224 4576 gladio
1249 4552 1262 4574 ,
1321 4519 1368 4562 et
1417 4509 1731 4563 descendunt
1767 4510 1834 4563 ad
1877 4510 2090 4581 inferos.

497 4598 724 4652 Diaboio
754 4598 908 4661 dicit,
947 4597 1220 4671 Projectus
1247 4615 1299 4652 es
1345 4600 1400 4651 in
1444 4609 1659 4666 montes,
1705 4599 1756 4653 in
1785 4600 1980 4670 quibus
2007 4615 2094 4656 se—

497 4690 608 4745 det.
645 4691 889 4762 Denique
917 4707 1022 4746 non
1055 4692 1192 4745 dixit
1225 4703 1474 4747 tnortuus
1505 4709 1519 4746 :
1552 4693 1650 4749 sed
1687 4694 1823 4748 velut
1861 4705 2095 4751 mortuus

495 4783 838 4838 abominatus.
864 4785 1057 4838 Adhuc
1087 4785 1228 4839 enim
1254 4786 1421 4840 vivit:
1451 4785 1573 4840 licet
1599 4787 1714 4857 ipse
1739 4787 1791 4840 in
1833 4786 1948 4842 suis
1977 4789 2091 4858 gla-

496 4877 589 4932 dio
622 4879 942 4948 perimatur,
971 4886 1026 4934 et
1045 4879 1114 4932 ad
1167 4880 1364 4950 inferos
1410 4879 1703 4937 descendat.
1745 4882 1900 4938 Sicut
1943 4884 2088 4939 enim

2197 2096 2349 2151 homo
2401 2114 2484 2162 es,
2532 2108 2580 2151 et
2636 2115 2737 2151 non
2790 2097 2932 2152 Deus
2964 2115 2982 2153 :
3011 2109 3056 2152 et
3103 2099 3292 2152 dedisti
3341 2115 3430 2152 cor
3473 2108 3617 2153 tuum
3663 2110 3790 2154 tam-

2194 2205 2347 2259 quam
2372 2205 2460 2243 cor
2484 2188 2598 2242 Dei.
2633 2187 2904 2261 Numquid
2923 2193 3205 2262 sapientior
3230 2208 3283 2245 es
3315 2200 3369 2246 tu
3399 2190 3654 2245 Daniele?
3688 2193 3791 2246 Sa-

2197 2280 2392 2347 pientes
2437 2290 2718 2352 arguerunt
2757 2289 2805 2335 te
2843 2283 3097 2353 sapientia
3134 2291 3242 2336 tua.
3281 2280 3549 2351 Numquid
3588 2283 3792 2352 sapien-

2195 2375 2268 2427 tia
2304 2383 2392 2426 tua
2420 2383 2510 2428 aut
2540 2374 2779 2428 doctrina
2806 2385 2894 2430 tua
2944 2375 3114 2446 fecisti
3145 2374 3235 2428 tibi
3261 2375 3497 2428 uirtutem
3519 2386 3568 2428 et
3607 2391 3790 2429 aurmn

2195 2473 2243 2518 et
2274 2474 2542 2537 argentum
2595 2467 2851 2518 thesauris
2905 2467 3046 2520 tuis?
3089 2463 3359 2536 Numquid
3388 2466 3441 2518 in
3479 2464 3638 2520 multa
3666 2465 3792 2520 doc-

2196 2558 2335 2612 trina
2365 2566 2494 2621 tua,
2542 2567 2588 2610 et
2629 2559 2683 2611 in
2732 2569 2960 2612 mercatu
3016 2569 3102 2613 tuo
3147 2559 3504 2629 multiplicasti
3554 2559 3790 2612 uirtutem

2197 2653 2380 2708 tuam?
2411 2651 2699 2722 Propterea
2731 2654 2839 2706 haec
2863 2653 2986 2707 dicit
3015 2649 3270 2706 Dontinus
3293 2667 3312 2706 :
3337 2651 3594 2718 Quoniam
3621 2653 3791 2708 dedis-

2195 2745 2235 2798 ti
2266 2761 2355 2797 cor
2379 2755 2546 2812 tuum,
2579 2745 2712 2798 sicut
2739 2760 2827 2798 cor
2853 2741 2993 2798 Dei:
3017 2754 3228 2815 prapter
3254 2745 3348 2797 hoc
3369 2784 3383 2808 ,
3422 2759 3536 2798 ecce
3577 2759 3672 2816 ego
3707 2746 3788 2798 in-

2197 2839 2333 2891 duco
2356 2853 2512 2906 super
2541 2845 2590 2891 te
2619 2836 2823 2890 alienas
2849 2846 3016 2906 pestes
3045 2853 3108 2892 ea:
3136 2835 3403 2907 gentibus,
3429 2848 3474 2890 et
3496 2836 3790 2891 exinanient

2196 2929 2400 3001 gladios
2423 2938 2539 2983 tuos
2565 2945 2717 3002 super
2741 2938 2788 2982 te
2807 2970 2821 2994 ,
2845 2940 2892 2982 et
2911 2945 3068 3001 super
3089 2929 3323 2983 decorent
3375 2927 3626 2984 doctrina:
3653 2939 3754 2983 tute
3770 2943 3790 2982 :

2197 3031 2246 3074 et
2269 3023 2609 3077 uulnerabunt
2641 3025 2874 3076 decorent
2905 3031 3047 3076 tuum
3073 3023 3127 3076 in
3153 3022 3495 3091 perditionem
3523 3062 3537 3086 ,
3560 3033 3606 3076 et
3632 3023 3787 3092 depo-

2198 3126 2319 3170 nent
2348 3125 2415 3183 te,
2441 3125 2489 3170 et
2515 3117 2750 3170 morieris
2775 3125 2939 3170 morte
2964 3117 3348 3170 vulneratorum
3363 3116 3416 3169 in
3447 3115 3598 3168 corde
3612 3115 3787 3172 maris.

2201 3206 2470 3279 Numquid
2507 3209 2739 3263 dicturus
2781 3224 2834 3263 es
2863 3210 2916 3262 in
2955 3218 3233 3278 conspectu
3259 3207 3673 3276 interﬁciendum
3701 3218 3748 3260 te
3772 3223 3792 3263 :

2202 3298 2338 3354 Deus
2350 3315 2447 3371 ego
2459 3317 2570 3354 sum
2584 3301 2609 3354 Γ
2634 3299 2712 3354 Tu
2728 3317 2841 3354 vero
2860 3299 3012 3354 homo
3025 3316 3096 3366 es,
3111 3308 3158 3353 et
3183 3316 3285 3355 non
3311 3301 3462 3354 Deus.
3478 3299 3541 3352 In
3557 3300 3792 3354 multitu-

2199 3393 2371 3447 dinem
2397 3393 2870 3448 incireumcisorum
2893 3392 3101 3464 peribis,
3128 3393 3180 3445 in
3209 3391 3442 3446 manibus
3470 3391 3792 3452 alienorum:

2195 3486 2318 3554 quia
2347 3500 2442 3556 ego
2485 3485 2684 3542 locutus
2718 3501 2831 3538 sunt
2854 3526 2865 3545 ,
2897 3485 3018 3538 dicit
3048 3482 3316 3538 Dominus.
3352 3482 3432 3537 Tu
3460 3499 3516 3538 es
3553 3485 3794 3555 signatus.

2195 3577 2304 3632 lum
2347 3575 2696 3632 multitudinis
2739 3585 2788 3630 et
2815 3591 3008 3630 corona
3062 3577 3300 3634 decoris:
3342 3577 3394 3630 in
3420 3575 3616 3631 deliciis
3639 3595 3793 3649 para-

2195 3674 2296 3727 disi
2319 3673 2419 3727 Doi
2454 3673 2640 3744 fuisti,
2672 3689 2870 3727 omnem
2895 3670 3121 3743 lapidem
3144 3674 3395 3742 Optimum
3427 3671 3618 3727 habens
3649 3675 3704 3726 in
3745 3683 3793 3729 te

2194 3765 2503 3838 alligatum;
2533 3765 2814 3829 Sardium,
2844 3764 3112 3835 Tapazunt
3133 3806 3146 3828 ,
3189 3764 3538 3836 Smaragdutn
3580 3776 3627 3821 et
3665 3765 3793 3822 Car-

2197 3860 2474 3916 bunculum
2525 3871 2572 3914 et
2625 3859 2953 3932 Sapphirum
2978 3901 2992 3923 ,
3026 3869 3072 3914 et
3103 3858 3293 3927 Jaspin
3323 3900 3339 3924 ,
3371 3871 3419 3914 et
3447 3871 3714 3930 argentum
3745 3872 3790 3917 et

2195 3971 2380 4008 aurum
2407 3964 2453 4007 et
2492 3953 2762 4024 Ligurium
2795 3963 2844 4007 et
2884 3953 3124 4006 Achajim
3155 3961 3202 4006 et
3228 3950 3601 4017 Atue.'histttm,
3625 3951 3790 4025 Chry-

2194 4044 2440 4100 solitltum
2470 4058 2515 4100 et
2543 4043 2843 4115 Bergllum,
2886 4053 2931 4098 et
2979 4043 3306 4114 (Ingenium:
3341 4054 3388 4097 et
3425 4060 3554 4098 auro
3581 4044 3792 4115 replesti

2197 4137 2467 4193 thesauros
2503 4147 2616 4192 tuos
2647 4147 2691 4191 et
2724 4135 3037 4206 apothechas
3083 4146 3218 4191 tuas.
3254 4134 3383 4191 Cum
3409 4134 3668 4191 Cherubin
3696 4155 3791 4206 po-

2196 4235 2278 4290 sui
2324 4244 2371 4287 te
2407 4235 2463 4290 in
2489 4243 2660 4288 monte
2699 4243 2878 4288 sancto
2900 4230 2997 4287 Dei
3041 4248 3059 4286 .'
3106 4233 3256 4303 [nisti
3283 4232 3338 4287 in
3362 4232 3530 4286 medio
3562 4233 3790 4303 lapidum

2194 4328 2484 4401 igneorunt,
2504 4329 2674 4382 abiisti
2696 4329 2809 4381 sine
2829 4327 3033 4381 macula
3058 4326 3111 4380 in
3141 4325 3318 4381 diebus
3341 4328 3465 4393 tuis,
3494 4343 3558 4381 ea:
3579 4344 3678 4396 qua
3708 4326 3792 4380 die

2195 4431 2392 4476 creatus
2433 4437 2505 4486 es,
2539 4420 2699 4474 donec
2740 4421 3088 4474 inuenirentur
3117 4420 3412 4489 iniquitates
3456 4429 3558 4475 tua:
3582 4423 3635 4475 in
3659 4431 3723 4475 te.
3751 4422 3790 4475 Α

2195 4515 2526 4570 multitudine
2545 4513 2904 4588 negotiationis
2937 4526 3039 4568 tute
3058 4514 3283 4586 implesti
3316 4516 3674 4583 promptuaria
3704 4524 3792 4568 tua

2195 4611 2464 4678 iniquitate
2511 4621 2558 4664 et
2601 4609 2822 4680 peccatis
2856 4623 2876 4662 .·
2910 4619 2957 4661 et
3003 4607 3298 4662 vulneratus
3321 4625 3375 4662 es
3413 4625 3444 4662 α
3476 4618 3644 4662 monte
3675 4608 3788 4664 Dei.

2195 4703 2419 4756 Abduxit
2441 4713 2488 4755 te
2508 4701 2768 4755 Cherubin
2791 4701 2853 4754 de
2873 4699 3040 4755 medio
3063 4699 3297 4772 lapidum
3319 4702 3624 4772 inferorum,
3645 4700 3791 4754 exul-

2194 4803 2360 4848 tatum
2383 4802 2457 4849 est
2481 4809 2570 4847 cor
2591 4802 2734 4846 tuum
2765 4792 2818 4846 in
2858 4791 3015 4848 corde
3043 4803 3168 4846 tuo:
3193 4801 3434 4864 corrupta
3459 4802 3531 4846 est
3556 4793 3791 4852 doctrina

2193 4903 2311 4940 cum
2337 4887 2521 4940 decore
2558 4896 2665 4940 tuo.
2700 4884 2927 4956 Propter
2967 4887 3350 4940 multitudinem
3382 4897 3703 4955 peccatorum
3745 4897 3792 4940 et

500 4969 762 5026 Dominus
796 5012 810 5036 ,
863 4971 1123 5042 quidquid
1157 4973 1239 5026 sui
1301 4973 1578 5040 patiuntur
1613 5016 1628 5042 ,
1681 4988 1740 5034 se
1791 4977 1898 5045 pati
1953 4975 2093 5031 dixit
2190 4980 2516 5047 iniquitatem
2543 4979 2904 5050 negotiationis
2931 4989 3061 5043 tute,
3089 4979 3438 5032 contaminata
3467 4990 3586 5033 sunt
3617 4989 3791 5034 sancta

501 5061 717 5131 (Matth.
747 5079 872 5126 xxv,
905 5061 1035 5136 40):
1067 5065 1137 5118 ita
1169 5075 1220 5120 et
1246 5065 1496 5122 dinbolus
1528 5070 1644 5138 ipse
1671 5069 1724 5123 in
1771 5068 1885 5123 suis
1912 5068 2090 5125 incul-

498 5163 674 5221 catur,
702 5157 818 5227 ipse
854 5157 1202 5214 abominatus
1247 5160 1630 5231 conlringitur,
1667 5161 2092 5235 sicutscriptum

496 5260 580 5305 est
636 5247 746 5305 :In
789 5251 1127 5307 diminutione
1178 5255 1356 5326 p0puli
1389 5296 1404 5320 ,
1455 5256 1789 5310 comminatio
1841 5259 2093 5329 principis

497 5341 683 5415 (Prov.
718 5359 836 5411 xlv,
860 5344 976 5414 28).
1009 5346 1267 5402 Diabolus
1315 5348 1383 5402 ab
1438 5348 1656 5405 homine
1678 5366 1777 5405 suo
1803 5367 1908 5407 non
1935 5367 2092 5424 sepa-

497 5446 651 5492 ratur
685 5459 697 5490 :
732 5451 830 5491 nec
861 5437 1025 5492 homo
1053 5439 1104 5492 in
1130 5453 1238 5508 quo
1255 5439 1507 5496 diabolus
1528 5457 1632 5495 non
1663 5450 1770 5509 est,
1807 5453 1982 5512 potest
2011 5443 2093 5499 di-

498 5544 630 5586 cere
657 5548 670 5586 :
695 5531 800 5587 Ero
819 5533 1005 5586 similis
1033 5531 1320 5587 Altissimo.
1350 5534 1464 5589 Nec
1484 5534 1756 5602 diabolus,
1793 5538 1878 5592 hic
1903 5536 2089 5606 homo,

497 5627 591 5694 qui
622 5626 807 5682 incitat
845 5641 1044 5684 terram
1077 5646 1090 5682 :
1127 5629 1230 5683 nisi
1268 5631 1318 5684 in
1351 5629 1574 5688 homine
1600 5631 1782 5686 luerit.
1817 5633 1962 5689 Sicut
1989 5634 2096 5689 Do-

502 5719 705 5788 minus,
728 5722 890 5778 homo
907 5723 1012 5779 dici
1045 5738 1152 5779 non
1213 5731 1412 5796 potest,
1445 5725 1548 5780 nisi
1581 5725 1634 5780 in
1697 5725 1918 5782 nomine
1951 5744 1966 5794 ;
1997 5743 2097 5785 nee

502 5812 690 5881 homo,
713 5813 816 5869 nisi
845 5812 900 5870 in
926 5813 1163 5875 Christo.
1214 5815 1320 5874 Sed
1344 5814 1473 5897 quid
1499 5817 1550 5874 in
1597 5831 1759 5904 quem
1786 5819 2095 5887 conveniat,

2194 5081 2283 5127 ttta
2311 5089 2328 5126 :
2357 5073 2571 5131 educant
2603 5074 2774 5143 ignem
2809 5074 2874 5128 de
2905 5073 3073 5125 medio
3100 5073 3195 5138 tui,
3230 5073 3314 5125 hic.
3342 5083 3390 5126 ts
3415 5072 3692 5125 det-orabit.
3725 5070 3792 5126 Et

2194 5166 2330 5220 dabo
2352 5179 2398 5220 te
2423 5168 2645 5221 cinerem
2672 5167 2727 5220 in
2757 5176 2892 5221 terra
2931 5179 3038 5233 tua,
3063 5167 3118 5220 in
3144 5176 3415 5234 conspectu
3452 5168 3679 5220 omnium
3720 5168 3792 5220 ci-

2195 5260 2422 5315 dentiunt
2455 5271 2520 5327 te,
2565 5271 2610 5314 et
2649 5278 2822 5316 omnes
2848 5263 2936 5332 qui
2966 5273 3014 5316 te
3062 5270 3315 5314 noverunt
3361 5261 3490 5314 inter
3529 5261 3786 5327 nationes,

2198 5354 2662 5408 constristabuntur
2677 5371 2833 5423 super
2854 5364 2919 5408 te.
2956 5353 3184 5409 Perditio
3206 5354 3371 5422 factus
3399 5370 3472 5415 es,
3497 5363 3542 5406 et
3572 5369 3671 5406 non
3691 5353 3790 5406 eris

2195 5449 2248 5503 in
2292 5459 2540 5503 internum
2575 5459 2770 5517 tempus
2808 5447 3026 5521 (Ezech.
3071 5463 3270 5512 xxvm,
3301 5446 3456 5512 9.49,
3511 5461 3610 5500 sec.
3643 5446 3788 5515 ιη).

2197 5541 2490 5616 [Quoniam
2516 5544 2795 5599 exaltatum
2827 5553 2921 5607 est,
2971 5545 3146 5612 inquit
3170 5559 3258 5597 cor
3279 5553 3425 5595 tuum
3449 5582 3463 5607 ,
3503 5550 3549 5594 et
3571 5541 3744 5594 dixiin
3772 5557 3790 5595 .·

2200 5634 2338 5692 Deus
2367 5651 2458 5707 ego
2476 5652 2612 5701 sum,
2643 5636 2956 5690 habitatione
2978 5633 3076 5688 Dei
3097 5633 3320 5688 habitari
3339 5633 3392 5686 in
3415 5632 3569 5686 corde
3598 5630 3790 5684 maris:

2199 5738 2253 5785 et
2279 5729 2331 5784 in
2374 5728 2650 5784 hominem
2683 5728 2938 5783 convenit
2975 5727 3286 5782 dicentem:
3337 5723 3447 5798 Ego
3477 5738 3592 5778 sum
3619 5721 3788 5777 Chris-

2199 5831 2320 5889 tus;
2362 5831 2416 5878 et
2441 5822 2492 5876 in
2523 5821 2742 5878 diabolo
2771 5821 2862 5894 qui
2905 5821 2958 5875 in
2989 5819 3143 5888 corde
3168 5817 3348 5882 maris,
3381 5817 3432 5873 id
3458 5824 3562 5887 est,
3609 5813 3792 5892 populi
