4176 6184
496 271 566 327 63
1340 263 1657 342 ιἸΊΩΗΟΝΙῙ
1693 263 1857 321 AFRI
1896 262 2107 321 LIBER
2147 263 2235 319 DE
2275 261 2548 321 SEPTEM
2591 261 2908 320 REGULIS.
3721 258 3790 315 84

493 390 802 462 alligatum;
838 387 1113 456 Sardium,
1141 395 1188 441 et
1210 384 1531 458 Topazium,
1555 393 1602 438 et
1632 380 2014 455 Smaragdum,
2041 390 2090 436 et
2119 387 2171 447 Α
2196 379 2321 435 tiam
2350 382 2580 447 malam,
2613 390 2661 435 et
2685 379 2977 446 avaritiam,
3009 393 3124 449 qute
3155 384 3227 431 est
3255 374 3522 431 idolorum
3549 373 3793 430 servitus.

495 480 905 547 Carbunculum,
933 490 980 535 et
1014 478 1360 550 Sapphirum,
1395 488 1442 532 et
1482 474 1692 548 Jaspin,
1736 483 2005 546 argentum
2045 485 2093 529 et

495 595 703 644 aurum,
735 587 782 632 et
812 577 1081 646 Ligurium
1113 584 1159 630 et
1181 574 1409 628 Achaten
1427 583 1473 626 et
1498 571 1840 625 Antethistum
1858 578 1907 625 et
1929 567 2096 640 Chry-

499 671 711 726 solitum
756 679 803 724 et
841 668 1110 741 Bergllum
1156 676 1202 721 et
1245 664 1536 736 Onychium
1575 680 1594 719 :
1635 673 1684 719 et
1721 679 1851 718 auro
1889 663 2095 736 replesti

496 765 763 820 thesauros
819 772 956 828 tuos,
1006 769 1052 816 et
1097 761 1374 830 apothecas
1415 769 1531 813 tuas
1580 757 1729 812 inte.
1777 757 1903 812 l’la‘c
1944 765 1997 812 et
2041 758 2094 811 in

496 857 773 914 diabolum
825 856 1195 920 conveniunt,
1238 864 1292 908 et
1347 854 1402 908 in
1457 852 1755 908 hominem.
1810 851 1902 908 lsti
1947 851 2094 907 enim

499 951 787 1008 duodecim
822 949 1031 1018 lapides
1060 959 1116 1004 et
1145 962 1340 1002 aurum
1368 956 1424 1002 et
1455 956 1762 1018 argentum,
1796 960 2095 1015 omnesque

500 1046 739 1103 thesauri
771 1043 990 1100 diabolo
1033 1042 1316 1098 adhaerent
1342 1039 1596 1111 delegati.
1624 1039 1868 1110 Denique
1892 1079 1908 1107 ,
1942 1037 2096 1092 habcs

497 1137 552 1191 in
582 1146 630 1190 te
666 1134 973 1206 alligatum:
1019 1133 1084 1188 Et
1135 1132 1369 1188 iterum:
1419 1131 1710 1202 Apothecas
1763 1141 1877 1185 tuas
1927 1130 1980 1184 in
2027 1138 2094 1184 te.

498 1227 650 1283 Sicut
676 1243 879 1298 corpus
911 1225 1127 1280 Domini
1151 1241 1180 1279 a
1211 1226 1414 1279 sanctis
1454 1233 1715 1279 ornatur:
1751 1222 2099 1293 promittente

500 1317 612 1374 Deo
640 1327 696 1374 et
723 1317 937 1373 dicente
963 1335 975 1371 :
1031 1315 1237 1371 Extolle
1266 1315 1440 1371 oculos
1469 1325 1583 1369 tuos
1611 1315 1665 1369 in
1697 1315 1917 1369 circuitu
1940 1331 1958 1380 ;
1985 1314 2099 1368 vide

501 1429 676 1467 omnes
707 1412 844 1482 ﬁlios
866 1420 1001 1480 tuos,
1030 1411 1231 1465 collecti
1256 1418 1396 1476 sunt,
1431 1419 1479 1464 et
1501 1419 1744 1463 venerunt
1774 1410 1842 1464 ad
1873 1419 1938 1464 te.
1976 1409 2098 1464 Viro

500 1521 616 1575 ego,
643 1504 767 1558 dicit
797 1500 1069 1571 Dominus,
1113 1503 1237 1573 quia
1265 1502 1501 1556 omnibus
1531 1502 1634 1556 illis
1660 1501 1915 1567 indueris,
1945 1512 1990 1556 et
2011 1518 2101 1556 su-

497 1598 822 1669 perimpones
842 1598 961 1652 illos
986 1614 1004 1652 :
1035 1597 1166 1651 sicut
1196 1606 1550 1650 ornamentum
1578 1611 1722 1650 nova:
1753 1608 1946 1666 nuptm,
1977 1597 2100 1668 quia

499 1691 702 1745 deserta
724 1701 815 1745 tua
844 1701 890 1745 et
933 1691 1127 1757 diruta,
1167 1700 1214 1745 et
1244 1706 1360 1762 qua:
1383 1691 1701 1754 ceciderunt,
1747 1708 1886 1745 nunc
1906 1709 2099 1764 angus-

2201 471 2427 543 Propter
2465 489 2578 544 qua:
2607 473 2740 528 venit
2760 473 2840 527 ira
2871 469 2969 526 Dei
3011 469 3237 544 (Coloss.
3267 484 3348 537 ut,
3380 469 3437 537 5,
3460 466 3542 540 6).
3572 465 3658 523 Ea:
3697 484 3798 540 qua

2197 566 2279 619 die
2308 574 2510 619 creatus
2549 581 2601 619 es
2632 574 2687 618 tu
2718 580 2834 618 cum
2856 563 3134 620 Cherubim
3160 602 3176 629 ,
3215 561 3440 632 imposui
3469 570 3516 615 te
3545 561 3598 615 in
3629 569 3799 616 monte

2197 668 2374 713 sancto
2403 657 2500 711 Dei
2531 657 2745 729 (Ezech.
2781 673 2947 712 xxvnt
2971 699 2984 721 ,
3013 655 3128 728 M),
3157 655 3207 710 id
3230 665 3316 711 est
3342 657 3395 710 in
3423 653 3646 710 Christo
3666 695 3682 721 ,
3711 655 3797 712 vel

2204 751 2466 807 Ecclesia.
2517 748 2585 805 In
2625 751 2792 804 medio
2823 748 3062 818 lapidum
3107 749 3374 820 igneorum
3406 747 3577 817 fuisti,
3624 746 3677 802 id
3715 753 3800 803 est

2200 846 2479 901 hominum
2513 853 2822 900 sanctorum
2851 887 2866 912 ,
2894 845 2985 914 qui
3015 842 3260 910 adunati,
3307 854 3546 898 montem
3574 841 3670 898 Dei
3713 841 3797 898 fa-

2201 941 2374 995 ciunt.
2404 939 2598 1010 Angeli
2627 939 2773 994 enim
2810 938 3039 993 alterius
3067 936 3425 1005 substantiae,
3457 935 3665 1008 lapides
3691 934 3797 991 diei

2201 1052 2306 1091 non
2359 1046 2606 1106 possunt,
2653 1036 2778 1106 quia
2810 1050 3012 1105 corpus
3066 1049 3171 1089 non
3204 1034 3430 1089 habent.
3460 1032 3649 1088 Abiisti
3688 1035 3799 1088 sine

2201 1129 2406 1183 macula
2434 1139 2511 1195 tu,
2552 1129 2606 1182 in
2654 1128 2832 1182 diebus
2859 1129 2960 1181 tuis
2983 1143 3002 1182 :
3045 1143 3110 1182 ea:
3137 1143 3240 1196 qua
3269 1125 3355 1180 die
3393 1136 3599 1181 creatus
3625 1142 3679 1181 es
3716 1135 3797 1192 tu,

2201 1225 2364 1277 donec
2388 1223 2739 1278 invenirentur
2766 1222 3062 1292 iniquitates
3093 1230 3194 1276 tua:
3223 1222 3275 1275 in
3310 1231 3378 1286 te,
3403 1237 3436 1275 a
3466 1219 3800 1274 multitudine

2203 1316 2566 1388 negotiationis
2595 1325 2695 1368 ture
2718 1311 2912 1384 (Ibid.,
2932 1312 3044 1384 15).
3065 1311 3313 1382 Lapides,
3345 1311 3650 1368 Ecclesiam
3673 1325 3798 1368 esse

2202 1409 2280 1465 sic
2307 1409 2437 1464 dicit
2467 1408 2694 1464 Petrus:
2742 1406 2877 1462 Ecce
2905 1423 2993 1462 vos
3023 1412 3211 1477 fratres
3234 1446 3250 1472 ,
3293 1415 3552 1475 tamquam
3600 1405 3799 1476 lapides

2204 1503 2323 1566 vivi,
2352 1501 2749 1571 cowdificamini
2787 1503 2839 1554 in
2863 1499 3044 1554 domos
3069 1499 3370 1570 spirituales
3397 1498 3438 1570 (Ι
3472 1497 3590 1553 Pet.
3624 1513 3682 1565 tt,
3715 1497 3795 1569 5).

2203 1596 2375 1664 Quam
2405 1595 2647 1660 domum,
2678 1596 2888 1666 igneam
2921 1607 3071 1659 esse;
3101 1605 3155 1649 et
3188 1594 3328 1648 hanc
3354 1635 3368 1659 ,
3400 1593 3570 1648 malos
3600 1592 3800 1649 fratres

2202 1689 2397 1744 ardere
2426 1690 2503 1744 sic
2533 1689 2664 1744 dicit
2706 1689 2881 1744 Deus:
2913 1685 3031 1741 Erit
3060 1687 3244 1740 domus
3273 1683 3438 1741 Jacob
3458 1729 3472 1753 ,
3505 1686 3677 1758 ignis:
3705 1686 3800 1740 do-

498 1784 764 1837 tiabuntur
795 1783 858 1837 ab
893 1783 1306 1838 inhabitantibus
1335 1783 1355 1856 (
1383 1781 1492 1838 Isu.
1531 1799 1658 1840 χιιι
1685 1825 1699 1850 ,
1734 1785 1800 1839 18
1825 1826 1839 1850 ,
1873 1784 1975 1851 19;
2007 1800 2094 1852 1.x,
2130 1804 2175 1863 Β
2204 1800 2317 1837 mus
2343 1792 2517 1838 autem
2557 1780 2756 1853 Ioseph
2781 1823 2796 1847 ,
2829 1783 3073 1852 flamma:
3101 1776 3301 1834 Domus
3343 1796 3462 1835 vero
3492 1778 3658 1847 Esau,
3708 1779 3802 1834 sti-

497 1874 627 1946 14).
656 1877 720 1930 Et
746 1877 798 1931 in
822 1875 1180 1949 Apocalypsi,
1204 1877 1396 1932 eadem
1428 1877 1624 1933 civitas
1647 1877 1933 1932 duodecim
1963 1878 2101 1948 lapi-

495 1968 654 2026 dibus
673 1969 896 2026 fundata
923 1973 1257 2027 conSIruitur
1278 1972 1463 2044 (Apoc.
1493 1988 1579 2026 tm
1598 2013 1610 2037 ,
1643 1972 1723 2038 lL’,
1748 1971 1865 2042 ΞΟ).
1886 1970 2097 2038 Omnia,

495 2064 704 2135 inquit,
739 2065 961 2137 lapidem
1003 2066 1284 2137 optimum,
1310 2074 1363 2120 et
1402 2067 1745 2121 enumeravit
1768 2064 2095 2120 duodecim:

497 2169 558 2214 ut
583 2160 898 2215 ostenderet
935 2161 985 2214 in
1033 2160 1370 2216 duodenario
1403 2173 1632 2215 numero
1677 2159 2094 2230 perfectionem.

501 2253 713 2319 Omnia,
738 2255 905 2322 enim,
937 2271 1054 2325 qua:
1073 2255 1192 2325 fecit
1218 2252 1383 2320 Deus,
1409 2255 1543 2308 bona
1571 2263 1690 2308 sunt
1721 2252 1875 2325 (Gen.
1910 2269 1948 2319 ι,
1977 2251 2092 2324 ‘25).

500 2347 701 2403 [lorum
755 2347 1006 2403 diabolus
1037 2365 1217 2414 usum,
1277 2365 1384 2403 non
1431 2357 1678 2402 naturam
1730 2347 1978 2402 mutavit.
2030 2346 2100 2402 Et

499 2456 690 2496 omnes
720 2443 968 2497 homines
997 2441 1292 2498 excellenti
1319 2455 1483 2498 sensu
1505 2452 1562 2497 et
1592 2441 1829 2511 potentis
1856 2441 2057 2512 ingenii
2081 2483 2096 2507 ,

497 2547 688 2588 aurum
718 2545 845 2589 sunt
872 2544 926 2590 et
970 2544 1250 2606 argentum
1275 2576 1290 2600 ,
1321 2543 1377 2591 et
1404 2534 1612 2605 lapides
1643 2535 1866 2604 pretiosi
1906 2548 2096 2590 secun~

497 2624 627 2681 dum
677 2635 958 2682 naturam:
1002 2626 1098 2682 sed
1130 2627 1249 2698 ejus
1302 2637 1461 2682 erunt
1496 2629 1548 2682 in
1606 2628 1764 2698 cuius
1793 2627 2097 2698 obsequio,

498 2731 714 2786 natura,
766 2723 880 2776 suis
911 2721 1190 2777 fruuntur.
1221 2722 1513 2789 Quoniam,
1563 2724 1650 2779 cui
1693 2737 1754 2778 se
1804 2721 2100 2792 signaverit

496 2812 619 2880 quis
641 2811 696 2866 in
721 2811 1064 2868 obedientia:
1095 2828 1289 2868 servus
1313 2822 1396 2867 est
1427 2813 1570 2884 ejus,
1597 2813 1682 2868 cui
1707 2813 1951 2876 obaudit,
1982 2813 2100 2869 sive

498 2905 728 2974 peccati,
763 2904 881 2959 sive
907 2904 1156 2975 justitiar.
1190 2905 1264 2961 Ita
1299 2906 1355 2961 ﬁt
1377 2949 1390 2971 ,
1425 2915 1482 2961 ut
1526 2917 1578 2961 et
1625 2906 1874 2961 diabolus
1903 2905 2101 2962 habeat

495 3011 690 3052 aurum
737 3007 793 3054 et
837 3008 1145 3070 argentum,
1197 3010 1252 3055 et
1301 2999 1508 3070 lapides
1560 3001 1850 3069 pretiosos.
1903 3000 2099 3055 Omnia

498 3088 739 3158 quidem,
772 3104 878 3144 non
922 3105 1020 3146 sua
1063 3091 1362 3147 secundum
1410 3093 1708 3161 originem:
1736 3093 1833 3146 sed
1864 3107 1983 3160 sua,
2014 3109 2100 3148 se-

2204 1876 2348 1947 pula.
2404 1874 2754 1930 Exardescent
2804 1876 2859 1929 in
2908 1875 3027 1929 illos
3059 1882 3104 1927 et
3135 1873 3399 1928 comedent
3447 1887 3574 1926 eos:
3619 1881 3669 1927 et
3697 1887 3800 1926 non

2204 1969 2298 2022 erit
2328 1968 2519 2040 ignifer
2545 1969 2599 2021 in
2629 1967 2784 2021 domo
2816 1966 2982 2032 Esau,
3025 1965 3270 2036 quoniam
3300 1964 3554 2020 Dominus
3597 1965 3801 2018 locutus

2203 2073 2276 2116 est
2301 2061 2483 2135 (Abd.,
2522 2058 2636 2130 18).
2668 2059 2802 2115 Cum
2833 2060 2976 2115 enim
3011 2069 3200 2129 peccat
3243 2057 3406 2113 homo
3448 2057 3705 2127 dejieitur
3735 2056 3802 2114 de

2205 2165 2389 2212 monte
2435 2155 2555 2221 Dei,
2606 2164 2660 2210 et
2710 2170 2817 2209 non
2849 2153 2953 2209 erit
2992 2152 3209 2223 ignifer,
3243 2149 3444 2206 amisso
3476 2149 3705 2221 Spiritu,
3743 2156 3803 2205 et

2202 2230 2566 2306 succendetur
2595 2249 2649 2303 in
2679 2247 2938 2303 cinerem.
2973 2243 3211 2298 Peccasti
3238 2285 3253 2309 ,
3279 2253 3324 2297 et
3354 2243 3654 2297 vulneratus
3686 2256 3740 2295 es
3766 2256 3800 2296 tt

2202 2356 2373 2401 monte
2397 2344 2494 2398 Dei
2520 2352 2606 2398 :et
2636 2341 2851 2397 abduxit
2882 2351 2930 2394 te
2957 2338 3232 2394 Cherubim
3257 2337 3323 2390 de
3364 2335 3532 2389 medio
3559 2333 3800 2406 lapidum

2199 2441 2490 2512 igneorum.
2520 2435 2842 2510 [Cherubim,
2876 2432 3236 2488 ministerium
3263 2429 3362 2485 Dei
3384 2439 3498 2485 est:
3528 2426 3674 2498 quod
3703 2441 3800 2483 ex—

2202 2533 2366 2589 clusit
2393 2535 2680 2586 universos
2706 2528 2880 2583 malos
2907 2527 2975 2582 de
3005 2525 3267 2589 Ecclesia,
3293 2523 3386 2579 sed
3414 2521 3796 2593 spiritualiter.

2201 2626 2303 2695 Qui
2330 2627 2474 2681 enim
2521 2625 2906 2679 vestimentum
2958 2618 3199 2690 nuptiale
3230 2632 3337 2673 non
3389 2614 3574 2681 habet,
3621 2613 3710 2669 hic
3741 2613 3795 2669 in

2202 2719 2403 2774 smcnlo
2427 2717 2732 2772 excluditur
2760 2715 2830 2770 de
2860 2713 3038 2768 tncdio
3065 2707 3520 2768 recumbentium.
3553 2707 3795 2778 Denique

2204 2811 2256 2865 in
2290 2809 2568 2876 tenebras,
2601 2809 2651 2864 id
2675 2819 2779 2874 est,
2814 2809 2865 2863 in
2895 2805 3309 2862 ohdurationem
3336 2803 3597 2858 mittitur:
3623 2800 3795 2856 donec

2202 2908 2258 2964 in
2305 2907 2478 2978 ignem
2523 2905 2575 2960 in
2603 2913 2866 2960 a-ternutn
2905 2900 3222 2958 descendat.
3273 2897 3478 2953 Futuro
3503 2896 3648 2951 enim
3692 2907 3796 2947 sa:-

2201 3002 2347 3067 culo,
2379 3015 2539 3055 nemo
2567 2999 2885 3055 miscebitur
2928 2998 3097 3050 choro
3122 3002 3456 3058 sanctorum,
3487 2989 3580 3060 qui
3609 2998 3792 3058 postea

2203 3094 2540 3150 excludatur.
2567 3092 2871 3148 Exaltatum
2894 3099 2966 3146 est
2987 3105 3074 3143 cor
3097 3099 3239 3142 tuum
3260 3088 3314 3142 in
3337 3086 3522 3141 decore
3549 3093 3656 3150 tuo,
3682 3097 3792 3136 cor-

498 3181 736 3237 cundum
788 3183 1140 3239 voluntatem.
1194 3184 1326 3238 Nam
1376 3195 1429 3240 ct
1477 3187 1528 3239 in
1575 3184 1678 3241 Job
1709 3187 1970 3256 scriptum
2017 3196 2100 3242 est
2129 3203 2174 3266 ρ
2204 3201 2358 3260 rupta
2386 3199 2460 3244 est
2481 3187 2695 3242 scientia
2737 3197 2826 3241 tua
2870 3186 2923 3239 in
2959 3184 3142 3238 decore
3194 3179 3346 3252 tua.]
3397 3179 3667 3246 Corrupta
3712 3182 3795 3230 est

500 3275 751 3330 diabolo:
787 3276 950 3330 Omne
977 3294 1166 3332 aurum
1187 3280 1349 3333 maris
1376 3280 1468 3333 sub
1491 3295 1550 3333 eo
1579 3290 1651 3334 est
1679 3279 1824 3351 (Job.
1850 3280 2095 3350 xuﬂl).

501 3367 566 3422 Et
595 3369 911 3438 Apostolus,
945 3387 1067 3425 vasa
1097 3387 1255 3425 aurea
1283 3381 1330 3425 et
1357 3381 1599 3442 argentea
1622 3412 1634 3436 ,
1665 3372 1801 3428 dicit
1830 3389 1937 3428 esse
1963 3390 2103 3444 qure-

501 3462 621 3515 dam
647 3464 699 3516 in
729 3464 1098 3518 contumeliant
1126 3465 1193 3533 (ll
1221 3465 1355 3519 Tim.
1380 3480 1440 3527 tt,
1469 3464 1586 3534 20).
1619 3464 1736 3521 Non
1766 3467 1932 3532 enim,
1963 3465 2103 3520 sicut

501 3556 720 3626 quidam
765 3567 975 3626 putant,
1023 3560 1204 3614 omnia
1237 3560 1414 3630 lignea
1445 3570 1498 3614 et
1547 3559 1728 3616 lietilia
1763 3562 2098 3632 reprobavit,

501 3662 625 3701 cum
655 3662 720 3702 ex
761 3649 843 3703 eis
874 3650 982 3704 sint
1027 3649 1207 3720 aliqua
1257 3649 1311 3704 in
1354 3651 1614 3706 honorem
1644 3693 1658 3713 ,
1693 3653 1812 3722 ipso
1843 3652 2100 3708 dicente:

503 3736 750 3810 Figulum
785 3741 906 3804 luti,
939 3742 1086 3797 aliud
1115 3743 1332 3812 quidem
1363 3743 1568 3814 ﬁngere
1589 3745 1642 3798 in
1665 3745 1930 3811 honorem,
1956 3746 2102 3800 aliud

505 3845 634 3887 vero
683 3833 736 3886 in
784 3836 1149 3890 contumeliam
1202 3835 1391 3908 (Rom.
1449 3852 1525 3901 ιχ,
1557 3837 1690 3907 21).
1723 3837 1792 3892 Ει
1833 3854 1899 3894 ex
1935 3839 2100 3909 ligno,

506 3923 655 3979 aliud
689 3926 754 3980 ad
783 3930 1236 3998 praeparationem
1282 3944 1426 3995 esse,
1459 3929 1602 3984 aliud
1634 3931 1686 3984 in
1719 3932 2101 4003 sacrilegium:

503 4031 568 4072 ex
615 4033 752 4073 auro
783 4030 837 4074 et
867 4032 1110 4091 argento,
1146 4023 1196 4077 id
1229 4033 1333 4090 est,
1369 4040 1432 4080 ex
1473 4026 1682 4095 magnis
1708 4034 1764 4080 et
1801 4027 2107 4096 perSpicuis

505 4111 643 4167 dixit
692 4113 1025 4171 immundos.
1069 4117 1199 4171 Nam
1247 4128 1300 4174 et
1351 4120 1402 4173 in
1437 4121 1804 4194 Apocalypsi:
1855 4120 2108 4175 Meretrix

511 4204 594 4276 (id
626 4217 734 4272 est,
764 4222 968 4278 corpus
995 4209 1322 4283 adversum)
1351 4229 1582 4284 purpura
1608 4256 1621 4274 .
1656 4231 1831 4280 cocco,
1865 4224 1913 4268 et
1952 4231 2103 4281 auro,

504 4308 555 4354 et
578 4310 811 4370 argento,
847 4301 1207 4377 lapidibusque
1228 4305 1472 4376 pretiosis
1507 4318 1761 4361 ornatur:
1791 4306 1982 4361 habens
2014 4323 2107 4373 po-

505 4392 683 4446 culum
709 4409 928 4449 aurenm
959 4397 1012 4449 in
1041 4413 1223 4461 manu,
1259 4399 1470 4468 plenum
1497 4400 1910 4454 exsecrationum
1933 4409 1980 4454 et
2010 4402 2108 4453 im-

506 4483 887 4538 munditiarum
923 4487 1082 4540 totius
1123 4498 1276 4544 terra:
1306 4490 1500 4562 (Apoc.
1550 4507 1690 4558 xm,
1721 4491 1800 4564 4).
1834 4493 1937 4548 Ista
1977 4505 2107 4548 sunt

2202 3281 2426 3357 scientia
2448 3280 2585 3350 ejus,
2630 3279 2723 3349 qui
2763 3279 2946 3333 sciens
2988 3275 3334 3348 prudensquc
3364 3280 3482 3327 erat
3524 3278 3581 3325 et
3609 3267 3794 3324 studio

2203 3373 2469 3428 allectatae
2495 3373 2777 3442 sapientia:
2797 3370 2993 3426 asserit
3014 3367 3353 3425 dissimulata
3370 3365 3621 3428 veritate,
3646 3377 3796 3416 meu-

2204 3466 2444 3521 dacium:
2492 3466 2634 3520 sicut
2662 3463 2899 3534 Spiritus
2927 3463 3097 3518 dicit:
3129 3460 3260 3517 Cum
3305 3459 3656 3530 cognovissent
3688 3451 3798 3508 Do-

2205 3560 2419 3626 minunt,
2446 3575 2549 3613 non
2578 3569 2631 3611 ut
2661 3558 2943 3611 Dominum
2972 3555 3209 3627 magni/it
3222 3563 3452 3616 averunt,
3483 3561 3575 3605 aut
3604 3549 3796 3621 gratias

2205 3663 2413 3724 egerunt
2433 3667 2451 3706 :
2475 3651 2566 3706 sed
2593 3652 2772 3722 nugati
2796 3651 2989 3705 suntin
3011 3648 3404 3719 cogitationibus
3423 3646 3554 3711 suis,
3577 3645 3798 3697 dicentes

2204 3761 2259 3798 se
2286 3760 2394 3798 esse
2416 3746 2670 3815 sapientes
2701 3746 2719 3814 (
2744 3742 2897 3797 Ilom.
2923 3757 2964 3806 ι,
2991 3741 3118 3811 29.).
3161 3738 3450 3812 [Corrupta
3481 3747 3557 3792 est
3586 3735 3798 3791 scicntia

2206 3853 2420 3903 eorum,
2451 3837 2542 3906 qui
2573 3837 2712 3891 alios
2754 3836 2974 3900 docent,
3006 3850 3066 3890 se
3095 3835 3239 3904 ipsus
3269 3849 3377 3886 non
3415 3831 3634 3886 docent.
3668 3829 3800 3884 Cor-

2206 3939 2397 4002 ruptus
2425 3940 2511 3985 est
2539 3929 2705 3984 decor
2732 3973 2745 3995 ,
2800 3928 2892 3999 qui
2923 3929 3112 3998 generi
3143 3941 3243 3980 suo
3286 3939 3515 3994 operum
3547 3922 3800 3977 similitu-

2206 4024 2334 4079 ditte
2355 4040 2460 4078 non
2485 4023 2801 4093 respondet.
2835 4022 3053 4092 PrOpter
3070 4020 3452 4074 multitudinem
3474 4025 3798 4089 peccatorunt

2206 4129 2431 4173 tuorum.
2459 4118 2525 4172 In
2550 4128 2740 4172 terram
2763 4118 2957 4190 projeci
2978 4129 3060 4170 te:
3092 4113 3160 4168 In
3189 4123 3466 4183 conspectu
3490 4127 3668 4184 regum
3683 4109 3800 4164 dedi

2207 4222 2256 4267 te
2285 4213 2610 4267 dehonestari
2637 4210 2854 4284 (Ezech.
2886 4225 3051 4265 xxvttt
3070 4252 3085 4277 ,
3117 4208 3229 4280 18).
3259 4209 3325 4262 Et
3351 4206 3605 4262 diabolus
3633 4214 3718 4260 est
3742 4203 3798 4258 in

2207 4315 2432 4372 terram,
2468 4306 2518 4361 id
2551 4314 2655 4371 est,
2689 4306 2742 4358 in
2777 4305 3073 4368 hominem,
3101 4312 3158 4357 et
3182 4301 3345 4355 homo
3367 4300 3436 4355 de
3463 4297 3800 4354 sublimitate

2207 4400 2470 4455 Ecclesiae
2494 4443 2508 4464 ,
2540 4400 2596 4453 in
2643 4396 3146 4461 conculcationem,
3202 4395 3248 4449 si
3285 4391 3584 4446 llieremias
3625 4387 3800 4443 dicit:

2209 4492 2390 4566 Πήρσὶ
2415 4493 2478 4546 de
2507 4493 2631 4547 ctelo
2658 4493 2713 4546 in
2740 4501 2929 4545 terram
2951 4491 3193 4562 gloriam.
3227 4487 3289 4541 In
3330 4495 3602 4558 conspectu
3624 4500 3802 4555 regum

507 4592 642 4648 ergo
671 4579 872 4633 diaboli
929 4592 1272 4648 ornamenta,
1322 4583 1532 4654 lapides
1587 4586 1812 4653 pretiosi
1841 4606 1852 4641 :
1904 4587 2104 4656 quibus
2134 4590 2186 4650 D
2212 4585 2427 4655 (Thren.
2455 4600 2511 4648 ll,
2546 4583 2620 4655 1).
2649 4583 3077 4639 Christianorum
3108 4581 3278 4636 dixit:
3309 4595 3538 4650 quorum
3572 4577 3802 4646 pedibus

507 4672 706 4743 lapiaes
746 4673 920 4740 igneos
953 4674 1212 4741 imitatur,
1246 4686 1300 4732 et
1329 4675 1492 4731 homo
1523 4676 1576 4732 in
1607 4693 1668 4734 se
1696 4678 1861 4735 habet
1889 4681 2111 4736 thesau-

508 4777 598 4818 ros
625 4772 731 4817 tam
763 4763 1063 4820 facinorum
1096 4782 1260 4835 quam
1286 4769 1624 4838 perspicuos.
1664 4771 1780 4842 Ipse
1803 4772 1946 4826 enim
1981 4789 2109 4826 sitn-

507 4871 627 4911 rum
652 4865 897 4926 portator
923 4867 1028 4925 est,
1055 4875 1217 4928 quem
1246 4860 1538 4918 facultates
1568 4877 1682 4917 suae
1711 4864 1857 4919 velut
1887 4880 2107 4935 compe-

505 4948 605 5001 des
644 4948 971 5019 ligaverunt.
1025 4953 1370 5021 Prteterilla,
1403 4971 1525 5025 quze
1574 4957 1642 5011 ab
1693 4968 1923 5028 utroque
1967 4974 2102 5015 sexu

504 5041 751 5107 corporis
779 5041 984 5098 diaboli
1033 5045 1274 5099 ornanda
1307 5046 1575 5102 eduntur:
1629 5049 1793 5104 etiam
1827 5049 1935 5113 his,
1984 5068 2105 5120 qua:

503 5133 721 5189 defossa
759 5136 980 5204 habent,
1026 5140 1248 5195 insitum
1281 5149 1365 5196 est
1404 5157 1522 5197 cor.
1561 5142 1661 5199 Ubi
1697 5146 1837 5200 enim
1864 5148 1958 5200 erit
1996 5148 2104 5203 the-

505 5245 716 5294 saurus,
746 5229 855 5285 illic
879 5233 975 5286 erit
1001 5244 1053 5288 et
1075 5249 1164 5288 cor
1190 5234 1415 5290 hominis
1443 5236 1660 5310 (Matth.
1695 5254 1768 5305 vt,
1796 5239 1912 5310 21).
1946 5240 2107 5297 Vetus

503 5321 648 5377 enim
675 5320 841 5378 homo
866 5333 919 5378 et
946 5333 1092 5380 terra
1114 5326 1252 5397 ejus,
1286 5344 1450 5384 unum
1474 5345 1676 5401 corpus
1693 5342 1774 5389 est
1803 5352 1814 5387 :
1849 5335 2105 5405 quoniam

505 5412 622 5483 ipse
653 5429 869 5486 quoque
920 5425 1061 5471 terra
1094 5428 1197 5474 est.
1245 5418 1399 5477 Unde
1447 5423 1743 5491 Apostolus
1775 5440 1881 5480 non
1931 5426 2106 5481 solum

505 5521 591 5572 ea,
623 5522 745 5578 qua:
770 5523 1006 5580 corpore
1031 5509 1246 5566 admitti
1275 5523 1520 5582 possunt,
1571 5515 1666 5571 sed
1695 5527 1751 5572 et
1779 5517 2064 5574 avaritiam
2087 5561 2104 5586 ,

505 5599 810 5658 membrum
864 5619 986 5659 esse
1035 5604 1400 5674 possidentis,
1458 5608 1529 5661 ita
1575 5608 1825 5665 deﬁnivit
1875 5611 2101 5668 dicens:

506 5691 822 5763 Mortiﬁcate
857 5698 1028 5770 itaque
1064 5699 1292 5756 membra
1319 5710 1513 5770 vestra,
1545 5719 1660 5772 qute
1693 5705 1745 5758 in
1775 5715 1910 5760 terra
1946 5719 2066 5761 sunt
2086 5749 2103 5773 ,

510 5786 922 5858 fornicationem,
945 5791 1352 5858 immunditiam,
1388 5796 1704 5866 passionem,
1743 5799 2108 5868 concupiscen-

2211 4678 2564 4733 conculcatur
2581 4676 2827 4733 diabolus
2852 4685 2909 4731 et
2928 4676 3088 4729 homo
3126 4674 3281 4743 ejus:
3322 4671 3546 4742 Propter
3568 4669 3804 4723 multitu-

2210 4773 2377 4827 dinem
2421 4782 2744 4839 peccatorum
2767 4780 2992 4834 tuorum,
3025 4778 3071 4822 et
3097 4769 3416 4836 iniquitatem
3444 4764 3805 4836 negotiationis

2210 4875 2331 4932 tute,
2362 4865 2778 4919 contaminamur
2804 4873 2980 4919 sancta
3020 4861 3166 4932 tua.]
3197 4861 3422 4916 Videtur
3456 4859 3624 4914 Veluti
3656 4857 3805 4928 prin-

2208 4962 2440 5032 cipalem
2473 4962 2686 5017 titulum
2715 4961 3079 5030 exprobrasse
3098 5000 3113 5026 ,
3142 4974 3356 5028 corpore
3381 4956 3604 5018 diaboli.
3641 4969 3806 5026 nego-

2211 5055 2450 5110 tiationis
2505 5056 2676 5125 magis
2718 5054 2878 5121 dicit,
2913 5065 2977 5109 et.
3018 5053 3287 5106 thesauros
3313 5092 3328 5119 ,
3363 5051 3672 5121 spirituales
3703 5064 3804 5103 ne-

2209 5149 2414 5220 qttitizc.
2443 5149 2595 5204 Sicut
2623 5148 2768 5203 enim
2794 5146 3092 5217 spiritualis
3111 5144 3337 5217 iustitiae
3365 5143 3692 5212 negotiatio,
3723 5151 3808 5197 est

2209 5243 2518 5311 thesaurus,
2580 5251 2637 5296 ut
2688 5242 2820 5298 dicit
2865 5241 3158 5296 Dominus:
3232 5238 3419 5295 Simile
3469 5247 3542 5293 est
3590 5252 3806 5308 regnum

2209 5335 2452 5390 caelorum
2479 5335 2675 5389 homini
2703 5334 3010 5404 negotiatori
3041 5332 3257 5405 (Matth.
3289 5346 3428 5397 xm,
3457 5330 3572 5393 43').
3604 5329 3671 5384 Et
3700 5329 3804 5383 ite.

2211 5443 2330 5483 rum
2357 5445 2370 5480 :
2401 5425 2772 5481 Thesaurizate
2791 5426 2930 5480 vobis
2949 5425 3226 5480 thesauros
3249 5425 3300 5478 in
3331 5425 3457 5477 caelo
3486 5420 3706 5488 (Matth.
3731 5435 3805 5485 vt,

2210 5519 2325 5591 20).
2359 5518 2553 5573 lterum
2583 5536 2596 5573 :
2633 5516 2790 5572 Dedit
2817 5518 2976 5572 servis
3009 5519 3116 5572 suis
3153 5518 3495 5572 substantiam
3522 5531 3670 5570 suam
3695 5555 3709 5580 ,
3754 5523 3809 5567 ut

2212 5612 2596 5683 negotiarentur
2628 5610 2796 5682 (Luc.
2827 5627 2914 5665 ιιι
2934 5653 2949 5676 ,
2995 5610 3064 5666 13
3085 5609 3127 5682 ).
3159 5610 3390 5665 lterum:
3441 5606 3809 5680 Negotiatores

2213 5704 2646 5776 Carthaginenses
2699 5703 3009 5759 resistentib.
3055 5713 3163 5758 etc.
3197 5701 3427 5774 (Ezech.
3460 5715 3607 5755 xxvu
3631 5742 3646 5766 ,
3673 5699 3742 5754 12
3763 5698 3808 5770 ).

2216 5797 2452 5851 lterum:
2507 5797 2804 5869 Negotiatio
2853 5796 2966 5866 ejus
3015 5805 3062 5849 et
3107 5810 3298 5852 merces
3349 5802 3530 5852 sancta
3587 5791 3811 5847 Domino
