4176 6184
315 383 388 438 65
1628 382 1952 446 HILARIUS
1994 382 2347 443 DIACONUS.
3555 388 3626 445 66

308 492 476 565 (hac.
507 508 661 556 xsttt.
701 493 813 564 18).
852 491 917 548 Et
942 491 1270 564 Apostolus:
1315 491 1428 558 Est,
1458 493 1654 566 inquit,
1687 499 1917 569 negotia-
1943 497 1991 559 A
2023 499 2260 562 circuitu,
2290 505 2716 554 commemoratus
2747 497 2973 553 estDens
2996 497 3238 564 Abrahaz,
3267 508 3314 552 et
3332 499 3498 554 emisit
3516 500 3617 559 Lot

299 589 383 642 tio
408 605 615 660 utugna,
642 587 805 656 pietas
836 584 881 657 (l
914 584 1046 639 Tim.
1081 601 1154 650 γι,
1190 582 1268 656 6).
1298 585 1374 641 lta
1405 586 1701 655 Spiritualis
1730 590 1917 657 nequi-

306 680 386 736 tia
407 721 422 745 ,
459 679 750 752 negotiatio
781 688 866 735 est
898 679 1186 735 thesaurus
1216 687 1564 750 peccatorum
1584 723 1599 748 ,
1639 682 1781 736 sicut
1810 683 1918 737 Do-

306 774 494 829 minus
523 773 654 828 dicit
681 789 694 825 :
738 771 914 826 Ilomo
937 772 1126 835 malus,
1163 773 1226 826 dc
1253 772 1495 828 thesauro
1521 775 1692 829 cordis
1734 776 1917 830 emittit

307 867 456 920 inata
501 865 737 938 (Matth.
774 881 847 921 xu
873 907 888 932 ,
919 864 1056 936 55.)
1101 864 1168 920 Et
1198 865 1526 937 Apostolus:
1575 867 1916 925 Tltesaurizas

305 959 406 1013 tibi
427 959 558 1013 iram
582 959 636 1014 in
658 960 742 1014 die
768 960 860 1014 ira:
887 958 1066 1031 (Rom.
1095 975 1157 1026 ιι,
1190 959 1270 1026 5).

380 1055 614 1123 Propter
641 1056 968 1126 iniquitatem
987 1099 1002 1123 ,
1037 1057 1244 1125 inquit,
1279 1059 1634 1131 negotiationis
1666 1069 1767 1115 tua:
1793 1076 1917 1114 con-

307 1151 633 1204 taminamur
661 1158 842 1203 sancta
871 1157 980 1204 tua.
1009 1149 1112 1218 Qui
1143 1150 1288 1205 cnim
1315 1167 1422 1205 non
1449 1163 1598 1208 recte
1627 1153 1917 1208 sanctitate

311 1243 405 1299 Dei
441 1242 633 1308 utitur,
666 1258 821 1297 suam
854 1243 1046 1308 cltieit,
1073 1243 1216 1299 sicut
1248 1245 1389 1300 Dens
1419 1243 1551 1299 dicit
1580 1245 1647 1298 de
1677 1245 1916 1301 sabbatis

305 1336 423 1390 suis
450 1352 464 1389 :
499 1334 732 1393 Sabbata
760 1345 927 1390 vestra
958 1337 1066 1390 odit
1097 1338 1273 1390 anima
1299 1353 1432 1391 mea.
1479 1335 1714 1392 Educam
1745 1338 1914 1408 ignem

302 1430 368 1484 de
399 1429 573 1484 medio
601 1429 718 1483 tui:
751 1428 833 1484 hic
863 1439 910 1483 te
933 1429 1200 1483 devorabit
1225 1427 1362 1499 (Isa.
1398 1446 1436 1497 ι,
1471 1428 1583 1500 1⁵5).
1610 1430 1775 1499 Ignis,
1813 1429 1915 1484 Ec-

302 1521 475 1577 clesia
521 1531 644 1576 est:
677 1535 796 1592 qua:
823 1535 946 1576 cum
997 1521 1317 1577 discesserit
1358 1538 1388 1578 e
1432 1523 1612 1576 medio
1671 1523 1914 1594 mysterii

301 1615 604 1681 facinoris,
641 1624 769 1670 tunc
803 1615 958 1687 pluet
998 1616 1175 1685 ignem
1205 1615 1469 1670 Dominus
1495 1631 1524 1670 a
1553 1615 1785 1670 Domino
1806 1659 1820 1681 ,
1848 1617 1916 1673 de

303 1705 579 1768 Ecclesia,
599 1707 743 1761 sicut
763 1708 1024 1778 scriptum
1039 1717 1158 1762 est:
1191 1708 1288 1763 Sol
1314 1719 1523 1763 exortus
1545 1719 1620 1764 est
1647 1727 1802 1782 super
1815 1721 1916 1764 ter-

301 1817 440 1864 ram,
470 1811 518 1854 et
544 1799 641 1853 Lot
671 1800 883 1854 intravit
927 1800 979 1853 in
1005 1799 1204 1867 Segor:
1251 1809 1297 1854 et
1326 1800 1457 1867 pluit
1483 1799 1733 1854 Dominus
1760 1818 1916 1865 super

2023 607 2049 643 e
2079 590 2247 644 medio
2277 590 2619 645 subversionis
2641 607 2658 644 .'
2679 607 2793 645 cum
2827 590 3138 646 subverteret
3164 590 3307 647 Deus
3349 593 3578 647 civitates
3600 633 3616 659 ,

2020 683 2074 735 in
2101 683 2286 749 quibus
2310 680 2629 736 inhabitabat
2654 682 2706 734 in
2730 682 2802 737 eis
2833 680 2931 736 Lot
2967 680 3122 751 (Gen.
3159 698 3274 748 χιιι,
3302 682 3422 754 29.)
3452 683 3611 740 Nutu-

2023 773 2150 844 quid
2183 774 2283 829 Lot
2306 789 2412 829 non
2447 775 2762 830 merebatur
2789 775 3006 844 propria
3032 775 3239 846 justitia
3272 774 3526 842 liberari,
3559 784 3620 830 ut

2019 868 2229 923 diceret
2257 867 2576 938 Scriptura:
2610 867 3052 924 Cammemoratus
3089 877 3164 923 est
3194 867 3338 925 Deus
3365 868 3616 934 Abrahae,

2018 970 2065 1014 et
2087 961 2257 1014 emisit
2287 959 2385 1014 Lat
2408 977 2435 1014 e
2456 961 2623 1015 medio
2663 960 3046 1016 subversionis?
3074 963 3201 1025 Aut,
3237 962 3306 1016 In
3327 962 3620 1018 civitatibus

2014 1053 2304 1118 habitabat,
2337 1065 2389 1108 et
2420 1069 2526 1108 non
2556 1055 2608 1108 in
2639 1055 2884 1109 civitate:
2913 1063 2971 1110 ut
2997 1055 3231 1122 diceret,
3265 1055 3530 1119 Civitates,
3564 1057 3619 1111 in

2019 1146 2203 1215 quibus
2249 1145 2554 1201 habitabat?
2595 1145 2704 1202 Sed
2734 1147 3013 1216 prophetia
3047 1157 3129 1202 est
3161 1147 3358 1202 futurae
3408 1148 3618 1204 disces-

2019 1237 2212 1293 sionis.
2241 1239 2447 1294 Memor
2475 1241 2618 1295 enim
2649 1239 2791 1295 Deus
2823 1240 3203 1308 promissionis
3231 1241 3294 1296 ad
3317 1239 3614 1310 Abraham,

2019 1331 2182 1401 cjecit
2210 1330 2312 1386 Lot
2336 1332 2404 1386 de
2443 1332 2698 1386 omnibus
2737 1331 3048 1386 civitatibus
3074 1331 3436 1389 Sodomorum
3455 1375 3470 1400 ,
3497 1334 3618 1405 qui-

2019 1424 2118 1480 bus
2169 1425 2349 1479 veniet
2393 1425 2532 1496 ignis
2581 1441 2644 1481 ex
2679 1426 2785 1496 igni
2835 1427 3130 1492 Ecclesiae,
3179 1441 3300 1497 qua:
3331 1425 3402 1482 de
3437 1427 3620 1483 medio

2019 1534 2208 1574 eorum
2241 1519 2526 1574 educetur.
2556 1519 2626 1574 Et
2657 1520 2790 1576 dabo
2833 1531 2881 1576 te
2907 1522 2958 1576 in
2987 1522 3206 1576 cinerem
3246 1523 3303 1578 in
3330 1531 3468 1577 terra
3493 1533 3583 1577 tua
3602 1563 3618 1590 ,

2022 1611 2254 1684 (Ezech.
2299 1629 2502 1680 xxvnt,
2539 1614 2658 1686 18.)
2688 1613 2744 1669 ld
2777 1624 2879 1683 est,
2925 1617 2976 1671 in
3009 1615 3324 1673 hominibus
3354 1618 3435 1674 vel
3470 1619 3621 1691 ipsos

2021 1706 2272 1764 homines
2303 1708 2354 1762 in
2394 1719 2536 1763 terra
2565 1724 2694 1774 sua,
2724 1710 2813 1780 qui
2847 1711 2899 1764 in
2933 1719 3075 1766 terra
3121 1711 3213 1766 Dei
3261 1727 3383 1767 esse
3421 1713 3615 1769 nolue-

2019 1815 2168 1861 runt.
2197 1806 2266 1860 In
2295 1817 2572 1878 conspectu
2607 1807 2872 1861 hominum
2899 1808 3176 1862 videntium
3205 1817 3280 1875 te,
3313 1809 3364 1864 id
3393 1819 3498 1876 cst,
3531 1810 3616 1864 in-

303 1896 597 1952 Sodomam
628 1905 674 1949 et
701 1893 1073 1962 Gomorrham,
1115 1893 1336 1965 sulphur
1365 1904 1412 1948 et
1442 1895 1610 1973 ignem
1634 1913 1665 1949 a
1689 1893 1915 1950 Domino
1945 1911 1993 1969 Β
2023 1898 2406 1965 telligentium.
2461 1898 2729 1969 Numquid
2765 1898 3010 1954 diabolus
3064 1899 3118 1954 in
3166 1899 3394 1957 homine
3444 1899 3620 1956 videri

301 1988 365 2043 de
394 1989 528 2042 caelo
555 1985 724 2056 (Gen.
757 2002 878 2050 nx,
910 1983 1041 2055 ‘25).
1077 1987 1172 2040 llic
1218 1998 1298 2040 est
1330 1987 1466 2057 ignis
1489 2027 1504 2052 ,
1554 2002 1714 2057 quem
1747 2003 1911 2056 supra

300 2079 440 2135 dixit
463 2096 478 2134 :
499 2077 703 2133 Domus
727 2075 922 2142 Iacob,
970 2078 1105 2148 ignis
1135 2092 1154 2131 :
1180 2077 1363 2131 domus
1390 2088 1565 2131 autem
1615 2077 1754 2133 Esau
1774 2121 1788 2144 ,
1819 2079 1912 2132 sti-

303 2171 448 2242 pula.
495 2169 854 2225 Exardeseent
898 2170 951 2223 in
981 2186 1088 2234 eos,
1148 2177 1196 2223 et
1225 2171 1487 2224 comedent
1532 2171 1688 2225 illos:
1734 2181 1781 2226 et
1811 2188 1912 2225 non

300 2266 398 2319 erit
427 2265 622 2336 ignifer
642 2263 696 2316 in
721 2263 874 2317 domo
895 2261 1038 2318 Esau
1057 2260 1241 2334 (Abd..
1269 2263 1380 2332 18).
1412 2263 1470 2319 In
1485 2263 1684 2321 Genesi
1715 2265 1912 2321 iterum

298 2355 570 2429 scriptum
599 2364 718 2411 cst:
757 2355 889 2410 Cum
923 2365 1206 2410 contereret
1238 2353 1380 2410 Deus
1408 2373 1584 2413 omnes
1603 2359 1830 2414 civitates
1859 2361 1914 2415 in

2020 1989 2236 2059 potest?
2275 1989 2342 2042 Et
2373 2005 2570 2051 omnes,
2603 1991 2694 2058 qui
2718 1998 2766 2044 te
2786 1999 3036 2045 noverunt
3056 1991 3193 2046 inter
3213 1992 3469 2058 nationes,
3496 2008 3621 2046 con-

2022 2081 2364 2134 tristabuntur
2390 2097 2547 2152 super
2572 2093 2620 2135 te
2650 2081 2839 2153 (Ibid.,
2874 2081 2984 2155 19.)
3017 2083 3149 2138 Cum
3181 2083 3325 2138 cnitn
3359 2082 3619 2138 Dominus

2024 2173 2255 2242 percutit
2283 2180 2373 2228 aut
2399 2173 2606 2245 detegit
2634 2174 2826 2240 malos,
2855 2175 3277 2231 constristantur
3307 2175 3400 2246 qui
3429 2190 3618 2233 eorum

2023 2265 2226 2320 auxilio
2269 2263 2450 2321 fulciri
2481 2267 2684 2333 solent,
2733 2269 2981 2336 corporis
3008 2269 3090 2324 sui
3124 2277 3278 2338 parte
3314 2269 3596 2326 debilitata

2025 2360 2260 2417 Perditio
2287 2362 2427 2432 facta
2454 2379 2507 2416 es
2533 2377 2551 2415 :
2577 2372 2623 2416 et
2649 2378 2751 2417 non
2779 2364 2881 2418 eris
2906 2364 2958 2418 in
2988 2373 3258 2419 teternum.

726 2493 832 2546 Has
852 2494 1070 2560 Regulas
1092 2493 1313 2546 Tichonii
1342 2495 1584 2558 expendit
1606 2495 1915 2558 Augustinus
1937 2500 2059 2546 tom.
2079 2495 2175 2558 ill,
2199 2496 2288 2546 lib.
2315 2510 2363 2544 ιιι
2387 2496 2452 2546 de
2474 2496 2644 2548 Doctr.
2673 2497 2852 2549 Christ.
2879 2511 3018 2561 capp.
3038 2496 3208 2549 30-37.

295 2643 3611 2678 m

1452 2820 1457 2825 _
1541 2772 1713 2818 ANNO
1758 2774 1993 2820 DOMINI
2037 2775 2382 2820 εσοιανιιι.

705 2893 1869 3062 HILARIUS
2001 2899 2917 3062 ΙΠΑοοΝ
2929 2904 3218 3068 US

1597 3163 2350 3201 ᾧ

1506 3301 2440 3389 PROLEGOMENA.

1424 3468 1534 3531 (Ex
1577 3468 1990 3530 Schoenemanno,
2037 3475 2156 3518 tom.
2203 3469 2245 3529 l,
2287 3484 2334 3533 p.
2381 3470 2534 3532 506.)

379 3695 654 3753 LHitarii
675 3694 902 3752 Diaconi
923 3691 1364 3750 vita.—Patriam
1381 3690 1570 3747 habuit
1585 3689 1916 3746 Sardiniam.
1948 3691 1994 3755 C
2026 3705 2148 3744 cum
2181 3689 2428 3746 Ecclesia
2463 3690 2592 3759 fuit,
2630 3692 2774 3764 quod
2806 3692 3075 3752 Diaconus
3107 3703 3318 3752 tantum
3360 3706 3510 3754 esset
3530 3697 3627 3754 lli-

300 3792 588 3849 Diaconos
613 3800 730 3846 erat
758 3789 1021 3845 Ecclesia:
1049 3786 1333 3855 Romanae,
1363 3799 1476 3855 quo
1505 3786 1725 3840 nomine
1752 3799 1780 3836 a
1809 3782 1916 3838 Lu-

303 3884 479 3942 cifero
527 3884 794 3955 episcopo
830 3880 1145 3937 Calaritano
1197 3886 1322 3948 post
1366 3875 1662 3933 concilium
1721 3873 1916 3930 Arela-

302 3990 470 4038 tense
500 3978 568 4033 ad
593 3975 972 4034 Constantium
1021 3974 1246 4038 missus,
1274 3985 1398 4028 cum
1427 3969 1479 4024 in
1525 3967 1766 4024 concilio
1804 3968 1916 4023 Me-

304 4077 516 4133 diolani
549 4076 737 4130 habito
761 4085 987 4130 strenue
1015 4069 1298 4127 Athanasii
1317 4083 1538 4124 causam
1563 4064 1910 4128 detensisset,

302 4170 478 4241 virgis
503 4184 680 4224 caesus
709 4178 760 4224 et
794 4182 900 4223 una
922 4181 1046 4223 cum
1069 4163 1327 4220 Lucifero
1345 4169 1400 4216 et
1423 4160 1715 4216 Pancratio
1740 4160 1791 4214 in
1816 4173 1911 4213 ex-

303 4263 494 4320 silium
529 4261 730 4318 missus
749 4272 855 4317 est.
871 4260 1066 4315 Postea
1097 4255 1349 4314 Lucifero
1362 4271 1422 4312 se
1437 4253 1707 4326 adiunxit,
1727 4252 1820 4308 sed
1850 4266 1916 4306 eo

303 4355 604 4414 temeraria
627 4356 886 4427 opinione
927 4352 1217 4424 processit,
1246 4359 1306 4405 ut
1331 4350 1568 4405 Arianos
1595 4356 1650 4402 et
1669 4346 1761 4418 qui
1790 4362 1912 4401 eum

308 4452 392 4508 his
413 4451 947 4513 communicassent,
992 4459 1294 4516 omnesque
1323 4443 1549 4499 omnino
1595 4440 1775 4510 aliqua
1805 4439 1917 4495 hm-

309 4548 421 4606 resi
457 4546 702 4616 pollutos
733 4546 931 4601 iterum
958 4539 1318 4612 baptizandus
1345 4552 1471 4595 esse
1495 4543 1783 4602 statueret,
1815 4548 1914 4588 an-

311 4651 531 4713 tequam
555 4641 610 4696 in
630 4639 952 4696 societatem
1001 4634 1262 4691 Ecclesiae
1288 4631 1578 4690 catholica:
1607 4629 1919 4701 reciperen-

308 4743 421 4792 tur.
458 4733 600 4790 Hinc
644 4730 852 4801 lepide,
895 4729 991 4786 sed
1033 4743 1227 4799 parum
1275 4726 1413 4782 scite
1464 4723 1532 4779 ad
1586 4723 1920 4793 Hieronymo

307 4826 497 4886 mundi
530 4825 833 4882 Deucalion
881 4823 1059 4880 dictus
1088 4829 1195 4878 est.
1231 4819 1377 4876 Bene
1416 4831 1548 4874 vero
1578 4824 1758 4872 actum
1792 4826 1920 4871 tunc

2019 3781 2213 3848 larius,
2268 3782 2377 3848 cui,
2408 3782 2664 3853 quoniam
2699 3784 2844 3839 nulla
2886 3795 3004 3841 erat
3052 3786 3286 3842 clericos
3327 3787 3622 3845 ordinandi

2023 3875 2201 3947 copia,
2232 3892 2394 3932 nemo
2438 3877 2554 3934 fere
2593 3877 2866 3946 adhaesit,
2916 3880 3164 3952 adeoque
3203 3881 3319 3938 haec
3366 3883 3485 3953 ejus
3524 3882 3624 3938 do-

2021 3969 2197 4025 ctrina
2228 3985 2350 4041 quze
2380 3969 2624 4042 alioquin
2676 3971 2868 4043 ingens
2890 3972 3128 4029 schisma
3163 3975 3465 4030 excitatura
3495 3973 3627 4033 fuis-

2021 4075 2130 4132 set,
2165 4080 2287 4121 cum
2322 4066 2444 4136 ipso
2466 4075 2690 4121 auctore
2719 4082 2912 4123 an.....
2936 4067 3162 4124 interiit.

2095 4159 2154 4214 2.
2189 4159 2406 4230 Scripta
2436 4164 2646 4234 ejus.-——
2672 4160 2887 4231 Scripta
2942 4179 3064 4234 quae
3093 4162 3302 4221 Hilario
3349 4165 3511 4222 tribui
3538 4181 3627 4222 so-

2023 4254 2162 4320 lent,
2188 4263 2314 4309 sunt
2345 4254 2471 4310 ﬁdei
2493 4254 2785 4310 admodum
2839 4255 3063 4312 incertae
3109 4266 3164 4311 et
3204 4256 3403 4322 dubiae,
3434 4257 3625 4312 videli-

2023 4357 2110 4401 cet
2137 4345 2546 4402 Commentarius
2577 4347 2629 4400 in
2657 4344 2924 4415 Epistolas
2966 4345 3126 4401 Pauli
3169 4363 3292 4400 ettm
3334 4345 3623 4402 Ambrosio

2023 4438 2111 4495 edi
2137 4436 2354 4504 solitus,
2377 4447 2432 4494 et
2461 4437 2778 4505 Quaestiones
2790 4435 2906 4491 νει.
2929 4447 2976 4492 et
3009 4434 3146 4492 Nov.
3173 4435 3216 4491 Τ
3217 4447 3312 4494 est.
3337 4435 3484 4494 inter
3513 4436 3625 4496 Au-

2020 4531 2227 4603 gustini
2267 4545 2432 4600 opera
2479 4529 2850 4601 reperiundaz,
2883 4529 2952 4586 de
2980 4529 3179 4602 quibus
3207 4529 3405 4598 fusius,
3435 4530 3530 4588 sed
3554 4533 3625 4587 ita

2024 4637 2082 4680 ut
2106 4625 2312 4681 Hilario
2342 4636 2633 4696 utrumque
2656 4624 3026 4695 abjudicarct,
3048 4623 3348 4697 disputavit
3371 4624 3622 4684 Oudinus

2024 4731 2157 4777 tom.
2185 4721 2206 4776 l
2231 4721 2300 4777 de
2327 4721 2427 4778 SS.
2469 4719 2621 4777 Eccl.
2649 4737 2703 4791 p.
2734 4719 2998 4777 480-491.

327 4936 3605 4968 ______________________________________________.

1144 5063 2772 5218 COMMENTARIUS

725 5347 906 5478 IN
999 5347 1259 5470 XII
1355 5332 2346 5471 EPISTOLAS
2433 5331 2578 5459 B.
2676 5330 3143 5460 PAUL

541 5593 1344 5718 EILABIO
1425 5581 2256 5705 DIAGONO
2331 5574 3406 5694 ASCBIPTUS.

433 5887 606 5942 (Hunc
633 5884 1048 5938 (nummarium
1071 5883 1183 5935 vide
1201 5887 1338 5936 inter
1361 5877 1527 5943 spuria
1551 5876 1604 5926 in
1637 5872 1943 5938 Appendice;

2023 5879 2177 5934 opera
2199 5866 2250 5919 S.
2277 5865 2518 5919 Ambrosii
2544 5863 2789 5928 adjuncta,
2811 5867 2929 5914 tom.
2953 5855 3087 5912 XVII
3108 5865 3290 5912 nostra
3306 5857 3514 5930 Patrol.)
