4176 6184
518 358 589 413 θἹ
1802 352 2065 415 NOVATI
2097 351 2125 412 ί

2231 350 2469 425 uouet
3755 346 3826 409 es

1504 610 2843 806 QUXESTIONES

629 892 1465 1027 VETERIS
1551 888 1796 1021 ET
1884 886 2372 1017 NOVI
2475 875 3723 1062 TESTAMENTI

754 1132 1545 1255 ΠιιΔιῑιο
1592 1130 2417 1247 DIAGONO
2471 1124 3610 1245 ATTRIBUTE

534 468 3121 499 WW

731 1461 1066 1525 (Qnsstloues
1087 1459 1197 1511 istae
1213 1460 1530 1523 reperientur
1550 1456 1601 1509 in
1619 1452 1841 1506 inferiori
1862 1447 2430 1579 εθιέξηιξοῗῧῗςῐξῗξᾞϊ
2455 1451 2589 1503 inter
2610 1451 2786 1516 Spurla
2809 1448 2865 1502 S.
2892 1448 3158 1517 Augustini
3177 1450 3412 1516 operibus
3433 1462 3627 1503 annexa

539 1650 3840 1697 Μ

1786 1828 1958 1876 ANNO
2000 1829 2236 1876 DOMINI
2280 1828 2581 1875 INCEBTO.

746 2008 1863 2176 NOVATUS
1994 2007 3607 2180 CATHOLICUS.
3733 2260 3737 2263 γ

1595 2274 2053 2361 NOVATI
2129 2275 2786 2363 SENTENTIA

528 2457 661 2586 DE
717 2458 1367 2589 HUMILITATE
1426 2461 1561 2588 ET
1621 2460 2125 2590 θΒΕΒΙΕΝἸ

2231 2463 2257 2589 l
2315 2464 2447 2590 ΕΤ
2506 2460 2639 2589 DE
2714 2458 3225 2592 GALCANDA
3283 2463 3822 2593 SUPERBIA.

608 2809 972 2867 Smeularihus
998 2810 1157 2866 aliter
1185 2809 1238 2864 in
1269 2807 1831 2880 Ecclesialoquimur,
1864 2809 2022 2864 aliter
2044 2825 2137 2864 νο·
2164 2811 2218 2871 Α
2243 2808 2332 2878 qui
2365 2806 2561 2877 fuerit,
2590 2809 2680 2864 vel
2711 2809 2799 2877 qui
2828 2808 3198 2865 obedientiam
3233 2820 3495 2877 sectatur,
3534 2828 3639 2868 1.0u
3670 2812 3842 2869 homi-

527 2903 614 2961 his
639 2903 786 2974 loqui
816 2902 1100 2961 debentes.
1133 2898 1246 2959 Illis
1273 2899 1552 2975 loquimur
1575 2900 1869 2971 aliquando
1891 2914 1981 2957 res
2010 2915 2136 2972 qua

530 3011 725 3053 sonum
756 2998 990 3061 habent,
1019 3006 1075 3051 et
1097 2997 1351 3052 virtutem
1379 3011 1489 3050 non
1516 2992 1753 3062 habent,
1794 2994 2135 3050 delectantur

531 3093 677 3149 enim
711 3101 984 3161 tamquam
1015 3090 1215 3146 infirmi
1244 3089 1397 3144 sonis
1429 3089 1716 3144 verborum
1750 3129 1763 3154 ,
1797 3103 1903 3143 non
1937 3087 2135 3143 virtute

531 3183 651 3239 Dei.
682 3182 792 3239 Vos
821 3192 1003 3237 autem
1029 3181 1083 3236 in
1103 3181 1323 3236 nomine
1339 3180 1574 3248 Christi,
1607 3196 1711 3234 non
1739 3180 1794 3234 in
1816 3178 1920 3235 hoc
1945 3178 2134 3235 delec-

536 3275 720 3330 tamini
740 3291 756 3340 ;
776 3274 873 3331 sed
901 3273 1071 3328 vultis
1102 3272 1291 3328 audire
1320 3272 1512 3327 salutis
1542 3272 1790 3339 verbum,
1823 3273 1877 3327 in
1907 3286 2017 3342 quo
2040 3289 2137 3328 vo-

530 3370 639 3424 cati
662 3372 829 3433 estis;
858 3375 914 3424 et
942 3367 1039 3422 has
1070 3376 1248 3422 vestes
1278 3365 1534 3436 lugubres
1567 3366 1619 3420 iu
1648 3364 1849 3420 mundo
1880 3365 2133 3420 induistis

532 3468 919 3532 exspectantes
953 3460 1208 3516 meliores
1239 3458 1379 3529 apud
1430 3458 1622 3514 Deum.
1673 3458 1856 3514 Nostis
1910 3456 2025 3528 jam
2076 3468 2133 3514 et

532 3555 749 3625 sapitis.
788 3553 908 3610 Jam
962 3553 1190 3609 multum
1242 3561 1457 3623 tempus
1478 3552 1572 3608 hic
1615 3551 1829 3609 habetis
1869 3553 2133 3610 adversus

523 3661 695 3724 quem
724 3646 883 3703 vobis
911 3654 998 3702 est
1025 3645 1373 3713 colluctatio,
1425 3644 1774 3701 adversarius
1802 3655 1982 3702 vester
2021 3662 2129 3702 nou

529 3746 617 3797 est
643 3738 813 3805 foris,
846 3738 942 3795 sed
990 3738 1136 3794 intus
1183 3749 1266 3795 est
1294 3737 1348 3794 iu
1390 3737 1732 3795 visceribus:
1784 3747 1839 3796 et
1884 3740 1939 3794 in
1997 3740 2130 3812 ipsis

533 3831 794 3890 membris
818 3831 1020 3887 nostris
1046 3831 1309 3885 habemus
1322 3829 1741 3887 obluctatorem.
1768 3831 1822 3886 Si
1847 3832 1990 3888 enim
2009 3850 2132 3888 caro

531 3925 844 4000 concupiscit
864 3925 1109 3980 adversus
1130 3925 1395 3996 spiritum,
1424 3934 1471 3980 et
1501 3925 1717 3995 spiritus
1742 3926 1988 3982 adversus
2014 3942 2131 3980 car-

532 4034 669 4084 nem,
694 4029 746 4072 ut
777 4034 880 4072 non
908 4036 966 4073 ea
994 4033 1110 4089 qua:
1133 4017 1366 4072 uolumus
1397 4016 1651 4088 faciamus
1694 4016 1716 4091 (
1743 4015 1862 4073 Gul.
1890 4035 1943 4086 v,
1975 4018 2041 4073 l7
2064 4019 2085 4086 )
2112 4036 2126 4085 ;

529 4110 727 4167 videtis
756 4109 880 4178 quia
908 4113 1052 4166 intus
1073 4121 1156 4165 est
1196 4107 1539 4164 adversarius
1585 4110 1710 4164 iste.
1768 4108 2131 4166 Adversarius

2242 2899 2399 2956 nibus
2419 2897 2626 2969 obedit,
2656 2898 2748 2955 sed
2767 2899 2901 2956 Deo.
2926 2901 3017 2958 Sic
3047 2899 3193 2957 enim
3217 2898 3479 2957 Donrinns
3499 2905 3603 2957 ait:
3623 2903 3727 2970 Qui
3751 2921 3840 2958 vos

2239 2995 2388 3049 audit
2414 3011 2497 3049 me
2516 2993 2665 3049 audit
2690 3009 2711 3049 :
2732 2994 2822 3065 qui
2844 3010 2924 3049 me
2944 2996 3095 3049 audit
3118 3035 3133 3062 ,
3161 2995 3310 3049 audit
3336 3010 3454 3050 eam
3480 2998 3568 3066 qui
3592 3013 3670 3052 me
3697 2998 3838 3051 misit

2241 3090 2392 3163 (Luc.
2424 3107 2492 3159 χ,
2523 3089 2643 3161 16).
2692 3089 2874 3145 Abbas
2906 3089 3067 3144 Pater
3119 3098 3239 3157 est,
3296 3102 3591 3161 sequentes
3644 3092 3837 3146 fratres

2239 3183 2571 3240 Patriarchae
2599 3193 2746 3239 sunt.
2783 3185 2849 3239 Et
2875 3185 3203 3254 quicumque
3245 3193 3329 3239 est
3357 3183 3494 3239 alius
3525 3185 3672 3240 inter
3696 3198 3794 3239 vos
3816 3225 3832 3251 ,

2237 3278 2328 3347 qui
2360 3276 2503 3331 forte
2523 3276 2720 3333 bonam
2753 3275 2914 3331 habet
2954 3277 3119 3331 vitam
3148 3316 3164 3342 ,
3213 3276 3492 3331 meliorem
3549 3277 3839 3331 continen-

2240 3371 2366 3426 tiam
2387 3414 2399 3434 ,
2432 3370 2689 3427 meliores
2715 3370 2960 3440 vigilias,
2987 3369 3269 3427 meliorem
3300 3370 3600 3425 custodiam
3644 3384 3840 3438 corpo-

2236 3462 2314 3517 ris
2339 3503 2353 3527 ,
2374 3471 2428 3517 et
2456 3461 2573 3532 ipse
2598 3475 2825 3531 propter
2855 3462 3215 3517 imitationem
3245 3461 3402 3517 Pater
3428 3471 3533 3517 est.
3562 3461 3688 3516 llaec
3707 3474 3838 3531 ergo

2236 3554 2382 3626 agite
2407 3554 2550 3610 inter
2577 3570 2673 3609 vos
2698 3598 2712 3621 ,
2741 3563 2799 3610 ut
2836 3557 3071 3625 primum
3103 3555 3467 3612 humilitatem
3489 3554 3835 3623 custodiatis,

2236 3662 2343 3704 nou
2377 3661 2435 3703 ut
2465 3648 2775 3703 hominibus
2804 3647 3038 3706 humiles
3072 3649 3401 3716 videamini,
3431 3649 3535 3706 sed
3574 3650 3708 3708 Deo.
3740 3650 3836 3708 Illa

2234 3750 2320 3796 est
2346 3757 2476 3796 vera
2507 3740 2786 3797 humilitas
2810 3783 2824 3807 ,
2860 3758 2981 3811 qua:
3008 3742 3156 3811 Deo,
3208 3758 3318 3798 non
3353 3742 3663 3799 hominibus
3687 3785 3707 3811 ,
3738 3744 3835 3802 de-

2237 3832 2751 3913 monstratur..Natn
2774 3832 3054 3889 humilitas
3085 3850 3206 3905 qua:
3223 3834 3539 3892 hominibus
3564 3845 3838 3892 monstra-

2238 3934 2347 3993 tur,
2407 3926 2554 3982 iictio
2581 3936 2694 3995 est,
2745 3942 2854 3982 non
2914 3928 3222 3993 humilitas,
3270 3927 3413 4001 quod
3464 3944 3495 3984 a
3535 3931 3709 3986 servis
3739 3930 3834 3987 Dei

2235 4019 2460 4075 omnino
2479 4022 2714 4075 alienum
2756 4036 2877 4076 esse
2904 4020 3086 4077 debet.
3141 4020 3260 4078 Non
3313 4022 3529 4094 quidem
3575 4024 3831 4094 arbitror,

2235 4112 2361 4185 quia
2391 4111 2499 4168 sint
2531 4112 2664 4170 tales
2695 4114 2747 4168 in
2781 4114 2968 4182 vobis;
3009 4114 3107 4172 sed
3158 4132 3226 4171 ne
3251 4126 3498 4188 surrepat
3538 4116 3661 4172 talis
3689 4133 3832 4173 mor-

528 4214 712 4259 autem
743 4203 848 4260 iste
870 4219 975 4259 non
1003 4203 1241 4261 vincitur
1273 4202 1376 4257 nisi
1403 4201 1710 4257 humilitate
1741 4212 1797 4257 et
1823 4202 2127 4258 cbaritate;
2159 4217 2208 4277 Β
2238 4205 2369 4275 bus,
2394 4206 2686 4263 admoneo.
2717 4207 2972 4264 Homines
2993 4211 3137 4265 enim
3164 4224 3385 4278 sumus,
3431 4219 3485 4267 et
3514 4209 3829 4269 hominibus

526 4298 654 4371 quia
685 4304 742 4356 et
761 4298 879 4371 ipse
905 4296 1166 4354 Dominus
1190 4305 1375 4353 noster
1402 4293 1562 4351 Jesus
1586 4292 1833 4351 Christus
1851 4294 2125 4352 diabolum

528 4406 636 4447 non
661 4391 902 4457 vicisset,
933 4390 1038 4449 nisi
1062 4388 1376 4446 humiliatus
1404 4385 1639 4455 fuisset;
1667 4386 1986 4445 humiliatus
2032 4404 2129 4445 au-

527 4492 638 4540 tem
686 4499 793 4540 non
842 4485 1202 4552 necessitate,
1241 4483 1337 4540 sed
1391 4483 1677 4540 charitatc.
1728 4482 1785 4540 Si
1839 4484 1987 4540 enim
2016 4500 2123 4540 non

524 4587 802 4645 amasset,
834 4577 1056 4634 humilis
1080 4576 1251 4634 iactus
1305 4592 1411 4633 non
1435 4578 1646 4634 fuisset.
1696 4576 1899 4635 Amore
1952 4579 2125 4636 nostri

522 4668 700 4726 factus
726 4678 812 4726 est
841 4669 1079 4725 humilis.
1111 4667 1169 4726 Si
1200 4684 1330 4742 ergo
1354 4669 1444 4738 qui
1466 4669 1589 4741 fecit
1624 4670 1806 4725 celum
1833 4679 1878 4724 et
1910 4680 2122 4737 terram,

520 4780 665 4819 mare
686 4773 733 4819 et
763 4765 938 4819 omnia
965 4779 1081 4834 qua:
1109 4765 1163 4818 in
1187 4755 1260 4818 eis
1280 4774 1398 4820 sunt
1424 4763 1653 4833 (Psalm.
1689 4778 1846 4830 cxcv,
1878 4764 1913 4819 4
1937 4764 1981 4836 ),
2016 4765 2124 4821 Do-

524 4858 706 4914 utilius
727 4858 1041 4929 angelorum
1065 4857 1307 4913 omnium
1325 4898 1339 4925 ,
1363 4856 1452 4929 qui
1477 4856 1687 4911 creavit
1716 4856 1897 4911 omnia
1926 4899 1941 4924 ,
1997 4873 2123 4929 pro-

522 4958 645 5022 pter
692 4964 794 5005 nos
844 4948 1069 5005 humilis
1118 4949 1290 5004 factus
1345 4958 1460 5014 est;
1517 4962 1688 5019 quare
1738 4964 1836 5003 nos
1897 4960 2122 5021 propter

519 5040 887 5112 nosmetipsos
953 5055 1266 5096 recusamus
1323 5039 1748 5096 hmnilltateml
1823 5040 1919 5098 Via
1988 5054 2121 5115 ergo

519 5137 839 5192 salutisnon
872 5146 955 5190 est
976 5136 1132 5190 nobis
1163 5135 1346 5204 pervia
1378 5177 1395 5203 ,
1447 5133 1554 5190 nisi
1606 5120 1927 5190 Ιιιιιιὶιὶλιὶιῖ
1980 5137 2116 5192 Cum

513 5222 754 5301 'cmperis
775 5230 1135 5285 humilitatem
1161 5270 1175 5293 ,
1204 5245 1388 5299 qurere
1433 5245 1551 5285 eam
1583 5239 1803 5301 propter
1848 5229 2017 5286 Deum
2063 5240 2119 5286 et

2235 4298 2533 4370 loquimur.
2588 4298 2797 4355 Idcirco
2867 4301 3098 4371 primmu
3148 4300 3509 4357 humilitatem
3570 4302 3832 4360 fratribus

2234 4392 2427 4448 vestris
2458 4401 2767 4449 monstrare
2808 4391 3021 4448 debetis
3065 4401 3289 4466 propter
3330 4392 3720 4461 imitationem;
3773 4387 3833 4450 ut

2232 4482 2452 4539 fundata
2490 4484 2559 4538 sit
2586 4483 2699 4551 ipsa
2739 4479 3015 4540 humilitas
3057 4485 3273 4541 intusin
3316 4485 3482 4542 corde
3523 4485 3830 4543 secundum

2231 4577 2422 4632 Deum.
2445 4576 2583 4633 Cum
2602 4577 2764 4638 fuerit
2787 4579 2937 4634 enim
2950 4576 3236 4635 humilitas
3249 4578 3466 4636 fundata
3485 4580 3535 4634 in
3555 4579 3723 4636 corde
3740 4591 3833 4637 tuo

2231 4681 2454 4740 propter
2494 4664 2690 4738 Deum,
2710 4660 2841 4727 tunc
2869 4671 2963 4726 dat
2988 4672 3064 4727 illi
3095 4668 3257 4743 Deus,
3272 4671 3325 4728 id
3356 4683 3439 4730 est
3462 4674 3615 4730 fratri
3637 4683 3752 4741 tuo,
3772 4681 3832 4730 ut

2229 4763 2497 4833 intelligat
2533 4773 2588 4819 et
2612 4766 2852 4821 imitetur
2875 4762 3239 4822 humilitatem
3269 4777 3434 4823 tuam.
3464 4765 3602 4823 Nam
3646 4766 3693 4823 si
3722 4783 3829 4823 non

2225 4853 2391 4909 fuerit
2423 4855 2702 4912 humilitas
2732 4855 2958 4913 fundata
2988 4859 3040 4914 in
3071 4859 3241 4915 corde
3271 4869 3399 4926 ttto;
3429 4858 3666 4915 ostendit
3687 4858 3829 4916 Deus

2225 4947 2376 5004 fratri
2395 4959 2486 5005 tuo
2503 4992 2516 5015 ,
2541 4953 2665 5022 quia
2691 4951 2811 5007 ficta
2834 4961 2919 5009 est
2948 4954 3221 5008 humilitas
3248 4963 3360 5009 tua.
3386 4954 3563 5009 Prima
3585 4970 3717 5026 ergo
3739 4954 3826 5010 via

2222 5041 2423 5096 Salutis
2450 5042 2566 5097 hac
2595 5053 2680 5099 est
2713 5062 2728 5097 :
2757 5042 3122 5101 humilitatem
3152 5055 3340 5102 tenere
3362 5047 3670 5119 simplicem
3695 5063 3821 5119 pro—

2222 5141 2347 5201 pter
2374 5133 2585 5203 Dum,
2637 5151 2749 5192 non
2802 5145 3026 5207 propter
3074 5136 3350 5194 hominem
3392 5156 3406 5194 :
3459 5156 3566 5196 non
3610 5140 3824 5210 placere

2223 5224 2349 5281 inde
2376 5226 2706 5295 hominibus,
2737 5230 2832 5285 sed
2864 5230 3080 5300 placere
3110 5232 3238 5288 inde
3283 5234 3415 5289 Deo.
3450 5233 3822 5291 Humilitatem

520 5333 747 5395 propter
772 5321 943 5392 ipsam
976 5319 1455 5393 congregationem
1513 5318 1743 5378 sustine.
1799 5320 1874 5378 Et
1917 5322 1972 5378 in
2000 5322 2116 5392 ipsa
2218 5328 2477 5391 sequatur
2513 5322 2856 5390 obedientia,
2898 5334 2955 5380 et
2992 5326 3393 5397 obtemperetis
3431 5329 3589 5383 vobis
3651 5328 3820 5399 ipsis,

518 5416 938 5487 congregatione
985 5415 1233 5483 quamvis
1262 5414 1498 5485 aequales
1543 5410 1691 5480 sitis,
1743 5415 2116 5487 unusquisque

517 5509 749 5564 alterum
780 5506 1114 5577 superiorem
1155 5506 1256 5561 sibi
1300 5507 1615 5564 existimare
1666 5507 1868 5574 debet,
1898 5509 2113 5565 tametsi

2220 5412 2362 5470 sicut
2389 5416 2491 5471 sibi
2515 5417 2896 5488 obtemperant
2926 5421 3194 5478 membra.
3218 5418 3493 5495 Numquid
3522 5440 3646 5480 cum
3690 5438 3824 5480 con-

2221 5506 2347 5562 silio
2373 5508 2752 5578 obtemperant
2779 5512 3020 5568 membra
3048 5555 3064 5578 ,
3100 5524 3155 5570 et
3199 5531 3308 5569 non
3354 5517 3596 5572 naturali
3644 5513 3824 5569 chari-

517 5616 625 5657 non
656 5600 727 5656 sit
747 5600 1017 5672 superior.
1045 5597 1163 5655 Non
1184 5595 1321 5655 illud
1346 5594 1515 5663 facit,
1538 5598 1644 5656 nisi
1687 5598 1783 5673 qui
1829 5599 2113 5657 humilita-
2140 5614 2189 5682 ο
2218 5597 2373 5655 tate?
2393 5599 2438 5655 si
2463 5613 2561 5671 pes
2584 5599 2905 5669 oﬂ‘enderit,
2932 5616 3125 5662 manu
3149 5604 3383 5674 oecttril,
3407 5620 3478 5663 ne
3498 5613 3672 5664 totum
3694 5621 3822 5662 cor-

513 5703 628 5751 tem
661 5692 1067 5750 babuerit.Nou
1090 5701 1174 5748 est
1198 5691 1574 5748 necessarium
1602 5693 1776 5749 servis
1822 5692 1918 5750 Dei
1963 5693 2108 5750 aliud

512 5789 796 5861 praemium
808 5830 839 5861 η,
869 5787 973 5842 nisi
1000 5785 1313 5853 humilitas:
1343 5784 1468 5858 quia
1500 5783 1776 5842 humilitas
1803 5828 1818 5854 ,
1851 5785 1898 5842 si
1946 5782 2114 5844 fuerit

512 5874 569 5939 in
604 5872 863 5944 homine,
910 5875 1033 5933 facit
1090 5872 1240 5933 illum
1271 5872 1637 5935 obedientem.
1670 5868 1947 5935 Obediens
1974 5890 2107 5936 vero

2219 5706 2321 5763 pus
2351 5691 2599 5762 laedatur,
2633 5705 2690 5749 ut
2713 5695 2891 5751 cadat.
2917 5697 3070 5754 Sicut
3098 5699 3174 5753 ait
3226 5698 3523 5770 Apostolus
3551 5717 3563 5754 :
3597 5699 3659 5755 Si
3682 5698 3825 5770 pati-

2224 5794 2309 5843 tur
2334 5804 2494 5843 unum
2514 5788 2796 5846 membrum
2817 5833 2833 5859 ,
2866 5793 3253 5863 compatiuntur
3284 5794 3461 5849 omnia
3489 5790 3720 5850 membra
3751 5790 3772 5865 (
3801 5791 3820 5847 Ι

2216 5872 2336 5936 Cor.
2360 5895 2437 5937 xu
2462 5921 2476 5950 ,
2507 5878 2581 5938 26
2603 5881 2644 5953 ).
2675 5878 2832 5941 [inde
2857 5894 3019 5956 ergo,
3042 5883 3153 5943 nisi
3170 5884 3241 5944 ex
3260 5872 3531 5944 cba’rittrte
3550 5885 3577 5941 τ
3603 5872 3671 5943 Si
3686 5897 3821 5955 ergo
