4176 6184
340 312 419 386 es
912 360 929 374 .
1252 317 1644 378 SENTENTIA
1684 320 1776 385 os
1814 318 1938 389 lilii

2041 320 2247 387 ΙΤΑΤΕ
2283 321 2375 389 ΕΤ
2414 315 2829 386 OBEDlENTlA
2843 368 2857 385 .
3580 337 3658 401 Ίοι

344 428 661 485 dilexeritis
688 444 787 485 vos
804 428 1037 487 invicem
1056 472 1071 499 ,
1100 433 1247 489 nulla
1261 435 1366 490 erit
1385 436 1756 493 conturbatio.
1779 437 1951 494 Scan-
1976 448 2022 510 Α
2051 437 2386 496 cessitatom.
2410 439 2469 497 Si
2488 440 2629 498 torte
2658 460 2768 499 non
2794 455 2880 501 est
2904 445 3054 517 quod
3082 446 3278 518 detur,
3320 461 3414 507 aut
3445 469 3550 508 non
3584 458 3664 511 ill-

345 520 471 576 data
501 536 663 579 nemo
688 526 961 594 patiatur;
996 541 1103 585 nou
1133 538 1354 600 propter
1378 531 1599 599 cibum,
1659 546 1766 588 non
1826 548 1950 602 pro-
2050 530 2211 586 detur
2239 543 2294 587 ut
2322 533 2515 602 detur;
2538 536 2619 595 sie
2646 536 2790 594 babe
2811 579 2826 605 ,
2857 548 2954 597 aut
2978 540 3108 610 quia
3139 557 3244 597 non
3275 556 3355 598 est
3386 549 3529 615 quod
3556 548 3655 605 de-

348 623 474 684 pter
507 626 719 683 potum,
755 632 862 673 non
886 624 1111 688 propter
1137 622 1547 688 vestimentum,
1584 636 1691 677 nou
1726 635 1950 694 propter
2051 627 2161 690 tur,
2186 624 2473 683 autvilum
2500 634 2585 683 est
2608 643 2716 682 non
2740 630 3001 698 expedire
3016 633 3270 689 utdetur.
3290 635 3418 703 ista,
3441 640 3655 705 fratres,

350 708 593 780 vigilias,
627 726 732 764 non
765 722 988 782 propter
1017 727 1182 783 Opera
1206 756 1220 780 ,
1245 730 1351 770 non
1387 726 1609 785 prepter
1634 717 1946 788 coquiuam,

348 818 458 856 non
489 816 709 875 propter
737 806 1119 861 ministerium.
1167 807 1284 863 iam
1318 824 1438 863 cum
1471 818 1565 864 vos
1600 801 1837 867 invicem
1867 810 1952 867 di-

347 895 628 964 lexeritis,
671 899 716 953 si
769 900 895 969 quis
943 899 1147 970 aliquid
1179 900 1374 961 faciat.
1405 902 1548 972 quod
1595 919 1700 956 non
1750 903 1946 969 debet;

348 988 592 1044 charitas
646 990 737 1049 illa
787 1005 894 1047 non
942 993 1211 1065 permittit
1256 1000 1317 1053 ut
1365 990 1679 1055 oﬂendatis.
1744 995 1950 1052 liabete

342 1096 506 1154 ergo,
540 1083 766 1147 fratres,
802 1083 1167 1139 humilitatem
1212 1093 1269 1140 et
1318 1086 1688 1142 obedientiam
1718 1129 1733 1153 ,
1784 1103 1947 1156 quam

342 1176 592 1244 sequitur
619 1191 719 1246 pax
744 1217 759 1243 ,
802 1186 861 1231 ιιι
898 1176 1017 1231 sitis
1037 1177 1132 1232 lilii
1166 1179 1312 1247 paris
1342 1194 1354 1230 :
1381 1179 1513 1243 Quia
1534 1179 1785 1243 citerius,
1805 1178 1951 1234 sicut

339 1272 419 1325 ait
445 1269 775 1340 Apostolus,
803 1272 1063 1327 uinculum
1086 1282 1158 1327 est
1176 1272 1505 1343 perfectionis
1524 1271 1666 1344 (Col.
1689 1289 1746 1333 ut
1763 1312 1780 1341 ,
1818 1272 1884 1331 l4
1903 1271 1946 1347 ).

343 1360 481 1418 Cum
512 1364 634 1434 quis
666 1363 915 1419 habuerit
942 1364 1305 1421 humilitatem
1325 1408 1339 1431 ,
1368 1365 1642 1421 Christum
1683 1364 1946 1432 imitatur,

338 1456 432 1527 qui
482 1456 702 1510 immitis
750 1454 925 1511 lactus
977 1466 1061 1511 est
1112 1469 1334 1528 propter
1363 1472 1487 1513 nos.
1518 1457 1653 1513 Cum
1697 1456 1820 1527 quis
1848 1455 1946 1509 ba-

338 1551 523 1607 buerit
541 1549 910 1607 obedientiam
936 1591 951 1616 ,
982 1549 1261 1607 Christum
1289 1551 1555 1617 imitatur,
1587 1552 1678 1620 qui
1705 1550 1950 1605 ubertim

337 1643 510 1713 [actu
534 1654 607 1699 rat
637 1660 801 1712 time
821 1645 892 1698 ad
921 1654 1135 1698 mortem
1165 1645 1185 1713 (
1216 1641 1368 1700 Phil.
1387 1659 1462 1710 ιι,
1491 1643 1527 1699 8
1555 1647 1592 1712 ).
1638 1643 1776 1699 Cum
1824 1643 1950 1713 quis

335 1733 593 1790 habuerit
615 1733 974 1801 cbaritatem,
1016 1735 1297 1791 Christum
1329 1734 1604 1789 imitatur:
1627 1734 1755 1803 quia
1808 1731 1949 1788 Deus

2051 714 2095 768 si
2129 718 2508 785 servaveritis,
2565 736 2791 789 prorsus
2825 723 2991 777 vitam
3038 738 3298 782 :eteruam
3360 731 3654 788 habebitis.

2016 851 2022 859 .
2048 805 2232 865 Nolite
2249 812 2572 878 permittere
2597 829 2692 868 vos
2712 816 2894 870 verbis
2918 817 3076 871 malis
3099 820 3203 891 agi.
3226 820 3284 877 Si
3307 822 3443 877 forte
3462 825 3660 896 aliquis

2053 900 2299 957 inﬁrmus
2328 904 2511 968 cadit,
2542 914 2601 959 ut
2634 906 2886 976 loquatur
2934 925 3220 980 perversa;
3275 918 3456 969 statim
3510 917 3660 973 enhi-

2051 990 2177 1048 bete
2204 994 2356 1051 illum
2384 1011 2399 1047 :
2424 998 2609 1055 statim
2639 999 2844 1055 dicite:
2870 999 2989 1055 Noti
3036 1002 3218 1061 facere
3240 1046 3257 1073 ,
3293 1008 3434 1075 noli,
3468 1013 3655 1078 hater,

2053 1099 2267 1153 peccas.
2301 1084 2522 1142 Debetis
2545 1088 2714 1153 enim,
2746 1103 2969 1162 pr0pter
2991 1097 3132 1164 quod
3184 1099 3238 1151 itt
3290 1116 3453 1155 unum
3485 1105 3618 1158 estis
3640 1146 3656 1172 ,

2051 1184 2108 1230 et
2136 1175 2393 1234 abbatem
2427 1196 2590 1235 ttnum
2617 1181 2831 1238 habetis
2852 1227 2866 1252 ,
2902 1202 2933 1240 e
2957 1202 3055 1241 vos
3084 1192 3236 1245 vobis
3260 1194 3484 1250 abbates
3514 1212 3658 1255 esse.

2049 1266 2325 1342 Numquid
2351 1287 2488 1330 unus
2514 1314 2529 1340 ,
2573 1276 2698 1349 quia
2727 1276 2867 1335 duos
2894 1281 3086 1338 oculos
3115 1294 3171 1343 et
3194 1284 3330 1345 duas
3356 1304 3514 1347 aures
3561 1292 3657 1347 ha-

2052 1359 2173 1427 bet,
2206 1362 2373 1419 abbas
2400 1377 2577 1434 petest
2606 1382 2799 1425 omnes
2819 1371 3009 1428 audire
3033 1416 3048 1440 ,
3080 1389 3171 1430 aut
3199 1395 3394 1437 omnes
3426 1384 3656 1441 videre?

2051 1462 2145 1507 aut
2183 1469 2290 1510 non
2320 1456 2479 1512 habet
2505 1461 2885 1518 necessitatem
2919 1465 3122 1524 alicubi
3151 1473 3301 1528 exire
3347 1484 3403 1530 et
3450 1478 3653 1549 aliquid

2053 1544 2388 1613 providere?
2422 1547 2527 1604 Vos
2556 1552 2711 1608 vobis
2734 1554 2961 1615 abbates
3004 1570 3220 1629 estote;
3272 1573 3329 1620 et
3383 1544 3656 1637 quum-udo

2052 1639 2323 1696 metuistis
2349 1640 2603 1699 abbatem
2632 1657 2989 1717 prataentem,
3013 1655 3238 1711 metuite
3257 1666 3315 1713 et
3341 1659 3652 1730 absentem,

2050 1734 2175 1803 quia
2202 1750 2446 1805 praesens
2473 1747 2559 1795 est
2589 1740 2751 1797 Deus.
2777 1743 3013 1802 Omnino
3035 1748 3140 1806 hoc
3168 1751 3373 1825 timete,
3404 1757 3511 1816 hoc
3541 1778 3656 1818 mc-

335 1828 572 1884 πλαγίως
622 1836 697 1884 est
724 1827 769 1898 tl
789 1825 952 1883 Ioan.
976 1843 1031 1893 ν,
1067 1829 1134 1884 to
1154 1828 1196 1900 ).
1226 1828 1334 1884 Sed
1365 1828 1518 1898 prius
1540 1827 1824 1883 elaborate
1850 1866 1865 1892 ,
1888 1836 1947 1881 ut
1981 1845 2025 1906 Β
2057 1829 2213 1892 tuite,
2243 1830 2371 1898 quia
2401 1832 2539 1886 Deus
2568 1848 2787 1906 semper
2813 1853 3055 1908 prrit-acus
3076 1857 3179 1899 est.
3213 1847 3279 1901 Et
3314 1849 3360 1904 si
3392 1867 3531 1917 unus
3561 1872 3656 1909 cn-

333 1922 486 1978 intus
512 1921 639 1976 vitia
663 1927 844 1977 vestra
885 1921 1137 1976 vineatis.
1169 1919 1408 1989 Fiatpax
1441 1920 1619 1990 primo
1663 1919 1945 1973 enimet

333 2016 520 2072 cordis
548 2031 671 2071 cum
695 2022 972 2086 prmcepto
996 2014 1089 2068 Dei
1116 2028 1132 2080 ;
1183 2024 1241 2068 ut
1271 2014 1537 2069 adversus
1574 2010 1936 2067 consuetudi-

2051 1936 2170 1976 ram
2203 1922 2309 1978 fert
2338 1927 2535 1981 tantis:
2567 1940 2774 1999 quanto
2800 1935 2974 2005 magis
3015 1952 3113 1992 vos
3161 1956 3352 1999 omnes
3380 1945 3525 2002 l'errc
3552 1950 3649 2005 de-

2044 2013 2218 2082 betis;
2244 2031 2316 2072 ne
2341 2019 2587 2076 inveniat
2607 2023 2751 2079 ttudc
2774 2026 3064 2099 irascatur,
3100 2036 3245 2090 unde
3278 2037 3481 2110 doleat,
3510 2045 3655 2101 unde

339 2127 465 2167 nem
487 2110 741 2181 corporis
788 2119 951 2179 atque
982 2106 1324 2179 fragilitatem
1371 2108 1481 2163 duo
1519 2107 1632 2163 sint
1660 2108 1897 2162 victores
1920 2145 1940 2172 ,
2039 2106 2375 2177 claudatur,
2399 2114 2913 2189 uudeiugemiscat,
2947 2125 3093 2182 unde
3117 2139 3264 2198 putet
3291 2133 3416 2203 quia
3452 2106 3655 2206 perit,“

338 2216 672 2276 prteceptum
703 2203 801 2259 Dei
826 2244 841 2268 ,
885 2213 940 2258 et
968 2217 1268 2258 consensus
1292 2211 1435 2258 tuus.
1455 2203 1625 2256 Casus
1649 2203 1795 2257 enim
1821 2201 1944 2258 talis

336 2306 457 2362 est,
489 2298 767 2360 medicus,
800 2307 1038 2367 :egrotus
1061 2308 1115 2352 et
1153 2296 1439 2366 aegritudo.
1491 2293 1548 2351 Si
1581 2296 1682 2350 iate
1708 2305 1945 2366 aagrotus

340 2405 405 2447 se
430 2406 556 2445 cum
588 2390 910 2461 mgritttdine
931 2387 1173 2455 dederit,
1225 2387 1462 2445 vincitur
1493 2386 1738 2471 tttedicus
1758 2427 1773 2454 ,
1824 2386 1943 2445 em-

334 2484 557 2539 ciuntur
583 2482 690 2538 duo
710 2483 972 2536 adversus
1001 2497 1166 2536 unum
1196 2522 1209 2545 ,
1238 2489 1400 2550 atque
1448 2489 1735 2550 superatur
1764 2480 1937 2534 medi-

335 2588 460 2629 cus.
493 2572 553 2629 Si
582 2587 711 2643 ergo
728 2581 965 2643 mgrotus
990 2588 1111 2627 cum
1146 2572 1356 2627 medico
1392 2586 1468 2627 se
1498 2572 1734 2638 dederit,
1765 2572 1938 2628 vinci-

336 2676 428 2722 tur
457 2665 764 2720 intirmitas.
792 2664 1032 2720 Medicus
1056 2662 1304 2720 Christus
1329 2673 1442 2731 est;
1472 2665 1660 2735 aegroti
1696 2679 1795 2721 nos
1849 2682 1941 2722 su-

335 2773 497 2823 mus;
528 2757 867 2829 egritudinis
894 2757 1115 2813 morbus
1138 2798 1154 2823 ,
1200 2757 1540 2815 consuetudo
1586 2758 1796 2831 peccati
1832 2765 1938 2814 est.

332 2848 458 2906 Iam
486 2849 575 2921 qui
606 2864 672 2903 ex
701 2857 855 2921 parte
882 2847 1222 2903 reuunciavit
1249 2848 1479 2913 sarculo,
1524 2850 1773 2920 quamvis
1794 2853 1942 2909 vita!

332 2941 393 2997 in
415 2942 662 3008 tta-culo,
702 2940 950 2994 attendat
1007 2939 1094 2996 ubi
1151 2938 1349 2997 debeat
1402 2939 1710 3010 inium-ere;
1756 2954 1936 2998 utrum

330 3032 536 3090 morbo
572 3048 641 3087 an
666 3030 903 3087 medico.
934 3031 995 3088 Si
1016 3033 1231 3088 medico
1250 3047 1359 3088 non
1383 3035 1700 3101 inhaeserit,
1726 3034 1939 3091 laborat

331 3125 602 3181 medicus.
654 3124 780 3179 Ideo
832 3124 990 3180 nobis
1020 3123 1371 3195 Evattgeliutn
1415 3128 1471 3180 in
1499 3126 1705 3182 sarculo
1739 3127 1939 3183 clamat

332 3229 394 3275 et
427 3219 558 3274 diei:
590 3236 606 3273 :
640 3216 765 3273 Esto
785 3219 1107 3274 consentiens
1128 3221 1425 3276 adversario
1448 3230 1536 3275 tuo
1557 3223 1659 3277 cito
1680 3263 1695 3290 ,
1738 3222 1861 3277 dum
1891 3239 1945 3279 es
1972 3237 2018 3302 ρ
2050 3238 2270 3298 semper
2308 3229 2442 3286 illud
2465 3231 2645 3290 facere
2696 3252 2804 3293 non
2846 3249 3047 3310 potest.

330 3328 451 3365 cum
472 3312 568 3366 illo
584 3312 637 3365 in
661 3312 741 3365 oio
762 3309 981 3385 (Matth.
1015 3328 1067 3377 v,
1092 3311 1167 3368 25
1191 3311 1232 3387 ).
1260 3311 1378 3369 Non
1413 3328 1512 3369 nos
1549 3314 1729 3379 docet,
1771 3325 1830 3371 ut
1859 3319 1937 3372 si-

329 3419 453 3460 mus
482 3406 891 3460 consentientes
917 3405 1236 3460 adversario
1262 3403 1522 3473 diabolo;
1547 3406 1643 3462 sed
1670 3406 1853 3475 docet,
1878 3418 1939 3463 ut

328 3498 745 3554 consentientes
799 3498 971 3555 simus
1008 3498 1366 3567 adversario,
1419 3515 1693 3573 pracepto
1721 3501 1932 3571 divino,

327 3595 477 3666 quod
508 3596 828 3651 adversatur
859 3594 1015 3650 matis
1042 3598 1266 3663 nostris,
1293 3605 1348 3653 et
1366 3598 1684 3655 adversatur
1705 3615 1938 3658 Consue-

328 3687 509 3744 tudini
562 3698 797 3752 nostrae,
854 3688 1174 3745 adversatur
1206 3690 1581 3761 iniquitatibus
1620 3695 1845 3750 nostris.
1876 3693 1936 3750 Si

326 3780 707 3837 consentimus
732 3823 746 3846 ,
778 3780 902 3836 t‘actl
929 3797 1118 3837 snmus
1146 3782 1446 3839 concordes
1484 3800 1606 3840 cum
1663 3793 1937 3857 praxccpto

328 3873 427 3930 Dei
459 3916 473 3940 ,
504 3884 561 3930 et
580 3873 880 3944 accipimus
904 3876 1056 3945 quasi
1109 3873 1297 3947 iugum
1330 3875 1462 3942 Dei;
1508 3888 1740 3949 propter
1788 3879 1934 3950 quod

325 3968 407 4023 ait
436 3965 737 4021 Dominus:
793 3964 975 4022 Venite
1000 3968 1069 4021 ad
1095 3983 1176 4021 me
1220 3984 1397 4023 omnes
1446 3970 1535 4040 qui
1591 3971 1839 4027 laboratis
1886 3983 1936 4029 et

327 4062 536 4117 onerati
561 4061 702 4125 estis,
739 4070 787 4115 et
807 4075 899 4132 ego
920 4060 1147 4130 reﬁciam
1166 4076 1275 4116 vos.
1309 4060 1497 4117 Tollite
1516 4065 1704 4136 iugum
1736 4083 1925 4135 nteant,

326 4155 452 4222 quia
483 4153 590 4208 lere
617 4162 722 4220 est,
751 4164 799 4207 et
823 4154 1027 4208 sarcina
1051 4169 1161 4209 mea
1185 4154 1308 4209 levis
1330 4166 1403 4210 est
1430 4155 1648 4225 (Manli.
1680 4173 1736 4213 ιι
1754 4201 1769 4227 ,
1801 4159 1870 4215 28
1890 4161 1931 4231 ).

325 4249 475 4307 Ecce
492 4249 621 4321 quid
653 4260 759 4305 tam
784 4251 904 4307 leve
925 4252 952 4304 ‘.'
980 4251 1224 4323 Denique
1252 4253 1541 4309 considera
1574 4256 1936 4327 quemadmo-

324 4341 461 4397 dum
494 4342 584 4415 qni
615 4341 819 4413 aliquid
852 4339 1051 4397 habent
1085 4343 1139 4398 in
1169 4343 1272 4398 hoc
1304 4344 1505 4399 mundo
1526 4345 1724 4401 timent
1750 4363 1818 4403 ne
1849 4363 1936 4404 ra-

325 4435 535 4506 piatur.
562 4432 849 4500 Quomodo
872 4432 1065 4489 timent
1108 4449 1178 4490 ne
1202 4433 1348 4506 quod
1388 4436 1763 4507 acquisierunt
1813 4456 1936 4511 pcr-

324 4525 500 4581 dant?
523 4524 733 4593 Quibus
763 4526 941 4581 modis
972 4535 1315 4597 torquentur,
1342 4528 1496 4599 quasi
1529 4532 1631 4584 sub
1673 4531 1937 4602 gravissi-

326 4634 422 4675 mo
475 4620 721 4691 pondere
776 4618 1202 4675 sollicitudinem
1256 4618 1557 4677 habendo?
1595 4622 1701 4679 Vos
1751 4634 1933 4682 autem
1961 4643 2014 4705 ι)
2039 4634 2613 4713 iniqut'latcm(Psalm,
2645 4661 2790 4703 xxxv
2816 4691 2832 4717 ,
2867 4650 2993 4723 l2).

323 4728 439 4771 non
464 4710 612 4768 aliud
648 4711 942 4777 laboratis,
978 4713 1080 4767 nisi
1115 4720 1174 4768 ut
1200 4712 1303 4769 hoc
1332 4712 1543 4771 faciatis
1577 4718 1722 4788 quod
1766 4719 1935 4778 abbas

325 4805 600 4879 prazcipit.
628 4802 744 4861 Jam
777 4806 877 4862 sub
895 4804 1028 4878 jngo
1052 4818 1153 4862 es:
1208 4822 1316 4862 non
1355 4810 1565 4892 cogitas
1613 4812 1702 4869 ubi
1748 4814 1930 4884 vivas;

324 4897 456 4971 quia
486 4912 587 4953 nt-c
610 4896 778 4952 debes
810 4898 1072 4968 cogitare.
1104 4899 1214 4954 Est
1241 4901 1332 4971 qui
1370 4910 1422 4957 te
1452 4912 1605 4974 regat
1639 4922 1653 4959 :
1704 4915 1790 4962 est
1841 4908 1935 4980 qui

325 4989 429 5045 tibi
458 5005 642 5047 curam
664 4988 826 5046 lerat.
877 4988 1113 5044 Omnino
1164 4989 1230 5045 ad
1289 5006 1387 5047 vos
1419 4995 1679 5064 cogitatio
1734 4997 1839 5053 cibi
1874 5009 1930 5056 et

320 5082 642 5139 vestimenti
674 5099 774 5137 nec
801 5080 1078 5153 pertinere
1107 5079 1292 5139 debet.
1323 5083 1478 5151 Quod
1503 5086 1715 5143 dederit
1736 5090 1927 5157 abbas,

324 5175 410 5232 sic
436 5187 561 5247 puta
590 5177 741 5244 quasi
773 5176 915 5230 Deus
943 5174 1155 5231 dederit
1182 5195 1195 5231 :
1228 5178 1345 5247 ipsa
1386 5190 1470 5235 est
1497 5182 1641 5236 enim
1672 5198 1795 5238 vera
1828 5182 1931 5242 hu-

327 5268 554 5325 militas.
582 5266 691 5327 Sed
722 5266 864 5324 forte
894 5283 1034 5323 unus
1082 5268 1202 5340 plus
1231 5267 1426 5337 habet,
1458 5284 1513 5326 et
1541 5274 1681 5329 alter
1712 5278 1931 5345 minus;

324 5371 387 5419 et
406 5360 512 5418 hoc
534 5371 811 5433 tamquam
837 5381 864 5415 a
909 5359 1022 5417 Deo
1051 5358 1251 5416 factum
1277 5361 1493 5419 habete.
1538 5362 1646 5422 Sed
1681 5383 1819 5424 unus
1846 5385 1945 5426 stt-—

325 5456 422 5512 det
453 5457 520 5510 ad
541 5456 773 5514 alteram
828 5469 1107 5522 mensam;
1141 5456 1185 5510 si
1213 5455 1467 5528 sicjubet
1494 5459 1661 5515 abbas
1690 5504 1704 5527 ,
1755 5462 1801 5517 si
1853 5463 1932 5521 sic

323 5547 674 5622 probaverit,
721 5550 802 5605 sic
834 5548 1034 5605 habete
1088 5549 1243 5621 quasi
1303 5551 1447 5609 Dcus
1492 5552 1741 5624 jusserit.
1796 5557 1932 5619 Nolo

322 5638 457 5697 inde
484 5641 786 5716 interroges
805 5686 818 5706 ,
843 5652 899 5693 ttt
929 5640 1113 5707 dicas;
1139 5657 1261 5699 cras
1285 5658 1386 5714 ego
1418 5644 1488 5699 ibi
1518 5659 1769 5704 sessurus
1782 5668 1926 5709 sum.

323 5730 465 5791 Nolo
488 5742 548 5790 ut
563 5731 734 5790 facias
757 5732 1213 5792 consuetudinem
1299 5746 1357 5793 ut
1388 5736 1487 5796 tibi
1520 5736 1619 5797 des
1659 5741 1808 5801 illam
1839 5761 1935 5805 ne-

2043 2200 2197 2257 labor
2217 2204 2342 2272 ejus
2370 2207 2511 2263 tanti
2536 2213 2835 2282 temporis?
2855 2218 3141 2276 ttaaeenim
3165 2200 3473 2284 tuncnobis
3502 2242 3660 2300 pote-

2044 2302 2174 2347 runt
2202 2296 2486 2366 prodesse,
2509 2301 2556 2355 si
2590 2301 2943 2362 habuerimus
2967 2309 3361 2386 humilitatem,
3394 2296 3658 2380 obedien-

2048 2382 2177 2441 tiam
2202 2393 2263 2443 et
2290 2385 2639 2449 charitatem.
2676 2392 2777 2453 Via
2828 2397 2937 2455 alia
2963 2400 3031 2455 ad
3065 2403 3230 2460 Deum
3264 2382 3371 2464 non
3404 2420 3519 2480 est,
3554 2416 3657 2472 nisi

2042 2472 2347 2546 humilitas,
2365 2480 2676 2541 obcdieutia
2702 2497 2754 2542 et
2776 2487 2874 2543 cha
2886 2491 3035 2549 ritas.
3058 2492 3178 2565 Ipse
3200 2510 3284 2556 est
3302 2505 3410 2569 via,
3431 2508 3653 2577 veritas,

2042 2578 2094 2624 et
2127 2569 2259 2624 vita.
2291 2571 2425 2627 Nam
2453 2577 2708 2645 cruciari,
2734 2579 2989 2653 jejnnare
3013 2587 3424 2663 biduo,triduo,
3451 2569 3657 2670 quatri;

2044 2659 2180 2729 duo,
2193 2666 2528 2736 septimanos
2540 2668 2720 2728 facere
2734 2674 3069 2748 frequenter,
3085 2684 3211 2741 inde
3222 2659 3544 2761 superbiant
3560 2697 3655 2750 ira-

2042 2763 2178 2824 tres,
2201 2769 2457 2828 putantes
2482 2765 2607 2835 quia
2633 2768 2776 2837 quod
2800 2770 2901 2841 ipsi
2925 2772 3154 2843 faciunt,
3174 2781 3312 2837 alius
3343 2783 3653 2848 facerenon

2043 2858 2266 2953 potest:
2299 2852 2572 2912 inﬁnitum
2601 2873 2799 2929 putant
2826 2878 2950 2922 esse
2985 2871 3133 2937 quod
3170 2875 3312 2932 alius
3332 2893 3442 2935 non
3477 2896 3655 2953 potrst

2042 2940 2224 3001 facere
2248 2963 2263 3002 :
2285 2956 2379 3004 aut
2394 2951 2633 3008 ambulat
2657 2956 2808 3013 nudo
2820 2961 2977 3030 pede,
3009 2966 3373 3027 etarbitratur
3394 2940 3651 3045 quoniam

2040 3038 2161 3108 Ipse
2179 3039 2329 3097 solus
2355 3042 2459 3099 hoc
2488 3054 2670 3115 potest
2697 3047 2878 3108 Facere
2904 3071 2921 3108 :
2951 3066 3044 3112 aut
3070 3057 3216 3118 forte
3239 3079 3338 3120 nec
3382 3038 3517 3124 bibit
3553 3088 3653 3130 nec

2042 3130 2215 3202 ipsam
2228 3147 2423 3203 aquam
2442 3138 2698 3209 mixtam;
2721 3149 3043 3207 exercitatio
3058 3158 3373 3225 temporalis
3396 3172 3506 3229 est,
3523 3167 3648 3234 quia

3101 3246 3209 3304 Sed
3236 3252 3436 3323 cogitet
3477 3260 3652 3330 magis

2038 3319 2406 3381 humilitatem
2429 3368 2445 3393 ,
2470 3329 2675 3400 cogitet
2698 3330 2949 3402 pietatem
2973 3379 2988 3404 ,
3010 3319 3357 3415 cbaritatem,
3380 3319 3645 3409 obedien-

2039 3415 2433 3489 tiam.Proptcr
2452 3419 2598 3479 enim
2619 3421 2952 3499 frangendas
2972 3433 3120 3490 vires
3139 3441 3407 3511 corporis,
3426 3456 3650 3516 propter
3702 3422 3723 3436 Ι

2039 3512 2368 3575 domandum
2437 3524 2758 3595 sanguinem
2800 3540 2855 3585 et
2912 3546 3135 3591 carnem
3181 3536 3346 3596 debet
3405 3512 3651 3617 arripere

2038 3607 2140 3665 ista
2214 3614 2370 3682 quasi
2427 3614 2605 3673 bonus
2654 3620 2896 3691 athleta;
2981 3627 3076 3683 sed
3144 3647 3251 3688 non
3333 3633 3460 3693 inde
3520 3607 3651 3710 ἐιυ-

2037 3700 2226 3771 rletur,
2259 3720 2327 3760 ne
2375 3706 2733 3782 perdatqund
2794 3714 2942 3772 fecit.
2990 3719 3122 3777 Nam
3188 3723 3500 3785 Pharis-tuus
3534 3700 3648 3789 ville

2038 3795 2128 3866 qttl
2170 3798 2418 3854 ascendit
2476 3801 2530 3858 in
2561 3805 2821 3876 templum
2873 3827 3074 3882 orare,
3128 3820 3384 3884 numquid
3441 3839 3647 3896 opera,

2038 3904 2159 3961 quae
2188 3892 2544 3963 numerabat,
2579 3899 2790 3956 modica
2825 3906 3024 3961 erant?
3053 3906 3317 3967 immensa
3352 3892 3505 3971 erant
3530 3892 3649 3989 ;je;

2032 3979 2230 4052 junare
2253 3982 2339 4039 bis
2367 3985 2419 4040 in
2452 3986 2733 4057 Sabbato;
2767 3992 3009 4054 decimas
3039 4003 3282 4058 omnium
3313 4023 3494 4063 rerum
3520 3979 3646 4068 sua-

2037 4089 2157 4130 rum
2187 4080 2525 4149 pauperibus
2564 4082 2732 4152 dare;
2767 4103 2872 4145 non
2903 4090 3086 4151 facere
3117 4095 3396 4168 fraudem;
3429 4103 3644 4162 adulte-

2037 4169 2179 4225 rium
2211 4187 2318 4228 uon
2341 4178 2718 4248 committere,
2764 4182 3034 4243 inlinitum
3079 4199 3203 4247 est:
3245 4194 3338 4248 sed
3386 4199 3641 4267 quoniam

2032 4260 2261 4331 jactavit
2289 4265 2421 4323 illud
2444 4268 2497 4323 in
2529 4272 2865 4342 superbiam,
2902 4286 3072 4334 totum
3099 4283 3244 4352 quod
3276 4260 3423 4351 fecit,
3450 4303 3646 4359 super-

2035 4352 2123 4410 bia
2154 4353 2254 4410 fuit
2277 4355 2431 4428 (Luc.
2462 4377 2623 4423 xvm.
2658 4366 2691 4421 9
2723 4375 2773 4420 et
2790 4366 2925 4441 seq.)
2958 4370 3255 4443 Propterea
3293 4376 3460 4435 David
3479 4352 3641 4440 dicit:

2038 4446 2164 4505 Non
2194 4452 2364 4508 veniat
2394 4456 2523 4511 mihi
2552 4475 2643 4528 per
2671 4462 2928 4532 superbiae
2953 4506 2968 4532 ,
3015 4477 3065 4523 et
3120 4485 3310 4526 manus
3356 4478 3641 4547 peccatoris

2036 4557 2360 4601 ttontttoveat
2391 4563 2493 4605 me.
2540 4548 2627 4606 Ibi
2659 4554 2955 4613 ceciderunt
3000 4577 3177 4619 omnes
3222 4566 3312 4638 qui
3358 4581 3644 4641 aperantur

3047 4652 3150 4713 Ubi
3190 4659 3507 4719 ceciderunt
3528 4663 3552 4720 Ἰ
3584 4665 3640 4721 ltt

2036 4727 2192 4801 lapsu
2212 4733 2506 4804 superbiae.
2526 4736 2661 4795 Inde
2689 4745 2835 4797 enim
2867 4746 3066 4804 cecidit
3093 4748 3377 4823 diabolus,
3412 4773 3508 4827 per
3550 4775 3645 4817 su-

2035 4824 2282 4894 perbiam
2317 4827 2496 4900 lapsus
2519 4842 2623 4888 est.
2658 4833 2895 4893 Omnino
2926 4853 3058 4913 ergo
3098 4861 3207 4901 non
3238 4824 3555 4920 admittatur
3574 4855 3641 4912 ad

2033 4928 2224 4972 servos
2249 4918 2346 4977 Dei
2371 4923 2647 4993 superbia.
2678 4926 2781 4996 Qui
2810 4947 2941 5005 ergo
2961 4932 3074 5005 jam
3095 4937 3253 4996 aliter
3268 4942 3417 5011 vivit,
3443 4918 3641 5005 vitam.

2031 5020 2139 5077 que
2166 5024 2320 5069 suam
2349 5015 2546 5072 melius
2574 5016 2854 5091 instituit,
2888 5039 2995 5081 non
3050 5028 3125 5084 sit
3172 5037 3640 5104 quemadmodum

2033 5099 2127 5157 ille
2170 5101 2497 5164 Pharisaeus.
2561 5107 2890 5173 Publicanus
2946 5130 3133 5180 autent
3186 5099 3502 5190 humiliatus
3535 5154 3640 5196 non

2036 5195 2204 5253 audet
2233 5216 2336 5256 nec
2362 5202 2552 5262 oculos
2582 5206 2648 5265 ad
2671 5211 2871 5269 cretum
2903 5214 3117 5286 levate,
3146 5233 3201 5279 et
3229 5233 3502 5286 sententia
3538 5234 3644 5288 Do-

2039 5288 2173 5344 mini
2203 5292 2545 5353 collaudatus
2578 5300 2721 5358 redit
2751 5305 2818 5361 ad
2860 5306 3081 5367 domum
3109 5330 3265 5375 suam
3312 5321 3641 5395 justilicatus

2038 5381 2214 5487 magis
2242 5400 2401 5455 quam
2434 5388 2529 5446 ille
2557 5388 2890 5456 Phariszeus.
2941 5402 3239 5477 Expertum
3286 5381 3518 5487 namque
3542 5420 3641 5476 tta-

2039 5471 2263 5576 bcmus,
2286 5491 2341 5536 et
2369 5480 2421 5537 in
2457 5481 2589 5554 ipsis
2617 5494 2823 5549 sanctis
2852 5471 3142 5571 scripturis
3166 5548 3180 5571 ,
3214 5517 3267 5562 ct
3300 5508 3351 5565 in
3383 5471 3643 5576 fratribus

2040 5565 2275 5680 nostris,
2325 5572 2450 5645 quia
2496 5577 2825 5659 quicumque
2874 5565 3017 5648 viain
3064 5565 3389 5660 humilitatis
3430 5565 3642 5680 tenuit:

2040 5660 2255 5730 prolicit
2275 5704 2291 5734 ,
2311 5676 2365 5723 et
2393 5683 2503 5728 non
2537 5672 2698 5744 perit.
