4132 6176
493 333 559 393 71
1769 340 2118 402 AUCTORIS
2157 340 2472 403 ANONYMI
3726 351 3797 407 72

487 453 3774 486 mw

904 548 1908 711 AUCTOR
2041 546 3395 720 ANONYMUS.

1569 800 1804 865 CUJUS
1847 803 2116 866 OPERA
2159 805 2670 870 PBODIERUNT

765 975 1092 1082 SUB
1285 975 1961 1082 ΝΟΜΙΝΕ
2095 979 2236 1086 S.

2425 982 3507 1094 ATHANASII.

1727 1174 1803 1225 Ex
1828 1188 1944 1238 opp.
1970 1176 2025 1226 S.
2050 1175 2300 1228 Athanasii
2326 1182 2444 1229 tom.
2471 1176 2540 1228 IIl
2592 1217 2604 1230 .

555 1294 1235 1370 ADMONITUM
1315 1294 1427 1366 IN
1507 1293 2129 1383 SEQUENTIA
2203 1297 2416 1370 ΒΙῙο
2468 1298 3028 1374 OPUSCULA
3102 1301 3669 1380 ASCETICA.

549 1549 593 1602 A
624 1547 798 1602 multis
836 1547 952 1616 jam
995 1545 1201 1599 saeculis
1231 1543 1591 1616 subsequenles
1619 1544 1736 1599 duce
1764 1544 1997 1597 asceticce
2033 1542 2420 1600 exhortationes
2459 1545 2530 1600 ad
2561 1549 2840 1602 monachos
2869 1556 2917 1602 et
2943 1548 3012 1602 ad
3037 1565 3256 1619 sponsas
3285 1549 3476 1606 Christi
3499 1551 3772 1608 Athanasii

478 1639 685 1695 nomine
712 1637 968 1709 prodiere.
1015 1635 1082 1689 In
1106 1635 1414 1690 collectione
1449 1650 1672 1706 namque
1712 1633 2056 1706 Regularum,
2105 1651 2222 1705 qua:
2245 1644 2423 1688 octavo
2451 1638 2640 1690 steculo
2664 1653 2696 1690 a
2727 1635 3006 1691 Benedicto
3033 1637 3328 1695 Anianense
3355 1642 3658 1695 concinnata
3684 1651 3778 1706 est,

494 1740 713 1802 utraque
734 1739 991 1803 comparet
1013 1727 1286 1783 Athanasii
1307 1728 1517 1782 nomine
1543 1727 1792 1798 inscripta
1816 1743 1834 1792 ;
1866 1741 1983 1779 cum
2022 1735 2203 1779 neutra
2232 1737 2399 1780 tamen
2425 1726 2702 1782 Athanasii
2730 1728 2861 1782 nihil
2889 1729 2987 1782 nisi
3014 1745 3198 1783 nomen
3218 1730 3478 1784 admittat.
3508 1729 3648 1784 Nam
3669 1731 3783 1800 ipsa

480 1822 594 1876 luce
616 1821 808 1876 clarius
837 1831 938 1886 est,
993 1838 1025 1873 a
1050 1819 1235 1874 Latino
1263 1819 1537 1886 scriptore,
1575 1829 1620 1872 et
1650 1816 1858 1888 quidem
1883 1815 2112 1888 eleganti
2141 1817 2443 1887 Latineque,
2493 1828 2546 1872 ut
2575 1817 2671 1872 illa
2698 1829 2872 1886 (etate,
2906 1820 3247 1889 peritissimo,
3279 1821 3563 1878 adornatas
3605 1825 3778 1896 fuisse.

476 1913 724 1972 Secunda
744 1931 918 1986 porro,
946 1914 998 1967 in
1027 1913 1166 1968 Actis
1193 1909 1413 1966 Coucllii
1449 1910 1885 1982 Aquisgranensis
1915 1917 2054 1963 extat
2087 1909 2313 1981 integra,
2343 1909 2730 1982 Athanasioque
2771 1911 3064 1966 ascribitur.
3095 1912 3243 1967 Unde
3278 1913 3500 1984 fortasse
3527 1917 3785 1987 suspicari

477 2006 648 2074 liceat,
682 2006 840 2077 fuisse
864 2003 1030 2067 illam,
1047 2005 1339 2075 pariterque
1367 2005 1596 2075 priorem
1625 2020 1739 2070 qua:
1759 2002 1938 2057 eodem
1966 2003 2125 2072 ferme
2144 2001 2267 2073 styli
2297 2020 2481 2074 genere
2509 2006 2802 2075 conscripta
2825 2013 2920 2074 est,
2947 2006 3010 2059 ab
3032 2015 3241 2061 auctore
3264 2023 3358 2061 suo
3379 2010 3781 2066 commendatio-

474 2098 557 2154 nis
587 2113 745 2151 causa
772 2095 1049 2150 Athanasii
1077 2096 1284 2148 nomine
1309 2095 1626 2165 insignitum.
1658 2093 1944 2179 Utru’mque
1968 2101 2142 2148 autem
2167 2091 2479 2164 Opusculum
2506 2094 2559 2148 in
2592 2093 2892 2164 Appendice
2932 2095 3000 2149 ad
3031 2094 3272 2152 Codicem
3294 2097 3639 2169 Regularum,
3689 2117 3777 2155 cu-

473 2197 624 2244 rante
645 2187 787 2243 Luca
813 2186 1088 2242 Holstenio
1109 2186 1307 2240 editum
1329 2187 1428 2257 fuit
1457 2184 1679 2240 Parisiis
1703 2202 1840 2239 anno
1871 2184 2026 2240 1665,

2173 2305 2411 2315 c-———_.

1232 2383 2027 2469 EXHORTATIO
2102 2383 2262 2466 AD
2337 2385 3022 2472 MONACHOS.

551 2643 617 2700 Et
647 2644 692 2698 si
750 2641 879 2714 quid
935 2642 1162 2714 gloriari
1189 2641 1243 2699 in
1267 2640 1487 2698 Christo
1532 2641 1704 2706 licet,
1763 2636 2071 2710 huiusmodi
2100 2641 2155 2699 A
2182 2639 2230 2694 in
2265 2639 2647 2698 holocaustum
2680 2643 2874 2709 nostri,
2909 2645 3145 2702 hostiam
3179 2648 3498 2707 voluntariae
3526 2651 3757 2710 oblatio-

483 2733 768 2807 principiis
815 2735 1043 2803 initiati,
1075 2743 1133 2789 ut
1161 2734 1233 2790 sit
1265 2733 1541 2790 inchoatio
1569 2743 1750 2789 vestra
1780 2731 2070 2804 perfectio,

469 2837 524 2886 et
551 2828 618 2884 ad
637 2845 823 2886 veram
845 2828 1065 2884 vivendi
1095 2829 1300 2899 frugem
1324 2827 1527 2899 gradus
1552 2825 1906 2896 interpositos
1931 2841 2070 2896 pra:-

477 2921 726 2977 volantes
747 2962 763 2988 ,
811 2920 964 2992 apice
1005 2920 1175 2991 ipsius
1213 2920 1468 2976 culminis
1497 2927 1792 2989 occupato,
1821 2915 2066 2986 discipli-

471 3030 558 3072 nae
589 3030 858 3070 summam
889 3015 1149 3082 teneatis,
1177 3022 1239 3069 ut
1264 3014 1317 3069 in
1351 3012 1492 3069 votis
1523 3013 1729 3069 habere
1760 3012 1982 3079 debeat,
2016 3021 2070 3066 et

463 3105 670 3163 imitari
700 3105 933 3176 quisque
965 3120 1065 3161 vos
1094 3105 1276 3176 potius
1306 3121 1467 3175 quam
1495 3118 1656 3174 posse
1685 3103 1883 3159 credat
1910 3101 2069 3157 insti—

466 3199 578 3253 tui:
614 3197 744 3253 mihi
778 3206 961 3252 tamen
1017 3196 1178 3266 hujus
1225 3196 1510 3252 licentiam
1551 3195 1928 3266 prmrogativa:
1967 3209 2063 3263 pa-

483 3299 677 3346 ternus
706 3289 963 3360 ascripsit
985 3286 1214 3345 affectus
1234 3332 1249 3355 ,
1279 3296 1336 3343 et
1361 3287 1745 3358 amplectenda
1776 3286 1910 3341 mihi
1935 3300 2062 3342 ves-

471 3395 574 3440 trae
603 3381 1064 3454 expostulationis
1121 3381 1358 3438 exactio.
1411 3381 1512 3450 Qui
1541 3379 1668 3436 dum
1702 3396 1790 3436 me
1835 3380 2060 3448 auditis,

471 3489 579 3532 non
605 3475 782 3532 solum
803 3474 1055 3538 libenter,
1073 3474 1167 3530 sed
1192 3474 1352 3530 etiam
1382 3473 1537 3530 avide
1565 3472 1934 3545 impudentem
1971 3489 2057 3529 me

468 3577 654 3624 vestro
703 3583 898 3624 amore
943 3566 1174 3623 fecistis.
1208 3565 1589 3623 Praecedentes
1615 3565 1778 3634 duco,
1830 3575 1886 3622 et
1912 3567 2050 3621 ultra

461 3677 776 3718 mensuram
834 3676 968 3717 meae
1018 3660 1400 3733 possibilitatis
1440 3671 1701 3716 extensus
1731 3676 1867 3731 quos
1903 3660 2057 3731 sequi

466 3754 648 3823 cUpio.
681 3755 891 3808 ducere
921 3751 1249 3823 compellor.
1281 3751 1512 3823 Pergam
1546 3753 1711 3824 igitur
1739 3767 1838 3823 per
1864 3753 2054 3808 trami-

463 3855 571 3902 tem
596 3845 720 3902 vita:
747 3854 972 3910 vestrm,
1013 3853 1074 3901 ut
1097 3845 1253 3916 quasi
1290 3847 1380 3916 qui
1411 3845 1930 3915 primislitterarum
1955 3846 2056 3900 im-

450 3939 644 3995 buatur
671 3939 963 3997 elementis
1009 3939 1259 4010 depictis,
1318 3938 1678 3995 adumbratas
1733 3939 2056 4010 praefigura-

2180 2731 2264 2787 nis
2293 2744 2569 2803 aptemus,
2594 2735 2975 2793 desiderantes
2999 2753 3156 2794 escas
3183 2749 3240 2796 et
3267 2751 3544 2810 parantes,
3566 2759 3630 2800 ac
3656 2746 3769 2818 pri-

2181 2825 2416 2881 matibus
2446 2825 2554 2881 illis
2605 2827 2672 2882 ad
2703 2843 3022 2884 mensuram
3060 2833 3230 2887 venite
3264 2832 3408 2890 banc
3437 2838 3766 2894 sententiam

2176 2916 2498 2990 largientes:
2529 2918 2709 2975 Omnis
2731 2933 2968 2976 creatura
2994 2923 3088 2977 Dei
3109 2925 3267 2991 bona,
3290 2937 3334 2980 et
3359 2927 3490 2983 nihil
3513 2930 3761 3002 objicien-

2173 3009 2319 3074 dum,
2369 3010 2507 3075 quad
2535 3029 2652 3066 cum
2681 3016 2968 3083 gratiarum
3009 3017 3211 3072 actione
3240 3021 3524 3093 percipitur
3556 3023 3598 3094 (l
3632 3022 3764 3079 Tim.

2171 3117 2243 3169 tv,
2269 3101 2347 3174 4).
2377 3103 2486 3159 Nos
2516 3105 2582 3160 ad
2607 3111 2893 3176 przentium
2926 3109 3114 3178 glorise
3143 3113 3239 3166 illo
3281 3114 3470 3170 labore
3501 3117 3762 3184 nitentes,

2169 3192 2502 3262 bonumfest
2533 3212 2641 3254 non
2673 3200 3005 3256 manducare
3057 3219 3304 3270 carnem,
3363 3221 3541 3277 neque
3568 3208 3760 3265 bibere

2170 3286 2374 3339 vinum.
2426 3287 2492 3343 Et
2524 3305 2752 3346 rursus:
2787 3291 2965 3346 Omnis
2993 3293 3082 3362 qui
3114 3293 3167 3347 in
3193 3311 3360 3364 agone
3383 3298 3669 3366 contendit,
3700 3299 3788 3354 σὺν

2168 3379 2407 3433 omnibus
2436 3397 2490 3435 se
2514 3383 2734 3437 abstinet
2793 3384 2833 3454 (Ι
2867 3383 2989 3439 Cor.
3021 3401 3108 3451 ιχ,
3139 3385 3256 3457 25).
3312 3389 3378 3442 Et
3409 3389 3484 3444 illi
3511 3391 3761 3461 quidem,

2167 3478 2222 3522 ιιι
2250 3473 2660 3540 corruptibilem
2709 3489 2964 3531 coronam
3001 3479 3300 3549 accipiant,
3332 3496 3431 3536 nos
3459 3492 3639 3540 autem
3675 3485 3761 3540 in-

2163 3574 2498 3634 corruptam.
2527 3565 2875 3623 Abstiuentia
2903 3569 3049 3624 enim
3068 3574 3422 3641 continentiae
3443 3579 3626 3632 nutrix
3649 3589 3751 3646 εει,

2161 3668 2263 3723 qua
2297 3655 2522 3727 innupta
2548 3657 2663 3714 sive
2694 3669 2884 3729 nupta,
2919 3661 3127 3719 facilius
3160 3667 3541 3736 passibilitatis
3571 3672 3754 3728 frenos

2159 3748 2387 3818 patitur,
2413 3748 2459 3804 si
2489 3766 2596 3805 non
2623 3751 2940 3810 deliciarum
2961 3756 3271 3813 calcaribus
3293 3760 3572 3831 incitetur,
3594 3779 3754 3835 quam

2161 3840 2241 3896 sic
2267 3856 2385 3906 eos,
2419 3847 2509 3914 qui
2532 3844 2598 3897 ad
2622 3859 2836 3901 summa
2863 3849 3132 3915 nituntur,
3163 3851 3248 3907 vel
3271 3857 3455 3923 cupio,
3484 3855 3573 3912 vel
3603 3872 3759 3914 man-

2161 3932 2230 3987 do
2259 3933 2441 3990 colere
2467 3979 2481 4002 ,
2535 3952 2602 3991 ne
2633 3947 2822 4007 putent
2856 3939 2908 3994 in
2935 3940 3060 3995 aliis
3087 3941 3296 3998 crimen
3327 3959 3451 4000 esse
3479 3947 3750 4016 nupsisse,

469 4030 709 4086 tionibus
741 4039 897 4086 notas
928 4031 1068 4103 stylo
1094 4029 1369 4086 imitatore
1389 4031 1634 4096 calcabo,
1655 4031 2049 4087 accedentibus
2084 4027 2132 4088 B
2159 4027 2396 4082 SCientes
2443 4029 2708 4098 scriptum
2742 4047 2864 4087 esse
2893 4051 2904 4085 :
2963 4031 3171 4088 Bonum
3201 4046 3274 4091 est
3316 4037 3536 4104 nubere,
3569 4041 3752 4096 melius

467 4122 532 4177 ad
559 4132 776 4193 sperata
830 4123 972 4178 beati
1022 4121 1258 4178 instituti
1302 4121 1545 4193 prsentia,
1601 4138 1723 4193 qua:
1761 4123 2047 4194 sequenda

453 4225 605 4274 sunt.
635 4216 874 4272 Primum
920 4216 1270 4273 abstinentia:
1300 4231 1454 4282 cura,
1495 4216 1711 4288 jejunii,
1739 4218 2043 4288 patientiae,

455 4312 646 4369 orandi
674 4310 970 4369 assiduitas
997 4320 1054 4367 et
1080 4310 1324 4383 legendi,
1349 4313 1432 4367 vel
1459 4310 1503 4365 si
1526 4313 1650 4383 quis
1680 4310 1860 4368 adhuc
1893 4313 2041 4369 litte—

461 4422 644 4463 rarum
674 4421 872 4480 expers
901 4408 992 4473 sit,
1027 4405 1282 4462 audiendi
1314 4407 1384 4463 sit
1412 4406 1751 4463 desiderium
1783 4422 1906 4464 cum
1941 4422 2038 4463 cu-

441 4498 671 4571 piditate
694 4499 963 4554 discendi.
1024 4499 1149 4554 llzec
1178 4498 1325 4554 enim
1353 4509 1478 4552 sunt
1527 4501 1700 4567 prima
1731 4501 1882 4571 quasi
1919 4501 2028 4554 lac-

461 4591 689 4647 tentium
739 4591 1132 4646 cuuabulorum
1164 4591 1219 4644 in
1253 4591 1349 4646 Dei
1379 4589 1659 4662 agnitione
1713 4591 2038 4662 crepundia,

448 4682 648 4754 quibus
690 4681 854 4738 homo
884 4679 1224 4749 admonitus,
1276 4690 1432 4738 ortus
1481 4683 1562 4737 sui
1593 4681 1761 4736 divini
1796 4683 2042 4738 tramitis

440 4773 652 4848 ingredi
676 4774 818 4831 viam
849 4773 992 4830 velle
1017 4771 1278 4844 incipiat,
1313 4773 1439 4828 dum
1474 4787 1636 4844 posse
1681 4784 2030 4830 consuescat.

443 4867 512 4925 Et
541 4867 764 4939 quidem
795 4867 898 4924 ista
919 4865 1168 4933 tradens,
1195 4881 1303 4922 non
1329 4864 1398 4921 de
1423 4865 1576 4936 vulgi
1597 4867 1900 4936 promiscua
1931 4865 2039 4923 fide

443 4959 663 5033 loquor,
715 4959 861 5032 quod
920 4957 1314 5030 omnipotentis
1351 4956 1446 5012 Dei
1498 4965 1710 5012 tantum
1760 4957 2036 5013 insinuata

444 5052 738 5122 confessio,
796 5062 861 5109 et
897 5050 1225 5108 innocentiae
1279 5049 1574 5120 singularis
1604 5049 1871 5105 instillata
1899 5049 2034 5106 doc-

440 5149 611 5216 trina,
639 5147 796 5205 venia
827 5148 943 5205 sola
973 5147 1148 5205 efﬁcit
1171 5160 1297 5203 esse
1324 5154 1663 5202 contentum.
1698 5143 2034 5217 Quamquam

441 5241 710 5299 Dominus
734 5249 942 5307 noster,
985 5242 1126 5297 sicut
1153 5239 1382 5311 legimus
1435 5238 1619 5312 (Rom.
1649 5253 1745 5304 vn,
1777 5235 1856 5310 6),
1909 5253 2031 5294 om-

451 5352 551 5395 nes
581 5336 718 5394 velit
746 5336 926 5392 salvos
955 5335 1075 5392 fieri
1102 5343 1158 5392 et
1199 5334 1269 5390 ad
1296 5333 1627 5402 agnitionem
1657 5331 1907 5388 veritatis
1937 5346 2033 5388 ve-

2156 4127 2230 4170 est
2256 4135 2360 4172 non
2385 4121 2575 4175 nubere
2601 4122 2647 4189 (Ι
2675 4120 2798 4178 Cor.
2837 4140 2933 4191 vtt,
2966 4125 3085 4196 57).
3136 4126 3240 4192 Qui
3269 4128 3372 4184 hoc
3402 4131 3548 4184 enim
3585 4131 3747 4186 illici-

2159 4219 2272 4266 tum
2305 4215 2563 4280 credunt,
2600 4217 2698 4287 ipsi
2728 4220 3012 4289 prtemium
3047 4221 3128 4274 sui
3159 4220 3368 4277 laboris
3394 4222 3745 4279 imminuuut.

2155 4303 2374 4362 Illicitis
2405 4308 2551 4362 enim
2582 4324 2808 4375 cavere,
2860 4310 3051 4381 jugutn
3083 4315 3426 4370 necessitatis
3450 4327 3574 4372 est:
3620 4331 3751 4388 per-

2154 4397 2324 4453 missa
2341 4399 2589 4465 vincere,
2624 4416 2823 4456 munus
2854 4402 3089 4457 arbitrii.
3120 4404 3276 4460 Malis
3301 4406 3607 4473 abstinere,
3637 4408 3746 4464 dis-

2149 4489 2369 4559 ciplinze
2397 4507 2609 4548 merces
2639 4501 2746 4559 est,
2808 4494 2948 4549 bona
2978 4496 3322 4568 supergredi,
3374 4497 3602 4554 libertas
3631 4516 3744 4556 mc-

2150 4581 2237 4635 riti
2270 4591 2388 4650 est,
2426 4600 2532 4637 non
2565 4584 2693 4640 finis
2725 4585 2961 4656 imperii.
3018 4587 3153 4643 Illud
3185 4589 3320 4660 legis
3350 4590 3618 4646 indultum
3651 4605 3737 4649 est

2150 4674 2422 4743 terminis,
2454 4675 2557 4732 hoc
2583 4677 2776 4749 gratia:
2809 4667 3156 4735 reservatum
3187 4692 3273 4736 est
3302 4681 3682 4740 incrementis.

2214 4764 2269 4818 2.
2304 4765 2646 4836 Jejuniorum
2700 4784 2916 4841 quoque
2956 4785 3062 4826 non
3107 4771 3179 4827 sit
3208 4774 3522 4832 volentibus
3577 4786 3736 4833 certa

2146 4873 2427 4925 mensura,
2458 4860 2553 4916 sed
2585 4861 2639 4916 in
2668 4872 2930 4935 quantum
2964 4864 3302 4934 possibilitas
3324 4867 3490 4936 valet,
3515 4868 3637 4924 nisu
3660 4869 3740 4926 la-

2144 4948 2390 5006 borantis
2419 4962 2647 5009 extensa
2669 4996 2685 5023 ,
2736 4971 2859 5026 quae
2887 4964 3093 5026 praeter
3141 4956 3477 5014 Dominicam
3507 4975 3732 5034 semper

2141 5043 2250 5098 sint
2281 5045 2548 5100 solemnia
2571 5090 2586 5114 ,
2639 5046 2684 5101 si
2719 5047 2900 5102 votiva
2931 5047 3060 5102 sint.
3117 5047 3211 5104 llis
3241 5063 3366 5106 sese
3394 5050 3575 5108 Moses
3601 5052 3727 5109 bea-

2142 5137 2388 5192 tissimus
2427 5153 2769 5209 praeparans,
2801 5139 3056 5196 affatibus
3098 5141 3193 5197 Dei
3233 5141 3432 5214 dignus
3480 5145 3731 5218 ingessit.

2140 5227 2236 5283 His
2266 5231 2556 5300 praedictas
2589 5246 2685 5300 per
2710 5231 2904 5288 Jonam
2941 5231 3194 5289 Ninivitm
3226 5235 3430 5301 minas,
3472 5236 3526 5291 in
3555 5238 3728 5308 placi-

2136 5319 2260 5376 dam
2291 5336 2481 5376 rursus
2512 5321 2724 5379 ﬂexere
2753 5324 3106 5381 sententiam.
3149 5326 3243 5382 llis
3270 5326 3535 5383 Betltulite
3565 5345 3738 5401 popu-

430 5430 552 5488 nire
570 5474 585 5500 ,
605 5439 786 5486 tamen
803 5429 930 5501 quia
953 5426 1358 5500 prmeminentis
1384 5426 1572 5497 gratiae
1605 5427 1782 5481 cuncti
1801 5439 2030 5495 capaces

2159 5429 2219 5470 us
2242 5415 2465 5488 Assyria
2497 5416 2788 5475 obsidione
2818 5421 3111 5476 conclusus
3132 5462 3148 5488 ,
3177 5431 3233 5477 et
3261 5435 3437 5493 usque
3469 5421 3536 5476 ad
3564 5421 3723 5478 dedi-

426 5535 554 5578 asse
585 5537 696 5578 non
730 5529 994 5592 possunt:
1031 5518 1150 5575 Non
1175 5518 1320 5574 enim
1344 5517 1557 5591 (Cenes.
1585 5533 1707 5586 ut;
1743 5516 1921 5572 Galat.
1945 5518 2024 5591 tv)

427 5628 643 5684 omnes,
685 5615 779 5688 qui
807 5631 879 5672 ex
908 5613 1079 5670 Israel
1110 5621 1262 5680 sunt,
1322 5611 1584 5667 Israelitm
1613 5621 1740 5668 sunt
1789 5609 1939 5684 (nam
1969 5623 2029 5669 et

433 5708 632 5767 lsmael
662 5725 693 5764 a
723 5709 1010 5766 consortio
1043 5708 1300 5765 fraterna:
1323 5706 1661 5763 hereditatis
1691 5707 2022 5775 excluditur,

440 5812 498 5862 et
523 5813 957 5876 compugnantes
983 5802 1155 5860 Jacob
1183 5810 1237 5858 et
1267 5800 1410 5858 Esau
1437 5843 1452 5869 ,
1481 5801 1636 5857 unius
1670 5800 1812 5858 uteri
1843 5799 2018 5856 claus-

439 5907 520 5957 tra
555 5904 824 5970 ruperunt
844 5897 888 5967 ),
943 5896 1031 5952 vel
1070 5894 1314 5953 contenti
1346 5903 1510 5966 puteo
1537 5907 1688 5965 aquae
1718 5893 1888 5960 vivat,
1922 5907 2022 5948 nos

2138 5512 2341 5566 tionem
2371 5513 2452 5566 sui
2486 5522 2709 5581 experta
2744 5515 2982 5584 plurima
3024 5517 3229 5572 virtute
3261 5517 3628 5584 conterritus,
3653 5515 3723 5571 ab

2136 5602 2506 5674 “Olophernis
2537 5606 2878 5662 tumentibus
2905 5607 3072 5663 minis
3111 5609 3421 5665 constantis
3454 5625 3618 5665 manu
3649 5608 3729 5665 fe-

2135 5697 2299 5751 mina:
2330 5696 2533 5752 meruit
2559 5696 2848 5754 vindicari.
2877 5699 2973 5755 llis
3004 5699 3381 5759 ltiardochteus
3401 5704 3573 5756 Aman
3601 5717 3730 5757 cru-

2129 5787 2309 5844 delem
2345 5789 2628 5860 superbia,
2663 5803 2977 5863 praeparato
3009 5792 3232 5850 sibimet
3284 5793 3431 5865 ligno
3485 5802 3728 5864 accepta

2129 5898 2309 5956 poenae
2365 5886 2730 5942 conversione
2779 5887 3087 5958 suspendit.
3145 5889 3237 5945 His
3287 5887 3446 5946 Jestts
3473 5887 3724 5948 Salvator
