4132 6176
366 285 430 337 ’13
1481 289 1910 346 ΕΧΠΟΒΤΛΤΙΟ

2012 293 2050 346 D
2094 295 2472 352 MONACIIOS.
3533 317 3600 366 τι

368 403 542 447 uoster
569 393 617 446 in
644 409 802 448 carne
829 394 1058 450 hominis
1079 437 1093 461 ,
1124 411 1279 467 quem
1310 412 1674 470 assumpserat
1699 443 1714 466 ,
1744 401 1924 456 erudi-
1958 408 2004 462 Α
2035 403 2087 455 in
2129 404 2358 458 elatione
2397 408 2620 475 superba
2643 408 2900 477 jactclttl‘;
2946 415 3036 467 sed
3067 415 3358 472 omen-aus
3396 429 3601 489 tempus

366 496 477 546 tus,
517 483 754 537 suadelas
807 484 1003 539 diaboli
1043 489 1295 542 tentantis
1329 489 1593 544 obtundit.
1639 492 1782 558 Quas
1825 491 1927 545 et~i

364 575 508 626 alier
537 576 788 641 potuis~et
831 577 1132 644 expellere,
1173 577 1443 632 docendos
1489 591 1661 634 tamen
1704 583 1926 650 papulos

365 667 522 717 voluit
557 668 650 720 hac
691 667 987 723 imitatione
1024 669 1274 724 formare.
1307 672 1649 727 Orationibus
1687 691 1812 728 vero
1855 675 1923 728 ita

368 753 655 822 frequenter
676 758 982 812 instandum
1012 770 1126 824 est,
1160 771 1216 815 ut
1236 763 1324 816 vix
1357 779 1447 817 eas
1476 765 1685 833 aliquod
1719 777 1924 834 tempus

365 845 651 912 interpolet.
690 847 958 917 Scriptum
999 863 1074 904 cal
1114 853 1255 906 enim
1288 870 1302 906 :
1338 854 1664 908 Orationibus
1701 858 1919 923 inslate,

363 933 615 1002 tigilantrs
643 938 695 989 in
719 937 825 990 illis
845 938 1058 1007 (Matth.
1085 957 1172 1005 vu,
1203 943 1309 1010 18).
1336 944 1399 997 Et
1421 945 1610 998 iterum
1637 964 1648 997 :
1678 947 1919 1012 Qua’rite,

359 1032 401 1073 et
428 1023 722 1090 invenietis;
768 1031 995 1096 pulsate,
1040 1039 1086 1084 et
1125 1033 1380 1098 aperietur
1417 1035 1552 1088 robis
1585 1035 1797 1106 (Matt/1.
1834 1053 1917 1102 vt,

362 1112 462 1180 t9).
497 1113 596 1168 l’er
627 1115 722 1169 has
747 1119 948 1173 anticus
973 1122 1244 1175 dormiens
1272 1124 1532 1177 excitatur
1561 1143 1574 1176 :
1603 1137 1656 1180 et
1682 1131 1920 1196 quamvis

357 1220 560 1257 omnem
591 1206 842 1261 familiam
874 1225 1035 1280 sopor
1062 1213 1200 1268 altus
1229 1216 1532 1283 obsederit,
1573 1219 1808 1288 depromi
1842 1232 1918 1275 ta-

357 1310 470 1347 men
499 1296 600 1350 sibi
637 1312 698 1350 ac
737 1301 931 1370 porrigi
976 1317 1139 1371 panes
1179 1306 1510 1374 importunus
1555 1313 1918 1379 espostulator

355 1393 644 1453 extorquet.
680 1388 811 1451 Has,
844 1393 886 1442 si
917 1391 1030 1446 fieri
1061 1402 1266 1461 potest,
1297 1398 1412 1450 sola
1444 1397 1649 1467 legendi
1689 1403 1915 1456 interca-

357 1475 484 1539 prtio
503 1477 836 1547 disrumpat:
862 1482 1013 1549 cujus
1042 1485 1120 1538 rei
1148 1501 1272 1538 cura
1297 1486 1347 1539 in
1378 1490 1648 1543 canonicis
1674 1494 1913 1558 ponenda

350 1578 424 1620 c~t
469 1571 813 1625 monimentis
854 1591 866 1624 :
919 1589 1022 1628 non
1068 1577 1209 1644 quod
1251 1581 1548 1649 apocrypha
1587 1583 1909 1649 debeamus,

351 1659 641 1720 priesertim
674 1661 926 1730 ignorata,
955 1666 1228 1732 damnare,
1258 1669 1516 1740 sedquod
1543 1673 1610 1726 ad
1632 1674 1906 1730 scientiam

2034 498 2275 561 tacendi,
2307 511 2361 552 et
2394 511 2600 568 tempus
2631 503 2909 572 loquendi,
2939 521 3099 562 omne
3131 511 3348 564 verbum
3371 514 3598 569 otiosum

2028 586 2314 640 obnoxium
2346 591 2477 643 sciat
2500 606 2618 646 esse
2647 595 2858 648 rationi.
2890 595 3018 650 Nam
3050 598 3171 652 ideo
3195 611 3249 654 ct
3279 602 3437 656 David
3471 606 3596 657 lica-

2029 676 2268 730 tissimus
2297 681 2372 731 cri
2405 695 2502 734 suo
2543 683 2834 737 cusmdiam
2862 687 3122 754 deposcit.
3150 691 3214 743 Et
3241 694 3595 749 condiendum

2026 766 2139 819 sale
2162 811 2174 831 ,
2210 768 2470 822 benedicti
2518 771 2659 825 Pauli
2701 777 2884 841 pagina
2915 793 3062 831 sacra
3084 819 3100 843 ,
3133 797 3434 838 sermoni-tn
3465 802 3596 840 con-

2027 857 2214 909 stituit.
2252 858 2316 910 Et
2346 862 2542 912 ttlllium
2574 862 2891 919 indomabtle
2919 871 3212 924 membrum
3244 887 3393 939 esse,
3436 891 3592 938 quam

2028 945 2294 1012 linguam,
2343 951 2617 1004 tesilicata
2662 953 2842 1008 Jacobi
2878 970 3135 1028 praecepta
3180 961 3471 1030 signarunt.
3515 965 3596 1018 Sit

2026 1033 2182 1101 igitur
2207 1038 2293 1103 qui
2328 1037 2624 1103 ltujusmodi
2657 1045 2794 1096 viam
2831 1049 3034 1102 scandit
3066 1051 3272 1115 tacitus,
3305 1054 3466 1118 mitis,
3501 1055 3593 1109 be-

2025 1127 2235 1194 nignus.
2263 1128 2328 1181 Et
2351 1131 2469 1198 quia
2493 1131 2762 1187 charitatis
2783 1134 3075 1193 insolubilis
3097 1140 3320 1197 habetur
3346 1144 3586 1208 aﬂ'cctus,

2024 1217 2074 1266 in
2108 1217 2286 1269 stttdio
2315 1221 2464 1285 pztl'lll
2489 1234 2700 1284 semper
2721 1224 2879 1277 alium
2905 1227 3144 1304 judicans
3171 1233 3448 1299 potiorem.
3479 1235 3591 1289 Hoc

2021 1300 2160 1361 cuitu
2208 1311 2358 1362 freno
2405 1311 2685 1382 adstringit
2731 1317 3016 1382 invidiam,
3041 1300 3222 1389 quam
3261 1325 3447 1378 vicina:
3486 1327 3586 1380 sibi

2018 1397 2262 1450 elationis
2294 1401 2488 1469 smpius
2520 1403 2785 1458 incitatam
2814 1405 3034 1475 judicio,
3064 1409 3188 1462 dum
3218 1413 3415 1478 gratias
3451 1415 3588 1469 refe.

2020 1487 2169 1540 rendi
2199 1489 2296 1542 sibi
2332 1490 2548 1544 ltonotis
2583 1495 2813 1561 appetit,
2864 1504 3039 1550 notam
3071 1500 3251 1554 miseri
3298 1501 3485 1557 livoris
3508 1503 3587 1556 in-

2016 1580 2198 1630 corrit.
2241 1578 2349 1632 Nec
2375 1583 2597 1645 primum
2621 1586 2754 1637 adeo
2781 1589 3139 1656 unusquisque
3170 1590 3422 1660 percipit,
3445 1594 3489 1646 si
3519 1593 3587 1645 ab

2020 1666 2324 1722 hominibus
2365 1671 2412 1723 id
2447 1672 2706 1741 rcquirit:
2743 1674 2880 1727 Deus
2916 1682 3049 1728 enim
3093 1680 3323 1748 superbis
3363 1683 3581 1745 resistit,

358 1747 439 1798 ltei
469 1748 761 1817 digrstam,
801 1757 1016 1808 (annonis
1056 1758 1250 1811 seriem
1284 1769 1527 1826 putemus
1565 1779 1722 1830 posse
1763 1767 1910 1820 sulti-

2017 1760 2287 1814 Immilibus
2314 1770 2480 1814 auttm
2510 1765 2597 1816 dat
2633 1765 2854 1833 gratiam
2882 1765 2934 1836 (I
2963 1766 3105 1822 Petr.
3133 1746 3183 1833 v,
3214 1771 3301 1840 5).
3333 1772 3434 1839 Qui
3462 1789 3581 1828 cum

350 1855 483 1895 cere.
524 1845 621 1898 llla
645 1847 787 1900 enim
827 1847 874 1903 si
903 1851 1272 1918 consentiunt,
1319 1868 1642 1923 supervacua
1681 1869 1836 1924 sunt;
1869 1863 1912 1914 si

347 1932 691 2004 dissentiunt,
722 1941 932 1995 vitanda
964 1952 1106 1998 sunt.
1139 1944 1267 2000 Sine
1307 1947 1511 2014 legendi
1552 1952 1728 2004 studio
1758 1971 1914 2007 nemo

349 2024 408 2075 ad
450 2023 734 2079 Dominum
781 2044 900 2084 esse
929 2032 1124 2086 valebit
1164 2033 1417 2089 intentus.
1463 2039 1726 2105 i’ritttttut,
1773 2045 1911 2111 quod

353 2107 648 2181 tinjusmodi
693 2133 853 2186 opera
882 2121 950 2173 ab
986 2123 1104 2175 aliis
1134 2125 1336 2179 actibus
1367 2128 1582 2182 caduca:
1610 2134 1910 2200 occupatio-

350 2207 424 2255 nis
450 2205 756 2272 abducunt,
803 2220 852 2261 et
883 2210 1212 2266 diversorum
1255 2218 1616 2283 exemplorum
1669 2237 1730 2273 ns
1757 2235 1910 2276 nuata

349 2295 592 2359 cognitio,
622 2298 704 2351 vel
737 2299 995 2354 bonorqu
1024 2307 1401 2372 appetentiam,
1434 2309 1514 2361 vel
1551 2311 1805 2364 malorum
1836 2312 1912 2366 fa-

347 2386 413 2436 cit
437 2399 556 2440 esse
578 2389 867 2443 cautelam.
897 2390 1078 2459 Neque
1102 2397 1242 2447 enim
1268 2396 1398 2448 alias
1429 2398 1614 2451 Petrus
1643 2403 1914 2468 apostolus

348 2475 656 2530 admoneret
683 2493 797 2543 nos,
825 2479 1009 2534 dicens
1034 2500 1046 2533 :
1079 2481 1256 2537 Parati
1278 2500 1476 2552 semper
1494 2498 1651 2541 estote
1672 2491 1739 2542 ad
1760 2494 1915 2544 ratio-

348 2583 449 2618 nent
474 2569 820 2637 reddendam,
855 2573 924 2624 ad
951 2590 1118 2627 omnes
1146 2584 1403 2643 poscentes
1432 2593 1516 2631 vos
1543 2581 1605 2632 de
1633 2583 1780 2635 verbo
1808 2585 1915 2651 apii

347 2667 530 2725 vestrm,
563 2671 613 2713 et
645 2662 768 2728 fidei
793 2663 854 2732 (Ι
887 2661 1031 2717 Petr.
1061 2680 1150 2732 Ill,
1185 2665 1305 2734 16).
1335 2668 1400 2720 Et
1433 2667 1759 2738 ApOstolus:
1791 2672 1913 2726 Non

345 2764 588 2803 cessamus
627 2768 722 2821 pro
755 2753 896 2807 vobis
933 2766 1165 2820 orantes,
1209 2766 1267 2810 ut
1308 2759 1620 2830 impleamini
1656 2765 1914 2834 agnitione

346 2843 447 2908 ejus
471 2842 522 2894 in
548 2844 689 2895 omni
713 2845 963 2914 sapientia
991 2855 1036 2899 et
1061 2848 1316 2902 intellectu
1343 2853 1601 2920 spirituali
1631 2855 1846 2924 (Coloss.
1873 2874 1910 2923 ι,

346 2929 417 2996 9).
450 2931 505 2983 Et
537 2946 728 2985 rursus
757 2947 771 2985 :
807 2932 1027 2988 Verbum
1063 2935 1251 2991 Christi
1285 2940 1471 2995 habitet
1505 2943 1560 2995 in
1587 2944 1723 2997 vobis
1751 2947 1912 3001 abun-

346 3018 514 3070 danter
541 3020 596 3072 in
619 3022 760 3072 omni
779 3024 1028 3090 sapientia
1055 3024 1267 3094 (Coloss.
1295 3043 1346 3096 v,
1374 3030 1482 3099 16).
1508 3032 1635 3085 Nam
1659 3045 1710 3087 et
1735 3035 1784 3088 in
1808 3035 1910 3090 Ve-

349 3114 436 3163 teri
480 3113 829 3167 Testamento
885 3117 1109 3170 similem
1167 3120 1465 3176 hominibus
1509 3139 1692 3178 curam
1743 3143 1908 3182 sacrm

352 3205 709 3266 pneceptimiis
732 3206 1010 3258 inculcavit
1033 3208 1317 3276 eloquium.
1343 3214 1428 3266 Sic
1449 3215 1589 3266 enim
1613 3215 1771 3269 David
1793 3218 1860 3270 ait
1890 3235 1903 3271 :

349 3289 520 3344 Beatus
545 3295 646 3357 rir,
675 3296 762 3361 qui
781 3312 881 3348 non
907 3298 1026 3350 abiit
1050 3299 1100 3350 in
1123 3300 1334 3353 consilio
1361 3305 1651 3371 impiorum,
1687 3316 1730 3358 et
1756 3309 1807 3359 iu
1829 3309 1908 3361 ria

346 3393 657 3446 peccatorum
687 3403 788 3439 non
829 3389 992 3454 stetit,
1028 3399 1076 3442 et
1109 3391 1160 3443 in
1200 3395 1439 3446 cathedra
1480 3396 1778 3464 pestilentiw
1807 3415 1907 3452 non

345 3475 482 3528 sedit.
509 3477 621 3529 Sed
652 3479 703 3530 in
734 3479 842 3549 lege
870 3479 1070 3533 Domini
1090 3485 1318 3538 voluntas
1343 3488 1476 3556 ejus,
1508 3498 1553 3539 et
1583 3489 1633 3540 in
1661 3491 1770 3558 lege
1797 3493 1907 3562 ejus

346 3566 660 3621 meditabitur
692 3570 773 3621 die
809 3585 870 3621 ac
899 3581 1038 3623 nocte
1075 3571 1306 3639 (Psalm.
1337 3591 1386 3640 ι,
1419 3575 1501 3644 1).
1537 3577 1602 3630 Et
1630 3579 1694 3631 ad
1724 3579 1903 3633 Jesuut

348 3654 476 3709 Nave
505 3657 649 3709 Deus
679 3658 947 3725 lvquitur:
983 3661 1102 3713 Non
1124 3664 1316 3716 recedet
1338 3663 1462 3718 liber
1481 3666 1574 3719 iste
1595 3667 1656 3721 de
1677 3669 1905 3723 manibus

346 3746 457 3806 tuis,
483 3756 529 3798 et
557 3748 878 3802 meditaberis
906 3751 956 3802 in
988 3767 1045 3804 eo
1079 3752 1162 3804 die
1196 3769 1257 3806 ac
1289 3765 1432 3808 nocte
1460 3755 1592 3825 (los.
1628 3773 1672 3822 t,
1701 3758 1780 3812 8).
1813 3759 1906 3814 llis

346 3850 544 3904 quoque
590 3839 818 3904 negotiis
849 3841 1102 3895 malarum
1149 3842 1523 3911 cogitationum
1555 3847 1751 3901 lubrica
1796 3848 1902 3902 fre-

347 3938 559 3990 quenter
600 3928 942 3984 intersernnt.
990 3933 1058 3985 Et
1081 3937 1321 4001 quamvis
1357 3935 1469 4003 ipsa
1510 3937 1761 3992 sedulitas
1788 3942 1903 3994 ani-

349 4030 477 4069 inum
497 4018 563 4072 ad
595 4018 757 4072 Deum
786 4030 1002 4088 praestet
1027 4021 1304 4089 intentum,
1327 4022 1490 4079 efﬁcit
1511 4035 1682 4081 tamen
1710 4028 1760 4081 iu
1781 4044 1903 4084 sese

347 4108 550 4162 mordax
584 4111 762 4164 amculi
791 4126 914 4165 cura
946 4113 1248 4167 sollicitum.

410 4199 462 4252 3.
503 4200 654 4267 Quod
698 4203 740 4254 si
791 4204 903 4255 haec
941 4203 1242 4272 frequenter
1277 4214 1332 4260 et
1361 4206 1658 4276 importune
1706 4211 1901 4279 patitur

345 4287 589 4355 religioso
615 4291 784 4345 labori
813 4292 1052 4358 deditus,
1086 4311 1350 4365 nunquam
1390 4301 1626 4366 profecto
1672 4301 1777 4355 illis
1809 4317 1901 4356 ca-

348 4377 469 4432 rebit
491 4382 716 4435 otiosus.
748 4381 896 4436 Nunc
921 4383 1169 4452 quoniam
1206 4386 1502 4441 studiorum
1542 4392 1779 4445 nietnbra
1818 4392 1900 4446 di-

345 4472 610 4540 gessimus,
640 4490 848 4528 morum
877 4489 1156 4546 augmenta
1185 4479 1532 4533 cumulemus.
1561 4479 1693 4534 Illud
1719 4492 1897 4537 autem

348 4575 439 4612 non
467 4574 611 4616 extra
635 4567 1103 4620 commonitionem
1131 4576 1258 4636 puto
1275 4608 1290 4632 ,
1317 4576 1374 4621 ut
1409 4571 1478 4623 sit
1505 4571 1676 4624 victus
1702 4571 1894 4640 facilis,

350 4654 660 4724 vestitusque
688 4673 718 4708 v
743 4656 838 4724 lis,
881 4672 1002 4711 cum
1045 4657 1157 4712 base
1199 4658 1410 4735 tegendi
1449 4661 1689 4728 corporis
1731 4663 1898 4731 gratia

347 4753 542 4806 reperta
569 4747 694 4805 sint,
728 4762 833 4800 non
863 4749 1084 4802 ornandi
1115 4766 1129 4802 :
1159 4759 1212 4804 et
1241 4750 1326 4804 illa
1353 4750 1676 4806 sustinenda:
1703 4754 1899 4808 anima:

351 4834 508 4896 potius
535 4850 691 4903 quam
723 4837 1027 4892 obruendos.
1061 4838 1153 4892 llis
1181 4854 1343 4909 ergo,
1377 4856 1494 4909 qua:
1531 4856 1690 4911 supra
1721 4853 1900 4899 osten-

348 4912 526 4988 itinn'i's,
558 4928 759 4980 actibus
786 4931 1136 4998 mancipatus,
1161 4946 1319 4986 omne
1339 4931 1518 4986 odium
1538 4933 1771 5002 deponat
1798 4935 1898 4988 ini-

348 5013 478 5068 mici.
527 5016 632 5072 Nec
683 5020 783 5072 hoc
832 5030 1032 5074 tantum
1084 5023 1187 5075 line
1233 5033 1548 5088 contentus,
1597 5025 1894 5080 simultates

347 5117 435 5157 am-
461 5122 515 5160 re
559 5121 880 5172 commutet,
922 5113 1054 5166 iram
1099 5113 1364 5182 patientia:
1405 5123 1666 5182 temperet
1707 5117 1892 5183 freno,

347 5195 603 5249 avaritiam
634 5199 967 5254 abstinentiae
990 5204 1108 5256 forti
1140 5204 1318 5257 vincat
1347 5204 1592 5270 imperio,
1622 5215 1677 5258 et
1707 5207 1896 5271 praeci-

350 5300 439 5348 pue
477 5287 703 5357 linguam
746 5293 985 5345 custodia
1015 5295 1390 5348 taciturnitatis
1437 5295 1708 5362 obseptat,
1743 5311 1810 5350 ne
1842 5297 1893 5350 itt

347 5375 554 5441 litigium
585 5384 906 5434 contentiosa
932 5385 1208 5445 fervescat,
1233 5400 1300 5438 ne
1330 5385 1379 5437 itt
1408 5385 1580 5438 maled
1605 5395 1746 5439 ctum
1774 5402 1896 5454 pro-

345 5481 434 5520 cax
461 5470 684 5523 ittCul't'at
706 5511 722 5535 ,
753 5488 818 5526 ne
844 5474 897 5526 in
928 5474 1365 5529 obtrectationem
1393 5475 1650 5529 maledica
1680 5485 1893 5542 serpat,

345 5571 407 5609 ue
435 5562 483 5610 in
503 5559 815 5624 jurationem
848 5563 1012 5616 laedis
1043 5563 1365 5632 prolabatur,
1397 5579 1463 5618 ue
1485 5564 1540 5617 in
1563 5564 1893 5618 mendacium

347 5650 453 5698 licta
482 5651 708 5707 simulet.
744 5669 808 5704 ne
834 5655 883 5702 in
906 5653 1356 5710 circuutveutiotte
1384 5663 1554 5709 astuta
1581 5653 1792 5722 calleat,
1829 5671 1895 5710 nc

538 5739 792 5798 PATltOL.
845 5740 1066 5799 XVlll.

1929 4440 1978 4500 D

2015 1850 2082 1903 de
2109 1851 2407 1920 ltujusmodi
2437 1855 2609 1908 studio
2638 1857 2921 1924 discipulos
2951 1860 3184 1915 erudiret
3203 1901 3219 1927 ,
3255 1863 3422 1930 ipsum
3462 1879 3582 1934 pro-

2018 1941 2222 1994 nuntiat
2261 1943 2578 2006 maximttm,
2628 1946 2715 2014 qui
2758 1948 3005 2003 minimus
3045 1951 3173 2005 velit
3211 1966 3331 2007 esse
3365 1965 3583 2009 cuncto-

2015 2046 2153 2083 rum.
2185 2032 2309 2084 Esto
2334 2033 2402 2086 ab
2431 2033 2691 2101 aliquibus
2719 2035 2884 2091 frater
2912 2048 3031 2092 tuas
3062 2042 3376 2110 propensius
3415 2043 3581 2097 bono-

2015 2130 2184 2188 retur,
2221 2137 2316 2176 nec
2339 2124 2458 2176 illos
2479 2127 2625 2192 quasi
2653 2126 2826 2180 minus
2853 2129 3053 2184 amicos
3079 2131 3295 2194 habeas,
3323 2147 3418 2186 nec
3445 2133 3581 2188 hunc

2013 2216 2162 2277 quasi
2191 2215 2438 2268 mmulnm
2471 2219 2700 2285 pruinae
2736 2221 3094 2276 venerationis
3123 2223 3384 2278 attendas.
3417 2225 3577 2292 Quin-

2015 2303 2122 2355 imo
2168 2304 2342 2372 judica
2390 2307 2528 2360 circa
2580 2317 2631 2362 te
2667 2319 3006 2378 augmentum
3050 2311 3191 2367 illius
3235 2313 3450 2368 honoris
3492 2333 3581 2370 ac-

2013 2407 2289 2458 crescere,
2332 2396 2507 2450 sciens
2545 2399 2800 2468 scriptum
2837 2416 2853 2454 :
2885 2399 2947 2456 Si
2971 2403 3104 2456 enim
3143 2404 3388 2474 gloriatur
3427 2423 3580 2460 unum

2013 2487 2311 2551 membrum,
2340 2491 2656 2558 congaudent
2675 2493 2844 2545 omnia
2873 2495 3114 2547 membra.
3150 2496 3251 2549 Vos
3271 2509 3434 2551 autem
3459 2501 3581 2552 estis

2013 2591 2198 2642 corpus
2221 2575 2410 2631 Christi
2430 2618 2443 2643 ,
2475 2588 2523 2632 et
2557 2582 2780 2635 membra
2812 2583 2854 2653 (l
2880 2583 2997 2637 Cor.
3029 2601 3132 2651 xu,
3165 2585 3277 2655 26).
3307 2587 3436 2640 Nam
3462 2590 3580 2656 qui-

2012 2681 2222 2737 cunque
2266 2669 2495 2736 aliquem
2526 2681 2757 2726 vestrum
2783 2675 2987 2744 diligit,
3018 2691 3229 2731 omnem
3269 2678 3573 2748 dignitatem

2017 2758 2123 2810 lleo
2145 2800 2158 2820 ,
2205 2761 2255 2811 in
2284 2775 2440 2828 quem
2472 2777 2563 2813 vos
2593 2762 2779 2826 coitis,
2809 2765 3080 2819 adscribit.
3120 2767 3175 2820 In
3213 2767 3314 2822 hoc
3353 2769 3478 2823 mite
3506 2772 3577 2824 si-

2013 2847 2230 2901 lentium
2276 2850 2482 2916 placi-t,
2527 2851 2577 2904 in
2622 2852 2722 2917 hoc
2763 2851 3042 2908 amabilitas
3087 2855 3276 2910 blanda
3320 2856 3573 2927 diligitur.

2013 2938 2164 2991 Hunc
2193 2941 2340 2992 rudis
2368 2949 2423 2994 et
2449 2941 2625 2994 inuata
2654 2943 2996 3011 simplicitas,
3045 2943 3184 2999 hunc
3210 2948 3429 3001 scicut‘a
3458 2964 3579 3004 eru-

2013 3032 2118 3083 dita
2155 3033 2515 3085 commendat.
2548 3032 2714 3100 llujus
2745 3034 2795 3088 in
2834 3036 3018 3104 jejunii
3045 3038 3268 3106 jugitate
3294 3040 3574 3108 patientia,

2504 3084 2510 3085 ’
2550 3084 2708 3100 ""a—'
2746 3084 2794 3088 ἠ
2834 3084 3018 3104 σ⁷σ“““’
3045 3084 3266 3106 J"U""“'
3294 3084 3574 3108 I'“"'"""""

1933 3084 1984 3148 θ’
2014 3120 2170 3186 hujus
2201 3121 2252 3172 in
2276 3122 2611 3176 abstinentiae
2641 3123 2835 3176 virtute
2855 3135 3221 3196 contemptus,
3254 3128 3409 3198 hujus
3431 3131 3479 3184 in
3503 3132 3580 3186 le-

2010 3209 2205 3264 ctionis
2225 3210 2533 3266 assiduitate
2560 3211 2835 3279 sedulitas,
2862 3230 2955 3282 pro
2975 3215 3274 3272 divinorum
3295 3235 3576 3275 munerum

2010 3298 2316 3356 diversitate
2344 3299 2612 3356 laudatur.
2647 3301 2770 3358 Haec
2789 3314 2989 3371 autem,
3015 3307 3153 3361 sicut
3175 3310 3430 3379 scriptum
3455 3321 3574 3367 est:

2012 3387 2268 3460 Operatur
2299 3407 2432 3445 unus
2466 3400 2614 3459 atque
2649 3393 2782 3446 idem
2804 3395 3041 3463 spiritus,
3073 3396 3304 3453 dividens
3327 3400 3574 3470 singulis,

2010 3491 2158 3550 prout
2186 3493 2310 3538 rutt.
2354 3480 2504 3540 Sicut
2546 3484 2678 3538 enim
2730 3499 2912 3553 corpus
2957 3503 3114 3541 unum
3169 3490 3386 3542 membra
3431 3490 3577 3545 habet

2008 3573 2168 3626 multa
2185 3614 2199 3636 ,
2228 3575 2400 3627 omnia
2425 3584 2591 3628 autem
2619 3575 2840 3628 membra
2868 3579 3093 3646 corporis
3122 3595 3236 3632 cum
3263 3582 3363 3634 sint
3392 3581 3572 3647 multa,

2006 3680 2164 3716 unum
2192 3672 2359 3716 tamen
2387 3681 2569 3734 corpus
2589 3676 2736 3730 sunt,
2769 3667 2839 3719 ita
2869 3678 2914 3720 et
2937 3666 3185 3724 Christus.
3223 3671 3409 3728 Omnes
3443 3675 3574 3727 enim

2006 3769 2096 3805 nos
2137 3753 2191 3806 in
2228 3769 2331 3806 uno
2364 3755 2577 3821 spiritu,
2622 3754 2676 3807 in
2714 3771 2867 3808 unum
2914 3772 3100 3826 corpus
3129 3759 3369 3830 baptiiati
3403 3779 3573 3816 sumus

2005 3844 2193 3912 (lbid.,
2228 3846 2336 3915 ll).
2369 3845 2575 3916 Singuli
2605 3847 2754 3900 vobis
2785 3850 3003 3916 potestis
3037 3851 3274 3904 omnium
3314 3852 3570 3908 bonorum

2003 3951 2266 3991 summam
2296 3953 2640 4006 praetimere,
2675 3940 2718 3992 si
2746 3941 2918 3994 nullus
2940 3957 2998 3996 se
3029 3943 3239 4010 incipiat
3266 3945 3316 3998 iu
3344 3960 3409 3999 eo
3431 3948 3569 4014 quod

2003 4026 2140 4081 alter
2184 4029 2443 4096 prtecellit
2483 4029 2693 4084 cllcrre.
2740 4030 2843 4084 Sed
2883 4046 3003 4085 cum
3035 4047 3126 4087 vos
3171 4033 3396 4090 invicem
3435 4053 3572 4091 nexu

2002 4115 2236 4171 astricta:
2264 4117 2540 4172 cltaritatis
2567 4119 2861 4184 arctabitis,
2895 4130 3020 4175 tunc
3043 4136 3137 4177 eos
3162 4125 3249 4192 qui
3273 4124 3405 4180 foris
3425 4136 3567 4192 sunt,

2001 4218 2056 4262 et
2082 4209 2135 4262 in
2161 4210 2407 4264 saeculari
2444 4221 2567 4264 actu
2598 4211 2772 4265 adhuc
2799 4214 3154 4269 mundialibus
3177 4216 3400 4270 vinculis
3423 4218 3570 4272 colli-

2002 4308 2212 4368 gantur,
2245 4301 2408 4353 nolite
2452 4298 2756 4353 attentioris
2783 4303 2905 4356 vita:
2939 4306 3250 4358 austeritate
3282 4307 3533 4362 damnate
3553 4350 3567 4373 ,

2002 4389 2230 4443 scientes
2258 4388 2513 4456 scriptum
2537 4404 2552 4442 :
2581 4388 2720 4444 Nolo
2733 4391 2995 4463 judicetis,
3020 4408 3082 4447 ne
3095 4395 3394 4464 judicentini
3417 4397 3568 4467 (Luc.

2006 4495 2078 4543 Vl,
2109 4479 2221 4549 57).
2262 4478 2330 4534 Et
2354 4478 2588 4535 iterum:
2623 4480 2699 4535 Tu
2726 4484 2838 4550 quis
2876 4500 2958 4550 es,
2989 4487 3075 4554 qui
3101 4489 3308 4556 judicas
3344 4491 3570 4544 alienum

2004 4585 2200 4623 servum
2240 4567 2415 4640 (Rom.
2447 4586 2557 4634 xiv,
2583 4572 2680 4639 4)?
2719 4571 2948 4628 Domino
2989 4590 3088 4630 suo
3129 4586 3232 4630 stat
3274 4588 3364 4633 aut
3402 4581 3565 4636 cadit.

2006 4661 2203 4716 Potens
2229 4671 2313 4716 est
2340 4662 2481 4716 enim
2511 4673 2749 4720 statuere
2779 4665 2922 4718 illum
2953 4665 3111 4720 Deus.
3142 4667 3302 4736 Magis
3328 4669 3570 4738 benigni—

2005 4754 2126 4804 tatis
2150 4751 2610 4807 adhortationibus
2632 4764 2685 4808 et
2711 4754 2959 4809 illiciente
2982 4755 3344 4813 blandimento
3368 4761 3448 4812 via
3477 4777 3564 4814 ve-

2005 4842 2179 4897 ritatis
2206 4855 2450 4906 ostensa,
2481 4844 2674 4898 nubem
2701 4845 2897 4899 erroris
2925 4847 3156 4913 aperite,
3201 4859 3258 4902 ut
3295 4864 3400 4902 non
3430 4853 3569 4906 trahi.

2006 4932 2221 4997 incipiat
2252 4933 2632 5002 unusquisque,
2658 4933 2754 4987 sed
2783 4935 2931 5002 sequi
2963 4935 3371 4998 praecedentem.

2070 5021 2124 5072 4.
2157 5021 2380 5089 Semper
2398 5022 2612 5075 duriora
2641 5021 2899 5076 ﬂectenda
2928 5033 3070 5087 sunt,
3104 5039 3170 5079 ne
3191 5027 3392 5081 viritus
3417 5029 3564 5082 incli-

2001 5121 2120 5166 nata
2166 5112 2434 5178 curvatio,
2476 5113 2777 5180 priusquam
2816 5114 2869 5167 in
2912 5115 3171 5170 circulum
3218 5118 3398 5171 veniat
3441 5119 3564 5173 fati-

1999 5216 2154 5257 scens
2182 5203 2417 5270 fragmen
2465 5202 2718 5258 offendat.
2769 5203 2867 5258 llic
2910 5205 3051 5259 enim
3081 5208 3275 5276 saepius
3317 5209 3562 5262 scandala

2001 5294 2139 5360 vulgi
2169 5291 2424 5346 dicaciter
2457 5295 2764 5360 ggnuntur,
2795 5293 2920 5347 dum
2953 5294 3020 5348 ad
3049 5296 3318 5363 religionis
3343 5298 3561 5366 jugum,

2001 5385 2302 5436 cenzorium
2335 5392 2612 5449 arrogatur
2640 5382 2941 5451 imperium.
2971 5383 3088 5438 Vita
3128 5397 3306 5439 nostra
3346 5387 3560 5454 jubeat,

2003 5472 2180 5541 lingua
2241 5470 2594 5538 persuadeat,
2651 5472 2771 5542 quia
2837 5473 2955 5541 plus
3004 5473 3332 5528 auctoritatis
3391 5487 3563 5544 gestat

2002 5562 2330 5627 exettiplum,
2371 5574 2420 5614 et
2456 5563 2645 5629 iugi-rit
2687 5564 3045 5630 appetentiam
3071 5564 3153 5618 sui
3194 5577 3400 5619 morum
3428 5566 3562 5621 leuis

2003 5650 2265 5704 formatio.
2305 5649 2362 5702 ltt
2405 5652 2545 5718 omni
2592 5649 2746 5719 igitur
2775 5664 2893 5706 actu
2927 5662 3122 5715 vestro,
3153 5653 3304 5719 quasi
3344 5657 3562 5724 speculo

3194 5742 3232 5800 3
