4176 6184
523 324 596 376 75
1807 309 2142 366 AUCTURIS
2179 309 2359 364 ANON
2372 310 2402 362 ii
2418 311 2480 364 ill
3695 306 3767 361 76

524 437 814 492 relucente,
848 427 1058 496 fulgete.
1096 423 1297 491 tibique
1323 421 1690 488 circumspecti
1710 461 1723 484 ,
1758 419 1950 487 ubique
1978 418 2085 471 sol-
2115 421 2163 476 Α
2194 418 2458 484 pradictos
2491 418 2661 472 victus
2685 418 2753 472 ab
2782 419 2889 472 ullo
2914 419 3184 488 quippiam
3218 419 3574 487 praesumatis,
3597 419 3769 472 St'ien-

527 522 691 586 liciti,
721 535 790 575 ne
815 519 940 587 quid
977 517 1113 571 Lvor
1139 515 1402 578 inveniat,
1447 526 1514 566 ne
1553 510 1679 581 quid
1719 524 1902 564 rumor
1931 511 2094 564 falsus

527 612 744 682 infligat.
777 609 1025 665 Feminas
1055 605 1246 676 probas
1271 611 1325 658 et
1350 601 1618 670 religionis
1647 601 1821 654 studio
1851 614 1978 653 vero
2003 599 2094 654 de-

525 708 663 762 ditas
702 720 822 762 cum
853 717 1102 757 mensura
1149 696 1505 753 venerationis
1548 694 1835 756 honorate,
1889 706 1943 745 ut
1997 705 2094 745 nec

527 797 806 850 austeritas
837 792 1154 851 inhumana,
1192 803 1293 843 nec
1319 786 1572 842 sedulitas
1615 785 1685 838 sit
1715 785 1961 837 remissa.
1992 785 2094 834 Ac-

525 899 707 941 cessus
735 885 801 938 ad
835 897 925 938 vos
959 880 1189 935 iuviiem
1221 886 1397 930 vet-ter
1426 891 1532 929 non
1576 875 1812 944 ingestus
1851 876 1954 935 sit,
1999 872 2092 925 sed

525 978 762 1040 innatus,
790 987 946 1043 quem
969 984 1126 1024 causa
1153 967 1358 1034 fecerit,
1383 982 1487 1020 nun
1509 980 1663 1034 quem
1691 963 2093 1031 supervacuitas

524 1065 795 1122 relaxarit.
827 1061 1013 1116 Plures
1039 1058 1217 1113 audite
1241 1072 1360 1112 cum
1392 1056 1625 1126 pluribus
1644 1093 1658 1119 ,
1695 1062 1785 1106 aut
1811 1054 1853 1105 si
1881 1053 2093 1120 quando

523 1156 741 1209 alterius
768 1165 928 1208 sexus
959 1149 1252 1220 frequentia
1279 1147 1480 1214 deerit,
1511 1145 1592 1198 vel
1631 1159 1891 1198 annorum
1916 1144 2090 1212 cujus-

523 1248 646 1302 dam
671 1256 724 1300 et
751 1245 967 1314 probata
995 1240 1253 1310 gravitas,
1279 1238 1360 1292 vel
1385 1236 1669 1292 celebritas
1695 1235 1819 1299 loci,
1845 1234 1928 1288 vel
1954 1233 2093 1288 ratio

525 1335 780 1405 temporis
801 1335 852 1387 id
877 1332 1138 1395 honestet,
1164 1331 1284 1398 quia
1307 1326 1571 1397 praecipue
1589 1325 1742 1379 vobis
1764 1335 1912 1388 aetas,
1936 1323 2088 1389 hora,

525 1425 788 1490 solitudo,
815 1421 1032 1478 vitanda
1077 1427 1223 1474 sunt.
1259 1419 1374 1472 Non
1405 1431 1512 1487 quo
1541 1417 1670 1470 mihi
1701 1415 1782 1469 fas
1808 1415 1875 1468 sit
1913 1414 1980 1468 de
2009 1413 2092 1468 bis

521 1517 614 1584 qui
640 1527 767 1569 vere
793 1511 957 1568 semel
993 1510 1180 1566 devota
1210 1508 1322 1564 Deo
1348 1517 1559 1578 pectora
1598 1507 1911 1560 dicaverunt
1936 1519 2008 1557 se.
2029 1518 2091 1557 us

523 1604 786 1658 mstimarc
812 1601 1035 1672 aliquid,
1063 1599 1158 1654 sed
1180 1609 1237 1652 ut
1261 1613 1326 1653 ex
1350 1597 1638 1652 abundanti
1664 1597 1741 1651 sic
1769 1609 1927 1650 omne
1947 1595 2087 1663 quod

527 1695 650 1764 tingi
691 1702 892 1762 potest,
923 1700 1169 1756 tanquam
1209 1690 1381 1760 possit
1415 1698 1467 1742 et
1508 1687 1650 1742 credi
1681 1701 1989 1751 caveamus,
2022 1699 2088 1739 ne

2198 519 2278 564 tes
2307 513 2560 579 scriptum
2593 528 2604 561 ε
2635 510 2690 566 Si
2720 511 2860 564 enim
2892 511 3132 564 voluntas
3173 518 3413 578 prompta
3441 517 3546 575 est,
3577 523 3767 563 secun-

2195 601 2320 654 dum
2352 601 2402 654 id
2435 599 2578 669 quod
2613 601 2770 654 habet
2798 607 3074 668 acceptum
3106 606 3214 665 est,
3245 616 3350 652 non
3390 597 3682 653 secundum
3705 597 3762 652 id

2193 689 2336 758 quod
2366 705 2469 744 non
2503 690 2677 743 habet.
2711 689 2800 745 Sic
2829 689 2915 743 illa
2950 689 3248 758 Evangelici
3291 687 3554 741 sermonis
3584 687 3762 741 divina

2193 780 2489 844 sententia,
2529 794 2687 832 annm
2734 793 3018 847 pauperem
3061 779 3199 832 inter
3246 779 3391 846 larga
3439 775 3761 844 locupletum

2194 887 2412 926 munera
2451 873 2660 940 gemina
2704 881 2906 925 tantum
2956 886 3060 932 utra
3105 871 3440 933 mittentem,
3487 870 3762 938 tnagnilica

2193 976 2409 1032 accepta
2460 965 2738 1032 largitione
2779 963 2988 1018 ditavit.
3035 962 3317 1028 Quia-non
3364 970 3539 1030 potest
3573 976 3760 1030 parum

2193 1070 2343 1122 esse,
2375 1057 2513 1124 quod
2551 1065 2714 1110 totum
2743 1065 2844 1109 est.
2881 1055 3062 1124 Neque
3100 1053 3379 1122 quisquam
3414 1052 3641 1122 amplius
3670 1053 3763 1107 de-

2192 1146 2290 1207 dit,
2317 1161 2474 1214 quam
2499 1147 2588 1215 qui
2613 1145 2712 1198 sibi
2735 1144 2867 1200 nihil
2897 1144 3210 1200 reservavit.

2261 1237 2316 1291 5.
2352 1237 2474 1292 llaec
2509 1239 2554 1290 si
2590 1237 2676 1291 cui
2707 1246 2899 1305 praeter
2923 1250 3020 1290 vos
3054 1235 3273 1290 nimium
3309 1234 3633 1290 videbuntur
3662 1233 3758 1286 ad-

2191 1328 2410 1394 stricta,
2458 1328 2546 1396 qui
2589 1327 2682 1382 Dei
2725 1327 2957 1381 claustra
3002 1327 3215 1394 pulsare
3259 1323 3569 1388 tentaverit,
3605 1332 3760 1392 prout

2192 1418 2328 1470 ratio
2357 1431 2451 1470 sua
2481 1417 2690 1482 tulerit,
2717 1417 2980 1471 relaxabit
3013 1435 3025 1468 :
3067 1431 3133 1471 ne
3167 1417 3286 1485 quis
3325 1416 3463 1470 forte
3499 1425 3590 1470 aut
3631 1430 3760 1468 cun-

2193 1521 2367 1563 nexus
2397 1507 2468 1561 sit
2496 1507 2742 1576 conjuge,
2772 1518 2862 1560 aut
2885 1507 3068 1561 liberis
3094 1506 3396 1576 impeditus,
3431 1507 3600 1561 Habet
3626 1523 3757 1575 prte-

2192 1608 2273 1654 ter
2313 1599 2428 1654 haec
2473 1612 2616 1652 arcta
2665 1599 2966 1654 subStantia
3013 1599 3237 1668 plurima
3280 1614 3400 1669 qua;
3445 1609 3756 1668 sequantur.

2190 1689 2374 1758 Neque
2403 1703 2462 1744 se
2501 1690 2770 1758 repulsum
2802 1690 3014 1753 credat,
3055 1690 3148 1744 sed
3181 1689 3329 1742 aditu
3355 1689 3573 1742 aberius
3611 1703 3757 1742 voca-

525 1788 575 1839 in
607 1786 750 1839 nullo
790 1785 941 1838 famae
982 1792 1180 1837 nostra:
1209 1781 1430 1838 vulnere
1462 1789 1642 1846 serpat
1683 1790 1806 1832 nata
1833 1779 1900 1832 ab
1926 1795 1960 1832 ο
1983 1794 2080 1832 ωι-
2119 1771 2161 1828 Β
2192 1784 2352 1838 tionis
2373 1784 2685 1848 admissum,
2715 1787 2853 1839 sicut
2882 1785 3134 1851 scriptum
3166 1794 3287 1840 est:
3325 1784 3681 1854 Unusquisque
3705 1786 3758 1838 in

523 1877 674 1929 sione
701 1874 952 1942 suspicio.
986 1872 1101 1940 Ipsa
1132 1870 1286 1925 fama:
1308 1871 1533 1936 semina,
1564 1872 1866 1939 priusquam
1894 1868 2086 1937 linguis

525 1973 844 2029 nutriantur,
876 1962 1160 2017 intereant.
1200 1960 1314 2014 Non
1359 1968 1533 2013 tamen
1573 1959 1723 2014 nobis
1759 1959 1889 2012 fides
1929 1955 2084 2022 facti,

522 2056 617 2112 sed
642 2052 962 2126 possibilitas
980 2052 1142 2109 etiam
1166 2049 1436 2122 religanda
1459 2047 1736 2104 mendacii.
1762 2047 1922 2102 licata
1942 2047 2084 2101 enim

525 2149 628 2200 vita
656 2155 815 2200 estet
839 2145 1128 2213 praeclara,
1160 2143 1229 2198 de
1255 2158 1356 2211 qua
1394 2142 1523 2196 nihil
1569 2142 1690 2196 licet
1722 2141 1957 2193 falsitati.
1985 2136 2088 2192 Ne-

523 2253 626 2306 que
651 2238 790 2291 enim
815 2250 917 2306 ego
939 2235 1041 2290 hoc
1059 2235 1315 2304 judicium
1340 2249 1513 2289 meum
1533 2243 1772 2286 austeros
1792 2243 1987 2284 censor
2008 2244 2088 2282 ar-

524 2329 690 2394 ripui,
738 2328 830 2384 sed
863 2328 1080 2384 cmicste
1122 2325 1400 2395 imperium
1451 2326 1682 2380 monitor
1730 2322 1955 2377 blandus
2001 2335 2085 2374 as-

520 2419 725 2487 sumpsi
756 2435 769 2471 :
801 2432 924 2472 nam
963 2427 1018 2472 et
1054 2420 1132 2472 sic
1170 2417 1247 2470 ait
1284 2415 1567 2485 Apostolus
1596 2432 1608 2466 :
1641 2414 1823 2466 Zelans
1863 2428 1949 2466 vos
1989 2411 2088 2466 Dei

523 2510 662 2571 zelo,
702 2507 952 2576 despondi
988 2522 1076 2561 vos
1109 2507 1196 2560 uni
1224 2506 1330 2559 uiro
1364 2507 1604 2576 virginem
1633 2513 1823 2557 castam
1855 2501 2088 2557 exhibere

517 2595 725 2650 Christo
757 2596 822 2666 (ll
845 2593 968 2650 Cor.
999 2611 1083 2660 st,
1112 2597 1194 2664 2),
1223 2598 1398 2650 sciens
1425 2595 1676 2664 scriptum
1704 2607 1823 2648 esse
1847 2611 1859 2646 :
1891 2591 1975 2647 Ne
1995 2609 2087 2658 po-

523 2689 656 2740 netis
677 2687 1024 2753 o/fensianem,
1043 2687 1122 2741 uel
1139 2679 1434 2740 scandalum
1459 2687 1605 2756 fratri
1631 2684 1804 2752 (Rom.
1830 2699 1934 2747 xw,
1960 2681 2082 2753 i3);

517 2789 573 2833 et
599 2779 790 2832 iterum
820 2794 835 2832 :
866 2777 993 2834 Sine
1017 2777 1294 2845 offensione
1319 2785 1475 2830 estote
1498 2775 1693 2830 Judwis
1730 2783 1777 2828 et
1808 2772 2083 2839 Gentibus,

519 2881 564 2922 et
591 2867 834 2923 Ecclesia!
862 2867 958 2922 Dei
981 2869 1028 2940 (l
1059 2868 1177 2923 Cor.
1222 2884 1251 2922 κ
1269 2908 1285 2933 ,
1316 2865 1440 2937 Ἠλῖ
1469 2878 1525 2922 et
1553 2866 1740 2922 iterum
1768 2882 1782 2918 :
1815 2864 1937 2918 Non
1963 2880 2086 2936 ergo

518 2959 889 3030 blasphematur
925 2960 1111 3013 bonum
1147 2967 1371 3011 nostrum
1415 2955 1590 3028 (Rom.
1621 2971 1726 3018 XlV,
1758 2953 1874 3024 16);
1905 2963 1961 3010 et
1989 2956 2085 3008 iu:-

522 3065 634 3104 mm
663 3066 678 3102 :
713 3048 779 3103 Ut
801 3049 920 3117 quid
945 3048 1078 3102 enim
1105 3047 1310 3101 libertas
1331 3056 1503 3101 nostra
1521 3045 1779 3119 judicetur
1805 3046 1867 3099 ab
1887 3043 2087 3114 inﬁdeli

2185 1888 2287 1940 qua
2311 1875 2571 1926 uacatione
2592 1883 2798 1926 uocatus
2827 1884 2917 1932 est.
2945 1875 2997 1926 in
3021 1891 3079 1926 ea
3111 1885 3399 1942 permaneat
3432 1875 3471 1944 (l
3502 1874 3625 1931 Cor.
3651 1890 3754 1939 vn,

2185 1965 2299 2036 24).
2331 1965 2446 2020 Non
2479 1974 2652 2020 tamen
2683 1975 2740 2020 ut
2766 1967 3168 2036 pr0pensiorem
3193 1982 3372 2022 curam
3403 1968 3756 2035 patrimonio,

2185 2070 2342 2124 quam
2367 2056 2609 2125 religioni
2638 2057 2689 2110 in
2714 2057 2930 2111 caducis
2955 2057 3122 2124 magis
3146 2066 3437 2125 occupatus
3462 2058 3754 2126 impendat,

2187 2161 2481 2215 agnoscens
2521 2147 2777 2216 scriptum
2819 2161 2937 2202 esse
2969 2163 2986 2204 :
3025 2156 3081 2203 et
3125 2149 3460 2216 possidentes
3506 2159 3757 2218 tanquam

2187 2252 2292 2290 non
2322 2237 2676 2306 possidentes.
2688 2237 2754 2292 Si
2773 2252 2931 2307 quem
2959 2246 3136 2292 tamen
3157 2239 3482 2308 posteritatis
3501 2241 3760 2306 compede

2189 2327 2392 2382 felicior
2421 2339 2644 2393 natura,
2695 2330 2738 2383 si
2792 2329 3138 2399 intelligatur,
3170 2329 3494 2393 absolverit,
3540 2343 3756 2383 causam
3823 2357 3838 2374 ο

2189 2416 2423 2472 Ιιωτθηάὶ
2464 2419 2518 2471 in
2548 2418 2782 2482 mundo,
2827 2418 2928 2473 nisi
2970 2419 3180 2488 ignarus
3217 2427 3300 2472 est
3329 2417 3423 2472 Dei
3446 2433 3754 2485 munerum,

2189 2521 2294 2560 non
2325 2507 2559 2562 habebit.
2586 2507 2692 2561 Cur
2717 2508 2859 2561 enim
2887 2507 3100 2562 vivendi
3129 2508 3402 2561 voluntate
3431 2521 3536 2561 non
3561 2507 3754 2572 solvat,

2187 2597 2327 2666 quod
2356 2598 2615 2654 moriendi
2646 2599 2760 2667 lege
2784 2597 3133 2664 rttritpendum
3164 2607 3269 2662 est,
3295 2597 3495 2653 faciens
3518 2596 3586 2652 de
3609 2607 3758 2654 sorte

2187 2687 2488 2743 mercedem
2506 2729 2520 2753 ,
2553 2698 2610 2742 ut
2636 2689 2702 2742 de
2732 2688 3047 2743 necessitate
3069 2689 3318 2743 virtutem
3340 2689 3567 2758 augeat?
3587 2689 3753 2756 Quin-

2189 2778 2325 2841 imo,
2365 2779 2454 2846 qui
2494 2777 2546 2831 in
2585 2793 2678 2832 sua
2719 2792 2776 2832 re
2805 2777 3056 2831 familiari
3091 2777 3159 2832 de
3198 2778 3375 2844 parvis
3420 2792 3639 2848 magna,
3689 2779 3756 2834 de

2187 2867 2376 2922 vilibus
2408 2867 2637 2934 pretiosa
2663 2910 2678 2934 ,
2709 2876 2908 2921 aeterna
2941 2867 3063 2922 facit
3094 2869 3160 2920 de
3189 2869 3398 2921 caducis
3417 2905 3437 2934 ,
3466 2868 3613 2920 solus
3641 2876 3750 2930 est,

2189 2966 2465 3024 poslquitn
2501 2956 2798 3024 perveni-rit
2833 2957 2917 3008 ubi
2951 2957 3307 3022 sempiternus
3339 2956 3639 3026 patrimonii
3671 2956 3753 3011 sui

2188 3049 2354 3115 possit
2386 3063 2506 3102 esse
2539 3062 2835 3115 possessor.
2867 3048 2918 3102 Si
2961 3064 3154 3102 avarus
3185 3065 3289 3102 non
3321 3059 3431 3113 est,
3465 3052 3624 3104 debet
3650 3060 3753 3104 ter-

519 3138 816 3192 conscieutia
843 3138 895 3204 (I
926 3137 1044 3189 Cor.
1086 3152 1144 3198 ι,
1185 3135 1313 3205 29);
1341 3143 1396 3189 et
1424 3137 1612 3190 iterum
1642 3152 1657 3189 :
1693 3136 1879 3187 Omnia
1917 3147 2085 3188 autem
2113 3127 2159 3190 C
2191 3139 2434 3192 minantia
2457 3147 2830 3203 contemnere;
2864 3139 2910 3193 si
2935 3153 3127 3193 avarus
3148 3149 3250 3203 est,
3272 3140 3423 3192 debet
3448 3139 3754 3192 desiderare

521 3242 702 3294 restra,
731 3230 941 3283 honesta
961 3230 1086 3297 ﬁant
1111 3228 1151 3299 (l
1172 3227 1291 3282 Cor.
1317 3242 1423 3291 xlv,
1445 3226 1567 3297 40);
1597 3237 1651 3282 et
1675 3231 1863 3280 iterum
1889 3245 1901 3280 :
1932 3221 2082 3282 Cont-

498 3322 810 3374 -tnendantes
837 3319 1169 3402 nosmetipsos
1201 3317 1269 3370 ad
1301 3333 1498 3372 omnem
1535 3318 1890 3372 conscientiam
1917 3319 2084 3371 homi-

520 3429 638 3466 num
661 3427 830 3466 coram
853 3408 1002 3480 Deo(
1019 3404 1058 3464 ll
1089 3407 1207 3463 Cor.
1231 3424 1303 3472 tv,
1333 3407 1429 3476 2),
1459 3416 1513 3462 et
1544 3408 1732 3461 iterum
1760 3425 1771 3457 :
1802 3404 2083 3460 Providen-

520 3518 629 3557 mus
655 3501 785 3557 bona
815 3517 915 3555 non
946 3500 1108 3555 solum
1131 3516 1300 3553 coram
1330 3498 1464 3566 Deo,
1490 3499 1577 3553 sed
1605 3500 1754 3552 etiam
1789 3514 1961 3552 coram
1991 3500 2082 3554 ha-

519 3594 738 3648 miuibus
768 3592 943 3664 (Rom.
972 3609 1073 3658 stt,
1097 3591 1214 3662 i7);
1245 3600 1302 3646 et
1323 3591 1548 3646 iterum:
1577 3592 1643 3646 Ut
1664 3593 1738 3658 is,
1759 3593 1847 3661 qui
1871 3594 2081 3648 adverso

519 3697 615 3753 est,
638 3687 1004 3756 confundatur,
1031 3687 1160 3740 nihil
1186 3686 1371 3741 habens
1401 3688 1565 3741 dicere
1593 3689 1714 3740 mali
1739 3687 1867 3758 (Tit.
1898 3703 1964 3754 It,
1999 3689 2078 3757 8).

519 3778 698 3848 Neque
725 3793 812 3833 me
844 3779 1076 3842 praeterit
1102 3779 1373 3832 saecularis
1406 3779 1586 3833 livoris
1614 3779 1862 3834 invidam
1905 3781 1955 3834 in
1985 3781 2081 3834 ob-

521 3871 883 3928 trectationem
912 3885 1123 3942 semper
1148 3870 1418 3940 religionis
1447 3870 1666 3937 ardere,
1697 3881 1750 3924 et
1775 3871 2078 3926 mordacem

520 3963 760 4033 malignis
812 3965 1115 4019 rumoribus
1152 3963 1363 4018 dentem
1420 3966 1736 4033 impressum
1783 3963 2080 4018 dicacitatis

518 4055 758 4124 infigere.
801 4055 989 4111 Utatur
1031 4071 1123 4109 sua
1162 4058 1391 4110 mundus
1439 4065 1657 4122 natura,
1697 4056 1822 4109 dum
1864 4054 1992 4108 nihil
2023 4054 2077 4108 in

517 4153 697 4198 nostra
727 4145 958 4199 inveniat
980 4144 1280 4213 disciplina.
1313 4144 1538 4199 lt'alsitas
1565 4161 1630 4200 ex
1657 4159 1806 4200 more
1827 4145 2076 4212 iactetur,

514 4235 639 4286 dum
673 4247 773 4288 nec
801 4232 1090 4288 verisimile
1115 4234 1326 4304 quidem
1359 4237 1524 4304 possit
1553 4249 1675 4290 esse
1701 4235 1841 4303 quod
1864 4235 2076 4289 dicitur.

516 4327 682 4382 Nemo
709 4325 832 4381 ideo
856 4326 1012 4382 debet
1039 4336 1378 4382 contemnere
1415 4327 1608 4381 vulnus
1647 4327 1912 4394 infamiae,
1953 4327 2078 4395 quia

514 4431 724 4485 semper
747 4417 1083 4471 consueverit
1106 4432 1289 4471 rumor
1308 4417 1591 4481 simulare;
1623 4417 1716 4472 sed
1737 4432 1802 4472 eo
1823 4419 2076 4472 attentius

2188 3244 2437 3297 perpetua
2461 3270 2476 3294 ,
2506 3231 2680 3283 sciens
2719 3231 2973 3297 scriptutn
3004 3245 3123 3285 esse
3157 3247 3172 3283 :
3209 3229 3389 3283 Nolite
3415 3229 3754 3283 thesaurizae

2185 3325 2322 3377 vobis
2357 3323 2613 3378 thesauros
2654 3327 2706 3377 in
2735 3335 2867 3378 terra
2888 3364 2903 3386 ,
2932 3325 3015 3378 ubi
3046 3327 3178 3378 tinea
3217 3337 3262 3378 et
3300 3324 3476 3394 rubigo
3518 3327 3754 3378 extermi-

2184 3428 2336 3477 nant,
2367 3424 2415 3467 et
2446 3415 2527 3466 ubi
2562 3401 2700 3483 fures
2731 3415 2976 3482 effodiunt
3020 3426 3065 3469 et
3097 3417 3353 3482 furantur.
3391 3414 3753 3469 Thesaurizate

2182 3514 2352 3556 autem
2379 3504 2518 3557 vobis
2549 3506 2809 3558 .hesauros
2838 3507 2889 3558 in
2917 3506 3058 3558 cazlo.
3092 3508 3176 3558 ubi
3204 3523 3360 3574 neque
3398 3509 3560 3570 tinea,
3593 3523 3753 3573 neque

2183 3609 2352 3664 terugo
2377 3597 2711 3648 exterminant
2730 3637 2744 3662 ,
2774 3605 2820 3647 et
2845 3596 2928 3648 ubi
2959 3597 3092 3658 fures
3119 3612 3220 3648 non
3243 3597 3518 3663 effodiunt,
3551 3614 3638 3650 nec
3663 3602 3750 3664 {tt-

2183 3699 2364 3738 rantur
2388 3683 2600 3754 (Matth.
2631 3700 2717 3738 xix
2739 3724 2752 3749 ,
2780 3684 2894 3750 20).
2928 3685 3036 3738 lloc
3061 3687 3202 3738 enim
3236 3688 3319 3751 ei,
3353 3685 3444 3754 qui
3473 3702 3576 3740 non
3605 3694 3751 3738 eaet

2185 3775 2339 3836 (iliis,
2377 3774 2765 3827 hortamentum
2802 3786 2885 3829 est
2915 3791 2928 3828 :
2959 3777 3046 3844 qui
3083 3786 3263 3839 caret,
3296 3776 3599 3846 imperium.
3646 3777 3748 3830 Ista

2184 3881 2276 3919 vos
2305 3875 2493 3920 cuncta
2535 3881 2766 3936 congrua
2805 3866 3160 3935 temporibus,
3191 3879 3311 3937 apta
3350 3869 3592 3936 personis
3615 3908 3632 3934 ,
3664 3885 3750 3922 re-

2185 3956 2316 4011 ferta
2340 3957 2634 4024 exemplis,
2663 3958 2876 4012 condita
2907 3957 3205 4025 blanditiis,
3235 3959 3394 4014 affatu
3424 3960 3594 4027 illice,
3628 3961 3751 4014 lto--

2182 4048 2402 4102 tamenti
2433 4047 2574 4100 mitis
2616 4048 2947 4116 integritate,
2981 4047 3185 4103 facilius
3224 4057 3398 4117 potest
3425 4050 3748 4118 persuadere

2180 4138 2268 4206 qui
2304 4138 2448 4192 facet.
2484 4137 2662 4203 Neque
2691 4139 2834 4191 enim
2875 4137 3052 4207 aliqui
3083 4138 3268 4191 horum
3299 4139 3536 4194 omnium
3571 4139 3748 4195 fructu

2182 4227 2341 4282 invidi
2380 4228 2539 4289 estis,
2573 4227 2885 4297 cujusquam
2912 4227 3263 4284 aestimatione
3289 4227 3587 4302 fraudandi.
3619 4229 3748 4282 Erat

2179 4319 2330 4374 vobis
2350 4329 2494 4374 certe
2514 4333 2708 4386 corpus
2724 4321 2960 4385 tinuum,
2982 4331 3110 4372 tetas
3131 4318 3355 4387 integra,
3377 4318 3539 4374 rudes
3558 4317 3742 4384 animi,

2179 4409 2420 4478 quamvis
2451 4418 2671 4476 angusta
2706 4422 2798 4473 Iro
2829 4407 3044 4460 humani
3075 4409 3287 4475 generis
3315 4411 3571 4462 varietate
3602 4416 3746 4474 pate-

515 4477 838 4571 prteeavere,
867 4505 1007 4570 quod
1031 4505 1374 4558 soleatetiam
1399 4506 1516 4558 ficta
1542 4477 1882 4573 componere.
1907 4506 2075 4562 Nemo
2103 4477 2151 4537 θ
2178 4477 2328 4561 bant,
2358 4499 2438 4550 vel
2467 4495 2767 4566 negotiandi
2795 4511 2943 4559 u~us,
2975 4497 3055 4550 vel
3085 4496 3316 4551 studium
3346 4495 3634 4561 militandi,
3663 4495 3746 4550 di.-

513 4594 580 4645 ab
609 4592 1012 4648 obtrectationis
1037 4602 1178 4645 metu
1205 4592 1446 4647 redditur
1471 4594 1800 4649 obtrectandi
1830 4597 2077 4652 solemni-

514 4688 622 4734 tate
649 4694 886 4734 securns.
909 4679 1092 4748 Neque
1119 4691 1201 4735 est
1220 4683 1549 4752 negligentiae
1578 4697 1738 4739 causa
1767 4686 2074 4742 sollicitudi-

513 4772 595 4822 nis
627 4770 930 4822 continuata
955 4770 1195 4823 materia.
1223 4770 1306 4825 Sit
1327 4771 1486 4839 igitur
1507 4773 1724 4841 pudoris
1745 4789 1808 4829 ac
1827 4790 2074 4832 reveren-

513 4861 599 4913 tiae
621 4871 808 4913 vestra:
828 4867 936 4913 tuta
958 4874 1020 4913 ac
1039 4861 1423 4930 circumspecta
1445 4863 1702 4917 custodia.
1730 4864 2070 4922 Necessarias

517 4969 544 5002 ρ
565 4951 746 5015 domo,
777 4959 829 5004 et
859 4965 1011 5004 rarus
1035 4965 1302 5021 egressus,
1331 4966 1492 5021 quem
1518 4964 1608 5008 aut
1635 4955 1909 5024 religionis
1934 4958 2070 5010 ratio

507 5041 776 5106 extulerit,
808 5051 900 5095 aut
923 5041 986 5095 ad
1019 5043 1368 5096 substantiam
1395 5044 1570 5099 victus
1597 5057 1756 5099 causa
1782 5047 2069 5102 exercendi

505 5133 684 5199 operis
705 5131 978 5186 ordinarit.
1009 5132 1314 5188 Muneribus
1343 5135 1564 5200 cunctis,
1590 5133 1690 5188 nisi
1715 5151 1831 5202 quae
1849 5137 1915 5190 ad
1937 5152 2070 5205 quo-

500 5222 758 5275 tidianum
779 5222 954 5275 cibum
977 5225 1572 5292 annuumquevestitum
1593 5235 1896 5294 suppetant,
1913 5228 2070 5282 absti-

504 5322 709 5367 nentes.
736 5311 977 5367 Scientes
1005 5315 1258 5382 scriptum
1293 5328 1412 5368 esse
1436 5333 1449 5367 :
1487 5313 1740 5369 Habentes
1763 5326 1934 5370 autem
1961 5319 2064 5372 ali-

497 5413 664 5455 menta
706 5412 754 5455 et
793 5403 973 5468 quibus
999 5413 1249 5470 tegantur,
1275 5405 1355 5457 his
1380 5408 1600 5458 contenti
1637 5423 1809 5460 sumus
1839 5407 1895 5477 (l
1928 5407 2062 5463 Tim.

501 5507 578 5552 vt,
611 5494 708 5561 8);
738 5501 794 5546 et
832 5495 1018 5544 iterum
1049 5508 1063 5544 :
1101 5493 1167 5545 Ut
1206 5495 1411 5547 honeste
1440 5496 1706 5550 ambuletis
1749 5498 1817 5549 ad
1854 5515 1936 5551 eos
1973 5501 2063 5566 qui

493 5582 618 5648 [aris
633 5589 771 5642 sunt,
796 5593 842 5633 et
864 5581 1054 5633 nullius
1075 5583 1268 5648 aliquid
1291 5583 1580 5638 desidentis
1597 5585 1637 5655 (1
1653 5586 1831 5640 Thess.
1852 5603 1919 5650 tv,
1941 5589 2054 5656 12).

489 5668 598 5722 Nec
621 5671 833 5737 quidem
873 5671 1170 5734 prmbcndte
1208 5672 1558 5741 elcemosynx
1598 5679 1766 5744 gratia
1809 5678 1942 5732 ultra
1973 5693 2056 5734 su-

2180 4605 2346 4644 versae
2373 4598 2536 4652 artes,
2569 4591 2842 4642 innumera
2870 4588 2924 4641 in
2951 4588 3155 4641 actibus
3185 4588 3367 4642 mundi
3391 4586 3645 4656 augenda:
3668 4585 3744 4639 fa-

2175 4681 2384 4735 cultatis
2431 4679 2626 4734 officia.
2678 4679 2952 4733 Postremo
3001 4694 3106 4733 non
3153 4679 3367 4745 deerat,
3417 4679 3494 4733 vel
3544 4692 3744 4746 panper

2175 4785 2333 4835 uxor,
2363 4785 2482 4838 qute
2521 4768 2733 4823 vivendi
2775 4778 2988 4837 pararet
3011 4769 3335 4837 voluptatem
3363 4778 3418 4823 et
3447 4769 3602 4823 insita
3644 4769 3743 4822 htt-

2174 4860 2346 4914 ntanis
2399 4860 2644 4914 sensibus
2701 4859 2976 4929 pignorum
3035 4859 3416 4913 blandimenta.
3467 4859 3595 4924 Ome
3645 4874 3742 4913 vos

2171 4950 2346 5005 omnia
2368 4949 2577 5019 quidem
2607 4963 2834 5014 corpore
2868 4958 2917 5003 et
2947 4948 3106 5003 castis
3135 4949 3380 5002 sensibus
3408 4955 3739 5016 respttentes,

2171 5041 2366 5096 divinae
2387 5042 2665 5095 sententiae
2686 5039 2910 5095 formam
2932 5039 3196 5108 religiosis
3217 5038 3420 5094 actibus
3441 5038 3736 5103 custoditis,

2169 5131 2380 5187 dicente
2402 5130 2674 5199 Scriptura
2699 5147 2714 5184 :
2742 5129 3040 5200 Quicunque
3064 5130 3181 5198 plus
3217 5145 3296 5182 me
3315 5129 3483 5198 fecerit
3508 5127 3733 5192 domum,

2167 5233 2253 5275 aut
2285 5237 2493 5277 uxorem
2511 5261 2528 5286 ,
2558 5230 2646 5274 aut
2673 5220 2840 5287 ﬁlios,
2879 5235 2980 5274 non
3008 5229 3082 5274 est
3108 5234 3186 5272 me
3208 5219 3391 5288 dignus
3413 5218 3434 5290 (
3457 5215 3639 5270 Matth.
3669 5231 3702 5270 ι
3720 5255 3737 5282 ,

2167 5319 2282 5386 27).
2313 5319 2499 5373 Vestra
2528 5319 2687 5386 igitur
2717 5317 2986 5372 intuentes
3010 5314 3273 5383 exempla,
3308 5328 3406 5368 nec
3430 5313 3502 5365 illi
3531 5311 3598 5365 de
3627 5326 3743 5365 mc-

2168 5409 2236 5462 rit
2260 5424 2388 5463 rum
2418 5421 2622 5463 summa
2653 5416 2874 5475 angusta
2903 5406 2984 5460 sui
3025 5403 3382 5459 aestimatione
3419 5404 3734 5470 desperent,

2163 5496 2253 5564 qui
2283 5496 2579 5550 substantia
2609 5495 2758 5564 parili
2785 5496 2851 5550 ad
2888 5495 3118 5549 studium
3161 5493 3284 5548 vita:
3313 5492 3469 5560 hujus
3506 5492 3734 5545 advene-

2161 5597 2303 5640 runt.
2334 5587 2387 5639 In
2418 5587 2516 5639 hoc
2539 5600 2665 5654 ergo
2689 5585 2780 5638 filii
2809 5584 3110 5640 charissimi
3134 5582 3342 5638 vivendi
3373 5583 3584 5636 tramite
3603 5596 3731 5634 con-

2157 5678 2349 5745 stituti,
2374 5686 2556 5734 vacate
2576 5690 2630 5734 et
2658 5677 2834 5734 vidtte
2861 5677 3111 5749 quoniam
3140 5677 3316 5732 suavis
3344 5685 3427 5731 est
3455 5675 3729 5729 Dominus.
