4176 6184
341 335 414 384 ’Π
1355 328 1802 384 EXllURTA'l‘lO
1845 326 1933 380 Al)
1977 324 2290 379 SPONSAM
2332 324 2608 382 CHRISTI.
3563 325 3630 378 78

348 448 473 499 Dies
504 453 799 512 noctesque
830 440 1148 496 lectionibus
1181 449 1340 508 atque
1370 440 1708 494 orationibus
1735 439 1934 497 ducite.
1967 442 2015 500 Α
2051 435 2238 489 buistis
2283 435 2508 502 eligere,
2542 443 2867 488 mementote
2904 450 2916 484 :
2959 429 3209 504 Vigilate,
3255 442 3383 486 state
3408 433 3464 486 iu
3501 435 3633 503 ﬁde,

346 546 402 589 et
428 534 532 588 mei
553 548 792 601 semper,
820 547 979 601 quem
1012 533 1062 584 in
1091 545 1255 598 opere
1285 540 1340 584 et
1381 529 1603 582 scientia
1633 527 1935 581 abortivum

347 623 586 678 omnium
624 623 1002 686 sacerdotum,
1051 631 1436 689 prteet-ptorem
1480 619 1634 674 vobis
1676 619 1805 672 tanti
1853 617 1946 670 ha-

2045 527 2257 579 viriliter
2284 528 2450 594 agite,
2481 523 2876 594 confortamitti,
2904 525 3077 576 omnia
3108 533 3274 577 vestra
3301 525 3355 578 in
3393 525 3638 580 rltart'tate

2049 617 2200 684 fiant,
2229 624 2272 668 ct
2305 614 2442 668 Deus
2471 617 2610 684 pacis
2638 614 2733 666 erit
2759 613 3010 667 vobiscum
3042 613 3093 684 (Ι
3125 612 3243 667 Cor.
3279 630 3385 678 xu,
3419 616 3528 682 l5).

2743 727 2806 742 .s-"

387 744 3622 774 ww

881 852 1668 934 EXHORTATIO
1750 855 1906 934 Al)
1991 853 2530 934 SPONSAM.
2612 853 3111 936 CHRISTI.

437 1008 483 1060 Ι.
524 1007 786 1072 Quantam
819 1007 871 1060 itt
911 1006 1218 1060 caelestibus
1250 1005 1630 1060 beatitudinem
1676 1006 1951 1074 virginitas

358 1108 548 1151 sancta
589 1097 902 1166 possideat,
957 1107 1152 1164 praeter
1181 1095 1579 1164 Scripturarum
1622 1097 1952 1161 teStimonia,

362 1187 618 1242 Ecclesiae
645 1187 807 1241 etiam
855 1187 1246 1241 consuetudine
1271 1187 1558 1242 cdocemur
1591 1204 1605 1240 :
1636 1189 1757 1256 quia
1790 1187 1955 1240 disci-

363 1294 485 1333 mus
517 1279 782 1347 peculiase
808 1277 884 1330 illi
913 1277 1205 1332 subsistere
1234 1279 1504 1342 meritum,
1533 1277 1686 1346 cujus
1713 1277 1959 1345 specialis

361 1381 444 1425 εει
477 1370 829 1424 censecratio.
860 1367 990 1422 Nam
1017 1383 1138 1422 cum
1169 1371 1414 1424 universa
1446 1370 1598 1424 turba
1626 1371 1958 1424 credentium

364 1462 515 1530 paria
537 1465 723 1530 gratiae
749 1459 891 1514 dona
923 1460 1208 1529 percipiat,
1240 1471 1296 1515 et
1323 1460 1522 1515 eisdem
1553 1476 1743 1514 omnes
1773 1462 1960 1514 Sacra-

367 1562 674 1606 tnentorum
703 1551 1170 1606 benedictionibus
1197 1551 1509 1620 glorientur,
1541 1551 1655 1604 isne
1689 1551 1960 1620 proprium

364 1645 568 1713 aliquid
596 1659 704 1712 pra:
728 1643 940 1697 caeteris
961 1643 1177 1703 habent.
1200 1657 1321 1696 cum
1351 1641 1418 1696 de
1445 1641 1540 1694 il’o
1566 1652 1752 1696 SullclO
1777 1652 1830 1695 et
1859 1641 1962 1695 im-

370 1737 640 1789 maculato
670 1735 922 1788 Ecclesia:
951 1747 1110 1802 grege
1136 1774 1151 1798 ,
1191 1731 1345 1802 quasi
1373 1733 1670 1786 sanctiores
1701 1731 1966 1800 puriores-

2053 1005 2353 1058 divinartnn
2388 1006 2725 1061 mansionum
2766 1006 3064 1062 habitacula
3104 996 3432 1064 reseranda.
3455 1011 3558 1065 Sed
3591 1021 3647 1066 ut

2058 1096 2319 1148 illustrius
2350 1097 2666 1163 virginitatis
2715 1099 2965 1151 meritum
3006 1100 3201 1153 clareat
3225 1140 3239 1162 ,
3267 1111 3322 1153 et
3347 1116 3506 1169 quam
3540 1101 3648 1156 Deo

2059 1187 2218 1252 digna
2248 1189 2315 1238 sit
2345 1188 2677 1242 manifestius
2707 1189 2875 1256 pessit
2905 1190 3125 1259 intelligi
3155 1232 3170 1253 ,
3204 1189 3332 1244 illud
3361 1191 3646 1260 agitetur,

2061 1279 2200 1342 qttod
2231 1278 2488 1332 Dominus
2514 1289 2568 1333 et
2597 1281 2833 1332 salvator
2860 1289 3041 1334 noster
3084 1280 3254 1341 Deus.
3285 1296 3406 1335 cum
3435 1291 3652 1350 propter

2065 1371 2278 1423 humnni
2327 1371 2539 1438 generis
2588 1372 2811 1425 salutem
2863 1373 3132 1426 hominem
3163 1373 3473 1440 dignaretur
3501 1388 3654 1427 assu-

2066 1477 2212 1514 mere
2235 1504 2250 1526 ,
2306 1478 2410 1514 non
2440 1463 2598 1514 alium
2632 1478 2788 1530 quam
2819 1463 3134 1534 virginalem
3165 1465 3387 1531 elegerit
3418 1476 3650 1520 uterum.

2069 1555 2133 1607 Et
2166 1564 2221 1606 ut
2253 1554 2554 1621 hujustttodi
2602 1556 2886 1623 plurimum
2939 1555 3039 1610 sibi
3073 1557 3282 1623 placere
3310 1564 3654 1620 monstraret,

2067 1656 2122 1700 et
2147 1646 2414 1711 pudicitia:
2441 1645 2636 1698 tonum
2671 1648 2879 1714 utrique
2907 1648 3056 1700 sexui
3083 1647 3371 1711 intimaret,
3396 1649 3656 1718 virginem

2071 1739 2254 1791 habuit
2299 1748 2522 1792 matrem
2575 1739 2724 1808 virgo
2773 1754 3056 1794 mansurus
3090 1755 3105 1802 ;
3154 1741 3205 1794 in
3235 1755 3294 1795 se
3326 1742 3451 1795 viris
3475 1783 3492 1808 ,
3522 1752 3577 1797 et
3607 1745 3656 1796 in

368 1840 477 1893 que
504 1825 691 1878 Ιιυειὶω
723 1839 818 1892 pro
846 1822 1131 1876 voluntatis
1171 1837 1284 1874 suat
1323 1821 1528 1875 meritis
1563 1835 1592 1874 a
1634 1831 1822 1873 saneto
1847 1819 1966 1887 Spi-
1999 1822 2042 1880 Β
2073 1841 2243 1883 matre
2275 1829 2485 1884 remittis
2537 1831 2761 1898 prmbuit
2807 1831 3126 1900 virg‘nitatis
3167 1831 3474 1901 exemplum
3507 1849 3521 1884 :
3554 1851 3660 1903 quo

368 1919 478 1971 ritu
511 1915 811 1983 eliguntur,
839 1928 888 1967 et
926 1929 1020 1980 per
1045 1928 1310 1965 summum
1340 1911 1682 1965 Sacerdotem
1717 1909 1807 1964 Dei
1837 1909 1968 1962 oll'e-

369 2022 565 2060 runtur
592 2005 804 2059 altario.
839 2003 1004 2073 Digna
1037 2019 1220 2056 revera
1251 2001 1476 2056 Domino
1507 2001 1676 2056 hostia
1711 2011 1815 2054 tam
1848 2015 1969 2068 pre-

373 2097 497 2150 tiosi
553 2095 804 2148 animalis
873 2093 1076 2147 oblatio
1109 2133 1123 2156 ,
1181 2101 1235 2146 et
1286 2092 1427 2145 nulla
1485 2091 1654 2160 magis
1707 2094 1754 2143 ei
1813 2107 1968 2159 quant

372 2184 623 2253 imaginis
668 2198 780 2238 sua:
827 2183 1000 2236 hostia
1052 2183 1328 2251 placitura.
1397 2182 1472 2236 De
1519 2179 1780 2250 ejusmodi
1826 2179 1968 2235 enim

375 2280 689 2344 Apostoium
744 2275 1009 2342 prtecipue
1044 2273 1244 2326 divisse
1294 2287 1415 2327 reor
1466 2289 1478 2324 :
1535 2275 1754 2326 Obsecro
1803 2283 1972 2324 autem

376 2384 462 2420 ros
490 2407 508 2432 ,
538 2369 725 2436 fratres
751 2404 767 2430 ,
819 2381 908 2433 per
955 2365 1355 2416 misericordiam
1409 2362 1506 2416 Dei
1531 2405 1545 2425 ,
1595 2375 1648 2416 ut
1695 2363 1974 2416 exitibeatt's

373 2473 594 2528 corpora
625 2466 785 2510 vestra
827 2456 1046 2508 hostium
1074 2455 1320 2508 viventem
1341 2493 1356 2518 ,
1401 2465 1632 2507 sanctam
1655 2495 1670 2518 ,
1715 2453 1821 2507 Deo
1861 2455 1975 2521 pla-

376 2563 573 2606 centem
605 2551 780 2621 (Rom.
808 2565 901 2614 xtt,
929 2550 1005 2618 l).
1031 2549 1274 2602 Possidet
1303 2563 1432 2616 ergo
1460 2547 1739 2617 virginitas
1760 2545 1975 2614 etquod

378 2642 473 2696 alii
514 2641 754 2706 habent,
782 2649 833 2694 et
866 2641 1005 2707 quod
1039 2641 1127 2692 alii
1161 2654 1268 2693 non
1309 2639 1506 2693 habent
1543 2655 1554 2690 :
1589 2640 1713 2691 dum
1743 2648 1796 2693 et
1830 2653 1979 2692 com-

378 2746 598 2786 munem
627 2739 682 2784 et
711 2729 1032 2798 peculiarem
1062 2729 1268 2782 obtinet
1291 2728 1540 2797 gratiam,
1568 2736 1622 2782 et
1653 2727 1892 2796 pr0prio,
1920 2735 1980 2779 ut

381 2822 453 2876 ita
483 2820 742 2885 dixerim,
766 2819 1190 2874 consecrationis
1215 2811 1496 2887 privilegio
1524 2817 1738 2886 gaudet.
1768 2816 1899 2870 Nam
1925 2825 1983 2871 et

377 2911 581 2966 Christi
636 2923 862 2980 sponsas
923 2909 1158 2978 virgines
1195 2909 1376 2963 dicere
1418 2906 1790 2961 Ecclesiastica
1825 2904 1981 2959 nobis

385 3006 649 3074 permittit
686 3003 1008 3068 auctoritas;
1039 3003 1168 3058 dttm
1191 3002 1245 3056 in
1268 3017 1584 3071 sponsarum
1614 3000 1832 3054 modum
1853 3015 1983 3068 quas

384 3103 666 3156 consecrat
697 3093 924 3148 Domino
957 3095 1099 3149 velat
1135 3111 1147 3145 :
1181 3093 1472 3148 ostendens
1507 3108 1601 3147 eas
1624 3093 1705 3146 vel
1755 3092 1983 3145 maxime

390 3186 664 3240 habituras
707 3185 948 3253 spiritale
995 3185 1207 3238 cmmub
1231 3200 1355 3247 um,
1403 3200 1520 3252 quae
1567 3174 2059 3251 sublerlugerintC

388 3280 610 3330 carna'e
637 3274 986 3329 consortium.
1040 3273 1104 3327 Et
1147 3273 1306 3342 digne
1361 3273 1470 3327 Deo
1518 3287 1613 3340 per
1657 3272 1980 3326 matrimonii

387 3367 847 3436 comparationem
879 3364 1188 3433 spiritaliter
1217 3367 1532 3430 copu'autur
1557 3403 1573 3428 ,
1613 3378 1733 3431 qua:
1758 3362 1874 3430 ejus
1903 3361 1984 3415 di~

390 3464 638 3517 lectionis
666 3476 822 3513 causa
857 3461 1084 3514 humana
1115 3461 1378 3515 connubia
1424 3469 1762 3529 Spreverunt.
1816 3459 1869 3512 In
1903 3458 1986 3512 his

388 3570 549 3624 quam
593 3553 824 3607 maxime
866 3553 1119 3621 impletur
1166 3553 1290 3605 illud
1337 3552 1576 3622 Apostoli
1627 3566 1641 3604 ε
1690 3550 1789 3615 Qui
1817 3561 1986 3604 autem

389 3648 622 3700 adliceret
657 3643 875 3697 Domitio
904 3661 1034 3696 unus
1064 3646 1272 3712 spiritus
1301 3653 1373 3696 ist
1404 3643 1447 3712 (Ι
1478 3640 1598 3697 Cor.
1632 3657 1704 3705 vt,
1737 3641 1850 3710 17).

463 3738 519 3791 2.
562 3735 901 3791 Grande-est
939 3746 994 3789 et
1043 3735 1378 3800 immortale,
1411 3745 1466 3788 et
1497 3749 1630 3800 pene
1670 3733 1805 3786 ultra
1834 3740 1990 3785 natu-

393 3843 510 3881 ram
540 3841 857 3895 corpoream
885 3863 900 3887 ,
940 3817 1117 3894 sopire
1163 3825 1427 3878 luxuriam
1460 3833 1515 3878 et
1542 3823 1991 3892 concupiscentia

396 3920 668 3970 llatumant
710 3915 1090 3968 ado'escentitn
1136 3915 1338 3968 lacibus
1379 3927 1658 3968 actensam
1689 3913 1852 3965 animi
1886 3914 1993 3965 vir-

397 4020 513 4062 tute
558 4007 922 4076 restinguere,
965 4017 1016 4061 et
1054 4007 1278 4075 Spiritali
1327 4018 1522 4061 conatu
1585 4007 1690 4059 vim
1748 4006 1993 4076 gezuina:

394 4097 773 4153 oblectationis
801 4098 1108 4161 excludere,
1123 4098 1303 4150 vivere
1331 4109 1514 4150 contra
1537 4097 1748 4150 humani
1779 4098 1994 4166 generis

399 4204 633 4252 morem,
657 4187 935 4254 despicere
957 4187 1142 4242 solatia
1169 4187 1476 4256 conjugum,
1501 4187 1839 4240 ddecdinem
1863 4201 1996 4240 Con-

403 4289 648 4332 temnere
697 4278 986 4332 lib-rerum
1014 4316 1030 4342 ,
1078 4286 1130 4331 et
1165 4287 1498 4346 qua-cunque
1551 4277 1828 4345 pra'scnlis
1877 4277 1998 4330 vita:

402 4385 527 4424 esse
558 4370 834 4422 commoda
870 4379 1112 4437 possunt,
1139 4384 1236 4437 pro
1282 4368 1450 4421 nihilo
1479 4383 1572 4436 spe
1612 4368 1803 4420 futurae
1833 4366 2001 4420 beati-

407 4460 612 4512 tudinis
638 4470 968 4527 computare.
1016 4457 1201 4528 Magna
1249 4458 1395 4522 btec,
1435 4467 1492 4511 ut
1519 4458 1649 4522 dixi,
1677 4467 1734 4511 et
1763 4455 1999 4510 admira-

2070 1921 2532 1975 demonstraretur
2562 1922 2613 1975 in
2647 1929 2872 1990 utroque
2902 1936 3033 1974 sexu
3065 1922 3273 1976 beatam
3303 1923 3660 1992 integritatem

2070 2011 2361 2066 divinitth
2399 2012 2615 2073 haberi,
2650 2024 2703 2068 et
2745 2013 3128 2081 plenitudinem
3177 2013 3483 2079 meruisse;
3533 2014 3660 2069 dum

2071 2113 2239 2159 totum
2270 2105 2320 2156 in
2349 2115 2518 2158 matre
2558 2105 2670 2167 fuit,
2702 2104 2958 2173 quidquid
2986 2104 3282 2158 habebatur
3308 2105 3358 2158 in
3382 2105 3508 2158 lilio.
3555 2104 3662 2160 Sed

2073 2195 2198 2263 quid
2227 2209 2328 2262 ego
2356 2205 2541 2263 satago
2578 2195 2851 2248 excellens
2897 2209 2960 2249 ac
3005 2195 3230 2248 sublime
3261 2195 3527 2263 pudicitia:
3556 2211 3664 2249 uie-

2073 2289 2235 2340 ritum
2265 2289 2533 2347 revelare.
2565 2298 2618 2340 et
2641 2287 2889 2354 gloriosae
2920 2289 3238 2356 virginitatis
3265 2288 3460 2343 bonum
3485 2301 3666 2344 os'cn-

2073 2377 2234 2439 dere;
2283 2392 2404 2431 cum
2452 2377 2520 2430 de
2565 2376 2666 2431 bac
2709 2392 2769 2431 re
2818 2377 3097 2447 plerosque
3126 2393 3408 2445 perorasse
3438 2394 3543 2432 non
3577 2395 3668 2434 ue-

2076 2469 2274 2532 sciam,
2306 2478 2361 2522 et
2397 2469 2512 2537 ejus
2547 2468 2926 2525 beatitudinem
2959 2469 3409 2524 manifestissimis
3447 2469 3668 2523 rationi-

2079 2559 2176 2613 bus
2206 2560 2587 2626 comprobasse
2607 2599 2623 2626 ,
2651 2569 2704 2612 et
2736 2561 2865 2614 nulli
2898 2560 3123 2629 sapienti
3155 2561 3339 2615 venire
3366 2560 3418 2614 in
3449 2558 3666 2613 dubium

2081 2663 2237 2717 posse
2263 2690 2278 2714 ,
2309 2665 2426 2704 eam
2458 2665 2569 2704 rem
2600 2651 2816 2718 majoris
2838 2666 2958 2706 esse
2989 2633 3162 2706 meriti
3194 2665 3312 2715 quae
3347 2652 3419 2704 sit
3442 2650 3668 2720 amplio-

2081 2740 2156 2793 ris
2204 2739 2436 2794 laboris?
2491 2740 2747 2810 Quisquis
2790 2741 2932 2794 enim
2982 2741 3288 2808 pudicitiam
3333 2749 3426 2812 aut
3475 2739 3670 2793 nullius

2083 2831 2282 2899 pra‘mii
2311 2869 2324 2892 ,
2373 2840 2463 2882 aut
2494 2809 2974 2898 parviiexistitnat,
3025 2840 3232 2883 certum
3281 2809 3537 2882 est‘illum
3578 2837 3672 2880 aut

2084 2908 2350 2988 ignorare,
2384 2928 2474 2974 aut
2503 2935 2607 2973 non
2655 2919 3012 2973 voluntarium
3061 2919 3202 2974 ferre
3229 2918 3485 2972 laborem.
3521 2913 3673 2994 Unde

2082 3010 2156 3064 illi
2186 3025 2398 3080 semper
2424 3009 2657 3064 castitati
2700 3009 2997 3079 derogant,
3046 3008 3134 3078 qui
3163 3023 3281 3064 eam
3326 3017 3416 3061 aut
3443 3024 3548 3062 non
3580 3009 3675 3062 ba-

2087 3102 2236 3167 bent,
2266 3111 2358 3154 aut
2388 3101 2587 3158 habere
2612 3111 2874 3170 coguntur
2903 3100 3078 3154 inviti.

2162 3193 2215 3246 ὅ.
2257 3191 2408 3246 Nunc
2453 3191 2632 3260 itaque
2679 3190 2929 3260 quoniam
2971 3190 3150 3258 paucis
3198 3189 3362 3255 licet,
3394 3196 3501 3242 tam
3526 3187 3676 3242 labo-

2085 3297 2199 3337 rem
2231 3297 2390 3349 quam
2439 3285 2688 3336 meritum
2732 3281 3050 3350 integritatis
3078 3280 3446 3346 ostendimus;
3493 3294 3563 3335 ne
3591 3291 3679 3334 res

2089 3387 2207 3443 quze
2235 3371 2422 3441 grandi
2447 3373 2644 3428 virtute
2673 3381 2904 3436 constat,
2935 3379 2990 3426 et
3031 3371 3229 3440 in'genti
3263 3369 3485 3440 praemio
3509 3369 3679 3425 desti-

2093 3474 2273 3526 natur,
2306 3459 2500 3519 carere
2520 3467 2692 3517 lructu
2723 3478 2824 3517 suo
2857 3463 3045 3532 possit,
3076 3462 3378 3531 diligentius
3406 3461 3682 3515 excuban-

2089 3555 2213 3608 dum
2243 3564 2343 3608 est.
2373 3555 2583 3622 Quanto
2608 3554 2752 3608 enim
2781 3567 3113 3622 quotcunque
3148 3552 3356 3621 species
3397 3550 3682 3620 pretiosior

2091 3650 2274 3713 fuerit,
2303 3659 2452 3703 tanto
2482 3649 2669 3718 majori
2696 3648 3056 3703 sollicitudine
3082 3645 3400 3701 custoditur.
3445 3645 3512 3700 Et
3547 3659 3682 3714 quo-

2093 3741 2234 3794 niam
2283 3739 2464 3792 multae
2508 3750 2632 3793 sunt
2677 3754 2796 3808 qua:
2843 3739 2984 3793 bono
3037 3737 3252 3808 proprio
3299 3745 3524 3799 carent,
3578 3735 3679 3788 nisi

2097 3831 2318 3885 aliarum
2347 3844 2526 3883 rerum
2544 3829 2800 3898 juventur
2819 3827 3047 3882 auxilio:
3077 3837 3132 3881 ut
3152 3837 3232 3881 est
3255 3826 3430 3880 mellis
3451 3825 3680 3894 species,

2096 3939 2215 3990 qua!
2242 3922 2341 3976 nisi
2364 3936 2608 3974 cerarum
2633 3920 2869 3974 custodia
2891 3929 2946 3974 et
2969 3919 3207 3973 favorum
3233 3915 3440 3972 cellulis
3463 3930 3684 3970 conser-

2097 4023 2249 4066 vetur
2277 4052 2291 4075 ,
2322 4019 2374 4064 et
2423 4009 2505 4078 (ut
2534 4010 2712 4064 verius
2741 4005 3022 4106 dixerim).
3047 4007 3310 4062 nutriatur
3337 4046 3352 4070 ,
3385 4003 3684 4060 naturalem

2097 4104 2319 4174 gratiam
2342 4101 2537 4171 perdit,
2561 4111 2612 4155 et
2638 4101 2930 4155 subsistere
2959 4097 3054 4165 pér
3074 4114 3133 4153 se
3164 4097 3333 4168 ipsam
3362 4113 3465 4150 non
3490 4104 3684 4165 potest.

2100 4195 2249 4249 Sicut
2292 4202 2348 4247 et
2376 4193 2482 4245 vini
2521 4192 2729 4259 species
2753 4230 2768 4254 ,
2810 4190 2952 4259 quod
2984 4189 3085 4243 nisi
3119 4187 3246 4243 booi
3270 4187 3452 4241 odoris
3477 4200 3569 4239 vas
3595 4185 3686 4250 sit,

2103 4295 2152 4338 et
2186 4282 2450 4350 reparatis
2478 4279 2720 4333 crebrius
2763 4277 2969 4346 p‘cibus
3011 4276 3274 4336 foveatur,
3304 4274 3550 4344 genuina:
3579 4273 3687 4326 vim

2104 4370 2382 4427 suavitatis
2411 4369 2628 4421 amittit.
2680 4366 2948 4420 Attentius
2985 4378 3115 4432 ergo
3159 4360 3545 4432 providendum
3583 4371 3686 4427 est,

2109 4478 2176 4517 ne
2208 4461 2344 4515 forte
2372 4469 2426 4513 et
2454 4457 2741 4528 virginitati
2769 4457 2870 4509 alia
2904 4456 3009 4508 sint
3038 4453 3339 4507 necessaria
3359 4493 3374 4515 ,
3417 4452 3534 4506 sine
3568 4451 3688 4521 qni-

409 4551 530 4603 Iulis
576 4554 744 4603 virtus
791 4557 873 4601 i-st
896 4593 910 4615 ,
965 4558 1020 4604 et
1062 4565 1168 4602 non
1217 4549 1485 4602 innuerito
1515 4563 1610 4617 pro
1640 4546 2001 4617 magnitudine
2032 4537 2078 4596 Ι)
2106 4554 2205 4608 bus
2241 4542 2573 4618 nequaquam
2615 4547 2846 4602 fructum
2875 4545 3067 4599 alTerre
3102 4543 3332 4598 sumciat
3373 4559 3388 4594 :
3431 4550 3488 4596 et
3514 4551 3693 4595 tantus

413 4643 614 4695 laboris
661 4643 743 4694 sui
783 4641 980 4710 ingenti
1017 4641 1241 4710 praemio
1280 4641 1565 4694 destinata.
1613 4639 1796 4702 Dabo,
1829 4639 2000 4707 inquit

417 4734 673 4786 Dominus
699 4771 715 4794 ,
754 4730 1066 4799 spadonibus
1095 4730 1217 4783 meis
1253 4730 1306 4782 in
1344 4729 1495 4782 domo
1523 4745 1633 4781 utea
1657 4770 1671 4794 ,
1703 4737 1748 4782 et
1778 4729 1829 4781 in
1856 4741 2003 4780 muro

415 4838 525 4873 meo
578 4823 746 4873 locum
792 4822 1111 4873 nominatum
1155 4823 1416 4874 meliorem
1461 4838 1492 4872 a
1541 4822 1663 4884 ﬁliis
1707 4830 1754 4874 ct
1803 4819 2006 4887 ﬁliabus

425 4913 588 4965 Israel
613 4957 627 4978 ,
679 4928 860 4964 nomen
907 4922 1154 4965 internum
1193 4912 1325 4964 dabo
1360 4911 1434 4965 eis
1484 4911 1621 4979 quod
1663 4926 1763 4963 non
1811 4909 2010 4977 deﬁciet

423 5000 580 5068 (luti.
632 5019 736 5064 Lvt,
786 5001 864 5070 4).
925 5004 998 5057 De
1038 5003 1231 5070 quibus
1278 5002 1604 5070 spadonibus
1648 5001 1904 5055 Dominus
1959 5001 2010 5054 itt

425 5094 715 5163 Evangelia
745 5094 972 5162 repetit,
1001 5094 1184 5148 dicens
1235 5112 1246 5145 :
1293 5094 1427 5149 Sunt
1473 5094 1606 5146 enim
1651 5094 1903 5163 spadones
1929 5093 2015 5161 qui

427 5185 617 5251 κίρκοι
643 5195 990 5240 muniverunt
1027 5197 1236 5256 propter
1264 5200 1476 5256 regnum
1509 5186 1747 5237 calorum
1802 5182 2013 5249 (Matth.

431 5291 543 5336 xtx,
575 5275 687 5343 l2).
738 5276 958 5344 Magnus
1005 5275 1221 5344 quidem
1261 5283 1346 5329 est
1389 5274 1655 5343 pudicitiae
1688 5275 1874 5336 labor,
1926 5275 2018 5325 sud

431 5368 606 5434 majus
631 5369 908 5436 praemium
941 5382 956 5418 :
989 5366 1295 5435 temporalis
1323 5365 1564 5420 custodia
1591 5409 1606 5432 ,
1653 5367 1746 5418 sed
1778 5377 2026 5419 remune-

434 5459 571 5510 ratio
590 5470 811 5511 πίει-ιιι.
842 5457 917 5510 De
944 5459 1026 5512 bis
1051 5458 1192 5510 cnim
1213 5470 1263 5509 et
1293 5456 1725 5510 beatusluannes
1753 5459 2026 5524 apostolus

436 5545 668 5612 loquiur
698 5585 716 5612 ,
775 5547 914 5615 quod
963 5556 1244 5616 sequuntur
1302 5562 1494 5614 agnum
1553 5562 1850 5614 quocunque
1913 5546 2026 5598 irrit

437 5645 619 5706 j.—lpcc.
652 5656 758 5704 xtv,
790 5641 868 5707 4).
900 5641 1050 5706 Quod
1082 5642 1150 5692 ita
1180 5640 1582 5709 intelligendum
1614 5651 1736 5707 puta
1767 5683 1780 5704 ,
1817 5639 2019 5692 nullum

442 5735 511 5786 εἱ-
545 5734 718 5788 locum
748 5733 801 5786 in
830 5734 1033 5787 caelesti
1065 5733 1182 5786 auls
1209 5730 1563 5787 claudendum
1594 5771 1607 5796 ,
1639 5739 1692 5783 et
1721 5745 1910 5785 cuneta
1945 5732 2024 5785 eis

2111 4647 2237 4698 nihil
2291 4642 2528 4711 proderit
2566 4640 2758 4702 labor,
2803 4638 2928 4692 dum
2981 4651 3114 4689 vane
3156 4633 3410 4702 prodesse
3455 4633 3695 4688 eted.tnr

2112 4734 2252 4804 quod
2323 4732 2523 4800 absque
2582 4729 2744 4785 rebus
2813 4725 3129 4782 necessariis
3192 4724 3512 4794 possidetur.
3583 4722 3696 4777 Nisi

2113 4828 2254 4881 enim
2286 4823 2479 4889 fallor,
2530 4824 2599 4876 ob
2647 4820 2883 4875 caelestis
2912 4815 3062 4886 regni
3109 4811 3388 4883 praemium
3429 4812 3697 4882 pudicitia:

2116 4925 2358 4974 servatur
2403 4914 2680 4983 in'egritas
2706 4954 2720 4975 ,
2763 4910 2904 4980 quod
2940 4909 3055 4963 sine
3096 4918 3313 4961 aeterna:
3356 4905 3479 4959 vita:
3507 4906 3699 4960 merito

2123 5021 2390 5061 neminem
2416 5003 2668 5070 consequi
2699 5015 2855 5068 posse
2883 4999 3010 5050 satis
3038 5005 3240 5050 certum
3271 5005 3371 5050 est.
3417 4994 3698 5050 IEternam

2120 5113 2250 5152 vero
2281 5099 2441 5149 vitam
2487 5109 2592 5147 non
2635 5093 2733 5145 nisi
2769 5107 2864 5160 per
2893 5103 3106 5143 omnem
3158 5087 3462 5141 divinorum
3500 5101 3702 5156 przeee-

2119 5200 2330 5255 ptormn
2361 5185 2656 5238 custodiam
2701 5180 2994 5249 promereri
3039 5191 3197 5246 posse
3234 5175 3508 5246 Scriptura
3541 5186 3704 5229 testa-

2125 5290 2239 5338 tur,
2279 5278 2508 5331 dicens:
2542 5274 2602 5329 Si
2637 5275 2709 5327 vis
2748 5273 2815 5326 ad
2860 5273 3012 5324 vitam
3060 5270 3254 5335 venire,
3284 5284 3425 5322 serva
3464 5271 3704 5321 mandata

2129 5369 2343 5438 (.llault.
2373 5383 2457 5421 xtx
2485 5407 2499 5430 ,
2534 5366 2646 5435 l7).
2702 5365 2874 5417 Vitam
2929 5377 3058 5431 ergo
3107 5375 3212 5415 non
3259 5359 3420 5414 habet
3466 5358 3566 5410 nisi
3617 5359 3706 5424 qui

2133 5472 2321 5518 cuncta
2374 5462 2506 5531 legis
2557 5457 2805 5513 mandata
2850 5455 3143 5510 servaverit
3171 5471 3186 5507 :
3214 5462 3268 5507 ct
3294 5451 3382 5519 qui
3414 5451 3573 5503 vitam
3605 5465 3710 5504 non

2138 5551 2422 5613 habuerit,
2455 5549 2690 5604 caelestis
2723 5547 2870 5613 regni
2907 5560 3008 5598 non
3059 5549 3233 5612 poti-st
3267 5553 3387 5593 esse
3417 5551 3712 5606 possessor,

2138 5644 2187 5696 iu
2219 5659 2322 5710 quo
2352 5658 2454 5694 non
2485 5638 2680 5694 mortui
2707 5678 2722 5703 ,
2754 5638 2848 5690 sed
2877 5651 2979 5688 vivi
3005 5633 3199 5702 quique
3227 5628 3542 5698 regnabuut.
3577 5629 3714 5682 Nihil

2135 5749 2262 5800 ergo
2288 5732 2563 5802 virginizas
2587 5731 2697 5785 sola
2727 5726 2989 5796 proliciet,
3018 5735 3135 5790 qua:
3165 5721 3399 5776 cmlestis
3430 5720 3576 5791 regni
3604 5719 3714 5786 glu-
