4132 6176
503 347 574 399 79
1801 333 2138 389 AUC'I‘OltlS
2180 332 2483 385 ANUNYMI
3687 334 3754 381 gn

507 457 634 506 riam
663 462 870 519 sperat;
901 450 996 501 nisi
1025 457 1074 501 et
1108 447 1235 500 illud
1271 444 1541 511 habuerit,
1573 444 1655 496 cui
1689 451 1939 511 perpetua
1972 442 2074 494 vita
2106 445 2153 499 Α
2182 450 2262 492 cst
2293 439 2434 492 aliud
2460 454 2614 507 quam
2649 454 2750 491 non
2785 452 3024 506 peccare.
3061 438 3172 492 Non
3208 453 3426 506 peccare
3456 456 3525 492 au
3550 457 3654 499 ent,
3679 453 3762 494 est

505 543 826 611 promittitur
852 585 865 607 ,
899 555 992 608 per
1013 554 1169 607 quam
1196 537 1428 593 cmlestis
1471 533 1618 604 regni
1651 533 1925 602 pratmium
1957 546 2077 600 pns-

504 635 727 687 sideLur.
749 631 887 685 Ante
916 645 1043 699 ergo
1067 628 1242 682 omnia
1275 626 1578 696 pudicitiam
1613 624 2078 693 integritatemque

503 723 838 778 servantibus
872 731 922 775 et
963 720 1078 788 ejus
1125 716 1607 773 remunerationem
1639 731 1666 766 a
1699 713 1792 767 Dei
1827 715 2078 782 :eqnitate

503 798 836 881 sperantibus
865 811 1232 864 mandatorum
1258 817 1379 860 sunt
1407 802 1755 860 custodienda
1785 813 2080 873 maecepta,

507 923 572 958 ne
599 903 846 973 gloriosae
873 901 1132 956 castitatis
1163 908 1216 953 et
1238 897 1580 952 continentia:
1607 895 1756 949 labor
1786 895 1839 948 iu
1867 892 2075 946 irritum

505 997 814 1049 deducatur.
840 992 1012 1060 Supra
1041 989 1346 1044 mandarum
1369 990 1450 1043 vel
1475 993 1793 1056 praeceptum
1825 997 1945 1037 esse
1975 982 2080 1034 vir-

507 1084 776 1152 ginitatem
803 1121 819 1147 ,
867 1080 1079 1150 sapiens
1126 1089 1178 1134 et
1218 1079 1398 1148 legens
1429 1076 1603 1131 nullus
1642 1075 1888 1145 ignorat;
1941 1073 2080 1140 Apoc

507 1175 643 1228 stolo
671 1173 880 1226 dicente
909 1188 922 1222 :
957 1169 1032 1223 De
1055 1168 1329 1240 virginibus
1353 1178 1518 1221 autem
1547 1172 1853 1234 praeceptum
1877 1161 2078 1214 Domini

509 1281 604 1318 non
627 1262 784 1316 habeo
807 1303 824 1327 ,
853 1261 1117 1315 consilium
1147 1269 1315 1312 autem
1358 1258 1424 1309 do
1453 1256 1496 1326 (l
1519 1254 1636 1309 Cor.
1668 1269 1758 1318 vtt,
1787 1251 1903 1320 25).
1946 1251 2076 1304 Cum

509 1374 634 1424 ergo
662 1355 964 1409 obtinenda:
1002 1351 1315 1420 virginitatis
1353 1348 1630 1403 consilium
1662 1345 1773 1410 dat,
1807 1359 1914 1398 non
1945 1356 2081 1410 prae-

511 1459 719 1515 ceptutu
750 1446 959 1507 statuit;
993 1458 1155 1511 supra
1181 1441 1483 1494 mandatum
1511 1438 1591 1491 vel
1617 1445 1937 1505 praeceptum
1961 1447 2080 1487 eam

512 1556 628 1593 esse
689 1536 958 1606 professus
1020 1542 1121 1588 est.
1184 1532 1495 1600 Quicunque
1547 1542 1673 1596 ergo
1721 1523 2079 1594 virginitatem

511 1640 720 1685 servant
743 1671 756 1694 ,
792 1627 956 1697 magis
983 1640 1139 1695 quam
1191 1631 1512 1692 praeceptum
1542 1628 1624 1674 est
1667 1617 1880 1672 faciunt.
1933 1615 2082 1669 Tunc

511 1725 648 1775 enim
695 1719 932 1790 proderit
978 1717 1203 1785 amplius
1234 1715 1421 1770 fecisse
1460 1728 1617 1781 quam
1643 1711 1851 1779 jussum
1883 1719 1962 1765 est
1987 1750 2003 1774 ,
2035 1708 2080 1763 si

2185 531 2314 598 legis
2341 539 2598 599 praecepta
2629 545 2863 583 servare.
2919 530 3310 598 Praeceptorum
3360 540 3533 584 autem
3579 530 3764 584 obser-

2183 624 2323 672 vatio
2346 619 2541 686 dup'ici
2567 634 2767 687 genere
2797 619 3132 673 custoditur:
3169 628 3225 674 ut
3269 620 3396 673 nihil
3428 635 3611 674 eorum
3645 639 3763 690 quae

2186 710 2532 778 prohibentur
2559 711 2717 763 fac'as
2743 752 2756 775 ,
2808 719 2862 762 ει
2886 720 3074 764 Cllzzcltt
3102 726 3222 778 qum
3259 713 3515 778 jubentur
3545 713 3764 782 implere

2183 800 2492 875 contendas.
2532 800 2642 854 lloc
2671 801 2915 868 estquod
2947 801 3074 854 dicit
3106 801 3335 855 :liecede
3365 819 3396 855 a
3421 803 3577 867 malo,
3606 813 3649 856 et
3681 807 3765 873 [nc

2182 892 2369 942 bonum
2403 889 2625 958 (Psalm.
2671 907 2835 946 xxxnt
2861 933 2874 954 ,
2910 893 3022 960 f5).
3071 891 3203 945 Nolo
3226 893 3366 946 enim
3394 891 3545 962 putes
3583 894 3633 947 in
3663 894 3765 948 hoc

2181 993 2430 1035 constare
2451 982 2563 1050 jtnt
2589 981 2735 1045 tiam,
2768 991 2825 1036 ut
2847 980 3044 1035 malum
3079 997 3187 1037 non
3208 982 3398 1046 facias;
3439 998 3559 1037 cum
3590 993 3643 1038 et
3671 984 3766 1038 bo-

2185 1087 2310 1124 num
2343 1086 2449 1123 non
2479 1070 2652 1126 facere
2683 1073 2879 1124 malum
2909 1073 2980 1124 sit
3005 1113 3018 1137 ,
3048 1081 3103 1125 et
3127 1074 3179 1126 in
3213 1081 3438 1142 utroque
3467 1071 3601 1142 legis
3631 1088 3766 1141 prae-

2184 1163 2434 1216 variCatio
2475 1162 2859 1217 committatur.
2891 1163 3151 1231 Quoniam
3182 1165 3270 1231 qui
3299 1164 3433 1219 dixit
3461 1180 3475 1216 :
3514 1165 3704 1220 Recede
3731 1183 3763 1219 a

2183 1257 2348 1319 malo;
2379 1265 2431 1308 ct
2458 1255 2571 1324 ipse
2599 1255 2767 1319 dixit,
2824 1259 2907 1324 [ac
2935 1255 3136 1309 bonum.
3173 1256 3227 1312 Si
3279 1274 3308 1309 ιι
3340 1258 3480 1310 malo
3525 1272 3764 1312 recesse-

2184 1347 2255 1399 ris
2283 1358 2338 1400 et
2360 1349 2462 1399 itou
2494 1346 2684 1401 feceris
2717 1347 2934 1408 bonum,
2970 1355 3327 1414 transgressor
3347 1361 3404 1399 es
3430 1344 3611 1415 Legis;
3643 1361 3762 1414 qua

2184 1451 2290 1488 non
2321 1444 2524 1488 tantum
2553 1437 2602 1488 in
2636 1436 2897 1488 malorum
2935 1448 3151 1488 actuum
3192 1434 3589 1490 abominatione
3613 1476 3628 1500 ,
3664 1436 3756 1490 sed

2183 1526 2309 1579 etin
2344 1525 2600 1580 bonarum
2629 1541 2848 1595 operum
2880 1526 3205 1595 perfectione
3228 1526 3546 1595 completur.
3579 1526 3761 1595 Neque

2184 1619 2325 1670 enim
2352 1616 2452 1670 hoc
2473 1617 2641 1669 solum
2669 1617 2758 1670 tibi
2786 1618 3087 1686 pratcipitur
3107 1656 3121 1680 ,
3157 1625 3215 1670 ut
3245 1616 3490 1672 chtitutn
3519 1619 3628 1670 suis
3654 1632 3761 1669 non

2185 1706 2381 1775 Spolies
2412 1706 2775 1769 indumentis;
2804 1707 2895 1760 sed
2919 1716 2972 1761 et
2998 1714 3055 1760 ιιι
3083 1705 3364 1777 spoliatum
3387 1706 3596 1775 operias
3617 1707 3718 1759 tuis
3743 1723 3756 1758 :

512 1814 650 1879 quod
693 1812 892 1880 jussum
941 1819 1025 1865 est
1072 1807 1255 1862 facias.
1302 1806 1534 1875 Cupiens
1577 1804 1812 1858 divinum
1861 1801 2081 1870 implere
2113 1795 2157 1853 Β
2187 1813 2358 1866 neque
2393 1807 2450 1852 ut
2482 1798 2694 1852 babenti
2736 1813 3088 1869 pauetu;nou
3121 1799 3331 1852 auferas
3366 1813 3551 1864 suum,
3578 1798 3670 1852 sed
3706 1810 3763 1852 ut

511 1903 811 1965 consilium,
843 1909 967 1955 ante
995 1899 1173 1953 omnia
1198 1911 1352 1952 serva
1377 1894 1682 1950 mandatum
1716 1909 1730 1945 :
1759 1891 1946 1945 volens
1977 1887 2082 1943 vir-

510 1993 744 2060 ginitatis
770 1989 1045 2060 praemium
1067 1986 1341 2056 consequi,
1370 1985 1493 2039 vitae
1517 1985 1838 2054 amplectere
1868 1981 2077 2047 merita,

512 2094 569 2138 ut
593 2092 679 2138 tua
706 2080 1033 2136 remunerari
1058 2079 1278 2136 castitas
1307 2077 1492 2147 possit.
1522 2075 1649 2130 Nam
1675 2083 1732 2129 ut
1755 2073 1914 2127 vitam
1943 2086 2080 2141 pra:-

513 2184 615 2227 stat
638 2170 998 2228 remuneratio
1025 2170 1428 2233 mandatorum;
1453 2168 1523 2221 ita
1550 2181 1582 2221 e
1608 2163 1876 2220 cttntrario
1897 2177 2080 2216 eorum

512 2272 732 2334 generat
761 2261 1129 2332 praevaricatio
1157 2271 1402 2314 mortem.
1439 2259 1500 2312 Et
1529 2256 1618 2326 qui
1655 2270 1748 2323 per
1775 2253 2081 2322 praevarica-

515 2354 710 2407 tionem
737 2353 788 2407 itt
821 2359 1046 2405 mortem
1076 2348 1234 2404 fuerit
1258 2348 1558 2417 deputatus,
1592 2343 1905 2413 virginitatis
1927 2357 2082 2396 coro-

515 2460 634 2496 nam
664 2457 882 2512 sperare
911 2455 1014 2495 non
1043 2441 1268 2509 poterit;
1311 2451 1482 2506 neque
1511 2434 1772 2505 pudicitia:
1807 2432 2080 2504 praemium

512 2541 819 2602 exspectare
847 2531 1170 2586 constitutus
1201 2531 1250 2584 in
1281 2544 1455 2598 ptena.

525 2693 529 2696 _
581 2626 632 2679 ι.
673 2624 806 2679 Tres
832 2623 976 2678 enim
1002 2624 1208 2690 species
1233 2629 1375 2685 sunt,
1401 2633 1492 2688 per
1521 2632 1653 2687 qnas
1679 2616 1910 2671 caelestis
1933 2617 2079 2685 regni

512 2715 776 2780 possessio
823 2713 1088 2768 introitur.
1146 2711 1319 2765 Prima
1367 2720 1448 2764 est
1497 2708 1792 2778 pudicitia;
1848 2709 2079 2764 secunda

509 2803 692 2858 mundi
712 2811 1081 2872 contemptus;
1111 2802 1261 2856 tertia
1292 2815 1418 2855 vero
1442 2800 1645 2870 justitia
1679 2818 1692 2852 :
1719 2814 1838 2868 qua:
1870 2807 1926 2852 ut
1950 2813 2079 2853 con-

511 2911 661 2949 ueste
693 2895 975 2963 plurimum
1007 2906 1066 2946 se
1117 2890 1511 2962 possidentibus
1560 2896 1849 2959 praestant;
1899 2888 1968 2942 ita
1999 2889 2080 2942 dio

510 2989 638 3041 visa:
689 2986 944 3056 prodesse
989 2982 1206 3040 difﬁcile
1257 2991 1476 3052 possunt
1523 2999 1535 3035 :
1582 2981 1708 3036 dum
1755 2995 2082 3050 unaquaque

508 3092 690 3130 earum
719 3089 824 3129 non
853 3083 1068 3144 propter
1095 3089 1152 3128 se
1185 3083 1386 3128 tantum
1410 3115 1427 3140 ,
1457 3071 1550 3128 sed
1578 3079 1793 3142 propter
1815 3071 1975 3126 aliam
2005 3073 2081 3126 ef-

2181 1902 2288 1941 non
2311 1887 2524 1941 habenti
2549 1927 2565 1952 ,
2603 1899 2746 1940 tuutn
2787 1889 3016 1942 libenter
3041 1887 3352 1956 impertias:
3376 1903 3549 1958 neque
3587 1890 3760 1944 solum

2183 1989 2239 2033 ut
2273 1993 2557 2048 pauperem
2579 1993 2680 2032 suo
2714 1993 2817 2033 non
2850 1980 3016 2049 pellas
3053 1981 3318 2049 hospitio;
3348 1980 3442 2035 sed
3465 1991 3518 2035 ut
3540 1982 3755 2050 pulsum

2182 2082 2233 2124 et
2258 2071 2370 2124 nou'
2388 2070 2671 2126 habentem
2695 2071 2922 2140 recipias
2947 2083 3056 2126 tuo.
3087 2073 3417 2141 Praeceptum
3440 2075 3580 2129 enim
3609 2075 3761 2131 nobis

2181 2171 2286 2226 est,
2315 2159 2463 2214 Flere
2483 2177 2598 2214 cum
2618 2163 2854 2230 ﬂentibus
2877 2162 3052 2232 (Rom.
3079 2178 3173 2229 stt,
3200 2164 3309 2234 l5).
3337 2164 3612 2230 Quomodo
3637 2180 3760 2219 cum

2184 2252 2291 2305 illis
2311 2253 2517 2318 flemus,
2542 2255 2586 2308 si
2610 2255 2659 2308 in
2685 2255 2830 2308 nullo
2850 2271 3034 2310 eorum
3059 2257 3460 2312 necessitatibus
3483 2259 3760 2327 participa-

2184 2358 2322 2409 ιιιιις,
2347 2359 2443 2396 nec
2465 2341 2680 2412 aliquod
2703 2345 2782 2397 eis
2808 2345 2860 2398 in
2892 2345 2975 2397 bis
3001 2354 3221 2414 propter
3251 2361 3381 2414 quas
3404 2349 3762 2418 lacrymantur

2183 2435 2360 2488 causis
2418 2435 2718 2504 praebemus
2775 2437 3082 2491 auxilium?
3138 2437 3321 2509 Neque
3358 2441 3499 2495 enim
3541 2443 3759 2498 fletuum

2186 2539 2488 2579 nos-mrum
2514 2525 2652 2582 Deus
2676 2525 3059 2584 infructuosum
3099 2530 3291 2598 quaerit
3325 2531 3628 2598 humorem;
3663 2533 3758 2588 sed

2187 2616 2308 2685 quia
2345 2615 2590 2686 lacrytnze
2626 2617 2825 2671 doloris
2864 2618 3112 2672 indicium
3150 2627 3294 2686 sunt,
3322 2621 3431 2673 vult
3458 2629 3512 2675 te
3537 2622 3605 2674 ita
3627 2623 3760 2675 αἰε-

2187 2709 2297 2759 rius
2317 2707 2591 2774 angustias
2613 2707 2816 2761 sentire
2845 2718 2901 2760 ιιι
2927 2718 3078 2772 tuas;
3115 2719 3166 2762 ct
3189 2709 3456 2777 quomodo
3478 2710 3568 2764 tibi
3592 2711 3644 2765 in
3670 2713 3759 2766 tali

2189 2795 2526 2850 tribulatione
2546 2795 2590 2848 si
2612 2810 2760 2849 esses
2781 2796 3051 2851 subveniri
3085 2812 3330 2866 cuperes,
3358 2799 3428 2852 ita
3451 2800 3605 2855 alteri
3628 2801 3759 2854 sub-

2187 2887 2368 2940 venias
2412 2895 2631 2956 propter
2676 2886 2803 2941 illud
2845 2903 2859 2939 :
2920 2888 3239 2955 Ouwcunque
3276 2889 3428 2944 vultis
3474 2901 3528 2942 ut
3568 2890 3757 2959 faciant

2184 2978 2322 3032 vobis
2369 2979 2594 3032 homines
2645 2979 2814 3044 bona,
2863 2980 2937 3032 ita
2977 2989 3026 3034 et
3072 2997 3160 3034 vos
3201 2982 3351 3050 facite
3382 2981 3486 3036 illis
3528 2985 3760 3038 similiter

2184 3065 2395 3139 (Matth.
2427 3083 2522 3133 vn,
2557 3069 2668 3138 ll).
2693 3069 2822 3124 Nam
2845 3086 2964 3125 eum
2995 3071 3156 3127 flente
3180 3071 3335 3137 flere,
3365 3084 3421 3129 et
3451 3075 3603 3142 nihil,
3635 3091 3754 3131 cum

511 3169 794 3236 finguntur.
826 3164 880 3218 lu
909 3165 1092 3232 primis
1122 3178 1250 3230 ergo
1277 3163 1533 3232 quaeritur
1564 3160 1835 3230 pudicitia,
1868 3171 1924 3216 ut
1953 3161 2081 3215 faci-
2105 3151 2152 3213 C
2186 3161 2390 3229 possis,
2432 3159 2579 3215 flenti
2618 3161 2886 3225 conferre,
2925 3162 3376 3230 subsannationis,
3409 3181 3514 3218 non
3547 3165 3759 3232 pietatis

511 3257 610 3309 lius
656 3255 920 3322 subsequa
947 3268 1011 3306 ur
1057 3251 1235 3306 tnundi
1285 3260 1622 3321 contemptus
1656 3268 1668 3302 :
1697 3252 1817 3321 quia
1857 3251 1926 3305 ab
1977 3252 2078 3306 ilhs

511 3345 736 3401 mundus
766 3346 1033 3400 contemni
1066 3344 1232 3400 levius
1262 3352 1470 3413 potest,
1511 3343 1601 3413 qtti
1629 3343 1953 3397 matrimonii
1984 3357 2080 3398 ne-

511 3439 661 3490 xibus
692 3451 794 3489 non
829 3444 983 3489 tenen
1010 3449 1094 3488 ur.
1121 3435 1296 3489 Mundi
1329 3449 1454 3489 vero
1476 3443 1809 3501 contemptus
1838 3436 2079 3502 exposci-

512 3539 597 3582 tur
617 3569 633 3594 ,
665 3540 720 3582 ut
749 3529 947 3596 justitia
976 3536 1357 3588 conservetur;
1409 3540 1565 3596 quam
1612 3524 1834 3592 implere
1862 3524 2079 3578 difflcle

513 3629 762 3683 possunt,
801 3620 889 3688 qui
938 3616 1269 3671 saecularium
1310 3615 1567 3671 bonorum
1597 3625 1651 3669 et
1691 3613 2076 3669 mundanarum

511 3710 836 3779 voluptatunt
869 3707 1090 3778 negotiis
1120 3705 1490 3776 implicantur!
1519 3705 1767 3774 Quisquis
1795 3719 1920 3772 ergo
1952 3720 2074 3772 pos.

509 3801 644 3854 sidet
676 3800 895 3868 primam
943 3797 1175 3866 speciem
1216 3795 1481 3866 pudicitia:
1505 3835 1519 3860 ,
1551 3805 1605 3848 et
1645 3794 1928 3848 secundam
1959 3808 2078 3862 qua:

509 3901 590 3942 est
619 3887 801 3941 mundi
830 3897 1162 3954 contemptus
1187 3927 1202 3951 ,
1228 3900 1332 3939 non
1363 3885 1456 3940 obt
1477 3895 1587 3951 net,
1621 3901 1753 3954 pene
1777 3885 1891 3938 sine
1919 3898 2078 3939 causa

513 3979 747 4046 possidet
771 3978 1026 4046 primatu,
1057 3976 1270 4045 qtando
1297 3975 1582 4030 secundam
1614 3990 1718 4028 non
1748 3973 1923 4038 ltabct,
1958 3990 2081 4043 pro-

513 4079 628 4136 pter
647 4080 802 4133 quam
827 4065 990 4134 prima
1013 4068 1232 4135 quauita
1262 4077 1362 4120 est.
1395 4066 1458 4120 Et
1485 4069 1528 4120 si
1563 4065 1785 4136 primatu
1813 4075 1866 4120 et
1889 4081 2080 4119 secun-

512 4160 630 4211 datn
666 4159 888 4221 habeat,
917 4157 1000 4212 cui
1033 4159 1214 4223 tertia,
1246 4172 1364 4226 qua:
1395 4167 1476 4211 est
1499 4158 1705 4226 justitia
1725 4196 1741 4220 .
1773 4158 1943 4223 desit;
1977 4157 2082 4211 fru-

513 4260 618 4303 slra
653 4248 853 4302 laborat
884 4264 898 4302 :
934 4247 1180 4318 quoniam
1213 4249 1514 4316 superiores
1543 4248 1659 4302 dua:
1689 4257 1902 4317 propter
1926 4248 2079 4318 justi-

514 4344 640 4394 tiam
699 4339 963 4408 praccipue
1025 4339 1390 4409 requiruntur.
1461 4340 1597 4406 Quid
1653 4340 1795 4393 enim
1865 4339 2081 4408 prodest

514 4439 730 4498 prepter
769 4428 951 4483 mundi
989 4439 1350 4497 contemptum
1402 4429 1707 4497 pudicitiam
1751 4429 1979 4494 habere,
2027 4437 2081 4483 et

2182 3250 2431 3304 indicium
2462 3258 2563 3304 est.
2609 3249 2846 3317 Denique
2882 3250 3128 3306 Salvator
3161 3261 3343 3305 noster
3363 3268 3483 3306 cum
3505 3253 3664 3308 Maria
3705 3267 3759 3311 ιι

2182 3339 2384 3392 Martha
2427 3337 2606 3392 Lazari
2630 3337 2906 3393 sororibus
2932 3339 3110 3403 flevit;
3151 3348 3206 3393 et
3241 3339 3517 3395 immensa
3556 3342 3758 3398 miseri-

2179 3430 2376 3484 cordiae
2403 3430 2648 3485 affectum
2683 3429 3037 3495 lacrvmat'um
3070 3430 3391 3484 contestatio
3417 3446 3462 3486 .e
3493 3442 3749 3487 monstra-

2181 3521 2276 3585 vit,
2300 3528 2354 3574 et
2377 3535 2515 3573 vera:
2539 3519 2748 3588 pietatis
2770 3519 2960 3574 indicia
2986 3537 3106 3575 mox
3126 3535 3284 3590 Opera
3305 3520 3585 3577 subsecuta
3608 3533 3753 3592 sunt,

2180 3625 2300 3664 cum
2332 3610 2620 3664 suscitatus
2659 3609 2933 3677 Lazarus,
2978 3611 3131 3680 cujus
3172 3627 3329 3667 causa
3377 3613 3753 3682 fundebantur,

2180 3701 2452 3756 sororibus
2489 3699 2748 3756 redditur.
2793 3702 2904 3757 lloc
2944 3701 3038 3756 fuit
3071 3702 3156 3770 pie
3183 3718 3305 3758 cum
3341 3704 3585 3760 ﬂentibus
3606 3707 3752 3773 flere,

2181 3795 2518 3845 occasionem
2543 3793 2698 3846 fletus
2721 3792 2953 3846 auf‘erre.
2985 3791 3087 3846 Sed
3109 3792 3258 3862 quasi
3291 3803 3501 3862 potens,
3524 3795 3751 3863 inquies,

2183 3881 2326 3936 fecit.
2371 3881 2565 3935 Verum
2601 3895 2699 3936 nec
2733 3881 2823 3934 ι.ὺί
2848 3881 3176 3950 impossibile
3207 3883 3402 3955 aliquid
3425 3885 3752 3956 imperatur:

2181 3974 2417 4040 implevit
2451 3974 2626 4029 omnia
2660 3976 2746 4043 qui
2780 3974 2919 4042 quod
2950 3975 3118 4042 potuit
3148 3977 3291 4030 fecit.

2252 4071 2306 4120 ὃ.
2347 4064 2476 4130 Sed,
2520 4074 2574 4118 ut
2613 4065 2793 4119 dicere
2825 4079 3180 4134 coeperamus,
3225 4081 3332 4120 non
3370 4067 3566 4123 sufficit
3602 4068 3752 4126 Citri-

2183 4157 2358 4212 siiano
2381 4172 2410 4209 a
2433 4156 2586 4212 malis
2616 4171 2676 4212 se
2701 4157 2990 4220 absdnere,
3023 4157 3123 4211 nisi
3146 4162 3306 4212 et'am
3331 4158 3595 4221 bonorum
3635 4178 3758 4231 ope-

2185 4265 2301 4304 rum
2334 4249 2508 4304 officia
2549 4249 2847 4320 perfecerit.
2893 4249 3043 4317 Quod
3087 4250 3178 4305 illo
3214 4251 3296 4306 vel
3339 4254 3571 4308 maxime
3607 4255 3756 4308 teSti-

2183 4343 2366 4398 mouio
2422 4343 2839 4413 comprobatur,
2899 4342 3040 4411 quod
3100 4343 3452 4399 comminatur
3503 4347 3754 4400 Dominis

2185 4433 2366 4487 aeterni
2395 4433 2534 4501 ignis
2557 4448 2678 4487 reos
2709 4434 2840 4497 fore,
2866 4434 2956 4500 qui
2996 4434 3238 4500 quamvis
3263 4434 3385 4488 mali
3427 4434 3555 4488 nihil
3577 4449 3752 4502 gesse-

515 4534 728 4592 propter
755 4523 892 4590 quod
923 4536 1042 4576 eam
1085 4523 1169 4576 bal
1189 4537 1282 4577 eas
1331 4538 1435 4577 non
1467 4523 1661 4577 habere
1687 4539 1702 4586 ;
1751 4522 1834 4576 vel
1863 4538 1957 4576 cur
1995 4536 2080 4575 res
2107 4508 2159 4567 D
2183 4523 2308 4587 rint,
2330 4538 2436 4575 non
2459 4521 3007 4588 fecerintomnequoll
3033 4523 3228 4577 bonum
3249 4533 3349 4587 est,
3370 4524 3551 4577 dicens
3575 4541 3588 4576 :
3615 4523 3755 4577 Tunc

516 4617 695 4665 numdt
724 4623 1068 4676 contemnas,
1099 4615 1141 4665 si
1168 4612 1454 4680 justitiam,
1488 4623 1703 4681 pr0pter
1731 4628 1886 4681 quam
1935 4613 2080 4681 pudi-

513 4701 689 4755 citiam
718 4713 769 4755 et
800 4701 977 4754 mundi
1002 4709 1358 4768 contemptum
1391 4701 1588 4756 habere
1613 4711 1663 4757 te
1683 4702 1950 4765 convenit,
1974 4717 2079 4756 non

512 4791 823 4844 custodias?
869 4791 999 4856 Quia
1032 4799 1087 4844 ιιι
1116 4791 1284 4860 prima
1314 4792 1516 4860 species
1548 4802 1763 4861 prOpter
1791 4793 2076 4846 secundant

513 4887 625 4943 est;
678 4882 744 4932 ita
787 4880 953 4949 prima
984 4891 1038 4934 et
1079 4880 1308 4935 secunda
1359 4889 1572 4948 ιιι-ονιει·
1604 4882 1810 4934 tertiam
1841 4897 1856 4937 :
1886 4897 2005 4951 qua:
2032 4881 2077 4936 si

513 4985 616 5022 non
641 4971 816 5035 fuerit,
849 4984 949 5026 nec
974 4971 1140 5039 prima
1173 4985 1269 5025 nec
1290 4971 1519 5026 secunda
1548 4973 1804 5040 proficiet.

581 5057 632 5112 5.
679 5060 818 5114 Dic;s
849 5060 1098 5127 forsitan,
1126 5061 1263 5116 Doce
1297 5075 1424 5131 ergo
1451 5076 1534 5117 me
1565 5062 1689 5131 quid
1739 5063 1808 5116 sit
1827 5062 2031 5132 justitia
2058 5079 2072 5127 ;

511 5162 559 5199 ut
590 5165 705 5203 eam
729 5152 771 5204 si
801 5151 1138 5220 cognoverim
1182 5151 1387 5206 facilius
1426 5153 1646 5222 implere
1673 5151 1952 5209 sufficiam.
1988 5154 2074 5208 Di-

510 5254 622 5292 ratn
657 5243 882 5294 breviter
903 5253 958 5296 ut
987 5244 1160 5310 valeo,
1191 5251 1246 5298 et
1281 5243 1564 5299 verborum
1595 5255 1712 5298 utar
1739 5246 2076 5315 simplicitate

507 5333 865 5384 communiunt
900 5349 912 5382 :
945 5335 1066 5400 quia
1111 5348 1271 5388 causa
1318 5334 1385 5387 de
1425 5349 1526 5403 qua
1572 5333 1777 5403 agimus
1824 5339 1944 5390 talis
1971 5347 2071 5402 est,

507 5416 624 5490 quae
653 5423 1020 5479 discrtioribus
1063 5423 1320 5478 facundia:
1366 5426 1700 5482 sermonibus
1742 5443 2071 5496 nequaquam

506 5515 662 5567 debet
692 5516 959 5568 obseruari
988 5557 1002 5579 ,
1033 5515 1125 5569 sed
1166 5515 1574 5582 simplicioribus
1603 5518 1919 5585 el0quentue
1950 5533 2070 5570 nar-

468 5607 472 5614 '
509 5604 796 5658 rationibus
829 5603 987 5673 pandi
1030 5621 1044 5656 :
1086 5619 1171 5660 res
1211 5606 1349 5660 enim
1382 5605 1434 5660 in
1463 5621 1745 5662 commune
1774 5609 2072 5661 necessaria

507 5695 769 5746 tottttnuni
793 5697 949 5749 debet
973 5709 1219 5750 sermone
1242 5698 1545 5751 monstrari.
1577 5697 1782 5753 Justitia
1811 5714 1938 5764 ergo
1971 5717 2072 5752 non

2182 4613 2311 4664 dicet
2342 4612 2452 4665 Rex
2482 4613 2560 4665 Iris
2588 4614 2673 4681 qui
2707 4612 2775 4664 ad
2797 4611 3055 4665 sinistram
3092 4622 3209 4665 sunt
3242 4628 3262 4668 :
3297 4611 3546 4666 Discedite
3583 4629 3615 4665 a
3655 4629 3754 4677 me,

2183 4699 2479 4764 maledicti,
2524 4701 2577 4752 in
2605 4702 2771 4771 ignem
2791 4710 3068 4766 teternnm,
3099 4717 3241 4767 quem
3269 4703 3571 4771 pratparavit
3603 4701 3756 4758 Pater

2183 4805 2319 4843 meus
2363 4791 2564 4844 diabolo
2617 4800 2663 4843 et
2705 4791 2899 4859 angelis
2935 4793 3066 4860 ejus.
3129 4791 3331 4844 Esuriui
3368 4794 3533 4857 enim,
3572 4804 3618 4845 et
3655 4811 3756 4847 non

2183 4882 2390 4936 dedistis
2417 4880 2541 4934 mihi
2574 4882 2907 4944 manducare,
2938 4889 3041 4935 etc.
3084 4879 3293 4950 (Matth.
3325 4896 3450 4944 xxv,
3484 4884 3599 4945 4f).
3639 4883 3754 4937 Non

2181 4972 2314 5026 dixit
2338 4989 2350 5025 :
2375 4970 2641 5027 Discedite
2678 4986 2706 5024 a
2741 4986 2847 5035 me,
2889 4969 3198 5035 maledicti,
3223 4970 3346 5037 quia
3391 4969 3754 5037 homicidium,

2180 5066 2300 5127 quia
2329 5063 2669 5130 adulterium,
2712 5073 2802 5116 aut
2839 5066 2960 5132 quia
3003 5061 3139 5116 furta
3184 5062 3382 5117 fecistis
3419 5080 3433 5116 :
3466 5080 3572 5119 non
3612 5067 3754 5120 enim

2178 5155 2298 5223 quia
2330 5153 2526 5208 malum
2560 5152 2837 5214 fecissent;
2870 5153 2962 5207 sed
2992 5153 3115 5222 quia
3153 5153 3347 5208 bonum
3391 5170 3494 5207 non
3520 5155 3756 5212 fecerant

2178 5248 2598 5300 condemnantur
2636 5255 2690 5299 et
2736 5255 2949 5301 aeterna:
2996 5245 3254 5312 gehennae
3298 5248 3572 5315 suppliciis
3608 5249 3756 5303 addi-

2178 5348 2370 5392 cuntur
2405 5355 2418 5391 :
2451 5351 2549 5391 nec
2586 5335 2710 5402 quia
2753 5351 2870 5405 quae
2913 5333 3173 5403 prohibita
3211 5343 3337 5388 sunt
3376 5335 3752 5402 admisissent;

2179 5430 2273 5484 sed
2295 5430 2414 5497 quia
2437 5444 2557 5497 qua:
2583 5435 2844 5495 praecepta
2882 5434 3036 5479 erant
3071 5425 3294 5495 implere
3334 5427 3571 5480 noluere.
3606 5427 3643 5482 U
3689 5429 3754 5480 de

2177 5525 2560 5578 advertendum
2599 5531 2718 5585 est,
2769 5535 2927 5585 quam
2983 5534 3131 5586 spem
3183 5519 3379 5572 habere
3428 5519 3628 5583 tossitrt
3663 5519 3751 5586 qui

2178 5615 2351 5668 adhuc
2388 5613 2582 5680 aliquid
2622 5627 2806 5666 eorum
2843 5613 3042 5665 fac.unt
3070 5626 3186 5677 qurc
3221 5611 3598 5678 prohibentur;
3627 5626 3750 5663 cum

2178 5710 2336 5762 etiam
2377 5706 2452 5759 ι·ιί
2493 5715 2614 5758 sunt
2639 5704 2726 5768 qui
2768 5719 2870 5757 non
2905 5703 3142 5756 fecerunt
3179 5703 3583 5770 quaejubcntur.
3622 5701 3755 5754 Nolo
