4132 6176
367 268 422 320 8|
1341 267 1783 325 EXIIORTATIO
1823 273 1912 327 AD
1952 274 2255 333 SPUNSAM
2296 283 2576 339 (IllllISTl.
3521 304 3589 358 εξ

364 375 496 428 enim
520 373 603 426 tibi
625 372 675 426 in
700 372 800 428 hoc
819 373 1130 443 blandiaris,
1157 376 1201 430 si
1223 377 1395 447 aliqua
1424 396 1526 435 non
1556 384 1768 448 feceris,
1792 399 1912 454 quia
1943 393 1990 447 Α
2019 392 2071 442 in
2101 406 2261 449 carne
2293 397 2529 463 placendi
2551 401 2724 455 Studio
2750 415 2958 472 compte
2983 415 3036 462 et
3059 419 3246 465 ornate
3269 415 3547 482 procedam
3572 436 3587 478 ;

551 461 732 482 ,‘_-_,_
960 467 1057 482 ,
1101 474 1115 482 -
1299 479 1308 482 λ
1395 469 1433 482 ..
1478 471 1490 482 .
1607 471 1619 482 .
1855 476 1866 482 -
2054 481 2062 482 κ

364 464 524 530 aliqua
551 461 754 527 feceris,
800 478 921 518 cum
954 467 1210 535 scriptum
1233 479 1315 522 est
1345 487 1359 526 :
1389 469 1490 535 Qui
1529 471 1818 526 universam
1848 476 1922 528 le-

363 573 464 626 gem
501 556 761 610 servaverit
784 596 800 622 ,
833 556 1058 624 offendat
1081 569 1248 613 autem
1278 560 1330 614 in
1358 577 1460 615 uno
1483 601 1499 626 ,
1529 565 1694 631 {actus
1722 573 1792 619 est
1818 581 1920 619 ont-

364 648 491 698 nitmt
517 662 626 700 reus
652 645 794 714 (Jac.
823 662 883 712 tt,
914 647 1022 717 10).
1063 648 1232 704 Adam
1272 651 1413 704 enim
1453 654 1618 708 semel
1655 655 1913 722 peccavit,

363 744 414 790 et
437 745 664 790 mortuus
690 746 774 790 est
802 755 814 789 :
838 745 894 792 et
925 746 980 792 tu
1024 747 1074 793 te
1111 742 1291 796 vivere
1313 743 1587 796 exist'mas
1614 743 1741 798 illud
1772 759 1916 813 saepe

358 826 706 893 committens,
737 827 880 897 quod
912 829 1068 883 alium
1091 829 1216 885 dum
1246 832 1414 887 semel
1438 844 1801 903 perpetrasset
1832 849 1916 889 oc-

356 918 504 972 cidit?
523 921 602 974 An
618 919 818 987 grande
839 919 986 974 illum
1005 922 1338 978 commisisse
1357 923 1559 978 crimen
1583 933 1756 993 putas,
1775 924 1914 979 unde

356 1009 533 1064 merito
565 1023 721 1079 pinna
767 1009 1048 1065 damnatus
1082 1011 1151 1066 sit
1179 1012 1371 1067 acriori
1400 1013 1423 1066 τ
1479 1014 1757 1069 Videamus
1785 1029 1913 1084 ergo

353 1101 467 1166 quid
489 1100 670 1155 fecerit
687 1109 874 1155 contra
897 1102 1223 1157 mandatum.
1257 1103 1330 1159 De
1356 1103 1526 1158 fructu
1550 1106 1756 1160 arboris
1777 1105 1909 1163 edit.

349 1189 472 1258 Quid
493 1191 653 1260 ergo?
695 1191 919 1260 Propter
954 1195 1160 1248 arboris
1206 1193 1431 1248 fructum
1467 1195 1608 1250 Deus
1640 1195 1908 1251 hominem

347 1289 506 1335 morte
534 1280 838 1336 mulctavit?
882 1283 996 1336 Non
1038 1294 1256 1352 propter
1288 1285 1494 1341 arboris
1528 1287 1780 1351 fructum,
1813 1288 1908 1343 sed

349 1382 548 1440 propter
589 1373 821 1429 mandati
864 1387 1251 1446 contemptum.
1305 1379 1444 1448 Ergo
1487 1393 1593 1433 non
1629 1379 1803 1449 agitur
1841 1381 1908 1436 de

343 1463 588 1531 qualitate
615 1468 840 1534 peccati,
868 1466 962 1520 sed
993 1467 1061 1521 de
1093 1468 1514 1537 transgressione
1548 1470 1804 1525 mandati.
1840 1470 1907 1526 Et

343 1553 421 1618 qui
443 1551 573 1608 dixit
596 1553 752 1620 Adae,
783 1564 840 1609 ut
860 1555 928 1610 de
957 1555 1166 1611 arboris
1198 1556 1372 1612 fructu
1403 1572 1507 1612 non
1537 1558 1750 1625 ederet;
1793 1560 1904 1628 ipse

341 1641 423 1695 tibi
455 1644 707 1714 praecepit
738 1652 796 1698 ut
828 1660 933 1700 non
965 1644 1280 1711 maledicas,
1315 1662 1421 1700 non
1466 1649 1768 1712 mentiaris,
1796 1665 1900 1704 nun

2020 481 2065 534 si
2095 482 2270 550 aliqua
2309 501 2459 555 qum,
2498 497 2557 542 ut
2586 491 2813 558 assolet,
2847 495 3022 550 illicita
3052 509 3177 554 sunt
3211 481 3430 570 faciant,
3465 505 3588 574 quid

2020 571 2254 640 proderit
2280 574 2360 630 eis
2385 580 2656 646 sprevisse
2684 584 2823 652 quod
2854 585 3038 652 licuit,
3090 599 3142 643 et
3170 604 3423 648 exercere
3449 571 3588 664 quod

2021 679 2124 717 non
2157 665 2316 720 licet?
2353 667 2410 724 Si
2440 671 2805 740 visprodesse
2833 676 2925 731 tibi
2951 678 3092 747 quod
3122 679 3319 735 licitum
3350 697 3591 740 contem-

2019 754 2208 822 psisti;
2261 757 2384 812 vide
2427 775 2495 815 ne
2524 762 2647 826 quid
2688 778 2871 820 eorum
2917 782 3033 837 quae
3078 785 3186 824 non
3215 771 3375 827 licent
3403 773 3583 829 facias.

2017 843 2245 899 Stultum
2275 848 2416 902 enim
2444 860 2525 905 est
2567 851 2805 910 timuisse
2847 857 2986 925 quod
3032 861 3208 916 minus
3249 871 3368 931 εει,
3399 873 3452 918 ct
3479 881 3584 920 non

2017 933 2205 1024 timere
2249 937 2391 1004 quod
2440 941 2609 1010 majus
2637 954 2718 1000 est
2748 963 2759 998 :
2794 957 2885 1002 aut
2912 949 2980 1003 ab
3025 949 3108 1004 bis
3137 966 3240 1006 non
3284 953 3436 1008 vitari
3463 972 3584 1024 qum

2015 1023 2406 1094 prohibentur,
2470 1033 2514 1086 si
2569 1034 2981 1106 subterfugerint
3027 1055 3146 1111 qua:
3197 1023 3579 1102 conceduntur.

2015 1114 2150 1171 Dicit
2196 1120 2337 1174 enim
2379 1123 2666 1189 Apostolus
2713 1143 2726 1179 :
2771 1125 2998 1197 Innupta
3023 1133 3207 1203 cegitat
3236 1150 3348 1202 qua:
3375 1135 3527 1191 Domi
3565 1139 3581 1190 i

2008 1216 2156 1274 sunt,
2187 1211 2439 1277 quomodo
2469 1213 2662 1280 placeat
2692 1214 2796 1270 Deo
2819 1258 2836 1282 ,
2882 1225 2938 1270 ut
2978 1219 3044 1273 sit
3083 1229 3258 1276 sancta
3297 1241 3506 1294 corpore
3535 1237 3580 1280 et

2007 1296 2209 1366 spiritu.
2243 1299 2370 1364 Qua
2405 1313 2575 1356 autem
2604 1317 2759 1374 nupta
2787 1317 2860 1360 est
2882 1347 2896 1372 ,
2934 1311 3117 1378 cogitat
3141 1328 3254 1380 qua:
3281 1323 3397 1366 sunt
3425 1316 3580 1386 hujus

2008 1392 2212 1456 mandi,
2243 1394 2491 1461 quomodo
2519 1395 2712 1462 placeat
2735 1399 2843 1451 viro
2871 1399 2912 1465 (l
2941 1399 3060 1454 Cor.
3087 1417 3179 1467 vtt,
3207 1401 3321 1471 '54).
3354 1403 3574 1472 Nuptani

2008 1481 2220 1548 placere
2267 1483 2382 1538 viro
2432 1487 2663 1549 asserit,
2710 1487 2994 1557 cogitando
3033 1506 3152 1560 qua:
3197 1494 3379 1548 mundi
3405 1504 3572 1552 sunt:

2008 1570 2279 1638 innuptam
2311 1587 2438 1627 vero
2468 1573 2612 1638 Deo,
2643 1590 2708 1630 eo
2737 1578 2879 1646 quod
2922 1579 3066 1634 nulla
3103 1596 3228 1636 cura
3263 1583 3338 1637 illi
3373 1585 3438 1639 sit
3477 1601 3576 1640 saa-

2004 1660 2132 1713 culi.
2163 1660 2313 1716 Dicat
2332 1678 2460 1734 ergo
2487 1665 2617 1721 mihi
2638 1682 2755 1734 qua:
2781 1667 2951 1724 virum
2979 1686 3085 1726 non
3118 1672 3297 1738 habet,
3320 1685 3372 1729 et
3398 1685 3572 1731 tann-n

336 1732 599 1801 detrahas,
623 1741 728 1788 non‘
754 1735 1124 1792 detrahentem
1161 1737 1447 1802 auscultes,
1473 1747 1527 1791 nt
1553 1739 1770 1792 omnino
1793 1755 1896 1794 non
1929 1739 1976 1799 Β
2003 1764 2122 1816 qttze
2166 1763 2290 1805 sunt
2341 1732 2522 1809 mundi
2571 1732 2807 1826 cogitat,
2859 1761 2942 1814 cui
2998 1759 3210 1829 placere
3252 1732 3520 1835 desiderat
3556 1770 3576 1818 t

335 1823 489 1889 iures,
512 1833 569 1878 nt
598 1840 702 1879 non
725 1828 1090 1896 concupiscas,
1115 1843 1220 1883 non
1254 1829 1515 1894 invideas,
1541 1846 1644 1884 non
1666 1831 1738 1883 sis
1765 1833 1896 1896 tepi-

333 1913 444 1978 dus,
466 1930 572 1969 non
596 1918 670 1969 sis
690 1931 915 1983 avarus;
943 1928 997 1974 ut
1019 1919 1146 1973 nulli
1179 1920 1374 1974 malum
1401 1921 1654 1989 proman
1685 1922 1895 1985 reddas,

336 2014 386 2058 nt
404 2005 648 2061 inimicos
674 2017 792 2062 tuos
812 2009 1020 2079 diligas.
1044 2020 1100 2066 ut
1130 2011 1569 2067 maledicentibus
1591 2013 1893 2080 benedieas,

335 2107 382 2148 ut
419 2111 510 2164 pro
546 2098 1032 2155 calumniatoribus
1069 2110 1125 2156 et
1171 2117 1266 2170 pro
1322 2104 1752 2172 persecutoribus
1794 2110 1897 2158 tuis

333 2202 460 2250 «res,
482 2200 539 2243 ιιι
566 2191 883 2259 percutienti
913 2194 1180 2249 maxillam
1204 2197 1426 2250 alteram
1455 2197 1698 2265 prrebeas
1718 2237 1731 2261 ,
1762 2207 1815 2251 ut
1845 2197 1897 2250 in

331 2279 510 2346 judicio
531 2282 782 2338 molari
806 2299 909 2338 non
931 2284 1124 2355 litiges,
1148 2287 1271 2341 utsi
1293 2289 1410 2356 quis
1439 2295 1527 2343 tua
1564 2289 1775 2344 auferre
1798 2305 1894 2342 vo-

331 2371 506 2438 luerit,
535 2381 817 2441 gratanter
840 2375 1075 2442 amittas,
1102 2388 1159 2431 ut
1190 2392 1286 2432 nec
1317 2377 1625 2444 iracundizb,
1651 2393 1748 2434 nec
1776 2395 1836 2435 ze
1858 2380 1895 2445 i,

330 2476 420 2516 nec
452 2463 638 2518 livoris
676 2466 873 2519 malttm
911 2465 1045 2520 intra
1082 2478 1266 2536 pectus
1304 2469 1585 2536 admittas,
1612 2479 1672 2525 ut
1690 2471 1898 2526 crimen

327 2553 554 2608 avaritiae
579 2555 784 2625 fugias,
817 2567 872 2610 ιιι
902 2559 1076 2613 omnis
1108 2560 1371 2630 superbia:
1402 2561 1756 2631 ac'jactantite
1786 2580 1900 2618 ma-

329 2645 428 2698 lum
455 2659 679 2712 caveas,
704 2656 758 2702 et
788 2646 1002 2702 humilis
1039 2664 1101 2704 ac
1130 2651 1273 2706 mitis
1303 2651 1502 2708 Clll‘iSli
1538 2654 1682 2710 vivas
1711 2661 1894 2710 axem.

330 2737 455 2802 pio:
489 2738 756 2793 malorum
795 2741 1066 2795 consortia
1099 2741 1152 2796 in
1193 2751 1396 2796 tantum
1439 2745 1644 2812 vitans,
1683 2755 1742 2801 ut
1774 2761 1894 2801 cum

328 2827 758 2893 loruicatoribus,
796 2838 888 2883 aut
916 2831 1126 2898 avaris,
1163 2842 1257 2888 aut
1299 2825 1766 2904 malediceniib’us,
1807 2847 1899 2892 aut

325 2916 523 2980 invidis,
550 2928 652 2972 aut
675 2917 1084 2985 detractoribus,
1108 2931 1200 2976 aut
1220 2923 1448 2978 ebriosis
1464 2964 1479 2990 ,
1505 2936 1594 2980 aut
1618 2927 1897 2996 rapacibus

325 3025 418 3066 nec
435 3011 612 3068 cibum
644 3013 843 3082 capias.
869 3014 1039 3080 Quem
1074 3016 1118 3070 si
1143 3018 1192 3070 in
1219 3017 1394 3087 aliquo
1415 3019 1825 3088 contempseris,
1849 3020 1895 3076 si

325 3103 549 3169 pepercit
567 3103 726 3168 Δότε,
748 3114 932 3172 parcet
954 3114 1008 3160 et
1028 3105 1142 3161 tibi.
1168 3107 1277 3163 lmo
1297 3108 1372 3163 illi
1389 3109 1556 3180 magis
1572 3111 1892 3180 parcendum
1919 3089 1967 3153 (ἶ

328 3190 521 3262 fuerat,
552 3193 649 3263 qui
684 3193 858 3249 adhuc
896 3195 1042 3250 rudis
1077 3204 1134 3251 et
1167 3199 1406 3254 novellus
1439 3209 1581 3264 erat,
1614 3212 1668 3255 et
1701 3201 1896 3258 nullius

327 3290 436 3336 ante
459 3284 734 3352 peccantis
758 3295 812 3339 et
855 3299 1070 3354 propfer
1110 3297 1382 3354 peccatum
1410 3284 1576 3344 suum
1618 3291 1896 3349 morientis

327 3373 691 3428 retrahebatnr
726 3377 971 3447 exemplo
1012 3377 1037 3433 ἔ
1075 3379 1168 3433 tibi
1219 3394 1345 3434 vero
1389 3391 1506 3450 post
1541 3390 1685 3436 tanta
1726 3383 1894 3440 docu-

324 3477 434 3517 tuen
459 3479 515 3528 a,
553 3473 679 3533 post
713 3466 906 3536 legem,
939 3478 1056 3536 post
1091 3467 1413 3537 Prophetas,
1449 3482 1565 3539 post
1589 3471 1892 3544 Evangelia,

326 3565 434 3621 post
461 3559 749 3626 Apostolus
779 3598 795 3623 ,
836 3558 883 3613 si
926 3559 1239 3630 delinquere
1295 3561 1530 3618 volueris
1572 3581 1584 3617 :
1629 3566 1895 3635 quomodo

324 3645 590 3718 indulgere
621 3650 792 3718 possit
823 3650 1030 3719 ignoro.

387 3738 438 3790 7.
479 3739 560 3792 An
602 3739 694 3794 tibi
746 3739 813 3794 de
852 3740 1168 3811 virginitatis
1209 3745 1554 3815 praerogativa
1593 3745 1892 3803 blandiris?

323 3838 584 3884 memento
606 3830 773 3886 Adam
795 3842 847 3888 et
874 3832 1034 3890 Evam
1056 3835 1287 3906 virgines
1307 3836 1616 3906 deliquisse,
1639 3853 1735 3896 nec
1758 3840 1894 3898 inte-

321 3921 559 3985 gritatem
600 3923 840 3990 corporis
875 3923 1137 3992 profuisse
1175 3927 1532 3994 peccantibus.
1572 3929 1735 3999 Virgo
1772 3941 1892 4002 quat

325 4019 518 4077 peccat,
560 4011 709 4079 Evaz,
743 4029 850 4067 non
883 4014 1063 4070 Maria:
1083 4020 1439 4087 comparanda
1461 4030 1559 4073 est.
1585 4022 1700 4077 Non
1731 4035 1891 4092 nega-

323 4111 434 4153 mus
455 4104 504 4154 in
530 4106 779 4168 pmsenti
806 4113 1045 4172 tempore
1074 4107 1399 4174 paenitentiae
1431 4110 1751 4176 remedium;
1793 4113 1889 4168 sed

325 4187 596 4245 hortamur
648 4195 817 4262 magis
873 4197 1145 4263 pra-mium
1199 4213 1416 4266 sperare
1473 4201 1669 4256 debere
1729 4218 1886 4272 quam

324 4279 542 4333 veniam.
611 4281 792 4351 Turpe
835 4293 918 4338 est
955 4286 1098 4339 enim
1142 4286 1244 4340 illis
1289 4288 1467 4344 delicti
1509 4291 1886 4362 indulgentiam

325 4372 617 4437 postulare,
655 4390 773 4442 qua:
807 4375 1032 4441 palmam
1073 4379 1386 4448 virginitatis
1431 4394 1781 4452 exspectant;
1834 4395 1889 4442 et

323 4462 371 4513 ill
393 4465 551 4518 citum
587 4466 785 4532 aliquid
817 4468 1104 4535 incurrere,
1133 4486 1252 4540 qua:
1275 4485 1334 4526 se
1358 4473 1520 4528 etiam
1548 4490 1576 4528 a
1608 4477 1769 4532 licitis
1794 4494 1888 4532 ca-

323 4560 568 4610 strarere.
623 4556 846 4612 Licinum
884 4560 1078 4628 quippe
1109 4569 1192 4614 est
1228 4564 1547 4619 matrimonii
1587 4566 1722 4622 inire
1753 4581 1885 4622 con-

323 4643 555 4697 sortium.
589 4644 657 4699 Et
691 4654 747 4699 ut
783 4648 1060 4702 laudanda:
1094 4658 1242 4715 sunt,
1279 4666 1398 4720 qua:
1437 4663 1656 4722 propter
1687 4655 1886 4713 Christi

324 4746 547 4788 antorem
578 4745 633 4791 et
669 4739 904 4792 cce'estis
938 4741 1084 4807 regni
1121 4740 1344 4811 gloriam
1381 4744 1622 4812 c0pulam
1651 4756 1886 4802 contem-

326 4825 516 4886 pserint
561 4829 895 4893 nuptiarum;
946 4830 1016 4884 ita
1055 4831 1369 4888 damnanda:
1412 4851 1516 4891 non
1560 4844 1724 4903 sunt,
1768 4855 1886 4906 qua:

325 4923 531 4982 propter
559 4915 874 4972 innocentia:
911 4920 1235 4976 voluntatem
1267 4923 1498 4979 nondum
1544 4927 1654 4982 Deo
1681 4929 1887 4984 devota:

323 5005 552 5058 remedio
575 5009 859 5074 apostolico
887 5009 1193 5065 abutuntur.
1228 5013 1386 5083 Ergo,
1413 5023 1469 5068 ut
1491 5015 1740 5084 diximus,
1771 5036 1888 5089 qtue

323 5098 579 5149 connubia
599 5098 845 5154 deserunt
872 5139 886 5164 ,
920 5116 1024 5155 non
1059 5101 1241 5157 illicita
1268 5143 1283 5168 ,
1311 5103 1405 5160 sed
1434 5105 1575 5161 licita
1606 5120 1882 5175 spernunt.

324 5182 592 5250 Ejusmodi
629 5200 804 5247 autem
845 5193 892 5248 si
916 5193 1132 5262 iurent,
1164 5196 1210 5251 si
1249 5198 1568 5253 maledicam
1591 5241 1603 5264 ,
1637 5201 1680 5254 si
1710 5201 1885 5255 detra-

324 5275 444 5328 hant
465 5317 480 5339 ,
511 5279 557 5332 si
584 5281 919 5338 detrahentes
946 5286 1209 5352 patiantur
1236 5287 1422 5342 audire
1444 5329 1459 5355 ,
1490 5291 1534 5343 si
1562 5291 1756 5345 malum
1792 5307 1886 5358 pro

321 5369 458 5423 tnan
481 5370 742 5439 reddant,
789 5376 831 5427 si
865 5375 1167 5443 cupiditatis
1197 5378 1247 5431 in
1273 5379 1460 5434 alienis
1485 5420 1500 5444 ,
1532 5389 1622 5434 aut
1651 5383 1885 5436 avaritiae

322 5458 370 5509 in
415 5461 643 5529 propriis
674 5464 874 5519 crimen
923 5467 1193 5522 incurrant
1219 5510 1232 5532 ,
1263 5469 1304 5522 si
1337 5470 1434 5524 zeli
1464 5481 1553 5524 aut
1585 5471 1764 5526 livoris
1793 5489 1884 5528 ve-

320 5562 451 5600 nena
484 5552 805 5620 possideant,
834 5555 876 5607 si
903 5565 1084 5610 contra
1114 5557 1301 5626 legalia
1330 5567 1384 5614 et
1412 5561 1702 5627 apostolica
1731 5562 1882 5618 insti-

320 5647 425 5688 tuta
460 5639 709 5698 indecens
745 5645 938 5709 aliquid
969 5656 1059 5702 aut
1103 5648 1382 5716 loquantur
1414 5661 1502 5705 aut
1529 5653 1798 5720 cogitent;
1843 5660 1884 5712 si

2001 1837 2188 1894 Nonne
2226 1841 2442 1912 incipiet
2482 1843 2557 1899 illi
2597 1856 2760 1914 nupta
2800 1850 3080 1918 praeponi?
3135 1851 3258 1920 quia
3299 1852 3393 1906 illa
3432 1857 3574 1923 cogi-

2003 1930 2163 1985 tando
2200 1947 2317 2001 qua:
2357 1936 2538 1990 mttndi
2576 1946 2722 2003 sunt,
2756 1941 3052 2010 complacet
3094 1942 3178 1997 vel
3220 1943 3450 1999 marito:
3493 1957 3570 1998 sta

2001 2036 2130 2077 vero
2168 2040 2270 2079 non
2310 2027 2520 2094 marito,
2566 2044 2721 2099 quem
2761 2047 2866 2086 non
2909 2033 3084 2098 habet,
3126 2044 3299 2104 potest
3339 2036 3567 2106 placere,

2002 2128 2100 2169 nec
2125 2115 2254 2170 Deo.

2070 2205 2124 2260 8.
2160 2206 2264 2262 Sed
2305 2223 2403 2262 nec
2444 2208 2573 2264 illud
2609 2210 2825 2267 silentio
2855 2213 3132 2283 pranerire
3161 2228 3260 2270 nos
3288 2215 3531 2270 convenit
3554 2257 3570 2276 ,

1998 2295 2138 2364 quod
2166 2295 2336 2352 dixit:
2381 2297 2612 2370 lnnupta
2645 2302 2836 2373 cogitat
2863 2319 2976 2372 quis:
3000 2303 3210 2358 Domini
3247 2313 3396 2370 sunt,
3439 2321 3565 2373 quo-

1999 2387 2150 2440 modo
2190 2387 2386 2458 placeat
2425 2389 2565 2457 Deo,
2615 2399 2671 2445 ut
2709 2394 2776 2446 sit
2815 2402 2991 2448 sancta
3036 2411 3247 2466 corpore
3293 2405 3340 2450 et
3387 2397 3567 2467 spiritu

2003 2476 2046 2544 (Ι
2073 2474 2191 2531 σειν.
2223 2493 2313 2543 vn,
2343 2479 2453 2549 Si).
2506 2480 2637 2547 Quae
2664 2484 2788 2536 sunt
2825 2493 2956 2553 ergo
2983 2483 3217 2551 Domini,
3248 2485 3391 2540 dicat
3426 2487 3565 2554 Apo-

1999 2565 2204 2620 stolus:
2257 2568 2581 2638 Qua’cunque
2623 2579 2743 2624 sunt
2782 2582 2991 2634 sancta,
3046 2590 3354 2645 quiscunque
3389 2578 3563 2646 justo,

1998 2671 2306 2726 quwcunque
2344 2658 2610 2724 amabilia,
2655 2675 2964 2732 quwcuuqtte
2992 2662 3134 2718 bona!
3160 2665 3329 2734 fatum.
3378 2665 3441 2720 Si
3466 2683 3566 2734 qua

1998 2745 2176 2810 uirtus,
2204 2748 2248 2800 si
2286 2764 2384 2817 qua
2424 2749 2536 2803 laus
2562 2750 2846 2820 disciplina
2869 2750 3041 2822 (Psal.
3064 2767 3136 2819 tv,
3167 2752 3246 2822 8).
3299 2753 3401 2807 Ista
3442 2765 3566 2807 sunt

2001 2835 2229 2902 Domini,
2259 2852 2378 2907 qua:
2405 2847 2602 2894 uncta:
2629 2848 2686 2894 et
2713 2855 2876 2907 verte,
2923 2850 2980 2896 et
3005 2842 3308 2911 apostolicae
3335 2841 3564 2910 virgines

1997 2927 2086 2983 die
2108 2939 2371 2999 noctuque
2393 2931 2510 2986 sine
2531 2923 2640 2986 ullo
2665 2933 2918 3002 temporis
2939 2933 3221 2989 intervallo
3242 2934 3566 2990 meditantur

1998 3027 2052 3071 et
2078 3019 2330 3088 cogitant.
2379 3019 2588 3076 Domini
2625 3031 2709 3078 est
2748 3037 2968 3093 regnum
3007 3025 3305 3090 ein-lorum;
3355 3025 3562 3079 Domini

1998 3119 2083 3166 est
2123 3113 2444 3167 resurrectio
2473 3123 2844 3179 mortuorum;
2895 3115 3103 3170 Domini
3151 3116 3559 3178 immortalitas;

2000 3205 2329 3274 incorruptio
2362 3205 2570 3261 Domini
2611 3218 2731 3272 est;
2781 3209 3033 3278 splendor
3074 3208 3200 3263 solis
3238 3210 3327 3278 qui
3367 3210 3564 3263 sanctis

1999 3296 2326 3364 promittitur
2356 3296 2560 3352 Domini
2592 3309 2702 3365 est,
2745 3300 2884 3355 sicut
2914 3300 2964 3355 in
2992 3299 3282 3371 Evangelio
3306 3302 3560 3373 scriptum

1998 3395 2115 3440 est:
2164 3386 2304 3440 Tunc
2341 3388 2467 3455 iusti
2512 3387 2778 3460 fulgebunt
2819 3391 2949 3444 sicut
2989 3392 3068 3446 sol
3107 3393 3160 3445 in
3206 3408 3364 3463 regno
3405 3396 3565 3462 patris

1999 3493 2173 3530 eorum
2204 3478 2414 3544 (Matth.
2439 3479 2579 3549 xm).
2632 3481 2837 3536 Domini
2876 3491 3002 3536 sunt
3037 3484 3217 3553 plures
3257 3494 3560 3539 sanctorum

1999 3567 2049 3620 in
2076 3567 2384 3621 ccclestibus
2410 3570 2745 3632 mansiones;
2795 3571 3004 3625 Domini
3044 3584 3127 3627 est
3166 3573 3369 3628 fructus
3401 3575 3562 3628 trice-

1995 3657 2161 3711 simus
2202 3665 2257 3712 et
2294 3662 2652 3728 sexagesimus
2679 3665 2836 3730 atque
2863 3663 3203 3717 centesimus.
3255 3665 3376 3718 llatc
3413 3665 3560 3734 engi-

1996 3756 2128 3813 tant,
2162 3759 2213 3803 et
2243 3750 2433 3819 quibus
2462 3749 2662 3820 possint
2705 3751 2958 3818 operibus
2995 3755 3282 3822 promereri
3314 3771 3432 3823 quae
3461 3755 3561 3808 Do-

1997 3841 2122 3894 mitti
2165 3851 2286 3894 sunt
2321 3842 2578 3909 cogitant.
2634 3836 2840 3897 Domini
2881 3854 2962 3898 est
2998 3845 3156 3898 etiam
3199 3845 3281 3898 lex
3333 3844 3463 3899 Novi
3506 3857 3558 3900 et

1996 3929 2203 3985 Veteris
2223 3929 2570 3997 Testamenti,
2591 3931 2643 3985 in
2667 3924 2857 4002 quibus
2877 3935 2986 3988 oris
3011 3937 3125 4002 ejus
3147 3935 3350 4005 eloquia
3379 3951 3454 3990 sai
3477 3949 3558 3991 cta

1995 4021 2454 4102 refulgentaqua:
2499 4025 2542 4078 si
2589 4041 2709 4094 quae
2741 4026 2970 4096 virgines
3009 4027 3126 4082 sine
3168 4030 3560 4083 intermissione

1993 4112 2334 4177 meditantur,
2362 4130 2480 4183 qua:
2508 4115 2714 4170 Domini
2742 4126 2867 4170 sunt
2889 4118 3152 4187 cogitant;
3189 4127 3242 4173 et
3265 4122 3559 4189 completur

1994 4207 2044 4258 in
2076 4205 2153 4259 eis
2182 4206 2306 4259 illud
2341 4207 2706 4276 propheticum
2735 4224 2747 4260 :
2784 4207 3141 4263 Fundamenta
3181 4221 3368 4264 wterna
3409 4227 3560 4278 super

1993 4303 2186 4361 petram
2207 4295 2425 4348 solidam
2446 4313 2465 4348 .'
2495 4305 2543 4348 et
2572 4297 2816 4348 mandata
2841 4294 3048 4350 Domini
3079 4299 3130 4350 in
3159 4300 3311 4351 corde
3336 4299 3557 4352 mulieris

1993 4400 2180 4437 sancta!
2198 4382 2416 4450 (Eccles.
2444 4401 2591 4449 xxVI,
2616 4385 2730 4455 2i).
2763 4384 3046 4452 Sequitur:
3074 4388 3338 4452 Quomodo
3364 4389 3556 4458 placeat

1996 4476 2122 4529 Deo.
2175 4476 2313 4540 Deo,
2358 4477 2600 4546 inquam,
2647 4492 2751 4531 non
2785 4477 3129 4533 hominibus:
3179 4477 3253 4532 Ut.
3282 4479 3345 4533 sit
3383 4490 3558 4533 sancte

1994 4583 2204 4637 corpore
2231 4575 2278 4620 et
2305 4568 2490 4627 spiritu
2519 4567 2573 4639 (1
2603 4567 2721 4622 Cor.
2753 4584 2846 4631 vn,
2874 4568 2988 4639 34).
3041 4568 3154 4623 Νοη
3185 4569 3346 4634 dixit,
3393 4578 3452 4623 ut
3491 4572 3558 4622 sit

1993 4667 2172 4713 sancta
2201 4659 2439 4712 membro
2465 4671 2548 4712 aut
2579 4673 2802 4728 corpore
2825 4669 3056 4725 tantum;
3083 4659 3199 4726 sed,
3224 4669 3277 4712 ut
3303 4661 3366 4714 sit
3387 4677 3507 4715 sane
3529 4681 3558 4712 ιι

1991 4763 2202 4816 corpore
2229 4759 2273 4800 et
2303 4748 2504 4815 spiritu.
2553 4747 2842 4801 Membrnm
2871 4749 3012 4802 enim
3041 4763 3145 4803 una
3170 4750 3409 4818 corporis
3436 4764 3557 4818 pars

1992 4847 2074 4890 est
2100 4855 2111 4887 :
2141 4852 2331 4905 corpus
2355 4853 2479 4890 vero
2501 4837 2734 4890 nmuitttn
2759 4852 3015 4905 compago
3055 4838 3411 4893 membrorum
3451 4852 3554 4893 est.

1988 4929 2120 4982 Cum
2150 4944 2276 4998 ergo
2304 4929 2473 4982 dicit:
2519 4939 2572 4980 ut
2615 4929 2680 4981 sit
2720 4939 2896 4982 sancta
2934 4945 3173 5000 corpore,
3216 4946 3287 4984 ex.
3312 4931 3557 4985 omnibus

1991 5020 2243 5075 membris
2269 5034 2384 5071 eam
2413 5019 2731 5072 sanctificari
2758 5019 2955 5074 debere
2988 5030 3226 5074 testatur.
3276 5022 3408 5088 Quia
3451 5037 3555 5075 non

1991 5109 2228 5178 proderit
2250 5119 2565 5164 czeterorum
2599 5108 2950 5162 sanctiﬁcatio
2977 5108 3371 5175 membrorum,
3408 5109 3450 5163 si
3479 5109 3558 5162 in-

1989 5197 2229 5252 veniatur
2253 5198 2336 5252 vel
2367 5200 2417 5251 in
2449 5211 2554 5249 uno
2579 5198 2868 5266 corruptio.
2907 5197 2971 5251 Et
2988 5196 3096 5266 jam
3124 5214 3226 5250 non
3250 5199 3350 5252 erit
3374 5206 3552 5250 sancta

1994 5301 2236 5353 corpore,
2267 5286 2406 5355 quod
2435 5302 2499 5341 ex
2527 5288 2774 5341 omnibus
2801 5297 3009 5341 constat
3039 5289 3313 5355 membris,
3335 5305 3450 5356 qum
3475 5291 3553 5341 vel

1994 5379 2151 5432 unius
2177 5378 2334 5433 fuerit
2361 5377 2793 5447 coinquinatione
2818 5378 3041 5446 polluta.

2064 5471 2115 5525 9.
2157 5469 2262 5526 Sed
2298 5469 2524 5539 utquod
2550 5469 2672 5524 dico
2702 5467 3033 5524 manifestius
3073 5478 3128 5524 et
3169 5468 3394 5522 lucidius
3432 5470 3546 5532 iiut:

1995 5574 2132 5631 esto,
2175 5565 2244 5618 sit
2286 5576 2615 5630 quaecunque
2659 5562 2894 5615 omnium
2933 5559 3288 5615 membrorum
3318 5560 3553 5612 sanetiti-

1994 5660 2201 5711 eatirnc
2231 5665 2479 5723 purgata,
2528 5665 2576 5708 ct
2609 5655 2779 5722 lingua
2815 5651 3174 5706 tan'ummodo
3205 5663 3413 5720 peccet,
3454 5671 3552 5721 qua
