4176 6184
431 245 497 301 83
1725 231 2064 289 AUCTORIS
2103 231 2408 285 ΑΝΟΧῊΞΙ
3602 229 3669 286 δι

433 362 520 406 aut
542 349 891 419 blasphemet,
917 357 1006 402 aut
1035 347 1225 402 falsum
1255 343 1614 400 testimonium
1641 341 1814 402 dicat;
1866 355 2001 392 uun-
2027 344 2072 397 Α
2105 339 2228 392 dum
2260 350 2385 406 sint,
2414 341 2478 392 ad
2509 340 2740 394 dandum
2769 351 2944 395 autem
2974 341 3232 402 colli-clm,
3262 357 3359 394 nec
3387 341 3450 394 ad
3481 341 3672 395 ferien-

434 441 557 510 quid
601 441 895 494 liberabant
927 442 1102 491 onmia
1149 435 1387 491 membra
1433 432 1640 485 unum?
1687 446 1752 482 an
1787 438 2003 498 propter

437 548 595 586 inuam
621 531 999 601 judicabnntur
1025 540 1079 582 et
1103 527 1341 582 cietera?
1390 525 1531 593 Ergo
1565 523 1606 574 si
1646 536 1742 574 nec
1776 521 2002 573 aliorum

438 626 795 678 membrorum
827 622 1032 675 sanctili
1069 621 1176 672 atio
1208 617 1467 684 proderit,
1515 629 1635 667 cum
1688 617 1738 665 in
1787 627 1892 663 uno
1939 611 2008 663 sil

441 716 653 779 vitium;
695 725 894 784 quanto
931 712 1098 779 magis
1128 710 1170 764 si
1203 709 1536 763 diVersorum
1567 706 1767 773 flagitio
1805 716 2008 768 perca-

441 817 612 861 torum
658 805 835 859 omnia
883 811 1330 871 corrumpantur,
1381 799 1538 853 unius
1589 797 1717 850 nihil
1772 793 2009 862 proderit

443 897 716 964 integritas
737 896 762 948 l
810 894 961 950 Unde
986 907 1169 963 quaeso
1198 901 1271 960 te,
1301 891 1471 960 virgo,
1499 903 1671 957 neque
1698 888 1750 940 in
1779 886 1888 939 sola
1918 883 2010 937 tibi

445 986 687 1054 pudicitia
719 985 1038 1046 blandiaris,
1087 997 1152 1036 ne
1182 982 1234 1035 in
1267 980 1421 1034 unius
1452 977 1678 1034 membri
1710 974 2013 1044 integritate

444 1074 708 1128 conﬁdas:
733 1074 826 1127 sed
848 1073 1139 1126 secundum
1164 1073 1475 1141 Apostolum
1498 1070 1593 1122 soli
1622 1069 1732 1123 Deo
1757 1080 2013 1122 conserva

445 1166 684 1234 corporis
721 1167 1076 1219 sanctitalem.
1128 1163 1320 1217 Mllltda
1348 1163 1414 1216 ab
1438 1160 1584 1217 omni
1618 1160 2016 1227 inquinamento

449 1265 642 1325 caput:
687 1255 808 1324 quia
836 1257 1038 1310 crimen
1069 1266 1151 1310 est
1181 1254 1311 1308 illud
1339 1264 1457 1323 post
1486 1251 1798 1322 chrismatis
1821 1248 2019 1302 sancti-

452 1346 770 1411 licationem,
792 1352 884 1398 aut
907 1345 1072 1411 croci,
1094 1353 1184 1398 aut
1207 1343 1423 1398 alterius
1443 1341 1728 1410 cujuslibet
1756 1337 2015 1408 pignieuti

453 1434 570 1488 luco
611 1434 690 1487 vel
741 1433 964 1500 pulvere
1010 1432 1305 1496 sordidari;
1357 1441 1448 1486 aut
1495 1447 1624 1483 auro
1668 1431 1749 1482 vel
1797 1427 2020 1496 gemmis

452 1525 814 1593 cujuscunque
864 1534 1091 1579 terrena:
1125 1524 1321 1593 speciei
1351 1525 1530 1577 comi:
1577 1521 1716 1591 quod
1753 1521 1858 1588 ja'n
1907 1532 2018 1572 ea:-

455 1617 600 1671 lestis
651 1628 870 1670 ornatus
915 1617 1201 1685 splendore
1249 1615 1495 1685 refulget.
1550 1613 1776 1668 Grande
1828 1610 2022 1677 quippe

2103 439 2229 485 dum
2263 443 2486 499 paratze,
2511 433 2604 486 sed
2639 432 2704 485 ad
2735 434 2911 486 omnia
2954 433 3332 487 misericordia:
3370 442 3424 486 et
3462 433 3600 500 picta
3625 433 3669 486 is

2104 536 2265 588 Opera
2293 525 2423 574 satis
2454 533 2732 590 promptae.
2768 523 2953 576 Munda
2986 523 3166 591 pedes,
3197 538 3264 576 ne
3289 523 3446 575 latam
3474 530 3528 575 et
3551 537 3674 589 spa-

2088 613 2294 684 ytiosam
2329 623 2550 682 pergant
2579 613 2738 677 viam,
2771 629 2888 682 qua:
2919 613 3067 667 ducit
3095 613 3159 665 ad
3189 613 3467 680 Splendida
3494 613 3671 666 saecu'i

2109 714 2163 758 et
2190 704 2416 771 pretiosa
2444 704 2712 766 convivia;
2744 705 2838 758 sed
2868 705 3090 758 ardumu
3117 709 3287 774 magis
3314 714 3370 758 et
3393 714 3671 771 angustum

2107 793 2416 861 gradiantur
2438 795 2556 858 iter,
2577 796 2714 861 qttod
2749 795 2916 849 tendit
2943 795 3009 847 ad
3038 795 3252 858 caelum,
3279 794 3400 860 quia
3422 793 3675 862 scriptum

2111 889 2193 935 est
2216 898 2231 933 :
2269 879 2377 936 Iter
2403 894 2595 936 rectum
2619 885 2773 951 facile
2799 883 3006 952 pedibus
3035 885 3210 937 vestris
3240 882 3388 954 (lsai.
3411 899 3534 946 t.vtt,
3567 883 3676 949 Η).

2113 977 2353 1043 Agnosco
2403 976 2496 1030 tibi
2545 991 2573 1028 a
2627 976 2734 1030 Deo
2779 977 2984 1032 artilice
3026 992 3130 1030 non
3173 976 3239 1030 ad
3272 977 3425 1043 vitia,
3472 979 3566 1030 sel
3609 978 3675 1029 ad

2114 1065 2364 1118 virtutem
2397 1065 2633 1117 membra
2666 1064 2887 1118 formata
2917 1081 2930 1117 :
2975 1075 3030 1119 et
3067 1081 3187 1118 cum
3219 1066 3494 1119 universos
3532 1073 3680 1118 artus

2118 1156 2458 1211 mundaveris
2498 1158 2567 1210 ab
2609 1157 2753 1210 onmi
2801 1157 2959 1211 sorde
3003 1158 3229 1223 peccati,
3269 1167 3324 1210 et
3366 1165 3480 1210 toto
3519 1156 3684 1209 fueris

2118 1246 2444 1301 sanctificata
2489 1261 2742 1313 corpore,
2791 1259 2916 1298 tunc
2960 1247 3052 1300 tibi
3090 1249 3388 1300 castitatem
3419 1246 3549 1299 iutel
3575 1248 3685 1313 igas

2124 1339 2478 1405 profuturam,
2503 1347 2558 1390 et
2582 1353 2702 1391 cum
2733 1337 2877 1391 omni
2905 1336 3096 1392 ﬁducia
3121 1339 3344 1406 palmam
3370 1336 3686 1405 virginitatis

2120 1441 2394 1496 exspecta.

2195 1521 2282 1576 10.
2324 1519 2460 1584 Quid
2499 1521 2567 1572 sit
2604 1529 2840 1573 sanetam
2868 1533 2988 1573 esse
3027 1534 3260 1586 corpore,
3299 1517 3531 1571 breviter
3569 1515 3687 1584 qui-

2124 1610 2270 1678 dem,
2302 1609 2394 1664 sed
2425 1611 2578 1678 plene
2608 1625 2694 1664 me
2723 1611 3032 1678 exposuisse
3060 1609 3328 1662 arbitror:
3371 1622 3512 1661 nunc
3549 1609 3686 1674 quod

455 1708 644 1760 divina:
673 1709 853 1777 gratim
883 1684 1201 1762 contumelia
1239 1717 1322 1762 est
1363 1684 1613 1759 mundani
1660 1712 1713 1757 ct
1751 1699 2022 1756 smcularis
2053 1684 2102 1744 Β
2127 1708 2398 1774 sequitur,
2441 1713 2490 1758 et
2521 1703 2739 1771 spiritu,
2783 1717 2940 1757 nosse
2977 1702 3275 1756 debemus:
3328 1700 3428 1753 hoc
3471 1709 3581 1761 est,
3634 1709 3690 1760 ut

457 1801 756 1851 ornamenti
789 1799 1050 1866 pra-latio.
1083 1797 1272 1851 Munda
1302 1797 1548 1856 frontem.
1581 1807 1635 1848 ut
1666 1795 1892 1846 humana
1921 1807 2023 1844 nun

461 1889 638 1944 divina
669 1904 828 1957 opera
860 1888 1168 1953 erubescat,
1217 1898 1267 1942 et
1313 1887 1456 1942 illam
1487 1885 1855 1940 confusionem
1890 1885 2025 1936 reci-

458 1980 594 2048 piat,
644 1993 764 2048 qua:
805 1994 909 2031 non
955 1987 1267 2046 peccatum,
1319 1977 1411 2030 sed
1456 1977 1548 2030 Dei
1590 1977 1814 2043 gloriam
1858 1973 2026 2042 parit,

458 2069 729 2139 Scriptura
761 2068 1010 2126 dicente:
1052 2069 1141 2121 Est
1170 2069 1401 2136 confusio
1431 2068 1688 2120 adducens
1729 2074 1985 2136 peccatum
2010 2080 2030 2117 :

460 2168 504 2212 et
533 2168 605 2211 est
627 2159 858 2227 confusio
882 2157 1143 2210 adducens
1164 2156 1376 2227 gloriam
1397 2156 1582 2226 (Eccli.
1605 2172 1676 2223 Iv,
1697 2155 1811 2223 25).
1842 2154 2027 2209 Munda

467 2248 695 2316 collum,
745 2259 804 2302 nt
851 2264 955 2302 non
999 2263 1159 2301 aurea
1208 2249 1426 2302 reticnla
1467 2248 1687 2316 capillus
1717 2255 1930 2316 portet,
1977 2257 2030 2301 et

463 2353 721 2408 suspensa
753 2338 987 2400 monilia,
1018 2338 1110 2392 sed
1152 2339 1235 2391 illa
1268 2339 1440 2406 potius
1469 2347 1779 2392 ornamenta
1806 2339 2032 2391 circum-

465 2425 619 2494 ferat,
645 2427 711 2482 de
739 2428 929 2496 quibus
953 2428 1224 2496 Scriptura
1251 2429 1376 2483 dicit
1401 2447 1412 2480 :
1450 2429 1804 2482 Misericordia
1831 2439 1877 2482 et
1904 2429 2032 2495 ﬁdes

465 2533 566 2571 non
593 2517 832 2586 deﬁciant
863 2534 893 2569 α
920 2528 997 2582 te,
1035 2521 1284 2583 suspende
1309 2530 1479 2571 autem
1514 2519 1606 2571 illa
1641 2519 1694 2570 in
1723 2521 1872 2571 corde
1899 2518 2032 2570 velut

465 2606 518 2658 in
547 2607 679 2660 collo
705 2615 791 2658 tuo
814 2604 993 2675 (Prov.
1019 2622 1095 2674 ut,
1122 2606 1230 2675 l5).
1265 2607 1451 2660 Munda
1473 2607 1676 2670 ocul-is,
1701 2606 1826 2660 dum
1851 2621 1944 2660 eos
1966 2609 2032 2659 ab

467 2696 612 2750 omni
640 2697 1068 2765 concupiscentia
1093 2697 1346 2761 retrahis,
1366 2708 1416 2752 et
1438 2697 1505 2751 ab
1529 2697 1716 2751 intuitu
1743 2712 2033 2766 pauperum

467 2799 735 2855 nunquam
785 2788 1012 2853 avertis,
1059 2797 1109 2840 et
1151 2786 1218 2841 ab
1255 2788 1502 2840 omnibus
1549 2787 1684 2841 fucis
1731 2787 1926 2841 liberos
1969 2802 2031 2841 ea

467 2889 585 2941 qure
629 2887 659 2926 a
703 2875 809 2928 Deo
853 2875 973 2928 facti
1004 2887 1129 2929 sunt
1169 2877 1474 2930 sinceritate
1500 2876 1788 2929 custodias.
1842 2877 2032 2930 Munda

470 2965 700 3030 linguam
732 2980 760 3017 a
790 2966 1103 3020 mendacio:
1135 2966 1280 3034 quia,
1319 2981 1373 3018 os
1408 2966 1544 3034 quod
1575 2970 1814 3019 mentitur
1852 2967 2032 3019 occidit

468 3027 690 3106 animum
717 3053 938 3124 (Sap.t,
968 3055 1079 3123 Η).
1134 3027 1322 3111 liluuda
1365 3027 1481 3110 eam
1526 3071 1555 3109 a
1601 3059 1960 3122 detractione,
2005 3074 2034 3110 a
2060 3027 2108 3090 c

470 3141 789 3208 iuramento,
819 3142 887 3196 ab
913 3143 1242 3206 adulatione,
1287 3159 1312 3194 a
1352 3145 1606 3212 perjnrio.
1660 3147 1793 3198 Nolo
1825 3162 2034 3215 pra'po-

470 3241 671 3285 sterum
718 3231 960 3284 ordinem
1014 3243 1198 3300 putes,
1250 3234 1389 3302 quod
1442 3233 1588 3302 prius
1634 3249 1664 3288 a
1710 3235 2032 3304 iuramento,

471 3334 627 3387 quam
658 3335 684 3371 a
714 3320 947 3387 perjnrio
976 3322 1206 3389 linguam
1232 3325 1340 3376 dixi
1372 3323 1568 3378 debere
1594 3325 1838 3378 mundari
1864 3341 1877 3378 :
1914 3326 2037 3396 quia

474 3420 600 3462 tunc
632 3411 918 3476 perjnrium
949 3409 1156 3466 facilius
1183 3411 1422 3481 ellugies,
1447 3415 1490 3467 si
1520 3413 1571 3466 in
1603 3423 1712 3468 tuto
1736 3429 1840 3468 non
1864 3415 2036 3482 jures.

473 3498 755 3565 lmpleatur
787 3501 837 3553 in
880 3512 931 3554 te
971 3501 1057 3554 illa
1097 3505 1393 3556 sententia:
1427 3501 1614 3558 Cohibe
1643 3505 1866 3575 linguam
1896 3516 2038 3560 tuam

473 3604 504 3641 ιι
527 3590 682 3656 malo,
710 3600 754 3642 et
782 3589 917 3643 labia
943 3600 1030 3643 tua
1060 3609 1118 3645 ne
1145 3592 1415 3662 loquantur
1437 3595 1614 3648 dolum
1635 3595 1808 3665 (Psal.
1831 3599 2038 3668 χχχιιι).

475 3679 540 3733 Et
570 3696 775 3735 tuemur
803 3695 919 3736 eato
947 3682 1171 3738 dicentis
1202 3688 1440 3754 Apostoli
1470 3705 1482 3738 :
1516 3687 1822 3754 Benedicite,
1869 3701 1914 3743 et
1949 3708 2041 3744 no-

473 3770 563 3822 lite
606 3771 906 3825 maledicere
952 3772 1127 3835 (Rom.
1168 3790 1264 3842 xu,
1312 3777 1422 3844 ll).
1477 3777 1580 3831 Sed
1627 3779 1753 3832 illud
1801 3781 2040 3834 crebrius

475 3861 757 3916 recordare
781 3880 794 3916 :
830 3861 1004 3915 Videte
1029 3879 1090 3916 ne
1112 3866 1224 3932 quis
1254 3867 1447 3918 malum
1476 3883 1566 3936 pro
1596 3869 1724 3921 bono
1749 3870 1904 3922 alicui
1926 3873 2041 3922 red-

475 3947 580 4011 dat,
617 3965 774 4018 neque
801 3953 1122 4005 maledictum
1144 3971 1236 4023 pro
1277 3954 1574 4022 maledicto;
1613 3959 1702 4012 sed
1755 3963 2041 4014 econtrario

475 4040 818 4095 benedicentes
837 4059 856 4095 :
879 4045 1000 4109 quia
1024 4045 1074 4097 in
1104 4045 1198 4098 hoc
1225 4047 1386 4099 vocati
1411 4050 1546 4113 estis,
1573 4061 1624 4103 ut
1649 4053 2041 4106 benedictionem

476 4128 768 4183 haereditate
793 4133 1092 4201 possidentis
1115 4135 1154 4203 (l
1180 4133 1319 4188 Prtr.
1348 4153 1422 4200 Ill,
1448 4135 1535 4207 9);
1568 4147 1624 4194 et
1650 4140 1812 4196 illud:
1845 4142 1904 4196 Si
1929 4145 2042 4211 quis

475 4228 641 4272 autem
677 4219 729 4272 in
767 4222 939 4290 lingua
973 4239 1076 4277 non
1112 4225 1352 4294 offendit,
1395 4230 1477 4280 hic
1517 4231 1764 4298 perfectus
1800 4243 1873 4285 est
1900 4233 2037 4303 (Jac.

476 4321 557 4372 ιιι,
582 4307 661 4377 2).
702 4308 860 4365 Nefas
889 4323 970 4366 est
997 4318 1138 4368 enim
1169 4327 1222 4368 ut
1251 4317 1385 4371 labia
1421 4319 1507 4372 illa
1537 4321 1727 4388 quibus
1758 4323 2036 4376 Dominum

476 4402 766 4466 confiteris,
801 4419 976 4472 rogas,
1009 4406 1299 4471 benedicis,
1340 4419 1395 4464 et
1428 4410 1636 4477 laudas,
1667 4415 1889 4480 alicujus
1930 4417 2042 4483 po!-

477 4487 690 4543 luantur
735 4493 894 4546 sorde
945 4497 1166 4560 peccati.
1223 4499 1412 4552 Nescio
1457 4517 1559 4568 qua
1611 4505 1936 4558 cooscieiitia
1986 4516 2040 4559 et

477 4575 652 4646 lingua
682 4580 800 4647 quis
833 4582 996 4634 Deum
1026 4594 1212 4652 rogat,
1255 4603 1355 4652 qua
1384 4597 1477 4640 aut
1505 4591 1777 4650 menxitur,
1808 4600 1900 4645 aut
1929 4609 2042 4646 ma-

477 4667 675 4729 ledicit,
706 4677 799 4722 aut
822 4670 1075 4726 detrahit.
1128 4674 1286 4727 Labia
1317 4688 1496 4730 sancta
1528 4680 1742 4732 exaudit
1777 4681 1943 4747 Deus;
1989 4695 2041 4737 et

477 4755 606 4820 ipsis
641 4758 826 4810 annuit
861 4759 969 4813 cito
1012 4764 1281 4829 precibus,
1329 4781 1460 4830 quias
1493 4769 1666 4838 lingua
1703 4771 2040 4827 immaculata

478 4846 804 4907 pronuntiat.
850 4847 1040 4904 Munda
1071 4867 1250 4918 aures,
1300 4864 1357 4907 ut
1405 4872 1507 4908 non
1557 4858 1657 4910 nisi
1702 4861 2037 4916 seriuoiiihus

477 4935 676 4990 sanctis
703 4946 758 4990 et
783 4941 919 4992 veris
948 4941 1184 4994 auditum
1218 4945 1514 5011 prarbeant;
1551 4959 1605 5001 ut
1651 4964 1916 5018 nunquam
1945 4951 2040 5006 ob-

477 5038 664 5088 scena,
705 5037 797 5080 aut
826 5030 994 5096 turpia
1015 5069 1030 5094 ,
1077 5041 1166 5085 aut
1195 5034 1472 5089 saicularia
1504 5037 1663 5091 verba
1714 5041 2037 5109 suscipiant,

479 5121 568 5165 aut
603 5115 830 5182 aliquem
857 5118 924 5172 de
949 5120 1117 5173 altero
1154 5123 1372 5176 audiant
1401 5124 1778 5193 deroganteiu,
1827 5141 2041 5200 propter

479 5203 604 5257 illud
633 5221 702 5272 qn
728 5207 772 5260 ~d
802 5211 1053 5276 scriptum
1080 5225 1198 5266 est:
1241 5213 1364 5285 Sepi
1407 5233 1553 5271 aures
1599 5229 1711 5272 luas
1756 5223 1946 5291 spinis,
1993 5237 2043 5280 et

479 5293 584 5346 noli
603 5297 783 5349 audire
804 5299 1027 5368 linguam
1049 5318 1261 5369 nequam
1280 5304 1464 5372 (Eccli.
1484 5323 1668 5373 sxvnt,
1690 5311 1813 5381 '29);
1843 5323 1900 5366 ut
1921 5330 2041 5369 cum

481 5400 546 5440 eo
574 5387 770 5441 habere
801 5406 998 5456 partem
1033 5397 1235 5460 possis,
1281 5395 1348 5450 de
1391 5413 1496 5464 quo
1534 5399 1749 5465 dicitur,
1793 5387 2039 5469 quoniam

479 5481 658 5531 auditu
689 5491 742 5532 et
769 5481 880 5533 visu
911 5480 1078 5545 iustus
1109 5493 1250 5550 erat;
1286 5485 1387 5540 huc
1415 5497 1518 5552 est,
1551 5505 1647 5542 nec
1676 5493 1911 5562 auribus,
1944 5511 2040 5549 nec

483 5568 648 5620 mulis
677 5571 1032 5642 delinqueliat.
1084 5573 1263 5628 Manus
1293 5592 1359 5631 ne
1389 5590 1648 5641 porrecta:
1677 5583 1741 5634 ad
1777 5584 2039 5648 accipien-

2128 1798 2268 1867 qnod
2298 1810 2461 1864 opcte
2492 1795 2642 1848 nefas
2680 1804 2762 1848 est
2792 1794 2940 1858 fieri,
2988 1808 3086 1847 nec
3129 1791 3208 1846 fas
3254 1791 3326 1845 sit
3370 1789 3691 1857 cogitatione

2127 1888 2432 1956 concipere.
2483 1887 2576 1941 llla
2614 1889 2754 1939 enim
2793 1898 2877 1940 est
2917 1895 3098 1939 sancta
3141 1893 3246 1936 tam
3285 1897 3511 1947 corpore
3537 1888 3691 1950 quam

2129 1980 2338 2047 Spiritu,
2372 1992 2490 2043 qua:
2523 1990 2619 2030 nec
2655 1985 2853 2039 mente,
2885 1989 2983 2028 nec
3004 1976 3172 2028 corde
3196 1972 3486 2041 delinquit;
3521 1973 3694 2025 scions

2130 2069 2288 2121 etiam
2338 2066 2518 2119 cordis
2567 2080 2688 2119 esse
2736 2066 3089 2133 iuspectorem
3142 2063 3348 2119 Deum:
3397 2071 3450 2116 et
3499 2061 3696 2114 idcirco

2129 2157 2319 2223 satagit
2361 2165 2420 2210 ut
2460 2155 2770 2209 omnimodo
2811 2157 2968 2208 etiam
3011 2154 3246 2207 animum
3301 2168 3420 2207 eum
3468 2166 3696 2220 corpore

2133 2247 2386 2299 tiiuodum
2433 2245 2620 2299 habeat
2666 2259 2695 2296 a
2739 2256 2977 2313 peccato,
3023 2245 3198 2298 sciens
3238 2245 3495 2311 scriptum
3535 2257 3694 2296 esse:

2135 2336 2288 2390 Omni
2315 2336 2547 2388 custodia
2573 2351 2715 2387 serva
2744 2351 2830 2388 cor
2861 2346 3003 2387 tuum
3031 2333 3210 2404 (Prov.
3240 2349 3310 2398 Iv,
3332 2333 3461 2400 25);
3508 2343 3563 2387 et
3603 2335 3699 2386 ite-

2135 2441 2250 2481 rum
2278 2445 2289 2478 :
2328 2425 2504 2495 Diligit
2538 2425 2784 2480 Dominus
2809 2436 2982 2479 sancta
3013 2427 3201 2490 corda;
3241 2425 3427 2495 accepti
3458 2433 3573 2477 sunt
3599 2441 3696 2475 ari-

2135 2527 2231 2570 trm
2253 2517 2297 2568 ei
2318 2531 2488 2568 omnes
2511 2515 2850 2580 inmaculati;
2879 2524 2932 2569 et
2951 2516 3074 2569 alibi
3100 2533 3112 2566 :
3146 2514 3289 2568 Beati
3315 2515 3502 2567 mundo
3527 2517 3697 2574 corde,

2133 2607 2366 2676 quoniant
2405 2606 2503 2675 ipsi
2542 2605 2703 2658 Deum
2728 2605 2964 2658 uidebunt
2995 2605 3208 2676 (.llattlt.
3241 2621 3295 2669 ν,
3328 2605 3405 2674 8).
3452 2605 3602 2668 Ouod
3633 2609 3700 2656 de

2135 2697 2240 2750 illis
2271 2697 2372 2749 dici
2405 2696 2658 2759 arbitror,
2704 2710 2838 2764 quos
2874 2695 3196 2749 conscientia
3237 2697 3288 2750 in
3332 2696 3472 2748 nulla
3518 2696 3698 2748 redar-

2135 2786 2243 2855 guit
2275 2787 2427 2853 culpa
2461 2785 2682 2854 peccati.
2734 2783 2808 2838 De
2845 2786 3036 2854 quibus
3072 2784 3330 2839 Joannem
3371 2784 3424 2838 in
3465 2785 3697 2851 Epistula

2136 2876 2333 2928 dixisse
2365 2890 2520 2928 reor:
2569 2875 2627 2927 Si
2675 2891 2761 2926 cor
2801 2883 3029 2927 nostrum
3076 2891 3168 2928 nos
3220 2890 3319 2927 nou
3363 2873 3698 2941 reprehendit,

2139 2967 2385 3035 ﬁduciam
2413 2966 2651 3018 habemus
2679 2966 2747 3018 ad
2777 2965 2963 3031 Deum,
2993 2977 3038 3018 et
3081 2981 3389 3034 quiscunque
3420 2967 3704 3029 petierimus

2140 3059 2445 3125 accipiemus
2474 3057 2535 3109 ab
2564 3074 2621 3110 eo
2652 3059 2691 3128 (Ι
2716 3057 2874 3110 Joan.
2907 3073 2992 3122 ιιι,
3022 3044 3137 3126 20).
3183 3057 3316 3110 Nolo
3343 3059 3614 3110 existimes
3653 3065 3704 3108 te

2138 3151 2340 3204 crimen
2369 3150 2564 3219 fugisse
2595 3153 2826 3218 peccati,
2871 3152 2914 3203 si
2949 3151 3275 3205 voluntatem
3313 3167 3415 3203 non
3452 3161 3705 3220 sequatur

2138 3239 2378 3307 eﬂ'ectus,
2409 3257 2529 3294 cum
2561 3242 2816 3308 scriptum
2848 3242 2952 3294 sit:
2985 3243 3282 3310 Quicunque
3318 3241 3496 3295 viderit
3526 3243 3702 3294 mulie-

2141 3348 2248 3385 rem
2274 3333 2342 3384 ad
2381 3335 2828 3402 concupiscendam
2873 3351 3012 3400 eam,
3054 3337 3167 3405 jam
3214 3334 3484 3389 nuechatus
3529 3344 3602 3388 est
3651 3336 3704 3388 in

2141 3437 2216 3476 cor
2230 3425 2292 3475 de
2320 3440 2412 3476 suo
2440 3417 2718 3496 (Metilii,
2745 3426 2853 3494 Π).
2887 3421 2991 3478 Nec
3021 3426 3186 3490 dicas,
3217 3427 3442 3494 cogitavi
3468 3427 3703 3495 quidem,

2141 3513 2234 3567 sed
2269 3528 2372 3566 non
2400 3513 2596 3579 perfeci
2625 3532 2637 3566 :
2679 3516 2797 3583 quia
2831 3516 2989 3568 etiam
3020 3517 3400 3584 concupiscere
3425 3515 3575 3570 nefas
3599 3523 3703 3571 est.

2145 3605 2293 3659 Unde
2319 3607 2502 3658 beatus
2530 3606 2715 3658 Petrus
2744 3607 2998 3674 praecepit
3025 3606 3206 3660 dicens
3231 3623 3243 3658 ;
3275 3607 3484 3659 Animas
3521 3619 3707 3660 vestras

2141 3696 2474 3761 casti/icantes
2503 3695 2541 3765 (I
2575 3695 2714 3748 Petr.
2743 3713 2779 3761 t,
2801 3696 2915 3765 ‘22),
2946 3697 3107 3767 quisi
3139 3699 3334 3750 nullam
3359 3699 3551 3751 anima:
3578 3713 3704 3753 con-

2141 3784 2521 3850 snipratiouem
2547 3796 2747 3850 nosset,
2769 3802 2866 3840 nec
2887 3785 3166 3840 castilicari
3189 3802 3304 3840 eam
3325 3787 3702 3844 desiderasset.

2143 3875 2244 3929 Sed
2277 3885 2328 3928 et
2372 3877 2542 3929 locum
2585 3877 2729 3930 illum
2762 3894 2865 3946 quo
2907 3878 3248 3930 criminetur:
3291 3878 3362 3931 Ili
3396 3881 3627 3948 suntqui
3655 3896 3709 3932 se

2143 3982 2254 4017 runt
2304 3966 2596 4018 mulieribus
2643 3985 2741 4018 non
2787 3968 3269 4038 Coinquinaveruul,
3318 3971 3532 4041 uirgines
3574 3972 3708 4023 enim

2143 4067 2523 4125 permanserunt
2546 4072 2565 4111 :
2602 4058 2656 4110 Ιιί
2697 4071 2976 4127 sequuntur
3003 4060 3224 4130 Agnum,
3267 4076 3560 4129 quocunque
3595 4063 3708 4114 ierit

2144 4144 2326 4215 (Apoc.
2373 4161 2480 4212 xw,
2525 4145 2616 4215 4),
2669 4148 2921 4201 attentius
2969 4148 3308 4202 coasiderare
3353 4148 3610 4204 debemus
3653 4161 3708 4203 et

2143 4238 2591 4300 animadvertere,
2623 4238 2666 4291 si
2689 4239 2856 4292 solius
2883 4239 3200 4308 integritatis
3231 4241 3494 4309 pudicitia:
3519 4243 3708 4295 merito

2146 4329 2242 4395 ipsi
2273 4329 2455 4382 divino
2492 4331 2761 4382 comitatui
2803 4334 3138 4396 capulentur,
3180 4341 3235 4385 ct
3273 4348 3366 4400 per
3392 4333 3565 4387 omnia
3595 4349 3701 4388 (ξων

2147 4418 2314 4471 lorum
2360 4419 2587 4471 tabulata
2626 4419 2961 4472 discurrant:
3007 4435 3075 4473 an
3112 4431 3164 4474 et
3199 4421 3301 4474 alia
3340 4422 3474 4486 sint,
3518 4423 3710 4492 quibus

2144 4508 2388 4574 adjuncta
2421 4507 2697 4575 virginitas
2739 4518 2896 4561 tantte
2941 4510 3280 4564 beatitudinis
3316 4512 3536 4579 gloriam
3581 4527 3707 4566 cun-

2143 4610 2413 4665 sequatur.
2443 4596 2547 4651 Sed
2577 4597 2715 4651 unde
2740 4597 2840 4651 huc
2865 4599 3002 4653 scire
3027 4601 3356 4666 poterimus?
3389 4600 3460 4654 De
3483 4617 3709 4670 sequen-

2145 4686 2306 4752 tibus,
2340 4686 2441 4738 uisi
2484 4686 2659 4756 fallor,
2703 4688 2751 4739 in
2781 4688 2970 4754 quibus
3010 4693 3264 4757 scriptum
3292 4702 3408 4744 est:
3456 4691 3526 4743 lli
3554 4694 3710 4760 empti

2143 4788 2259 4829 sunt
2300 4793 2361 4830 ea:
2398 4779 2685 4832 hominibus
2726 4781 2963 4848 primitiae
3005 4780 3111 4835 Deo
3152 4791 3200 4834 et
3237 4782 3402 4853 Agna,
3447 4795 3492 4836 et
3532 4785 3586 4835 in
3625 4801 3712 4838 ore

2147 4869 2372 4933 ipsorum
2414 4885 2512 4921 non
2564 4880 2639 4923 est
2683 4871 2932 4924 inventum
2977 4873 3332 4926 mendacium:
3361 4874 3471 4926 sine
3508 4877 3711 4925 macula

2149 4959 2280 5008 enim
2309 4970 2422 5008 sunt
2456 4956 2618 5027 (Ibid.
2653 4975 2730 5022 tv,
2764 4960 2839 5028 5).
2875 4961 3033 5014 Vides
3061 4978 3188 5030 ergo
3215 4963 3354 5031 quod
3385 4979 3489 5016 non
3521 4962 3574 5017 in
3606 4981 3712 5016 uno

2151 5055 2349 5100 tantum
2380 5049 2622 5102 membro
2645 5050 2923 5105 dominii-is
2948 5054 3245 5107 referantur
3270 5053 3530 5108 inluni-ere
3554 5055 3712 5107 vesti-

2149 5138 2281 5203 giis;
2323 5140 2416 5194 sed
2450 5141 2520 5193 illi
2551 5145 2636 5210 qui
2671 5151 2863 5210 praeter
2890 5145 3242 5212 virginitatem
3269 5144 3338 5197 ab
3357 5145 3502 5201 omni
3532 5157 3714 5197 coma-

2147 5229 2303 5296 gione
2334 5232 2534 5298 peccati
2575 5233 2961 5302 immaculatain
2996 5235 3256 5302 gesserint
3285 5236 3464 5288 vitam.
3512 5234 3713 5287 Idcirco

2147 5321 2296 5387 virgo
2341 5321 2420 5374 vel
2460 5322 2687 5373 maxime
2718 5321 2930 5389 nuptias
2958 5325 3190 5391 spernit,
3234 5335 3286 5376 ιιι
3316 5323 3444 5376 dum
3472 5324 3714 5377 securior

2145 5420 2245 5470 est,
2283 5411 2506 5472 facilius,
2540 5411 2677 5476 quod
2708 5412 2868 5464 etiam
2909 5428 2938 5466 a
2976 5412 3294 5468 nubentibus
3324 5415 3601 5483 qiiteritttr,
3643 5413 3712 5466 ab

2144 5499 2289 5552 omni
2329 5513 2387 5550 se
2423 5499 2616 5551 delicto
2645 5501 2930 5566 cu~todiat,
2954 5513 3004 5555 et
3032 5505 3276 5556 universi
3307 5503 3434 5568 legis
3464 5503 3708 5556 mandata

2143 5589 2403 5660 perliciat.
2435 5587 2564 5641 Nam
2592 5591 2635 5642 si
2669 5606 2771 5644 non
2800 5592 2981 5657 nubat,
3007 5603 3060 5648 et
3086 5609 3146 5647 ea
3181 5593 3526 5648 nihilominus
3555 5594 3711 5644 faciat
