  <div class='ocr_page' id='page_1' title='image "/cluster/home/n/w/nwhite01/storage/ocr_20150623/18/hvd.32044023361694/052.png"; bbox 0 0 4132 6176; ppageno 0'>
   <div class='ocr_carea' id='block_1_1' title="bbox 399 268 3650 338">
    <p class='ocr_par' dir='ltr' id='par_1_1' title="bbox 399 268 3650 338">
     <span class='ocr_line' id='line_1_1' title="bbox 399 268 3650 338; baseline 0 -12"><span class='ocrx_word' id='word_1_1' title='bbox 399 272 477 326; x_wconf 77' lang='grc'><strong>85</strong></span> <span class='ocrx_word' id='word_1_2' title='bbox 1399 269 1838 324; x_wconf 62' lang='grc' dir='ltr'><strong>ΕΧΠΟΙΚΤΑΤῙΟ</strong></span> <span class='ocrx_word' id='word_1_3' title='bbox 1879 268 1968 322; x_wconf 78' lang='lat' dir='ltr'><strong>AD</strong></span> <span class='ocrx_word' id='word_1_4' title='bbox 2007 268 2318 324; x_wconf 68' lang='lat' dir='ltr'><strong>SPONSMI</strong></span> <span class='ocrx_word' id='word_1_5' title='bbox 2357 269 2646 328; x_wconf 79' lang='lat' dir='ltr'><strong>CHRISTI.</strong></span> <span class='ocrx_word' id='word_1_6' title='bbox 3579 282 3650 338; x_wconf 67' lang='grc' dir='ltr'>ω</span> 
     </span>
    </p>
   </div>
   <div class='ocr_carea' id='block_1_2' title="bbox 401 376 3646 459">
    <p class='ocr_par' dir='ltr' id='par_1_2' title="bbox 401 376 3646 459">
     <span class='ocr_line' id='line_1_2' title="bbox 401 376 3646 459; baseline 0.006 -28"><span class='ocrx_word' id='word_1_7' title='bbox 401 395 434 431; x_wconf 90' lang='lat' dir='ltr'><strong>a</strong></span> <span class='ocrx_word' id='word_1_8' title='bbox 481 378 674 447; x_wconf 78' lang='lat' dir='ltr'><strong>qutbus</strong></span> <span class='ocrx_word' id='word_1_9' title='bbox 724 385 779 431; x_wconf 90' lang='lat' dir='ltr'><strong>et</strong></span> <span class='ocrx_word' id='word_1_10' title='bbox 823 385 1002 444; x_wconf 78' lang='lat' dir='ltr'><strong>nupta:</strong></span> <span class='ocrx_word' id='word_1_11' title='bbox 1049 389 1168 431; x_wconf 86' lang='lat' dir='ltr'><strong>esse</strong></span> <span class='ocrx_word' id='word_1_12' title='bbox 1219 376 1472 445; x_wconf 85' lang='lat' dir='ltr'><strong>jubentur</strong></span> <span class='ocrx_word' id='word_1_13' title='bbox 1515 379 1813 441; x_wconf 88' lang='lat' dir='ltr'><strong>immunes,</strong></span> <span class='ocrx_word' id='word_1_14' title='bbox 1865 394 1968 431; x_wconf 89' lang='lat' dir='ltr'><strong>non</strong></span> <span class='ocrx_word' id='word_1_15' title='bbox 2001 384 2045 439; x_wconf 72' lang='grc' dir='ltr'>Α</span> <span class='ocrx_word' id='word_1_16' title='bbox 2074 381 2168 433; x_wconf 89' lang='lat' dir='ltr'><strong>sed</strong></span> <span class='ocrx_word' id='word_1_17' title='bbox 2220 380 2562 437; x_wconf 73' lang='lat' dir='ltr'><strong>interioribus</strong></span> <span class='ocrx_word' id='word_1_18' title='bbox 2608 390 2967 454; x_wconf 73' lang='lat' dir='ltr'><strong>ornamentis,</strong></span> <span class='ocrx_word' id='word_1_19' title='bbox 3021 397 3074 443; x_wconf 88' lang='lat' dir='ltr'><strong>et</strong></span> <span class='ocrx_word' id='word_1_20' title='bbox 3119 391 3487 459; x_wconf 86' lang='lat' dir='ltr'><strong>spiritualiter,</strong></span> <span class='ocrx_word' id='word_1_21' title='bbox 3540 411 3646 450; x_wconf 79' lang='lat' dir='ltr'><strong>non</strong></span> 
     </span>
    </p>
   </div>
   <div class='ocr_carea' id='block_1_3' title="bbox 405 468 1976 539">
    <p class='ocr_par' dir='ltr' id='par_1_3' title="bbox 405 468 1976 539">
     <span class='ocr_line' id='line_1_3' title="bbox 405 468 1976 539; baseline 0.001 -15"><span class='ocrx_word' id='word_1_22' title='bbox 405 471 651 539; x_wconf 89' lang='lat' dir='ltr'><strong>nupsisse</strong></span> <span class='ocrx_word' id='word_1_23' title='bbox 676 469 801 538; x_wconf 86' lang='lat' dir='ltr'><strong>quid</strong></span> <span class='ocrx_word' id='word_1_24' title='bbox 829 468 1105 537; x_wconf 80' lang='lat' dir='ltr'><strong>proderit?</strong></span> <span class='ocrx_word' id='word_1_25' title='bbox 1150 469 1461 537; x_wconf 76' lang='lat' dir='ltr'><strong>Quanquam</strong></span> <span class='ocrx_word' id='word_1_26' title='bbox 1493 472 1636 524; x_wconf 90' lang='lat' dir='ltr'><strong>enim</strong></span> <span class='ocrx_word' id='word_1_27' title='bbox 1669 473 1797 526; x_wconf 88' lang='lat' dir='ltr'><strong>nulli</strong></span> <span class='ocrx_word' id='word_1_28' title='bbox 1820 471 1976 525; x_wconf 74' lang='lat' dir='ltr'><strong>Chri-</strong></span> 
     </span>
    </p>
   </div>
   <div class='ocr_carea' id='block_1_4' title="bbox 404 561 1977 633">
    <p class='ocr_par' dir='ltr' id='par_1_4' title="bbox 404 561 1977 633">
     <span class='ocr_line' id='line_1_4' title="bbox 404 561 1977 633; baseline 0.001 -17"><span class='ocrx_word' id='word_1_29' title='bbox 404 562 700 616; x_wconf 88' lang='lat' dir='ltr'><strong>stianorum</strong></span> <span class='ocrx_word' id='word_1_30' title='bbox 747 574 969 627; x_wconf 78' lang='lat' dir='ltr'><strong>peccare</strong></span> <span class='ocrx_word' id='word_1_31' title='bbox 999 561 1148 616; x_wconf 88' lang='lat' dir='ltr'><strong>liceat</strong></span> <span class='ocrx_word' id='word_1_32' title='bbox 1169 603 1183 626; x_wconf 96' lang='lat'><strong>,</strong></span> <span class='ocrx_word' id='word_1_33' title='bbox 1231 570 1285 615; x_wconf 87' lang='lat' dir='ltr'><strong>ct</strong></span> <span class='ocrx_word' id='word_1_34' title='bbox 1321 577 1508 616; x_wconf 78' lang='lat' dir='ltr'><strong>ontncs</strong></span> <span class='ocrx_word' id='word_1_35' title='bbox 1538 564 1839 633; x_wconf 77' lang='lat' dir='ltr'><strong>quicunque</strong></span> <span class='ocrx_word' id='word_1_36' title='bbox 1866 566 1977 632; x_wconf 90' lang='lat' dir='ltr'><strong>spi-</strong></span> 
     </span>
    </p>
   </div>
   <div class='ocr_carea' id='block_1_5' title="bbox 407 649 1973 721">
    <p class='ocr_par' dir='ltr' id='par_1_5' title="bbox 407 649 1973 721">
     <span class='ocr_line' id='line_1_5' title="bbox 407 649 1973 721; baseline 0.001 -14"><span class='ocrx_word' id='word_1_37' title='bbox 407 651 578 707; x_wconf 80' lang='lat' dir='ltr'><strong>ritalis</strong></span> <span class='ocrx_word' id='word_1_38' title='bbox 605 649 801 704; x_wconf 77' lang='lat' dir='ltr'><strong>lavacri</strong></span> <span class='ocrx_word' id='word_1_39' title='bbox 842 649 1264 706; x_wconf 81' lang='lat' dir='ltr'><strong>sanctiﬁcatione</strong></span> <span class='ocrx_word' id='word_1_40' title='bbox 1294 663 1606 721; x_wconf 88' lang='lat' dir='ltr'><strong>purgantur,</strong></span> <span class='ocrx_word' id='word_1_41' title='bbox 1637 653 1973 709; x_wconf 88' lang='lat' dir='ltr'><strong>immaculata</strong></span> 
     </span>
    </p>
   </div>
   <div class='ocr_carea' id='block_1_6' title="bbox 407 741 1974 812">
    <p class='ocr_par' dir='ltr' id='par_1_6' title="bbox 407 741 1974 812">
     <span class='ocr_line' id='line_1_6' title="bbox 407 741 1974 812; baseline 0.003 -16"><span class='ocrx_word' id='word_1_42' title='bbox 407 741 691 796; x_wconf 79' lang='lat' dir='ltr'><strong>decurrere</strong></span> <span class='ocrx_word' id='word_1_43' title='bbox 715 741 1000 796; x_wconf 84' lang='lat' dir='ltr'><strong>conveniat</strong></span> <span class='ocrx_word' id='word_1_44' title='bbox 1023 741 1157 805; x_wconf 85' lang='lat' dir='ltr'><strong>vita;</strong></span> <span class='ocrx_word' id='word_1_45' title='bbox 1201 751 1258 795; x_wconf 94' lang='lat' dir='ltr'><strong>ut</strong></span> <span class='ocrx_word' id='word_1_46' title='bbox 1288 741 1540 798; x_wconf 76' lang='lat' dir='ltr'><strong>Ecclesia:</strong></span> <span class='ocrx_word' id='word_1_47' title='bbox 1567 759 1687 812; x_wconf 75' lang='lat' dir='ltr'><strong>qua:</strong></span> <span class='ocrx_word' id='word_1_48' title='bbox 1715 745 1832 799; x_wconf 82' lang='lat' dir='ltr'><strong>sine</strong></span> <span class='ocrx_word' id='word_1_49' title='bbox 1863 761 1974 800; x_wconf 87' lang='lat' dir='ltr'><strong>ma-</strong></span> 
     </span>
    </p>
   </div>
   <div class='ocr_carea' id='block_1_7' title="bbox 406 831 1972 904">
    <p class='ocr_par' dir='ltr' id='par_1_7' title="bbox 406 831 1972 904">
     <span class='ocr_line' id='line_1_7' title="bbox 406 831 1972 904; baseline 0.001 -17"><span class='ocrx_word' id='word_1_50' title='bbox 406 833 547 897; x_wconf 83' lang='lat' dir='ltr'><strong>cula,</strong></span> <span class='ocrx_word' id='word_1_51' title='bbox 569 833 684 888; x_wconf 85' lang='lat' dir='ltr'><strong>sine</strong></span> <span class='ocrx_word' id='word_1_52' title='bbox 702 847 855 901; x_wconf 86' lang='lat' dir='ltr'><strong>ruga,</strong></span> <span class='ocrx_word' id='word_1_53' title='bbox 876 833 994 886; x_wconf 85' lang='lat' dir='ltr'><strong>sine</strong></span> <span class='ocrx_word' id='word_1_54' title='bbox 1014 831 1190 901; x_wconf 78' lang='lat' dir='ltr'><strong>aliqua</strong></span> <span class='ocrx_word' id='word_1_55' title='bbox 1210 832 1473 901; x_wconf 76' lang='lat' dir='ltr'><strong>ejusmodi</strong></span> <span class='ocrx_word' id='word_1_56' title='bbox 1493 849 1616 890; x_wconf 87' lang='lat' dir='ltr'><strong>esse</strong></span> <span class='ocrx_word' id='word_1_57' title='bbox 1636 834 1972 904; x_wconf 84' lang='lat' dir='ltr'><strong>describitur,</strong></span> 
     </span>
    </p>
   </div>
   <div class='ocr_carea' id='block_1_8' title="bbox 406 922 1975 995">
    <p class='ocr_par' dir='ltr' id='par_1_8' title="bbox 406 922 1975 995">
     <span class='ocr_line' id='line_1_8' title="bbox 406 922 1975 995; baseline 0.003 -19"><span class='ocrx_word' id='word_1_58' title='bbox 406 924 610 992; x_wconf 89' lang='lat' dir='ltr'><strong>possint</strong></span> <span class='ocrx_word' id='word_1_59' title='bbox 635 922 934 978; x_wconf 77' lang='lat' dir='ltr'><strong>visceribus</strong></span> <span class='ocrx_word' id='word_1_60' title='bbox 963 923 1232 977; x_wconf 85' lang='lat' dir='ltr'><strong>intimari:</strong></span> <span class='ocrx_word' id='word_1_61' title='bbox 1274 924 1444 978; x_wconf 87' lang='lat' dir='ltr'><strong>multo</strong></span> <span class='ocrx_word' id='word_1_62' title='bbox 1471 927 1640 995; x_wconf 85' lang='lat' dir='ltr'><strong>magis</strong></span> <span class='ocrx_word' id='word_1_63' title='bbox 1667 935 1840 981; x_wconf 91' lang='lat' dir='ltr'><strong>tamen</strong></span> <span class='ocrx_word' id='word_1_64' title='bbox 1875 930 1975 981; x_wconf 90' lang='lat' dir='ltr'><strong>hoc</strong></span> 
     </span>
    </p>
   </div>
   <div class='ocr_carea' id='block_1_9' title="bbox 406 1008 1976 1085">
    <p class='ocr_par' dir='ltr' id='par_1_9' title="bbox 406 1008 1976 1085">
     <span class='ocr_line' id='line_1_9' title="bbox 406 1008 1976 1085; baseline 0.006 -22"><span class='ocrx_word' id='word_1_65' title='bbox 406 1013 676 1080; x_wconf 69' lang='lat' dir='ltr'><strong>\&quot;.rginetn</strong></span> <span class='ocrx_word' id='word_1_66' title='bbox 708 1008 932 1081; x_wconf 87' lang='lat' dir='ltr'><strong>implere</strong></span> <span class='ocrx_word' id='word_1_67' title='bbox 961 1027 1180 1067; x_wconf 84' lang='lat' dir='ltr'><strong>necesse</strong></span> <span class='ocrx_word' id='word_1_68' title='bbox 1211 1023 1314 1076; x_wconf 90' lang='lat' dir='ltr'><strong>est,</strong></span> <span class='ocrx_word' id='word_1_69' title='bbox 1341 1029 1499 1084; x_wconf 90' lang='lat' dir='ltr'><strong>quatn</strong></span> <span class='ocrx_word' id='word_1_70' title='bbox 1527 1030 1623 1070; x_wconf 91' lang='lat' dir='ltr'><strong>nec</strong></span> <span class='ocrx_word' id='word_1_71' title='bbox 1650 1016 1848 1085; x_wconf 89' lang='lat' dir='ltr'><strong>mariti,</strong></span> <span class='ocrx_word' id='word_1_72' title='bbox 1877 1031 1976 1072; x_wconf 91' lang='lat' dir='ltr'><strong>nec</strong></span> 
     </span>
    </p>
   </div>
   <div class='ocr_carea' id='block_1_10' title="bbox 407 1103 1977 1175">
    <p class='ocr_par' dir='ltr' id='par_1_10' title="bbox 407 1103 1977 1175">
     <span class='ocr_line' id='line_1_10' title="bbox 407 1103 1977 1175; baseline 0.004 -20"><span class='ocrx_word' id='word_1_73' title='bbox 407 1106 462 1155; x_wconf 89' lang='lat' dir='ltr'><strong>tit</strong></span> <span class='ocrx_word' id='word_1_74' title='bbox 484 1118 658 1165; x_wconf 90' lang='lat' dir='ltr'><strong>orum,</strong></span> <span class='ocrx_word' id='word_1_75' title='bbox 677 1117 774 1156; x_wconf 89' lang='lat' dir='ltr'><strong>nec</strong></span> <span class='ocrx_word' id='word_1_76' title='bbox 794 1103 1014 1156; x_wconf 85' lang='lat' dir='ltr'><strong>alterius</strong></span> <span class='ocrx_word' id='word_1_77' title='bbox 1039 1103 1369 1159; x_wconf 67' lang='lat' dir='ltr'><strong>necessitatis</strong></span> <span class='ocrx_word' id='word_1_78' title='bbox 1382 1119 1538 1158; x_wconf 76' lang='lat' dir='ltr'><strong>causa</strong></span> <span class='ocrx_word' id='word_1_79' title='bbox 1560 1106 1826 1174; x_wconf 89' lang='lat' dir='ltr'><strong>prohibet,</strong></span> <span class='ocrx_word' id='word_1_80' title='bbox 1844 1123 1977 1175; x_wconf 86' lang='lat' dir='ltr'><strong>quo-</strong></span> 
     </span>
    </p>
   </div>
   <div class='ocr_carea' id='block_1_11' title="bbox 405 1193 1972 1268">
    <p class='ocr_par' dir='ltr' id='par_1_11' title="bbox 405 1193 1972 1268">
     <span class='ocr_line' id='line_1_11' title="bbox 405 1193 1972 1268; baseline 0.004 -23"><span class='ocrx_word' id='word_1_81' title='bbox 405 1194 584 1248; x_wconf 87' lang='lat' dir='ltr'><strong>minus</strong></span> <span class='ocrx_word' id='word_1_82' title='bbox 607 1193 838 1247; x_wconf 79' lang='lat' dir='ltr'><strong>divinam</strong></span> <span class='ocrx_word' id='word_1_83' title='bbox 869 1194 1197 1263; x_wconf 88' lang='lat' dir='ltr'><strong>Scripturatn</strong></span> <span class='ocrx_word' id='word_1_84' title='bbox 1243 1197 1514 1264; x_wconf 83' lang='lat' dir='ltr'><strong>perliciat;</strong></span> <span class='ocrx_word' id='word_1_85' title='bbox 1562 1212 1662 1253; x_wconf 90' lang='lat' dir='ltr'><strong>nec</strong></span> <span class='ocrx_word' id='word_1_86' title='bbox 1699 1199 1896 1268; x_wconf 77' lang='lat' dir='ltr'><strong>aliqua,</strong></span> <span class='ocrx_word' id='word_1_87' title='bbox 1928 1200 1972 1254; x_wconf 88' lang='lat' dir='ltr'><strong>si</strong></span> 
     </span>
    </p>
   </div>
   <div class='ocr_carea' id='block_1_12' title="bbox 406 1288 1464 1356">
    <p class='ocr_par' dir='ltr' id='par_1_12' title="bbox 406 1288 1464 1356">
     <span class='ocr_line' id='line_1_12' title="bbox 406 1288 1464 1356; baseline 0.006 -17"><span class='ocrx_word' id='word_1_88' title='bbox 406 1295 614 1356; x_wconf 87' lang='lat' dir='ltr'><strong>peccet,</strong></span> <span class='ocrx_word' id='word_1_89' title='bbox 644 1289 837 1353; x_wconf 89' lang='lat' dir='ltr'><strong>poterit</strong></span> <span class='ocrx_word' id='word_1_90' title='bbox 861 1289 1204 1342; x_wconf 79' lang='lat' dir='ltr'><strong>excusatione</strong></span> <span class='ocrx_word' id='word_1_91' title='bbox 1232 1288 1464 1345; x_wconf 80' lang='lat' dir='ltr'><strong>defendi.</strong></span> 
     </span>
    </p>
   </div>
   <div class='ocr_carea' id='block_1_13' title="bbox 481 1375 1973 1449">
    <p class='ocr_par' dir='ltr' id='par_1_13' title="bbox 481 1375 1973 1449">
     <span class='ocr_line' id='line_1_13' title="bbox 481 1375 1973 1449; baseline 0 -20"><span class='ocrx_word' id='word_1_92' title='bbox 481 1376 569 1429; x_wconf 74' lang='lat' dir='ltr'><strong>il.</strong></span> <span class='ocrx_word' id='word_1_93' title='bbox 605 1376 650 1431; x_wconf 87' lang='lat'><strong>0</strong></span> <span class='ocrx_word' id='word_1_94' title='bbox 681 1375 854 1445; x_wconf 75' lang='lat' dir='ltr'><strong>Virgo,</strong></span> <span class='ocrx_word' id='word_1_95' title='bbox 877 1390 1030 1430; x_wconf 81' lang='lat' dir='ltr'><strong>serva</strong></span> <span class='ocrx_word' id='word_1_96' title='bbox 1058 1379 1387 1446; x_wconf 80' lang='lat' dir='ltr'><strong>propositum</strong></span> <span class='ocrx_word' id='word_1_97' title='bbox 1417 1379 1511 1433; x_wconf 84' lang='lat' dir='ltr'><strong>tibi</strong></span> <span class='ocrx_word' id='word_1_98' title='bbox 1538 1395 1728 1449; x_wconf 87' lang='lat' dir='ltr'><strong>magno</strong></span> <span class='ocrx_word' id='word_1_99' title='bbox 1757 1384 1973 1449; x_wconf 69' lang='lat' dir='ltr'><strong>pra-min</strong></span> 
     </span>
    </p>
   </div>
   <div class='ocr_carea' id='block_1_14' title="bbox 403 1467 1976 1541">
    <p class='ocr_par' dir='ltr' id='par_1_14' title="bbox 403 1467 1976 1541">
     <span class='ocr_line' id='line_1_14' title="bbox 403 1467 1976 1541; baseline 0.004 -19"><span class='ocrx_word' id='word_1_100' title='bbox 403 1467 750 1522; x_wconf 82' lang='lat' dir='ltr'><strong>destinatum.</strong></span> <span class='ocrx_word' id='word_1_101' title='bbox 800 1467 1062 1521; x_wconf 77' lang='lat' dir='ltr'><strong>Przeclara</strong></span> <span class='ocrx_word' id='word_1_102' title='bbox 1091 1477 1176 1523; x_wconf 91' lang='lat' dir='ltr'><strong>est</strong></span> <span class='ocrx_word' id='word_1_103' title='bbox 1201 1469 1341 1537; x_wconf 90' lang='lat' dir='ltr'><strong>apud</strong></span> <span class='ocrx_word' id='word_1_104' title='bbox 1372 1468 1536 1524; x_wconf 88' lang='lat' dir='ltr'><strong>Deum</strong></span> <span class='ocrx_word' id='word_1_105' title='bbox 1567 1471 1882 1541; x_wconf 74' lang='lat' dir='ltr'><strong>virginitatis</strong></span> <span class='ocrx_word' id='word_1_106' title='bbox 1920 1484 1976 1528; x_wconf 87' lang='lat' dir='ltr'><strong>et</strong></span> 
     </span>
    </p>
   </div>
   <div class='ocr_carea' id='block_1_15' title="bbox 406 1556 1971 1628">
    <p class='ocr_par' dir='ltr' id='par_1_15' title="bbox 406 1556 1971 1628">
     <span class='ocr_line' id='line_1_15' title="bbox 406 1556 1971 1628; baseline 0.004 -16"><span class='ocrx_word' id='word_1_107' title='bbox 406 1556 676 1624; x_wconf 69' lang='lat' dir='ltr'><strong>pudicitia:</strong></span> <span class='ocrx_word' id='word_1_108' title='bbox 701 1557 888 1625; x_wconf 89' lang='lat' dir='ltr'><strong>virtus,</strong></span> <span class='ocrx_word' id='word_1_109' title='bbox 911 1557 957 1613; x_wconf 93' lang='lat' dir='ltr'><strong>si</strong></span> <span class='ocrx_word' id='word_1_110' title='bbox 983 1573 1088 1612; x_wconf 87' lang='lat' dir='ltr'><strong>non</strong></span> <span class='ocrx_word' id='word_1_111' title='bbox 1117 1557 1237 1612; x_wconf 88' lang='lat' dir='ltr'><strong>aliis</strong></span> <span class='ocrx_word' id='word_1_112' title='bbox 1264 1569 1603 1628; x_wconf 84' lang='lat' dir='ltr'><strong>peccatorum</strong></span> <span class='ocrx_word' id='word_1_113' title='bbox 1632 1572 1686 1616; x_wconf 87' lang='lat' dir='ltr'><strong>et</strong></span> <span class='ocrx_word' id='word_1_114' title='bbox 1711 1563 1971 1618; x_wconf 86' lang='lat' dir='ltr'><strong>malorum</strong></span> 
     </span>
    </p>
   </div>
   <div class='ocr_carea' id='block_1_16' title="bbox 404 1648 1974 1724">
    <p class='ocr_par' dir='ltr' id='par_1_16' title="bbox 404 1648 1974 1724">
     <span class='ocr_line' id='line_1_16' title="bbox 404 1648 1974 1724; baseline 0.004 -22"><span class='ocrx_word' id='word_1_115' title='bbox 404 1649 644 1714; x_wconf 79' lang='lat' dir='ltr'><strong>lapsibus</strong></span> <span class='ocrx_word' id='word_1_116' title='bbox 671 1648 995 1704; x_wconf 81' lang='lat' dir='ltr'><strong>inﬁrmetur.</strong></span> <span class='ocrx_word' id='word_1_117' title='bbox 1039 1650 1286 1718; x_wconf 81' lang='lat' dir='ltr'><strong>Agnosce</strong></span> <span class='ocrx_word' id='word_1_118' title='bbox 1315 1660 1509 1706; x_wconf 89' lang='lat' dir='ltr'><strong>statum</strong></span> <span class='ocrx_word' id='word_1_119' title='bbox 1543 1660 1714 1720; x_wconf 90' lang='lat' dir='ltr'><strong>tuum,</strong></span> <span class='ocrx_word' id='word_1_120' title='bbox 1744 1669 1974 1724; x_wconf 85' lang='lat' dir='ltr'><strong>agnosce</strong></span> 
     </span>
    </p>
   </div>
   <div class='ocr_carea' id='block_1_17' title="bbox 2077 472 3646 550">
    <p class='ocr_par' dir='ltr' id='par_1_17' title="bbox 2077 472 3646 550">
     <span class='ocr_line' id='line_1_17' title="bbox 2077 472 3646 550; baseline 0.011 -27"><span class='ocrx_word' id='word_1_121' title='bbox 2077 472 2364 527; x_wconf 79' lang='lat' dir='ltr'><strong>carnaliter</strong></span> <span class='ocrx_word' id='word_1_122' title='bbox 2389 485 2738 542; x_wconf 89' lang='lat' dir='ltr'><strong>componatur</strong></span> <span class='ocrx_word' id='word_1_123' title='bbox 2765 495 2776 529; x_wconf 93' lang='lat'><strong>:</strong></span> <span class='ocrx_word' id='word_1_124' title='bbox 2805 479 2924 547; x_wconf 83' lang='lat' dir='ltr'><strong>quia</strong></span> <span class='ocrx_word' id='word_1_125' title='bbox 2958 479 3094 534; x_wconf 78' lang='lat' dir='ltr'><strong>Deus</strong></span> <span class='ocrx_word' id='word_1_126' title='bbox 3125 495 3230 534; x_wconf 92' lang='lat' dir='ltr'><strong>non</strong></span> <span class='ocrx_word' id='word_1_127' title='bbox 3260 483 3524 550; x_wconf 83' lang='lat' dir='ltr'><strong>corporis,</strong></span> <span class='ocrx_word' id='word_1_128' title='bbox 3553 485 3646 540; x_wconf 85' lang='lat' dir='ltr'><strong>sed</strong></span> 
     </span>
    </p>
   </div>
   <div class='ocr_carea' id='block_1_18' title="bbox 2076 561 3648 644">
    <p class='ocr_par' dir='ltr' id='par_1_18' title="bbox 2076 561 3648 644">
     <span class='ocr_line' id='line_1_18' title="bbox 2076 561 3648 644; baseline 0.011 -31"><span class='ocrx_word' id='word_1_129' title='bbox 2076 561 2266 616; x_wconf 68' lang='lat' dir='ltr'><strong>animae</strong></span> <span class='ocrx_word' id='word_1_130' title='bbox 2295 563 2544 620; x_wconf 85' lang='lat' dir='ltr'><strong>decorem</strong></span> <span class='ocrx_word' id='word_1_131' title='bbox 2575 567 2626 621; x_wconf 92' lang='lat' dir='ltr'><strong>in</strong></span> <span class='ocrx_word' id='word_1_132' title='bbox 2658 567 2747 622; x_wconf 89' lang='lat' dir='ltr'><strong>illa</strong></span> <span class='ocrx_word' id='word_1_133' title='bbox 2775 571 3099 625; x_wconf 83' lang='lat' dir='ltr'><strong>considerat.</strong></span> <span class='ocrx_word' id='word_1_134' title='bbox 3149 573 3288 642; x_wconf 86' lang='lat' dir='ltr'><strong>Ergo</strong></span> <span class='ocrx_word' id='word_1_135' title='bbox 3315 581 3370 628; x_wconf 88' lang='lat' dir='ltr'><strong>et</strong></span> <span class='ocrx_word' id='word_1_136' title='bbox 3398 584 3475 638; x_wconf 93' lang='lat' dir='ltr'><strong>tu,</strong></span> <span class='ocrx_word' id='word_1_137' title='bbox 3503 589 3648 644; x_wconf 67' lang='lat' dir='ltr'><strong>qua-</strong></span> 
     </span>
    </p>
   </div>
   <div class='ocr_carea' id='block_1_19' title="bbox 2075 653 3652 732">
    <p class='ocr_par' dir='ltr' id='par_1_19' title="bbox 2075 653 3652 732">
     <span class='ocr_line' id='line_1_19' title="bbox 2075 653 3652 732; baseline 0.01 -28"><span class='ocrx_word' id='word_1_138' title='bbox 2075 665 2286 721; x_wconf 90' lang='lat' dir='ltr'><strong>cunque</strong></span> <span class='ocrx_word' id='word_1_139' title='bbox 2331 653 2564 710; x_wconf 86' lang='lat' dir='ltr'><strong>animam</strong></span> <span class='ocrx_word' id='word_1_140' title='bbox 2617 667 2759 712; x_wconf 90' lang='lat' dir='ltr'><strong>tuam</strong></span> <span class='ocrx_word' id='word_1_141' title='bbox 2824 674 2854 712; x_wconf 90' lang='lat' dir='ltr'><strong>a</strong></span> <span class='ocrx_word' id='word_1_142' title='bbox 2907 660 3015 716; x_wconf 88' lang='lat' dir='ltr'><strong>Deo</strong></span> <span class='ocrx_word' id='word_1_143' title='bbox 3059 661 3208 732; x_wconf 79' lang='lat' dir='ltr'><strong>diligi</strong></span> <span class='ocrx_word' id='word_1_144' title='bbox 3259 670 3316 718; x_wconf 89' lang='lat' dir='ltr'><strong>et</strong></span> <span class='ocrx_word' id='word_1_145' title='bbox 3362 662 3652 720; x_wconf 77' lang='lat' dir='ltr'><strong>inhabitari</strong></span> 
     </span>
    </p>
   </div>
   <div class='ocr_carea' id='block_1_20' title="bbox 2075 743 3644 823">
    <p class='ocr_par' dir='ltr' id='par_1_20' title="bbox 2075 743 3644 823">
     <span class='ocr_line' id='line_1_20' title="bbox 2075 743 3644 823; baseline 0.01 -29"><span class='ocrx_word' id='word_1_146' title='bbox 2075 743 2430 811; x_wconf 88' lang='lat' dir='ltr'><strong>concupiscis,</strong></span> <span class='ocrx_word' id='word_1_147' title='bbox 2458 747 2602 801; x_wconf 92' lang='lat' dir='ltr'><strong>omni</strong></span> <span class='ocrx_word' id='word_1_148' title='bbox 2645 763 2762 802; x_wconf 91' lang='lat' dir='ltr'><strong>eam</strong></span> <span class='ocrx_word' id='word_1_149' title='bbox 2791 748 3062 818; x_wconf 77' lang='lat' dir='ltr'><strong>diligentia</strong></span> <span class='ocrx_word' id='word_1_150' title='bbox 3089 765 3372 818; x_wconf 88' lang='lat' dir='ltr'><strong>compone,</strong></span> <span class='ocrx_word' id='word_1_151' title='bbox 3401 761 3458 809; x_wconf 83' lang='lat' dir='ltr'><strong>et</strong></span> <span class='ocrx_word' id='word_1_152' title='bbox 3485 753 3644 823; x_wconf 78' lang='lat' dir='ltr'><strong>spiri-</strong></span> 
     </span>
    </p>
   </div>
   <div class='ocr_carea' id='block_1_21' title="bbox 2077 830 3646 911">
    <p class='ocr_par' dir='ltr' id='par_1_21' title="bbox 2077 830 3646 911">
     <span class='ocr_line' id='line_1_21' title="bbox 2077 830 3646 911; baseline 0.01 -28"><span class='ocrx_word' id='word_1_153' title='bbox 2077 830 2270 885; x_wconf 89' lang='lat' dir='ltr'><strong>talibus</strong></span> <span class='ocrx_word' id='word_1_154' title='bbox 2300 832 2626 890; x_wconf 78' lang='lat' dir='ltr'><strong>indumentis</strong></span> <span class='ocrx_word' id='word_1_155' title='bbox 2653 852 2874 892; x_wconf 70' lang='lat' dir='ltr'><strong>evorna.</strong></span> <span class='ocrx_word' id='word_1_156' title='bbox 2925 838 3067 893; x_wconf 82' lang='lat' dir='ltr'><strong>Nihil</strong></span> <span class='ocrx_word' id='word_1_157' title='bbox 3109 840 3162 894; x_wconf 89' lang='lat' dir='ltr'><strong>itt</strong></span> <span class='ocrx_word' id='word_1_158' title='bbox 3198 855 3263 898; x_wconf 88' lang='lat' dir='ltr'><strong>ea</strong></span> <span class='ocrx_word' id='word_1_159' title='bbox 3297 841 3646 911; x_wconf 88' lang='lat' dir='ltr'><strong>dedecorum,</strong></span> 
     </span>
    </p>
   </div>
   <div class='ocr_carea' id='block_1_22' title="bbox 2077 921 3642 1002">
    <p class='ocr_par' dir='ltr' id='par_1_22' title="bbox 2077 921 3642 1002">
     <span class='ocr_line' id='line_1_22' title="bbox 2077 921 3642 1002; baseline 0.008 -26"><span class='ocrx_word' id='word_1_160' title='bbox 2077 921 2206 977; x_wconf 87' lang='lat' dir='ltr'><strong>nihil</strong></span> <span class='ocrx_word' id='word_1_161' title='bbox 2247 923 2443 980; x_wconf 74' lang='lat' dir='ltr'><strong>ftedum</strong></span> <span class='ocrx_word' id='word_1_162' title='bbox 2493 939 2769 996; x_wconf 84' lang='lat' dir='ltr'><strong>appareat.</strong></span> <span class='ocrx_word' id='word_1_163' title='bbox 2819 929 3181 1000; x_wconf 84' lang='lat' dir='ltr'><strong>Resplendeat</strong></span> <span class='ocrx_word' id='word_1_164' title='bbox 3223 948 3355 988; x_wconf 92' lang='lat' dir='ltr'><strong>auro</strong></span> <span class='ocrx_word' id='word_1_165' title='bbox 3399 933 3642 1002; x_wconf 62' lang='lat' dir='ltr'><strong>iustitia,</strong></span> 
     </span>
    </p>
   </div>
   <div class='ocr_carea' id='block_1_23' title="bbox 2073 1013 3644 1091">
    <p class='ocr_par' dir='ltr' id='par_1_23' title="bbox 2073 1013 3644 1091">
     <span class='ocr_line' id='line_1_23' title="bbox 2073 1013 3644 1091; baseline 0.006 -23"><span class='ocrx_word' id='word_1_166' title='bbox 2073 1013 2300 1081; x_wconf 82' lang='lat' dir='ltr'><strong>gemmis</strong></span> <span class='ocrx_word' id='word_1_167' title='bbox 2340 1014 2597 1085; x_wconf 85' lang='lat' dir='ltr'><strong>refulgeat</strong></span> <span class='ocrx_word' id='word_1_168' title='bbox 2637 1018 2969 1086; x_wconf 87' lang='lat' dir='ltr'><strong>sanctitatis,</strong></span> <span class='ocrx_word' id='word_1_169' title='bbox 3015 1035 3079 1075; x_wconf 90' lang='lat' dir='ltr'><strong>ac</strong></span> <span class='ocrx_word' id='word_1_170' title='bbox 3121 1021 3505 1090; x_wconf 82' lang='lat' dir='ltr'><strong>pretiosissima</strong></span> <span class='ocrx_word' id='word_1_171' title='bbox 3547 1040 3644 1091; x_wconf 85' lang='lat' dir='ltr'><strong>pu-</strong></span> 
     </span>
    </p>
   </div>
   <div class='ocr_carea' id='block_1_24' title="bbox 2075 1103 3640 1182">
    <p class='ocr_par' dir='ltr' id='par_1_24' title="bbox 2075 1103 3640 1182">
     <span class='ocr_line' id='line_1_24' title="bbox 2075 1103 3640 1182; baseline 0.008 -26"><span class='ocrx_word' id='word_1_172' title='bbox 2075 1103 2267 1157; x_wconf 77' lang='lat' dir='ltr'><strong>dicitiae</strong></span> <span class='ocrx_word' id='word_1_173' title='bbox 2325 1107 2610 1176; x_wconf 82' lang='lat' dir='ltr'><strong>margarita</strong></span> <span class='ocrx_word' id='word_1_174' title='bbox 2653 1119 2922 1165; x_wconf 85' lang='lat' dir='ltr'><strong>coruscet.</strong></span> <span class='ocrx_word' id='word_1_175' title='bbox 2987 1111 3094 1166; x_wconf 87' lang='lat' dir='ltr'><strong>Pro</strong></span> <span class='ocrx_word' id='word_1_176' title='bbox 3131 1111 3292 1182; x_wconf 84' lang='lat' dir='ltr'><strong>bysso</strong></span> <span class='ocrx_word' id='word_1_177' title='bbox 3337 1120 3392 1167; x_wconf 89' lang='lat' dir='ltr'><strong>et</strong></span> <span class='ocrx_word' id='word_1_178' title='bbox 3433 1113 3640 1182; x_wconf 89' lang='lat' dir='ltr'><strong>serico,</strong></span> 
     </span>
    </p>
   </div>
   <div class='ocr_carea' id='block_1_25' title="bbox 2077 1197 3642 1270">
    <p class='ocr_par' dir='ltr' id='par_1_25' title="bbox 2077 1197 3642 1270">
     <span class='ocr_line' id='line_1_25' title="bbox 2077 1197 3642 1270; baseline 0.006 -22"><span class='ocrx_word' id='word_1_179' title='bbox 2077 1197 2461 1252; x_wconf 65' lang='lat' dir='ltr'><strong>misericordia;</strong></span> <span class='ocrx_word' id='word_1_180' title='bbox 2498 1208 2552 1254; x_wconf 89' lang='lat' dir='ltr'><strong>et</strong></span> <span class='ocrx_word' id='word_1_181' title='bbox 2591 1200 2804 1268; x_wconf 91' lang='lat' dir='ltr'><strong>pietatis</strong></span> <span class='ocrx_word' id='word_1_182' title='bbox 2842 1204 3018 1258; x_wconf 90' lang='lat' dir='ltr'><strong>tunica</strong></span> <span class='ocrx_word' id='word_1_183' title='bbox 3044 1205 3319 1270; x_wconf 85' lang='lat' dir='ltr'><strong>vestiatur,</strong></span> <span class='ocrx_word' id='word_1_184' title='bbox 3350 1205 3642 1260; x_wconf 85' lang='lat' dir='ltr'><strong>secundum</strong></span> 
     </span>
    </p>
   </div>
   <div class='ocr_carea' id='block_1_26' title="bbox 2075 1286 3645 1362">
    <p class='ocr_par' dir='ltr' id='par_1_26' title="bbox 2075 1286 3645 1362">
     <span class='ocr_line' id='line_1_26' title="bbox 2075 1286 3645 1362; baseline 0.009 -27"><span class='ocrx_word' id='word_1_185' title='bbox 2075 1286 2215 1355; x_wconf 84' lang='lat' dir='ltr'><strong>quod</strong></span> <span class='ocrx_word' id='word_1_186' title='bbox 2246 1287 2506 1358; x_wconf 89' lang='lat' dir='ltr'><strong>scriptum</strong></span> <span class='ocrx_word' id='word_1_187' title='bbox 2533 1299 2648 1344; x_wconf 61' lang='lat' dir='ltr'><strong>est:</strong></span> <span class='ocrx_word' id='word_1_188' title='bbox 2687 1291 2894 1345; x_wconf 82' lang='lat' dir='ltr'><strong>lnduite</strong></span> <span class='ocrx_word' id='word_1_189' title='bbox 2917 1308 3036 1362; x_wconf 86' lang='lat' dir='ltr'><strong>ergo</strong></span> <span class='ocrx_word' id='word_1_190' title='bbox 3063 1309 3169 1356; x_wconf 88' lang='lat' dir='ltr'><strong>vos,</strong></span> <span class='ocrx_word' id='word_1_191' title='bbox 3197 1294 3326 1348; x_wconf 83' lang='lat' dir='ltr'><strong>sicut</strong></span> <span class='ocrx_word' id='word_1_192' title='bbox 3350 1295 3498 1348; x_wconf 91' lang='lat' dir='ltr'><strong>electi</strong></span> <span class='ocrx_word' id='word_1_193' title='bbox 3529 1295 3645 1359; x_wconf 87' lang='lat' dir='ltr'><strong>Dei,</strong></span> 
     </span>
    </p>
   </div>
   <div class='ocr_carea' id='block_1_27' title="bbox 2075 1376 3643 1455">
    <p class='ocr_par' dir='ltr' id='par_1_27' title="bbox 2075 1376 3643 1455">
     <span class='ocr_line' id='line_1_27' title="bbox 2075 1376 3643 1455; baseline 0.006 -27"><span class='ocrx_word' id='word_1_194' title='bbox 2075 1376 2238 1428; x_wconf 82' lang='lat' dir='ltr'><strong>sancti</strong></span> <span class='ocrx_word' id='word_1_195' title='bbox 2265 1386 2312 1430; x_wconf 91' lang='lat' dir='ltr'><strong>et</strong></span> <span class='ocrx_word' id='word_1_196' title='bbox 2342 1377 2542 1443; x_wconf 85' lang='lat' dir='ltr'><strong>dilecti,</strong></span> <span class='ocrx_word' id='word_1_197' title='bbox 2588 1381 2780 1434; x_wconf 74' lang='lat' dir='ltr'><strong>viscera</strong></span> <span class='ocrx_word' id='word_1_198' title='bbox 2817 1383 3211 1449; x_wconf 67' lang='lat' dir='ltr'><strong>misericordia,</strong></span> <span class='ocrx_word' id='word_1_199' title='bbox 3257 1384 3643 1455; x_wconf 77' lang='lat' dir='ltr'><strong>benignitatem,</strong></span> 
     </span>
    </p>
   </div>
   <div class='ocr_carea' id='block_1_28' title="bbox 2075 1463 3642 1542">
    <p class='ocr_par' dir='ltr' id='par_1_28' title="bbox 2075 1463 3642 1542">
     <span class='ocr_line' id='line_1_28' title="bbox 2075 1463 3642 1542; baseline 0.008 -26"><span class='ocrx_word' id='word_1_200' title='bbox 2075 1463 2442 1533; x_wconf 79' lang='lat' dir='ltr'><strong>humilitatem,</strong></span> <span class='ocrx_word' id='word_1_201' title='bbox 2471 1479 2575 1522; x_wconf 88' lang='lat' dir='ltr'><strong>etc.</strong></span> <span class='ocrx_word' id='word_1_202' title='bbox 2606 1469 2796 1539; x_wconf 69' lang='lat' dir='ltr'><strong>(Color.</strong></span> <span class='ocrx_word' id='word_1_203' title='bbox 2843 1487 2921 1536; x_wconf 91' lang='lat' dir='ltr'><strong>Ill,</strong></span> <span class='ocrx_word' id='word_1_204' title='bbox 2965 1473 3078 1542; x_wconf 74' lang='lat'><strong>12).</strong></span> <span class='ocrx_word' id='word_1_205' title='bbox 3133 1473 3198 1527; x_wconf 84' lang='lat' dir='ltr'><strong>Et</strong></span> <span class='ocrx_word' id='word_1_206' title='bbox 3246 1489 3351 1528; x_wconf 92' lang='lat' dir='ltr'><strong>non</strong></span> <span class='ocrx_word' id='word_1_207' title='bbox 3393 1474 3642 1530; x_wconf 85' lang='lat' dir='ltr'><strong>decorem</strong></span> 
     </span>
    </p>
   </div>
   <div class='ocr_carea' id='block_1_29' title="bbox 2075 1559 3648 1632">
    <p class='ocr_par' dir='ltr' id='par_1_29' title="bbox 2075 1559 3648 1632">
     <span class='ocr_line' id='line_1_29' title="bbox 2075 1559 3648 1632; baseline 0.008 -25"><span class='ocrx_word' id='word_1_208' title='bbox 2075 1569 2308 1610; x_wconf 77' lang='lat' dir='ltr'><strong>cerussa:</strong></span> <span class='ocrx_word' id='word_1_209' title='bbox 2333 1567 2423 1610; x_wconf 92' lang='lat' dir='ltr'><strong>aut</strong></span> <span class='ocrx_word' id='word_1_210' title='bbox 2445 1559 2664 1613; x_wconf 86' lang='lat' dir='ltr'><strong>alterius</strong></span> <span class='ocrx_word' id='word_1_211' title='bbox 2689 1561 2938 1629; x_wconf 85' lang='lat' dir='ltr'><strong>pigmenti</strong></span> <span class='ocrx_word' id='word_1_212' title='bbox 2961 1573 3186 1632; x_wconf 74' lang='lat' dir='ltr'><strong>qumrat,</strong></span> <span class='ocrx_word' id='word_1_213' title='bbox 3209 1564 3302 1619; x_wconf 89' lang='lat' dir='ltr'><strong>sed</strong></span> <span class='ocrx_word' id='word_1_214' title='bbox 3331 1566 3648 1620; x_wconf 73' lang='lat' dir='ltr'><strong>innocentiae</strong></span> 
     </span>
    </p>
   </div>
   <div class='ocr_carea' id='block_1_30' title="bbox 2076 1646 3648 1714">
    <p class='ocr_par' dir='ltr' id='par_1_30' title="bbox 2076 1646 3648 1714">
     <span class='ocr_line' id='line_1_30' title="bbox 2076 1646 3648 1714; baseline 0.01 -17"><span class='ocrx_word' id='word_1_215' title='bbox 2076 1659 2137 1698; x_wconf 88' lang='lat' dir='ltr'><strong>ac</strong></span> <span class='ocrx_word' id='word_1_216' title='bbox 2153 1646 2507 1714; x_wconf 86' lang='lat' dir='ltr'><strong>simplicitatis</strong></span> <span class='ocrx_word' id='word_1_217' title='bbox 2523 1652 2808 1706; x_wconf 85' lang='lat' dir='ltr'><strong>candorem</strong></span> <span class='ocrx_word' id='word_1_218' title='bbox 2831 1652 3039 1708; x_wconf 86' lang='lat' dir='ltr'><strong>habeat.</strong></span> <span class='ocrx_word' id='word_1_219' title='bbox 3062 1655 3292 1709; x_wconf 80' lang='lat' dir='ltr'><strong>Roseum</strong></span> <span class='ocrx_word' id='word_1_220' title='bbox 3314 1657 3648 1712; x_wconf 75' lang='lat' dir='ltr'><strong>verecundia:</strong></span> 
     </span>
    </p>
   </div>
   <div class='ocr_carea' id='block_1_31' title="bbox 409 1737 3645 1816">
    <p class='ocr_par' dir='ltr' id='par_1_31' title="bbox 409 1737 3645 1816">
     <span class='ocr_line' id='line_1_31' title="bbox 409 1737 3645 1816; baseline 0.007 -37"><span class='ocrx_word' id='word_1_221' title='bbox 409 1741 870 1810; x_wconf 42' lang='lat' dir='ltr'><strong>[manhagnom</strong></span> <span class='ocrx_word' id='word_1_222' title='bbox 900 1742 1252 1810; x_wconf 57' lang='lat' dir='ltr'><strong>promtum,</strong></span> <span class='ocrx_word' id='word_1_223' title='bbox 1292 1741 1488 1798; x_wconf 65' lang='lat' dir='ltr'><strong>Christi</strong></span> <span class='ocrx_word' id='word_1_224' title='bbox 1518 1759 1711 1813; x_wconf 67' lang='lat' dir='ltr'><strong>sponsa</strong></span> <span class='ocrx_word' id='word_1_225' title='bbox 1742 1747 1969 1812; x_wconf 67' lang='lat' dir='ltr'><strong>diceris;</strong></span> <span class='ocrx_word' id='word_1_226' title='bbox 2004 1737 2048 1796; x_wconf 81' lang='grc' dir='ltr'><strong>Β</strong></span> <span class='ocrx_word' id='word_1_227' title='bbox 2074 1737 2308 1791; x_wconf 85' lang='lat' dir='ltr'><strong>colorem</strong></span> <span class='ocrx_word' id='word_1_228' title='bbox 2339 1748 2392 1792; x_wconf 88' lang='lat' dir='ltr'><strong>et</strong></span> <span class='ocrx_word' id='word_1_229' title='bbox 2430 1754 2752 1808; x_wconf 87' lang='lat' dir='ltr'><strong>purpureum</strong></span> <span class='ocrx_word' id='word_1_230' title='bbox 2777 1744 2986 1797; x_wconf 87' lang='lat' dir='ltr'><strong>ruboris</strong></span> <span class='ocrx_word' id='word_1_231' title='bbox 3007 1744 3326 1815; x_wconf 88' lang='lat' dir='ltr'><strong>pudorisque</strong></span> <span class='ocrx_word' id='word_1_232' title='bbox 3353 1747 3645 1816; x_wconf 84' lang='lat' dir='ltr'><strong>possideat.</strong></span> 
     </span>
    </p>
   </div>
   <div class='ocr_carea' id='block_1_32' title="bbox 408 1829 1974 1903">
    <p class='ocr_par' dir='ltr' id='par_1_32' title="bbox 408 1829 1974 1903">
     <span class='ocr_line' id='line_1_32' title="bbox 408 1829 1974 1903; baseline 0.007 -24"><span class='ocrx_word' id='word_1_233' title='bbox 408 1829 532 1884; x_wconf 81' lang='lat' dir='ltr'><strong>vide</strong></span> <span class='ocrx_word' id='word_1_234' title='bbox 574 1845 642 1884; x_wconf 90' lang='lat' dir='ltr'><strong>ne</strong></span> <span class='ocrx_word' id='word_1_235' title='bbox 683 1829 808 1898; x_wconf 90' lang='lat' dir='ltr'><strong>qttid</strong></span> <span class='ocrx_word' id='word_1_236' title='bbox 849 1829 1122 1899; x_wconf 87' lang='lat' dir='ltr'><strong>indignum</strong></span> <span class='ocrx_word' id='word_1_237' title='bbox 1155 1845 1250 1896; x_wconf 87' lang='lat' dir='ltr'><strong>eo,</strong></span> <span class='ocrx_word' id='word_1_238' title='bbox 1292 1833 1376 1887; x_wconf 92' lang='lat' dir='ltr'><strong>cui</strong></span> <span class='ocrx_word' id='word_1_239' title='bbox 1406 1832 1725 1903; x_wconf 86' lang='lat' dir='ltr'><strong>desponsata</strong></span> <span class='ocrx_word' id='word_1_240' title='bbox 1755 1836 1974 1903; x_wconf 90' lang='lat' dir='ltr'><strong>videris,</strong></span> 
     </span>
    </p>
   </div>
   <div class='ocr_carea' id='block_1_33' title="bbox 406 1917 1971 1991">
    <p class='ocr_par' dir='ltr' id='par_1_33' title="bbox 406 1917 1971 1991">
     <span class='ocr_line' id='line_1_33' title="bbox 406 1917 1971 1991; baseline 0.007 -20"><span class='ocrx_word' id='word_1_241' title='bbox 406 1917 690 1974; x_wconf 85' lang='lat' dir='ltr'><strong>admittas:</strong></span> <span class='ocrx_word' id='word_1_242' title='bbox 725 1919 833 1974; x_wconf 93' lang='lat' dir='ltr'><strong>cito</strong></span> <span class='ocrx_word' id='word_1_243' title='bbox 856 1920 1058 1976; x_wconf 86' lang='lat' dir='ltr'><strong>scribet</strong></span> <span class='ocrx_word' id='word_1_244' title='bbox 1093 1921 1408 1991; x_wconf 84' lang='lat' dir='ltr'><strong>repudium,</strong></span> <span class='ocrx_word' id='word_1_245' title='bbox 1451 1924 1494 1978; x_wconf 87' lang='lat' dir='ltr'><strong>si</strong></span> <span class='ocrx_word' id='word_1_246' title='bbox 1539 1924 1590 1980; x_wconf 89' lang='lat' dir='ltr'><strong>itt</strong></span> <span class='ocrx_word' id='word_1_247' title='bbox 1624 1935 1674 1980; x_wconf 90' lang='lat' dir='ltr'><strong>te</strong></span> <span class='ocrx_word' id='word_1_248' title='bbox 1697 1925 1779 1982; x_wconf 86' lang='lat' dir='ltr'><strong>vel</strong></span> <span class='ocrx_word' id='word_1_249' title='bbox 1811 1942 1971 1982; x_wconf 89' lang='lat' dir='ltr'><strong>unum</strong></span> 
     </span>
    </p>
   </div>
   <div class='ocr_carea' id='block_1_34' title="bbox 411 2009 1972 2082">
    <p class='ocr_par' dir='ltr' id='par_1_34' title="bbox 411 2009 1972 2082">
     <span class='ocr_line' id='line_1_34' title="bbox 411 2009 1972 2082; baseline 0.006 -19"><span class='ocrx_word' id='word_1_250' title='bbox 411 2009 982 2066; x_wconf 69' lang='lat' dir='ltr'><strong>viderit&#39;adulterium.</strong></span> <span class='ocrx_word' id='word_1_251' title='bbox 1052 2012 1392 2082; x_wconf 81' lang='lat' dir='ltr'><strong>Quaecunque</strong></span> <span class='ocrx_word' id='word_1_252' title='bbox 1433 2015 1576 2070; x_wconf 91' lang='lat' dir='ltr'><strong>enim</strong></span> <span class='ocrx_word' id='word_1_253' title='bbox 1623 2015 1972 2073; x_wconf 88' lang='lat' dir='ltr'><strong>humanorum</strong></span> 
     </span>
    </p>
   </div>
   <div class='ocr_carea' id='block_1_35' title="bbox 410 2101 1976 2172">
    <p class='ocr_par' dir='ltr' id='par_1_35' title="bbox 410 2101 1976 2172">
     <span class='ocr_line' id='line_1_35' title="bbox 410 2101 1976 2172; baseline 0.008 -19"><span class='ocrx_word' id='word_1_254' title='bbox 410 2101 799 2170; x_wconf 84' lang='lat' dir='ltr'><strong>sponsaliorum</strong></span> <span class='ocrx_word' id='word_1_255' title='bbox 829 2101 1139 2172; x_wconf 88' lang='lat' dir='ltr'><strong>pignoribus</strong></span> <span class='ocrx_word' id='word_1_256' title='bbox 1165 2104 1535 2171; x_wconf 86' lang='lat' dir='ltr'><strong>subarrltatur,</strong></span> <span class='ocrx_word' id='word_1_257' title='bbox 1581 2108 1758 2161; x_wconf 78' lang='lat' dir='ltr'><strong>statim</strong></span> <span class='ocrx_word' id='word_1_258' title='bbox 1804 2125 1833 2163; x_wconf 88' lang='lat' dir='ltr'><strong>a</strong></span> <span class='ocrx_word' id='word_1_259' title='bbox 1877 2108 1976 2164; x_wconf 87' lang='lat' dir='ltr'><strong>do-</strong></span> 
     </span>
    </p>
   </div>
   <div class='ocr_carea' id='block_1_36' title="bbox 408 2189 1975 2264">
    <p class='ocr_par' dir='ltr' id='par_1_36' title="bbox 408 2189 1975 2264">
     <span class='ocr_line' id='line_1_36' title="bbox 408 2189 1975 2264; baseline 0.008 -22"><span class='ocrx_word' id='word_1_260' title='bbox 408 2190 661 2256; x_wconf 81' lang='lat' dir='ltr'><strong>mesticis,</strong></span> <span class='ocrx_word' id='word_1_261' title='bbox 691 2206 722 2245; x_wconf 92' lang='lat' dir='ltr'><strong>a</strong></span> <span class='ocrx_word' id='word_1_262' title='bbox 750 2189 1121 2258; x_wconf 82' lang='lat' dir='ltr'><strong>familiaribus,</strong></span> <span class='ocrx_word' id='word_1_263' title='bbox 1154 2193 1221 2248; x_wconf 91' lang='lat' dir='ltr'><strong>ab</strong></span> <span class='ocrx_word' id='word_1_264' title='bbox 1247 2195 1432 2249; x_wconf 86' lang='lat' dir='ltr'><strong>amicis</strong></span> <span class='ocrx_word' id='word_1_265' title='bbox 1455 2197 1637 2264; x_wconf 91' lang='lat' dir='ltr'><strong>sponsi</strong></span> <span class='ocrx_word' id='word_1_266' title='bbox 1668 2198 1896 2254; x_wconf 88' lang='lat' dir='ltr'><strong>sollicite</strong></span> <span class='ocrx_word' id='word_1_267' title='bbox 1921 2211 1975 2255; x_wconf 80' lang='lat' dir='ltr'><strong>ct</strong></span> 
     </span>
    </p>
   </div>
   <div class='ocr_carea' id='block_1_37' title="bbox 407 2274 1976 2356">
    <p class='ocr_par' dir='ltr' id='par_1_37' title="bbox 407 2274 1976 2356">
     <span class='ocr_line' id='line_1_37' title="bbox 407 2274 1976 2356; baseline 0.008 -24"><span class='ocrx_word' id='word_1_268' title='bbox 407 2282 690 2351; x_wconf 80' lang='lat' dir='ltr'><strong>diligenter</strong></span> <span class='ocrx_word' id='word_1_269' title='bbox 718 2274 943 2352; x_wconf 73' lang='lat' dir='ltr'><strong>&#39;requirit</strong></span> <span class='ocrx_word' id='word_1_270' title='bbox 986 2293 1040 2337; x_wconf 82' lang='lat' dir='ltr'><strong>ct</strong></span> <span class='ocrx_word' id='word_1_271' title='bbox 1086 2302 1117 2340; x_wconf 89' lang='lat' dir='ltr'><strong>a</strong></span> <span class='ocrx_word' id='word_1_272' title='bbox 1155 2287 1401 2351; x_wconf 83' lang='lat' dir='ltr'><strong>servulis,</strong></span> <span class='ocrx_word' id='word_1_273' title='bbox 1433 2291 1615 2356; x_wconf 82' lang='lat' dir='ltr'><strong>qua&#39;es</strong></span> <span class='ocrx_word' id='word_1_274' title='bbox 1641 2290 1853 2355; x_wconf 85' lang='lat' dir='ltr'><strong>juvenis</strong></span> <span class='ocrx_word' id='word_1_275' title='bbox 1883 2293 1976 2345; x_wconf 80' lang='lat' dir='ltr'><strong>lia-</strong></span> 
     </span>
    </p>
   </div>
   <div class='ocr_carea' id='block_1_38' title="bbox 407 2374 1972 2452">
    <p class='ocr_par' dir='ltr' id='par_1_38' title="bbox 407 2374 1972 2452">
     <span class='ocr_line' id='line_1_38' title="bbox 407 2374 1972 2452; baseline 0.008 -27"><span class='ocrx_word' id='word_1_276' title='bbox 407 2375 532 2425; x_wconf 85' lang='lat' dir='ltr'><strong>bcat</strong></span> <span class='ocrx_word' id='word_1_277' title='bbox 556 2379 754 2436; x_wconf 83' lang='lat' dir='ltr'><strong>mores,</strong></span> <span class='ocrx_word' id='word_1_278' title='bbox 785 2374 913 2442; x_wconf 90' lang='lat' dir='ltr'><strong>quid</strong></span> <span class='ocrx_word' id='word_1_279' title='bbox 945 2375 1275 2443; x_wconf 87' lang='lat' dir='ltr'><strong>potissimum</strong></span> <span class='ocrx_word' id='word_1_280' title='bbox 1303 2378 1521 2448; x_wconf 65' lang='lat' dir='ltr'><strong>diligat,</strong></span> <span class='ocrx_word' id='word_1_281' title='bbox 1563 2381 1687 2450; x_wconf 90' lang='lat' dir='ltr'><strong>quid</strong></span> <span class='ocrx_word' id='word_1_282' title='bbox 1719 2385 1972 2452; x_wconf 79' lang='lat' dir='ltr'><strong>accipiat,</strong></span> 
     </span>
    </p>
   </div>
   <div class='ocr_carea' id='block_1_39' title="bbox 403 2467 1974 2546">
    <p class='ocr_par' dir='ltr' id='par_1_39' title="bbox 403 2467 1974 2546">
     <span class='ocr_line' id='line_1_39' title="bbox 403 2467 1974 2546; baseline 0.012 -32"><span class='ocrx_word' id='word_1_283' title='bbox 403 2480 513 2530; x_wconf 87' lang='lat' dir='ltr'><strong>quo</strong></span> <span class='ocrx_word' id='word_1_284' title='bbox 539 2481 636 2519; x_wconf 73' lang='lat' dir='ltr'><strong>usu</strong></span> <span class='ocrx_word' id='word_1_285' title='bbox 666 2467 842 2532; x_wconf 84' lang='lat' dir='ltr'><strong>vivat,</strong></span> <span class='ocrx_word' id='word_1_286' title='bbox 886 2482 986 2536; x_wconf 92' lang='lat' dir='ltr'><strong>qua</strong></span> <span class='ocrx_word' id='word_1_287' title='bbox 1031 2483 1090 2522; x_wconf 88' lang='lat' dir='ltr'><strong>se</strong></span> <span class='ocrx_word' id='word_1_288' title='bbox 1131 2474 1516 2528; x_wconf 65' lang='lat' dir='ltr'><strong>consuetudine</strong></span> <span class='ocrx_word' id='word_1_289' title='bbox 1561 2486 1740 2545; x_wconf 89' lang='lat' dir='ltr'><strong>regat.</strong></span> <span class='ocrx_word' id='word_1_290' title='bbox 1782 2479 1974 2546; x_wconf 87' lang='lat' dir='ltr'><strong>quibus</strong></span> 
     </span>
    </p>
   </div>
   <div class='ocr_carea' id='block_1_40' title="bbox 405 2558 1976 2631">
    <p class='ocr_par' dir='ltr' id='par_1_40' title="bbox 405 2558 1976 2631">
     <span class='ocr_line' id='line_1_40' title="bbox 405 2558 1976 2631; baseline 0.01 -22"><span class='ocrx_word' id='word_1_291' title='bbox 405 2566 586 2610; x_wconf 85' lang='lat' dir='ltr'><strong>utatur</strong></span> <span class='ocrx_word' id='word_1_292' title='bbox 611 2558 856 2624; x_wconf 89' lang='lat' dir='ltr'><strong>dapibus,</strong></span> <span class='ocrx_word' id='word_1_293' title='bbox 886 2560 1078 2628; x_wconf 81' lang='lat' dir='ltr'><strong>quibus</strong></span> <span class='ocrx_word' id='word_1_294' title='bbox 1107 2563 1372 2631; x_wconf 72' lang='lat' dir='ltr'><strong>prtecipue</strong></span> <span class='ocrx_word' id='word_1_295' title='bbox 1412 2566 1574 2621; x_wconf 88' lang='lat' dir='ltr'><strong>rebus</strong></span> <span class='ocrx_word' id='word_1_296' title='bbox 1600 2567 1893 2623; x_wconf 86' lang='lat' dir='ltr'><strong>delectetur</strong></span> <span class='ocrx_word' id='word_1_297' title='bbox 1923 2578 1976 2624; x_wconf 84' lang='lat' dir='ltr'><strong>et</strong></span> 
     </span>
    </p>
   </div>
   <div class='ocr_carea' id='block_1_41' title="bbox 403 2647 1976 2718">
    <p class='ocr_par' dir='ltr' id='par_1_41' title="bbox 403 2647 1976 2718">
     <span class='ocr_line' id='line_1_41' title="bbox 403 2647 1976 2718; baseline 0.009 -19"><span class='ocrx_word' id='word_1_298' title='bbox 403 2647 653 2714; x_wconf 77' lang='lat' dir='ltr'><strong>gaudeat.</strong></span> <span class='ocrx_word' id='word_1_299' title='bbox 683 2649 810 2716; x_wconf 68' lang='lat' dir='ltr'><strong>Quae</strong></span> <span class='ocrx_word' id='word_1_300' title='bbox 838 2665 958 2704; x_wconf 90' lang='lat' dir='ltr'><strong>cum</strong></span> <span class='ocrx_word' id='word_1_301' title='bbox 988 2650 1256 2718; x_wconf 89' lang='lat' dir='ltr'><strong>didicerit,</strong></span> <span class='ocrx_word' id='word_1_302' title='bbox 1292 2656 1359 2707; x_wconf 89' lang='lat' dir='ltr'><strong>ita</strong></span> <span class='ocrx_word' id='word_1_303' title='bbox 1391 2669 1450 2708; x_wconf 91' lang='lat' dir='ltr'><strong>se</strong></span> <span class='ocrx_word' id='word_1_304' title='bbox 1481 2657 1534 2708; x_wconf 92' lang='lat' dir='ltr'><strong>in</strong></span> <span class='ocrx_word' id='word_1_305' title='bbox 1565 2657 1813 2712; x_wconf 87' lang='lat' dir='ltr'><strong>omnibus</strong></span> <span class='ocrx_word' id='word_1_306' title='bbox 1842 2668 1976 2713; x_wconf 85' lang='lat' dir='ltr'><strong>lem-</strong></span> 
     </span>
    </p>
   </div>
   <div class='ocr_carea' id='block_1_42' title="bbox 407 2742 1973 2817">
    <p class='ocr_par' dir='ltr' id='par_1_42' title="bbox 407 2742 1973 2817">
     <span class='ocr_line' id='line_1_42' title="bbox 407 2742 1973 2817; baseline 0.008 -27"><span class='ocrx_word' id='word_1_307' title='bbox 407 2750 590 2805; x_wconf 88' lang='lat' dir='ltr'><strong>perat,</strong></span> <span class='ocrx_word' id='word_1_308' title='bbox 631 2750 689 2792; x_wconf 92' lang='lat' dir='ltr'><strong>ut</strong></span> <span class='ocrx_word' id='word_1_309' title='bbox 713 2742 892 2804; x_wconf 80' lang='lat' dir='ltr'><strong>sponsi</strong></span> <span class='ocrx_word' id='word_1_310' title='bbox 925 2742 1161 2796; x_wconf 91' lang='lat' dir='ltr'><strong>moribus</strong></span> <span class='ocrx_word' id='word_1_311' title='bbox 1188 2757 1341 2798; x_wconf 89' lang='lat' dir='ltr'><strong>suum</strong></span> <span class='ocrx_word' id='word_1_312' title='bbox 1370 2745 1681 2814; x_wconf 82' lang='lat' dir='ltr'><strong>obsequium</strong></span> <span class='ocrx_word' id='word_1_313' title='bbox 1702 2787 1717 2812; x_wconf 94' lang='lat'><strong>,</strong></span> <span class='ocrx_word' id='word_1_314' title='bbox 1763 2763 1856 2802; x_wconf 89' lang='lat' dir='ltr'><strong>sua</strong></span> <span class='ocrx_word' id='word_1_315' title='bbox 1885 2748 1973 2817; x_wconf 79' lang='lat' dir='ltr'><strong>ju=</strong></span> 
     </span>
    </p>
   </div>
   <div class='ocr_carea' id='block_1_43' title="bbox 402 2833 1972 2901">
    <p class='ocr_par' dir='ltr' id='par_1_43' title="bbox 402 2833 1972 2901">
     <span class='ocr_line' id='line_1_43' title="bbox 402 2833 1972 2901; baseline 0.006 -17"><span class='ocrx_word' id='word_1_316' title='bbox 402 2833 546 2885; x_wconf 82' lang='lat' dir='ltr'><strong>cund</strong></span> <span class='ocrx_word' id='word_1_317' title='bbox 572 2840 680 2896; x_wconf 72' lang='lat' dir='ltr'><strong>tas,</strong></span> <span class='ocrx_word' id='word_1_318' title='bbox 721 2846 815 2885; x_wconf 81' lang='lat' dir='ltr'><strong>sua</strong></span> <span class='ocrx_word' id='word_1_319' title='bbox 845 2833 1154 2901; x_wconf 84' lang='lat' dir='ltr'><strong>diligentia;</strong></span> <span class='ocrx_word' id='word_1_320' title='bbox 1194 2849 1289 2888; x_wconf 91' lang='lat' dir='ltr'><strong>sua</strong></span> <span class='ocrx_word' id='word_1_321' title='bbox 1320 2836 1422 2889; x_wconf 90' lang='lat' dir='ltr'><strong>vita</strong></span> <span class='ocrx_word' id='word_1_322' title='bbox 1455 2834 1766 2892; x_wconf 71' lang='lat' dir='ltr'><strong>concordet.</strong></span> <span class='ocrx_word' id='word_1_323' title='bbox 1815 2839 1882 2892; x_wconf 84' lang='lat' dir='ltr'><strong>Et</strong></span> <span class='ocrx_word' id='word_1_324' title='bbox 1919 2850 1972 2894; x_wconf 91' lang='lat' dir='ltr'><strong>tu</strong></span> 
     </span>
    </p>
   </div>
   <div class='ocr_carea' id='block_1_44' title="bbox 404 2921 1973 2991">
    <p class='ocr_par' dir='ltr' id='par_1_44' title="bbox 404 2921 1973 2991">
     <span class='ocr_line' id='line_1_44' title="bbox 404 2921 1973 2991; baseline 0.006 -22"><span class='ocrx_word' id='word_1_325' title='bbox 404 2935 526 2989; x_wconf 70' lang='lat' dir='ltr'><strong>qua:</strong></span> <span class='ocrx_word' id='word_1_326' title='bbox 549 2921 817 2974; x_wconf 57' lang='lat' dir='ltr'><strong>Christum</strong></span> <span class='ocrx_word' id='word_1_327' title='bbox 849 2937 1102 2990; x_wconf 89' lang='lat' dir='ltr'><strong>sponsum</strong></span> <span class='ocrx_word' id='word_1_328' title='bbox 1135 2923 1320 2991; x_wconf 56' lang='lat' dir='ltr'><strong>habes,</strong></span> <span class='ocrx_word' id='word_1_329' title='bbox 1349 2941 1378 2979; x_wconf 90' lang='lat' dir='ltr'><strong>a</strong></span> <span class='ocrx_word' id='word_1_330' title='bbox 1405 2925 1716 2982; x_wconf 85' lang='lat' dir='ltr'><strong>domesticis</strong></span> <span class='ocrx_word' id='word_1_331' title='bbox 1741 2938 1795 2982; x_wconf 90' lang='lat' dir='ltr'><strong>et</strong></span> <span class='ocrx_word' id='word_1_332' title='bbox 1822 2927 1973 2982; x_wconf 84' lang='lat' dir='ltr'><strong>fami—</strong></span> 
     </span>
    </p>
   </div>
   <div class='ocr_carea' id='block_1_45' title="bbox 406 3013 1973 3089">
    <p class='ocr_par' dir='ltr' id='par_1_45' title="bbox 406 3013 1973 3089">
     <span class='ocr_line' id='line_1_45' title="bbox 406 3013 1973 3089; baseline 0.007 -23"><span class='ocrx_word' id='word_1_333' title='bbox 406 3013 627 3067; x_wconf 77' lang='lat' dir='ltr'><strong>liaribus</strong></span> <span class='ocrx_word' id='word_1_334' title='bbox 650 3014 787 3081; x_wconf 63' lang='lat' dir='ltr'><strong>ejus,</strong></span> <span class='ocrx_word' id='word_1_335' title='bbox 819 3018 1002 3084; x_wconf 86' lang='lat' dir='ltr'><strong>sponsi</strong></span> <span class='ocrx_word' id='word_1_336' title='bbox 1033 3017 1104 3070; x_wconf 87' lang='lat' dir='ltr'><strong>tui</strong></span> <span class='ocrx_word' id='word_1_337' title='bbox 1138 3032 1315 3073; x_wconf 90' lang='lat' dir='ltr'><strong>mores</strong></span> <span class='ocrx_word' id='word_1_338' title='bbox 1343 3019 1631 3089; x_wconf 83' lang='lat' dir='ltr'><strong>interroga,</strong></span> <span class='ocrx_word' id='word_1_339' title='bbox 1664 3030 1718 3076; x_wconf 93' lang='lat' dir='ltr'><strong>et</strong></span> <span class='ocrx_word' id='word_1_340' title='bbox 1757 3031 1973 3077; x_wconf 90' lang='lat' dir='ltr'><strong>strenue</strong></span> 
     </span>
    </p>
   </div>
   <div class='ocr_carea' id='block_1_46' title="bbox 2078 1823 3648 1904">
    <p class='ocr_par' dir='ltr' id='par_1_46' title="bbox 2078 1823 3648 1904">
     <span class='ocr_line' id='line_1_46' title="bbox 2078 1823 3648 1904; baseline 0.007 -25"><span class='ocrx_word' id='word_1_341' title='bbox 2078 1823 2288 1880; x_wconf 72' lang='lat' dir='ltr'><strong>lecsti</strong></span> <span class='ocrx_word' id='word_1_342' title='bbox 2317 1828 2560 1883; x_wconf 85' lang='lat' dir='ltr'><strong>abluatur</strong></span> <span class='ocrx_word' id='word_1_343' title='bbox 2582 1831 2721 1884; x_wconf 90' lang='lat' dir='ltr'><strong>nitro</strong></span> <span class='ocrx_word' id='word_1_344' title='bbox 2746 1831 3022 1894; x_wconf 68' lang='lat' dir='ltr'><strong>doctrinae,</strong></span> <span class='ocrx_word' id='word_1_345' title='bbox 3045 1842 3100 1887; x_wconf 90' lang='lat' dir='ltr'><strong>et</strong></span> <span class='ocrx_word' id='word_1_346' title='bbox 3122 1833 3369 1890; x_wconf 85' lang='lat' dir='ltr'><strong>lamentis</strong></span> <span class='ocrx_word' id='word_1_347' title='bbox 3397 1836 3648 1904; x_wconf 84' lang='lat' dir='ltr'><strong>spiritua-</strong></span> 
     </span>
    </p>
   </div>
   <div class='ocr_carea' id='block_1_47' title="bbox 2078 1917 3648 1991">
    <p class='ocr_par' dir='ltr' id='par_1_47' title="bbox 2078 1917 3648 1991">
     <span class='ocr_line' id='line_1_47' title="bbox 2078 1917 3648 1991; baseline 0.008 -22"><span class='ocrx_word' id='word_1_348' title='bbox 2078 1917 2213 1971; x_wconf 88' lang='lat' dir='ltr'><strong>libus</strong></span> <span class='ocrx_word' id='word_1_349' title='bbox 2240 1917 2575 1973; x_wconf 89' lang='lat' dir='ltr'><strong>emundetur.</strong></span> <span class='ocrx_word' id='word_1_350' title='bbox 2630 1919 2781 1974; x_wconf 83' lang='lat' dir='ltr'><strong>Nulla</strong></span> <span class='ocrx_word' id='word_1_351' title='bbox 2816 1921 2866 1975; x_wconf 87' lang='lat' dir='ltr'><strong>itt</strong></span> <span class='ocrx_word' id='word_1_352' title='bbox 2895 1936 2956 1976; x_wconf 92' lang='lat' dir='ltr'><strong>ea</strong></span> <span class='ocrx_word' id='word_1_353' title='bbox 2989 1922 3236 1991; x_wconf 71' lang='lat' dir='ltr'><strong>malitiae,</strong></span> <span class='ocrx_word' id='word_1_354' title='bbox 3278 1923 3423 1978; x_wconf 90' lang='lat' dir='ltr'><strong>nulla</strong></span> <span class='ocrx_word' id='word_1_355' title='bbox 3451 1924 3648 1980; x_wconf 90' lang='lat' dir='ltr'><strong>diaboli</strong></span> 
     </span>
    </p>
   </div>
   <div class='ocr_carea' id='block_1_48' title="bbox 2076 2007 3649 2079">
    <p class='ocr_par' dir='ltr' id='par_1_48' title="bbox 2076 2007 3649 2079">
     <span class='ocr_line' id='line_1_48' title="bbox 2076 2007 3649 2079; baseline 0.006 -19"><span class='ocrx_word' id='word_1_356' title='bbox 2076 2007 2280 2060; x_wconf 82' lang='lat' dir='ltr'><strong>macula</strong></span> <span class='ocrx_word' id='word_1_357' title='bbox 2327 2008 2694 2077; x_wconf 89' lang='lat' dir='ltr'><strong>relinquatur;</strong></span> <span class='ocrx_word' id='word_1_358' title='bbox 2747 2020 2803 2066; x_wconf 90' lang='lat' dir='ltr'><strong>et</strong></span> <span class='ocrx_word' id='word_1_359' title='bbox 2851 2027 2918 2067; x_wconf 91' lang='lat' dir='ltr'><strong>ne</strong></span> <span class='ocrx_word' id='word_1_360' title='bbox 2965 2014 3179 2079; x_wconf 86' lang='lat' dir='ltr'><strong>quando</strong></span> <span class='ocrx_word' id='word_1_361' title='bbox 3225 2015 3364 2069; x_wconf 88' lang='lat' dir='ltr'><strong>male</strong></span> <span class='ocrx_word' id='word_1_362' title='bbox 3408 2013 3649 2071; x_wconf 86' lang='lat' dir='ltr'><strong>redoleat</strong></span> 
     </span>
    </p>
   </div>
   <div class='ocr_carea' id='block_1_49' title="bbox 2075 2100 3648 2176">
    <p class='ocr_par' dir='ltr' id='par_1_49' title="bbox 2075 2100 3648 2176">
     <span class='ocr_line' id='line_1_49' title="bbox 2075 2100 3648 2176; baseline 0.004 -21"><span class='ocrx_word' id='word_1_363' title='bbox 2075 2100 2243 2155; x_wconf 84' lang='lat' dir='ltr'><strong>odore</strong></span> <span class='ocrx_word' id='word_1_364' title='bbox 2289 2102 2524 2170; x_wconf 85' lang='lat' dir='ltr'><strong>peccati,</strong></span> <span class='ocrx_word' id='word_1_365' title='bbox 2576 2114 2846 2173; x_wconf 90' lang='lat' dir='ltr'><strong>unguento</strong></span> <span class='ocrx_word' id='word_1_366' title='bbox 2894 2104 3226 2161; x_wconf 65' lang='lat' dir='ltr'><strong>suavissimas</strong></span> <span class='ocrx_word' id='word_1_367' title='bbox 3273 2106 3551 2176; x_wconf 75' lang='lat' dir='ltr'><strong>sapientia:</strong></span> <span class='ocrx_word' id='word_1_368' title='bbox 3595 2117 3648 2162; x_wconf 90' lang='lat' dir='ltr'><strong>ct</strong></span> 
     </span>
    </p>
   </div>
   <div class='ocr_carea' id='block_1_50' title="bbox 2075 2192 2701 2260">
    <p class='ocr_par' dir='ltr' id='par_1_50' title="bbox 2075 2192 2701 2260">
     <span class='ocr_line' id='line_1_50' title="bbox 2075 2192 2701 2260; baseline 0.006 -15"><span class='ocrx_word' id='word_1_369' title='bbox 2075 2192 2313 2246; x_wconf 74' lang='lat' dir='ltr'><strong>scientia:</strong></span> <span class='ocrx_word' id='word_1_370' title='bbox 2340 2193 2701 2260; x_wconf 80' lang='lat' dir='ltr'><strong>perfundatur.</strong></span> 
     </span>
    </p>
   </div>
   <div class='ocr_carea' id='block_1_51' title="bbox 2153 2281 3644 2356">
    <p class='ocr_par' dir='ltr' id='par_1_51' title="bbox 2153 2281 3644 2356">
     <span class='ocr_line' id='line_1_51' title="bbox 2153 2281 3644 2356; baseline 0.007 -23"><span class='ocrx_word' id='word_1_371' title='bbox 2153 2281 2234 2336; x_wconf 77' lang='lat' dir='ltr'><strong>l5.</strong></span> <span class='ocrx_word' id='word_1_372' title='bbox 2277 2283 2587 2352; x_wconf 84' lang='lat' dir='ltr'><strong>llujusmodi</strong></span> <span class='ocrx_word' id='word_1_373' title='bbox 2619 2285 2757 2341; x_wconf 89' lang='lat' dir='ltr'><strong>Deus</strong></span> <span class='ocrx_word' id='word_1_374' title='bbox 2784 2288 2975 2356; x_wconf 62' lang='lat' dir='ltr'><strong>quatit</strong></span> <span class='ocrx_word' id='word_1_375' title='bbox 3009 2299 3278 2356; x_wconf 88' lang='lat' dir='ltr'><strong>ornatum,</strong></span> <span class='ocrx_word' id='word_1_376' title='bbox 3319 2297 3374 2343; x_wconf 88' lang='lat' dir='ltr'><strong>et</strong></span> <span class='ocrx_word' id='word_1_377' title='bbox 3414 2289 3644 2343; x_wconf 84' lang='lat' dir='ltr'><strong>animam</strong></span> 
     </span>
    </p>
   </div>
   <div class='ocr_carea' id='block_1_52' title="bbox 2079 2373 3644 2447">
    <p class='ocr_par' dir='ltr' id='par_1_52' title="bbox 2079 2373 3644 2447">
     <span class='ocr_line' id='line_1_52' title="bbox 2079 2373 3644 2447; baseline 0.004 -22"><span class='ocrx_word' id='word_1_378' title='bbox 2079 2373 2253 2429; x_wconf 80' lang='lat' dir='ltr'><strong>taliter</strong></span> <span class='ocrx_word' id='word_1_379' title='bbox 2302 2377 2651 2444; x_wconf 89' lang='lat' dir='ltr'><strong>compositam</strong></span> <span class='ocrx_word' id='word_1_380' title='bbox 2705 2379 3056 2447; x_wconf 90' lang='lat' dir='ltr'><strong>concupiscit.</strong></span> <span class='ocrx_word' id='word_1_381' title='bbox 3122 2379 3393 2434; x_wconf 81' lang='lat' dir='ltr'><strong>Memento</strong></span> <span class='ocrx_word' id='word_1_382' title='bbox 3437 2388 3499 2438; x_wconf 91' lang='lat' dir='ltr'><strong>,te</strong></span> <span class='ocrx_word' id='word_1_383' title='bbox 3551 2379 3644 2434; x_wconf 87' lang='lat' dir='ltr'><strong>Dei</strong></span> 
     </span>
    </p>
   </div>
   <div class='ocr_carea' id='block_1_53' title="bbox 2078 2465 3646 2540">
    <p class='ocr_par' dir='ltr' id='par_1_53' title="bbox 2078 2465 3646 2540">
     <span class='ocr_line' id='line_1_53' title="bbox 2078 2465 3646 2540; baseline 0.006 -24"><span class='ocrx_word' id='word_1_384' title='bbox 2078 2466 2236 2518; x_wconf 84' lang='lat' dir='ltr'><strong>tiliam</strong></span> <span class='ocrx_word' id='word_1_385' title='bbox 2266 2465 2368 2520; x_wconf 91' lang='lat' dir='ltr'><strong>dici</strong></span> <span class='ocrx_word' id='word_1_386' title='bbox 2413 2467 2705 2522; x_wconf 90' lang='lat' dir='ltr'><strong>secundum</strong></span> <span class='ocrx_word' id='word_1_387' title='bbox 2751 2470 2894 2534; x_wconf 85' lang='lat' dir='ltr'><strong>quod</strong></span> <span class='ocrx_word' id='word_1_388' title='bbox 2942 2471 3052 2525; x_wconf 88' lang='lat' dir='ltr'><strong>ait:</strong></span> <span class='ocrx_word' id='word_1_389' title='bbox 3085 2473 3242 2540; x_wconf 81' lang='lat' dir='ltr'><strong>Audi,</strong></span> <span class='ocrx_word' id='word_1_390' title='bbox 3274 2472 3406 2539; x_wconf 79' lang='lat' dir='ltr'><strong>ﬁlia,</strong></span> <span class='ocrx_word' id='word_1_391' title='bbox 3439 2483 3485 2525; x_wconf 89' lang='lat' dir='ltr'><strong>et</strong></span> <span class='ocrx_word' id='word_1_392' title='bbox 3533 2473 3646 2526; x_wconf 81' lang='lat' dir='ltr'><strong>vide</strong></span> 
     </span>
    </p>
   </div>
   <div class='ocr_carea' id='block_1_54' title="bbox 2078 2553 3644 2630">
    <p class='ocr_par' dir='ltr' id='par_1_54' title="bbox 2078 2553 3644 2630">
     <span class='ocr_line' id='line_1_54' title="bbox 2078 2553 3644 2630; baseline 0.006 -25"><span class='ocrx_word' id='word_1_393' title='bbox 2078 2553 2244 2622; x_wconf 86' lang='lat' dir='ltr'><strong>(Psal.</strong></span> <span class='ocrx_word' id='word_1_394' title='bbox 2271 2572 2411 2621; x_wconf 80' lang='lat' dir='ltr'><strong>sLtv,</strong></span> <span class='ocrx_word' id='word_1_395' title='bbox 2435 2557 2544 2624; x_wconf 83' lang='lat' dir='ltr'><strong>ll).</strong></span> <span class='ocrx_word' id='word_1_396' title='bbox 2594 2559 2701 2614; x_wconf 90' lang='lat' dir='ltr'><strong>Sed</strong></span> <span class='ocrx_word' id='word_1_397' title='bbox 2730 2567 2786 2614; x_wconf 92' lang='lat' dir='ltr'><strong>et</strong></span> <span class='ocrx_word' id='word_1_398' title='bbox 2810 2568 2864 2614; x_wconf 88' lang='lat' dir='ltr'><strong>ttt</strong></span> <span class='ocrx_word' id='word_1_399' title='bbox 2892 2561 3003 2630; x_wconf 88' lang='lat' dir='ltr'><strong>ipsa</strong></span> <span class='ocrx_word' id='word_1_400' title='bbox 3029 2562 3452 2630; x_wconf 86' lang='lat' dir='ltr'><strong>quotiescunque</strong></span> <span class='ocrx_word' id='word_1_401' title='bbox 3481 2561 3644 2616; x_wconf 89' lang='lat' dir='ltr'><strong>Deum</strong></span> 
     </span>
    </p>
   </div>
   <div class='ocr_carea' id='block_1_55' title="bbox 2079 2647 3643 2720">
    <p class='ocr_par' dir='ltr' id='par_1_55' title="bbox 2079 2647 3643 2720">
     <span class='ocr_line' id='line_1_55' title="bbox 2079 2647 3643 2720; baseline 0.004 -25"><span class='ocrx_word' id='word_1_402' title='bbox 2079 2655 2280 2712; x_wconf 87' lang='lat' dir='ltr'><strong>patrem</strong></span> <span class='ocrx_word' id='word_1_403' title='bbox 2312 2647 2574 2712; x_wconf 83' lang='lat' dir='ltr'><strong>nominas,</strong></span> <span class='ocrx_word' id='word_1_404' title='bbox 2609 2649 2700 2703; x_wconf 90' lang='lat' dir='ltr'><strong>Dei</strong></span> <span class='ocrx_word' id='word_1_405' title='bbox 2730 2657 2781 2703; x_wconf 89' lang='lat' dir='ltr'><strong>te</strong></span> <span class='ocrx_word' id='word_1_406' title='bbox 2809 2651 2969 2703; x_wconf 89' lang='lat' dir='ltr'><strong>tiliam</strong></span> <span class='ocrx_word' id='word_1_407' title='bbox 2997 2664 3117 2705; x_wconf 61' lang='lat' dir='ltr'><strong>esse</strong></span> <span class='ocrx_word' id='word_1_408' title='bbox 3149 2651 3382 2705; x_wconf 85' lang='lat' dir='ltr'><strong>testaris.</strong></span> <span class='ocrx_word' id='word_1_409' title='bbox 3429 2650 3570 2720; x_wconf 88' lang='lat' dir='ltr'><strong>Ergo</strong></span> <span class='ocrx_word' id='word_1_410' title='bbox 3601 2651 3643 2702; x_wconf 77' lang='lat' dir='ltr'><strong>si</strong></span> 
     </span>
    </p>
   </div>
   <div class='ocr_carea' id='block_1_56' title="bbox 2077 2733 3648 2810">
    <p class='ocr_par' dir='ltr' id='par_1_56' title="bbox 2077 2733 3648 2810">
     <span class='ocr_line' id='line_1_56' title="bbox 2077 2733 3648 2810; baseline 0.003 -23"><span class='ocrx_word' id='word_1_411' title='bbox 2077 2733 2170 2788; x_wconf 90' lang='lat' dir='ltr'><strong>Dei</strong></span> <span class='ocrx_word' id='word_1_412' title='bbox 2209 2734 2310 2788; x_wconf 88' lang='lat' dir='ltr'><strong>lilia</strong></span> <span class='ocrx_word' id='word_1_413' title='bbox 2351 2750 2441 2800; x_wconf 82' lang='lat' dir='ltr'><strong>es,</strong></span> <span class='ocrx_word' id='word_1_414' title='bbox 2483 2736 2603 2792; x_wconf 80' lang='lat' dir='ltr'><strong>vide</strong></span> <span class='ocrx_word' id='word_1_415' title='bbox 2646 2753 2713 2792; x_wconf 91' lang='lat' dir='ltr'><strong>ne</strong></span> <span class='ocrx_word' id='word_1_416' title='bbox 2749 2740 2873 2806; x_wconf 92' lang='lat' dir='ltr'><strong>quid</strong></span> <span class='ocrx_word' id='word_1_417' title='bbox 2912 2755 3099 2794; x_wconf 89' lang='lat' dir='ltr'><strong>eorum</strong></span> <span class='ocrx_word' id='word_1_418' title='bbox 3130 2740 3323 2803; x_wconf 88' lang='lat' dir='ltr'><strong>facias,</strong></span> <span class='ocrx_word' id='word_1_419' title='bbox 3373 2755 3491 2810; x_wconf 78' lang='lat' dir='ltr'><strong>qua:</strong></span> <span class='ocrx_word' id='word_1_420' title='bbox 3540 2740 3648 2793; x_wconf 90' lang='lat' dir='ltr'><strong>Deo</strong></span> 
     </span>
    </p>
   </div>
   <div class='ocr_carea' id='block_1_57' title="bbox 2078 2824 3642 2905">
    <p class='ocr_par' dir='ltr' id='par_1_57' title="bbox 2078 2824 3642 2905">
     <span class='ocr_line' id='line_1_57' title="bbox 2078 2824 3642 2905; baseline 0.003 -29"><span class='ocrx_word' id='word_1_421' title='bbox 2078 2824 2220 2878; x_wconf 87' lang='lat' dir='ltr'><strong>Patri</strong></span> <span class='ocrx_word' id='word_1_422' title='bbox 2253 2825 2537 2894; x_wconf 88' lang='lat' dir='ltr'><strong>incongrua</strong></span> <span class='ocrx_word' id='word_1_423' title='bbox 2567 2826 2706 2892; x_wconf 89' lang='lat' dir='ltr'><strong>sint;</strong></span> <span class='ocrx_word' id='word_1_424' title='bbox 2750 2827 2843 2880; x_wconf 89' lang='lat' dir='ltr'><strong>sed</strong></span> <span class='ocrx_word' id='word_1_425' title='bbox 2883 2841 2979 2898; x_wconf 90' lang='lat' dir='ltr'><strong>age</strong></span> <span class='ocrx_word' id='word_1_426' title='bbox 3006 2829 3184 2882; x_wconf 71' lang='lat' dir='ltr'><strong>«mnia</strong></span> <span class='ocrx_word' id='word_1_427' title='bbox 3212 2827 3358 2898; x_wconf 87' lang='lat' dir='ltr'><strong>quasi</strong></span> <span class='ocrx_word' id='word_1_428' title='bbox 3393 2829 3494 2882; x_wconf 90' lang='lat' dir='ltr'><strong>lilia</strong></span> <span class='ocrx_word' id='word_1_429' title='bbox 3530 2828 3642 2905; x_wconf 81' lang='lat' dir='ltr'><strong>Dei.</strong></span> 
     </span>
    </p>
   </div>
   <div class='ocr_carea' id='block_1_58' title="bbox 2073 2914 3647 2984">
    <p class='ocr_par' dir='ltr' id='par_1_58' title="bbox 2073 2914 3647 2984">
     <span class='ocr_line' id='line_1_58' title="bbox 2073 2914 3647 2984; baseline 0.001 -15"><span class='ocrx_word' id='word_1_430' title='bbox 2073 2914 2352 2984; x_wconf 82' lang='lat' dir='ltr'><strong>Cognosce</strong></span> <span class='ocrx_word' id='word_1_431' title='bbox 2381 2916 2648 2984; x_wconf 90' lang='lat' dir='ltr'><strong>quomodo</strong></span> <span class='ocrx_word' id='word_1_432' title='bbox 2694 2917 2853 2984; x_wconf 85' lang='lat' dir='ltr'><strong>hujus</strong></span> <span class='ocrx_word' id='word_1_433' title='bbox 2896 2919 3078 2972; x_wconf 80' lang='lat' dir='ltr'><strong>szeculi</strong></span> <span class='ocrx_word' id='word_1_434' title='bbox 3129 2917 3384 2972; x_wconf 86' lang='lat' dir='ltr'><strong>nobilium</strong></span> <span class='ocrx_word' id='word_1_435' title='bbox 3425 2933 3486 2973; x_wconf 78' lang='lat' dir='ltr'><strong>re</strong></span> <span class='ocrx_word' id='word_1_436' title='bbox 3526 2917 3647 2972; x_wconf 74' lang='lat' dir='ltr'><strong>ﬁlia:</strong></span> 
     </span>
    </p>
   </div>
   <div class='ocr_carea' id='block_1_59' title="bbox 2073 3007 3646 3078">
    <p class='ocr_par' dir='ltr' id='par_1_59' title="bbox 2073 3007 3646 3078">
     <span class='ocr_line' id='line_1_59' title="bbox 2073 3007 3646 3078; baseline 0.001 -18"><span class='ocrx_word' id='word_1_437' title='bbox 2073 3017 2277 3075; x_wconf 86' lang='lat' dir='ltr'><strong>gerant,</strong></span> <span class='ocrx_word' id='word_1_438' title='bbox 2300 3007 2490 3075; x_wconf 89' lang='lat' dir='ltr'><strong>quibus</strong></span> <span class='ocrx_word' id='word_1_439' title='bbox 2511 3016 2822 3062; x_wconf 88' lang='lat' dir='ltr'><strong>assuescant</strong></span> <span class='ocrx_word' id='word_1_440' title='bbox 2845 3007 3105 3071; x_wconf 89' lang='lat' dir='ltr'><strong>moribus,</strong></span> <span class='ocrx_word' id='word_1_441' title='bbox 3131 3007 3389 3078; x_wconf 89' lang='lat' dir='ltr'><strong>quibusve</strong></span> <span class='ocrx_word' id='word_1_442' title='bbox 3410 3021 3469 3062; x_wconf 91' lang='lat' dir='ltr'><strong>se</strong></span> <span class='ocrx_word' id='word_1_443' title='bbox 3489 3007 3646 3062; x_wconf 88' lang='lat' dir='ltr'><strong>disci-</strong></span> 
     </span>
    </p>
   </div>
   <div class='ocr_carea' id='block_1_60' title="bbox 408 3093 3645 3180">
    <p class='ocr_par' dir='ltr' id='par_1_60' title="bbox 408 3093 3645 3180">
     <span class='ocr_line' id='line_1_60' title="bbox 408 3093 3645 3180; baseline 0.001 -33"><span class='ocrx_word' id='word_1_444' title='bbox 408 3119 474 3158; x_wconf 71' lang='grc' dir='ltr'><strong>π</strong></span> <span class='ocrx_word' id='word_1_445' title='bbox 501 3106 724 3160; x_wconf 57' lang='lat' dir='ltr'><strong>meum»</strong></span> <span class='ocrx_word' id='word_1_446' title='bbox 751 3106 993 3174; x_wconf 73' lang='lat' dir='ltr'><strong>inquire;</strong></span> <span class='ocrx_word' id='word_1_447' title='bbox 1039 3108 1090 3161; x_wconf 82' lang='grc' dir='ltr'><strong>ῑη</strong></span> <span class='ocrx_word' id='word_1_448' title='bbox 1133 3108 1325 3176; x_wconf 72' lang='lat' dir='ltr'><strong>quibus</strong></span> <span class='ocrx_word' id='word_1_449' title='bbox 1369 3111 1631 3180; x_wconf 63' lang='lat' dir='ltr'><strong>pmcipne</strong></span> <span class='ocrx_word' id='word_1_450' title='bbox 1659 3111 1969 3180; x_wconf 56' lang='lat' dir='ltr'><strong>delectetur,</strong></span> <span class='ocrx_word' id='word_1_451' title='bbox 2001 3093 2048 3155; x_wconf 89' lang='lat' dir='ltr'><strong>C</strong></span> <span class='ocrx_word' id='word_1_452' title='bbox 2079 3098 2234 3165; x_wconf 86' lang='lat' dir='ltr'><strong>phnis</strong></span> <span class='ocrx_word' id='word_1_453' title='bbox 2266 3098 2564 3152; x_wconf 50' lang='lat' dir='ltr'><strong>instiiuant.</strong></span> <span class='ocrx_word' id='word_1_454' title='bbox 2607 3097 2778 3152; x_wconf 85' lang='lat' dir='ltr'><strong>Tanta</strong></span> <span class='ocrx_word' id='word_1_455' title='bbox 2817 3099 3131 3168; x_wconf 86' lang='lat' dir='ltr'><strong>quibusdam</strong></span> <span class='ocrx_word' id='word_1_456' title='bbox 3176 3099 3495 3155; x_wconf 87' lang='lat' dir='ltr'><strong>verecundia</strong></span> <span class='ocrx_word' id='word_1_457' title='bbox 3540 3109 3645 3164; x_wconf 83' lang='lat' dir='ltr'><strong>est,</strong></span> 
     </span>
    </p>
   </div>
   <div class='ocr_carea' id='block_1_61' title="bbox 412 3195 1973 3270">
    <p class='ocr_par' dir='ltr' id='par_1_61' title="bbox 412 3195 1973 3270">
     <span class='ocr_line' id='line_1_61' title="bbox 412 3195 1973 3270; baseline 0.008 -25"><span class='ocrx_word' id='word_1_458' title='bbox 412 3195 618 3261; x_wconf 82' lang='lat' dir='ltr'><strong>qualem</strong></span> <span class='ocrx_word' id='word_1_459' title='bbox 644 3197 1085 3263; x_wconf 71' lang='lat' dir='ltr'><strong>compositionem</strong></span> <span class='ocrx_word' id='word_1_460' title='bbox 1115 3197 1166 3251; x_wconf 89' lang='lat' dir='ltr'><strong>in</strong></span> <span class='ocrx_word' id='word_1_461' title='bbox 1200 3208 1252 3252; x_wconf 92' lang='lat' dir='ltr'><strong>te</strong></span> <span class='ocrx_word' id='word_1_462' title='bbox 1284 3201 1508 3254; x_wconf 80' lang='lat' dir='ltr'><strong>vestiunt</strong></span> <span class='ocrx_word' id='word_1_463' title='bbox 1542 3201 1746 3270; x_wconf 88' lang='lat' dir='ltr'><strong>diligat,</strong></span> <span class='ocrx_word' id='word_1_464' title='bbox 1796 3203 1973 3270; x_wconf 82' lang='lat' dir='ltr'><strong>Cujus-</strong></span> 
     </span>
    </p>
   </div>
   <div class='ocr_carea' id='block_1_62' title="bbox 411 3283 1973 3360">
    <p class='ocr_par' dir='ltr' id='par_1_62' title="bbox 411 3283 1973 3360">
     <span class='ocr_line' id='line_1_62' title="bbox 411 3283 1973 3360; baseline 0.009 -26"><span class='ocrx_word' id='word_1_465' title='bbox 411 3283 551 3336; x_wconf 82' lang='lat' dir='ltr'><strong>modi</strong></span> <span class='ocrx_word' id='word_1_466' title='bbox 581 3285 922 3352; x_wconf 87' lang='lat' dir='ltr'><strong>concupiscat</strong></span> <span class='ocrx_word' id='word_1_467' title='bbox 948 3298 1215 3342; x_wconf 84' lang='lat' dir='ltr'><strong>ornatum.</strong></span> <span class='ocrx_word' id='word_1_468' title='bbox 1266 3289 1416 3344; x_wconf 80' lang='lat' dir='ltr'><strong>Dicat</strong></span> <span class='ocrx_word' id='word_1_469' title='bbox 1460 3291 1549 3344; x_wconf 87' lang='lat' dir='ltr'><strong>tibi</strong></span> <span class='ocrx_word' id='word_1_470' title='bbox 1589 3291 1704 3360; x_wconf 87' lang='lat' dir='ltr'><strong>ejus</strong></span> <span class='ocrx_word' id='word_1_471' title='bbox 1734 3293 1973 3359; x_wconf 72' lang='lat' dir='ltr'><strong>familia-</strong></span> 
     </span>
    </p>
   </div>
   <div class='ocr_carea' id='block_1_63' title="bbox 409 3375 1970 3452">
    <p class='ocr_par' dir='ltr' id='par_1_63' title="bbox 409 3375 1970 3452">
     <span class='ocr_line' id='line_1_63' title="bbox 409 3375 1970 3452; baseline 0.007 -24"><span class='ocrx_word' id='word_1_472' title='bbox 409 3375 653 3429; x_wconf 87' lang='lat' dir='ltr'><strong>rissimus</strong></span> <span class='ocrx_word' id='word_1_473' title='bbox 683 3375 899 3440; x_wconf 78' lang='lat' dir='ltr'><strong>Petrus,</strong></span> <span class='ocrx_word' id='word_1_474' title='bbox 943 3379 1031 3448; x_wconf 91' lang='lat' dir='ltr'><strong>qui</strong></span> <span class='ocrx_word' id='word_1_475' title='bbox 1076 3395 1142 3434; x_wconf 91' lang='lat' dir='ltr'><strong>ne</strong></span> <span class='ocrx_word' id='word_1_476' title='bbox 1182 3383 1360 3450; x_wconf 86' lang='lat' dir='ltr'><strong>nuptis</strong></span> <span class='ocrx_word' id='word_1_477' title='bbox 1387 3382 1601 3451; x_wconf 89' lang='lat' dir='ltr'><strong>quidem</strong></span> <span class='ocrx_word' id='word_1_478' title='bbox 1642 3386 1970 3452; x_wconf 84' lang='lat' dir='ltr'><strong>corporalem</strong></span> 
     </span>
    </p>
   </div>
   <div class='ocr_carea' id='block_1_64' title="bbox 408 3465 1969 3542">
    <p class='ocr_par' dir='ltr' id='par_1_64' title="bbox 408 3465 1969 3542">
     <span class='ocr_line' id='line_1_64' title="bbox 408 3465 1969 3542; baseline 0.008 -27"><span class='ocrx_word' id='word_1_479' title='bbox 408 3465 666 3529; x_wconf 85' lang='lat' dir='ltr'><strong>permittit</strong></span> <span class='ocrx_word' id='word_1_480' title='bbox 701 3477 981 3535; x_wconf 84' lang='lat' dir='ltr'><strong>ornatum,</strong></span> <span class='ocrx_word' id='word_1_481' title='bbox 1029 3471 1166 3523; x_wconf 89' lang='lat' dir='ltr'><strong>sicut</strong></span> <span class='ocrx_word' id='word_1_482' title='bbox 1211 3470 1264 3524; x_wconf 94' lang='lat' dir='ltr'><strong>in</strong></span> <span class='ocrx_word' id='word_1_483' title='bbox 1312 3472 1534 3540; x_wconf 89' lang='lat' dir='ltr'><strong>epistola</strong></span> <span class='ocrx_word' id='word_1_484' title='bbox 1581 3489 1675 3528; x_wconf 86' lang='lat' dir='ltr'><strong>sua</strong></span> <span class='ocrx_word' id='word_1_485' title='bbox 1720 3475 1969 3542; x_wconf 80' lang='lat' dir='ltr'><strong>scripsit:</strong></span> 
     </span>
    </p>
   </div>
   <div class='ocr_carea' id='block_1_65' title="bbox 411 3554 1972 3630">
    <p class='ocr_par' dir='ltr' id='par_1_65' title="bbox 411 3554 1972 3630">
     <span class='ocr_line' id='line_1_65' title="bbox 411 3554 1972 3630; baseline 0.009 -25"><span class='ocrx_word' id='word_1_486' title='bbox 411 3554 651 3608; x_wconf 72' lang='lat' dir='ltr'><strong>Mulieres</strong></span> <span class='ocrx_word' id='word_1_487' title='bbox 689 3557 924 3611; x_wconf 85' lang='lat' dir='ltr'><strong>similiter</strong></span> <span class='ocrx_word' id='word_1_488' title='bbox 953 3559 1192 3630; x_wconf 81' lang='lat' dir='ltr'><strong>subjecta:</strong></span> <span class='ocrx_word' id='word_1_489' title='bbox 1233 3561 1352 3616; x_wconf 75' lang='lat' dir='ltr'><strong>viris</strong></span> <span class='ocrx_word' id='word_1_490' title='bbox 1393 3564 1528 3627; x_wconf 82' lang='lat' dir='ltr'><strong>suis,</strong></span> <span class='ocrx_word' id='word_1_491' title='bbox 1573 3576 1627 3618; x_wconf 86' lang='lat' dir='ltr'><strong>ut</strong></span> <span class='ocrx_word' id='word_1_492' title='bbox 1662 3567 1708 3618; x_wconf 86' lang='lat' dir='ltr'><strong>si</strong></span> <span class='ocrx_word' id='word_1_493' title='bbox 1745 3566 1832 3627; x_wconf 86' lang='lat' dir='ltr'><strong>qui</strong></span> <span class='ocrx_word' id='word_1_494' title='bbox 1871 3583 1972 3618; x_wconf 85' lang='lat' dir='ltr'><strong>non</strong></span> 
     </span>
    </p>
   </div>
   <div class='ocr_carea' id='block_1_66' title="bbox 408 3647 1974 3719">
    <p class='ocr_par' dir='ltr' id='par_1_66' title="bbox 408 3647 1974 3719">
     <span class='ocr_line' id='line_1_66' title="bbox 408 3647 1974 3719; baseline 0.007 -19"><span class='ocrx_word' id='word_1_495' title='bbox 408 3647 617 3700; x_wconf 80' lang='lat' dir='ltr'><strong>credunt</strong></span> <span class='ocrx_word' id='word_1_496' title='bbox 644 3650 811 3713; x_wconf 76' lang='lat' dir='ltr'><strong>verba,</strong></span> <span class='ocrx_word' id='word_1_497' title='bbox 840 3666 930 3719; x_wconf 84' lang='lat' dir='ltr'><strong>per</strong></span> <span class='ocrx_word' id='word_1_498' title='bbox 955 3652 1217 3706; x_wconf 79' lang='lat' dir='ltr'><strong>mulierum</strong></span> <span class='ocrx_word' id='word_1_499' title='bbox 1245 3657 1668 3709; x_wconf 84' lang='lat' dir='ltr'><strong>com-ersotionem</strong></span> <span class='ocrx_word' id='word_1_500' title='bbox 1695 3658 1801 3711; x_wconf 89' lang='lat' dir='ltr'><strong>sinc</strong></span> <span class='ocrx_word' id='word_1_501' title='bbox 1829 3659 1974 3711; x_wconf 74' lang='lat' dir='ltr'><strong>verba</strong></span> 
     </span>
    </p>
   </div>
   <div class='ocr_carea' id='block_1_67' title="bbox 407 3738 1972 3805">
    <p class='ocr_par' dir='ltr' id='par_1_67' title="bbox 407 3738 1972 3805">
     <span class='ocr_line' id='line_1_67' title="bbox 407 3738 1972 3805; baseline 0.007 -16"><span class='ocrx_word' id='word_1_502' title='bbox 407 3738 662 3805; x_wconf 76' lang='lat' dir='ltr'><strong>lucri/iant</strong></span> <span class='ocrx_word' id='word_1_503' title='bbox 684 3754 703 3792; x_wconf 89' lang='lat'><strong>:</strong></span> <span class='ocrx_word' id='word_1_504' title='bbox 732 3743 1109 3795; x_wconf 82' lang='lat' dir='ltr'><strong>considerantes</strong></span> <span class='ocrx_word' id='word_1_505' title='bbox 1145 3745 1197 3796; x_wconf 88' lang='lat' dir='ltr'><strong>in</strong></span> <span class='ocrx_word' id='word_1_506' title='bbox 1223 3745 1400 3798; x_wconf 88' lang='lat' dir='ltr'><strong>timore</strong></span> <span class='ocrx_word' id='word_1_507' title='bbox 1425 3744 1520 3798; x_wconf 89' lang='lat' dir='ltr'><strong>Dei</strong></span> <span class='ocrx_word' id='word_1_508' title='bbox 1545 3756 1734 3800; x_wconf 77' lang='lat' dir='ltr'><strong>castam</strong></span> <span class='ocrx_word' id='word_1_509' title='bbox 1763 3763 1972 3802; x_wconf 78' lang='lat' dir='ltr'><strong>concer-</strong></span> 
     </span>
    </p>
   </div>
   <div class='ocr_carea' id='block_1_68' title="bbox 405 3831 1974 3908">
    <p class='ocr_par' dir='ltr' id='par_1_68' title="bbox 405 3831 1974 3908">
     <span class='ocr_line' id='line_1_68' title="bbox 405 3831 1974 3908; baseline 0.006 -26"><span class='ocrx_word' id='word_1_510' title='bbox 405 3831 653 3882; x_wconf 69' lang='lat' dir='ltr'><strong>safionern</strong></span> <span class='ocrx_word' id='word_1_511' title='bbox 679 3842 912 3897; x_wconf 73' lang='lat' dir='ltr'><strong>vestram,</strong></span> <span class='ocrx_word' id='word_1_512' title='bbox 947 3849 1162 3900; x_wconf 78' lang='lat' dir='ltr'><strong>quorum</strong></span> <span class='ocrx_word' id='word_1_513' title='bbox 1193 3835 1258 3887; x_wconf 86' lang='lat' dir='ltr'><strong>sit</strong></span> <span class='ocrx_word' id='word_1_514' title='bbox 1291 3851 1390 3888; x_wconf 88' lang='lat' dir='ltr'><strong>non</strong></span> <span class='ocrx_word' id='word_1_515' title='bbox 1418 3838 1727 3891; x_wconf 76' lang='lat' dir='ltr'><strong>extrinsecus</strong></span> <span class='ocrx_word' id='word_1_516' title='bbox 1760 3839 1974 3908; x_wconf 83' lang='lat' dir='ltr'><strong>capil&#39;a-</strong></span> 
     </span>
    </p>
   </div>
   <div class='ocr_carea' id='block_1_69' title="bbox 409 3921 1976 3985">
    <p class='ocr_par' dir='ltr' id='par_1_69' title="bbox 409 3921 1976 3985">
     <span class='ocr_line' id='line_1_69' title="bbox 409 3921 1976 3985; baseline 0.008 -17"><span class='ocrx_word' id='word_1_517' title='bbox 409 3931 548 3983; x_wconf 78' lang='lat' dir='ltr'><strong>tura,</strong></span> <span class='ocrx_word' id='word_1_518' title='bbox 585 3930 670 3973; x_wconf 87' lang='lat' dir='ltr'><strong>astt</strong></span> <span class='ocrx_word' id='word_1_519' title='bbox 708 3921 1038 3975; x_wconf 83' lang='lat' dir='ltr'><strong>circumdatio</strong></span> <span class='ocrx_word' id='word_1_520' title='bbox 1067 3924 1204 3985; x_wconf 84' lang='lat' dir='ltr'><strong>auri,</strong></span> <span class='ocrx_word' id='word_1_521' title='bbox 1250 3933 1338 3976; x_wconf 85' lang='lat' dir='ltr'><strong>aut</strong></span> <span class='ocrx_word' id='word_1_522' title='bbox 1382 3926 1666 3980; x_wconf 81' lang='lat' dir='ltr'><strong>indumenti</strong></span> <span class='ocrx_word' id='word_1_523' title='bbox 1707 3929 1976 3982; x_wconf 76' lang='lat' dir='ltr'><strong>vestimen-</strong></span> 
     </span>
    </p>
   </div>
   <div class='ocr_carea' id='block_1_70' title="bbox 411 4013 1974 4082">
    <p class='ocr_par' dir='ltr' id='par_1_70' title="bbox 411 4013 1974 4082">
     <span class='ocr_line' id='line_1_70' title="bbox 411 4013 1974 4082; baseline 0.006 -21"><span class='ocrx_word' id='word_1_524' title='bbox 411 4025 574 4062; x_wconf 75' lang='lat' dir='ltr'><strong>torum</strong></span> <span class='ocrx_word' id='word_1_525' title='bbox 599 4013 796 4073; x_wconf 85' lang='lat' dir='ltr'><strong>cultus;</strong></span> <span class='ocrx_word' id='word_1_526' title='bbox 835 4015 924 4066; x_wconf 75' lang='lat' dir='ltr'><strong>red</strong></span> <span class='ocrx_word' id='word_1_527' title='bbox 951 4017 1036 4082; x_wconf 80' lang='lat' dir='ltr'><strong>qui</strong></span> <span class='ocrx_word' id='word_1_528' title='bbox 1074 4016 1343 4068; x_wconf 81' lang='lat' dir='ltr'><strong>absconsus</strong></span> <span class='ocrx_word' id='word_1_529' title='bbox 1384 4017 1552 4070; x_wconf 86' lang='lat' dir='ltr'><strong>cordis</strong></span> <span class='ocrx_word' id='word_1_530' title='bbox 1589 4026 1660 4070; x_wconf 88' lang='lat' dir='ltr'><strong>est</strong></span> <span class='ocrx_word' id='word_1_531' title='bbox 1697 4018 1877 4081; x_wconf 83' lang='lat' dir='ltr'><strong>homo,</strong></span> <span class='ocrx_word' id='word_1_532' title='bbox 1921 4018 1974 4072; x_wconf 87' lang='lat' dir='ltr'><strong>in</strong></span> 
     </span>
    </p>
   </div>
   <div class='ocr_carea' id='block_1_71' title="bbox 399 4096 1970 4174">
    <p class='ocr_par' dir='ltr' id='par_1_71' title="bbox 399 4096 1970 4174">
     <span class='ocr_line' id='line_1_71' title="bbox 399 4096 1970 4174; baseline 0.009 -28"><span class='ocrx_word' id='word_1_533' title='bbox 399 4096 878 4166; x_wconf 74' lang='lat' dir='ltr'><strong>ancorruptibrlitate</strong></span> <span class='ocrx_word' id='word_1_534' title='bbox 899 4118 964 4166; x_wconf 83' lang='lat' dir='ltr'><strong>qu</strong></span> <span class='ocrx_word' id='word_1_535' title='bbox 987 4108 1051 4154; x_wconf 74' lang='lat' dir='ltr'><strong>eri</strong></span> <span class='ocrx_word' id='word_1_536' title='bbox 1081 4112 1124 4154; x_wconf 75' lang='lat' dir='ltr'><strong>et</strong></span> <span class='ocrx_word' id='word_1_537' title='bbox 1157 4103 1364 4155; x_wconf 75' lang='lat' dir='ltr'><strong>modesti</strong></span> <span class='ocrx_word' id='word_1_538' title='bbox 1388 4105 1623 4172; x_wconf 86' lang='lat' dir='ltr'><strong>spiritus,</strong></span> <span class='ocrx_word' id='word_1_539' title='bbox 1653 4108 1789 4174; x_wconf 85' lang='lat' dir='ltr'><strong>quod</strong></span> <span class='ocrx_word' id='word_1_540' title='bbox 1817 4116 1890 4160; x_wconf 85' lang='lat' dir='ltr'><strong>est</strong></span> <span class='ocrx_word' id='word_1_541' title='bbox 1919 4109 1970 4160; x_wconf 88' lang='lat' dir='ltr'><strong>in</strong></span> 
     </span>
    </p>
   </div>
   <div class='ocr_carea' id='block_1_72' title="bbox 407 4183 1974 4264">
    <p class='ocr_par' dir='ltr' id='par_1_72' title="bbox 407 4183 1974 4264">
     <span class='ocr_line' id='line_1_72' title="bbox 407 4183 1974 4264; baseline 0.01 -28"><span class='ocrx_word' id='word_1_542' title='bbox 407 4196 676 4254; x_wconf 80' lang='lat' dir='ltr'><strong>conspectu</strong></span> <span class='ocrx_word' id='word_1_543' title='bbox 703 4183 799 4240; x_wconf 85' lang='lat' dir='ltr'><strong>Dei</strong></span> <span class='ocrx_word' id='word_1_544' title='bbox 828 4185 1052 4256; x_wconf 76' lang='lat' dir='ltr'><strong>locuples</strong></span> <span class='ocrx_word' id='word_1_545' title='bbox 1075 4191 1119 4258; x_wconf 86' lang='grc' dir='ltr'>(Ι</span> <span class='ocrx_word' id='word_1_546' title='bbox 1150 4191 1290 4245; x_wconf 84' lang='lat' dir='ltr'><strong>Petr.</strong></span> <span class='ocrx_word' id='word_1_547' title='bbox 1325 4208 1411 4258; x_wconf 85' lang='grc' dir='ltr'>ιιι,</span> <span class='ocrx_word' id='word_1_548' title='bbox 1451 4196 1473 4247; x_wconf 82' lang='grc'><strong>1</strong></span> <span class='ocrx_word' id='word_1_549' title='bbox 1510 4195 1690 4264; x_wconf 82' lang='lat' dir='ltr'><strong>seqq.).</strong></span> <span class='ocrx_word' id='word_1_550' title='bbox 1735 4196 1884 4250; x_wconf 89' lang='lat' dir='ltr'><strong>Dicat</strong></span> <span class='ocrx_word' id='word_1_551' title='bbox 1921 4205 1974 4251; x_wconf 86' lang='lat' dir='ltr'><strong>et</strong></span> 
     </span>
    </p>
   </div>
   <div class='ocr_carea' id='block_1_73' title="bbox 410 4275 1972 4350">
    <p class='ocr_par' dir='ltr' id='par_1_73' title="bbox 410 4275 1972 4350">
     <span class='ocr_line' id='line_1_73' title="bbox 410 4275 1972 4350; baseline 0.007 -22"><span class='ocrx_word' id='word_1_552' title='bbox 410 4275 548 4330; x_wconf 89' lang='lat' dir='ltr'><strong>alius</strong></span> <span class='ocrx_word' id='word_1_553' title='bbox 589 4276 861 4344; x_wconf 84' lang='lat' dir='ltr'><strong>apostolus</strong></span> <span class='ocrx_word' id='word_1_554' title='bbox 903 4278 1088 4335; x_wconf 85' lang='lat' dir='ltr'><strong>beatus</strong></span> <span class='ocrx_word' id='word_1_555' title='bbox 1118 4279 1345 4350; x_wconf 89' lang='lat' dir='ltr'><strong>Paulus,</strong></span> <span class='ocrx_word' id='word_1_556' title='bbox 1392 4283 1483 4350; x_wconf 92' lang='lat' dir='ltr'><strong>qui</strong></span> <span class='ocrx_word' id='word_1_557' title='bbox 1527 4284 1593 4337; x_wconf 88' lang='lat' dir='ltr'><strong>ad</strong></span> <span class='ocrx_word' id='word_1_558' title='bbox 1631 4284 1972 4340; x_wconf 87' lang='lat' dir='ltr'><strong>Timotheum</strong></span> 
     </span>
    </p>
   </div>
   <div class='ocr_carea' id='block_1_74' title="bbox 409 4365 1970 4436">
    <p class='ocr_par' dir='ltr' id='par_1_74' title="bbox 409 4365 1970 4436">
     <span class='ocr_line' id='line_1_74' title="bbox 409 4365 1970 4436; baseline 0.006 -16"><span class='ocrx_word' id='word_1_559' title='bbox 409 4365 644 4420; x_wconf 83' lang='lat' dir='ltr'><strong>scribens</strong></span> <span class='ocrx_word' id='word_1_560' title='bbox 682 4367 1022 4436; x_wconf 85' lang='lat' dir='ltr'><strong>episcopum,</strong></span> <span class='ocrx_word' id='word_1_561' title='bbox 1065 4369 1249 4424; x_wconf 84' lang='lat' dir='ltr'><strong>eadem</strong></span> <span class='ocrx_word' id='word_1_562' title='bbox 1289 4371 1356 4425; x_wconf 86' lang='lat' dir='ltr'><strong>de</strong></span> <span class='ocrx_word' id='word_1_563' title='bbox 1393 4371 1624 4428; x_wconf 80' lang='lat' dir='ltr'><strong>ﬁdelium</strong></span> <span class='ocrx_word' id='word_1_564' title='bbox 1657 4373 1970 4430; x_wconf 87' lang='lat' dir='ltr'><strong>feminarum</strong></span> 
     </span>
    </p>
   </div>
   <div class='ocr_carea' id='block_1_75' title="bbox 2078 3184 3646 3256">
    <p class='ocr_par' dir='ltr' id='par_1_75' title="bbox 2078 3184 3646 3256">
     <span class='ocr_line' id='line_1_75' title="bbox 2078 3184 3646 3256; baseline 0.002 -19"><span class='ocrx_word' id='word_1_565' title='bbox 2078 3195 2218 3239; x_wconf 87' lang='lat' dir='ltr'><strong>tanta</strong></span> <span class='ocrx_word' id='word_1_566' title='bbox 2244 3187 2496 3256; x_wconf 78' lang='lat' dir='ltr'><strong>gravitas,</strong></span> <span class='ocrx_word' id='word_1_567' title='bbox 2527 3184 2667 3240; x_wconf 73' lang='lat' dir='ltr'><strong>tanta</strong></span> <span class='ocrx_word' id='word_1_568' title='bbox 2699 3187 2984 3252; x_wconf 84' lang='lat' dir='ltr'><strong>modestia,</strong></span> <span class='ocrx_word' id='word_1_569' title='bbox 3031 3196 3088 3242; x_wconf 90' lang='lat' dir='ltr'><strong>ut</strong></span> <span class='ocrx_word' id='word_1_570' title='bbox 3132 3197 3448 3243; x_wconf 69' lang='lat' dir='ltr'><strong>cretetorum</strong></span> <span class='ocrx_word' id='word_1_571' title='bbox 3480 3187 3646 3243; x_wconf 90' lang='lat' dir='ltr'><strong>homi-</strong></span> 
     </span>
    </p>
   </div>
   <div class='ocr_carea' id='block_1_76' title="bbox 2077 3279 3643 3348">
    <p class='ocr_par' dir='ltr' id='par_1_76' title="bbox 2077 3279 3643 3348">
     <span class='ocr_line' id='line_1_76' title="bbox 2077 3279 3643 3348; baseline -0.001 -18"><span class='ocrx_word' id='word_1_572' title='bbox 2077 3293 2202 3330; x_wconf 92' lang='lat' dir='ltr'><strong>num</strong></span> <span class='ocrx_word' id='word_1_573' title='bbox 2250 3279 2408 3331; x_wconf 78' lang='lat' dir='ltr'><strong>rilnm</strong></span> <span class='ocrx_word' id='word_1_574' title='bbox 2457 3279 2650 3332; x_wconf 89' lang='lat' dir='ltr'><strong>intuitu</strong></span> <span class='ocrx_word' id='word_1_575' title='bbox 2689 3279 2932 3333; x_wconf 78' lang='lat' dir='ltr'><strong>humana:</strong></span> <span class='ocrx_word' id='word_1_576' title='bbox 2974 3279 3312 3348; x_wconf 87' lang='lat' dir='ltr'><strong>ingenuitatis</strong></span> <span class='ocrx_word' id='word_1_577' title='bbox 3348 3279 3643 3335; x_wconf 77' lang='lat' dir='ltr'><strong>excedant:</strong></span> 
     </span>
    </p>
   </div>
   <div class='ocr_carea' id='block_1_77' title="bbox 2076 3366 3644 3437">
    <p class='ocr_par' dir='ltr' id='par_1_77' title="bbox 2076 3366 3644 3437">
     <span class='ocr_line' id='line_1_77' title="bbox 2076 3366 3644 3437; baseline -0.001 -17"><span class='ocrx_word' id='word_1_578' title='bbox 2076 3375 2130 3420; x_wconf 92' lang='lat' dir='ltr'><strong>et</strong></span> <span class='ocrx_word' id='word_1_579' title='bbox 2175 3381 2242 3419; x_wconf 91' lang='lat' dir='ltr'><strong>ne</strong></span> <span class='ocrx_word' id='word_1_580' title='bbox 2289 3382 2446 3434; x_wconf 87' lang='lat' dir='ltr'><strong>quam</strong></span> <span class='ocrx_word' id='word_1_581' title='bbox 2495 3366 2734 3421; x_wconf 84' lang='lat' dir='ltr'><strong>honestis</strong></span> <span class='ocrx_word' id='word_1_582' title='bbox 2783 3369 3093 3435; x_wconf 90' lang='lat' dir='ltr'><strong>parentibus</strong></span> <span class='ocrx_word' id='word_1_583' title='bbox 3139 3367 3252 3422; x_wconf 89' lang='lat' dir='ltr'><strong>suis</strong></span> <span class='ocrx_word' id='word_1_584' title='bbox 3299 3384 3395 3436; x_wconf 89' lang='lat' dir='ltr'><strong>per</strong></span> <span class='ocrx_word' id='word_1_585' title='bbox 3441 3369 3644 3437; x_wconf 86' lang='lat' dir='ltr'><strong>lapsum</strong></span> 
     </span>
    </p>
   </div>
   <div class='ocr_carea' id='block_1_78' title="bbox 2076 3455 3648 3529">
    <p class='ocr_par' dir='ltr' id='par_1_78' title="bbox 2076 3455 3648 3529">
     <span class='ocr_line' id='line_1_78' title="bbox 2076 3455 3648 3529; baseline 0.003 -19"><span class='ocrx_word' id='word_1_586' title='bbox 2076 3471 2229 3510; x_wconf 91' lang='lat' dir='ltr'><strong>suum</strong></span> <span class='ocrx_word' id='word_1_587' title='bbox 2263 3455 2492 3511; x_wconf 76' lang='lat' dir='ltr'><strong>inlamia’:</strong></span> <span class='ocrx_word' id='word_1_588' title='bbox 2525 3458 2738 3512; x_wconf 88' lang='lat' dir='ltr'><strong>innrant</strong></span> <span class='ocrx_word' id='word_1_589' title='bbox 2767 3469 2968 3523; x_wconf 90' lang='lat' dir='ltr'><strong>notam,</strong></span> <span class='ocrx_word' id='word_1_590' title='bbox 3002 3461 3224 3514; x_wconf 90' lang='lat' dir='ltr'><strong>alteram</strong></span> <span class='ocrx_word' id='word_1_591' title='bbox 3260 3461 3359 3514; x_wconf 86' lang='lat' dir='ltr'><strong>sibi</strong></span> <span class='ocrx_word' id='word_1_592' title='bbox 3390 3460 3648 3529; x_wconf 80' lang='lat' dir='ltr'><strong>quodam-</strong></span> 
     </span>
    </p>
   </div>
   <div class='ocr_carea' id='block_1_79' title="bbox 2078 3548 3646 3605">
    <p class='ocr_par' dir='ltr' id='par_1_79' title="bbox 2078 3548 3646 3605">
     <span class='ocr_line' id='line_1_79' title="bbox 2078 3548 3646 3605; baseline 0.003 -5"><span class='ocrx_word' id='word_1_593' title='bbox 2078 3549 2237 3601; x_wconf 68' lang='lat' dir='ltr'><strong>tnudo</strong></span> <span class='ocrx_word' id='word_1_594' title='bbox 2267 3549 2405 3601; x_wconf 89' lang='lat' dir='ltr'><strong>inter</strong></span> <span class='ocrx_word' id='word_1_595' title='bbox 2433 3548 2678 3602; x_wconf 87' lang='lat' dir='ltr'><strong>homines</strong></span> <span class='ocrx_word' id='word_1_596' title='bbox 2725 3550 3126 3605; x_wconf 85' lang='lat' dir='ltr'><strong>consuetudinis</strong></span> <span class='ocrx_word' id='word_1_597' title='bbox 3173 3551 3422 3605; x_wconf 87' lang='lat' dir='ltr'><strong>studeant</strong></span> <span class='ocrx_word' id='word_1_598' title='bbox 3469 3550 3646 3605; x_wconf 81' lang='lat' dir='ltr'><strong>facere</strong></span> 
     </span>
    </p>
   </div>
   <div class='ocr_carea' id='block_1_80' title="bbox 2079 3637 3647 3710">
    <p class='ocr_par' dir='ltr' id='par_1_80' title="bbox 2079 3637 3647 3710">
     <span class='ocr_line' id='line_1_80' title="bbox 2079 3637 3647 3710; baseline 0.004 -21"><span class='ocrx_word' id='word_1_599' title='bbox 2079 3652 2342 3692; x_wconf 77' lang='lat' dir='ltr'><strong>naturam.</strong></span> <span class='ocrx_word' id='word_1_600' title='bbox 2388 3637 2454 3690; x_wconf 88' lang='lat' dir='ltr'><strong>Et</strong></span> <span class='ocrx_word' id='word_1_601' title='bbox 2485 3647 2538 3690; x_wconf 95' lang='lat' dir='ltr'><strong>tu</strong></span> <span class='ocrx_word' id='word_1_602' title='bbox 2568 3654 2694 3707; x_wconf 90' lang='lat' dir='ltr'><strong>ergo</strong></span> <span class='ocrx_word' id='word_1_603' title='bbox 2721 3641 2980 3708; x_wconf 72' lang='lat' dir='ltr'><strong>originem</strong></span> <span class='ocrx_word' id='word_1_604' title='bbox 3025 3652 3166 3694; x_wconf 88' lang='lat' dir='ltr'><strong>tuam</strong></span> <span class='ocrx_word' id='word_1_605' title='bbox 3198 3643 3438 3708; x_wconf 88' lang='lat' dir='ltr'><strong>respice,</strong></span> <span class='ocrx_word' id='word_1_606' title='bbox 3478 3657 3647 3710; x_wconf 86' lang='lat' dir='ltr'><strong>genus</strong></span> 
     </span>
    </p>
   </div>
   <div class='ocr_carea' id='block_1_81' title="bbox 2077 3727 3647 3796">
    <p class='ocr_par' dir='ltr' id='par_1_81' title="bbox 2077 3727 3647 3796">
     <span class='ocr_line' id='line_1_81' title="bbox 2077 3727 3647 3796; baseline 0.004 -17"><span class='ocrx_word' id='word_1_607' title='bbox 2077 3727 2302 3789; x_wconf 90' lang='lat' dir='ltr'><strong>intuere,</strong></span> <span class='ocrx_word' id='word_1_608' title='bbox 2332 3727 2552 3796; x_wconf 89' lang='lat' dir='ltr'><strong>gloriam</strong></span> <span class='ocrx_word' id='word_1_609' title='bbox 2592 3729 2886 3782; x_wconf 83' lang='lat' dir='ltr'><strong>nobilitatis</strong></span> <span class='ocrx_word' id='word_1_610' title='bbox 2917 3731 3174 3784; x_wconf 88' lang='lat' dir='ltr'><strong>adverte:</strong></span> <span class='ocrx_word' id='word_1_611' title='bbox 3208 3744 3434 3796; x_wconf 80' lang='lat' dir='ltr'><strong>agnosce</strong></span> <span class='ocrx_word' id='word_1_612' title='bbox 3464 3741 3514 3784; x_wconf 90' lang='lat' dir='ltr'><strong>te</strong></span> <span class='ocrx_word' id='word_1_613' title='bbox 3543 3748 3647 3785; x_wconf 87' lang='lat' dir='ltr'><strong>non</strong></span> 
     </span>
    </p>
   </div>
   <div class='ocr_carea' id='block_1_82' title="bbox 2077 3815 3648 3883">
    <p class='ocr_par' dir='ltr' id='par_1_82' title="bbox 2077 3815 3648 3883">
     <span class='ocr_line' id='line_1_82' title="bbox 2077 3815 3648 3883; baseline 0.003 -15"><span class='ocrx_word' id='word_1_614' title='bbox 2077 3815 2338 3883; x_wconf 88' lang='lat' dir='ltr'><strong>hominis,</strong></span> <span class='ocrx_word' id='word_1_615' title='bbox 2383 3816 2476 3871; x_wconf 85' lang='lat' dir='ltr'><strong>sed</strong></span> <span class='ocrx_word' id='word_1_616' title='bbox 2509 3816 2600 3872; x_wconf 91' lang='lat' dir='ltr'><strong>Dei</strong></span> <span class='ocrx_word' id='word_1_617' title='bbox 2630 3818 2791 3872; x_wconf 87' lang='lat' dir='ltr'><strong>filiam</strong></span> <span class='ocrx_word' id='word_1_618' title='bbox 2811 3861 2824 3879; x_wconf 91' lang='lat'><strong><em>.</em></strong></span> <span class='ocrx_word' id='word_1_619' title='bbox 2870 3829 2925 3874; x_wconf 92' lang='lat' dir='ltr'><strong>et</strong></span> <span class='ocrx_word' id='word_1_620' title='bbox 2953 3819 3147 3873; x_wconf 81' lang='lat' dir='ltr'><strong>divina:</strong></span> <span class='ocrx_word' id='word_1_621' title='bbox 3178 3819 3465 3874; x_wconf 69' lang='lat' dir='ltr'><strong>nativitatis</strong></span> <span class='ocrx_word' id='word_1_622' title='bbox 3496 3821 3648 3872; x_wconf 83' lang='lat' dir='ltr'><strong>nobi-</strong></span> 
     </span>
    </p>
   </div>
   <div class='ocr_carea' id='block_1_83' title="bbox 2077 3907 3649 3971">
    <p class='ocr_par' dir='ltr' id='par_1_83' title="bbox 2077 3907 3649 3971">
     <span class='ocr_line' id='line_1_83' title="bbox 2077 3907 3649 3971; baseline 0.001 -11"><span class='ocrx_word' id='word_1_623' title='bbox 2077 3908 2224 3961; x_wconf 82' lang='lat' dir='ltr'><strong>litate</strong></span> <span class='ocrx_word' id='word_1_624' title='bbox 2253 3907 2580 3961; x_wconf 86' lang='lat' dir='ltr'><strong>decoratam.</strong></span> <span class='ocrx_word' id='word_1_625' title='bbox 2640 3908 2714 3962; x_wconf 88' lang='lat' dir='ltr'><strong>Ita</strong></span> <span class='ocrx_word' id='word_1_626' title='bbox 2756 3919 2808 3963; x_wconf 91' lang='lat' dir='ltr'><strong>te</strong></span> <span class='ocrx_word' id='word_1_627' title='bbox 2848 3907 3062 3971; x_wconf 75' lang='lat' dir='ltr'><strong>exhibe,</strong></span> <span class='ocrx_word' id='word_1_628' title='bbox 3115 3915 3172 3962; x_wconf 89' lang='lat' dir='ltr'><strong>ut</strong></span> <span class='ocrx_word' id='word_1_629' title='bbox 3218 3908 3273 3962; x_wconf 94' lang='lat' dir='ltr'><strong>in</strong></span> <span class='ocrx_word' id='word_1_630' title='bbox 3321 3917 3373 3963; x_wconf 87' lang='lat' dir='ltr'><strong>te</strong></span> <span class='ocrx_word' id='word_1_631' title='bbox 3414 3909 3649 3963; x_wconf 68' lang='lat' dir='ltr'><strong>caelestis</strong></span> 
     </span>
    </p>
   </div>
   <div class='ocr_carea' id='block_1_84' title="bbox 2078 3998 3650 4067">
    <p class='ocr_par' dir='ltr' id='par_1_84' title="bbox 2078 3998 3650 4067">
     <span class='ocr_line' id='line_1_84' title="bbox 2078 3998 3650 4067; baseline 0.001 -17"><span class='ocrx_word' id='word_1_632' title='bbox 2078 3999 2322 4051; x_wconf 85' lang='lat' dir='ltr'><strong>ttatlvitas</strong></span> <span class='ocrx_word' id='word_1_633' title='bbox 2351 4006 2556 4064; x_wconf 86' lang='lat' dir='ltr'><strong>pareat,</strong></span> <span class='ocrx_word' id='word_1_634' title='bbox 2599 4008 2654 4052; x_wconf 90' lang='lat' dir='ltr'><strong>et</strong></span> <span class='ocrx_word' id='word_1_635' title='bbox 2697 3998 2995 4067; x_wconf 90' lang='lat' dir='ltr'><strong>ingenuitas</strong></span> <span class='ocrx_word' id='word_1_636' title='bbox 3025 3998 3205 4052; x_wconf 80' lang='lat' dir='ltr'><strong>divitia</strong></span> <span class='ocrx_word' id='word_1_637' title='bbox 3233 3999 3513 4052; x_wconf 73' lang='lat' dir='ltr'><strong>clareticat.</strong></span> <span class='ocrx_word' id='word_1_638' title='bbox 3565 4000 3650 4052; x_wconf 84' lang='lat' dir='ltr'><strong>Sit</strong></span> 
     </span>
    </p>
   </div>
   <div class='ocr_carea' id='block_1_85' title="bbox 2078 4086 3649 4158">
    <p class='ocr_par' dir='ltr' id='par_1_85' title="bbox 2078 4086 3649 4158">
     <span class='ocr_line' id='line_1_85' title="bbox 2078 4086 3649 4158; baseline 0.001 -18"><span class='ocrx_word' id='word_1_639' title='bbox 2078 4087 2128 4140; x_wconf 94' lang='lat' dir='ltr'><strong>in</strong></span> <span class='ocrx_word' id='word_1_640' title='bbox 2162 4097 2212 4141; x_wconf 92' lang='lat' dir='ltr'><strong>te</strong></span> <span class='ocrx_word' id='word_1_641' title='bbox 2240 4101 2372 4141; x_wconf 88' lang='lat' dir='ltr'><strong>nova</strong></span> <span class='ocrx_word' id='word_1_642' title='bbox 2399 4086 2659 4156; x_wconf 85' lang='lat' dir='ltr'><strong>gravitas,</strong></span> <span class='ocrx_word' id='word_1_643' title='bbox 2710 4087 2960 4142; x_wconf 90' lang='lat' dir='ltr'><strong>honestas</strong></span> <span class='ocrx_word' id='word_1_644' title='bbox 2987 4088 3340 4154; x_wconf 90' lang='lat' dir='ltr'><strong>admirabilis,</strong></span> <span class='ocrx_word' id='word_1_645' title='bbox 3389 4090 3649 4158; x_wconf 83' lang='lat' dir='ltr'><strong>stupenda</strong></span> 
     </span>
    </p>
   </div>
   <div class='ocr_carea' id='block_1_86' title="bbox 2075 4178 3647 4248">
    <p class='ocr_par' dir='ltr' id='par_1_86' title="bbox 2075 4178 3647 4248">
     <span class='ocr_line' id='line_1_86' title="bbox 2075 4178 3647 4248; baseline 0.001 -17"><span class='ocrx_word' id='word_1_646' title='bbox 2075 4179 2428 4245; x_wconf 76' lang='lat' dir='ltr'><strong>verecundia,</strong></span> <span class='ocrx_word' id='word_1_647' title='bbox 2476 4178 2607 4232; x_wconf 89' lang='lat' dir='ltr'><strong>mira</strong></span> <span class='ocrx_word' id='word_1_648' title='bbox 2640 4179 2921 4247; x_wconf 84' lang='lat' dir='ltr'><strong>patientia,</strong></span> <span class='ocrx_word' id='word_1_649' title='bbox 2954 4179 3230 4248; x_wconf 83' lang='lat' dir='ltr'><strong>virginalis</strong></span> <span class='ocrx_word' id='word_1_650' title='bbox 3272 4180 3544 4244; x_wconf 85' lang='lat' dir='ltr'><strong>incessus,</strong></span> <span class='ocrx_word' id='word_1_651' title='bbox 3592 4193 3647 4234; x_wconf 87' lang='lat' dir='ltr'><strong>et</strong></span> 
     </span>
    </p>
   </div>
   <div class='ocr_carea' id='block_1_87' title="bbox 2079 4268 3646 4337">
    <p class='ocr_par' dir='ltr' id='par_1_87' title="bbox 2079 4268 3646 4337">
     <span class='ocr_line' id='line_1_87' title="bbox 2079 4268 3646 4337; baseline 0.001 -18"><span class='ocrx_word' id='word_1_652' title='bbox 2079 4283 2221 4323; x_wconf 73' lang='lat' dir='ltr'><strong>vera:</strong></span> <span class='ocrx_word' id='word_1_653' title='bbox 2251 4268 2518 4337; x_wconf 81' lang='lat' dir='ltr'><strong>pudicitia:</strong></span> <span class='ocrx_word' id='word_1_654' title='bbox 2546 4269 2782 4333; x_wconf 86' lang='lat' dir='ltr'><strong>habitus,</strong></span> <span class='ocrx_word' id='word_1_655' title='bbox 2806 4278 2858 4322; x_wconf 89' lang='lat' dir='ltr'><strong>et</strong></span> <span class='ocrx_word' id='word_1_656' title='bbox 2888 4283 3066 4322; x_wconf 89' lang='lat' dir='ltr'><strong>sermo</strong></span> <span class='ocrx_word' id='word_1_657' title='bbox 3106 4283 3320 4336; x_wconf 90' lang='lat' dir='ltr'><strong>semper</strong></span> <span class='ocrx_word' id='word_1_658' title='bbox 3348 4268 3646 4330; x_wconf 89' lang='lat' dir='ltr'><strong>modestus,</strong></span> 
     </span>
    </p>
   </div>
   <div class='ocr_carea' id='block_1_88' title="bbox 2076 4355 3649 4427">
    <p class='ocr_par' dir='ltr' id='par_1_88' title="bbox 2076 4355 3649 4427">
     <span class='ocr_line' id='line_1_88' title="bbox 2076 4355 3649 4427; baseline -0.002 -13"><span class='ocrx_word' id='word_1_659' title='bbox 2076 4368 2127 4414; x_wconf 90' lang='lat' dir='ltr'><strong>et</strong></span> <span class='ocrx_word' id='word_1_660' title='bbox 2155 4374 2254 4414; x_wconf 93' lang='lat' dir='ltr'><strong>suo</strong></span> <span class='ocrx_word' id='word_1_661' title='bbox 2286 4360 2336 4412; x_wconf 91' lang='lat' dir='ltr'><strong>in</strong></span> <span class='ocrx_word' id='word_1_662' title='bbox 2366 4368 2608 4426; x_wconf 88' lang='lat' dir='ltr'><strong>tempore</strong></span> <span class='ocrx_word' id='word_1_663' title='bbox 2637 4357 3026 4426; x_wconf 87' lang='lat' dir='ltr'><strong>proferendus;</strong></span> <span class='ocrx_word' id='word_1_664' title='bbox 3065 4368 3122 4412; x_wconf 95' lang='lat' dir='ltr'><strong>ut</strong></span> <span class='ocrx_word' id='word_1_665' title='bbox 3151 4357 3390 4427; x_wconf 90' lang='lat' dir='ltr'><strong>quisquis</strong></span> <span class='ocrx_word' id='word_1_666' title='bbox 3422 4367 3472 4411; x_wconf 90' lang='lat' dir='ltr'><strong>te</strong></span> <span class='ocrx_word' id='word_1_667' title='bbox 3503 4355 3649 4411; x_wconf 89' lang='lat' dir='ltr'><strong>vide-</strong></span> 
     </span>
    </p>
   </div>
   <div class='ocr_carea' id='block_1_89' title="bbox 407 4445 1973 4524">
    <p class='ocr_par' dir='ltr' id='par_1_89' title="bbox 407 4455 1972 4524">
     <span class='ocr_line' id='line_1_89' title="bbox 407 4455 1972 4524; baseline 0.006 -16"><span class='ocrx_word' id='word_1_668' title='bbox 407 4455 685 4524; x_wconf 88' lang='lat' dir='ltr'><strong>disciplina</strong></span> <span class='ocrx_word' id='word_1_669' title='bbox 715 4464 972 4512; x_wconf 83' lang='lat' dir='ltr'><strong>testatur:</strong></span> <span class='ocrx_word' id='word_1_670' title='bbox 1003 4458 1237 4515; x_wconf 75' lang='lat' dir='ltr'><strong>Mulieres</strong></span> <span class='ocrx_word' id='word_1_671' title='bbox 1261 4461 1494 4516; x_wconf 77' lang='lat' dir='ltr'><strong>simi‘itcr</strong></span> <span class='ocrx_word' id='word_1_672' title='bbox 1513 4465 1566 4515; x_wconf 88' lang='lat' dir='ltr'><strong>in</strong></span> <span class='ocrx_word' id='word_1_673' title='bbox 1590 4462 1769 4516; x_wconf 84' lang='lat' dir='ltr'><strong>habitu</strong></span> <span class='ocrx_word' id='word_1_674' title='bbox 1794 4475 1972 4518; x_wconf 87' lang='lat' dir='ltr'><strong>ornato</strong></span> 
     </span>
    </p>
   </div>
   <div class='ocr_carea' id='block_1_90' title="bbox 2077 4445 3650 4524">
    <p class='ocr_par' dir='ltr' id='par_1_90' title="bbox 2083 4448 3650 4519">
     <span class='ocr_line' id='line_1_90' title="bbox 2083 4448 3650 4519; baseline -0.003 -12"><span class='ocrx_word' id='word_1_675' title='bbox 2083 4452 2171 4517; x_wconf 90' lang='lat' dir='ltr'><strong>rit,</strong></span> <span class='ocrx_word' id='word_1_676' title='bbox 2203 4451 2498 4504; x_wconf 91' lang='lat' dir='ltr'><strong>admiretur</strong></span> <span class='ocrx_word' id='word_1_677' title='bbox 2527 4459 2582 4504; x_wconf 88' lang='lat' dir='ltr'><strong>et</strong></span> <span class='ocrx_word' id='word_1_678' title='bbox 2607 4449 2750 4504; x_wconf 90' lang='lat' dir='ltr'><strong>dicat</strong></span> <span class='ocrx_word' id='word_1_679' title='bbox 2776 4468 2788 4502; x_wconf 89' lang='lat'><strong>:</strong></span> <span class='ocrx_word' id='word_1_680' title='bbox 2820 4465 2940 4519; x_wconf 66' lang='lat' dir='ltr'><strong>quae</strong></span> <span class='ocrx_word' id='word_1_681' title='bbox 2980 4451 3093 4504; x_wconf 61' lang='lat' dir='ltr'><strong>hate</strong></span> <span class='ocrx_word' id='word_1_682' title='bbox 3133 4464 3284 4505; x_wconf 74' lang='lat' dir='ltr'><strong>nova:</strong></span> <span class='ocrx_word' id='word_1_683' title='bbox 3315 4449 3455 4504; x_wconf 87' lang='lat' dir='ltr'><strong>inter</strong></span> <span class='ocrx_word' id='word_1_684' title='bbox 3477 4448 3650 4504; x_wconf 84' lang='lat' dir='ltr'><strong>homi-</strong></span> 
     </span>
    </p>
   </div>
   <div class='ocr_carea' id='block_1_91' title="bbox 411 4549 1972 4616">
    <p class='ocr_par' dir='ltr' id='par_1_91' title="bbox 411 4549 1972 4616">
     <span class='ocr_line' id='line_1_91' title="bbox 411 4549 1972 4616; baseline 0.008 -20"><span class='ocrx_word' id='word_1_685' title='bbox 411 4561 523 4597; x_wconf 73' lang='lat' dir='ltr'><strong>eum</strong></span> <span class='ocrx_word' id='word_1_686' title='bbox 551 4549 849 4600; x_wconf 76' lang='lat' dir='ltr'><strong>uerecundia</strong></span> <span class='ocrx_word' id='word_1_687' title='bbox 877 4557 926 4602; x_wconf 85' lang='lat' dir='ltr'><strong>et</strong></span> <span class='ocrx_word' id='word_1_688' title='bbox 954 4550 1223 4605; x_wconf 83' lang='lat' dir='ltr'><strong>sobrietate</strong></span> <span class='ocrx_word' id='word_1_689' title='bbox 1247 4561 1484 4607; x_wconf 81' lang='lat' dir='ltr'><strong>ornantes</strong></span> <span class='ocrx_word' id='word_1_690' title='bbox 1512 4569 1595 4616; x_wconf 87' lang='lat' dir='ltr'><strong>se,</strong></span> <span class='ocrx_word' id='word_1_691' title='bbox 1635 4570 1736 4608; x_wconf 86' lang='lat' dir='ltr'><strong>non</strong></span> <span class='ocrx_word' id='word_1_692' title='bbox 1771 4555 1972 4608; x_wconf 83' lang='lat' dir='ltr'><strong>intortis</strong></span> 
     </span>
    </p>
   </div>
   <div class='ocr_carea' id='block_1_92' title="bbox 407 4634 1972 4712">
    <p class='ocr_par' dir='ltr' id='par_1_92' title="bbox 407 4634 1972 4712">
     <span class='ocr_line' id='line_1_92' title="bbox 407 4634 1972 4712; baseline 0.006 -26"><span class='ocrx_word' id='word_1_693' title='bbox 407 4634 648 4698; x_wconf 74' lang='lat' dir='ltr'><strong>crinibus,</strong></span> <span class='ocrx_word' id='word_1_694' title='bbox 684 4644 774 4687; x_wconf 86' lang='lat' dir='ltr'><strong>aut</strong></span> <span class='ocrx_word' id='word_1_695' title='bbox 807 4652 952 4702; x_wconf 87' lang='lat' dir='ltr'><strong>auro,</strong></span> <span class='ocrx_word' id='word_1_696' title='bbox 981 4648 1070 4691; x_wconf 79' lang='lat' dir='ltr'><strong>aut</strong></span> <span class='ocrx_word' id='word_1_697' title='bbox 1099 4641 1412 4709; x_wconf 76' lang='lat' dir='ltr'><strong>margaritis,</strong></span> <span class='ocrx_word' id='word_1_698' title='bbox 1443 4651 1529 4694; x_wconf 89' lang='lat' dir='ltr'><strong>aut</strong></span> <span class='ocrx_word' id='word_1_699' title='bbox 1557 4651 1688 4696; x_wconf 87' lang='lat' dir='ltr'><strong>veste</strong></span> <span class='ocrx_word' id='word_1_700' title='bbox 1715 4643 1936 4712; x_wconf 82' lang='lat' dir='ltr'><strong>pretiosa</strong></span> <span class='ocrx_word' id='word_1_701' title='bbox 1953 4659 1972 4707; x_wconf 84' lang='lat'><strong>,°</strong></span> 
     </span>
    </p>
   </div>
   <div class='ocr_carea' id='block_1_93' title="bbox 406 4728 1976 4804">
    <p class='ocr_par' dir='ltr' id='par_1_93' title="bbox 406 4728 1976 4804">
     <span class='ocr_line' id='line_1_93' title="bbox 406 4728 1976 4804; baseline 0.005 -26"><span class='ocrx_word' id='word_1_702' title='bbox 406 4728 498 4778; x_wconf 79' lang='lat' dir='ltr'><strong>sed</strong></span> <span class='ocrx_word' id='word_1_703' title='bbox 535 4730 669 4797; x_wconf 75' lang='lat' dir='ltr'><strong>quod</strong></span> <span class='ocrx_word' id='word_1_704' title='bbox 707 4729 846 4782; x_wconf 87' lang='lat' dir='ltr'><strong>decet</strong></span> <span class='ocrx_word' id='word_1_705' title='bbox 880 4729 1120 4784; x_wconf 86' lang='lat' dir='ltr'><strong>mulieres</strong></span> <span class='ocrx_word' id='word_1_706' title='bbox 1167 4735 1511 4795; x_wconf 79' lang='lat' dir='ltr'><strong>promittentes</strong></span> <span class='ocrx_word' id='word_1_707' title='bbox 1559 4733 1842 4787; x_wconf 88' lang='lat' dir='ltr'><strong>castita&#39;em</strong></span> <span class='ocrx_word' id='word_1_708' title='bbox 1885 4750 1976 4804; x_wconf 77' lang='lat' dir='ltr'><strong>per</strong></span> 
     </span>
    </p>
   </div>
   <div class='ocr_carea' id='block_1_94' title="bbox 409 4817 1446 4892">
    <p class='ocr_par' dir='ltr' id='par_1_94' title="bbox 409 4817 1446 4892">
     <span class='ocr_line' id='line_1_94' title="bbox 409 4817 1446 4892; baseline 0.01 -25"><span class='ocrx_word' id='word_1_709' title='bbox 409 4817 591 4869; x_wconf 75' lang='lat' dir='ltr'><strong>bonam</strong></span> <span class='ocrx_word' id='word_1_710' title='bbox 617 4819 1042 4873; x_wconf 83' lang='lat' dir='ltr'><strong>conversationem</strong></span> <span class='ocrx_word' id='word_1_711' title='bbox 1066 4819 1104 4890; x_wconf 92' lang='grc' dir='ltr'>(Ι</span> <span class='ocrx_word' id='word_1_712' title='bbox 1129 4820 1262 4876; x_wconf 83' lang='lat' dir='ltr'><strong>Tim.</strong></span> <span class='ocrx_word' id='word_1_713' title='bbox 1287 4837 1342 4887; x_wconf 92' lang='lat' dir='ltr'><strong>tt,</strong></span> <span class='ocrx_word' id='word_1_714' title='bbox 1365 4822 1446 4892; x_wconf 86' lang='lat'><strong>9).</strong></span> 
     </span>
    </p>
   </div>
   <div class='ocr_carea' id='block_1_95' title="bbox 484 4906 1974 4981">
    <p class='ocr_par' dir='ltr' id='par_1_95' title="bbox 484 4906 1974 4981">
     <span class='ocr_line' id='line_1_95' title="bbox 484 4906 1974 4981; baseline 0.005 -22"><span class='ocrx_word' id='word_1_715' title='bbox 484 4906 567 4959; x_wconf 75' lang='grc'><strong>12.</strong></span> <span class='ocrx_word' id='word_1_716' title='bbox 608 4907 712 4962; x_wconf 90' lang='lat' dir='ltr'><strong>Sed</strong></span> <span class='ocrx_word' id='word_1_717' title='bbox 750 4908 970 4964; x_wconf 81' lang='lat' dir='ltr'><strong>forsitan</strong></span> <span class='ocrx_word' id='word_1_718' title='bbox 1007 4910 1176 4965; x_wconf 89' lang='lat' dir='ltr'><strong>dicis:</strong></span> <span class='ocrx_word' id='word_1_719' title='bbox 1221 4927 1318 4966; x_wconf 90' lang='lat' dir='ltr'><strong>cur</strong></span> <span class='ocrx_word' id='word_1_720' title='bbox 1356 4912 1468 4966; x_wconf 65' lang='lat' dir='ltr'><strong>haec</strong></span> <span class='ocrx_word' id='word_1_721' title='bbox 1510 4912 1700 4967; x_wconf 89' lang='lat' dir='ltr'><strong>iisdem</strong></span> <span class='ocrx_word' id='word_1_722' title='bbox 1744 4913 1974 4981; x_wconf 88' lang='lat' dir='ltr'><strong>apostoli</strong></span> 
     </span>
    </p>
   </div>
   <div class='ocr_carea' id='block_1_96' title="bbox 413 4997 1977 5072">
    <p class='ocr_par' dir='ltr' id='par_1_96' title="bbox 413 4997 1977 5072">
     <span class='ocr_line' id='line_1_96' title="bbox 413 4997 1977 5072; baseline 0.007 -27"><span class='ocrx_word' id='word_1_723' title='bbox 413 4997 704 5062; x_wconf 84' lang='lat' dir='ltr'><strong>virginibus</strong></span> <span class='ocrx_word' id='word_1_724' title='bbox 731 5014 836 5053; x_wconf 90' lang='lat' dir='ltr'><strong>non</strong></span> <span class='ocrx_word' id='word_1_725' title='bbox 859 4999 1175 5068; x_wconf 81' lang='lat' dir='ltr'><strong>jusserunt?</strong></span> <span class='ocrx_word' id='word_1_726' title='bbox 1204 5003 1336 5069; x_wconf 87' lang='lat' dir='ltr'><strong>Quia</strong></span> <span class='ocrx_word' id='word_1_727' title='bbox 1367 5017 1470 5056; x_wconf 85' lang='lat' dir='ltr'><strong>non</strong></span> <span class='ocrx_word' id='word_1_728' title='bbox 1500 5004 1861 5056; x_wconf 90' lang='lat' dir='ltr'><strong>necessarium</strong></span> <span class='ocrx_word' id='word_1_729' title='bbox 1888 5002 1977 5072; x_wconf 84' lang='lat' dir='ltr'><strong>ju-</strong></span> 
     </span>
    </p>
   </div>
   <div class='ocr_carea' id='block_1_97' title="bbox 408 5084 1979 5159">
    <p class='ocr_par' dir='ltr' id='par_1_97' title="bbox 408 5084 1979 5159">
     <span class='ocr_line' id='line_1_97' title="bbox 408 5084 1979 5159; baseline 0.005 -23"><span class='ocrx_word' id='word_1_730' title='bbox 408 5084 695 5140; x_wconf 89' lang='lat' dir='ltr'><strong>dicabant:</strong></span> <span class='ocrx_word' id='word_1_731' title='bbox 730 5101 800 5144; x_wconf 92' lang='lat' dir='ltr'><strong>ne</strong></span> <span class='ocrx_word' id='word_1_732' title='bbox 828 5088 947 5143; x_wconf 88' lang='lat' dir='ltr'><strong>talis</strong></span> <span class='ocrx_word' id='word_1_733' title='bbox 975 5091 1267 5157; x_wconf 81' lang='lat' dir='ltr'><strong>virginibus</strong></span> <span class='ocrx_word' id='word_1_734' title='bbox 1294 5090 1642 5144; x_wconf 87' lang='lat' dir='ltr'><strong>commonitio</strong></span> <span class='ocrx_word' id='word_1_735' title='bbox 1684 5091 1860 5159; x_wconf 84' lang='lat' dir='ltr'><strong>potius</strong></span> <span class='ocrx_word' id='word_1_736' title='bbox 1898 5091 1979 5144; x_wconf 88' lang='lat' dir='ltr'><strong>in-</strong></span> 
     </span>
    </p>
   </div>
   <div class='ocr_carea' id='block_1_98' title="bbox 404 5172 1976 5242">
    <p class='ocr_par' dir='ltr' id='par_1_98' title="bbox 404 5172 1976 5242">
     <span class='ocr_line' id='line_1_98' title="bbox 404 5172 1976 5242; baseline 0.004 -17"><span class='ocrx_word' id='word_1_737' title='bbox 404 5172 544 5241; x_wconf 83' lang='lat' dir='ltr'><strong>juria</strong></span> <span class='ocrx_word' id='word_1_738' title='bbox 574 5189 730 5242; x_wconf 89' lang='lat' dir='ltr'><strong>quam</strong></span> <span class='ocrx_word' id='word_1_739' title='bbox 768 5179 1070 5231; x_wconf 85' lang='lat' dir='ltr'><strong>emendatio</strong></span> <span class='ocrx_word' id='word_1_740' title='bbox 1115 5178 1401 5239; x_wconf 80' lang='lat' dir='ltr'><strong>videretur.</strong></span> <span class='ocrx_word' id='word_1_741' title='bbox 1456 5177 1564 5234; x_wconf 91' lang='lat' dir='ltr'><strong>Sed</strong></span> <span class='ocrx_word' id='word_1_742' title='bbox 1608 5194 1704 5234; x_wconf 86' lang='lat' dir='ltr'><strong>nec</strong></span> <span class='ocrx_word' id='word_1_743' title='bbox 1743 5194 1836 5233; x_wconf 90' lang='lat' dir='ltr'><strong>eas</strong></span> <span class='ocrx_word' id='word_1_744' title='bbox 1877 5195 1976 5232; x_wconf 86' lang='lat' dir='ltr'><strong>un-</strong></span> 
     </span>
    </p>
   </div>
   <div class='ocr_carea' id='block_1_99' title="bbox 408 5267 1975 5338">
    <p class='ocr_par' dir='ltr' id='par_1_99' title="bbox 408 5267 1975 5338">
     <span class='ocr_line' id='line_1_99' title="bbox 408 5267 1975 5338; baseline 0.007 -25"><span class='ocrx_word' id='word_1_745' title='bbox 408 5277 565 5330; x_wconf 88' lang='lat' dir='ltr'><strong>quam</strong></span> <span class='ocrx_word' id='word_1_746' title='bbox 591 5275 746 5318; x_wconf 77' lang='lat' dir='ltr'><strong>tanL-e</strong></span> <span class='ocrx_word' id='word_1_747' title='bbox 769 5268 1077 5321; x_wconf 84' lang='lat' dir='ltr'><strong>temeritatis</strong></span> <span class='ocrx_word' id='word_1_748' title='bbox 1100 5267 1212 5323; x_wconf 90' lang='lat' dir='ltr'><strong>fore</strong></span> <span class='ocrx_word' id='word_1_749' title='bbox 1231 5269 1604 5334; x_wconf 86' lang='lat' dir='ltr'><strong>credidissent,</strong></span> <span class='ocrx_word' id='word_1_750' title='bbox 1629 5279 1685 5324; x_wconf 89' lang='lat' dir='ltr'><strong>ut</strong></span> <span class='ocrx_word' id='word_1_751' title='bbox 1711 5286 1775 5323; x_wconf 90' lang='lat' dir='ltr'><strong>nc</strong></span> <span class='ocrx_word' id='word_1_752' title='bbox 1797 5273 1975 5338; x_wconf 91' lang='lat' dir='ltr'><strong>nuptis</strong></span> 
     </span>
    </p>
   </div>
   <div class='ocr_carea' id='block_1_100' title="bbox 407 5353 1975 5426">
    <p class='ocr_par' dir='ltr' id='par_1_100' title="bbox 407 5353 1975 5426">
     <span class='ocr_line' id='line_1_100' title="bbox 407 5353 1975 5426; baseline 0.003 -19"><span class='ocrx_word' id='word_1_753' title='bbox 407 5353 621 5420; x_wconf 84' lang='lat' dir='ltr'><strong>quidem</strong></span> <span class='ocrx_word' id='word_1_754' title='bbox 649 5371 897 5412; x_wconf 88' lang='lat' dir='ltr'><strong>concessa</strong></span> <span class='ocrx_word' id='word_1_755' title='bbox 923 5359 1160 5414; x_wconf 87' lang='lat' dir='ltr'><strong>carnalia</strong></span> <span class='ocrx_word' id='word_1_756' title='bbox 1183 5370 1495 5414; x_wconf 89' lang='lat' dir='ltr'><strong>ornamenta</strong></span> <span class='ocrx_word' id='word_1_757' title='bbox 1520 5368 1575 5413; x_wconf 92' lang='lat' dir='ltr'><strong>et</strong></span> <span class='ocrx_word' id='word_1_758' title='bbox 1603 5368 1812 5413; x_wconf 87' lang='lat' dir='ltr'><strong>terrena</strong></span> <span class='ocrx_word' id='word_1_759' title='bbox 1841 5373 1975 5426; x_wconf 79' lang='lat' dir='ltr'><strong>pra:-</strong></span> 
     </span>
    </p>
   </div>
   <div class='ocr_carea' id='block_1_101' title="bbox 405 5447 1974 5519">
    <p class='ocr_par' dir='ltr' id='par_1_101' title="bbox 405 5447 1974 5519">
     <span class='ocr_line' id='line_1_101' title="bbox 405 5447 1974 5519; baseline 0.005 -24"><span class='ocrx_word' id='word_1_760' title='bbox 405 5456 703 5500; x_wconf 86' lang='lat' dir='ltr'><strong>sumerent.</strong></span> <span class='ocrx_word' id='word_1_761' title='bbox 772 5447 973 5503; x_wconf 77' lang='lat' dir='ltr'><strong>Revera</strong></span> <span class='ocrx_word' id='word_1_762' title='bbox 1012 5465 1205 5505; x_wconf 89' lang='lat' dir='ltr'><strong>ornare</strong></span> <span class='ocrx_word' id='word_1_763' title='bbox 1247 5466 1307 5505; x_wconf 93' lang='lat' dir='ltr'><strong>se</strong></span> <span class='ocrx_word' id='word_1_764' title='bbox 1349 5460 1405 5505; x_wconf 89' lang='lat' dir='ltr'><strong>et</strong></span> <span class='ocrx_word' id='word_1_765' title='bbox 1447 5466 1771 5519; x_wconf 84' lang='lat' dir='ltr'><strong>componere</strong></span> <span class='ocrx_word' id='word_1_766' title='bbox 1809 5451 1974 5518; x_wconf 76' lang='lat' dir='ltr'><strong>Virgo</strong></span> 
     </span>
    </p>
   </div>
   <div class='ocr_carea' id='block_1_102' title="bbox 403 5533 1970 5609">
    <p class='ocr_par' dir='ltr' id='par_1_102' title="bbox 403 5533 1970 5609">
     <span class='ocr_line' id='line_1_102' title="bbox 403 5533 1970 5609; baseline 0.004 -23"><span class='ocrx_word' id='word_1_767' title='bbox 403 5533 604 5590; x_wconf 53' lang='lat' dir='ltr'><strong>debet:</strong></span> <span class='ocrx_word' id='word_1_768' title='bbox 643 5552 765 5590; x_wconf 81' lang='lat' dir='ltr'><strong>nam</strong></span> <span class='ocrx_word' id='word_1_769' title='bbox 804 5540 1072 5607; x_wconf 86' lang='lat' dir='ltr'><strong>quomodo</strong></span> <span class='ocrx_word' id='word_1_770' title='bbox 1113 5556 1312 5608; x_wconf 84' lang='lat' dir='ltr'><strong>sponso</strong></span> <span class='ocrx_word' id='word_1_771' title='bbox 1356 5556 1454 5594; x_wconf 91' lang='lat' dir='ltr'><strong>suo</strong></span> <span class='ocrx_word' id='word_1_772' title='bbox 1496 5542 1706 5609; x_wconf 89' lang='lat' dir='ltr'><strong>placere</strong></span> <span class='ocrx_word' id='word_1_773' title='bbox 1749 5543 1970 5608; x_wconf 90' lang='lat' dir='ltr'><strong>poterit,</strong></span> 
     </span>
    </p>
   </div>
   <div class='ocr_carea' id='block_1_103' title="bbox 404 5625 1969 5695">
    <p class='ocr_par' dir='ltr' id='par_1_103' title="bbox 404 5625 1969 5695">
     <span class='ocr_line' id='line_1_103' title="bbox 404 5625 1969 5695; baseline 0.003 -17"><span class='ocrx_word' id='word_1_774' title='bbox 404 5625 507 5678; x_wconf 75' lang='lat' dir='ltr'><strong>nisi</strong></span> <span class='ocrx_word' id='word_1_775' title='bbox 535 5630 823 5688; x_wconf 71' lang='lat' dir='ltr'><strong>Ctlll‘lDthlla</strong></span> <span class='ocrx_word' id='word_1_776' title='bbox 853 5638 907 5683; x_wconf 90' lang='lat' dir='ltr'><strong>et</strong></span> <span class='ocrx_word' id='word_1_777' title='bbox 937 5641 1120 5684; x_wconf 76' lang='lat' dir='ltr'><strong>ornata</strong></span> <span class='ocrx_word' id='word_1_778' title='bbox 1149 5631 1514 5692; x_wconf 82' lang='lat' dir='ltr'><strong>processerit?</strong></span> <span class='ocrx_word' id='word_1_779' title='bbox 1543 5639 1762 5684; x_wconf 85' lang='lat' dir='ltr'><strong>ornetur</strong></span> <span class='ocrx_word' id='word_1_780' title='bbox 1787 5631 1969 5695; x_wconf 88' lang='lat' dir='ltr'><strong>plane,</strong></span> 
     </span>
    </p>
   </div>
   <div class='ocr_carea' id='block_1_104' title="bbox 2083 4539 3653 4612">
    <p class='ocr_par' dir='ltr' id='par_1_104' title="bbox 2083 4539 3653 4612">
     <span class='ocr_line' id='line_1_104' title="bbox 2083 4539 3653 4612; baseline -0.005 -14"><span class='ocrx_word' id='word_1_781' title='bbox 2083 4557 2178 4599; x_wconf 92' lang='lat' dir='ltr'><strong>nes</strong></span> <span class='ocrx_word' id='word_1_782' title='bbox 2199 4542 2474 4612; x_wconf 86' lang='lat' dir='ltr'><strong>gravitatis</strong></span> <span class='ocrx_word' id='word_1_783' title='bbox 2497 4542 2746 4610; x_wconf 90' lang='lat' dir='ltr'><strong>patientia</strong></span> <span class='ocrx_word' id='word_1_784' title='bbox 2769 4542 2886 4594; x_wconf 81' lang='lat' dir='ltr'><strong>est?</strong></span> <span class='ocrx_word' id='word_1_785' title='bbox 2915 4543 3042 4608; x_wconf 74' lang='lat' dir='ltr'><strong>Qua:</strong></span> <span class='ocrx_word' id='word_1_786' title='bbox 3066 4541 3282 4610; x_wconf 89' lang='lat' dir='ltr'><strong>pudoris</strong></span> <span class='ocrx_word' id='word_1_787' title='bbox 3298 4539 3612 4594; x_wconf 87' lang='lat' dir='ltr'><strong>verecundia</strong></span> <span class='ocrx_word' id='word_1_788' title='bbox 3628 4539 3653 4590; x_wconf 84' lang='lat'><strong>?</strong></span> 
     </span>
    </p>
   </div>
   <div class='ocr_carea' id='block_1_105' title="bbox 2081 4629 3654 4700">
    <p class='ocr_par' dir='ltr' id='par_1_105' title="bbox 2081 4629 3654 4700">
     <span class='ocr_line' id='line_1_105' title="bbox 2081 4629 3654 4700; baseline -0.003 -13"><span class='ocrx_word' id='word_1_789' title='bbox 2081 4636 2210 4700; x_wconf 76' lang='lat' dir='ltr'><strong>Qua:</strong></span> <span class='ocrx_word' id='word_1_790' title='bbox 2237 4633 2536 4688; x_wconf 89' lang='lat' dir='ltr'><strong>honestatis</strong></span> <span class='ocrx_word' id='word_1_791' title='bbox 2562 4632 2817 4686; x_wconf 89' lang='lat' dir='ltr'><strong>modestia</strong></span> <span class='ocrx_word' id='word_1_792' title='bbox 2840 4631 2863 4685; x_wconf 87' lang='lat'><strong>?</strong></span> <span class='ocrx_word' id='word_1_793' title='bbox 2891 4632 3021 4698; x_wconf 70' lang='lat' dir='ltr'><strong>Qua:</strong></span> <span class='ocrx_word' id='word_1_794' title='bbox 3042 4631 3318 4686; x_wconf 89' lang='lat' dir='ltr'><strong>maturitas</strong></span> <span class='ocrx_word' id='word_1_795' title='bbox 3340 4630 3612 4698; x_wconf 68' lang='lat' dir='ltr'><strong>sapientiae</strong></span> <span class='ocrx_word' id='word_1_796' title='bbox 3627 4629 3654 4682; x_wconf 86' lang='lat' dir='ltr'><strong>‘l</strong></span> 
     </span>
    </p>
   </div>
   <div class='ocr_carea' id='block_1_106' title="bbox 2082 4715 3656 4792">
    <p class='ocr_par' dir='ltr' id='par_1_106' title="bbox 2082 4715 3656 4792">
     <span class='ocr_line' id='line_1_106' title="bbox 2082 4715 3656 4792; baseline -0.004 -13"><span class='ocrx_word' id='word_1_797' title='bbox 2082 4725 2196 4780; x_wconf 80' lang='lat' dir='ltr'><strong>Non</strong></span> <span class='ocrx_word' id='word_1_798' title='bbox 2227 4735 2308 4779; x_wconf 90' lang='lat' dir='ltr'><strong>est</strong></span> <span class='ocrx_word' id='word_1_799' title='bbox 2339 4726 2406 4778; x_wconf 84' lang='lat' dir='ltr'><strong>ita</strong></span> <span class='ocrx_word' id='word_1_800' title='bbox 2439 4725 2666 4778; x_wconf 88' lang='lat' dir='ltr'><strong>humana</strong></span> <span class='ocrx_word' id='word_1_801' title='bbox 2699 4715 2982 4788; x_wconf 87' lang='lat' dir='ltr'><strong>institutio,</strong></span> <span class='ocrx_word' id='word_1_802' title='bbox 3022 4737 3120 4778; x_wconf 89' lang='lat' dir='ltr'><strong>nec</strong></span> <span class='ocrx_word' id='word_1_803' title='bbox 3145 4721 3424 4792; x_wconf 86' lang='lat' dir='ltr'><strong>disciplina</strong></span> <span class='ocrx_word' id='word_1_804' title='bbox 3453 4727 3656 4774; x_wconf 79' lang='lat' dir='ltr'><strong>morta-</strong></span> 
     </span>
    </p>
   </div>
   <div class='ocr_carea' id='block_1_107' title="bbox 2085 4811 3650 4884">
    <p class='ocr_par' dir='ltr' id='par_1_107' title="bbox 2085 4811 3650 4884">
     <span class='ocr_line' id='line_1_107' title="bbox 2085 4811 3650 4884; baseline -0.004 -13"><span class='ocrx_word' id='word_1_805' title='bbox 2085 4818 2151 4871; x_wconf 72' lang='lat' dir='ltr'><strong>lis</strong></span> <span class='ocrx_word' id='word_1_806' title='bbox 2176 4834 2188 4868; x_wconf 88' lang='lat'><strong>:</strong></span> <span class='ocrx_word' id='word_1_807' title='bbox 2221 4817 2442 4871; x_wconf 68' lang='lat' dir='ltr'><strong>cmleste</strong></span> <span class='ocrx_word' id='word_1_808' title='bbox 2469 4816 2596 4870; x_wconf 90' lang='lat' dir='ltr'><strong>tnilti</strong></span> <span class='ocrx_word' id='word_1_809' title='bbox 2625 4815 2824 4884; x_wconf 90' lang='lat' dir='ltr'><strong>aliquid</strong></span> <span class='ocrx_word' id='word_1_810' title='bbox 2851 4814 2904 4868; x_wconf 93' lang='lat' dir='ltr'><strong>in</strong></span> <span class='ocrx_word' id='word_1_811' title='bbox 2930 4823 3144 4870; x_wconf 87' lang='lat' dir='ltr'><strong>terreno</strong></span> <span class='ocrx_word' id='word_1_812' title='bbox 3171 4827 3396 4884; x_wconf 89' lang='lat' dir='ltr'><strong>corpore</strong></span> <span class='ocrx_word' id='word_1_813' title='bbox 3425 4811 3650 4866; x_wconf 88' lang='lat' dir='ltr'><strong>redolet.</strong></span> 
     </span>
    </p>
   </div>
   <div class='ocr_carea' id='block_1_108' title="bbox 2085 4902 3648 4976">
    <p class='ocr_par' dir='ltr' id='par_1_108' title="bbox 2085 4902 3648 4976">
     <span class='ocr_line' id='line_1_108' title="bbox 2085 4902 3648 4976; baseline -0.004 -16"><span class='ocrx_word' id='word_1_814' title='bbox 2085 4906 2220 4960; x_wconf 85' lang='lat' dir='ltr'><strong>Puto</strong></span> <span class='ocrx_word' id='word_1_815' title='bbox 2260 4907 2398 4976; x_wconf 91' lang='lat' dir='ltr'><strong>quod</strong></span> <span class='ocrx_word' id='word_1_816' title='bbox 2445 4905 2648 4960; x_wconf 87' lang='lat' dir='ltr'><strong>habitet</strong></span> <span class='ocrx_word' id='word_1_817' title='bbox 2695 4907 2746 4960; x_wconf 90' lang='lat' dir='ltr'><strong>in</strong></span> <span class='ocrx_word' id='word_1_818' title='bbox 2792 4905 3108 4975; x_wconf 87' lang='lat' dir='ltr'><strong>quibusdam</strong></span> <span class='ocrx_word' id='word_1_819' title='bbox 3157 4903 3460 4959; x_wconf 87' lang='lat' dir='ltr'><strong>hominibus</strong></span> <span class='ocrx_word' id='word_1_820' title='bbox 3489 4902 3648 4956; x_wconf 71' lang='lat' dir='ltr'><strong>Deus.</strong></span> 
     </span>
    </p>
   </div>
   <div class='ocr_carea' id='block_1_109' title="bbox 2087 4993 3654 5063">
    <p class='ocr_par' dir='ltr' id='par_1_109' title="bbox 2087 4993 3654 5063">
     <span class='ocr_line' id='line_1_109' title="bbox 2087 4993 3654 5063; baseline -0.003 -12"><span class='ocrx_word' id='word_1_821' title='bbox 2087 4997 2152 5052; x_wconf 84' lang='lat' dir='ltr'><strong>Et</strong></span> <span class='ocrx_word' id='word_1_822' title='bbox 2179 5012 2298 5051; x_wconf 92' lang='lat' dir='ltr'><strong>cum</strong></span> <span class='ocrx_word' id='word_1_823' title='bbox 2333 5007 2384 5050; x_wconf 92' lang='lat' dir='ltr'><strong>te</strong></span> <span class='ocrx_word' id='word_1_824' title='bbox 2409 4997 2607 5050; x_wconf 87' lang='lat' dir='ltr'><strong>Christi</strong></span> <span class='ocrx_word' id='word_1_825' title='bbox 2637 4996 2888 5050; x_wconf 88' lang='lat' dir='ltr'><strong>famulam</strong></span> <span class='ocrx_word' id='word_1_826' title='bbox 2920 5009 3041 5051; x_wconf 86' lang='lat' dir='ltr'><strong>esse</strong></span> <span class='ocrx_word' id='word_1_827' title='bbox 3069 4996 3408 5063; x_wconf 81' lang='lat' dir='ltr'><strong>cognoverit,</strong></span> <span class='ocrx_word' id='word_1_828' title='bbox 3452 4993 3654 5062; x_wconf 85' lang='lat' dir='ltr'><strong>majore</strong></span> 
     </span>
    </p>
   </div>
   <div class='ocr_carea' id='block_1_110' title="bbox 2081 5084 3665 5158">
    <p class='ocr_par' dir='ltr' id='par_1_110' title="bbox 2081 5084 3665 5158">
     <span class='ocr_line' id='line_1_110' title="bbox 2081 5084 3665 5158; baseline -0.004 -15"><span class='ocrx_word' id='word_1_829' title='bbox 2081 5099 2301 5158; x_wconf 88' lang='lat' dir='ltr'><strong>stupore</strong></span> <span class='ocrx_word' id='word_1_830' title='bbox 2333 5089 2620 5152; x_wconf 88' lang='lat' dir='ltr'><strong>tenebitur,</strong></span> <span class='ocrx_word' id='word_1_831' title='bbox 2651 5097 2707 5142; x_wconf 90' lang='lat' dir='ltr'><strong>et</strong></span> <span class='ocrx_word' id='word_1_832' title='bbox 2734 5088 2988 5156; x_wconf 89' lang='lat' dir='ltr'><strong>cogitabit</strong></span> <span class='ocrx_word' id='word_1_833' title='bbox 3023 5086 3198 5156; x_wconf 86' lang='lat' dir='ltr'><strong>qualis</strong></span> <span class='ocrx_word' id='word_1_834' title='bbox 3243 5086 3333 5141; x_wconf 90' lang='lat' dir='ltr'><strong>ille</strong></span> <span class='ocrx_word' id='word_1_835' title='bbox 3373 5086 3444 5140; x_wconf 64' lang='lat' dir='ltr'><strong>sit</strong></span> <span class='ocrx_word' id='word_1_836' title='bbox 3472 5084 3665 5138; x_wconf 82' lang='lat' dir='ltr'><strong>Domi—-</strong></span> 
     </span>
    </p>
   </div>
   <div class='ocr_carea' id='block_1_111' title="bbox 2082 5177 2882 5245">
    <p class='ocr_par' dir='ltr' id='par_1_111' title="bbox 2082 5177 2882 5245">
     <span class='ocr_line' id='line_1_111' title="bbox 2082 5177 2882 5245; baseline -0.004 -14"><span class='ocrx_word' id='word_1_837' title='bbox 2082 5194 2202 5242; x_wconf 90' lang='lat' dir='ltr'><strong>nus,</strong></span> <span class='ocrx_word' id='word_1_838' title='bbox 2229 5178 2379 5245; x_wconf 85' lang='lat' dir='ltr'><strong>cujus</strong></span> <span class='ocrx_word' id='word_1_839' title='bbox 2411 5177 2532 5231; x_wconf 87' lang='lat' dir='ltr'><strong>talis</strong></span> <span class='ocrx_word' id='word_1_840' title='bbox 2557 5177 2748 5232; x_wconf 81' lang='lat' dir='ltr'><strong>ancilla</strong></span> <span class='ocrx_word' id='word_1_841' title='bbox 2779 5186 2882 5230; x_wconf 71' lang='lat' dir='ltr'><strong>est.</strong></span> 
     </span>
    </p>
   </div>
   <div class='ocr_carea' id='block_1_112' title="bbox 2153 5261 3653 5334">
    <p class='ocr_par' dir='ltr' id='par_1_112' title="bbox 2153 5261 3653 5334">
     <span class='ocr_line' id='line_1_112' title="bbox 2153 5261 3653 5334; baseline -0.011 -11"><span class='ocrx_word' id='word_1_842' title='bbox 2153 5268 2240 5324; x_wconf 74' lang='grc'><strong>14.</strong></span> <span class='ocrx_word' id='word_1_843' title='bbox 2281 5269 2336 5323; x_wconf 90' lang='lat' dir='ltr'><strong>Si</strong></span> <span class='ocrx_word' id='word_1_844' title='bbox 2367 5267 2447 5321; x_wconf 90' lang='lat' dir='ltr'><strong>vis</strong></span> <span class='ocrx_word' id='word_1_845' title='bbox 2476 5283 2603 5334; x_wconf 80' lang='lat' dir='ltr'><strong>ergo</strong></span> <span class='ocrx_word' id='word_1_846' title='bbox 2634 5282 2754 5320; x_wconf 90' lang='lat' dir='ltr'><strong>esse</strong></span> <span class='ocrx_word' id='word_1_847' title='bbox 2783 5281 2902 5320; x_wconf 92' lang='lat' dir='ltr'><strong>cum</strong></span> <span class='ocrx_word' id='word_1_848' title='bbox 2940 5263 3186 5329; x_wconf 88' lang='lat' dir='ltr'><strong>Christo,</strong></span> <span class='ocrx_word' id='word_1_849' title='bbox 3232 5273 3287 5318; x_wconf 86' lang='lat' dir='ltr'><strong>et</strong></span> <span class='ocrx_word' id='word_1_850' title='bbox 3326 5270 3528 5332; x_wconf 88' lang='lat' dir='ltr'><strong>partem</strong></span> <span class='ocrx_word' id='word_1_851' title='bbox 3561 5261 3653 5310; x_wconf 83' lang='lat' dir='ltr'><strong>ha-</strong></span> 
     </span>
    </p>
   </div>
   <div class='ocr_carea' id='block_1_113' title="bbox 2083 5349 3656 5422">
    <p class='ocr_par' dir='ltr' id='par_1_113' title="bbox 2083 5349 3656 5422">
     <span class='ocr_line' id='line_1_113' title="bbox 2083 5349 3656 5422; baseline -0.009 -10"><span class='ocrx_word' id='word_1_852' title='bbox 2083 5360 2210 5414; x_wconf 73' lang='lat' dir='ltr'><strong>bere</strong></span> <span class='ocrx_word' id='word_1_853' title='bbox 2247 5373 2366 5413; x_wconf 84' lang='lat' dir='ltr'><strong>cum</strong></span> <span class='ocrx_word' id='word_1_854' title='bbox 2407 5358 2654 5420; x_wconf 80' lang='lat' dir='ltr'><strong>Christo,</strong></span> <span class='ocrx_word' id='word_1_855' title='bbox 2699 5356 2895 5411; x_wconf 89' lang='lat' dir='ltr'><strong>Christi</strong></span> <span class='ocrx_word' id='word_1_856' title='bbox 2942 5356 3032 5409; x_wconf 91' lang='lat' dir='ltr'><strong>tibi</strong></span> <span class='ocrx_word' id='word_1_857' title='bbox 3079 5355 3324 5422; x_wconf 77' lang='lat' dir='ltr'><strong>exemp&#39;o</strong></span> <span class='ocrx_word' id='word_1_858' title='bbox 3362 5349 3656 5405; x_wconf 85' lang='lat' dir='ltr'><strong>vivendum</strong></span> 
     </span>
    </p>
   </div>
   <div class='ocr_carea' id='block_1_114' title="bbox 2077 5441 3654 5523">
    <p class='ocr_par' dir='ltr' id='par_1_114' title="bbox 2077 5441 3654 5523">
     <span class='ocr_line' id='line_1_114' title="bbox 2077 5441 3654 5523; baseline -0.008 -19"><span class='ocrx_word' id='word_1_859' title='bbox 2077 5458 2189 5512; x_wconf 74' lang='lat' dir='ltr'><strong>est,</strong></span> <span class='ocrx_word' id='word_1_860' title='bbox 2231 5449 2318 5518; x_wconf 92' lang='lat' dir='ltr'><strong>qui</strong></span> <span class='ocrx_word' id='word_1_861' title='bbox 2361 5450 2428 5502; x_wconf 89' lang='lat' dir='ltr'><strong>ab</strong></span> <span class='ocrx_word' id='word_1_862' title='bbox 2455 5448 2596 5501; x_wconf 91' lang='lat' dir='ltr'><strong>omni</strong></span> <span class='ocrx_word' id='word_1_863' title='bbox 2632 5447 2836 5502; x_wconf 87' lang='lat' dir='ltr'><strong>malitia</strong></span> <span class='ocrx_word' id='word_1_864' title='bbox 2869 5455 2920 5500; x_wconf 84' lang='lat' dir='ltr'><strong>et</strong></span> <span class='ocrx_word' id='word_1_865' title='bbox 2952 5445 3185 5513; x_wconf 76' lang='lat' dir='ltr'><strong>nequitia</strong></span> <span class='ocrx_word' id='word_1_866' title='bbox 3231 5445 3298 5497; x_wconf 86' lang='lat' dir='ltr'><strong>ita</strong></span> <span class='ocrx_word' id='word_1_867' title='bbox 3345 5441 3438 5494; x_wconf 87' lang='lat' dir='ltr'><strong>fuit</strong></span> <span class='ocrx_word' id='word_1_868' title='bbox 3461 5448 3654 5523; x_wconf 76' lang='lat' dir='ltr'><strong>estra-</strong></span> 
     </span>
    </p>
   </div>
   <div class='ocr_carea' id='block_1_115' title="bbox 2079 5531 3650 5606">
    <p class='ocr_par' dir='ltr' id='par_1_115' title="bbox 2079 5531 3650 5606">
     <span class='ocr_line' id='line_1_115' title="bbox 2079 5531 3650 5606; baseline -0.004 -15"><span class='ocrx_word' id='word_1_869' title='bbox 2079 5555 2230 5602; x_wconf 89' lang='lat' dir='ltr'><strong>nens,</strong></span> <span class='ocrx_word' id='word_1_870' title='bbox 2263 5549 2314 5590; x_wconf 89' lang='lat' dir='ltr'><strong>ttt</strong></span> <span class='ocrx_word' id='word_1_871' title='bbox 2347 5553 2444 5592; x_wconf 91' lang='lat' dir='ltr'><strong>nec</strong></span> <span class='ocrx_word' id='word_1_872' title='bbox 2475 5539 2698 5593; x_wconf 89' lang='lat' dir='ltr'><strong>inimicis</strong></span> <span class='ocrx_word' id='word_1_873' title='bbox 2739 5539 2952 5606; x_wconf 84' lang='lat' dir='ltr'><strong>quidem</strong></span> <span class='ocrx_word' id='word_1_874' title='bbox 2985 5536 3153 5590; x_wconf 85' lang='lat' dir='ltr'><strong>vicem</strong></span> <span class='ocrx_word' id='word_1_875' title='bbox 3198 5533 3480 5595; x_wconf 86' lang='lat' dir='ltr'><strong>redderet,</strong></span> <span class='ocrx_word' id='word_1_876' title='bbox 3524 5531 3650 5600; x_wconf 84' lang='lat' dir='ltr'><strong>quin</strong></span> 
     </span>
    </p>
   </div>
   <div class='ocr_carea' id='block_1_116' title="bbox 2079 5621 3654 5696">
    <p class='ocr_par' dir='ltr' id='par_1_116' title="bbox 2079 5621 3654 5696">
     <span class='ocr_line' id='line_1_116' title="bbox 2079 5621 3654 5696; baseline -0.003 -20"><span class='ocrx_word' id='word_1_877' title='bbox 2079 5628 2252 5695; x_wconf 79' lang='lat' dir='ltr'><strong>potius</strong></span> <span class='ocrx_word' id='word_1_878' title='bbox 2298 5638 2350 5682; x_wconf 88' lang='lat' dir='ltr'><strong>et</strong></span> <span class='ocrx_word' id='word_1_879' title='bbox 2390 5643 2486 5696; x_wconf 88' lang='lat' dir='ltr'><strong>pro</strong></span> <span class='ocrx_word' id='word_1_880' title='bbox 2529 5629 2657 5696; x_wconf 88' lang='lat' dir='ltr'><strong>ipsis</strong></span> <span class='ocrx_word' id='word_1_881' title='bbox 2702 5637 2899 5680; x_wconf 87' lang='lat' dir='ltr'><strong>oraret.</strong></span> <span class='ocrx_word' id='word_1_882' title='bbox 2945 5625 3078 5680; x_wconf 84' lang='lat' dir='ltr'><strong>Nolo</strong></span> <span class='ocrx_word' id='word_1_883' title='bbox 3121 5623 3263 5677; x_wconf 88' lang='lat' dir='ltr'><strong>enim</strong></span> <span class='ocrx_word' id='word_1_884' title='bbox 3308 5635 3400 5675; x_wconf 79' lang='lat' dir='ltr'><strong>cas</strong></span> <span class='ocrx_word' id='word_1_885' title='bbox 3445 5621 3654 5676; x_wconf 86' lang='lat' dir='ltr'><strong>animas</strong></span> 
     </span>
    </p>
   </div>
  </div>
