4132 6176
421 310 593 361 “8”Ι

1158 305 1491 363 Αυοίυιιιδ
1530 306 1833 361 ᾹΝΟΝΥΜΙ
1878 304 2079 360 ΕΧΙΙΟΙ

2180 298 2318 359 ΠἸΟ
2358 305 2448 359 ΑΙ)
2485 304 2798 363 SPONSAM
2837 307 3125 363 CHRISTI.

3713 314 3783 366 88

527 419 855 474 l_.bristianas
892 417 1193 483 existimes,
1231 433 1352 488 qua:
1390 431 1483 474 aut
1520 419 1713 473 fratres
1752 428 1843 473 aut
1881 432 2095 474 sorores
2122 428 2175 480 Α
2200 422 2412 486 cohibe,
2442 435 2495 476 et
2523 424 2601 477 ori
2632 432 2722 479 tuo
2751 406 2956 479 frenum
2991 425 3145 493 [.cgis
3185 422 3436 493 impone;
3475 437 3530 480 ut
3557 439 3702 492 lttnc,
3734 432 3780 485 si

529 527 635 566 non
663 510 784 565 dico
811 509 1069 577 oderunt,
1115 509 1211 564 sed
1232 525 1362 579 quae
1401 511 1672 578 proximos
1702 520 1813 564 toto
1840 511 2001 566 corde
2043 520 2098 566 et
2122 550 2125 553 μ

528 601 850 658 conscientia
878 616 1056 655 coram
1088 600 1179 654 Dei
1211 600 1518 655 testimonio
1556 616 1663 655 non
1692 600 1944 668 diligunt;
1976 617 2095 655 cum

525 692 860 756 Christianis,
879 692 1074 746 Christi
1093 691 1457 748 similitudine.
1478 692 1721 745 inimicos
1739 692 1896 746 etiam
1916 709 2096 748 amare

529 799 747 839 necesse
772 785 858 837 sit.
906 783 964 839 Si
994 793 1299 837 sanctorum
1330 784 1482 853 cupis
1512 782 1710 840 habere
1739 787 2091 850 consoitium,

525 893 555 929 .1
582 876 797 931 malitia.l
821 885 874 930 et
900 875 1149 944 nequitia:
1174 874 1407 943 cogitatu
1436 882 1620 943 pectus
1646 876 1897 932 cmunda.
1927 876 2095 931 Nemo

527 980 580 1024 te
606 967 1018 1033 circumveniat,
1066 979 1225 1019 nemo
1263 974 1318 1019 te
1362 966 1532 1019 fallaci
1552 968 1814 1022 sermone
1852 967 2091 1021 seducat.

525 1061 639 1115 Non
669 1059 772 1113 nisi
813 1068 1026 1112 sanctos
1054 1066 1108 1111 et
1128 1056 1301 1125 justas
1327 1064 1383 1110 et
1409 1056 1676 1124 simplices
1699 1067 1751 1112 et
1779 1058 2093 1113 innocentes

524 1160 577 1204 et
604 1162 763 1218 puros
788 1147 1020 1204 cmlestis
1048 1148 1166 1200 aula
1195 1147 1470 1215 suscipiet.
1520 1146 1729 1201 Nullum
1757 1149 1898 1221 apud
1927 1149 2089 1201 Deum

525 1241 682 1296 habet
710 1238 910 1293 malitia
939 1239 1136 1293 locum.
1167 1236 1250 1291 Ab
1271 1238 1415 1291 omni
1444 1238 1675 1306 nequitia
1707 1245 1760 1291 rt
1785 1236 1911 1290 dolo
1939 1252 2093 1290 mun-

524 1334 646 1388 dum
667 1345 787 1386 esse
811 1344 1029 1385 necesse
1052 1339 1155 1394 est,
1179 1330 1267 1397 qui
1293 1342 1377 1392 cui
1401 1327 1437 1381 it
1467 1342 1688 1396 regnare
1711 1343 1831 1382 cum
1853 1327 2086 1381 Christo.

521 1422 660 1479 Nihil
709 1432 814 1474 tam
864 1418 1213 1482 contrarium,
1262 1417 1393 1471 nihil
1428 1427 1533 1469 tam
1581 1416 1910 1471 exsecrabile
1953 1416 2086 1484 Dt-o,

521 1529 677 1582 quam
706 1512 936 1581 aliquem
972 1511 1182 1572 odisse,
1228 1508 1459 1577 aliquem
1503 1508 1638 1560 velle
1680 1507 1912 1560 li-dere:
1958 1507 2087 1561 nihil

522 1617 628 1659 tam
659 1603 954 1673 probabile,
984 1615 1143 1670 quam
1171 1613 1359 1654 omnes
1387 1612 1592 1652 amare.
1638 1597 1788 1664 Quod
1821 1597 2085 1664 Propheta

520 1697 694 1750 sciens
734 1702 957 1749 testatur
984 1692 1209 1746 dicens:
1246 1691 1345 1757 Qui
1382 1690 1595 1758 diligitis
1623 1689 1918 1755 Dominum,
1951 1691 2086 1743 odite

519 1785 708 1839 malum
736 1782 907 1851 (Psal.
939 1797 1080 1848 XCVI,
1112 1782 1225 1849 10).

590 1874 677 1928 15.
705 1871 838 1927 Vide
862 1886 930 1926 ne
958 1872 1010 1925 in
1041 1870 1219 1940 aliquo
1260 1869 1542 1924 humanam
1582 1869 1803 1939 gloriam
1841 1868 2030 1938 diligas
2066 1884 2082 1934 ;

519 1979 585 2019 ne
604 1972 659 2018 et
684 1972 771 2016 tua
788 1966 931 2032 inter
951 1961 1072 2015 illos
1093 1959 1267 2030 portio
1287 1968 1645 2028 computetur,
1667 1958 1859 2027 quibus
1885 1958 2083 2014 dictum

517 2063 635 2109 est:
661 2053 925 2120 Quomodo
947 2066 1034 2106 vos
1055 2050 1265 2119 potestis
1285 2051 1509 2114 credere,
1532 2049 1749 2119 gloriam
1778 2050 1842 2104 ab
1868 2050 2084 2105 invicem

515 2156 795 2219 qutrrentes
816 2145 997 2221 (Joan.
1022 2160 1080 2211 v,
1102 2144 1196 2215 44)
1218 2144 1243 2198 ἳ
1264 2145 1328 2198 Et
1347 2144 1413 2198 de
1431 2144 1624 2215 quibus
1648 2159 1741 2211 per
1764 2143 2080 2210 Prophetam

515 2239 747 2293 dicitur:
780 2237 921 2306 Auge
945 2237 1017 2289 eis
1048 2233 1206 2299 mala,
1234 2249 1364 2305 auge
1390 2233 1525 2286 mala
1553 2233 1789 2303 gloriosis
1820 2243 1985 2288 terra.
2019 2233 2083 2288 Et

515 2330 639 2385 alibi
670 2347 684 2383 :
716 2328 1098 2400 Confundimiui
1124 2343 1156 2382 a
1185 2326 1484 2397 gloriatione
1507 2333 1693 2391 vestra,
1724 2324 1787 2377 ab
1814 2324 2083 2394 opprobrio

514 2422 567 2474 in
594 2429 864 2482 conspectu
887 2418 983 2472 Dei
1003 2416 1158 2487 (Isai.
1184 2415 1336 2485 va).
1354 2415 1646 2481 Noloenim
1672 2414 1786 2469 illas
1806 2415 2080 2484 respicias,

514 2525 632 2580 qua:
657 2507 862 2573 Stieculi,
891 2521 993 2561 non
1016 2506 1210 2562 ChriSti
1235 2515 1358 2560 sunt
1387 2505 1620 2575 virgines
1644 2521 1658 2561 :
1683 2519 1801 2573 quae
1827 2505 2079 2572 propositi

513 2599 593 2655 sui
622 2610 677 2654 et
703 2598 1046 2668 professionis
1075 2598 1419 2652 immemores
1447 2595 1678 2665 gaudent
1702 2595 1755 2649 in
1786 2596 2010 2655 deliciis,
2029 2596 2080 2649 in

512 2689 705 2758 opibus
744 2689 1100 2757 delectantur,
1140 2697 1195 2741 et
1230 2701 1505 2755 corporea:
1546 2686 1834 2739 nobilitatis
1877 2685 2082 2754 origine

512 2780 863 2833 delectantur.
892 2777 1022 2845 Quae
1050 2778 1093 2831 si
1125 2776 1364 2844 profecto
1394 2776 1482 2831 Dei
1510 2776 1642 2830 ﬁlias
1666 2790 1725 2829 se
1749 2782 1877 2831 esse
1896 2776 2084 2831 crede-

512 2882 627 2926 rcnt
653 2911 668 2935 ,
704 2884 972 2939 nunquam
1006 2880 1122 2939 post
1157 2868 1365 2922 divinos
1394 2869 1596 2922 uitales
1625 2867 1953 2920 nobilitatem
1983 2868 2079 2921 ad-

514 2963 832 3015 mirarentur
864 2959 1171 3023 humanam,
1205 2974 1303 3013 nec
1322 2958 1752 3028 gloriarenturin
1782 2967 1932 3028 patre
1951 2972 2082 3026 quo-

514 3053 641 3107 libet
670 3051 965 3106 honorato:
995 3051 1041 3105 si
1070 3050 1278 3105 Patrem
1309 3051 1469 3104 Deum
1501 3063 1559 3104 se
1581 3048 1775 3104 habere
1795 3050 2075 3118 sentirent,

515 3144 840 3198 nobilitatem
862 3142 1041 3196 carnis
1068 3150 1172 3194 non
1204 3149 1463 3194 amarent.
1500 3139 1635 3203 Quid
1665 3139 1758 3193 tibi
1787 3140 1837 3192 iu
1868 3139 2079 3209 generis

515 3235 784 3289 nobilitate
804 3230 1062 3286 biand’ris
1085 3238 1138 3285 et
1163 3228 1503 3296 complaces?
1531 3229 1670 3281 Duos
1694 3228 1935 3283 homines
1954 3227 2081 3282 fecit

512 3324 581 3378 ab
605 3321 829 3378 exordio
867 3321 1027 3385 Deus,
1066 3334 1130 3374 ex
1176 3319 1368 3389 quibus
1409 3318 1571 3373 totius
1613 3318 1820 3388 generis
1865 3317 2077 3372 humani

512 3414 642 3470 silva
671 3412 945 3468 descendit
975 3428 988 3464 :
1022 3410 1342 3465 mundanam
1372 3409 1703 3465 nobilitatem
1744 3425 1848 3462 non
1878 3417 2079 3464 natura:

512 3505 734 3574 :equitas
750 3504 1018 3572 pra'slitit,
1031 3501 1121 3556 sed
1144 3500 1446 3571 cupiditatis
1462 3500 1699 3556 ambitio.
1714 3499 1872 3554 Certe
1892 3515 2079 3555 omnes

513 3612 606 3666 per
634 3594 794 3649 divini
828 3593 1022 3647 lavacri
1047 3593 1441 3662 generationem
1466 3606 1581 3659 .equ
1601 3591 1696 3645 ilcs
1717 3590 1996 3645 efficimur.
2023 3601 2079 3647 et

513 3688 655 3743 nulla
686 3689 823 3742 inter
847 3699 941 3740 cos
979 3693 1152 3753 potest
1189 3698 1309 3739 esse
1349 3683 1618 3745 discretio,
1663 3697 1797 3752 quos
1833 3684 2077 3739 nativitas

509 3777 740 3834 secunda
767 3777 1068 3847 generavit;
1115 3790 1210 3844 per
1241 3790 1398 3844 quam
1429 3784 1532 3829 tam
1569 3774 1720 3829 dives
1753 3789 1923 3849 quam,
1945 3788 2075 3842 pan-

513 3885 631 3936 per,
660 3878 766 3923 tam
796 3868 932 3922 liber
957 3881 1114 3936 quam
1145 3879 1353 3930 servus,
1378 3874 1485 3918 tam
1517 3864 1712 3918 nobilis
1741 3880 1897 3931 quam
1930 3864 2077 3932 igno-

510 3962 650 4029 bilis,
684 3960 772 4015 Dei
801 3957 1032 4014 efficitur
1058 3956 1255 4022 Filius;
1288 3965 1342 4010 et
1376 3964 1582 4010 terrena
1617 3954 1864 4009 nobilitas
1899 3954 2077 4021 Splen-

509 4051 639 4105 dore
662 4049 896 4105 cmlestis
910 4048 1093 4118 gl-vritc
1119 4047 1485 4112 adumbratur,
1505 4056 1559 4099 et
1581 4060 1748 4114 nusqu
1786 4059 1835 4098 m
1858 4043 2076 4098 omnino

503 4142 614 4209 jam
642 4150 953 4209 comparet:
993 4136 1118 4192 dum
1148 4137 1236 4205 qui
1272 4149 1417 4191 retro
1446 4138 1498 4191 in
1538 4135 1882 4190 saecularibus
1912 4135 2077 4187 lieno-

509 4231 657 4284 ribus
683 4229 915 4298 impares
942 4226 1173 4293 fuerant,
1202 4227 1436 4281 cmlestis
1470 4234 1528 4279 et
1556 4225 1751 4279 divina:
1789 4224 2076 4278 nobilitatis

507 4319 677 4390 gloria
715 4317 990 4389 aequaliter
1028 4318 1340 4371 vcstiuntur.
1385 4314 1570 4369 Nullus
1608 4314 1715 4382 iam
1760 4311 2073 4381 ignobilitati

509 4416 677 4481 locus,
707 4427 806 4468 nec
832 4410 1065 4481 degener
1090 4410 1366 4479 quisquam
1393 4417 1473 4462 est
1490 4447 1506 4472 ,
1535 4422 1690 4474 quem
1717 4406 1908 4460 divinat
1935 4406 2069 4459 nati-

509 4505 690 4561 vitatis
711 4502 1012 4558 sublimitas
1041 4510 1216 4562 ornat,
1246 4499 1345 4552 nisi
1377 4497 1515 4567 apud
1538 4496 1680 4559 illos,
1712 4496 1802 4563 qui
1834 4512 1938 4550 non
1966 4512 2067 4564 pu—

506 4602 622 4648 tant
654 4592 898 4648 humanis
938 4590 1176 4646 coelestia
1219 4586 1572 4656 prmponenda
1613 4596 1749 4640 :aut
1775 4588 1821 4641 si
1862 4594 2070 4655 putant,

506 4698 664 4754 quam
691 4697 883 4736 vanum
913 4689 1014 4745 est,
1040 4687 1098 4733 ut
1122 4694 1181 4733 se
1211 4679 1316 4732 illis
1346 4679 1407 4732 in,
1439 4676 1731 4731 minoribus
1757 4675 2063 4743 praeferant,

503 4787 638 4844 quos
658 4772 758 4827 sibi
786 4772 839 4825 in
862 4770 1151 4836 majoribus
1180 4780 1333 4836 pares
1360 4767 1553 4824 sciunt.
1588 4777 1641 4821 et
1672 4767 1817 4832 quasi
1847 4765 1980 4819 infra
2006 4780 2067 4819 se

505 4866 706 4933 positos
733 4864 785 4919 in
813 4871 950 4916 terra
978 4861 1303 4923 existiment,
1334 4873 1468 4928 quos
1497 4859 1594 4911 sibi
1626 4858 1856 4923 mqnales
1888 4858 1939 4910 in
1961 4871 2069 4911 rte-

503 4955 721 5010 Iestibus
744 4951 1006 5008 credunt?
1043 4949 1117 5004 Tu
1144 4959 1318 5003 autem
1353 4963 1685 5017 quaecunque
1711 4947 1931 5008 Christi,
1961 4960 2063 4998 non

500 5045 677 5101 szcculi
709 5044 862 5117 virgo
890 5057 969 5105 es,
992 5056 1203 5096 omnem
1236 5040 1511 5107 pra'sentis
1536 5039 1658 5092 vita:
1682 5038 1901 5106 gloriam
1925 5037 2063 5105 fuge,

498 5150 548 5190 η’
581 5151 698 5190 eam
731 5151 847 5201 quae
869 5136 921 5188 in
944 5133 1121 5188 futuro
1148 5131 1472 5201 promittitur
1498 5129 1863 5197 consequaris.

566 5225 653 5280 16.
693 5222 1103 5279 Contentionum
1150 5221 1334 5281 Vcrbzt,
1378 5228 1434 5275 et
1474 5218 1831 5273 animasitatis
1874 5232 2064 5272 causas

496 5316 663 5377 evita;
695 5312 1077 5369 discordiarum
1107 5326 1316 5381 quoque
1336 5320 1390 5364 et
1418 5310 1585 5364 litium
1607 5309 1914 5363 occasiones
1940 5308 2063 5361 snb-

497 5404 892 5475 terfuge..Nam
931 5404 976 5459 si
1011 5405 1162 5473 juxta
1198 5401 1437 5470 Apostoli
1471 5402 1766 5455 doctrinam
1799 5418 1812 5454 :
1847 5400 2063 5456 Servum

495 5497 704 5552 Domini
743 5497 944 5566 litigare
968 5512 1069 5548 non
1095 5500 1291 5561 Oportet
1322 5492 1389 5563 (ll
1423 5491 1556 5547 Tim.
1603 5508 1664 5558 ιι,
1701 5492 1823 5561 2ης
1866 5504 2064 5559 quanto

494 5592 658 5659 magis
686 5591 775 5646 Dei
801 5589 1046 5645 ancillam
1063 5588 1087 5640 ’ἱ
1106 5584 1258 5653 cujus
1279 5597 1385 5651 quo
1407 5584 1760 5639 verecundior
1780 5596 1863 5640 est
1881 5572 2060 5650 sexus,

490 5684 697 5737 animus
725 5681 884 5736 debet
913 5693 1031 5735 esse
1059 5674 1372 5731 mochtior.
1405 5673 1659 5744 Linguam
1690 5691 1718 5729 a
1749 5676 2060 5744 maliloquio

2202 512 2338 565 forte
2382 511 2637 581 loquaris,
2671 513 2882 580 quando
2917 526 3094 569 tacere
3133 526 3407 582 peceatum
3435 517 3526 582 sit,
3558 533 3688 572 cave
3714 534 3781 574 ne

2203 602 2331 671 quid
2378 604 2518 672 quod
2569 605 2621 658 in
2668 607 3137 675 reprehensionem
3186 612 3362 662 veniat
3401 609 3572 664 dicas.
3621 610 3661 664 l.
3700 610 3781 678 pis

2197 698 2427 748 emissus
2470 703 2556 749 est
2594 710 2772 750 sermo
2812 697 3085 764 prolatus;
3132 712 3457 768 quapropter
3493 702 3583 756 diu
3614 711 3773 758 ante-

2195 798 2352 852 quam
2394 785 2696 853 proferatur
2721 787 3034 854 cogitandus
3074 797 3178 843 est.
3221 790 3381 845 Beata
3415 792 3609 862 quippe
3638 794 3774 847 labia

2196 883 2340 939 sunt,
2386 891 2507 946 qua:
2550 893 2818 947 nunquam
2861 878 3004 948 quod
3053 895 3308 935 revocare
3347 882 3539 936 iterum
3582 885 3773 952 velint,

2194 964 2465 1019 emittunt.
2493 965 2705 1021 Pudicte
2737 967 2932 1023 mentis
2962 982 3142 1024 sermo
3172 971 3332 1023 etiam
3356 970 3511 1025 debet
3537 986 3658 1027 esse
3682 991 3776 1038 pu-

2193 1054 2366 1120 dicus,
2409 1055 2499 1123 qui
2540 1056 2770 1112 aedificet
2810 1072 3026 1127 semper
3063 1064 3251 1129 magis,
3294 1076 3449 1128 quam
3488 1063 3774 1131 aliquando

2192 1145 2430 1200 destruat
2469 1147 2765 1212 audientes.
2805 1150 3099 1204 secundum
3143 1153 3285 1219 quod
3325 1155 3576 1221 prtrccpit
3628 1158 3768 1224 Apo-

2191 1236 2358 1289 smlus
2380 1235 2565 1289 dicens
2597 1252 2612 1289 :
2658 1236 2835 1291 Omnis
2862 1253 3028 1291 sermo
3064 1240 3230 1294 malus
3266 1257 3331 1295 ea:
3355 1258 3442 1296 ore
3478 1253 3640 1296 oestro
3667 1261 3767 1297 non

2188 1324 2435 1394 procedat
2462 1340 2482 1378 :
2508 1326 2596 1379 sed
2621 1326 2666 1379 si
2691 1329 2805 1396 quis
2833 1327 2994 1381 bonus
3022 1329 3091 1382 ad
3119 1331 3512 1397 aediﬁcationem
3534 1333 3676 1400 fidei,
3708 1350 3763 1391 ut

2187 1415 2270 1469 det
2295 1416 2509 1485 gratiam
2538 1418 2860 1471 audientibus
2893 1418 3108 1490 (Ephes.
3138 1435 3214 1485 tv,
3238 1422 3354 1486 29).
3391 1423 3624 1478 PretioSa
3648 1424 3759 1479 Deo

2189 1505 2365 1575 lingua
2402 1518 2504 1572 est,
2548 1523 2666 1576 qua:
2697 1525 2800 1569 non
2834 1510 2951 1564 sine
2987 1511 3184 1566 divinis
3225 1513 3381 1567 rebus
3420 1517 3567 1568 novit
3604 1518 3760 1570 verba

2186 1606 2533 1661 construere;
2579 1608 2634 1655 et
2675 1611 2918 1655 sanctum
2961 1616 3024 1656 os
3089 1604 3229 1656 unde
3270 1605 3510 1659 ctelestia
3551 1622 3764 1674 semper

2185 1687 2394 1757 eloquia
2431 1688 2791 1756 proferuntur.
2831 1690 3150 1746 Absentium
3190 1696 3584 1750 obtrectatores
3611 1697 3761 1763 qna~i

2117 1761 2165 1821 Β
2190 1777 2469 1846 malignos,
2513 1777 2807 1846 Scriptura:
2842 1782 3162 1836 auctoritate
3203 1779 3419 1838 deterre
3450 1801 3464 1835 :
3510 1761 3639 1853 quia
3663 1790 3763 1838 hoc

2184 1868 2324 1924 inter
2350 1869 2572 1925 virtutes
2598 1871 2818 1938 perfecti
2850 1872 3079 1926 hominis
3120 1872 3386 1941 Propheta
3422 1889 3752 1929 commemo-

2186 1967 2290 2027 rat,
2321 1962 2365 2015 si
2395 1971 2521 2017 ante
2563 1971 2909 2031 conspectum
2932 1963 3061 2029 justi
3109 1964 3373 2033 malignus
3415 1964 3482 2017 ad
3533 1964 3755 2019 nihilum

2183 2048 2499 2116 deducatur,
2527 2051 2616 2121 qui
2644 2059 2830 2106 contra
2860 2052 3160 2121 proximum
3187 2068 3292 2106 non
3335 2053 3602 2122 probanda
3635 2071 3759 2123 pro-

2186 2143 2392 2198 tulerit.
2426 2145 2540 2198 Non
2572 2144 2693 2198 licet
2722 2143 2815 2198 tibi
2835 2145 3056 2199 aTlcrius
3076 2146 3520 2213 vituperationem
3545 2148 3666 2213 patio
3688 2162 3752 2199 n-

2189 2241 2274 2288 ter
2299 2232 2516 2299 audire;
2546 2233 2669 2300 quia
2691 2247 2793 2288 nec
2820 2232 2889 2288 ab
2909 2232 3028 2288 aliis
3052 2241 3201 2303 optas
3223 2235 3388 2302 recipi
3417 2244 3559 2289 tuam
3583 2235 3769 2303 (Psal.'

2184 2338 2363 2391 Lxxtv,
2395 2324 2473 2394 5).
2504 2323 2760 2390 lnjustum
2788 2321 2984 2391 quippe
3007 2331 3086 2378 est
3113 2323 3366 2394 quidquid
3397 2334 3580 2379 contra
3601 2323 3759 2379 Chr»-

2187 2417 2256 2469 sti
2289 2413 2635 2482 Evangelium
2666 2415 2831 2476 venit,
2863 2416 2905 2466 si
2936 2412 3092 2468 alteri
3123 2414 3263 2483 quod
3294 2413 3388 2469 lilii
3417 2414 3484 2467 ab
3508 2415 3613 2468 alio
3643 2414 3755 2468 fieri

2185 2506 2468 2559 molestum
2490 2514 2590 2566 cst,
2622 2504 2841 2572 patiaris
2869 2502 3074 2557 inferri.
3104 2503 3327 2572 Semper
3348 2506 3578 2573 linguam
3610 2514 3754 2558 tuam

2182 2596 2253 2650 de
2282 2597 2432 2648 bonis
2467 2594 2608 2662 loqui
2645 2594 2925 2658 ad-uesce,
2953 2604 3009 2650 et
3037 2593 3275 2647 auditum
3311 2602 3458 2647 tuum
3493 2598 3558 2647 ad
3592 2596 3755 2648 bono.

2185 2701 2301 2740 rum
2318 2687 2483 2750 magis
2506 2684 2737 2750 laudem,
2754 2699 2910 2754 quam
2934 2685 2999 2737 ad
3024 2686 3283 2739 malorum
3312 2685 3753 2754 vituperationem

2183 2776 2551 2832 accommoda.
2611 2775 2739 2830 Vide
2784 2784 2841 2830 ut
2876 2791 2962 2830 om
2988 2777 3051 2830 tia
3091 2791 3419 2846 quzrcunque
3463 2777 3750 2838 benefacis,

2187 2878 2401 2939 propter
2432 2869 2595 2923 Deum
2630 2868 2821 2933 facias;
2845 2869 3019 2922 sciens
3041 2868 3157 2935 ejus
3177 2869 3253 2923 rei
3284 2877 3486 2923 tantum
3514 2879 3567 2924 te
3594 2884 3622 2922 a
3650 2870 3754 2923 ll..-

2152 3020 2157 3025 4
2186 2961 2330 3013 niit-o
2360 2970 2692 3028 recepturum
2719 2973 2839 3014 esse
2866 2959 3190 3025 mercedem,
3217 2976 3374 3029 quam
3405 2960 3521 3029 ejus
3547 2962 3754 3015 timoris

2185 3061 2239 3107 et
2278 3052 2577 3106 dilectionis
2616 3066 2775 3105 causa
2821 3052 3128 3118 perfeceris.
3185 3051 3378 3106 Sancta
3430 3052 3595 3122 magis
3633 3069 3752 3109 esse.

2181 3158 2340 3213 quam
2367 3142 2531 3196 videri
2563 3142 2716 3196 stude
2741 3159 2755 3193 :
2786 3142 2908 3211 quia
2939 3141 3067 3195 nihil
3096 3143 3310 3209 prodest
3333 3141 3583 3197 aestimari
3610 3158 3679 3210 qn
3717 3142 3751 3194 d

2183 3248 2286 3287 non
2325 3234 2396 3287 sit
2431 3251 2443 3285 :
2486 3244 2538 3289 et
2564 3233 2791 3302 duplicis
2821 3233 3020 3302 peccati
3061 3244 3237 3287 reatus
3275 3241 3379 3298 est,
3418 3249 3523 3301 non
3556 3233 3753 3287 habere

2180 3323 2319 3393 quod
2344 3324 2596 3391 creditur,
2625 3333 2680 3378 et
2706 3324 2846 3393 quod
2871 3338 2975 3378 non
3006 3322 3201 3377 habeas
3226 3321 3497 3377 simulare.

2252 3417 2339 3471 l7.
2383 3416 2436 3469 ln
2478 3416 2694 3485 jejnniis
2743 3416 2912 3486 magis
2957 3431 3115 3486 quam
3147 3415 3198 3469 in
3239 3401 3410 3480 epulis
3455 3414 3542 3468 del
3577 3421 3746 3471 cta'e.

2181 3506 2323 3561 illius
2348 3506 2521 3561 vidua:
2559 3521 2785 3573 memor,
2825 3521 2945 3573 qua:
2973 3521 3077 3559 non
3106 3505 3414 3561 discedebat
3450 3504 3518 3560 de
3548 3506 3747 3573 templo

2176 3596 2389 3664 jejuniis
2411 3605 2465 3651 et
2492 3595 2953 3652 obsecrationibus
2983 3596 3089 3651 Deo
3109 3596 3350 3651 serviens
3369 3594 3455 3650 die
3482 3610 3543 3648 ac
3566 3604 3746 3650 noetc.

2184 3687 2246 3739 lt
2275 3686 2320 3740 si
2350 3686 2504 3740 vidua
2535 3686 2750 3755 quidem
2776 3686 2826 3739 in
2848 3685 3027 3741 .lndtea
3052 3686 3170 3741 talis
3193 3695 3345 3749 erat;
3374 3686 3583 3753 qualem
3607 3700 3748 3739 nunc

2182 3775 2440 3845 virginem
2471 3776 2720 3830 convenit
2747 3790 2867 3829 esse
2899 3775 3121 3829 Christi.
3154 3770 3356 3829 Divina:
3377 3774 3544 3844 magis
3566 3774 3747 3829 lectio-

2181 3866 2263 3919 nis
2291 3865 2590 3919 convivium
2623 3866 2806 3934 dilige,
2844 3874 2899 3918 et
2935 3863 3265 3933 spiritalibus
3297 3874 3351 3918 tc
3386 3865 3609 3918 saturari
3646 3865 3743 3916 da-

2167 3956 2336 4023 .pibus
2358 3954 2710 4023 concupisce;
2741 3965 2794 4009 et
2816 3955 2937 4009 illos
2960 3956 3136 4022 potius
3163 3968 3342 4020 quaere
3364 3953 3530 4014 cibos.
3554 3953 3746 4023 quibus

2176 4048 2350 4100 anima
2387 4046 2554 4114 magis
2584 4060 2741 4114 quam
2782 4046 2978 4113 curptie
3014 4043 3307 4099 reliciatur.
3337 4033 3527 4096 Carnis
3556 4052 3610 4096 ct
3634 4043 3742 4097 vini

2178 4138 2382 4203 species
2403 4136 2551 4204 qttasi
2581 4134 3033 4189 calorisqfomenta
3056 4143 3110 4189 et
3137 4133 3369 4187 libidinis
3400 4133 3741 4189 incitamenta

2176 4225 2321 4296 fuge,
2349 4234 2404 4282 et
2432 4235 2576 4288 tunc,
2607 4226 2650 4279 si
2687 4224 2848 4291 forte,
2887 4225 3015 4278 vino
3049 4223 3238 4293 exiguo
3267 4232 3438 4286 utere,
3468 4237 3589 4277 cum
3630 4232 3741 4279 sto-

2179 4320 2349 4375 macbi
2381 4319 2535 4374 dolor
2565 4329 2618 4374 et
2647 4318 2805 4373 nimia
2841 4317 3081 4387 corporis
3114 4315 3402 4385 compellat
3438 4315 3736 4370 infirmitas.

2179 4411 2505 4467 Iracundiam
2539 4412 2716 4474 vince;
2745 4410 3136 4465 animusitatem
3160 4407 3381 4471 cohibe;
3406 4416 3461 4461 et
3483 4406 3735 4476 quidquid

2177 4505 2304 4558 illud
2325 4503 2582 4573 est,quod
2607 4511 2726 4572 post
2753 4501 2949 4556 factum
2978 4500 3338 4570 ptenitentiam
3367 4499 3577 4568 ingerit,
3594 4498 3737 4552 velut

2176 4595 2397 4663 proximi
2421 4593 2659 4648 criminis
2687 4591 3137 4646 abominatinnem
3172 4591 3401 4643 declina.
3432 4588 3573 4643 Satis
3603 4597 3740 4641 trau-

2171 4684 2388 4754 quillam
2418 4692 2473 4738 et
2496 4684 2726 4750 quietam
2752 4680 2996 4734 convenit
3018 4693 3138 4733 esse
3156 4689 3406 4743 mentem,
3429 4678 3573 4734 etab
3592 4679 3735 4730 omni

2173 4775 2420 4845 perturba
2449 4774 2573 4830 ioue
2607 4774 2801 4828 luroris
2826 4773 3077 4833 alienam,
3112 4785 3233 4839 quae
3264 4771 3354 4824 Dt-i
3378 4770 3735 4824 hab'taculuui

2170 4882 2290 4922 esse
2311 4865 2609 4930 desiderat;
2638 4863 2731 4931 qni
2760 4878 2852 4932 per
2881 4862 3198 4931 Prophetam
3229 4870 3455 4915 testatur
3481 4870 3535 4913 et
3562 4859 3691 4914 dicit
3721 4882 3733 4911 ι

2173 4958 2340 5025 Super
2363 4973 2510 5026 quem
2537 4956 2845 5023 requiescam
2876 4954 3056 5018 alium,
3092 4953 3193 5006 nisi
3229 4968 3381 5023 super
3408 4952 3648 5005 lmmilem
3689 4963 3738 5005 ct

2170 5052 2415 5120 quietum,
2465 5060 2510 5103 et
2559 5058 2849 5102 trementem
2893 5046 3041 5100 verba
3082 5060 3194 5097 mea
3241 5042 3408 5112 (lsai.
3454 5057 3601 5104 1.th.
3642 5044 3741 5109 5)?

2170 5138 2416 5194 Omnium
2460 5153 2680 5208 operum
2738 5145 2794 5191 et
2826 5135 3202 5202 cogitationum
3243 5142 3453 5186 tuarum
3496 5133 3738 5201 specula—

2171 5239 2341 5283 torem
2363 5228 2529 5283 Deum
2553 5226 2732 5292 crede,
2755 5234 2810 5282 et
2824 5240 2954 5280 cave
2977 5239 3041 5277 ne
3063 5223 3350 5292 quidquam
3375 5222 3514 5291 quod
3543 5222 3737 5276 divinis

2169 5312 2336 5367 oculis
2366 5313 2635 5382 indignum
2666 5312 2754 5373 sit,
2782 5319 2873 5363 aut
2894 5307 3152 5377 opereris,
3181 5315 3273 5360 aut
3297 5307 3520 5374 cogites.

2240 5404 2327 5457 18.
2367 5402 2498 5456 Cum
2526 5401 2821 5455 orationem
2849 5398 3121 5454 celebrare
3145 5397 3419 5452 desideras
3438 5436 3453 5459 ,
3482 5394 3641 5448 talem
3685 5403 3737 5447 te

2167 5493 2358 5549 exhibe
2381 5490 2529 5560 quasi
2550 5505 2667 5558 qum
2687 5491 2762 5545 sis
2780 5504 2899 5543 cum
2915 5488 3142 5543 Domino
3165 5486 3425 5541 locutura.
3450 5484 3580 5538 Cttm
3606 5485 3737 5551 psal-

2167 5598 2310 5639 nitnn
2339 5582 2493 5647 dicis,
2522 5581 2675 5648 cujus
2713 5579 2875 5633 verba
2913 5577 3045 5631 dicis
3082 5590 3342 5645 agnosce;
3387 5585 3442 5628 et
3486 5574 3538 5628 itt
3588 5588 3736 5628 cum-

2166 5672 2450 5744 puuctionc
2474 5672 2638 5739 magis
2668 5669 2831 5724 animi
2863 5684 3020 5739 quam
3045 5666 3344 5722 ithiunubc
3369 5666 3516 5721 vocis
3555 5665 3732 5722 dulce-
