4132 6176
403 260 476 312 89
867 260 922 315 S.
967 260 1282 318 Αιιιιιιυδιι
1323 264 1686 322 δειιιιοκκε
1725 271 1898 328 TRES
1942 277 2029 330 EX
2070 278 2227 331 COD.
2271 281 2796 336 SESSOIIIANO.—
2838 283 3216 338 l’lt.4-Il".\lll).
3571 291 3642 343 90

403 373 528 424 dine
547 369 834 467 delectare.
860 371 1142 467 bacrytnzts
1166 377 1308 430 enim
1331 378 1604 445 psallentis
1634 381 1770 436 Deus
1795 387 1964 454 magis
1997 392 2042 448 Α
2073 404 2228 457 quam
2260 391 2453 445 mariti.
2482 391 2628 446 Utnlt-
2647 396 2860 460 pulchre
2887 397 3120 448 llotuaua
3143 397 3198 449 l'lt
3217 397 3277 449 cl-
3301 397 3342 450 si
3363 399 3637 467 t,Aposlo-

405 477 562 530 quam
594 479 672 515 vo.
695 463 738 515 is
757 465 983 530 gratiam
1012 467 1346 533 comprobat,
1370 476 1505 527 sicut
1525 471 1787 540 Pr0pheta
1810 476 1933 529 dicit
1953 493 1968 532 :

408 554 600 607 Smite
632 553 850 606 Domino
879 557 932 608 in
971 559 1168 624 timore,
1207 570 1252 612 ct
1285 563 1532 616 exsultate
1561 565 1608 617 ei
1641 583 1754 618 cunt
1793 570 1830 620 ti
1851 585 1972 623 tore

411 643 576 710 (l’sal.
603 659 660 710 tt,
688 643 802 714 ll).
835 645 936 700 Ubi
966 647 1122 700 timor
1148 658 1204 701 et
1231 660 1432 705 tretttor
1460 662 1562 716 cst,
1589 654 1660 708 ibi
1689 655 1794 710 non
1827 658 1971 713 vocis

406 737 565 790 elatio
589 745 691 800 est,
721 738 816 792 sed
850 741 1043 793 anima!
1072 740 1266 796 ﬁebilis
1299 753 1353 796 et
1389 745 1680 814 lacrymosa
1715 748 1968 816 dejectio.

405 825 661 881 Omnibus
697 827 906 882 actibus
942 829 1044 882 tuis
1079 831 1403 900 diligentiam
1441 835 1655 900 adhibe.
1687 839 1807 906 quia
1837 841 1971 894 scri-

403 927 550 986 ptum
570 927 653 973 est
675 934 691 972 :
715 917 1024 976 Haledictus
1053 921 1203 974 homo
1221 924 1306 991 qui
1327 925 1451 993 facit
1483 942 1612 996 opus
1651 926 1863 982 Domini
1892 947 1971 983 ne-

401 1008 648 1078 gligenter
671 1006 883 1080 (larem.
917 1025 1058 1077 XLVI,
1089 1012 1198 1080 10).
1226 1013 1446 1069 Crescat
1488 1015 1542 1070 in
1573 1025 1626 1072 te
1667 1032 1787 1073 cum
1817 1021 1970 1074 annis

400 1102 594 1166 gratia,
623 1110 829 1154 ere-cat
869 1115 991 1157 cum
1018 1109 1173 1156 aetate
1201 1102 1438 1171 jusﬁtia;
1469 1116 1522 1160 et
1552 1106 1685 1162 ﬁdes
1707 1122 1773 1162 eo
1799 1107 1970 1175 petic-

400 1189 538 1241 etior
565 1189 825 1255 videatur,
858 1204 964 1258 quo
987 1189 1168 1244 senior
1191 1206 1252 1246 es
1294 1209 1306 1243 :
1344 1193 1465 1260 quia
1497 1193 1752 1249 Dominus
1787 1209 1970 1250 uoster

398 1282 575 1343 Jesus,
602 1280 693 1350 qui
720 1282 873 1335 nobis
895 1281 1103 1336 vivendi
1135 1283 1349 1352 reliquit
1369 1286 1696 1353 exetuplum,
1729 1289 1968 1356 prolicie-

399 1374 494 1430 bat
535 1390 638 1428 non
667 1384 813 1427 relate
851 1383 1054 1428 tantum
1093 1390 1370 1444 corporea,
1409 1379 1502 1430 sed
1547 1387 1601 1432 et
1629 1379 1878 1446 sapientia
1923 1390 1968 1431 rt

399 1466 567 1532 gratia
603 1465 826 1532 spiritali
857 1480 1026 1517 coram
1053 1463 1158 1517 Deo
1185 1473 1232 1518 et
1268 1463 1556 1520 hominibus
1584 1467 1732 1538 (Luc.
1769 1484 1825 1530 tt,
1853 1468 1965 1537 25).

399 1557 570 1607 Umue
600 1563 807 1622 tempus
830 1553 884 1607 in
913 1569 1020 1622 quo
1045 1565 1096 1608 te
1124 1569 1230 1608 non
1274 1556 1547 1610 meliorem
1581 1559 1835 1619 senseris,
1871 1559 1972 1612 hoc

401 1656 455 1699 te
470 1647 670 1699 aestima
697 1646 1009 1714 perdidisse.
1027 1646 1275 1715 Cmptum
1297 1647 1615 1716 virginitatis
1641 1652 1968 1718 prapositum

2075 479 2176 532 lieo
2205 479 2318 532 sine
2340 481 2448 533 dttb
2469 496 2519 542 o,
2548 483 2696 546 cujus
2729 485 2908 538 sedent
2931 487 3152 548 obtinet,
3176 487 3361 552 spiritu
3383 490 3636 553 animati,

2075 579 2178 622 tam
2209 583 2450 624 severam
2482 587 2651 640 nuper
2682 573 2980 642 ltujusmodi
3009 577 3323 630 sententiam
3354 579 3556 643 statuit,
3583 587 3638 632 ttt

2072 659 2180 723 vis,
2211 659 2291 712 vel
2323 660 2630 728 paenitentia
2661 663 2872 731 dignam
2898 665 3176 731 judicaret,
3197 683 3313 734 qua:
3340 667 3639 721 sanctiﬁca-

2072 759 2182 804 tum
2225 749 2337 804 Deo
2371 765 2564 818 corpus
2595 751 2873 806 libidinosa
2907 754 3335 821 coinquinatione
3366 756 3634 812 violasset.

2143 837 2230 893 l9.
2273 839 2401 894 Esto
2425 855 2554 909 ergo
2578 841 2824 894 omnibus
2852 842 3060 897 vivendi
3093 845 3280 907 l'orma,
3311 857 3428 900 esto
3457 862 3636 901 excut-

2073 929 2250 997 plum;
2289 931 2530 998 prterede
2563 941 2615 984 et
2643 930 2694 983 iu
2724 942 2842 985 actu
2881 947 3014 1001 quos
3044 931 3096 987 in
3122 935 3378 988 castitatis
3404 936 3636 989 sanctiﬁ-

2069 1023 2281 1076 catioue
2325 1023 2627 1090 pra-curris.
2662 1023 2930 1092 Virginem
2960 1036 3012 1079 te
3045 1025 3097 1079 in
3137 1027 3384 1080 omnibus
3411 1029 3634 1090 exhibe;

2071 1111 2202 1165 nihil
2227 1112 2586 1182 corruptionis
2617 1113 2898 1180 obiiciatur
2923 1115 3081 1183 capiti
3113 1125 3226 1180 tuo,
3265 1117 3415 1186 cujus
3441 1133 3636 1186 corpus

2073 1207 2336 1275 integrum
2366 1217 2466 1268 est,
2516 1215 2570 1258 ιιι
2596 1217 2648 1260 et
2695 1216 2780 1258 tua
2811 1207 2880 1260 sit
2921 1207 3237 1262 inviolabilis
3281 1211 3635 1265 conversatio.

2075 1298 2138 1351 Et
2161 1299 2411 1365 quoniam
2441 1299 2578 1350 sicut
2605 1297 2654 1349 itt
2685 1297 2906 1350 exordio
2930 1298 3171 1365 epistola:
3200 1299 3403 1365 praelati
3431 1314 3634 1356 sumus.

2073 1402 2124 1447 te
2161 1391 2250 1445 Dei
2293 1390 2610 1444 sacriﬁcium
2645 1386 2868 1446 factum:
2907 1391 3048 1459 quod
3086 1391 3272 1458 utique
3300 1400 3636 1446 sauctztatem

2071 1498 2219 1538 Sttam
2249 1481 2407 1534 etiam
2441 1482 2562 1534 aliis
2598 1481 2871 1547 impertit;
2912 1490 2971 1535 ut
3003 1483 3242 1552 quisquis
3279 1496 3342 1537 et
3386 1497 3452 1535 eo
3480 1483 3636 1550 digne

2073 1573 2379 1642 sumpserit,
2415 1572 2852 1626 sanctiﬁcationis
2885 1580 2940 1626 et
2969 1571 3081 1640 ipse
3119 1571 3189 1624 sit
3228 1572 3525 1640 particeps;
3569 1575 3636 1625 ita

2073 1679 2199 1732 ergo
2225 1672 2280 1718 et
2319 1678 2412 1728 per
2440 1672 2509 1724 te,
2544 1661 2694 1731 quasi
2732 1677 2826 1729 per
2857 1661 3098 1715 divinam
3141 1661 3365 1716 hostiam
3405 1662 3639 1715 sanctiﬁ-

401 1738 468 1789 ad
503 1738 658 1790 ﬁnem
688 1752 858 1806 usque
887 1751 1184 1800 conserva;
1235 1739 1358 1806 quia
1397 1755 1500 1792 non
1539 1738 1820 1794 inchoasse
1851 1750 1960 1794 tau-

2068 1766 2256 1809 ca-utur
2275 1765 2324 1808 et
2349 1764 2577 1815 cauerat,
2606 1767 2726 1806 cum
2750 1751 2941 1820 quibus
2966 1759 3017 1805 te
3039 1751 3108 1804 ita
3136 1753 3188 1804 iu
3216 1751 3464 1804 omnibus
3490 1751 3636 1806 eslti.

400 1839 535 1890 tum,
573 1827 664 1881 sed
699 1827 991 1896 perfecisse
1021 1828 1232 1881 virtutis
1258 1839 1372 1890 est;
1402 1831 1542 1885 sicut
1579 1829 1632 1884 in
1678 1832 1965 1902 liv:tugelio

399 1919 654 1973 Dominus
691 1920 766 1974 ait
804 1938 818 1972 :
853 1920 956 1986 Qui
989 1924 1371 1989 perseveraverit
1405 1939 1559 1990 usque
1597 1926 1648 1976 in
1689 1927 1843 1991 ﬁnem
1882 1927 1965 1978 Itic

396 2012 566 2062 ulvas
591 2010 688 2063 erit
716 2008 934 2078 (Matth.
965 2027 1092 2075 uti,
1128 2013 1240 2081 {0).
1269 2011 1411 2067 Cave
1437 2029 1504 2068 ne
1532 2014 1617 2068 cui
1650 2015 1730 2067 vel
1769 2029 1965 2068 concu-

399 2101 632 2166 pisccntli
660 2102 992 2157 occasionem
1020 2104 1222 2157 tribuas
1245 2120 1259 2157 :
1285 2106 1407 2170 quia
1430 2120 1659 2173 sponsus
1685 2117 1804 2160 tuus
1826 2106 1966 2160 Deus

395 2191 571 2244 :elans
611 2199 692 2245 est
735 2209 749 2245 :
780 2191 1118 2246 criminosior
1151 2205 1234 2248 est
1271 2196 1414 2250 enim
1453 2195 1649 2250 Christi
1694 2197 1962 2262 adultera,

394 2323 749 2335 ———.———_._

2068 1848 2216 1911 bras,
2249 1857 2305 1899 ιιι
2341 1845 2582 1914 quisquis
2626 1845 2786 1897 vitam
2824 1852 2967 1896 tuam
3005 1853 3097 1897 aut
3130 1843 3311 1896 auditu
3355 1843 3636 1910 contigerit

2066 1948 2161 1992 aut
2203 1939 2338 1992 visu.
2380 1935 2814 1992 sanctiﬁcationis
2856 1935 2962 1988 vim
2992 1935 3207 2001 sentiat,
3246 1944 3302 1988 et
3345 1934 3394 1987 iu
3435 1944 3634 1988 tantum

2067 2030 2169 2084 sibi
2186 2030 2447 2097 intelligat
2462 2030 2686 2098 gratiam
2699 2043 2763 2082 ex
2782 2036 2867 2080 tua
2886 2025 3292 2082 conversatione
3313 2025 3633 2089 ινιιηιῐιιιιιιί,

2070 2130 2126 2175 ιιι
2151 2121 2278 2175 dum
2311 2131 2363 2176 te
2393 2120 2587 2174 imitari
2623 2118 2973 2188 concupiscit,
3013 2119 3103 2172 Dei
3137 2116 3400 2171 sacriﬁcio
3427 2127 3482 2170 ct
3525 2119 3633 2186 ipse

2068 2216 2136 2269 sit
2164 2215 2376 2285 dignus.

3551 2331 3631 2342 -η

1823 2432 2192 2494 MONITUM

826 2577 936 2658 IN
1007 2577 1095 2658 s.
1155 2578 1713 2662 AMBROSII
1789 2580 2410 2666 SERMONES
2489 2521 3246 2686 SEQUENTEFQ

467 2902 557 2955 llis
584 2916 712 2956 sane
744 2903 912 2955 tribus
935 2905 1270 2957 sermonibus
1312 2906 1488 2958 locum
1531 2903 1670 2957 inter
1697 2901 1754 2956 S.
1799 2900 2209 2956 Mediolsnensis
2239 2902 2471 2970 epierpi
2502 2916 2662 2970 opera
2703 2903 2839 2954 sicut
2881 2902 3036 2964 ratio,
3063 2902 3129 2953 ita
3161 2901 3292 2952 ordo
3332 2900 3628 2954 vindicabat

379 2972 811 3042 chronologicus.
840 2973 949 3026 Cur
973 2987 1099 3042 ergo
1154 2975 1204 3026 itt
1249 2973 1350 3026 hoc
1376 2987 1516 3025 tomo
1549 2975 1704 3041 paulo
1751 2973 1902 3023 devia
1931 2971 2166 3025 editione
2190 2971 2393 3042 donati
2441 2971 2569 3042 sint,
2605 2971 2896 3036 praesertim
2938 2971 2988 3024 itt
3031 2970 3630 3042 causal‘ttitgtautatllos

378 3043 689 3107 expiscaudi
720 3043 751 3092 d
778 3040 1004 3096 l'ﬁcultas
1035 3040 1089 3096 ut
1122 3059 1226 3096 nou
1259 3045 1431 3096 minus
1461 3041 1628 3096 tribus
1653 3045 1736 3096 vel
1770 3049 1997 3110 quatuor
2031 3041 2304 3094 mensibus
2344 3040 2401 3096 S.
2442 3041 2614 3095 Patris
2639 3055 2860 3108 operum
2903 3043 3110 3095 recusio
3135 3040 3333 3093 tlill‘erri
3366 3041 3626 3110 debuisset

383 3123 442 3161 ιιι
471 3113 704 3178 ipsorum
731 3112 1039 3165 accessione
1077 3115 1456 3178 compleretur.
1487 3113 1656 3177 Quam
1705 3111 1920 3179 quidem
1967 3125 2168 3162 moram
2199 3127 2302 3163 non
2331 3110 2616 3178 diligentia:
2657 3121 2858 3164 tantum
2901 3120 3114 3173 ηοίιτςιι,
3151 3109 3242 3162 sed
3273 3111 3430 3162 etia-u
3463 3109 3626 3161 avidis

382 3181 804 3247 subscriptorqu
833 3184 971 3235 votis
1001 3183 1388 3237 intolerabilem
1421 3182 1534 3237 fore
1561 3182 1872 3242 sentientes,
1904 3179 2370 3232 Ambrosiauarum
2403 3182 2826 3233 lucubrationum
2854 3182 3066 3234 seriem.
3097 3181 3292 3247 quippe
3326 3195 3442 3246 quae
3474 3181 3619 3230 locn-

385 3250 672 3314 pfetissima
699 3250 807 3318 jam
833 3251 1101 3316 evaderet,
1131 3255 1237 3305 cito
1264 3254 1575 3318 clausimus,
1606 3251 1951 3318 sequentique
1981 3259 2126 3300 tomo
2146 3263 2420 3302 sermones
2448 3250 2798 3302 Ses~ouiauos
2833 3250 3218 3304 tle-tinavimus
3258 3265 3322 3301 eo
3362 3249 3528 3317 tuagi~
3558 3250 3612 3300 Ii-

382 3320 573 3373 benter
599 3319 737 3386 quod
767 3322 914 3389 quasi
957 3321 1262 3390 appcttdicis
1291 3324 1406 3375 vice
1431 3321 1496 3374 ad
1516 3332 1758 3389 quartum
1788 3318 2038 3372 smculnm
2063 3327 2237 3371 tomus
2271 3319 2356 3372 die
2381 3321 2654 3372 iuncturus
2683 3328 2849 3372 esset.

392 3452 645 3464 Ψ-

2495 3445 3447 3461 ———————-
3463 3452 3548 3463 —-
3567 3449 3623 3462 -

1042 3580 1196 3676 ι).
1288 3577 1970 3680 LEANDRI
2046 3575 3001 3678 PlUEFATlO.‘

451 3942 489 3995 1.
535 3941 708 3995 Sancti
759 3939 1009 3992 Ambrosii
1035 3941 1222 4007 scripta
1257 3955 1453 3992 summa
1479 3943 1531 3991 iu
1562 3939 1748 3992 honore
1780 3938 1944 3990 habitu
1977 3939 2022 4000 C
2053 3939 2282 3992 alienum
2317 3939 2597 3993 redderent
2624 3940 2722 4006 (ὁ).
2752 3940 2926 4006 Quare
2950 3955 3052 3992 uou
3091 3939 3365 3994 defuerunt
3404 3939 3622 3994 liomaui

379 4041 518 4091 sunt,
543 4047 696 4095 eaque
730 4032 784 4082 in
825 4031 998 4081 multis
1027 4031 1147 4082 olim
1172 4031 1348 4082 vitiata
1370 4047 1402 4080 a
1435 4029 1684 4083 Mattrinis
1717 4045 1950 4096 prtcnnr-

377 4131 498 4187 gnta
556 4125 711 4188 fuere.
744 4150 813 4158 —
853 4120 1033 4174 Sancti
1081 4121 1370 4182 Ambrosii,
1399 4122 1486 4189 qui
1531 4121 1729 4174 su‘culo
1764 4130 1952 4188 quarto

378 4225 450 4278 ep
472 4211 735 4277 scopalem
751 4208 1028 4263 Mediolani
1043 4211 1424 4264 nobilissimam
1439 4214 1614 4265 sedem
1629 4213 1818 4276 tenuit,
1838 4213 1951 4278 plu-

381 4299 502 4351 rimi
543 4314 754 4368 semper
780 4299 975 4367 scripta
999 4299 1187 4353 iecisse
1227 4299 1432 4367 Patres,
1476 4302 1749 4368 pontiﬁces
1781 4303 1949 4354 maxi-

383 4404 523 4454 mos,
551 4389 771 4443 concilia
811 4389 1160 4454 mettmenica,
1203 4399 1258 4444 et
1299 4391 1552 4456 ipsosmet
1600 4392 1950 4444 heterodottos

383 4496 544 4534 nemo
589 4481 823 4535 eruditus
863 4481 1070 4546 ignorat
1113 4480 1210 4548 (τι).
1268 4483 1510 4534 Attamen
1559 4495 1708 4549 seque
1754 4489 1951 4534 nomn:

382 4585 612 4633 omnes,
679 4573 817 4625 inter
863 4583 1022 4638 Opera
1051 4571 1272 4636 hujusce
1334 4571 1653 4623 sanctissimi
1715 4571 1953 4636 [il'ﬂ‘SllllS

384 4663 682 4730 armcrypha
715 4661 876 4714 multa
911 4659 1071 4713 fuisse
1115 4660 1277 4712 relata
1323 4660 1605 4727 multisque
1650 4659 1785 4713 adeo
1815 4659 1955 4714 vitiis

387 4753 601 4816 referta,
634 4761 691 4805 ut
715 4751 965 4821 quiddam
1007 4753 1164 4805 etiam
1209 4767 1237 4802 a
1261 4750 1522 4805 catholico
1549 4765 1655 4804 seu
1677 4767 1708 4804 u
1738 4767 1955 4819 prorsus

457 4885 489 4914 "
519 4881 812 4949 Epistulam
857 4879 1314 4948 nuncupatoriaut,
1343 4895 1461 4947 qua:
1498 4878 1630 4949 huic
1658 4877 1953 4946 prmfatiOui

388 4947 624 5018 υνξεροίιὶ
649 4949 900 5013 debebat,
936 4947 1117 5004 errOre
1151 4959 1324 5002 autem
1356 4947 1736 5018 typographico
1762 4952 1956 5002 omissa

387 5029 491 5074 Cal.
526 5020 712 5082 legesis
736 5019 802 5072 ad
827 5021 1029 5073 calcem
1059 5019 1214 5088 hujus
1243 5021 1392 5072 tomi.
1422 5019 1572 5071 Eutr.

460 5091 538 5157 (α)
583 5088 779 5142 Videsis
831 5091 1024 5143 selecta
1076 5098 1312 5142 veterum
1358 5087 1688 5151 testimonia,
1740 5101 1860 5152 qua:
1904 5087 1955 5140 in

393 5159 564 5223 primo
588 5159 852 5211 volumine
891 5159 948 5212 S.
977 5158 1238 5211 Ambrosii
1268 5171 1420 5226 oper.
1452 5157 1550 5210 sub
1589 5157 1896 5224 prati-alioue
1928 5173 1956 5207 ιι

393 5229 643 5282 Maurinis
668 5230 888 5282 collecta
918 5227 1196 5282 habentur.

464 5297 540 5366 (ὁ)
580 5298 744 5350 Porro
765 5297 890 5350 olim
923 5296 980 5350 S.
1007 5294 1290 5349 Ambrosio
1317 5294 1381 5347 ad
1429 5294 1672 5348 Paul'uas
1699 5293 1954 5366 epistolas

394 5363 762 5420 trilutebautur
788 5369 1189 5427 commentaria,
1220 5379 1444 5432 quorum
1487 5379 1616 5417 sane
1652 5374 1837 5432 auctor
1857 5363 1951 5416 aii-

391 5435 517 5504 quid
545 5451 664 5489 cum
694 5450 820 5488 sana
837 5436 1073 5488 doctrina
1101 5431 1556 5504 haudconsonum
1583 5433 1759 5486 habet.
1785 5431 1950 5504 Certe,

391 5501 630 5558 scribunt
659 5504 978 5559 Benedictiui
997 5504 1232 5558 editores
1251 5503 1302 5556 in
1324 5503 1578 5557 admouit.
1604 5517 1766 5570 prtev.
1797 5509 1836 5554 t.
1863 5501 1950 5564 IV,

393 5575 448 5628 iu
475 5575 698 5639 appeud.
732 5573 832 5626 col.
883 5575 973 5635 '50,
1009 5574 1211 5640 defendi
1235 5589 1331 5625 non
1356 5581 1512 5639 potest
1535 5588 1704 5624 eorum
1735 5573 1809 5639 (id
1848 5580 1948 5633 cst,

391 5657 705 5698 ctuttmcntnt
721 5643 914 5707 iurum)
931 5653 1124 5708 unctor,
1140 5644 1260 5707 quin
1283 5657 1394 5695 cum
1418 5641 1633 5709 Urigruc
1649 5643 1879 5704 senserit,
1901 5642 1950 5690 in

2061 4045 2141 4094 po.
2171 4031 2358 4092 tiﬁces.
2394 4033 2482 4099 qui
2514 4046 2635 4085 eum
2669 4041 2772 4083 tam
2801 4032 2994 4086 veteris
3031 4041 3242 4098 tamque
3278 4031 3411 4085 bene
3453 4033 3624 4086 meriti

2057 4121 2123 4173 de
2151 4121 2385 4176 Ecclesia
2417 4121 2584 4175 Patris
2613 4122 2806 4188 scripta
2838 4121 2902 4176 ad
2943 4136 3087 4179 sanat
3113 4121 3373 4176 doc-trina:
3409 4121 3618 4175 laudem

2057 4222 2311 4280 cupcrent
2334 4213 2687 4279 elﬁorescere,
2720 4215 2846 4268 viris
2873 4215 3041 4268 doctis
3069 4215 3415 4268 vehementer
3443 4225 3623 4268 essent

2057 4312 2324 4367 auctores,
2355 4311 2409 4356 ut
2439 4303 2650 4356 collatis
2690 4304 2852 4365 curis,
2893 4304 2958 4356 ad
2999 4318 3185 4356 novam
3221 4304 3505 4357 editionem
3532 4320 3625 4358 ev-

2059 4392 2352 4447 cudeudam
2377 4392 2593 4461 optimae
2619 4401 2758 4446 notae
2784 4391 2998 4446 codices
3023 4393 3210 4446 sedulo
3233 4392 3621 4462 perquirercut,

2056 4483 2318 4551 simulque
2341 4480 2680 4543 conferrent;
2718 4497 2787 4535 ex
2833 4482 3024 4550 quibus
3051 4491 3106 4536 et
3131 4482 3390 4550 genuinos
3411 4493 3625 4550 possent

2057 4574 2435 4628 Ambrosianus
2465 4572 2601 4627 fetus
2634 4572 2880 4640 seligere,
2916 4571 3075 4625 falsos
3116 4587 3387 4640 respuere,
3415 4582 3468 4626 et
3504 4586 3623 4624 cer-

2054 4672 2136 4717 tas
2161 4661 2399 4731 ejusdem
2443 4662 2685 4731 praesulis
2729 4661 3023 4714 sententias
3051 4659 3264 4715 elicere.
3308 4661 3441 4714 Hine
3479 4674 3627 4712 Ittall-

2056 4751 2192 4807 datis
2231 4767 2557 4806 summorum
2597 4751 2898 4817 pontiﬁcum
2929 4751 3006 4804 Pii
3034 4750 3117 4814 IV,
3143 4758 3198 4804 et
3229 4751 3303 4804 Pii
3328 4750 3389 4815 V,
3423 4751 3626 4819 Grego-

2065 4881 2318 4931 t'olnntate
2358 4879 2645 4933 dwmonum
2687 4894 2790 4930 esse
2818 4878 2878 4929 ab
2901 4894 3072 4931 errore
3111 4877 3322 4930 resilire.
3375 4875 3630 4939 Explora-

2064 4958 2170 5000 tum
2197 4965 2394 5017 qttoqtte
2421 4948 2567 5000 ulcus
2587 4958 2677 5009 est,
2711 4949 2846 5013 quod
2889 4950 3066 5017 mariti
3094 4948 3360 5017 [ususque
3383 4962 3490 5017 esse
3511 4961 3630 4998 con-

2068 5015 2248 5082 tendit,
2276 5033 2434 5070 ποτε
2461 5026 2664 5087 propter
2687 5016 2996 5069 adulterium
3028 5015 3329 5082 repudiato,
3352 5016 3508 5067 alium
3551 5017 3620 5067 du

2064 5103 2174 5139 cere
2201 5102 2216 5138 :
2249 5088 2394 5138 uxori
2425 5095 2594 5138 mttem
2624 5087 2685 5137 ult
2728 5087 2958 5138 adultero
2992 5087 3209 5157 conjuge
3229 5094 3481 5157 separatu;
3519 5101 3630 5136 rnnt

2063 5157 2166 5208 alio
2194 5157 2322 5208 inire
2341 5157 2634 5224 cottjnginnt
2659 5158 2808 5207 licere
2848 5166 2992 5223 negat
3019 5152 3175 5223 (ll’iue
3204 5155 3408 5224 Cianou,
3437 5152 3578 5207 Uxor
3599 5170 3630 5204 a

2065 5229 2170 5276 viro
2210 5227 2295 5286 I7,
2336 5223 2601 5285 cttusyﬁﬁ,
2649 5234 2836 5290 qumst.
2889 5225 2941 5286 7,
2982 5228 3048 5278 de
3090 5239 3196 5291 quo
3237 5223 3456 5275 Romani
3505 5238 3628 5275 cor-

2067 5303 2298 5346 rectores
2331 5294 2540 5347 videndi
2572 5293 2738 5347 sunt).
2773 5294 2877 5346 Sed
2907 5309 2996 5345 nec
3031 5295 3123 5346 illa
3168 5311 3194 5346 c
3217 5293 3316 5344 iam
3359 5296 3482 5344 satis
3504 5307 3629 5343 sana

1987 5337 2032 5396 ί)
2060 5372 2203 5423 sunt,
2232 5364 2367 5430 quod
2410 5365 2595 5431 [oetam
2641 5337 2717 5414 αιί
2752 5362 3019 5431 imaginem
3065 5362 3155 5414 Dei
3185 5363 3442 5431 mulierem
3481 5374 3628 5431 csso:

2061 5429 2318 5500 episcopos
2372 5429 2685 5497 superiorem
2755 5429 3051 5500 presbyteris
3111 5432 3326 5499 gradum
3387 5429 3628 5500 obtinere,

2060 5497 2148 5552 aut
2172 5497 2370 5553 diuersa
2394 5502 2588 5554 institui
2622 5497 2960 5561 ordtnatione,
2994 5497 3291 5570 inﬁcimur;
3321 5507 3366 5548 rt
3393 5497 3628 5564 qtttcdunt

2058 5571 2162 5689 alita
2185 5577 2440 5689 emugiunt
2465 5570 2828 5625 catholicorum
2853 5575 3016 5625 sensui
3052 5573 3214 5623 minus
3244 5582 3466 5633 cmqrno
3509 5575 3627 5619 sult-

2058 5656 2106 5689 ιιι
2151 5655 2176 5689 c
2208 5651 2282 5689 Ira
2326 5649 2384 5689 tt.

2058 5651 2176 5691 Μαο
2208 5651 2384 5691 Ινηαιτ.
