4176 6184
484 306 544 359 9|
1448 301 1502 355 S.
1545 299 1862 353 Αιιιςιιυδιι
1906 300 2444 358 ΜίκῡΙΟιΛΝΕΝΒΙΞ
2486 303 2780 359 ΙνῖΡιδϐυῐἸ
3663 311 3736 364 9‘!

483 422 544 472 ni
573 416 705 474 XIII.
731 431 792 470 ac
821 418 1000 470 studio
1023 426 1077 469 et
1103 415 1283 468 labore
1305 413 1438 468 Sixti
1473 411 1534 478 V,
1567 410 1801 465 Romana
1836 413 2057 466 Ambro—
2090 418 2132 472 Α
2165 413 2264 479 bis,
2296 416 2508 484 accipio,
2540 424 2596 468 et
2615 416 2807 483 arripio
2834 431 2854 478 ;
2893 431 2985 467 con
3026 430 3151 468 vero
3176 425 3352 468 servat
3382 432 3413 469 n
3439 426 3563 470 ante
3587 418 3625 481 Ι,
3657 435 3728 480 in,

481 512 786 579 siiopermn
827 509 990 563 editio
1017 515 1332 562 emterarum
1372 505 1608 559 omnium
1658 504 2048 558 absitlutissima

482 602 677 670 prodiit
705 602 754 654 itt
778 601 948 655 lucem
980 597 1074 668 (ιι).
1104 597 1300 652 Verum
1327 611 1447 650 cum
1476 605 1530 649 et
1559 596 1608 648 in
1641 595 1728 648 illa
1759 611 1863 648 non
1888 609 2050 664 pauca

481 693 864 760 reperirentur,
909 706 1048 758 quae,
1097 699 1155 742 ut
1195 689 1244 740 in
1275 687 1513 754 ejusdem
1537 686 1593 739 S.
1625 685 1861 740 doctoris
1890 701 2051 755 opera

482 781 684 850 przelati
724 790 848 834 sunt
887 779 1106 832 Mancini
1161 778 1258 847 (b),
1307 792 1412 829 non
1468 775 1626 830 modo
1647 778 1715 829 ab
1759 777 2050 842 haereticis,

480 888 662 927 vertun
693 875 852 926 etiam
876 871 944 924 ab
972 869 1285 924 orthodoxis
1317 868 1454 920 haud
1501 869 1617 923 sine
1644 882 1802 923 causa
1834 869 2053 924 minime

480 966 860 1033 probarentur;
905 971 1098 1030 praesto
1145 959 1243 1014 fuit
1292 961 1400 1028 ipsa
1451 961 1806 1016 Maurioorum
1841 977 2049 1024 manus,

480 1056 569 1123 qui
599 1053 892 1118 Herculeis,
916 1062 974 1106 ut
1003 1052 1074 1106 ita
1104 1052 1298 1120 dicam,
1343 1051 1513 1108 ferme
1540 1053 1824 1108 exantlatis
1857 1055 2054 1107 labori-

479 1143 577 1198 bus
609 1145 658 1197 in
684 1143 941 1197 rimandis
969 1142 1328 1210 bibliothecis,
1351 1153 1404 1197 et
1426 1144 1697 1198 codicibus
1716 1145 2052 1199 conferendis

477 1232 718 1303 episcopi
767 1231 1178 1306 Mcdiolauensis
1225 1232 1419 1301 scripta
1457 1233 1603 1288 omni
1649 1249 1801 1288 ntevo
1831 1247 2051 1304 purgata

478 1336 688 1381 suomet
717 1327 1061 1380 restituerunt
1093 1325 1298 1389 honori,
1331 1341 1523 1380 novam
1557 1324 1914 1394 pervulgaudo
1941 1324 2052 1377 edi-

477 1416 702 1479 tionem,
727 1431 846 1484 qua:
870 1416 1173 1483 superiores
1203 1430 1389 1470 omnes
1433 1414 1618 1483 judicii
1660 1415 1962 1470 maturitate
1999 1427 2053 1470 et

478 1509 814 1564 multitudine
841 1509 1158 1564 eruditionis
1198 1509 1348 1563 facile
1377 1508 1647 1576 superavit
1676 1509 1768 1577 (c).

549 1600 611 1653 ll.
648 1599 1007 1653 Maurinomm
1057 1599 1211 1652 editio
1269 1601 1429 1653 tribus
1487 1600 1680 1652 ditatur
1723 1589 2051 1653 sermonibus

478 1704 506 1742 e
541 1687 713 1742 codice
767 1688 1070 1742 Sessortuno
1104 1689 1431 1758 depromptis.
1457 1718 1526 1728 —
1552 1689 1664 1741 lam
1693 1704 1819 1743 vero
1861 1689 1986 1756 quib
2008 1706 2048 1744 IS

2155 522 2208 572 p,
2239 521 2298 569 r;
2326 516 2486 574 atque
2513 507 2563 558 in
2592 521 2855 575 nunquam
2876 505 3098 560 dimittit
3123 523 3156 559 ιι
3189 516 3314 562 ante
3337 508 3387 572 ὁ,
3421 523 3490 568 nt,
3525 525 3580 577 p,
3607 524 3654 572 s,
3679 513 3726 564 si

2153 596 2341 658 impleo
2361 598 2577 651 verbum
2593 597 2886 664 exceperis.
2906 597 3176 652 Vocabula
3201 609 3378 653 autem
3409 609 3554 666 aput,
3577 602 3728 665 aliut,

2153 689 2289 754 illul,
2303 690 2624 760 istut,jubat,
2641 700 2772 753 εις..
2790 705 3012 757 quorum
3028 690 3184 744 lectio
3199 691 3546 760 plerumquea
3569 706 3727 747 senati

2155 779 2359 832 aurimn
2391 779 2672 834 scribemis
2693 780 2888 832 dictata
2913 781 3073 834 verba
3101 780 3414 846 excipientis
3438 782 3729 849 pendebat,

2154 869 2265 923 fere
2285 884 2498 938 semper
2523 872 2745 923 recitato
2769 869 2926 923 modo
2953 872 3003 923 in
3027 869 3212 925 codice
3233 871 3428 938 scripta
3458 873 3713 937 reperies,

2157 958 2207 1010 in
2239 974 2343 1025 quo
2386 959 2524 1012 bona
2573 968 2822 1024 rectaque
2863 959 3123 1028 scriptura
3178 959 3460 1025 habentur,
3505 963 3722 1026 caelum,

2154 1049 2934 1119 condicio,in'ellego,querrlla,
2957 1050 3152 1115 uincla,
3177 1063 3336 1118 atque
3351 1052 3453 1105 alia
3480 1053 3722 1120 plurima,

2156 1154 2275 1205 quin
2303 1141 2352 1192 in
2381 1145 2512 1192 meis
2549 1139 2766 1193 scltoliis
2791 1139 3223 1208 palmographicis
3257 1143 3425 1195 textui
3449 1143 3726 1197 substratis

2158 1230 2294 1284 haud
2327 1232 2658 1285 inobservata
2697 1231 2904 1298 reliqui.
2955 1229 3103 1284 Nulla
3151 1241 3405 1299 prasterea
3455 1232 3507 1285 in
3543 1233 3724 1286 codice

2157 1337 2317 1391 pausa
2380 1332 2484 1390 est,
2550 1323 2689 1376 nulla
2739 1321 3105 1376 admirationis
3157 1324 3242 1378 vel
3297 1324 3722 1391 interrogationis

2155 1412 2331 1480 signa,
2373 1412 2516 1465 nulla
2561 1413 2841 1466 verborum
2891 1412 3160 1467 distinctio
3207 1423 3452 1483 apparet;
3484 1415 3576 1468 sed
3609 1431 3729 1468 raro

2156 1515 2346 1572 puncta
2371 1515 2424 1559 et
2445 1505 2628 1559 eadem
2651 1521 2864 1574 semper
2892 1506 3085 1573 media,
3119 1521 3181 1560 ac
3218 1508 3286 1559 ita
3331 1516 3532 1562 temere
3561 1522 3726 1576 appo-

2155 1599 2278 1662 sita,
2309 1607 2364 1650 ut
2390 1595 2556 1664 magis
2592 1611 2779 1651 sensus
2808 1607 3035 1664 augeant
3064 1597 3484 1666 ambiguitatem.
3518 1599 3728 1652 Littera:

2157 1688 2207 1738 in
2242 1688 2342 1740 line
2370 1702 2618 1741 versuum
2643 1687 2690 1739 al
2717 1689 2930 1746 quando
2969 1689 3298 1749 minuuntur,
3335 1687 3415 1740 vel
3448 1688 3498 1741 in
3544 1703 3729 1741 mono-

478 1780 684 1834 laudata
726 1781 893 1836 editio
919 1780 1102 1849 augeri
1145 1755 1331 1848 possit,
1380 1795 1526 1846 ecce,
1567 1789 1622 1834 nt
1649 1796 1748 1849 ego
1794 1755 2050 1845 arbitror,
2089 1755 2126 1812 Β
2156 1795 2394 1848 gramina
2434 1789 2645 1833 coeunt.
2714 1779 2987 1834 Librarius
3041 1781 3246 1834 nonni~i
3294 1781 3501 1848 parcius
3542 1782 3732 1834 litteris

484 1880 593 1923 ttes
623 1871 750 1922 mihi
778 1885 1055 1924 sermones
1085 1870 1266 1924 inediti
1305 1871 1354 1923 in
1387 1871 1714 1925 Sesst-rianis
1745 1889 1910 1936 nuper
1939 1873 2053 1937 plu-

478 1960 579 2012 teis
608 1958 926 2027 deprchensi
955 1967 1098 2024 sunt,
1115 1974 1249 2030 quos
1267 1961 1460 2015 eruditi
1483 1963 1576 2014 viri
1600 1964 1712 2018 sive
1735 1962 1892 2017 fontis
1915 1965 2053 2019 unde

477 2060 693 2104 manant
724 2059 1037 2105 vetustatem
1068 2061 1329 2119 spectent,
1377 2051 1490 2107 sive
1517 2055 1832 2108 documenta
1883 2057 2053 2110 utilis-

480 2141 760 2208 sima,qum
787 2140 911 2194 inde
937 2140 1001 2194 ad
1028 2140 1393 2197 infortuandos
1424 2143 1846 2197 Christianorum
1879 2161 2054 2199 mores

479 2231 776 2284 reditu-lare
826 2239 1027 2284 certum
1060 2240 1162 2295 est,
1215 2223 1482 2300 paulisper
1521 2234 1829 2302 respiciant,
1868 2235 2004 2304 dign:
2029 2251 2056 2290 s

479 2320 631 2387 plane
653 2332 960 2387 agnoscent,
1002 2323 1231 2386 t-outido,
1261 2338 1394 2391 quos
1432 2324 1622 2392 cupide
1651 2341 1838 2379 omnes
1876 2341 1937 2380 ac
1963 2326 2053 2380 be-

482 2413 667 2467 nevole
697 2415 988 2478 eu'ipiaul.
1485 2415 1487 2417 ’

495 2517 500 2523 ’
547 2503 632 2557 Ill.
663 2504 949 2559 Seueriani
989 2507 1100 2558 cedi
1134 2507 1175 2558 is
1197 2516 1436 2569 vetustas,
1466 2516 1512 2560 el
1555 2509 1959 2579 pala'ograpltia.
1990 2542 2054 2550 —

480 2594 618 2649 Fons
643 2597 850 2660 quidem
881 2597 1066 2675 harum
1095 2613 1396 2652 :ermonum
1427 2599 1862 2666 pra-clarissimus
1889 2604 2054 2656 cmlex

476 2686 567 2740 ille
593 2686 993 2741 Nonantulunus
1013 2697 1114 2753 est,
1145 2689 1326 2742 format
1371 2690 1479 2744 fere
1508 2692 1800 2759 quadram,
1831 2702 1885 2746 et
1906 2697 2056 2749 sottio

475 2778 690 2832 lissimis
737 2779 1060 2833 membranis
1109 2793 1440 2848 compactos,
1495 2783 1582 2850 qui
1642 2784 1907 2850 quondam
1961 2803 2052 2838 nu-

474 2869 636 2922 meris
665 2866 756 2924 Gl).
785 2869 873 2934 90,
909 2878 1001 2922 aut
1055 2871 1156 2924 154
1207 2872 1576 2942 prmsignatus,
1626 2877 1784 2927 modo
1816 2877 1865 2929 in
1919 2892 2055 2930 novo

472 2960 718 3030 cataIOgo
759 2975 787 3012 a
836 2976 920 3014 me
966 2961 1213 3016 conlecto
1263 2964 1754 3034 quittquagcsiunnn
1806 2967 2050 3034 quintum

2153 1869 2509 1938 singularibus
2531 1871 2611 1923 vel
2637 1869 2784 1936 siglis
2805 1870 2988 1935 utitur,
3003 1876 3058 1924 et
3079 1870 3289 1936 quidem
3308 1871 3388 1933 iis,
3405 1886 3521 1939 qum
3545 1887 3591 1938 pt
3606 1871 3728 1924 iccis

2159 1960 2450 2015 tabellariis
2489 1961 2643 2012 obvia
2695 1961 2925 2025 fuerunt,
2977 1972 3031 2014 ut
3064 1977 3150 2015 ex.
3181 1977 3262 2029 gr.
3294 1959 3445 2029 lncp,
3482 1961 3605 2022 Dns,
3636 1959 3728 2024 οε,

2155 2052 2254 2114 ihs,
2280 2067 2395 2119 aps,
2421 2067 2526 2118 sps,
2573 2067 2668 2109 res.
2720 2066 2826 2110 nr.,
2872 2065 2968 2118 pro
3010 2050 3198 2119 Incipit
3245 2049 3525 2112 Dominus,
3573 2049 3728 2110 Dens.

2157 2140 2323 2204 Iesus,
2361 2139 2614 2204 Christus,
2651 2139 2898 2204 Spiritus,
2946 2138 3192 2205 Sanctus,
3225 2149 3412 2203 uoster,
3447 2150 3503 2195 et
3531 2143 3580 2193 in
3627 2143 3730 2196 line

2157 2243 2340 2283 vocum
2368 2228 2416 2282 ὁ·
2445 2238 2500 2282 et
2523 2245 2576 2298 ᾳ·
2601 2245 2720 2282 cum
2747 2229 2923 2283 medio
2946 2239 3140 2298 puncto
3173 2245 3267 2298 pro
3305 2230 3396 2283 bus
3432 2239 3485 2283 et
3523 2246 3636 2296 que.

2224 2320 2311 2374 IV.
2357 2321 2672 2373 Ambrosiani
2702 2337 2952 2373 sermones
2993 2331 3093 2373 tres
3123 2322 3176 2373 in
3207 2320 3301 2374 hoc
3348 2321 3523 2375 eodem
3559 2324 3730 2374 codice

2154 2414 2374 2466 contenti
2400 2429 2500 2479 qua
2524 2413 2585 2464 de
2609 2428 2662 2464 re
2687 2421 2988 2465 censeantur
3019 2412 3215 2464 inediti.
3243 2442 3312 2454 —-
3339 2413 3486 2478 Quod
3519 2427 3642 2466 vero
3669 2414 3719 2465 iu

2157 2502 2256 2556 hoc
2283 2504 2652 2570 antiquissimo
2697 2505 2879 2558 codice
2917 2517 3195 2558 sermones
3227 2514 3332 2558 tres
3361 2504 3417 2557 S.
3470 2506 3729 2559 Ambros-i

2155 2595 2368 2650 nomine
2413 2597 2696 2663 inscripfos
2739 2595 2963 2649 inveniri
3013 2595 3241 2651 ineditos
3275 2610 3544 2657 asseram.
3581 2611 3733 2649 Conr-

2153 2698 2278 2756 guat
2306 2703 2390 2742 mc
2413 2704 2606 2753 nemo;
2651 2704 2771 2741 nam
2803 2690 2844 2740 si
2899 2688 2948 2741 id
2981 2691 3155 2742 minus
3185 2697 3327 2742 recte
3348 2729 3362 2753 ,
3396 2688 3530 2741 haud
3558 2698 3730 2742 mineo

2155 2788 2356 2834 temere
2387 2781 2608 2843 dixero;
2632 2795 2752 2834 cum
2777 2779 3010 2832 adhibita
3034 2793 3156 2833 citra
3181 2795 3283 2848 qua
3315 2795 3415 2834 non
3450 2782 3590 2849 potui
3619 2797 3730 2832 ma-

2147 2872 2288 2937 jore,
2327 2871 2444 2924 illos
2474 2885 2573 2924 nec
2612 2871 2662 2922 in
2695 2869 2961 2925 Ambrosii
3000 2870 3270 2938 hucusque
3298 2871 3518 2941 vulgatis
3548 2874 3723 2938 operi-

2152 2960 2281 3026 bus,
2313 2974 2412 3014 nec
2461 2961 2598 3013 inter
2635 2957 2732 3015 SS.
2767 2960 3077 3027 Augustini,
3111 2960 3322 3014 Maximi
3368 2969 3423 3015 et
3468 2960 3728 3030 Fulgentii

474 3051 698 3104 sortitus
740 3061 822 3104 est
872 3066 1172 3107 numerum.
1220 3052 1358 3120 Ejus
1407 3055 1742 3122 scripturam.
1803 3072 1921 3124 quae
1979 3058 2047 3109 ita
2075 3087 2120 3147 ϐ
2153 3066 2335 3116 opera,
2366 3066 2485 3120 qua:
2525 3060 2728 3106 vetusta
2759 3062 2915 3106 :etate
2942 3066 3064 3106 eum
3118 3052 3479 3107 Ambrosianis
3531 3054 3725 3108 scimus

469 3142 691 3195 evanida
714 3152 817 3204 est,
850 3151 906 3195 ut
935 3143 1111 3210 plures
1148 3152 1434 3197 occurrant
1471 3146 1676 3214 pagina:
1705 3147 1860 3198 valde
1907 3147 2046 3199 lectu

470 3231 718 3285 dilfieiles
743 3242 799 3286 et
827 3233 1146 3296 obscurata',
1172 3232 1226 3287 in
1257 3249 1454 3287 excuso
1487 3236 1798 3300 speeimine,
1825 3238 1961 3304 quod
1995 3236 2045 3288 in

472 3320 709 3374 Romana
736 3319 792 3376 S.
827 3321 1038 3374 Maximi
1070 3319 1302 3375 editione
1327 3322 1448 3374 anni
1488 3322 1644 3389 1784,
1679 3324 1783 3377 tab.
1824 3325 1873 3387 l,
1904 3341 1956 3377 ιι.
1987 3324 2043 3391 2,

471 3428 593 3482 pag.
621 3412 726 3465 200
755 3412 962 3479 visitur,
995 3422 1317 3480 cognoscent
1346 3413 1558 3467 eruditi.
1609 3413 1699 3466 llla
1740 3415 1932 3482 quippe
1961 3431 2044 3470 sc-

470 3501 683 3566 cundm,
721 3511 778 3555 ut
805 3500 1011 3564 dicunt,
1071 3503 1322 3557 llomanm
1370 3509 1542 3557 tctatis
1591 3506 1656 3558 ad
1690 3508 2044 3576 longobardi-

472 3606 593 3644 cum
645 3591 724 3659 (tl)
773 3591 1097 3655 inclinantis,
1123 3607 1191 3646 ne
1216 3606 1334 3647 cum
1381 3593 1800 3650 eminentissimo
1835 3597 2044 3652 Besutio

468 3681 640 3736 dcam
689 3697 738 3734 v1
789 3681 881 3749 (c),
929 3681 1060 3735 mhi
1105 3683 1301 3736 sa‘culo
1331 3699 1400 3737 vn
1433 3685 1512 3738 vel
1554 3688 1616 3739 ad
1669 3705 1935 3742 smnmum
1963 3693 2042 3744 in-

469 3783 630 3826 eunte
659 3788 748 3827 vm
773 3786 988 3827 exarata
1033 3775 1258 3828 videtur.
1293 3777 1542 3842 Ejusdem
1585 3782 1728 3832 enim
1766 3785 2041 3850 orthogra—

467 3862 589 3930 phia
622 3862 688 3916 ad
739 3864 964 3931 priscam
1007 3879 1246 3917 normam
1279 3861 1572 3921 rectissime
1613 3876 1807 3938 scripta
1837 3882 1948 3936 est;
1988 3886 2040 3927 et

465 3953 678 4021 quidem
710 3955 972 4006 constanti
1003 3953 1136 4007 adeo
1170 3963 1407 4008 veterum
1434 3956 1673 4010 codicum
1707 3961 2038 4014 auctoritate

465 4047 696 4107 lirtnata,
732 4054 788 4097 tit
819 4045 974 4113 plane
1013 4045 1078 4098 ad
1113 4046 1394 4101 rectiorem
1431 4047 1576 4102 illum
1625 4051 1891 4106 scribendi
1926 4069 2036 4106 ino-

463 4135 590 4189 dum
620 4138 812 4190 reverti
839 4151 1059 4192 necesse
1085 4139 1174 4190 sit.
1200 4139 1317 4193 lam
1355 4155 1482 4192 vero
1512 4140 1613 4196 bne
1639 4141 1827 4196 eodem
1863 4147 1914 4196 in
1943 4159 2034 4198 eo-

460 4229 580 4281 diee
606 4241 870 4295 nunquam
907 4226 1072 4281 forma
1102 4227 1145 4281 V
1176 4229 1445 4297 scribitur,
1483 4231 1576 4286 sed
1607 4248 1819 4299 semper
1843 4242 1925 4288 est
1952 4233 2032 4298 U;

463 4333 633 4386 neque
659 4317 760 4370 ulla
785 4317 885 4370 alia
909 4331 1066 4386 quam
1090 4333 1190 4372 una
1207 4318 1564 4389 diphthongus
1591 4337 1650 4374 ae
1671 4322 1871 4391 absque
1894 4339 2032 4378 nexu

2153 3141 2311 3196 ivisse
2352 3144 2607 3208 permixta
2629 3181 2642 3204 ,
2681 3157 2780 3196 nec
2807 3144 2945 3196 inter
2970 3142 3193 3196 aliorum
3215 3142 3317 3197 SS.
3351 3142 3564 3197 Patrum
3593 3145 3722 3198 scri-

2152 3240 2236 3291 pta
2270 3231 2578 3298 repercrim.
2617 3229 2886 3296 Praecipue
2913 3237 3088 3283 autem
3115 3245 3291 3284 meum
3335 3230 3435 3285 hoe
3475 3231 3723 3298 prazjudi-

2146 3322 2285 3376 cium
2316 3323 2657 3376 cumulahaut
2687 3323 2782 3376 tria
2807 3322 2894 3375 iila
2928 3320 3075 3376 Isaia:
3106 3321 3404 3376 testimonia
3436 3337 3493 3384 ι,
3518 3321 3605 3387 55,
3635 3322 3722 3386 5⁵,

2145 3421 2199 3464 et
2225 3427 2305 3477 xi,
2331 3413 2385 3474 5,
2418 3428 2536 3478 qua:
2565 3412 2765 3480 integra
2795 3411 3040 3479 leguntur
3072 3410 3123 3464 in
3149 3410 3306 3465 tertio
3334 3425 3581 3465 sermone
3611 3412 3721 3481 (f);

2130 3503 2262 3577 quia
2321 3517 2511 3568 nempe
2569 3501 2895 3555 Sabatierius
2957 3501 3007 3554 in
3057 3501 3167 3554 suis
3235 3501 3438 3554 biblieis
3498 3501 3724 3571 antiquae

2151 3593 2403 3650 versionis
2449 3593 2754 3662 fragmentis
2783 3590 2891 3653 vel,
2940 3599 2998 3645 ut
3033 3591 3116 3644 illa
3150 3606 3204 3654 ι,
3247 3593 3337 3658 55,
3377 3590 3467 3658 δι,
3511 3591 3722 3645 nonnisi

2145 3698 2249 3738 ιιιιιι
2280 3687 2324 3738 Ι.ι
2379 3686 2592 3748 referat,
2623 3687 2702 3739 vel
2749 3692 2804 3737 ttt
2835 3681 2958 3736 illud
2992 3699 3077 3746 χι,
3121 3683 3174 3747 5,
3226 3697 3442 3752 ρτιιῑιις
3488 3684 3718 3737 omittat.

2143 3780 2274 3832 Cum
2305 3779 2446 3834 enim
2475 3791 2661 3832 auctor
2681 3777 2769 3832 ille
2807 3778 2861 3831 in
2891 3777 3191 3845 qumrendis
3222 3786 3458 3831 veterum
3490 3776 3709 3830 bibliea-

2143 3887 2258 3924 rum
2281 3871 2582 3924 versiouum
2622 3871 2962 3932 testimoniis,
2994 3869 3222 3923 maxime
3250 3870 3301 3922 iu
3337 3869 3599 3932 Patribus,
3631 3869 3712 3921 di-

2143 3961 2640 4028 ligentiamomuem
2664 3959 2923 4014 adbibere
2947 3959 3134 4013 solitus
3182 3958 3360 4024 fuerit,
3406 3958 3531 4012 hinc
3575 3958 3712 4012 haud

2139 4050 2435 4105 inconsulte
2484 4049 2870 4118 conjiciendum
2919 4049 3137 4118 putavi,
3188 4063 3378 4116 reapse
3437 4048 3714 4103 Sabaticrii

2138 4151 2296 4194 aetate
2322 4141 2493 4193 adhuc
2516 4139 2840 4194 membranis
2872 4138 2969 4194 hos
2991 4137 3269 4194 delituisse
3293 4153 3595 4193 sermones.

2213 4231 2272 4285 V.
2315 4229 2513 4284 Eorum
2557 4246 2843 4284 sermonum
2893 4231 3026 4283 tituli
3055 4239 3104 4284 et
3151 4230 3398 4300 analysis.
3423 4230 3709 4285 ——llocum

2137 4331 2312 4377 autem
2345 4323 2547 4392 primus
2588 4337 2766 4377 sermo
2810 4321 3133 4384 inscribitur,
3178 4321 3242 4374 de
3268 4317 3506 4389 Perfecto
3531 4334 3551 4383 ;
3580 4321 3713 4373 alter

459 4419 776 4476 usurpatur;
808 4409 898 4476 qui
955 4409 1006 4462 in
1058 4413 1376 4476 pervetustis
1422 4411 1695 4467 codicibus
1749 4425 2032 4482 perpetuus
2064 4438 2110 4496 υ
2137 4415 2202 4467 de
2230 4413 2416 4468 eodem
2441 4420 2773 4481 argumento,
2806 4413 3058 4466 Adversus
3095 4427 3178 4465 eos
3203 4413 3290 4480 qui
3318 4412 3495 4464 dicunt
3521 4427 3707 4480 posses-

459 4498 571 4551 fere
613 4512 727 4552 mus
755 4508 860 4552 est.
901 4498 1221 4553 Constanter
1249 4516 1460 4569 quoque
1502 4503 1553 4555 in
1589 4503 1681 4556 illo
1729 4506 2032 4572 pl‘thOsilio

455 4590 524 4641 ed
551 4589 743 4643 retinet
774 4589 999 4641 litteram
1029 4590 1064 4641 ά
1097 4599 1224 4642 ante
1258 4606 1305 4653 c,
1348 4607 1396 4654 e,
1440 4608 1510 4652 m,
1541 4609 1593 4654 η,
1627 4611 1677 4661 ρ,
1710 4609 1756 4652 r.
1783 4611 1829 4657 s,
1859 4611 2026 4664 eaque
2064 4589 2084 4606 ⁸

454 4681 520 4729 a-l
548 4685 858 4747 sequentem
883 4691 1174 4732 consonam
1198 4696 1300 4732 non
1326 4680 1660 4744 reformatur,
1697 4684 1796 4736 nisi
1830 4685 1880 4740 in
1906 4703 2023 4740 ινιτ·

527 4837 600 4904 (α)
640 4837 722 4891 Ab
746 4852 887 4892 anno
918 4839 1053 4893 1580
1086 4840 1151 4893 ad
1183 4855 1270 4892 an.
1311 4841 1464 4894 1583.

529 4907 607 4973 (b)
647 4907 700 4959 In
728 4907 954 4974 praefat.,
983 4917 1022 4961 t.
1050 4908 1087 4962 Ι.

551 4976 766 5046 ευιωο
784 4976 970 5041 editio,
993 4977 1218 5046 inctcpta
1245 4993 1334 5031 an.
1369 4979 1520 5043 1686.
1545 4981 1785 5034 absoluta
1819 4981 1914 5032 fuit
1933 4997 2022 5034 an.

456 5045 591 5100 1690
611 5045 827 5100 Parisiis
856 5049 1064 5102 duobus
1095 5047 1303 5101 in-loliu
1332 5051 1717 5111 voluminibus;
1743 5061 1797 5104 ιιι
1828 5052 2022 5104 iterum

453 5113 692 5188 Venetiis
719 5124 948 5188 quatuor
993 5117 1203 5188 iri-folio
1229 5117 1584 5174 voluminibus
1613 5137 1698 5174 an.
1741 5121 1890 5179 ms.
1921 5137 2022 5188 qua

453 5197 590 5238 utor.
626 5185 772 5238 lianc
814 5186 972 5240 etiam
1009 5187 1191 5241 formis
1229 5189 1420 5242 excudi
1457 5193 1661 5243 curavit
1705 5185 2022 5244 Franciseus

451 5254 703 5309 l'itterius
732 5255 784 5307 in
821 5269 915 5308 sua
944 5255 1155 5310 oflleina
1188 5257 1402 5313 libraria
1435 5258 1632 5314 Veneta
1662 5272 1783 5314 octo
1813 5261 2022 5315 tn-folio

450 5323 763 5378 voluminib.
792 5339 879 5378 an.
915 5325 1070 5380 1781.

518 5395 598 5467 (tl)
630 5394 683 5448 Id
719 5402 821 5467 est,
864 5409 970 5448 non
1019 5395 1086 5449 ad
1129 5411 1244 5450 eam
1277 5399 1614 5464 scripturam,
1657 5414 1758 5467 qua
1809 5399 2018 5465 Longo-

449 5465 598 5535 bardi
641 5465 943 5526 utebantur,
991 5468 1166 5530 pepuli
1207 5468 1420 5535 quidem
1470 5471 1625 5521 rudes
1673 5465 1726 5521 et
1776 5471 2012 5522 omnium

449 5534 742 5587 litterarum
773 5544 1037 5606 expertes.
1083 5536 1173 5588 sud
1213 5534 1277 5589 ad
1308 5553 1446 5601 eam,
1480 5555 1582 5606 qua
1637 5538 1748 5592 Itali
1775 5538 1855 5591 usi
1901 5549 2023 5592 smtt

447 5617 558 5682 quo
589 5613 826 5674 tempore
867 5604 1340 5673 Longobardortttn
1394 5604 1575 5676 regunt
1617 5608 1872 5677 part-bant
1923 5610 2020 5660 im-

447 5684 615 5738 pmo.

2137 4505 2331 4556 sionem
2360 4519 2459 4556 non
2479 4503 2881 4567 distrahendum,
2913 4501 3002 4555 sed
3022 4500 3270 4571 fructibus
3299 4501 3696 4555 misericordiam

2138 4595 2442 4663 faciendam,
2462 4594 2647 4647 tertius
2675 4609 2825 4653 vero,
2857 4593 2920 4646 de
2939 4592 3203 4647 Charilate
3229 4607 3292 4644 ea:
3319 4591 3528 4646 lectione
3554 4595 3709 4645 sancti

2134 4684 2290 4738 l’anli
2335 4686 2548 4754 apostoli
2577 4694 2754 4738 contra
2803 4685 2962 4738 malos
3003 4685 3090 4753 qui
3124 4685 3268 4738 bonis
3309 4684 3551 4747 invident,
3585 4686 3706 4736 llltl-

2205 4846 2276 4914 (ε)
2311 4846 2426 4899 Ειιι.
2460 4847 2721 4908 Besutius,
2751 4847 2834 4898 vir
2869 4844 3142 4899 excellens
3171 4845 3315 4898 omni
3351 4844 3504 4898 laude
3539 4847 3702 4898 virtu-

2133 4917 2201 4968 tis
2232 4925 2285 4968 et
2313 4915 2529 4984 ingenii,
2563 4914 2810 4981 idemque
2851 4915 2986 4968 adeo
3015 4914 3233 4982 profana
3277 4914 3587 4984 etrmaxime
3615 4931 3705 4966 sa-

2129 5000 2217 5038 cra
2247 4983 2433 5038 doetus
2461 4985 2818 5053 archeologia,
2852 4994 2908 5039 ut
2935 4984 3032 5038 sibi
3063 4998 3184 5038 eum
3225 4983 3512 5038 academici
3548 4985 3704 5039 Etru-

2129 5070 2340 5108 searum
2395 5055 2764 5122 antiquitatum
2818 5054 3194 5108 vetustissimae
3260 5053 3408 5108 urbis
3456 5055 3703 5108 Cortona:

2131 5125 2420 5192 principem
2461 5123 2742 5176 Locumoni
2775 5124 2988 5178 nomine
3032 5123 3314 5192 elegerint,
3347 5124 3462 5179 haec
3490 5124 3556 5176 de
3603 5124 3703 5176 hoc

2128 5195 2310 5248 codice
2336 5193 2388 5248 in
2417 5195 2644 5259 quadam
2683 5193 2958 5246 cltartaeea
2985 5193 3236 5246 scbcdula
3265 5193 3406 5247 circa
3438 5208 3526 5247 an.
3567 5193 3704 5247 Πειι

2130 5272 2309 5315 notata
2336 5262 2546 5327 reliquit
2577 5281 2589 5316 :
2617 5262 2741 5316 Cod.
2773 5263 2892 5324 1³54,
2923 5263 2974 5314 in
2999 5279 3223 5332 pergam.
3247 5261 3448 5331 ενι-[01η
3474 5265 3701 5317 uetustis-

2127 5333 2242 5385 simi
2272 5333 2599 5391 clmracteris,
2623 5347 2666 5384 et
2695 5333 2926 5398 fortassis
2965 5332 3139 5384 circuli
3162 5333 3310 5394 sexti,
3336 5341 3383 5386 et
3423 5343 3556 5384 certe
3590 5349 3700 5386 mea

2163 5403 2327 5453 uident
2375 5404 2620 5455 sententia
2684 5403 2799 5468 plus
2848 5400 2988 5454 mille
3037 5402 3222 5454 abhinc
3272 5402 3420 5454 annis
3460 5404 3694 5462 scriptus.

2163 5420 2327 5453 maem
2375 5420 2620 5455 sententia
2684 5420 2799 5468 pm:
2848 5420 2988 5454 mute
3037 5420 3222 5454 aunmc
3272 5420 3420 5454 annis
3460 5420 3694 5462 scriptus.

2127 5420 2296 5542 lillum
2333 5473 2574 5534 continet,
2624 5482 2670 5525 et
2713 5472 2874 5540 primo
2903 5487 3178 5524 sermonem
3210 5470 3270 5526 S.
3321 5472 3594 5542 Augustini
3636 5472 3698 5526 de

2133 5539 2360 5608 Nuptiis.
2393 5551 2496 5595 etc.

2201 5613 2270 5670 (ί)
2313 5610 2337 5677 §
2379 5612 2460 5666 ίυ.
2495 5626 2579 5677 Pp.
2613 5611 2679 5662 9.7
2712 5622 2761 5665 Cl
2790 5611 2859 5665 28
2891 5610 3063 5678 (Infra
3096 5612 3213 5664 coll.
3254 5611 3352 5665 156
3377 5624 3418 5664 cl
3451 5612 3587 5674 158).
