4132 6176
364 311 436 363 93
1052 310 1410 366 SERMO‘NES
1450 312 1624 366 τιιιῑες
1666 312 1754 366 EX
1795 312 1946 367 COD.
1992 317 2430 373 Sl-SSORIANG.
2459 351 2526 360 —
2566 319 2944 375 PR;I-‘.F.\Tl0.
3035 293 3039 298 Α
3555 331 3623 386 98

367 425 475 478 lnm
522 422 756 490 prafert.
813 423 866 476 In
923 422 1095 490 priori
1142 437 1392 476 sermone
1440 435 1626 478 auctor
1674 424 1939 479 nonnullis
1966 428 2016 486 Α
2043 427 2138 480 stri
2155 427 2280 483 Jesn
2302 427 2497 483 Christi
2533 430 2711 487 dii-ina
2729 433 3020 486 ethumana
3045 438 3508 505 utraquepetl'ecta
3531 457 3625 496 na-

364 511 762 580 Scripturarum
815 511 1138 566 testimoniis
1188 512 1428 566 recitatis
1480 512 1737 578 ostendit,
1791 513 1943 566 Chri-

364 603 658 654 stianorum
687 613 830 663 esse,
863 609 921 654 ut
949 600 1227 669 pervenire
1267 600 1480 655 valeant
1527 601 1594 656 ad
1627 617 1940 670 supremum

365 691 586 760 gradum
615 689 981 759 perfectionis,
1007 704 1134 744 suas
1159 705 1347 744 omnes
1391 690 1664 744 facultates
1689 691 1940 759 vendere,

366 795 423 834 et
449 780 674 851 pretium
705 780 1028 849 pauperibus
1063 780 1403 841 distribuere.
1454 796 1618 850 seque
1649 782 1737 836 Dei
1768 783 1944 850 provi-

367 872 559 925 dentia:
585 870 718 925 adeo
743 872 1096 935 committere,
1127 883 1182 924 nt
1210 871 1404 924 divina:
1433 873 1564 938 legis
1593 886 1804 937 semper
1826 887 1939 926 me-

365 961 628 1016 ditatione
660 961 862 1016 detenti
886 1001 902 1025 ,
933 976 1248 1030 semperque
1278 970 1661 1030 praceptorum
1701 963 1940 1018 custodia

366 1053 640 1119 occupati,
688 1066 795 1106 non
835 1049 1065 1110 habeant
1090 1065 1312 1104 vacuum
1341 1059 1552 1118 tempus
1579 1065 1683 1119 quo
1707 1052 1945 1119 cogitent

365 1141 667 1205 B:l'¢ttlal'ia,
702 1156 810 1209 quo
838 1156 974 1195 vane
1021 1140 1174 1210 hujus
1212 1140 1394 1193 mundi
1441 1139 1788 1194 incommodis
1820 1157 1942 1208 per-

371 1236 684 1297 turbentur,
724 1249 832 1303 quo
881 1234 1216 1289 terrestrium
1247 1234 1549 1288 divitiarum
1620 1249 1714 1301 spe
1742 1234 1943 1291 caduca

366 1327 637 1380 fallantur.
679 1327 735 1379 lit
767 1327 935 1379 altero
977 1326 1186 1386 eadem,
1217 1341 1334 1396 quae
1386 1328 1664 1394 superiore
1699 1340 1946 1380 sermone

365 1416 598 1480 dixerat,
638 1426 815 1470 auctor
851 1419 1164 1478 confirmat;
1197 1424 1359 1484 atque
1400 1431 1577 1469 rerum
1607 1427 1941 1469 terrenarum

364 1517 722 1575 contemptus,
750 1507 1081 1560 etabdieatio
1103 1522 1260 1575 quam
1290 1509 1542 1576 gloriosa,
1575 1508 1720 1561 utilis
1752 1523 1814 1560 ac
1846 1522 1942 1560 ne-

365 1599 598 1651 cessaria
639 1596 730 1660 sit,
758 1595 960 1650 Christi
1009 1607 1278 1665 praecepto
1328 1608 1487 1666 atque
1529 1597 1678 1650 Pauli
1719 1597 1942 1663 apostoli

365 1682 614 1756 exemplo
639 1688 945 1756 propositis,
976 1699 1161 1742 contra
1209 1690 1349 1742 illius
1378 1689 1588 1742 virtutis
1614 1689 1940 1742 obtrectato-

2047 528 2182 583 tura,
2214 520 2385 588 deque
2411 523 2737 590 hypostatica
2770 525 2966 580 unione
2992 541 3055 579 ac
3079 526 3147 579 de
3174 527 3289 596 ejus
3321 529 3582 596 baptismo
3602 575 3616 600 ,

2045 608 2312 675 passione,
2337 620 2508 664 morte
2539 621 2589 665 et
2637 613 2865 679 gloriosa
2920 616 3315 671 resurrectione
3369 619 3622 687 loquitur,

2045 711 2143 751 nec
2171 713 2276 751 non
2314 700 2553 763 quaedam
2608 701 2674 755 de
2723 717 3056 760 sacramento
3100 706 3432 773 baptismatis
3475 714 3621 779 ejus-

2043 789 2278 856 demque
2303 789 2578 844 eii‘et-tibns
2614 794 2850 848 dissorit.

2120 879 2200 934 γι.
2247 880 2442 946 Quibus
2469 883 2670 937 indiciis
2713 886 2765 938 lii
2819 896 2922 940 tres
2971 905 3224 943 sermones
3262 892 3626 959 adjudirnntur

2047 966 2414 1022 Mediolaoeusi
2462 973 2700 1043 episcopo
2747 977 3029 1030 Ambrosio.
3058 981 3298 1046 —Quod
3341 993 3515 1037 autem
3572 984 3622 1036 hi

2044 1070 2320 1113 sermones
2349 1058 2447 1127 ip~i
2497 1062 2782 1117 Ambrosio
2833 1066 3214 1124 Mediolanensi
3254 1073 3625 1141 epismpotri-

2048 1148 2239 1202 buendi
2279 1151 2416 1215 sint,
2465 1152 2516 1206 id
2568 1155 2826 1222 permulta
2857 1165 2908 1210 et
2939 1157 3125 1213 idonea
3180 1161 3368 1216 indicia
3399 1163 3622 1217 deruun-

2043 1248 2216 1290 strare
2250 1238 2517 1295 videntur.
2555 1243 2607 1296 1⁸
2637 1243 2688 1296 1η
2731 1244 2835 1298 illis
2862 1246 3058 1315 quippe
3091 1250 3458 1306 Ambrosianus
3488 1255 3625 1307 locn-

2047 1326 2220 1380 tiones
2271 1327 2577 1397 frequenter
2632 1344 2941 1398 occurrunt,
2994 1344 3048 1390 et
3109 1340 3412 1404 complures
3437 1343 3628 1396 crebro

2046 1418 2380 1485 reperiuntur
2423 1423 2727 1485 sontentiai,
2757 1439 2876 1492 qua:
2906 1440 3126 1492 prorsus
3169 1428 3509 1483 Ambrosium
3535 1447 3624 1485 sa-

2046 1507 2225 1572 piunt;
2259 1509 2307 1561 id
2335 1509 2474 1577 quod
2509 1511 2559 1562 in
2589 1511 2808 1566 selioliis
2842 1513 3131 1569 identidem
3150 1516 3324 1585 palam
3344 1517 3464 1580 feci,
3485 1522 3627 1572 mul-

2047 1609 2205 1667 toque
2227 1599 2434 1668 plenius
2487 1610 2541 1656 et
2589 1601 2806 1656 uberius
2857 1603 2971 1658 fieri
3003 1613 3228 1672 poterat.
3259 1606 3353 1660 Cui
3404 1623 3504 1665 nec
3529 1610 3628 1663 ob-

2046 1702 2190 1746 stare
2219 1701 2275 1746 et
2303 1692 2522 1747 ofﬁcere
2543 1693 2804 1757 videatur,
2833 1697 2876 1748 si
2899 1696 3184 1762 aliquando
3213 1713 3514 1752 sermonem
3544 1715 3629 1755 re-

368 1795 459 1833 res
485 1779 698 1834 evincit.
725 1780 943 1831 Demum
974 1777 1024 1830 in
1056 1781 1212 1831 tertio
1240 1793 1488 1832 sermone
1514 1777 1584 1832 de
1624 1778 1818 1831 virtute
1848 1777 1951 1830 fra-
1983 1781 2026 1839 Β
2054 1782 2355 1836 missiorem
2397 1785 2447 1836 in
2475 1784 2579 1836 illis
2609 1799 2767 1852 quam
2796 1786 2846 1838 in
2877 1785 2998 1840 aliis
3029 1785 3087 1840 S.
3123 1788 3366 1852 prmsulis
3393 1793 3629 1844 tractati-

369 1880 536 1923 ternm
555 1868 828 1922 charitatis
859 1866 968 1938 (qui
995 1869 1066 1922 ita
1095 1867 1147 1920 in
1174 1867 1381 1936 longius
1413 1866 1740 1933 producitur,
1767 1876 1826 1920 ut
1850 1868 1947 1920 mi-

375 1977 476 2015 nus
492 1975 668 2014 sermo
681 1975 839 2028 quam
866 1969 1117 2013 tractatus
1144 1960 1487 2014 inscriberem
1539 1959 1755 2012 moralia
1783 1960 1947 2013 docu-

370 2060 549 2106 menta
583 2053 683 2118 dog
709 2051 898 2104 natiuis
924 2052 1229 2104 cumulavit.
1277 2051 1365 2103 Il'a
1403 2051 1582 2116 itaque
1614 2052 1784 2115 primo
1819 2066 1946 2116 apo-

371 2143 561 2198 Stolica
589 2143 746 2196 verba
783 2141 798 2193 l
840 2140 1082 2194 Corinth.
1127 2157 1249 2205 xui,
1283 2140 1334 2205 -l,
1363 2142 1420 2206 2,
1451 2141 1504 2202 ὅ,
1535 2151 1720 2193 aut-tor
1748 2155 1946 2208 expen-

371 2235 525 2298 dens,
554 2233 681 2284 nihil
715 2232 867 2284 nobis
900 2232 1139 2284 omnium
1173 2231 1422 2284 virtutuut
1452 2247 1646 2298 genera
1694 2231 1946 2298 prodesse

368 2327 526 2380 docet
577 2327 780 2394 absque
830 2326 1112 2392 cliaritate,
1163 2336 1346 2393 utpote
1399 2341 1518 2394 quae
1569 2341 1670 2378 una
1725 2333 1946 2378 carteras

368 2431 556 2470 omnes
581 2416 929 2484 amplectatur
956 2417 1208 2482 virtutes,
1247 2425 1404 2482 atque
1431 2414 1592 2468 totius
1628 2413 1946 2468 Christiana:

372 2508 712 2575 ierfectionis
749 2507 819 2560 sit
871 2507 1338 2575 tomplementum.
1392 2505 1640 2560 Secundo
1696 2505 1760 2557 ad
1801 2505 1943 2558 varia

370 2597 649 2650 cbaritatis
667 2611 826 2663 opera
850 2595 1198 2656 descendens,
1227 2596 1354 2650 dum
1383 2609 1446 2648 ea
1473 2596 1737 2662 pracipue
1768 2593 1945 2648 humi.

369 2685 558 2756 litatis,
577 2689 1014 2751 mansuetudinis,
1032 2687 1367 2755 benignitatis
1387 2696 1447 2742 et
1461 2686 1946 2754 simplicitatisesse

368 2779 628 2844 declarat,
648 2780 938 2847 eademque
955 2780 1006 2832 in
1029 2779 1270 2832 Davidica
1292 2789 1342 2831 et
1361 2780 1645 2846 apostolica
1662 2779 1942 2841 electione,

369 2885 439 2924 ac
465 2869 517 2923 in
547 2871 816 2924 dominico
866 2871 1111 2938 exemplo
1149 2871 1556 2938 contemplanda
1587 2880 1644 2923 et
1690 2869 1945 2922 imitanda

373 2961 650 3026 pr0ponit;
679 2959 732 3013 in
758 2962 1026 3014 contraria
1057 2961 1201 3024 vitia,
1229 2961 1431 3015 scilicet
1458 2961 1787 3028 superbiam,
1813 2961 1948 3014 invi-

369 3051 539 3113 diam,
575 3051 902 3115 r.icundiam,
928 3051 1255 3105 inimicitiam
1277 3061 1578 3120 (veteraque
1603 3051 1653 3107 id
1670 3067 1833 3119 genus
1855 3066 1945 3106 ve-

2049 1871 2150 1924 bns
2193 1872 2471 1927 advertere
2499 1873 2604 1937 sit;
2637 1889 2780 1936 nam,
2833 1883 2892 1927 ut
2939 1874 3302 1929 Maurinornm
3330 1879 3508 1932 verbis
3551 1878 3630 1931 lo-

2047 1975 2201 2029 quar,
2238 1980 2257 2012 ‹
2287 1963 2483 2031 stylnm
2537 1963 2727 2017 variaii
2778 1964 2846 2016 ab
2886 1965 3212 2029 auctorbus,
3259 1972 3315 2019 et
3356 1981 3453 2034 pro
3482 1983 3540 2022 re
3567 1983 3630 2022 ac

2050 2061 2296 2119 tempore
2347 2052 2504 2106 modo
2533 2052 2737 2117 attolli,
2786 2053 2944 2106 ntodo
2969 2053 3198 2120 deprimi
3268 2071 3373 2109 non
3423 2057 3630 2124 ignora-

2050 2159 2166 2197 mus
2196 2145 2292 2213 (a).
2332 2161 2349 2194 ι
2383 2144 2543 2210 Quin,
2576 2154 2632 2196 ut
2672 2144 2768 2212 ipsi
2801 2159 2918 2196 cum
2949 2144 3162 2198 Gillotio
3192 2144 3425 2200 fatentur
3446 2188 3461 2211 ,
3516 2147 3624 2200 sci-

2049 2248 2188 2296 mus,
2217 2250 2410 2288 novum
2446 2253 2464 2284 ι
2501 2249 2603 2288 non
2631 2248 2749 2288 esse
2770 2276 2784 2298 ,
2815 2235 3080 2303 inquiuttt,
3127 2237 3170 2289 si
3201 2243 3418 2291 sanctus
3442 2237 3632 2292 doctor

2049 2340 2145 2393 pro
2169 2339 2249 2389 re,
2277 2326 2415 2390 loco,
2441 2333 2702 2392 tempore,
2727 2325 2987 2393 personis,
3016 2326 3212 2396 stylum
3240 2328 3460 2380 mutavit
3483 2327 3580 2398 (b).
3607 2346 3625 2378 υ

2050 2417 2163 2472 lluc
2191 2420 2348 2471 etiam
2379 2416 2501 2469 addi
2531 2423 2724 2485 potest,
2762 2416 3002 2484 reliquis,
3034 2416 3124 2486 qui
3160 2419 3318 2471 modo
3345 2418 3628 2484 habentur,

2048 2507 2384 2562 sermOnibns
2409 2507 2746 2561 Ambrosium
2771 2507 2959 2561 iterutn
2987 2508 3333 2573 05tetriciam,
3361 2517 3419 2562 ut
3449 2509 3516 2563 ita
3547 2510 3633 2562 di-

2047 2614 2184 2663 cam,
2221 2614 2436 2651 manum
2467 2598 2792 2663 admovisse,
2823 2613 2944 2651 cum
2993 2599 3114 2652 illos
3160 2599 3418 2654 collectos
3464 2600 3516 2654 in
3570 2600 3634 2653 li-

2049 2691 2176 2745 bros
2204 2690 2501 2759 redegerit;
2550 2689 2620 2760 (c)
2674 2699 2888 2743 nostros
2929 2697 3130 2754 autem,
3161 2705 3280 2744 cum
3339 2702 3490 2746 extra
3542 2708 3634 2745 va-

2049 2792 2300 2850 garentur
2361 2781 2658 2848 disjuncti,
2701 2795 2768 2834 eo
2835 2779 2995 2834 modo
3067 2788 3172 2848 q'no
3229 2796 3295 2834 ex
3365 2782 3480 2849 ejus
3540 2797 3635 2835 ore

2051 2871 2282 2939 prolapsi
2331 2878 2474 2933 sunt.
2521 2885 2742 2924 munere
2789 2869 3135 2938 tachygraplii
3181 2870 3250 2923 ita
3292 2870 3356 2924 ad
3384 2887 3480 2924 nos
3509 2886 3632 2939 per-

2050 2977 2257 3016 measse
2294 2961 2584 3028 impolitus.
2614 2959 2904 3023 Cancrum,
2951 2960 3031 3013 his
3059 2961 3112 3012 in
3163 2960 3385 3028 gratiam
3423 2976 3629 3029 eorum,

2050 3053 2136 3118 qui
2195 3049 2351 3103 nimis
2399 3049 2617 3102 naribus
2669 3048 2962 3116 indulgent,
3015 3048 3266 3110 notatis;
3335 3049 3466 3103 nihil
3502 3065 3636 3105 sane

376 3141 673 3196 bementins
701 3142 942 3211 insurgit.
974 3141 1189 3198 Interim
1221 3158 1252 3197 e
1280 3159 1337 3198 re
1372 3153 1490 3196 nata
1520 3145 1586 3197 de
1618 3143 1822 3196 Domini
1847 3158 1945 3197 no—
1971 3132 2015 3196 C
2047 3144 2264 3197 omnino
2285 3142 2547 3196 contineri
2571 3142 2622 3194 in
2646 3140 2751 3194 ilPis
2773 3141 3278 3208 prontmtio.quoda
3297 3141 3636 3212 stylo,(d)in-

455 3320 526 3385 (ο)
565 3317 620 3370 1η
649 3316 856 3382 pra-fat.
878 3315 944 3369 ad
974 3316 1137 3370 libros
1155 3315 1217 3368 de
1239 3314 1615 3379 Sacramentis,
1647 3323 1774 3369 toni.
1804 3315 1885 3368 lll.

453 3383 683 3455 tib)7Vitle
700 3387 952 3438 admonit.
975 3385 1244 3455 pmﬁxam
1267 3385 1522 3452 opusculo
1537 3385 1600 3437 de
1624 3385 1855 3455 Apoloqu
1868 3383 1953 3437 af-

377 3467 484 3509 trra
516 3454 704 3577 Dlmﬁd,
733 3467 785 3510 et
832 3453 991 3509 illaut
1026 3471 1143 3524 qute
1183 3456 1519 3524 prtemittitur
1568 3453 1676 3507 lib.
1708 3457 1770 3507 de
1793 3453 1943 3508 ’Tob.

379 3541 509 3577 ιυιη.
575 3563 590 3577 ο

379 3541 486 3580 ωιη
496 3566 509 3578 .
552 3541 590 3578 Ι.

452 3597 526 3661 (e)
564 3595 797 3648 Auctoris
828 3594 1054 3662 quidem,
1086 3593 1152 3646 ait
1186 3595 1258 3646 cl.
1289 3594 1457 3662 Majus
1497 3594 1547 3646 in
1579 3593 1730 3663 prter.
1766 3595 1831 3646 ad
1863 3595 1954 3648 lib.

377 3669 446 3720 de
492 3667 570 3718 lie
599 3667 723 3731 'pub.
774 3669 902 3726 siit,
951 3679 1069 3728 pag.
1101 3663 1170 3718 56
1195 3666 1324 3717 edit.
1372 3663 1535 3728 1828,
1581 3663 1956 3732 autographum

383 3741 678 3804 plerumque
706 3744 845 3786 erant
896 3734 1133 3804 liberiore
1154 3735 1407 3801 scriptura
1437 3735 1659 3804 schedia,
1702 3731 1828 3801 quas
1858 3731 1958 3784 Ιλίσ

380 3810 536 3856 durus
565 3803 712 3870 Orig.
743 3811 823 3864 vl.
859 3805 955 3865 14,
982 3803 1158 3871 deﬁnit
1191 3818 1296 3856 esse
1339 3821 1357 3852 ι
1394 3803 1532 3871 quod
1577 3803 1749 3855 adhuc
1775 3818 1958 3855 emen-

382 3879 561 3934 daltti',
601 3888 657 3927 et
693 3873 920 3926 necdum
950 3874 1001 3924 in
1054 3871 1200 3925 libris
1227 3871 1498 3927 redactum
1529 3883 1629 3925 est.
1664 3892 1681 3922 ι
1714 3872 1876 3924 Nemo
1909 3872 1955 3924 id

384 3943 714 4014 initis-simoi'n
743 3944 904 3996 moris
934 3942 1196 3996 Ambrosii
1226 3943 1387 4014 fuisse
1416 3941 1647 4014 negavit,
1671 3949 1729 4014 n_t
1749 3942 1813 4014 ad
1838 3941 1947 4014 ple-

385 4009 504 4066 bent
525 4013 634 4080 jam
672 4014 778 4065 sine
821 4029 1004 4080 magna
1045 4012 1416 4082 pratparatioue
1443 4010 1625 4082 (Praef.
1657 4011 1720 4062 ad
1765 4009 1855 4062 Iili.
1891 4010 1953 4062 de

384 4099 554 4144 seen,
588 4083 692 4136 col.
723 4082 848 4142 452,
895 4079 1024 4134 (oin.
1057 4079 1162 4150 Ill)
1205 4080 1410 4134 habitas
1438 4079 1741 4142 conciones,
1772 4088 1952 4147 postea

382 4153 696 4208 emendatas
725 4153 774 4205 in
801 4152 965 4204 libi-os
985 4150 1349 4202 distribueret.

455 4223 536 4290 (ἀ)
578 4221 630 4272 In
671 4221 752 4273 liis
780 4220 1112 4274 sermonibus
1138 4228 1264 4290 sunt
1289 4217 1781 4290 quaedam,_fateor,
1823 4233 1954 4290 pau-

382 4287 746 4345 cr'dlctiones
783 4306 902 4358 qum:
953 4289 1217 4342 nonnullis
1268 4289 1470 4342 nasutis
1526 4288 1808 4356 philologis
1849 4287 1955 4340 for-

380 4362 520 4413 sitan
545 4361 876 4413 stomachum
905 4359 1095 4412 facient
1115 4397 1128 4417 ,
1159 4373 1224 4412 eo
1249 4358 1388 4426 quod
1424 4359 1541 4410 illas
1563 4367 1655 4410 aut
1683 4374 1786 4411 non
1814 4359 1952 4411 rele-

385 4439 507 4482 rant
551 4431 823 4493 hucusque
862 4427 1000 4481 edita
1029 4427 1222 4494 scripta
1263 4426 1612 4481 Ambrosiana
1633 4467 1648 4490 ,
1679 4439 1772 4480 aut
1800 4428 1952 4481 bonte

387 4499 706 4561 Latiniuitis,
736 4514 833 4566 pro
861 4512 1044 4550 eorum
1087 4499 1367 4559 sententia,
1414 4508 1597 4566 natam
1621 4513 1727 4550 non
1765 4498 1947 4566 prazfe-

385 4578 528 4621 rant.
557 4567 699 4619 Talia
727 4565 849 4620 sunt
870 4568 1051 4630 verba,
1081 4566 1386 4618 demandare
1411 4582 1506 4632 pro
1520 4565 1665 4620 valde
1679 4565 1949 4629 mandare,

386 4635 668 4689 distrahere
702 4650 798 4703 pro
826 4637 1056 4697 cendere,
1080 4636 1342 4689 distractio
1367 4651 1461 4704 pro
1483 4637 1725 4700 venditio,
1759 4653 1956 4703 prer-

387 4723 508 4774 gare
535 4707 752 4774 pretium
778 4707 859 4759 vel
903 4706 1238 4776 quanritatem
1264 4708 1346 4759 vel
1393 4706 1529 4765 odia,
1574 4721 1670 4770 pro
1698 4719 1815 4758 ante
1845 4724 1956 4760 ero-

387 4792 508 4844 gtre
559 4777 774 4844 pretium
823 4777 904 4829 vel
955 4777 1320 4843 quantitatem,
1361 4776 1443 4827 vel
1495 4783 1612 4828 ante
1665 4778 1840 4829 odium
1904 4784 1957 4833 in

388 4843 608 4909 aliquem
636 4843 838 4910 habere,
886 4859 912 4895 a
938 4860 1042 4912 qtto
1073 4846 1413 4914 prterogatio;
1436 4856 1488 4898 et
1514 4846 1738 4898 simi/are
1766 4861 1860 4914 pro
1887 4852 1959 4902 si-

391 4914 561 4982 milem
589 4916 754 4982 facere
792 4927 885 4968 seu
913 4915 1195 4966 assimilare
1221 4931 1341 4966 cum
1369 4917 1547 4966 dativo
1573 4915 1954 4978 constructum,

395 4981 596 5054 Verum
643 4986 881 5050 quamvis
929 4985 1009 5036 lue
1039 4998 1196 5035 voces
1222 5025 1234 5042 .
1263 5000 1323 5036 ea
1363 4983 1746 5054 significatione
1773 5002 1870 5054 qua
1905 4989 1955 5041 in

396 5053 477 5104 ιιι.
502 5053 839 5106 sermonibus
867 5063 1133 5119 ponuntur
1157 5061 1249 5106 attt
1272 5053 1506 5122 pet-bene
1531 5055 1712 5107 Latine
1743 5053 1844 5108 non
1870 5072 1957 5108 so-

393 5133 557 5181 nent,
613 5134 703 5175 aot
753 5123 1013 5176 Ambrosi
1064 5123 1319 5175 hactenus
1364 5125 1955 5191 anctoritateciteant,

396 5201 568 5244 tamen
598 5191 734 5244 haud
765 5193 832 5243 ab
866 5193 1218 5244 Ambrosiano
1247 5193 1388 5258 ston
1429 5193 1703 5245 recedunt.
1761 5196 1956 5249 Eadem

393 5262 531 5312 enim
562 5262 814 5314 vocabula
845 5263 924 5315 vel
945 5266 1051 5326 jam
1077 5263 1127 5312 in
1152 5272 1427 5314 auctorum
1452 5263 1663 5326 scriptis
1693 5264 1954 5317 Ambrosii

396 5329 802 5384 Mediolattensis
826 5340 982 5385 atate
1012 5335 1342 5398 superiorum
1372 5334 1671 5389 exstabant,
1709 5336 1784 5385 vel
1821 5335 1956 5401 apud

397 5410 604 5452 veteres
619 5402 1029 5466 jurisconsnltos
1052 5402 1470 5466 reperiebantur.
1500 5403 1711 5454 Minime
1741 5404 1959 5465 proinde

395 5468 586 5522 mirum
615 5471 660 5522 si
703 5469 1014 5522 Ambrosius
1039 5471 1199 5523 verba
1231 5471 1502 5532 adhibuit,
1533 5487 1562 5536 q
1606 5488 1650 5522 ω
1693 5475 1801 5536 jam
1843 5473 1958 5540 ejus

395 5547 634 5602 tempore
660 5541 709 5591 in
729 5552 823 5591 usu
851 5549 1032 5601 erant;
1059 5540 1277 5592 minime
1300 5539 1410 5592 suis
1438 5540 1673 5592 niot'ilitts
1703 5539 1956 5602 alienum,

392 5618 436 5657 SI
463 5607 705 5673 jurtdiris
729 5607 905 5661 verbis
930 5609 1134 5662 locutos
1163 5621 1262 5662 est.
1312 5610 1430 5674 Ipse
1459 5613 1622 5669 enim,
1656 5623 1706 5659 ut
1735 5619 1856 5676 pote
1882 5627 1959 5664 vu-

392 5679 590 5730 lorensi
621 5686 732 5732 arte
766 5681 1103 5743 exercitatus,
1139 5678 1334 5745 passim
1369 5679 1418 5731 in
1445 5683 1554 5732 suis
1581 5681 1831 5746 operibus
1864 5695 1959 5748 pro

1983 4604 2032 4662 D

2066 3318 2183 3369 loco
2212 3326 2265 3370 et
2296 3329 2536 3382 tempore
2559 3316 2786 3384 juridica
2827 3316 2984 3372 verba
3015 3318 3318 3383 usurpavit;
3364 3324 3420 3367 ut.
3448 3317 3633 3371 saltem

2061 3386 2243 3439 videre
2264 3399 2363 3447 est,
2393 3401 2478 3438 ex.
2507 3401 2612 3453 μ’..
2644 3397 2770 3439 ιοιιι.
2795 3386 2858 3451 ll,
2883 3386 3143 3451 pag.358,
3169 3395 3222 3439 et
3244 3397 3370 3438 tom.
3397 3385 3483 3446 lll,
3512 3401 3630 3455 pag.

2061 3457 2197 3517 918,
2227 3467 2328 3508 etc.
2367 3455 2876 3510 Jurisconsultorum
2921 3470 3046 3507 vero
3078 3470 3179 3508 vox
3227 3455 3308 3510 esl
3352 3455 3634 3509 dium/tere

2062 3541 2158 3593 pro
2187 3527 2418 3587 uendere,
2451 3539 2550 3592 qua
2581 3539 2722 3588 saepe
2751 3526 2874 3578 usus
2903 3534 2985 3578 est
3025 3525 3278 3590 Ulpianns
3328 3525 3378 3575 in
3429 3523 3519 3588 ιιι,
3548 3527 3635 3593 qui

2061 3596 2220 3648 etiam
2243 3595 2495 3648 vocalmla
2527 3596 2790 3647 distractio
2833 3609 2927 3661 pro
2953 3594 3170 3646 venditio
3201 3594 3253 3646 ιι.
3301 3594 3386 3653 Id.
3411 3595 3476 3653 '5,
3519 3593 3573 3656 5,
3605 3611 3634 3647 a

2063 3665 2204 3717 med.
2236 3663 2540 3729 et2,15,8,
2574 3665 2671 3716 cir.
2701 3664 2839 3716 med.
2861 3705 2874 3724 .
2901 3672 2954 3716 et
2977 3679 3260 3729 prteroqare
3275 3678 3367 3727 pro
3392 3674 3634 3716 anteero-

2061 3750 2182 3803 gare
2213 3732 2267 3786 ιι.
2300 3736 2401 3788 loc.
2435 3744 2488 3787 et
2513 3733 2690 3803 cond.
2721 3733 2756 3787 l.
2789 3732 2880 3786 sed
2906 3733 3064 3784 addes
3095 3735 3216 3786 trita
3241 3732 3443 3793 habuit,
3475 3743 3636 3799 atque

2065 3802 2279 3856 usitata.
2338 3804 2390 3855 Ιιι
2439 3804 2599 3855 simili
2653 3802 3037 3866 sigvificatione
3089 3803 3308 3855 verbum
3358 3803 3637 3854 distrahere

2059 3874 2196 3937 apud
2218 3871 2386 3925 Tarit.
2417 3887 2466 3924 Vl
2502 3877 2667 3937 Ann.,
2693 3872 2778 3934 l7,
2810 3871 2946 3926 Just.
2995 3887 3069 3928 tx.
3100 3873 3152 3926 l.
3177 3882 3230 3925 et
3262 3871 3399 3937 apud
3437 3869 3629 3924 Sueto-

2063 3947 2205 3994 nimn
2231 3945 2280 3994 in
2319 3941 2472 4009 Vesp.
2506 3958 2624 4007 xw,
2658 3941 2912 4004 occurrit,
2945 3941 3082 4007 apud
3105 3956 3260 4008 quem
3283 3950 3335 3992 et
3366 3955 3636 4010 prerogare

2063 4011 2324 4064 invenitur
2366 4012 2416 4062 itt
2448 4013 2581 4077 Aug.
2609 4013 2696 4071 55.
2727 4022 2780 4064 et
2819 4009 2943 4063 illud
2975 4011 3180 4064 obtinet
3204 4009 3633 4077 demandare’pro

2059 4082 2205 4133 ualde
2227 4081 2467 4132 mundare
2489 4084 2538 4134 iit
2568 4082 2762 4132 Nernn.
2797 4081 2885 4138 55.
2919 4079 2970 4132 in
2993 4081 3126 4148 Aug.
3165 4082 3252 4144 ιι),
3274 4087 3328 4132 et
3355 4080 3406 4131 in
3433 4080 3630 4132 Caesar.

2061 4149 2149 4204 85.
2217 4150 2330 4204 Vox
2367 4151 2576 4215 quidem
2628 4151 2930 4216 prtzrogatio
2976 4166 3004 4202 a
3065 4151 3265 4202 Latinis
3315 4151 3632 4216 lexigrapliis

2061 4224 2288 4286 primum
2315 4220 2551 4273 adhibita
2572 4220 2767 4271 dicitur
2783 4233 2814 4270 a
2839 4217 3140 4286 Fulgentiot
3171 4218 3460 4286 Mythol.2,
3477 4219 3590 4269 init.
3614 4235 3628 4272 :

2061 4299 2114 4340 at
2141 4300 2198 4340 ut
2223 4289 2487 4356 antiquius
2514 4305 2541 4340 a
2569 4288 2852 4339 distrahere
2881 4288 3160 4349 distractio,
3192 4289 3260 4339 ita
3286 4303 3312 4336 a
3344 4301 3632 4355 pra'mgare

2058 4359 2366 4426 prterogatio
2396 4358 2548 4411 facile
2565 4358 2710 4410 teddi
2739 4356 2930 4420 potuit.
2953 4357 3179 4408 \‘erbum
3205 4366 3382 4426 autem
3403 4356 3629 4409 similare

2061 4424 2394 4495 pri-similem
2442 4427 2628 4496 facere,
2686 4440 2780 4479 seu
2830 4425 3132 4496 assimil_are,
3178 4435 3232 4477 et
3263 4424 3476 4496 quidem
3507 4439 3626 4496 cum

2058 4493 2237 4550 dativo
2258 4493 2646 4561 construi-tum,
2674 4503 2895 4561 usurpat
2921 4493 3320 4562 antiquissimus
3351 4494 3527 4546 Esilrre
3551 4494 3627 4546 in-

2063 4579 2265 4634 terpres
2288 4568 2375 4619 lib.
2411 4582 2482 4632 tv,
2511 4581 2558 4618 (ι.
2591 4566 2643 4626 8,
2679 4579 2795 4632 pag.
2824 4565 2910 4626 44,
2939 4578 3043 4631 quo
3069 4564 3205 4618 idem
3235 4563 3294 4634 S.
3316 4563 3628 4634 Ambrosius

2064 4631 2164 4689 non
2200 4638 2362 4689 semel
2418 4631 2476 4688 in
2520 4637 2631 4687 suis
2673 4631 2922 4702 operibus
2951 4647 3077 4686 ttsos
3108 4641 3207 4686 est.
3249 4631 3357 4702 His?
3383 4633 3538 4697 igtur
3562 4650 3626 4686 ex

2063 4707 2259 4769 verbis,
2288 4715 2343 4757 ut
2385 4706 2515 4768 dixi,
2555 4701 2826 4758 Ambrosii
2867 4711 3022 4755 mtate
3049 4703 3260 4755 usitatis
3282 4701 3361 4754 vel
3396 4702 3630 4766 inridicts

2063 4776 2187 4826 nihil
2212 4785 2391 4827 contra
2409 4773 2714 4844 ’γνησιότητα
2729 4774 2912 4824 horum
2930 4787 3234 4844 sermonum
3255 4773 3626 4844 potestevinci.

2061 4845 2210 4911 Quod
2243 4845 2381 4898 enim
2410 4841 2496 4899 illa
2514 4861 2616 4898 non
2645 4843 3042 4910 reperianturiu
3068 4844 3336 4907 hucusque
3351 4841 3630 4893 Ambrosio

2059 4915 2272 4982 scriptis
2298 4916 2536 4977 assertis,
2570 4914 2649 4966 νιἸ
2679 4915 2816 4966 inter
2857 4912 3295 4982 vocalinlarectie
3334 4911 3631 4982 Latinitatis

2062 4979 2306 5038 non—sint
2333 4985 2511 5047 allata,
2545 4984 2593 5035 id
2625 4983 2835 5049 quidem
2871 4997 2972 5031 non
2995 4979 3192 5042 oflicit;
3224 4980 3630 5049 natttplermque

2060 5056 2320 5108 dictiones
2345 5063 2400 5108 et
2440 5055 2492 5106 iii
2524 5047 2733 5119 scriptis
2769 5049 3033 5102 Ambrosii
3078 5049 3303 5119 vulgatis
3331 5047 3624 5119 habentur,

2061 5139 2180 5192 quae
2220 5125 2268 5176 in
2301 5138 2408 5176 uno
2432 5123 2511 5176 vel
2548 5118 2718 5173 altero
2749 5119 2976 5192 libro,ct_
3010 5118 3154 5192 nullo
3180 5118 3287 5192 alio
3316 5118 3377 5192 in
3411 5119 3526 5192 loco
3555 5119 3629 5170 le-

2063 5187 2278 5256 tiuntur,
2310 5194 2573 5258 pleneque
2601 5205 2720 5256 qua:
2751 5203 2779 5241 a
2811 5187 3008 5240 Latinis
3036 5187 3358 5258 Iexigraphis
3379 5189 3628 5242 omittun-

2066 5273 2172 5326 tur,
2200 5257 2521 5315 seuiltversa
2551 5259 2935 5322 significatione
2963 5265 3237 5310 notantur.
3282 5257 3376 5323 Ita,
3410 5273 3498 5311 ex.
3521 5272 3625 5323 gn.

2068 5333 2158 5384 lib.
2191 5347 2240 5383 tv
2272 5331 2541 5391 llexaem.,
2568 5345 2620 5382 ιιι
2641 5369 2653 5386 .
2683 5327 2768 5385 10,
2800 5326 3082 5393 perfunctio
3113 5341 3209 5391 pro
3231 5329 3427 5393 fruitio,
3467 5326 3559 5378 lib.
3594 5341 3629 5378 tt

2065 5403 2132 5454 de
2153 5401 2280 5452 Cain
2305 5410 2356 5452 et
2379 5401 2506 5452 Abel
2534 5397 2822 5464 conspersio
2837 5410 2931 5460 pro
2951 5397 3200 5463 confusio,
3219 5397 3268 5447 in
3295 5397 3425 5463 psal.
3446 5409 3628 5454 cxvttl.

2068 5486 2230 5524 serui.
2281 5473 2332 5532 l,
2369 5483 2484 5534 pag.
2518 5469 2602 5531 15,
2648 5465 2929 5536 colludium
2961 5479 3056 5532 pro
3083 5466 3315 5526 collusit,
3365 5474 3525 5536 atque
3567 5484 3634 5518 nu

2069 5540 2272 5607 longius
2303 5542 2400 5590 sint
2432 5536 2752 5597 tentandum,
2788 5549 2882 5602 pro
2913 5535 3042 5586 lente
3083 5536 3406 5607 morandum,
3438 5535 3542 5590 etc.
3570 5537 3635 5592 Ut

2069 5605 2223 5671 igitur
2258 5609 2424 5662 insani
2458 5607 2684 5658 hominis
2706 5612 2844 5656 esset
2871 5618 3114 5658 asserere
3135 5605 3372 5673 singulos
3396 5607 3634 5660 laudatos

2068 5679 2229 5731 libros
2264 5678 2400 5730 haud
2432 5675 2698 5730 Ambrosd
2730 5690 2862 5742 opus
2889 5688 3028 5738 esse,
3056 5675 3177 5746 quia
3212 5677 3455 5730 vocabula
3494 5681 3633 5731 nullo
