4132 6176
330 298 394 350 llil
1019 288 1378 344 SERMONES
1417 287 1593 342 TRES
1633 286 1718 340 EX
1760 284 1910 339 COD.
1954 285 2474 340 SESSUIllANU.-—
2508 285 2889 341 l‘llJ‘ZFA'l‘lll.
3432 288 3532 342 10%

326 416 428 464 situs
460 407 518 457 ab
562 403 808 458 Anselmo
844 401 1056 467 abbate,
1109 404 1448 456 continentur
1480 401 1710 454 ltomilim
1740 400 1808 454 75
1835 416 1847 450 :
1881 405 1925 458 Α
1958 399 2184 452 rissitnis
2216 400 2413 464 verbis,
2447 400 2737 467 etquidem
2770 402 2935 467 prima
2967 414 3122 451 manu
3154 399 3211 454 S.
3250 404 3530 456 Ambrosio

323 516 372 553 ct
397 497 564 566 quibus
605 494 874 562 plera-qun
922 494 973 546 itt
1019 493 1199 546 Sancti
1247 493 1384 547 Galli
1425 491 1716 559 exemplari
1759 491 1854 556 ha-
1956 489 2333 543 inscribuntur.
2367 491 2539 558 Atque
2562 489 2661 544 hoc
2693 492 2808 545 loco
2837 504 2945 544 rem
2978 489 3219 552 eruditis,
3246 501 3301 542 ut
3337 505 3532 558 spero,

325 592 497 642 bentur.
530 583 838 652 lnscriptutn
869 593 981 636 erat
1019 583 1070 634 in
1097 582 1272 636 fronte
1297 581 1496 636 codicis
1528 596 1722 634 nomen
1752 596 1852 634 au-
1950 581 2240 648 jucundam
2271 598 2374 636 oon
2402 583 2669 646 reticebo;
2702 598 2891 651 nempe
2917 583 3054 650 quod
3085 597 3148 637 ex
3177 583 3275 636 hoc
3298 585 3413 650 ipso
3439 600 3532 638 co-

322 677 482 738 cteris;
508 674 598 728 sed
626 688 691 726 eo
718 672 907 726 abraso
937 672 1106 724 sancti
1138 671 1407 724 Ambrosii
1440 685 1632 724 nomen
1662 671 1858 724 substi-
1961 673 2080 727 dice
2110 675 2266 740 plane
2293 674 2574 740 evincitur,
2635 675 2994 729 {itabd'onium
3047 684 3102 728 οι
3147 676 3417 730 laudatum
3473 680 3532 730 δ,

325 779 482 822 tutum.
508 765 731 819 Maxima
764 777 886 830 pars
917 773 1092 815 tamen
1133 761 1320 814 harum
1365 761 1700 813 liomiliarum
1731 770 1858 812 sunt
1960 763 2172 816 Maximi
2206 765 2464 817 editorum
2509 767 2555 816 in
2590 765 2928 818 numerandis
2959 765 3290 820 sermonibus
3315 806 3330 830 ,
3373 767 3462 834 qui
3506 782 3536 820 a

325 855 521 915 Maximi,
568 855 778 906 tametsi
807 851 1052 921 quaedam
1097 851 1217 904 alia:
1258 851 1568 919 llieronytni
1599 861 1652 902 et
1679 851 1859 918 Attgu-
1958 855 2050 906 cit.
2075 869 2194 920 pag.
2223 853 2324 906 129
2354 854 2404 906 in
2439 857 2536 907 hoc
2578 855 2763 909 codice
2802 856 3162 919 continentur,
3197 857 3335 910 haud
3374 873 3535 911 accn-

324 947 424 1001 stini
459 945 550 999 sub
579 958 763 998 eorum
813 942 1030 995 nomine
1075 941 1289 995 inserta:
1336 951 1480 994 sunt.
1513 960 1532 992 ι
1584 941 1692 994 Nec
1739 941 1860 992 aliis
1963 951 2076 996 rate
2105 946 2276 1010 ipsum
2308 943 2548 997 codicem
2577 945 2951 1014 consuluisse,
3009 960 3130 998 cum
3187 947 3390 1014 primus
3443 964 3538 1000 cos

325 1038 470 1094 verbis
495 1037 631 1089 hunc
657 1035 898 1088 codicem
931 1032 1164 1086 celebrat
1202 1032 1570 1094 Blancbinius,
1597 1032 1862 1097 simulque
1961 1047 2148 1084 omnes
2181 1034 2248 1086 75
2277 1033 2808 1098 numeraverit,alli~r
2829 1033 3069 1102 quamvis
3087 1043 3144 1088 ut
3163 1035 3220 1088 S.
3238 1035 3450 1090 Maximi
3475 1036 3542 1091 60

323 1127 609 1184 novissimus
649 1125 827 1179 editor
857 1125 1138 1178 Romanus.
1171 1139 1394 1194 operum
1425 1126 1480 1177 S.
1508 1123 1740 1186 Maximi,
1772 1123 1860 1189 qui
1963 1124 2352 1190 rccognoverit,
2381 1133 2556 1178 tamen
2590 1125 2642 1178 in
2673 1124 2873 1178 notitiis
2913 1125 3122 1193 prazviis
3155 1125 3268 1194 (ο)
3313 1125 3446 1178 duos
3492 1137 3545 1179 et

325 1221 368 1271 in
387 1217 676 1286 prtefatione
697 1214 775 1286 (α)
800 1213 872 1267 ita
899 1213 1047 1266 illum
1070 1223 1318 1268 accurate
1345 1213 1640 1265 describit:
1668 1230 1685 1261 ι
1717 1212 1864 1263 Alter
1965 1217 2232 1283 sexaginta
2263 1216 2622 1284 exscripserit.
2649 1216 2882 1284 Uterque
2911 1218 3052 1270 enim
3083 1216 3210 1270 satis
3235 1216 3416 1270 habuit
3445 1217 3544 1270 ad-

321 1321 386 1362 est
410 1309 808 1377 pra‘cipuorum.
837 1320 972 1373 quos
999 1304 1129 1368 όίιί.
1159 1305 1325 1357 Codex
1354 1303 1707 1357 Nonaﬂlulalli
1736 1301 1862 1354 olim
1966 1318 2176 1362 vertere
2201 1309 2454 1371 iudicem,
2487 1309 2577 1377 qui
2605 1309 2750 1362 hisce
2771 1308 3112 1362 sermonibus
3144 1308 3236 1361 fol.
3267 1308 3360 1361 cit.
3393 1317 3544 1361 recto

323 1400 596 1454 monasterii
625 1399 680 1452 in
708 1411 835 1466 agro
862 1396 1168 1456 Mutinensi.
1202 1409 1342 1448 nunc
1373 1394 1628 1446 Romamn
1673 1391 1865 1445 biblio-
1968 1399 2328 1467 prmmittitur,
2363 1408 2416 1452 rt
2444 1409 2728 1468 utrumque
2761 1399 2898 1454 idem
2949 1399 3110 1453 iudex
3133 1398 3373 1470 ,lefellit;
3416 1414 3540 1453 nam

321 1493 463 1543 theca:
481 1486 912 1543 Cisterciensiutn
937 1485 1321 1540 mooachorum
1353 1487 1565 1540 Sancta:
1595 1483 1782 1538 ClllCtS
1813 1485 1862 1536 iu
1968 1492 2020 1542 in
2049 1504 2116 1542 eo
2143 1489 2412 1557 geminato
2442 1505 2592 1543 num.
2625 1491 2692 1544 15
2723 1498 3065 1543 numerantur
3101 1496 3206 1544 tres
3235 1499 3290 1544 et
3335 1499 3546 1558 septua-

319 1580 605 1634 Jerusalem.
624 1577 782 1631 Estis
808 1577 975 1630 codex
1005 1576 1446 1630 membranaceus
1481 1576 1678 1637 in-lol.,
1713 1585 1863 1627 nota-
1966 1578 2111 1649 ginta
2136 1592 2436 1641 sermones,
2466 1580 2708 1648 quamvis
2730 1595 2918 1648 reapse
2941 1581 3050 1633 sint
3070 1580 3206 1634 tituli
3229 1582 3295 1634 74
3320 1596 3334 1643 ;
3359 1581 3547 1633 simul-

321 1680 390 1722 tus
414 1682 626 1720 numero
654 1664 765 1730 XC,
795 1676 852 1719 ut
876 1665 1022 1718 frons
1042 1665 1279 1718 exterior
1304 1666 1584 1717 voluminis
1626 1664 1862 1727 exhibe',
1970 1685 2075 1738 que
2109 1670 2336 1722 Maximo
2365 1669 2434 1723 62
2458 1670 2790 1736 tiihuantur,
2849 1670 2950 1724 etsi
3006 1686 3192 1725 eorum
3246 1685 3547 1739 ptIStrcttttts

319 1772 588 1826 quanquam
642 1756 784 1808 intus
833 1769 954 1822 pag.
984 1754 1008 1806 1
1058 1768 1170 1824 pra!
1199 1768 1259 1807 se
1300 1769 1579 1807 numerum
1611 1752 1868 1806 CXXXIV
1909 1752 1951 1809 Β
1979 1776 2205 1814 numero
2233 1761 2296 1813 61
2326 1770 2553 1814 notetur.
2588 1760 2770 1829 Neque
2795 1775 2924 1816 vero
2967 1762 3018 1814 in
3064 1745 3287 1815 numero
3333 1763 3549 1822 solum,

319 1854 461 1911 ferat;
493 1846 815 1916 exterisque
847 1845 1006 1913 hujus
1031 1844 1372 1899 bibliotheca:
1399 1845 1672 1909 codicibus
1697 1854 1754 1897 ut
1778 1860 1871 1897 au-

319 1942 548 2007 tiquitate,
580 1937 654 1992 ita
675 1937 1008 1992 accuratiore
1035 1936 1324 2002 Scriptura:
1348 1938 1575 1991 lectione
1602 1937 1873 2001 integrita-

318 2042 450 2098 teque
487 2029 771 2099 przecellit,
818 2035 1130 2094 spectatque
1175 2027 1240 2080 ad
1286 2044 1358 2080 vit
1389 2028 1471 2080 vel
1503 2042 1768 2080 summum
1807 2026 1870 2079 ad

319 2138 390 2175 vni
413 2123 663 2176 Ecclesia:
692 2119 970 2172 smculum.
1024 2117 1226 2171 Ductus
1267 2118 1563 2172 litterarum
1593 2119 1643 2170 in
1674 2134 1740 2170 eo
1768 2118 1871 2169 ιιυ-

319 2230 478 2268 tuanus
502 2222 612 2277 est,
635 2211 834 2276 aetatis,
865 2219 922 2264 ut
947 2209 1117 2277 aiunt,
1146 2209 1416 2274 secundae,
1450 2210 1716 2278 paululum
1748 2225 1872 2262 ver-

317 2323 423 2376 gens
458 2309 520 2378 ad
567 2305 1053 2376 Langobardicum.
1107 2304 1148 2357 Α
1193 2319 1314 2372 pag.
1352 2303 1450 2358 129
1480 2303 1546 2358 ad
1581 2304 1680 2358 169
1713 2317 1870 2357 sesa-

315 2402 434 2464 ginta
455 2397 650 2468 partim
676 2398 941 2462 bomilias,
959 2396 1152 2464 partim
1176 2409 1457 2449 sermones
1482 2394 1873 2462 complectitur,

314 2494 369 2546 de
386 2495 565 2562 quibus
583 2488 1048 2544 eminentissimus
1064 2485 1351 2540 cardinalis
1369 2483 1613 2539 Besutius
1632 2485 1680 2537 io
1702 2484 1877 2536 iudice

315 2585 623 2639 bibliotheca
656 2582 868 2638 Sancta:
894 2578 1083 2634 Crucis
1110 2579 1187 2649 (lt)
1228 2579 1306 2632 sic
1344 2580 1530 2632 statuit
1561 2595 1572 2629 :
1617 2585 1877 2630 auctorem

313 2677 486 2727 eosdem
502 2674 690 2727 habere
699 2681 931 2725 sanctum
944 2669 1230 2724 Maximum
1247 2667 1369 2721 mihi
1386 2677 1578 2720 certum
1595 2678 1685 2720 est.
1700 2667 1877 2732 »Ωιιοά

311 2773 470 2818 autem
498 2763 548 2816 hi
579 2760 936 2816 laudatissimi
967 2759 1062 2814 \il‘l
1109 2760 1159 2812 in
1203 2758 1518 2814 Sessoriano
1549 2758 1735 2812 codice
1763 2758 1883 2810 ttul-

313 2856 403 2906 tum
442 2853 714 2908 Ambrosii
755 2852 1046 2923 genuinum
1069 2864 1375 2907 sermonem
1408 2858 1704 2903 memorent
1732 2849 1882 2902 iuve-

311 2946 416 3006 ttiri.
453 2946 577 3014 qttiu
611 2959 798 2998 omnes
822 2944 1066 3013 quamvis
1096 2941 1378 2998 recentiori
1405 2957 1562 2994 manu
1590 2941 1878 2994 Ambrosio

313 3036 537 3097 tributos,
552 3036 660 3089 SS.
678 3033 994 3102 Augustino,
1013 3033 1338 3102 Hieronymo
1357 3041 1415 3087 et
1435 3031 1664 3085 Maximo
1685 3031 1878 3085 ascribi

1976 1855 2072 1906 sed
2101 1854 2262 1905 etiam
2292 1852 2342 1904 in
2374 1852 2536 1904 titulis
2559 1851 2616 1905 S.
2649 1851 2860 1905 Maximi
2890 1851 3063 1904 editor
3083 1864 3202 1904 cum
3257 1850 3434 1902 indice
3459 1865 3548 1901 cr-

1975 1946 2140 2006 ravit;
2171 1943 2308 2011 quod
2339 1953 2392 1995 ut
2423 1941 2622 1995 clarius
2644 1951 2919 2011 appareat,
2958 1941 3041 1994 hic
3088 1955 3266 2007 epesa:
3317 1940 3546 2010 pretium

1976 2033 2101 2086 duxi
2137 2033 2310 2085 omnia
2340 2048 2433 2099 per
2465 2033 2670 2101 singula
2702 2047 3003 2096 recensere,
3030 2047 3144 2102 que
3169 2031 3219 2084 in
3245 2031 3344 2084 hoc
3363 2033 3548 2085 eodem

1984 2125 2170 2178 codice
2201 2127 2566 2177 continentur.

2049 2215 2186 2268 Vill.
2229 2214 2356 2280 Qua:
2385 2216 2437 2267 in
2477 2213 2782 2269 Sessoriauo
2812 2215 2985 2268 codice
3016 2214 3356 2268 continentur.
3396 2241 3467 2251 —
3495 2212 3552 2266 Et

1977 2306 2191 2376 quidem
2221 2305 2447 2359 habetur
2480 2305 2530 2358 in
2562 2319 2629 2358 eo
2657 2307 2746 2358 lol.
2784 2303 2806 2355 1
2845 2313 2989 2358 recto
3027 2304 3088 2359 S.
3132 2303 3413 2371 Augustini
3442 2317 3552 2356 ser-

1980 2413 2067 2451 mo
2095 2397 2161 2450 tle
2191 2397 2421 2464 Nuptiis,
2459 2396 2547 2464 qui
2577 2397 2780 2462 absque
2829 2395 2984 2449 titulo
3018 2396 3122 2450 inc.
3166 2413 3186 2446 ι
3247 2395 3456 2464 Nuptia:
3503 2395 3552 2448 in

1979 2490 2169 2558 quibus
2190 2487 2440 2543 Christus
2467 2497 2522 2542 ct
2551 2495 2883 2550 muneratur,
2932 2497 2985 2541 et
3012 2487 3233 2541 conviva
3273 2486 3556 2551 decubuit,

1979 2588 2083 2633 etc.
2123 2598 2142 2631 ι
2179 2579 2301 2632 Dos.
2333 2595 2349 2628 ι
2386 2579 2565 2647 Itaque
2591 2578 2664 2631 illi
2691 2578 2945 2651 desiccnti
2984 2587 3109 2632 sunt
3154 2588 3209 2634 et
3252 2588 3551 2643 aruerunt;

1983 2687 2080 2727 nos
2109 2689 2236 2726 vero
2261 2669 2609 2736 comedimus,
2642 2680 2696 2724 ct
2718 2671 2946 2724 bibimus
2971 2710 2985 2733 ,
3037 2679 3091 2724 et
3139 2669 3326 2725 refecti
3375 2685 3556 2724 sumus

1985 2779 2080 2832 per
2106 2763 2278 2831 ipsum
2311 2763 2489 2818 lesum
2519 2763 2816 2828 Christum,
2845 2761 2934 2828 qui
2972 2761 3107 2814 vivit
3126 2774 3247 2813 cum
3273 2760 3430 2814 Patre
3452 2801 3469 2826 ,
3500 2769 3551 2815 et

1983 2871 2103 2909 cmn
2135 2855 2334 2922 Spiritu
2377 2862 2563 2905 sancto
2603 2854 2654 2904 in
2687 2851 2882 2905 saecula
2923 2850 3266 2904 saeculorum.
3301 2853 3495 2907 Amen.
3535 2871 3556 2903 ι

1986 2945 2136 2999 Hunc
2158 2958 2482 3006 sermonem,
2516 2943 2696 3009 inquo
2721 2941 3046 3010 Augustinus
3089 2951 3264 2995 tuetur
3295 2941 3558 2996 adversus

1986 3034 2332 3096 Manichteos,
2360 3048 2485 3086 vere
2513 3033 2782 3085 Christum
2813 3030 3108 3085 instituisse
3153 3031 3396 3100 coniugia
3423 3071 3440 3096 ,
3486 3033 3564 3084 in.

314 3126 492 3193 velint,
544 3126 596 3180 id
656 3126 922 3180 neminem
972 3125 1238 3186 movebit,
1297 3124 1384 3192 qui
1438 3135 1640 3177 attente
1692 3124 1873 3176 consi-
1907 3097 1953 3160 (δ
1988 3134 2070 3180 ter
2093 3123 2268 3178 editos
2291 3122 2526 3191 reperire
2554 3137 2657 3176 non
2690 3121 2858 3189 potui.
2884 3121 3050 3176 Porro
3079 3121 3147 3176 de
3179 3097 3567 3189 bono—Nuptia-

316 3219 462 3284 deret,
488 3219 614 3272 illos
641 3218 708 3271 de
737 3217 800 3270 iis
821 3227 1021 3270 tantum
1044 3217 1384 3270 sermonibus
1412 3216 1578 3284 loqui,
1610 3230 1746 3282 quos
1771 3230 1865 3269 co-

315 3309 401 3363 dex
427 3325 452 3362 a
480 3324 602 3378 pag.
638 3309 738 3362 129
772 3307 1168 3375 complectitur,
1210 3322 1314 3360 non
1358 3322 1486 3360 vero
1528 3307 1595 3359 de
1641 3308 1874 3369 nostris.

283 3418 286 3419 ν
316 3414 430 3467 quos
445 3400 756 3469 superiores
783 3398 1039 3453 exhibent
1063 3399 1304 3468 pagellae,
1338 3398 1534 3467 quique
1559 3399 1609 3452 in
1643 3400 1745 3453 illis
1767 3400 1877 3453 cla-

371 3597 437 3660 (ιι)
475 3599 623 3652 Part.
649 3613 689 3656 ι.
723 3596 750 3666 ς
776 3597 832 3661 5,
864 3611 986 3666 pag.
1020 3596 1088 3650 16
1116 3604 1172 3650 et
1199 3610 1313 3665 seq.
1346 3595 1581 3666 (Nostra:
1613 3597 1813 3651 Patrol.
1844 3607 1881 3649 t.

318 3666 480 3734 LVII,
507 3668 614 3722 col.
647 3669 812 3721 17-18
840 3670 944 3736 sq.)

373 3738 440 3806 (ὸ)
481 3740 696 3793 Utinam
746 3735 906 3791 modo
954 3735 1112 3789 index
1165 3736 1254 3790 ille
1285 3739 1557 3791 exstaret!
1597 3753 1694 3791 nos
1739 3737 1879 3790 enim

316 3819 542 3862 accurate
563 3817 622 3863 et
647 3807 854 3862 erudite
883 3806 1102 3860 doceret
1131 3821 1250 3876 qua:
1274 3816 1578 3874 quantaque
1610 3808 1885 3876 pretiosis-

316 3877 430 3930 sima
462 3877 512 3930 in
542 3893 610 3932 ea
639 3878 766 3932 olim
794 3877 1114 3930 bibliotheca
1138 3875 1391 3940 fuissent;
1417 3879 1511 3931 sed
1539 3875 1777 3932 externis
1799 3893 1885 3928 ar-

317 3949 404 3998 tuis
435 3947 642 4002 italiam
669 3948 1064 4009 invadentibus,
1095 3945 1418 4000 bibliotheca
1451 3961 1592 4001 anno
1621 3948 1757 4001 1809
1787 3962 1882 4001 ex-

319 4017 482 4082 pilati,
509 4031 619 4071 una
645 4032 766 4071 cum
797 4016 960 4070 variis
989 4031 1119 4070 mss.
1148 4017 1446 4082 codicibus,
1482 4017 1768 4085 multisque
1795 4033 1850 4070 ra
1868 4049 1882 4058 -

320 4087 527 4139 rissitnis
551 4086 727 4150 libris,
769 4095 822 4140 et
873 4087 960 4139 hic
1002 4085 1162 4139 index
1213 4101 1424 4151 pessum
1473 4085 1570 4140 ivit
1617 4103 1723 4139 non
1769 4086 1885 4141 sine

326 4170 503 4224 magno
533 4157 809 4210 litterariae
846 4156 1150 4226 reipubticte
1174 4156 1514 4210 detrimento.
1544 4157 1638 4211 His
1669 4158 1885 4226 quidem

320 4240 436 4277 mss.
461 4227 706 4280 codicum
739 4227 791 4278 in
824 4225 1163 4281 bibliothecis
1185 4227 1608 4281 delitescentiutu
1632 4225 1886 4295 catalogis

321 4297 437 4348 nitul
463 4311 586 4349 esse
621 4298 803 4349 utilius
828 4296 893 4348 ad
921 4296 1307 4357 exornandam,
1349 4297 1800 4365 amplificandam,
1835 4309 1888 4350 ct

320 4366 464 4435 altius
489 4365 888 4435 prmebendam
921 4382 1032 4419 rem
1067 4366 1380 4419 litterariam
1414 4368 1550 4431 apud
1580 4367 1767 4422 doctos
1796 4385 1890 4420 cx-

323 4434 572 4497 ploratutn
607 4436 1022 4508 confessumque
1061 4445 1163 4508 est.
1207 4435 1426 4496 Verum,
1463 4446 1654 4502 prmter
1679 4453 1738 4491 ea
1770 4453 1889 4508 qua:

322 4517 466 4568 supra
515 4508 820 4570 retulimus,
867 4507 981 4558 hinc
1029 4507 1189 4559 etiam
1237 4518 1532 4574 pra-notata
1569 4517 1784 4561 exstant
1825 4509 1892 4560 de

326 4574 414 4627 hoc
431 4578 618 4631 codice
647 4580 716 4630 ab
744 4575 1169 4647 eminentissimo
1201 4593 1314 4628 viro
1344 4579 1394 4628 in
1433 4583 1633 4631 charta:
1660 4579 1891 4647 plagttla,

325 4659 430 4712 qua:
456 4657 538 4701 est
569 4648 671 4716 ipsi
708 4646 876 4700 codici
908 4646 960 4698 in
994 4649 1168 4699 fronte
1197 4657 1398 4699 assuta.

977 4758 1107 4813 Coo.
1138 4759 1258 4813 151.

391 4845 638 4914 Continet,
666 4845 862 4922 pay.__1,
880 4864 1166 4922 sermonem,
1184 4851 1246 4904 S.
1269 4851 1542 4921 Augustini
1562 4851 1626 4904 de
1656 4850 1899 4922 Nuptiis;

459 4933 489 4967 a
517 4936 639 4986 pug.
665 4918 728 4991 _2,
761 4919 916 4991 libros
939 4917 1415 4991 Confessionumﬁ.
1443 4923 1734 4991 Augustini.

391 4985 445 5047 2,
467 4985 625 5054 (.80,
656 4987 718 5040 S.
749 4987 1000 5041 Ambrosii
1029 4985 1194 5043 sermo
1225 4992 1287 5043 de
1310 4985 1556 5044 Caritate.

391 5055 444 5118 '5,
477 5058 518 5120 f.
541 5058 636 5130 8|,
756 5057 972 5130 Hieron.
1002 5058 1334 5130 Epitaphium
1365 5063 1425 5115 S.
1461 5061 1665 5114 Paulw.

394 5135 448 5201 ς,
469 5130 512 5201 ί.
537 5128 632 5201 ξιξ,
756 5128 1015 5201 Ambrosii
1029 5127 1197 5183 sermo
1221 5130 1284 5184 de
1311 5131 1566 5201 Perfecto.

395 5195 447 5255 5.
537 5197 630 5270 εει,
659 5195 893 5251 Cassiani
917 5197 1213 5270 saltationes
1239 5195 1448 5268 septeni,
1474 5216 1588 5270 quae
1607 5211 1721 5252 sunt
1747 5201 1903 5252 abba-

464 5263 528 5318 tis
559 5263 904 5321 Charremonis
941 5278 988 5320 et
1028 5269 1112 5323 ab.
1161 5263 1372 5339 Ioseph,
1423 5263 1568 5324 et'in
1611 5271 1759 5324 editis
1786 5277 1904 5322 sunt

464 5336 529 5386 ob
559 5337 624 5388 H
644 5339 711 5388 ad
738 5339 824 5390 17.

463 5351 529 5386 αο
559 5351 711 5388 una
738 5351 824 5388 17.

396 5402 451 5463 6.
478 5406 519 5472 f.
560 5407 682 5466 129,
715 5408 777 5460 8.
803 5405 1017 5460 Maximi
1035 5422 1287 5462 aerumnas
1309 5409 1398 5475 6|,
1423 5412 1510 5463 aui
1540 5422 1708 5463 tamen
1737 5412 1787 5463 in
1812 5411 1905 5460 hoc

467 5477 645 5528 codice
663 5477 952 5529 tribuuntur
970 5479 1029 5532 S.
1059 5479 1344 5534 Ambrosio.

400 5541 453 5606 7,
476 5547 666 5618 [1169.
691 5546 750 5600 S.
776 5547 985 5618 August.
1012 5565 1174 5602 sermo
1195 5547 1257 5600 de
1281 5566 1337 5602 co
1363 5551 1500 5618 quod
1524 5552 1770 5618 scriptum
1791 5560 1864 5602 est
1889 5566 1905 5603 :

469 5613 523 5666 Η
532 5614 595 5686 ic_
610 5625 676 5686 est
707 5617 842 5686 dies.
856 5613 1010 5682 ouem
1034 5619 1155 5686 fecit
1187 5613 1453 5672 Dominus.

401 5682 456 5745 8,
485 5686 526 5749 Ῑ.
579 5682 770 5749 169,8.
796 5682 1049 5755 Hist-ortu.
1073 5703 1239 5740 sermo
1261 5691 1322 5741 de
1342 5688 1523 5744 Exodo
1555 5691 1605 5741 ἱί
1641 5690 1788 5754 Quod
1823 5707 1903 5758 ag.

1985 3229 2101 3268 rutn
2121 3227 2425 3267 sermonem
2450 3212 2698 3266 habuisse
2719 3213 3072 3279 Augustinum
3103 3221 3311 3267 constat
3337 3227 3401 3267 ex
3424 3213 3564 3281 ejus-

1984 3305 2105 3361 dem
2161 3304 2478 3374 fragmento,
2524 3303 2664 3370 quod
2711 3319 2780 3357 ex
2844 3303 2981 3357 Beda
3025 3313 3080 3359 et
3133 3304 3291 3361 Floro
3339 3305 3566 3359 affet-unt

1988 3398 2213 3453 Maurini
2245 3406 2284 3450 ι.
2321 3397 2358 3449 ν
2382 3410 2561 3463 oper.,
2593 3403 2729 3463 part.
2761 3410 2818 3458 ll,
2851 3395 2957 3449 col.
2990 3395 3153 3459 1519;
3185 3404 3241 3449 at
3271 3395 3416 3450 nulla
3445 3411 3567 3450 cum

2059 3597 2092 3650 9
2147 3597 2187 3666 f.
2223 3595 2343 3655 170,
2369 3592 2429 3646 S.
2464 3595 2677 3662 August.
2703 3609 2867 3646 sermo
2897 3595 2964 3644 ad
2996 3593 3342 3666 competentes
3381 3603 3428 3649 et
3469 3595 3568 3650 Ca-

2135 3663 2495 3726 thecumenos,
2530 3679 2576 3716 et
2607 3679 2714 3728 usq.
2763 3667 2830 3715 ad
2875 3667 2916 3732 Ῑ,
2969 3663 3110 3729 175,
3159 3677 3438 3733 sequuntur
3481 3667 3570 3720 alii

2132 3751 2410 3816 sermones,
2441 3751 2523 3802 qui
2555 3734 2850 3786 tribuuntur
2879 3736 2931 3786 in
2975 3735 3068 3786 hoc
3099 3736 3272 3788 codice
3302 3735 3361 3790 S.
3391 3736 3565 3804 Augu-

2063 3816 2389 3998 10;:;':wih75,
2437 3873 2499 3928 S.
2557 3872 2808 3943 llierony.
2852 3889 3015 3926 sermo
3043 3873 3104 3927 de
3143 3871 3328 3927 Exodo
3370 3874 3421 3926 in
3454 3872 3572 3945 Vig.

2183 3962 2271 3998 asc
2311 3960 2374 3997 ω.

2063 3960 2374 4096 11ἴῗ⁸ἷξᾳ1ἲ
2402 4013 2464 4068 S.
2493 4013 2672 4067 Basilii
2701 4012 2943 4066 Instituta
2964 4012 3348 4079 monachorum,
3384 4013 3576 4084 Ruﬁno

2156 4107 2169 4136 t
2225 4104 2264 4135 Τ
2304 4096 2429 4138 rete.

2068 4105 2154 4222 12',
2171 4097 2228 4225 ’1!
2248 4106 2374 4225 “Ilio.
2397 4153 2458 4208 S.
2485 4155 2700 4219 August.
2734 4169 2896 4225 sermo
2919 4153 2982 4205 de
3006 4154 3406 4207 flesurrectione.

2066 4223 2238 4280 Codex
2267 4223 2389 4276 mihi
2418 4225 2616 4276 videtur
2644 4224 3048 4290 antiquissimus,
3074 4233 3119 4274 et
3146 4223 3440 4286 conferendi
3459 4232 3576 4275 sunt

1994 4311 2249 4352 sermones
2281 4297 2458 4346 Iterum
2492 4293 2712 4344 Patrum
2732 4308 2847 4344 cum
2875 4294 2977 4344 edit
2998 4311 3021 4344 s
3047 4295 3360 4344 earumdem.

2074 4369 2145 4418 lix
2179 4366 2258 4416 bis
2290 4363 2465 4416 verbis
2495 4360 2593 4414 tria
2620 4376 2714 4425 pro
2739 4369 2916 4413 uestra
2944 4364 3205 4430 sententia
3237 4361 3536 4430 colligimus
3561 4378 3576 4413 :

1922 4408 1969 4464 D
1999 4434 2245 4505 primum,
2282 4433 2551 4505 Besutintn
2693 4429 2959 4505 Ambrosii
3009 4432 3221 4505 nomine
3270 4408 3434 4505 unti’m
3467 4430 3573 4483 Me-

1995 4500 2361 4558 diolaneusetn
2418 4500 2753 4555 Ambrosium
2801 4500 3156 4562 intellexisse;
3203 4516 3268 4554 eo
3299 4501 3443 4554 enim
3482 4518 3577 4553 no-

1999 4579 2142 4628 mine
2171 4572 2487 4640 simpliciter
2518 4573 2684 4626 utitur
2731 4570 2892 4626 etiam
2936 4586 3082 4624 num.
3112 4569 3170 4634 6,
3210 4569 3302 4623 ubi
3337 4579 3483 4623 certe
3513 4570 3578 4622 ad

1997 4645 2447 4699 Mediolanonsem
2497 4641 2763 4708 respexit;
2795 4640 3014 4705 deinde,
3047 4656 3325 4695 sermones
3355 4640 3454 4694 bos
3485 4655 3579 4692 no-

1999 4729 2141 4768 stros
2181 4723 2237 4765 ut
2279 4713 2334 4766 S.
2368 4711 2603 4766 doctmis
2632 4726 2916 4780 germanos
2950 4709 3086 4764 fetus
3140 4709 3410 4775 habuisse,
3453 4709 3582 4762 alias

2001 4793 2265 4848 notasset;
2299 4796 2421 4836 nam
2452 4781 2592 4850 quod
2623 4782 2958 4850 spuriutnac
2999 4780 3332 4833 subdititium
3373 4794 3510 4850 opus
3535 4781 3584 4832 ei

2004 4857 2172 4909 visum
2199 4863 2301 4914 est,
2349 4849 2663 4906 constanter
2706 4849 2934 4911 nomvit,
2982 4859 3038 4903 ut
3077 4866 3222 4903 num.
3257 4854 3290 4905 ti
3313 4849 3457 4914 et9;
3495 4865 3587 4911 po-

2003 4936 2222 4981 stremo.
2255 4935 2534 4977 sermones
2555 4936 2742 4975 omnes
2763 4934 2897 4988 quos
2932 4923 3013 4972 b‘c
3042 4921 3210 4973 codex
3238 4920 3456 4974 exhibet
3483 4921 3582 4975 SS.

2007 4995 2253 5048 l’atribus
2296 4994 2566 5053 tribuisse,
2614 5001 2669 5042 et
2715 4990 2854 5042 inter
2889 4988 3007 5042 illos
3051 4991 3339 5041 nonnullos
3370 5003 3585 5057 putasse

2007 5063 2238 5118 ineditos
2275 5060 2534 5124 inveniri;
2590 5061 2787 5113 etenim
2833 5068 3117 5126 postrem-s
3171 5059 3368 5122 verbis,
3397 5069 3454 5111 ut
3495 5073 3589 5110 eos

2007 5147 2286 5187 sermones
2315 5131 2615 5191 conferant,
2643 5133 2708 5183 ad
2734 5129 2874 5182 edita
2897 5127 2995 5181 SS.
3039 5128 3280 5191 Patrum,
3311 5139 3364 5181 ιιι
3393 5143 3498 5182 ιιοιι
3525 5127 3591 5178 ad

2007 5204 2233 5256 aliorum
2263 5203 2458 5269 scripta
2502 5199 2746 5269 lectores,
2768 5201 3053 5269 amandat.
3084 5197 3138 5249 In
3168 5199 3267 5253 hoc
3298 5199 3504 5269 syllaba
3545 5195 3590 5269 is

2008 5274 2225 5341 quidem
2253 5267 2432 5324 seru—io
2471 5267 2629 5341 desit,
2662 5268 2750 5341 qui
2783 5268 3017 5341 secundo
3045 5267 3160 5341 loco
3192 5269 3278 5341 hic
3309 5267 3446 5338 typis
3479 5267 3594 5341 vul-

2009 5335 2183 5410 gatur.
2235 5342 2326 5394 llle
2356 5335 2975 5410 cum,breviisrsitnussit,
3011 5349 3082 5410 et_
3112 5337 3164 5389 in
3196 5335 3342 5410 calce
3389 5335 3595 5410 pagina:

2016 5405 2220 5478 positus
2251 5412 2346 5462 viri
2393 5408 2800 5463 eminentissimi
2851 5407 3176 5473 diligentiam
3217 5406 3384 5478 fugit;
3419 5405 3595 5478 potius

2013 5476 2156 5534 enim
2188 5480 2514 5533 continuatio
2539 5479 2714 5546 ιιιὶιιιὶ,
2736 5491 2903 5544 quam
2929 5481 3065 5532 alter
3087 5491 3267 5532 sermo
3301 5476 3473 5545 primo
3511 5476 3592 5526 itt-

2017 5552 2149 5604 tuito
2179 5551 2408 5602 videtur.

2093 5621 2165 5689 (κ)
2193 5619 2314 5689 l‘ag.
2353 5617 2453 5670 1H
2482 5626 2535 5671 ct
2562 5634 2713 5687 seqq.
