4132 6176
385 264 476 321 105

1032 260 1396 326 SERMONES
1433 265 1610 323 TRES
1649 265 1742 322 EX
1780 266 1931 322 COD.
1977 268 2417 329 SESSORIAN'O.
2457 305 2528 317 —-
2567 273 2947 334 PR/EFATIO.

3515 287 3617 342 MO

383 379 492 432 Edit
551 376 634 430 ubi
665 388 814 440 sum,
855 376 958 431 eoi.
1011 378 1135 433 467.
1169 379 1289 433 Fol.
1337 377 1458 432 143.
1489 388 1666 440 recto,
1702 392 1888 430 xxxtttt
1924 399 1925 402 η

2049 379 2148 433 167
2190 393 2439 449 recto,r.x
2464 401 2476 441 :
2505 403 2522 434 ι
2550 385 2694 455 lncp.
2729 397 2850 456 post
2891 387 3184 457 Ephyl‘ania
3203 389 3400 444 dictum
3421 392 3566 461 (sic).
3589 413 3607 443 ι

383 488 401 520 ι
435 472 554 522 ttem
582 468 851 534 sequentia
878 509 892 532 ,
927 475 983 520 ct
1012 479 1250 537 tempore
1288 469 1607 524 ieiuniorum
1641 483 1745 521 non
1785 468 1939 520 luxu-

381 557 628 612 riandum.
660 574 677 607 ι
709 557 848 611 Edit.
883 558 971 611 ubi
995 571 1138 626 sup.,
1167 559 1273 614 col.
1300 558 1427 614 457.
1475 558 1592 614 Fol.
1625 559 1718 612 cit.
1758 571 1936 622 verso,

379 662 508 701 xxxv
537 663 551 700 :
586 665 605 698 ι
642 646 789 711 lncp.
836 646 905 702 de
932 648 1020 701 die
1063 661 1248 704 sancto
1279 651 1546 715 Pasctiae,
1593 657 1649 703 et
1674 648 1742 703 de
1776 661 1938 702 cruce

379 739 592 793 Domini.
626 758 643 790 ι
690 739 838 792 Εάἰι.
865 740 953 793 ubi
994 755 1140 806 sup.,
1165 755 1196 795 c
1234 742 1267 794 1.
1319 741 1442 796 151.
1479 742 1594 794 Fol.
1631 740 1731 795 H9
1758 753 1935 806 verso,

379 845 524 882 ruri
551 845 564 882 :
605 849 622 879 ι
656 829 782 882 Item
807 829 876 883 de
903 845 1061 886 cruce
1082 831 1225 885 etde
1248 833 1639 887 resurrectione
1662 832 1890 885 Domini.
1913 848 1931 882 ι

384 920 507 972 Edit.
559 919 648 973 ubi
689 934 832 986 sup.,
857 922 961 974 col.
1013 921 1134 975 153.
1172 922 1288 976 Fol.
1342 924 1442 979 150
1491 933 1638 978 recto
1665 963 1681 986 ,
1714 939 1889 976 xxxvu
1921 941 1932 974 :

383 1028 400 1060 ι
433 1007 571 1078 lncp.
601 1011 874 1077 sequentia
903 1011 971 1065 de
993 1012 1280 1078 sepulchro
1321 1013 1530 1067 Domini
1561 1014 1876 1068 Saluatoris.
1913 1031 1931 1064 ι

324 1120 326 1124 τ
373 1099 504 1152 Edit.
544 1100 680 1168 apud
713 1100 769 1154 8.
797 1101 1140 1156 Ambrosium
1163 1103 1263 1156 sub
1291 1119 1438 1157 num.
1471 1104 1714 1158 53Iiom.
1743 1105 1936 1158 editio-

370 1193 463 1247 nis.
495 1191 604 1245 FoI.
636 1192 731 1244 cit.
761 1206 942 1261 verso,
978 1208 1177 1247 xxxrttt
1207 1212 1220 1246 :
1255 1213 1274 1245 ι
1315 1194 1457 1264 lncp.
1492 1196 1557 1249 de
1585 1195 1936 1250 Pentecosten

367 1284 504 1354 (sic).
533 1293 586 1338 et
611 1285 677 1338 de
712 1285 918 1352 psalmo
959 1286 1253 1342 centesimo
1283 1302 1442 1342 nono.
1478 1305 1497 1339 ο
1539 1287 1680 1342 Edit.
1713 1287 1848 1342 inter
1877 1289 1936 1345 8.

366 1373 566 1427 Maximi
597 1387 758 1442 opera
782 1415 796 1433 .
827 1376 931 1429 col.
972 1375 1094 1429 197.
1138 1376 1254 1431 Fol.
1311 1377 1408 1433 151
1446 1389 1626 1443 tecto,
1667 1394 1886 1432 xxxvnu
1921 1397 1932 1431 :

369 1483 388 1516 ι
420 1463 558 1534 Inep.
577 1465 645 1520 de
667 1481 734 1520 eo
751 1466 892 1536 quod
922 1468 1178 1538 scriptum
1207 1477 1286 1523 est
1308 1469 1360 1522 in
1379 1471 1667 1539 Euangelio
1699 1487 1713 1523 :
1745 1469 1938 1538 Vutpes

365 1557 537 1624 faueas
565 1556 775 1621 habent,
805 1564 862 1611 et
883 1558 1106 1626 reliqua.
1141 1579 1160 1610 ι
1194 1559 1339 1613 Edit.
1383 1561 1470 1614 ubi
1502 1576 1646 1630 sup.,
1675 1562 1780 1615 coI.
1809 1561 1933 1616 579.

362 1644 468 1700 Fol.
491 1645 590 1702 152
620 1657 792 1713 recto,
822 1663 890 1701 ιι.
915 1665 930 1701 :
964 1666 984 1699 ι
1021 1648 1320 1718 Increpatio
1349 1650 1414 1704 ad
1447 1653 1674 1718 plebem.
1700 1660 1754 1706 et
1773 1651 1841 1705 de
1870 1665 1936 1705 eo

2047 471 2187 525 Edit.
2222 473 2357 527 inter
2378 473 2437 529 8.
2463 476 2727 530 Ambrosii
2756 491 3032 533 sermones
3057 479 3107 533 in
3125 481 3354 549 append.
3387 482 3616 550 rejectos

2041 575 2202 616 serm.
2239 562 2297 616 11
2322 605 2335 626 ,
2369 564 2474 616 col.
2503 564 2628 620 502.
2655 567 2770 620 Fol.
2821 569 2912 622 cit.
2946 584 3124 634 verso,
3157 586 3279 625 ut:
3311 590 3328 623 ι
3360 571 3506 639 lncp.
3547 575 3616 626 de

2039 663 2221 707 sancta
2267 653 2701 723 Quadragesima.
2749 678 2766 709 ι
2819 659 2963 714 Edit.
3015 662 3156 731 apud
3201 663 3257 716 8.
3283 662 3614 725 ‘Maximum.

1989 779 1992 784 -
2039 743 2142 795 col.
2190 741 2312 796 109.
2347 743 2461 797 Fol.
2508 744 2608 800 168
2650 763 2831 814 verso,
2876 766 3028 804 ωιιιε
3067 770 3086 803 ι
3137 751 3279 821 lncp.
3329 769 3508 809 sermo
3553 758 3614 808 8.

2039 832 2318 900 Augustini
2345 835 2412 889 de
2443 836 2492 889 id
2518 836 2637 907 (sic)
2670 842 2810 906 quod
2839 843 3094 909 scriptum
3120 855 3197 898 est
3226 863 3238 896 :
3269 844 3372 898 Hic
3392 856 3463 898 est
3485 847 3612 908 dies,

2037 937 2184 993 quem
2223 925 2339 993 fecit
2370 924 2654 995 Dominus,
2710 933 3049 998 casti/temur,
3104 945 3152 987 et
3183 936 3520 989 iucundemur
3564 939 3614 990 in

2039 1029 2117 1068 eo.
2151 1032 2170 1064 ι
2210 1014 2350 1068 Edit.
2383 1019 2520 1085 apud
2555 1021 2911 1076 Lovanienses
2963 1033 3092 1078 tum.
3141 1025 3188 1078 Χ
3225 1042 3375 1094 oper.
3409 1027 3464 1081 8.
3510 1032 3616 1082 Au-
3690 1047 3694 1052 '

2037 1104 2235 1172 gustini
2259 1146 2273 1170 ,
2305 1120 2470 1162 serui.
2504 1109 2572 1163 89
2595 1150 2610 1173 ,
2641 1113 2744 1164 col.
2797 1111 2919 1167 560.
2950 1114 3064 1168 Ful.
3111 1117 3212 1172 169
3242 1127 3407 1179 recto,
3446 1134 3568 1172 l.\lll
3598 1137 3612 1172 :

2045 1209 2064 1242 ‹
2103 1195 2247 1262 lncp.
2275 1209 2455 1250 sermo
2485 1197 2541 1252 S.
2579 1198 2885 1270 Hieronymi
2917 1204 2982 1258 de
3014 1206 3180 1261 Exod.
3211 1209 3262 1261 in
3309 1210 3614 1279 Quadragc-

2039 1284 2171 1338 sima
2227 1295 2350 1340 ante
2397 1287 2622 1342 Pascha.
2669 1308 2687 1341 ι
2729 1293 2866 1345 Edit.
2900 1309 2929 1346 a
2982 1294 3241 1350 Vallarsii)
3285 1301 3335 1352 in
3380 1303 3614 1369 appet-td.

2041 1384 2168 1428 tom.
2205 1374 2294 1438 XI,
2315 1377 2416 1430 col.
2447 1376 2573 1442 210,
2603 1379 2852 1436 editionis
2883 1383 3220 1441 Veronensis.
3253 1387 3362 1442 Sub
3382 1389 3482 1444 huc
3505 1407 3612 1445 ser-

2041 1477 2201 1518 mone
2223 1463 2449 1534 aliisque
2479 1467 2613 1522 infra
2646 1471 2893 1524 notandis
2924 1488 3091 1539 usque
3120 1475 3184 1529 ad
3217 1476 3308 1530 fol.
3340 1479 3442 1533 176
3489 1480 3613 1534 latet

2041 1551 2338 1607 Plinianum
2395 1556 2640 1612 Historia:
2686 1561 2946 1616 naturalis
2989 1561 3376 1632 fragmentum,
3427 1569 3616 1624 iisdem

2040 1647 2292 1713 spatiosis
2329 1648 2525 1704 litteris
2564 1661 2874 1717 exaratum,
2924 1655 3114 1723 quibus
3143 1659 3194 1711 in
3244 1659 3496 1714 Vaticano
3527 1677 3615 1732 pa-

361 1736 490 1806 quod
529 1738 792 1806 scriptum
827 1747 912 1792 est
955 1739 1007 1792 in
1040 1739 1366 1808 Euangelio:
1399 1741 1497 1806 Qui
1536 1741 1702 1809 habet,
1735 1742 1940 1794 dabitur
1965 1735 2013 1796 B
2041 1735 2282 1792 limsesto
2311 1739 2580 1807 politicum
2609 1757 2745 1812 opus
2773 1744 2840 1806 Μ.
2870 1745 3008 1802 Tulli
3031 1749 3285 1816 scriptum
3311 1751 3471 1806 fuisse
3489 1768 3616 1805 eon-

357 1828 400 1881 ci
417 1843 435 1890 ;
473 1835 521 1880 et
547 1829 878 1882 cantauimus
905 1828 1046 1883 uobis
1069 1869 1086 1897 ,
1114 1839 1161 1884 et
1190 1846 1290 1884 non
1318 1831 1562 1885 saltastis.
1604 1851 1622 1883 ι
1670 1831 1810 1886 Edit.
1844 1831 1934 1885 ubi

359 1931 492 1986 sup.,
520 1919 624 1974 col.
658 1918 784 1974 661.
814 1918 932 1974 Fol.
957 1920 1050 1977 cit.
1081 1935 1265 1986 verso,
1291 1937 1377 1975 xu
1403 1938 1416 1974 :
1452 1940 1471 1973 ‹
1508 1921 1651 1991 lncp.
1685 1922 1771 1977 ubi
1795 1924 1934 1977 Deus

358 2008 564 2062 sabbato
606 2024 830 2064 manum
870 2010 1074 2065 aridam
1115 2012 1344 2066 curauit.
1403 2031 1422 2065 ι
1457 2012 1601 2067 Edit.
1650 2013 1740 2068 ubi
1788 2028 1934 2084 sup.,

358 2100 446 2153 col.
472 2099 595 2154 585.
630 2100 756 2156 Fol.
790 2103 894 2159 153
921 2118 1097 2168 verso,
1128 2119 1237 2158 xui
1269 2122 1282 2158 :
1321 2123 1340 2157 ι
1394 2105 1540 2174 lncp.
1566 2106 1631 2161 de
1669 2107 1928 2162 Penteco-

359 2199 463 2245 sten
491 2191 640 2262 (sic).
687 2211 708 2246 ι
739 2193 884 2249 Edit.
917 2194 1004 2248 ubi
1029 2210 1178 2264 sup.,
1204 2197 1312 2250 col.
1342 2197 1462 2251 19l.
1490 2197 1605 2252 Fol.
1639 2197 1734 2254 151
1761 2209 1932 2263 recto,

367 2295 480 2336 mu
522 2298 539 2336 :
578 2301 598 2336 ι
640 2284 792 2350 lncp.
841 2283 911 2340 de
957 2285 1044 2340 die
1089 2296 1304 2342 sanctae
1351 2287 1680 2358 Ephyl’aniae
1724 2288 1870 2361 (sic).
1909 2308 1926 2341 ι

360 2371 488 2428 Edit.
507 2373 596 2430 ubi
622 2390 772 2443 sup.,
795 2375 899 2429 col.
921 2374 1040 2430 415.
1068 2374 1184 2430 ιιύι.
1207 2377 1302 2432 cit.
1327 2392 1505 2443 verso,
1535 2394 1717 2433 xum:
1753 2399 1771 2432 ‹
1806 2382 1931 2434 Item

357 2462 417 2518 de
443 2464 526 2520 die
558 2465 982 2536 pryl'aniorum
1015 2467 1162 2539 (sic),
1191 2480 1242 2523 et
1273 2469 1339 2523 de
1372 2469 1681 2540 Euangelio,
1715 2471 1799 2525 ubi
1828 2472 1934 2526 Do-

351 2557 512 2611 minus
548 2556 857 2626 baptizatus
903 2565 1008 2621 est,
1046 2567 1102 2613 et
1149 2559 1216 2613 de
1258 2560 1466 2628 psalmo
1508 2576 1691 2615 xxvnt.
1735 2581 1752 2612 ι
1790 2561 1928 2616 Edit.

349 2646 427 2699 ubi
448 2659 591 2716 sup.,
650 2648 754 2702 col.
784 2646 913 2701 241.
963 2647 1080 2704 Fol.
1116 2648 1217 2704 155
1248 2659 1394 2704 recto
1417 2695 1430 2719 ,
1459 2667 1559 2704 xu
1587 2669 1598 2703 :
1631 2671 1649 2702 ι
1686 2651 1829 2720 lncp.
1863 2653 1932 2709 de

349 2749 408 2790 eo
433 2736 571 2806 quod
593 2738 862 2805 scriptum
893 2748 971 2791 est
1001 2738 1052 2792 in
1094 2738 1392 2809 Euangelio
1425 2759 1436 2792 :
1485 2740 1722 2795 Hominis
1760 2744 1930 2797 cuius-

347 2828 452 2878 dam
473 2828 662 2880 diuitis
682 2827 878 2896 fructus
901 2829 1074 2882 uberes
1100 2845 1220 2900 ager
1238 2831 1443 2884 adtulit.
1479 2850 1498 2882 ›
1536 2831 1672 2887 Edit.
1705 2832 1842 2887 inter
1870 2834 1926 2889 S.

349 2917 517 2974 Basilii
544 2934 717 2988 opera
750 2922 897 2975 hom.
930 2920 981 2986 6,
1015 2931 1144 2974 tom.
1180 2921 1242 2987 II,
1278 2938 1396 2992 pag.
1429 2922 1526 2992 45,
1558 2939 1587 2978 a
1619 2940 1718 2992 qua
1753 2937 1932 2982 tamen

347 3013 528 3066 multas
559 3013 655 3067 hic
683 3013 854 3067 nostri
884 3014 1085 3069 codicis
1107 3029 1285 3069 sermo
1315 3017 1582 3070 variantes
1603 3015 1780 3070 liabet.
1805 3017 1922 3071 Fol.

2037 1828 2291 1896 spicimus
2313 1829 2548 1900 (a).Fol.
2577 1847 2697 1898 sup.
2728 1834 2820 1888 cit.
2854 1835 2955 1892 169
2987 1853 3167 1903 verso,
3195 1855 3347 1893 ut.“
3373 1857 3386 1893 :
3416 1859 3434 1892 ι
3466 1841 3614 1908 lncp.

2037 1932 2218 1973 sermo
2250 1918 2308 1976 8.
2343 1922 2623 1990 Augustini
2651 1923 2718 1977 ad
2767 1935 3135 1994 competentes
3179 1938 3235 1984 et
3276 1931 3618 1986 catechume-

2037 2024 2157 2074 nos,
2197 2030 2214 2062 ι
2259 2012 2350 2080 qui
2389 2013 2418 2066 i.
2445 2013 2616 2082 cipit:
2652 2033 2671 2067 ι
2699 2015 2931 2072 Audiaut
2967 2019 3361 2087 catechumeni,
3405 2023 3618 2088 audiant

2035 2114 2243 2168 omnes,
2267 2116 2456 2158 omnes
2488 2104 2730 2170 timeant,
2762 2122 2920 2164 nemo
2949 2120 3286 2178 contemnat;
3312 2112 3379 2166 sit
3408 2113 3536 2168 milii
3565 2114 3617 2168 in

2035 2192 2402 2247 consolatione
2442 2203 2624 2250 uester
2669 2197 2881 2253 auditus
2909 2240 2926 2265 ,
2979 2218 2997 2251 ι
3027 2211 3130 2257 etc.
3174 2204 3255 2257 An
3304 2204 3390 2259 hic
3438 2218 3616 2274 sermo

2035 2285 2328 2339 anecdotus
2366 2287 2467 2352 sit,
2513 2290 2863 2356 pronuntiare
2889 2307 2993 2348 non
3031 2295 3236 2361 audeo;
3269 2296 3409 2351 idem
3439 2298 3523 2352 dic
3551 2299 3616 2353 de

2036 2377 2172 2439 illis.
2219 2393 2448 2447 quorum
2494 2379 2630 2435 infra
2679 2381 2827 2437 initia
2874 2385 3124 2442 referam.
3157 2387 3270 2442 Fol.
3307 2391 3407 2444 170
3436 2407 3615 2455 verso,

2036 2483 2180 2521 va:
2215 2486 2232 2520 ι
2269 2469 2401 2524 Item
2435 2469 2674 2526 eiusdem
2710 2487 2888 2528 sermo
2913 2475 2979 2530 de
3017 2478 3333 2535 remissioite
3377 2493 3616 2549 peccato-

2035 2575 2182 2624 rum;
2222 2577 2241 2611 ι
2286 2576 2444 2627 quem
2476 2562 2648 2631 primo
2669 2579 2734 2618 ex
2761 2565 2861 2621 hoc
2876 2567 3061 2622 codice
3083 2581 3338 2625 erueruut
3364 2572 3606 2638 Maurini,

2033 2661 2086 2705 et
2119 2650 2222 2706 ﬁde
2247 2651 2419 2706 eidem
2449 2655 2618 2708 codici
2653 2671 2874 2723 prorsus
2917 2658 3150 2714 adhibita
3174 2702 3188 2726 ,
3219 2663 3358 2717 inter
3384 2664 3614 2731 genuina

2033 2757 2192 2811 opera
2223 2744 2282 2798 8.
2308 2746 2586 2814 Augustini
2626 2748 2908 2803 ediderunt
2961 2761 3090 2805 tom.
3141 2752 3210 2819 V,
3264 2763 3399 2821 part.
3435 2770 3472 2819 t,
3505 2759 3610 2811 col.

2035 2836 2154 2889 572.
2191 2836 2306 2891 FoI.
2342 2838 2434 2891 171
2469 2854 2642 2898 verso.
2676 2855 2794 2894 uVI
2829 2857 2842 2893 ε
2875 2860 2892 2891 ι
2932 2842 3077 2912 lncp.
3106 2844 3243 2898 alius
3277 2845 3516 2901 eiusdem
3546 2848 3612 2908 de

2034 2926 2221 2981 missas
2245 2927 2543 2981 cotidianas
2574 2928 2718 2998 (sic),
2758 2949 2776 2981 ι
2809 2934 2896 3000 qui
2943 2933 3168 3001 incipit:
3206 2954 3224 2986 ι
3262 2934 3612 3009 Congrcgatio

2032 3019 2376 3074 beatitudinis
2425 3032 2617 3076 uestra:
2659 3024 2763 3078 FF.
2789 3025 2902 3080 KK.
2949 3027 3072 3082 facit
3099 3043 3197 3083 nos
3228 3031 3392 3085 nimio
3419 3034 3612 3102 gaudio

350 3101 446 3157 158
464 3111 639 3163 recto,
686 3119 806 3157 XLVI
835 3120 850 3157 :
889 3122 906 3155 ι
941 3104 1086 3175 lncp.
1119 3105 1187 3160 de
1231 3121 1297 3160 eo
1337 3107 1478 3176 quod
1517 3108 1770 3174 scriptum
1799 3117 1881 3161 e.~t
1911 3125 1924 3160 :
1955 3097 1998 3158 C
2031 3125 2149 3166 esse
2171 3113 2426 3180 repletos,
2450 3115 2542 3168 sed
2574 3116 2695 3184 quia
2731 3127 2887 3186 pauet
2928 3129 3112 3187 pectus
3142 3131 3273 3177 cate:
3298 3123 3345 3178 is
3373 3097 3612 3194 corporis

356 3192 469 3257 Quis
512 3195 683 3264 major
716 3203 791 3248 est
835 3197 889 3248 in
933 3211 1090 3266 regno
1134 3197 1436 3251 caelorum?
1489 3216 1507 3250 ι
1545 3198 1665 3251 Edit
1693 3197 1830 3267 apud
1869 3199 1925 3254 S.

350 3281 659 3352 Maximum,
696 3285 802 3339 θυι.
826 3286 953 3340 285.
987 3287 1104 3344 Fol.
1137 3288 1229 3341 cit.
1277 3303 1457 3351 verso,
1493 3303 1636 3341 xum
1669 3303 1683 3341 :
1724 3307 1741 3339 ι
1779 3288 1924 3358 lncp.

349 3374 407 3428 de
430 3374 636 3429 deibus
677 3375 941 3431 nauiculis
971 3377 1022 3431 iu
1073 3378 1384 3448 Euangelio.
1423 3395 1440 3429 ι
1477 3378 1618 3432 Edit.
1653 3379 1741 3432 ubi
1780 3394 1925 3448 sup.,

347 3466 589 3523 col.659.
618 3468 740 3522 Fui.
776 3469 877 3523 159
907 3483 1092 3535 verso,
1145 3485 1330 3524 sui".
1370 3488 1387 3520 ‹
1431 3471 1575 3539 Iucp.
1609 3470 1676 3525 de
1718 3470 1927 3526 ieiuniis

355 3559 427 3612 vel
454 3565 637 3613 Sancta
669 3559 1105 3629 deragaima.
1138 3579 1156 3612 ι
1193 3561 1334 3615 Edit.
1376 3561 1464 3615 ubi
1497 3575 1641 3630 sup.,
1668 3561 1770 3616 Col.
1800 3561 1923 3616 461.

355 3645 459 3702 I-‘oI.
493 3648 596 3704 160
624 3658 794 3715 recto,
828 3658 1006 3703 vautt
1035 3665 1050 3706 :
1084 3669 1101 3700 ι
1137 3649 1278 3718 lncp.
1313 3651 1380 3705 de
1411 3651 1609 3705 ieiunio
1643 3652 1849 3706 Domini
1872 3654 1925 3708 in

348 3737 572 3806 daserto,
612 3748 670 3794 et
699 3739 836 3808 quod
865 3757 964 3793 non
988 3741 1040 3793 in
1061 3741 1169 3794 solo
1203 3758 1333 3810 pane
1360 3742 1488 3794 uiuit
1520 3744 1689 3796 homo.
1725 3761 1742 3793 ι
1779 3742 1922 3798 Est.

348 3831 425 3884 ubi
452 3847 598 3902 sup.,
623 3834 730 3886 col.
756 3831 879 3886 453.
911 3833 1026 3890 Ful.
1056 3832 1150 3888 161
1198 3843 1365 3900 recto,
1398 3850 1428 3889 ι.
1453 3852 1465 3887 :
1497 3853 1514 3886 1
1542 3834 1667 3889 Item
1696 3851 1924 3906 sequen—

351 3923 413 3974 tia
434 3922 496 3975 dc
532 3923 747 3976 iciitnii's
775 3922 1245 3992 Quadragesimac.
1285 3944 1302 3977 ›
1339 3925 1476 3979 Edit.
1521 3927 1606 3980 ubi
1640 3939 1782 3994 sup.,
1814 3928 1921 3980 col.

348 4011 460 4066 165.
488 4012 602 4067 Fol.
627 4018 722 4069 cit.
768 4025 952 4083 verso,
995 4026 1066 4071 ιι.
1108 4039 1125 4067 ι
1167 4017 1312 4085 lncp.
1343 4018 1409 4072 de
1450 4018 1674 4072 Pascha.
1714 4039 1731 4070 ι
1777 4019 1918 4074 Edit.

350 4103 431 4158 ubi
457 4120 601 4174 sup.,
636 4106 742 4160 co'.
797 4105 917 4160 179.
963 4106 1080 4161 FoI.
1113 4106 1212 4162 162
1244 4103 1421 4172 v'crso,
1455 4125 1522 4163 ιιι
1560 4128 1571 4161 :
1615 4128 1633 4160 ι
1670 4110 1796 4164 Item
1840 4125 1923 4166 se-

348 4199 554 4263 quentia
605 4198 673 4252 de
698 4207 942 4252 san'ctum
973 4198 1094 4268 (sic)
1128 4194 1380 4255 Paschae.
1427 4219 1444 4251 ι
1483 4202 1624 4255 Edit.
1656 4201 1742 4256 ubi
1771 4217 1920 4270 sup.,

348 4287 444 4340 col.
474 4287 593 4342 181.
629 4289 743 4342 Fol.
778 4289 868 4343 cit.
913 4303 1002 4343 Leu
1040 4307 1052 4341 :
1083 4290 1210 4345 Item
1256 4293 1551 4359 sequentia.
1595 4311 1612 4343 ι
1648 4292 1786 4346 Edit.
1831 4293 1919 4346 ubi

346 4390 477 4446 sup.,
508 4378 615 4433 col.
650 4378 770 4434 183.
805 4371 922 4434 Fui.
952 4369 1055 4436 163
1076 4384 1243 4448 recto,
1278 4382 1399 4436 Liv:
1437 4402 1453 4433 ι
1495 4383 1638 4453 lncp.
1685 4384 1751 4438 de
1781 4384 1916 4438 Pen-

2034 3201 2364 3269 obligatum,
2398 3220 2501 3258 non
2549 3221 2768 3274 po~sum
2814 3210 3026 3276 dicere,
3074 3224 3328 3282 quantum
3360 3216 3612 3284 splendor
3683 3267 3687 3271 Α

2033 3291 2196 3346 animi
2220 3296 2382 3349 uestri
2410 3297 2640 3352 delectat
2664 3299 2878 3365 aud're;
2914 3309 3089 3357 tamen
3119 3303 3426 3373 adgredior,
3458 3325 3476 3358 ι
3503 3315 3608 3362 etc.

2032 3383 2150 3438 Fui.
2207 3386 2310 3439 172
2352 3395 2522 3450 recto,
2571 3403 2713 3443 mm:
2743 3431 2756 3446 .
2794 3409 2811 3441 ι
2862 3391 3008 3461 lncp.
3050 3393 3118 3448 de
3162 3394 3385 3451 decimis
3431 3412 3610 3452 sermo

2031 3477 2291 3533 eiusdem.
2328 3498 2345 3530 ι
2379 3480 2500 3534 Edit
2542 3482 2590 3534 in
2635 3484 2864 3548 appetit].
2900 3494 3028 3540 tom.
3059 3485 3124 3550 V,
3151 3489 3255 3542 col.
3287 3489 3412 3555 460,
3443 3504 3470 3540 a
3501 3507 3608 3558 qua

2032 3579 2206 3626 tamen
2239 3571 2415 3625 dim-rt
2447 3573 2500 3626 in
2545 3575 2834 3629 nonnullis.
2878 3575 2992 3630 Fol.
3043 3577 3144 3633 175
3191 3589 3366 3644 rccto,
3409 3597 3606 3636 uvnt:

2036 3680 2053 3713 ι
2094 3661 2223 3716 Item
2263 3663 2424 3717 alium
2457 3663 2580 3731 (sic)
2608 3665 2674 3720 de
2717 3675 2903 3722 sancto
2939 3668 3178 3724 Helisseo
3210 3670 3360 3741 (sic);
3401 3690 3420 3724 ι
3455 3673 3609 3742 cujus

2029 3752 2236 3808 initium
2268 3764 2342 3808 cst
2381 3772 2393 3807 :
2430 3773 2449 3806 ι
2481 3755 2662 3810 Dulcis
2692 3757 2928 3812 insonuit
2956 3760 3172 3814 auribus
3215 3762 3412 3816 nostris
3440 3778 3608 3832 nuper

2028 3845 2247 3898 recitata
2271 3845 2510 3910 libertas,
2537 3847 2661 3900 dum
2686 3849 2855 3902 saeuit
2888 3850 3026 3903 inter
3049 3865 3145 3904 nos
3172 3866 3350 3905 amara
3379 3855 3608 3920 captiui-

2027 3943 2128 4001 tas,
2163 3953 2180 3986 ι
2214 3950 2318 3990 etc.
2353 3935 2468 3991 Fol.
2495 3937 2596 3990 174
2621 3948 2790 4003 recto,
2817 3956 2996 3994 vanu
3025 3958 3037 3992 :
3069 3959 3087 3992 ι
3125 3941 3268 4010 lncp.
3293 3943 3454 3997 alium
3483 3943 3606 4014 (εἰς)

2027 4027 2092 4080 de
2117 4027 2228 4080 loco
2257 4027 2474 4097 (deest),
2511 4029 2598 4083 ubi
2627 4030 2812 4084 beatus
2843 4031 3034 4086 Petrus
3077 4033 3128 4086 in
3156 4034 3289 4088 mari
3322 4043 3609 4104 tempesta-

2027 4128 2133 4173 tem
2161 4120 2412 4172 sustinuit
2439 4120 2490 4173 in
2517 4120 2658 4174 naui.
2693 4140 2710 4171 ι
2747 4121 2823 4174 En
2852 4123 3020 4191 prima
3062 4124 3222 4178 verba
3258 4143 3269 4176 :
3307 4143 3325 4176 ‹
3364 4125 3605 4180 Nutritos

2027 4211 2274 4280 liyrundo
2289 4211 2462 4280 pullos
2490 4226 2638 4278 suos,
2662 4227 2781 4266 cum
2807 4214 3021 4267 uolandi
3045 4225 3160 4269 arte
3186 4215 3440 4285 disponit,
3474 4232 3603 4284 pau-

2023 4303 2186 4357 lulum
2215 4302 2428 4370 quidem
2470 4303 2523 4357 in
2565 4289 2695 4358 aere
2716 4303 2968 4372 dimittit,
3013 4306 3204 4374 qubus
3254 4316 3430 4360 tamen
3479 4308 3591 4376 ipsa

2024 4394 2196 4448 uicina
2219 4402 2329 4459 est,
2369 4408 2436 4447 ne
2464 4393 2600 4448 forte
2640 4393 2888 4448 decidant
2942 4396 3256 4464 trepidando
3297 4398 3471 4451 adhuc
3520 4399 3604 4452 iu-

349 4479 574 4526 tecosten
625 4471 772 4542 (sic).
813 4492 830 4525 ι
865 4472 1003 4528 Edit.
1048 4473 1139 4528 ubi
1179 4489 1293 4544 sup.
1321 4519 1336 4543 ,
1369 4475 1470 4530 col.
1509 4477 1627 4531 187.
1669 4476 1782 4530 Fel.
1820 4474 1919 4531 161

2031 4487 2164 4541 [irini
2192 4484 2453 4548 uolando,
2494 4503 2512 4536 ι
2548 4491 2652 4538 etc.
2684 4484 2804 4538 Fol.
2833 4486 2925 4539 cit.
2959 4499 3150 4550 verso,
3194 4503 3297 4540 Lxr
3336 4505 3346 4538 :
3379 4505 3396 4538 ι
3449 4489 3596 4555 lncp.

348 4573 513 4628 recto,
546 4579 612 4617 ιν
646 4582 660 4615 :
693 4581 711 4613 ε
748 4563 892 4633 lncp.
927 4565 993 4620 de
1037 4564 1284 4621 accusaui
1327 4567 1547 4622 Domino
1595 4569 1734 4637 apud
1780 4568 1918 4623 Pila-

351 4664 469 4722 tum,
502 4667 558 4712 et
587 4656 657 4712 de
685 4657 948 4712 Susanna.
978 4677 994 4709 ι
1025 4658 1168 4714 Edit.
1202 4660 1286 4713 ubi
1318 4675 1434 4729 sivp.
1461 4698 1476 4723 ,
1507 4662 1608 4716 col.
1646 4662 1764 4716 141.
1802 4661 1913 4716 Fol.

348 4746 430 4799 cit.
460 4762 652 4816 rezso,
695 4764 818 4803 LVI:
853 4767 870 4800 ι
906 4750 1036 4804 Item
1067 4752 1364 4819 sequentia.
1402 4771 1418 4802 ι
1451 4753 1591 4808 Ειιίι.
1627 4755 1713 4808 ubi
1760 4769 1877 4823 sup.
1899 4798 1912 4821 ,

348 4836 445 4891 col.
487 4838 613 4894 145.
662 4839 776 4893 F01.
828 4840 930 4894 165
976 4856 1167 4906 verso,
1199 4858 1301 4895 Lm
1338 4860 1348 4894 :
1387 4863 1402 4892 ι
1436 4843 1582 4914 lncp.
1619 4844 1686 4898 dc
1743 4845 1918 4900 natale

350 4927 564 4986 Dowini.
602 4952 620 4984 ι
659 4933 800 4987 Edit.
843 4933 929 4986 ubi
975 4949 1124 5002 sup.,
1155 4935 1258 4990 col.
1306 4933 1429 4990 105.
1465 4936 1578 4990 Fol.
1613 4938 1712 4990 166
1745 4952 1912 5001 recto,

345 5035 505 5076 unt:
559 5042 576 5073 ι
644 5024 786 5094 Incp.
836 5025 902 5079 de
953 5024 1195 5081 kalendis
1237 5027 1522 5083 Januariis.
1565 5048 1584 5080 ›
1635 5029 1774 5083 Εάῖι.
1829 5030 1916 5084 ubi

344 5125 478 5183 sup.,
502 5117 611 5169 col.
645 5117 769 5172 609.
803 5116 919 5171 Fol.
948 5117 1041 5172 cit.
1068 5134 1244 5182 verso,
1277 5135 1416 5173 min
1447 5137 1461 5172 :
1493 5140 1511 5172 ι
1541 5121 1684 5190 lncp.
1720 5131 1920 5175 tracta-

345 5213 420 5258 tus
445 5207 511 5262 de
534 5209 829 5280 pryiania
863 5210 1005 5281 (sic).
1029 5229 1046 5262 ι
1069 5211 1205 5266 Edit.
1232 5213 1320 5266 ubi
1342 5229 1484 5283 sup.,
1509 5215 1611 5268 θυι.
1644 5215 1766 5269 4‘25.
1803 5217 1917 5273 F01.

406 5379 479 5449 (τι)
510 5381 664 5435 Plinii
713 5381 811 5436 hoc
855 5383 1207 5452 fragmenYum
1252 5384 1302 5438 in
1347 5385 1662 5441 Sessoriano
1699 5399 1911 5451 quater-

339 5449 491 5502 nione
519 5452 728 5520 integro
745 5449 1004 5523 scriptum
1025 5453 1090 5506 ad
1117 5455 1246 5507 libb.
1270 5472 1418 5519 χκιν,
1447 5466 1501 5511 et
1523 5474 1622 5511 xxv
1647 5449 1785 5512 (list.
1817 5477 1912 5513 na-

336 5523 510 5591 turalis
542 5523 788 5589 p-rtinet.
821 5524 951 5577 Illud
982 5525 1221 5580 uuamvis
1244 5527 1463 5591 editum,
1495 5537 1670 5581 tamen
1701 5529 1752 5582 in
1784 5530 1909 5584 Ses-

337 5590 561 5663 wrianis
589 5595 855 5646 anecdutis
883 5595 1166 5662 aliquando
1189 5598 1474 5663 proci-am.
1509 5597 1621 5652 Non
1647 5601 1788 5652 cnim
1821 5600 1906 5655 de-

337 5669 492 5726 spero
519 5661 634 5714 fore
656 5673 770 5730 post
802 5661 1068 5718 tlermolai
1095 5661 1336 5736 Barbari,
1371 5667 1586 5724 Arduiui
1608 5710 1625 5740 ,
1657 5671 1908 5725 aliorum-

580 5753 840 5818 PATBOL.
887 5755 1098 5819 XVIII

2025 4592 2205 4633 sermo
2237 4577 2294 4632 S.
2329 4577 2634 4647 Hieronymi
2664 4575 2731 4630 de
2761 4560 2946 4630 Exodo
2978 4575 3028 4631 in
3074 4578 3250 4648 uigilia
3283 4578 3541 4634 Pascbae.
3577 4599 3596 4632 ι

2031 4668 2168 4722 Edit.
2226 4669 2361 4721 inter
2409 4667 2747 4737 supposit‘tia
2808 4666 2865 4722 8.
2935 4669 3216 4737 Augustini
3275 4669 3471 4738 scripta
3545 4670 3600 4723 in

2025 4760 2254 4830 append.
2282 4771 2409 4814 tom.
2459 4760 2529 4843 γε
2565 4745 2624 4824 et
2667 4757 2807 4829 apud
2858 4759 3177 4814 Vallarsium
3229 4760 3370 4814 inter
3415 4761 3597 4839 spuria

2027 4866 2156 4910 tum.
2199 4853 2268 4909 XI
2305 4869 2454 4924 oper.
2485 4853 2544 4908 S.
2592 4853 2941 4924 Hieronymi,
2993 4855 3099 4909 col.
3148 4852 3274 4907 212.
3326 4854 3440 4908 Fol.
3496 4855 3600 4908 175

2027 4962 2200 5010 verso,
2234 4963 2355 5001 Lxxt
2384 4963 2426 5000 ει
2466 4945 2610 5013 lncp.
2662 4946 2903 5000 eiusdem
2949 4945 3001 4998 in
3050 4945 3138 4998 die
3179 4945 3447 4999 dominica
3475 4945 3602 5000 Pas-

2023 5038 2178 5093 cliae.
2220 5057 2236 5088 ι
2289 5038 2432 5091 Edit.
2466 5037 2554 5090 ubi
2601 5050 2722 5105 sup.
2749 5077 2762 5099 ,
2795 5036 2900 5089 col.
2948 5035 3072 5089 200.
3106 5035 3222 5089 Fol.
3270 5037 3372 5090 176
3418 5049 3596 5113 verso,

2025 5147 2162 5184 Lxxn
2201 5149 2251 5184 ε(
2277 5128 2672 5199 Incp.eiusdem
2699 5129 2758 5182 S.
2795 5128 3106 5198 Hieronymi
3129 5127 3178 5182 in
3205 5127 3290 5182 die
3318 5128 3594 5182 Dominica

2025 5222 2280 5277 Paschae.
2327 5238 2345 5270 ι
2401 5218 2540 5273 Edit.
2594 5220 2683 5276 ubi
2733 5235 2929 5290 supra,
2985 5219 3094 5275 col.
3155 5207 3284 5278 2715.
3334 5219 3448 5274 Fol.
3501 5219 3597 5273 177

2017 5389 2705 5462 que’praestantissimorum
2725 5391 2959 5445 virorum
2974 5400 3218 5459 conatus,
3238 5393 3325 5462 qui
3347 5392 3597 5462 pleraque
3618 5430 3620 5432 τ

2018 5463 2208 5532 utenda
2231 5462 2436 5532 ab‘lioc
2459 5461 2702 5514 Pliniano
2727 5476 2891 5532 opere
2917 5479 2980 5518 ex
3012 5461 3367 5518 vitio<issimis
3395 5461 3597 5517 codici-

2015 5531 2115 5585 bus
2132 5538 2287 5585 eruto
2313 5530 2472 5600 longa
2498 5530 2828 5600 operosaqite
2851 5548 2976 5587 cura
3005 5533 3356 5599 sustulerunt,
3387 5542 3437 5586 et
3463 5534 3594 5589 mihi

2015 5602 2172 5664 hujus
2199 5600 2540 5654 vetustissimi
2567 5603 2859 5670 palimsesti
2883 5603 3196 5661 auctoritate
3216 5601 3320 5657 alia
3341 5605 3592 5660 nonnulla

2015 5685 2318 5743 expungere
2343 5671 2568 5729 fortasse
2600 5672 2784 5730 licere.
3207 5741 3242 5801 ὦ
