4176 6184
522 298 621 353 (07

1490 293 1545 351 S.
1590 290 1884 350 AMBROSI
1926 290 2470 349 MEDIOLANENSIS
2511 293 2813 352 EPISCOPI

3686 302 3785 357 108

518 425 685 479 recto,
716 422 1003 469 occurrunt
1027 410 1082 465 S.
1114 407 1291 462 Basilii
1320 405 1490 476 Magni
1522 405 1763 459 instituta
1798 401 2088 457 monacho-
2118 403 2169 462 Α
2196 409 2328 465 test,
2373 403 2590 458 eosdem
2637 404 2981 459 Ambrosium
3027 401 3279 461 habuisse
3315 405 3464 462 feriis
3511 406 3783 466 f‘aseliali-

516 518 665 567 rum,
708 520 827 574 qua:
852 505 903 558 in
935 514 1063 557 tom.
1092 502 1133 556 ll
1163 515 1311 571 oper.
1340 499 1472 553 edit.
1516 496 1777 549 Parisieu.
1818 509 1909 547 an.
1952 492 2087 547 i730

516 612 543 649 a
565 596 670 651 col.
694 596 798 651 327
829 596 969 650 edita
998 604 1151 661 sunt,
1183 606 1406 663 quaeque
1445 589 1546 642 boc
1579 588 1733 641 titulo
1762 587 2089 655 przesiguan-

516 694 602 741 tur
636 686 688 740 in
727 686 911 741 codice
944 703 957 739 :
996 703 1015 737 ι
1050 684 1289 739 lnstituta
1321 679 1703 735 monachorum
1741 678 1910 732 sancti
1944 676 2093 731 Basi-

518 774 600 830 lici
617 772 739 845 (sic)
760 775 993 845 episcopi
1012 771 1373 828 Caesariensis
1389 770 1760 840 Cappadociae
1778 769 1829 822 iu
1851 766 2086 823 Christo.

514 867 772 937 l'rologus
811 870 978 922 sancti
1010 864 1183 921 Ruﬁni
1216 862 1566 935 praesbyteri.
1598 880 1617 914 ι
1650 861 1813 916 Miror
1843 860 1911 915 cl.
1952 859 2090 914 Fon-

514 960 791 1023 taninium,
829 958 1069 1028 quamvis
1104 957 1244 1012 hunc
1273 956 1512 1012 codicem
1541 954 1792 1020 vidisset,
1827 954 1969 1008 haud
2010 963 2092 1009 ta-

512 1066 633 1105 men
686 1048 1127 1105 animadvertisse
1180 1049 1429 1103 Ruﬁnum
1493 1057 1734 1101 sanctum
1792 1042 2087 1113 appellari;

509 1140 651 1209 quod
699 1140 916 1209 quidem
968 1139 1100 1194 ali.s
1150 1147 1391 1194 notasset
1436 1137 1487 1192 in
1534 1139 1637 1191 fine
1681 1150 1791 1191 sua:
1842 1134 2091 1190 llistorim

509 1234 898 1305 Aquileiensis,
942 1234 1095 1302 cujus
1144 1235 1196 1287 itt
1230 1244 1499 1302 postremo
1536 1231 1867 1300 paragrapho
1912 1227 2090 1283 Ruﬁni

482 1324 695 1379 “laudes
749 1325 1046 1389 recensuit,
1089 1334 1141 1379 et
1184 1325 1253 1378 de
1298 1324 1391 1378 illo
1435 1330 1492 1377 ut
1531 1323 1598 1376 de
1644 1329 1833 1376 sancto
1883 1320 2091 1375 monuit

507 1417 828 1487 scripturum
860 1417 973 1472 fore
1002 1416 1333 1470 Billandum.
1381 1417 1597 1470 Deutum
1641 1414 1733 1468 fol.
1771 1413 1877 1469 200
1919 1423 2086 1479 recto,

509 1522 707 1573 Lxstu,
748 1516 830 1561 est
871 1521 1079 1572 sermo,
1127 1507 1217 1576 qui
1266 1506 1613 1560 inscribitur:
1653 1523 1671 1556 ι
1723 1503 1865 1572 lncp.
1907 1519 2088 1558 sermo

504 1600 672 1653 sancti
705 1598 981 1669 Augustini
1006 1598 1072 1652 de
1093 1597 1506 1652 resurrectione.
1528 1615 1546 1646 ι
1576 1596 1730 1649 llunc
1751 1609 2083 1661 sermonem,

503 1691 592 1760 qui
620 1690 744 1744 olim
778 1692 915 1745 inter
944 1691 1004 1744 S.
1035 1690 1292 1758 Fulgentii
1324 1688 1519 1757 scripta
1554 1688 1950 1751 recensebatur,
1984 1688 2085 1741 Be-

2202 496 2316 551 bus.
2358 497 2508 551 Enim
2539 512 2668 553 vero
2695 499 2835 568 quod
2858 497 2988 554 dicit
3014 500 3187 567 primo,
3212 514 3484 568 sermone,
3524 516 3620 557 eos
3646 503 3782 558 allo-

2195 588 2317 658 qui,
2355 588 2445 655 qui
2488 589 2596 642 Deo
2641 589 2754 657 ipsa
2795 588 3093 644 devotionis
3134 589 3470 659 professione
3501 591 3614 662 jam
3652 610 3777 663 pro-

2197 680 2323 734 ximi
2350 679 2585 749 deputati
2615 688 2741 733 sunt
2766 681 2904 736 caelo
2932 681 3039 751 (b);
3070 690 3125 736 et
3148 682 3345 737 clarius
3384 685 3437 738 in
3468 686 3649 752 tertio,
3675 686 3772 756 qui

2196 772 2405 840 pompis
2424 781 2479 827 et
2506 771 2693 827 mundi
2722 773 3083 829 voluntatibus
3120 774 3369 842 abiectis,
3412 776 3619 832 meliori
3649 791 3779 830 con-

2194 877 2351 917 cursu
2381 862 2446 917 ad
2475 864 2673 919 coelum
2701 865 2980 920 transitum
3013 865 3284 931 fecerant,
3312 867 3507 937 quique
3531 872 3601 923 ab
3625 866 3775 923 omni

2195 952 2329 1008 facie
2371 955 2705 1024 contagionis
2734 957 2965 1026 antiquae
3000 972 3095 1027 per
3133 961 3593 1026 regenerationem
3630 962 3776 1015 salu-

2194 1046 2322 1099 laris
2350 1044 2546 1100 lavacri
2575 1048 2813 1117 purgati,
2841 1058 2892 1103 et
2920 1063 3015 1117 per
3039 1048 3359 1118 baptismum
3402 1052 3597 1108 mortui
3624 1062 3775 1108 nata-

2192 1137 2332 1191 libus
2354 1138 2560 1202 mundi,
2580 1139 2840 1193 nobilitati
2864 1154 2958 1210 per
2975 1139 3200 1209 gratiam
3226 1142 3333 1195 nati
3358 1153 3482 1196 sunt
3502 1144 3640 1199 caelo
3663 1146 3772 1214 (e);

2194 1228 2244 1283 id
2272 1230 2487 1299 quidem
2516 1230 2820 1300 significare
2848 1232 3076 1299 videtur,
3107 1234 3264 1287 verba
3293 1234 3359 1287 ad
3389 1234 3595 1303 plebem
3621 1237 3731 1291 fieri
3750 1276 3771 1305 ,

2190 1336 2308 1389 qua:
2365 1320 2474 1389 jam
2533 1321 2795 1391 baptisma
2833 1361 2849 1388 ,
2914 1322 2981 1377 ad
3035 1324 3174 1391 quod
3234 1325 3447 1380 nonnisi
3488 1326 3539 1379 in
3598 1328 3777 1396 pervi-

2190 1412 2319 1479 gilio
2363 1412 2581 1465 Pascite
2632 1413 3046 1480 admittebatur,
3092 1426 3389 1483 receperat.
3453 1416 3566 1473 lluc
3608 1418 3771 1474 etiam

2191 1504 2317 1557 addi
2356 1513 2558 1573 potest,
2591 1504 2701 1560 illic
2740 1504 2797 1561 S.
2824 1505 3100 1561 doctorem
3143 1508 3211 1561 de
3241 1507 3491 1562 ineliabili
3526 1509 3777 1565 lucarna-

2192 1595 2353 1649 tionis
2384 1595 2638 1667 mysterio
2666 1595 2964 1651 clarissime
2996 1596 3140 1666 loqui
3186 1598 3287 1667 (ά),
3314 1598 3453 1668 quod
3491 1601 3774 1656 studiosis-

2189 1688 2325 1741 sime
2354 1695 2479 1740 tunc
2508 1686 2768 1754 temporis
2796 1687 3030 1741 nondum
3067 1688 3347 1757 baptizatis
3387 1689 3636 1745 celabant
3676 1708 3773 1745 an-

503 1782 752 1836 nedictini
805 1782 1040 1835 editores
1085 1795 1237 1849 oper.
1281 1780 1342 1834 S.
1379 1778 1657 1848 Augustini
1708 1778 1865 1846 hujus
1914 1779 2081 1833 nostri
2114 1774 2159 1834 Β
2191 1779 2412 1843 tistites;
2458 1778 2722 1849 simulque
2751 1778 3005 1849 explicari
3052 1781 3256 1849 accepti
3293 1781 3403 1849 jam
3452 1786 3771 1838 Sacramenti

498 1881 557 1929 et
591 1874 812 1930 alterius
840 1874 1041 1927 codicis
1070 1872 1385 1927 auctoritate
1426 1870 1593 1925 innisi
1626 1870 1908 1939 Fulgentio
1934 1870 2087 1939 abju-

500 1964 778 2035 dicarunt,
820 1976 875 2021 et
922 1966 1063 2021 inter
1100 1965 1360 2035 genuinos
1393 1964 1530 2019 fetus
1580 1964 1860 2032 Augustini
1897 1964 2083 2032 vulga-

501 2067 625 2115 runt
663 2068 794 2115 tom.
823 2057 885 2113 ν.
921 2067 1061 2127 part.
1094 2072 1140 2120 ι,
1173 2057 1276 2109 col.
1322 2055 1479 2110 102s.
1512 2056 1607 2108 llic
1644 2069 1823 2109 sermo
1866 2069 2086 2110 mancus

498 2158 581 2207 est
616 2150 669 2204 in
700 2150 916 2214 codice,
944 2150 1032 2219 qui
1076 2150 1283 2204 duabus
1328 2149 1551 2218 integris
1597 2148 1823 2218 pagellis
1869 2148 2084 2202 mutilus

497 2250 611 2309 est,
654 2242 847 2313 quibus
887 2257 991 2297 non
1040 2241 1201 2296 modo
1242 2240 1399 2311 hujus
1442 2244 1709 2296 sermonis
1756 2241 1937 2295 amisit
1984 2255 2083 2309 po-

495 2342 694 2390 strema
731 2333 894 2389 verba
913 2372 929 2399 ,
965 2348 1150 2388 verum
1178 2333 1339 2387 etiam
1372 2331 1593 2386 alterius
1623 2331 1863 2401 ejusdem
1891 2330 1947 2386 S.
1976 2334 2085 2385 Au-

494 2424 690 2495 gustini
739 2425 1033 2489 sermonis,
1064 2424 1153 2495 qui
1202 2424 1371 2479 nos:ri
1420 2422 1621 2478 codicis
1671 2432 1814 2476 esset
1865 2438 2081 2491 Lxsttu,

494 2530 716 2587 prorsus
741 2515 869 2572 fecit
891 2515 1191 2587 jacturam,
1215 2515 1371 2585 cujus
1401 2516 1587 2570 titulus
1621 2513 1795 2569 adhuc
1821 2514 1873 2569 in
1907 2515 2084 2571 indice

494 2608 589 2664 fol.
621 2608 725 2663 129
766 2616 933 2671 recto,
959 2608 1037 2662 sic
1072 2607 1303 2676 legitur:
1337 2622 1357 2658 ι
1390 2605 1520 2660 Item
1551 2605 1793 2660 eiusdem
1827 2606 1878 2660 in
1908 2606 2083 2676 capite

494 2698 616 2755 libri
647 2714 826 2755 sermo
854 2700 922 2755 de
948 2699 1215 2754 uersiculo
1257 2696 1447 2767 psalmi
1489 2695 1757 2752 undecimi
1787 2714 1800 2749 :
1835 2696 1935 2761 Tu,
1981 2695 2084 2751 Do-

494 2789 651 2855 mine,
682 2791 909 2844 seruabis
937 2806 1051 2856 nos,
1082 2798 1129 2843 et
1155 2789 1410 2843 custodies
1440 2803 1533 2843 nos
1572 2804 1604 2841 a
1633 2789 1956 2857 generatione
1986 2790 2082 2843 ista

493 2896 652 2950 usque
678 2880 729 2933 in
760 2888 1044 2933 aeternum.
1080 2898 1098 2931 ι

568 2970 657 3025 l.\'.
688 2972 1007 3042 Conjectura:
1032 2972 1094 3024 de
1114 2971 1566 3026 Ambrosianorum
1592 2988 1881 3026 sermonum
1908 2981 2079 3039 artata,

495 3071 541 3119 et
571 3071 793 3133 tempore
820 3080 921 3135 quo
963 3064 1124 3117 habiti
1165 3076 1303 3119 sun'.
1330 3092 1402 3105 -ν-
1431 3064 1535 3120 Sed
1583 3067 1747 3120 misso
1785 3065 1972 3121 codice
2013 3066 2079 3120 ad

2188 1870 2520 1938 baptismatis
2544 1869 2765 1925 effectus
2798 1871 2896 1939 (e);
2929 1879 3091 1938 atque
3125 1871 3399 1925 auditores
3432 1872 3662 1935 hortari,
3701 1891 3772 1929 ne

2185 1974 2306 2014 cum
2344 1961 2560 2023 smculo,
2588 1962 2673 2014 cui
2716 1962 2768 2013 in
2811 1962 2898 2015 die
2928 1962 3328 2029 redemptiOnis,
3363 1964 3413 2015 id
3456 1976 3537 2017 est
3570 1964 3771 2034 baptis-

2187 2052 2366 2117 matis,
2406 2067 2512 2122 quo
2540 2053 2838 2121 eousignati
2887 2050 3098 2106 fuerant
3125 2052 3346 2122 Spiritui
3397 2063 3603 2121 sancto,
3654 2055 3771 2110 vale

2185 2141 2467 2209 dixeiaut,
2518 2142 2678 2197 ullam
2735 2142 2788 2197 in
2839 2154 3111 2212 posterum
3170 2145 3486 2198 societatem
3544 2145 3771 2211 inirent,

2188 2235 2307 2302 quia
2340 2244 2573 2289 veterem
2606 2234 2876 2291 hominem
2917 2234 3134 2304 spoliati
3164 2244 3219 2290 et
3254 2234 3468 2291 Christo
3499 2253 3773 2291 commot-

2190 2325 2297 2389 tui,
2346 2341 2411 2380 eo
2456 2326 2663 2381 scilicet
2702 2325 2789 2380 die
2831 2340 3028 2380 novum
3088 2327 3361 2382 hominem
3405 2328 3605 2397 induti,
3648 2347 3772 2385 cum

2188 2418 2304 2487 ipso
2326 2418 2631 2472 revixerunt
2663 2420 2751 2489 (ί).
2786 2419 2977 2474 Verum
3008 2420 3053 2475 si
3082 2422 3200 2489 quis
3236 2420 3287 2474 id
3320 2436 3424 2474 non
3464 2422 3596 2477 satis
3628 2424 3774 2480 clare

2186 2529 2250 2571 es
2288 2516 2479 2584 prioris
2504 2516 2768 2570 sermonis
2793 2523 3048 2571 contextu
3089 2515 3261 2570 evinci
3308 2527 3486 2587 putat,
3528 2532 3593 2573 eo
3629 2520 3773 2587 quod

2188 2608 2353 2662 relata
2395 2611 2558 2663 verba
2600 2609 2665 2663 ad
2696 2611 3113 2666 catechumenos
3141 2617 3196 2665 et
3234 2621 3599 2678 ciimpetentes
3625 2627 3774 2666 com-

2188 2701 2348 2757 mode
2376 2702 2563 2756 referri
2606 2711 2833 2769 queant,
2862 2705 2910 2756 ei
2944 2717 3053 2757 non
3078 2702 3372 2769 obsistam;
3415 2712 3467 2759 et
3495 2704 3540 2758 si
3580 2706 3631 2758 in
3673 2706 3773 2758 hac

2186 2796 2452 2849 sententia
2495 2792 2721 2863 piimum
2751 2809 3058 2851 sermonem
3101 2811 3164 2852 ac
3201 2797 3429 2851 alterum
3458 2798 3525 2852 ad
3568 2812 3773 2865 prace-

2185 2884 2403 2939 dehtem
2453 2884 2967 2954 Quadragesimam;
3012 2903 3112 2957 qua
3164 2888 3475 2953 quotidiauo
3520 2902 3773 2942 sermone

2184 2978 2603 3032 catechumenos
2646 2986 2702 3032 et
2750 2987 3118 3049 competentes
3158 2979 3386 3034 docebat
3426 2980 3769 3045 Ambrosius,

2186 3071 2464 3126 remittere
2507 3069 2686 3137 malit,
2729 3086 2834 3126 non
2882 3072 3205 3141 repugnabo.
3256 3072 3405 3126 llaud
3438 3088 3523 3127 me
3555 3073 3676 3127 latet
3704 3070 3770 3127 S.

496 3155 881 3210 Ambrosianus
926 3169 1203 3211 sermones
1244 3155 1577 3211 redeundum
1619 3164 1722 3211 est.
1757 3155 1898 3211 Fieri
1937 3157 2080 3211 enim
2109 3140 2156 3204 C
2189 3161 2530 3217 Ambrosium
2573 3162 2922 3232 baptizandus
2948 3140 3033 3216 ad,
3059 3163 3393 3217 terrestrium
3423 3178 3601 3217 rerum
3642 3178 3770 3218 con-

494 3260 599 3302 non
633 3255 804 3314 potest
846 3255 903 3299 ut
943 3247 1012 3300 ab
1041 3246 1147 3300 illis
1173 3246 1448 3312 recedam,
1492 3248 1801 3316 priusquam
1832 3248 1899 3301 de
1942 3258 2077 3302 tem-

495 3352 647 3405 pore,
677 3353 782 3405 quo
814 3336 977 3390 habiti
1009 3344 1135 3392 sunt
1156 3376 1171 3402 ,
1203 3344 1554 3407 qutesttonem
1583 3338 1773 3393 saltem
1798 3339 2077 3407 attingam.

493 3427 661 3483 Porro
686 3428 795 3497 jam
828 3436 1049 3483 auctore
1083 3428 1323 3499 cognito,
1366 3441 1674 3484 sermonum
1712 3445 1923 3499 quoque
1950 3439 2081 3485 aztas

493 3529 765 3590 comperta
804 3528 905 3576 est.
938 3519 1295 3576 Nihilominus
1325 3521 1393 3577 de
1421 3536 1563 3576 anno
1587 3536 1696 3591 quo
1724 3522 1889 3577 habiti
1922 3534 2045 3577 sunt
2064 3563 2079 3587 ,

494 3616 624 3670 nihil
666 3617 798 3670 Ct‘i‘li
846 3616 1057 3673 habeo:
1099 3626 1153 3672 et
1195 3617 1241 3671 si
1284 3617 1408 3688 quid
1457 3620 1807 3689 conjecturis,
1852 3635 2078 3689 quarum

494 3717 670 3763 tamen
694 3708 953 3777 judicium
983 3708 1251 3779 integrum
1282 3711 1404 3765 volo
1435 3725 1555 3766 esse
1585 3727 1750 3781 penes
1787 3713 2077 3777 lectorem,

494 3801 651 3859 liceat
703 3800 1015 3874 indulgere,
1049 3803 1172 3858 illos
1212 3817 1354 3859 anno
1394 3803 1500 3859 589
1546 3804 1682 3859 haud
1731 3808 1898 3862 multo
1941 3809 2079 3861 anti-

491 3898 708 3965 quiores
747 3895 997 3951 arbitror.
1026 3895 1159 3951 Cum
1203 3898 1346 3952 enim
1392 3897 1445 3951 in
1484 3897 1688 3952 ei~dem
1734 3900 1935 3954 mentio
1968 3910 2077 3955 tum

491 3988 842 4044 ecclesiastici
894 4000 1115 4056 cantus,
1173 4006 1295 4046 cum
1338 3992 1698 4061 psalmorum,
1753 3993 2076 4064 hymnorum

491 4087 545 4133 et
586 4078 915 4149 vigiliarum,
943 4096 1103 4151 quam
1147 4082 1482 4152 disciplinam
1529 4083 1807 4140 Mediolani
1852 4085 1907 4141 S.
1941 4088 2075 4142 Am-

491 4171 701 4227 brosius
730 4187 872 4228 anno
900 4174 1005 4230 586
1041 4173 1255 4231 circiter
1284 4175 1616 4247 instituerat,
1649 4193 1748 4234 nec
1778 4180 1945 4236 semel
1976 4196 2076 4236 nec

489 4263 714 4319 obscure
760 4265 850 4319 fiat
890 4263 1013 4336 (a);
1052 4276 1178 4323 ante
1228 4267 1357 4323 illud
1404 4276 1613 4339 tempus
1657 4270 1755 4325 bos
1799 4286 2077 4329 sermones

488 4358 715 4427 scriptos
746 4356 929 4423 fuisse,
957 4358 1246 4415 dicendum
1271 4374 1376 4416 non
1403 4371 1505 4417 est.
1535 4362 1603 4418 Et
1632 4362 1747 4419 lucc
1770 4365 2075 4434 conjectura

489 4446 612 4502 inde
648 4445 891 4503 fortassis
923 4451 1230 4507 confirmari
1267 4462 1471 4522 potest,
1502 4454 1645 4524 quod
1685 4454 1739 4510 in
1774 4460 1931 4513 tertio
1960 4474 2066 4514 ser-

490 4552 647 4592 mone
677 4539 841 4593 multa
873 4538 1189 4605 habeantur,
1219 4558 1338 4612 quae
1369 4554 1425 4597 ut
1446 4545 1570 4599 alibi
1603 4557 1930 4615 prmnotasse
1960 4566 2071 4606 me-

488 4628 651 4696 mini,
686 4629 1014 4687 difﬁcillimis
1054 4632 1275 4689 Justinte
1314 4638 1702 4703 persecutionis
1739 4642 2069 4712 temporibus

486 4723 725 4789 apprime
754 4725 1040 4780 convenire
1086 4726 1365 4794 videntur;
1407 4744 1529 4797 qua:
1574 4730 1791 4799 quidem
1842 4732 2069 4790 Ariano-

492 4825 603 4867 rum
653 4812 910 4882 impunita
958 4816 1171 4870 vexatio
1217 4830 1525 4886 compressa
1572 4831 1655 4875 est
1700 4832 1826 4877 ante
1867 4838 2065 4881 annum

485 4903 589 4957 389
616 4920 721 4974 quo
758 4904 1155 4962 Valentinianus
1199 4906 1387 4963 Junior
1421 4924 1525 4964 una
1560 4926 1681 4966 eum
1724 4913 2063 4984 TheodOsio,

485 4999 751 5053 exstincto
776 4999 1004 5054 Maximo
1027 5010 1273 5072 tyranno,
1304 5003 1661 5059 Mediolanum
1691 5021 1936 5063 reversus
1960 5020 2067 5066 est.

483 5086 638 5155 Quod
673 5100 851 5145 autem
892 5092 946 5147 bi
988 5101 1099 5149 tres
1146 5110 1425 5151 sermones
1470 5097 1659 5152 eodem
1702 5114 1845 5154 anno
1898 5100 2061 5155 habiti

484 5176 623 5243 sint,
664 5195 728 5234 ex
770 5196 956 5237 eorum
1008 5200 1146 5239 nexu
1197 5188 1639 5259 colligatioueque
1690 5201 1855 5259 patet.
1890 5192 2063 5259 Quoto

486 5281 611 5321 vero
640 5273 762 5322 anni
796 5275 1023 5341 tempori
1063 5276 1220 5330 iidem
1263 5278 1339 5331 illi
1380 5281 1684 5350 assignandi
1716 5288 1853 5354 sint,
1896 5289 2063 5340 mu‘to

484 5361 707 5415 minoris
738 5361 1062 5422 diiiicultatis
1102 5383 1186 5423 res
1224 5380 1328 5425 est.
1382 5371 1618 5429 Dubitari
1647 5375 1788 5430 enim
1832 5392 1915 5432 v.x
1963 5393 2057 5449 po-

556 5526 631 5603 (ᾳ)
655 5524 881 5603 S_erm._i
899 5564 918 5603 _,
942 5524 968 5597 §
991 5524 1042 5586 5.
1068 5536 1122 5582 et
1149 5527 1323 5584 Serm.
1351 5532 1406 5600 ὅ,
1432 5531 1457 5603 §
1488 5533 1569 5588 ΙΙ.

558 5600 632 5663 (ο)
666 5597 794 5667 una.
831 5596 861 5667 δ
897 5597 942 5650 ι.

554 5670 626 5739 (ο)
657 5665 911 5739 serra—5,
937 5665 996 5739 §§
1038 5668 1100 5731 4,
1132 5666 1164 5721 6
1185 5678 1239 5723 et
1266 5672 1346 5728 IO.

555 5734 636 5805 (ά)
672 5737 802 5792 Ibid.
829 5739 894 5809 σε
921 5734 1031 5806 sit
1052 5752 1107 5795 et
1132 5742 1217 5795 ιο.

2184 3261 2442 3321 templum
2499 3254 2764 3323 praecipue
2811 3253 3151 3308 adhortatum
3201 3253 3364 3308 fuisse
3408 3271 3422 3307 :
3469 3255 3562 3309 sed
3614 3270 3769 3325 aeque

2182 3345 2315 3409 scio,
2349 3344 2468 3398 illos
2500 3357 2619 3415 post
2644 3355 2949 3415 susceptum
2993 3347 3256 3415 baptisma
3288 3347 3340 3401 in
3372 3346 3556 3401 iisdem
3590 3364 3765 3401 mora-

2182 3437 2323 3492 libus
2349 3439 2648 3507 przeceptis,
2667 3455 2785 3508 quae
2803 3453 2861 3494 se
2881 3439 3105 3494 docente
3133 3442 3239 3507 jam
3271 3439 3589 3504 didicerant,
3615 3440 3771 3494 novis

2180 3528 2531 3583 concionibus
2567 3530 2939 3585 confirmasse.
2993 3530 3241 3586 Profecto
3280 3544 3586 3597 sermones,
3642 3532 3769 3600 qui-

2182 3620 2283 3673 bus
2327 3630 2577 3675 constant
2616 3622 2731 3676 libri
2775 3623 2838 3675 de
2879 3623 3028 3692 Fuga
3074 3624 3282 3682 sa'cnli,
3323 3631 3377 3677 et
3414 3624 3477 3677 de
3513 3622 3678 3677 Jacob
3720 3631 3768 3676 rt

2188 3712 2309 3766 Vita
2356 3712 2535 3778 b.ata,
2565 3712 2652 3768 ubi
2697 3714 3031 3783 potissimum
3073 3714 3141 3771 dc
3180 3716 3336 3784 hujus
3374 3716 3555 3770 mundi
3602 3716 3765 3770 rebus

2179 3806 2490 3862 abdicandis
2528 3807 2720 3875 agitur,
2754 3808 2819 3859 ad
2862 3822 3052 3862 recens
3096 3808 3389 3875 baptizatos
3414 3807 3598 3862 habuit
3637 3808 3767 3863 Am-

2183 3898 2410 3965 brosinus,
2440 3909 2495 3952 ut
2525 3900 2657 3952 scite
2679 3897 2870 3952 crudi‘i
2900 3898 3120 3952 Maurini
3152 3902 3520 3953 demonstrant
3548 3900 3651 3969 (ῃ).

2252 3991 2319 4048 Χ.
2353 3989 2429 4045 De
2470 3993 2653 4046 horum
2690 4009 2978 4047 sermonum
3009 3994 3257 4047 doctrina.
3284 4023 3352 4032 —
3380 3992 3494 4046 Non
3526 4003 3603 4047 est
3635 4008 3765 4048 vero

2180 4097 2296 4147 cur,
2321 4082 2411 4151 qui
2439 4099 2579 4137 nunc
2610 4083 2904 4152 prodeunt,
2936 4097 3210 4137 sermones
3242 4082 3480 4147 laudem;
3513 4099 3631 4137 nam
3664 4085 3764 4154 ipsi

2181 4188 2261 4239 se,
2296 4183 2352 4227 ut
2388 4189 2642 4241 auguror,
2686 4174 2909 4228 eruditis
2938 4174 3143 4243 piisque
3171 4175 3457 4229 lectoribus
3487 4189 3764 4229 commen-

2179 4264 2385 4319 dabunt
2432 4264 2582 4330 Quod
2613 4274 2788 4319 autem
2837 4265 2888 4319 in
2930 4279 3113 4319 eorum
3157 4265 3452 4334 praesertim
3500 4265 3672 4335 primo
3701 4280 3763 4320 ac

2180 4355 2419 4411 secundo
2447 4355 2763 4410 Ambrosius
2791 4355 3111 4425 evangelicis
3147 4356 3323 4411 verbis
3352 4356 3575 4422 doceat,
3606 4354 3766 4411 Chri-

2180 4448 2475 4502 stianorum
2507 4462 2627 4503 esse
2670 4448 2847 4500 omnia
2890 4462 2983 4500 sua
3031 4448 3166 4502 bona
3212 4448 3540 4517 relinquere,
3571 4457 3625 4505 et
3667 4463 3764 4517 pro

2177 4539 2288 4595 Chr
2309 4550 2392 4594 sto
2438 4540 2755 4608 pauperibus
2791 4539 3144 4608 distribuere,
3176 4548 3335 4607 atque
3380 4554 3500 4595 sese
3544 4554 3763 4607 prorsus

2179 4632 2373 4686 divina:
2417 4630 2765 4701 providentia:
2811 4632 3178 4696 committere;
3211 4648 3315 4686 non
3348 4634 3419 4686 ita
3462 4636 3647 4687 stricte
3680 4635 3763 4687 in-

2178 4725 2521 4796 telligendum
2549 4735 2659 4790 est,
2688 4739 2750 4780 ac
2788 4726 2830 4779 si
2872 4735 3199 4796 praeceptum
3246 4727 3369 4781 illud
3400 4728 3603 4798 absque
3642 4727 3759 4781 dis-

2177 4818 2369 4886 pendio
2395 4828 2611 4872 :eterme
2638 4818 2827 4871 salutis
2852 4834 2878 4869 a
2905 4819 3093 4887 quovis
3119 4817 3380 4884 praeteriri
3423 4833 3527 4871 non
3567 4818 3762 4884 possit;

2177 4910 2270 4964 sed
2307 4910 2375 4963 ah
2405 4925 2469 4964 eo
2499 4909 2767 4964 observari
2797 4918 2848 4964 et
2879 4910 3156 4977 adimpleri
3196 4908 3322 4962 illud
3354 4908 3569 4979 quidem
3602 4924 3764 4978 opor-

2178 5010 2313 5067 tere,
2342 5001 2428 5072 qui
2462 5001 2525 5054 ad
2567 5018 2874 5070 supremum
2916 5001 3135 5071 gradum
3181 5002 3500 5065 evangelicae
3548 5003 3759 5069 periec-

2174 5096 2333 5149 tionis
2361 5097 2646 5165 pervenire
2667 5096 2975 5148 contendat.
3002 5094 3245 5147 Profecto
3274 5095 3472 5157 nullus,
3499 5092 3761 5163 quidquid

2177 5189 2483 5243 heterodoxi
2536 5188 2788 5242 nemeriei
2835 5187 3126 5251 blaterent,
3178 5186 3313 5238 hanc
3359 5184 3761 5239 distinctionem

2173 5280 2407 5349 antiquis
2438 5279 2621 5346 imam,
2639 5290 2689 5332 et
2714 5278 2765 5332 in
2784 5278 3146 5332 Ambrosiauis
3161 5277 3375 5346 scriptis
3392 5274 3632 5345 reperiri,
3664 5273 3766 5330 ib.t

2177 5378 2405 5443 inficias,
2438 5376 2526 5444 qui
2556 5374 2743 5428 saltem
2778 5373 2961 5443 legerit
2991 5387 3110 5441 cap.
3142 5371 3197 5426 ll
3227 5412 3241 5439 ,
3276 5370 3409 5427 lib.t
3439 5371 3505 5426 de
3533 5367 3762 5436 Ofﬁciis,

2251 5536 2324 5606 (e)
2356 5534 2514 5601 lbid.,
2539 5531 2601 5606 ἐς
2623 5532 2655 5586 9
2676 5531 2846 5606 et_lt).

2267 5602 2314 5676 fl
2347 5606 2505 5676 Ιῠίίιι,
2534 5602 2596 5673 §§
2630 5602 2962 5676 modocitat.

2267 5611 2314 5676 Ι)
2347 5611 2505 5669 lbid.,
2534 5611 2596 5673 ᾗῇ
2630 5611 2789 5655 modo
2815 5611 2962 5656 citat.

2243 5611 2320 5749 ig)
2351 5676 2408 5731 In
2436 5674 2847 5730 admouitionib.
2879 5668 3112 5743 prteviis.

4151 296 4173 461 κ
