  <div class='ocr_page' id='page_1' title='image "/cluster/home/n/w/nwhite01/storage/ocr_20150623/18/hvd.32044023361694/064.png"; bbox 0 0 4176 6184; ppageno 0'>
   <div class='ocr_carea' id='block_1_1' title="bbox 382 216 485 271">
    <p class='ocr_par' dir='ltr' id='par_1_1' title="bbox 382 216 485 271">
     <span class='ocr_line' id='line_1_1' title="bbox 382 216 485 271; baseline 0 -1"><span class='ocrx_word' id='word_1_1' title='bbox 382 216 485 271; x_wconf 75' lang='grc'><strong>109</strong></span> 
     </span>
    </p>
   </div>
   <div class='ocr_carea' id='block_1_2' title="bbox 1117 170 2946 285">
    <p class='ocr_par' dir='ltr' id='par_1_2' title="bbox 1117 170 2946 285">
     <span class='ocr_line' id='line_1_2' title="bbox 1117 170 2946 285; baseline 0.005 -10"><span class='ocrx_word' id='word_1_2' title='bbox 1117 219 1471 278; x_wconf 82' lang='lat' dir='ltr'><strong>SERMONES</strong></span> <span class='ocrx_word' id='word_1_3' title='bbox 1509 170 1687 278; x_wconf 70' lang='grc' dir='ltr'>Τιιιξδ</span> <span class='ocrx_word' id='word_1_4' title='bbox 1726 222 1819 278; x_wconf 74' lang='lat' dir='ltr'><strong>EX</strong></span> <span class='ocrx_word' id='word_1_5' title='bbox 1856 222 2007 278; x_wconf 81' lang='lat' dir='ltr'><strong>COD.</strong></span> <span class='ocrx_word' id='word_1_6' title='bbox 2050 223 2491 281; x_wconf 67' lang='lat' dir='ltr'><strong>SESSORIAN‘O.</strong></span> <span class='ocrx_word' id='word_1_7' title='bbox 2533 257 2602 266; x_wconf 97' lang='lat'><strong><em>—</em></strong></span> <span class='ocrx_word' id='word_1_8' title='bbox 2638 227 2867 285; x_wconf 74' lang='lat' dir='ltr'><strong>SERMO</strong></span> <span class='ocrx_word' id='word_1_9' title='bbox 2907 230 2946 284; x_wconf 88' lang='lat' dir='ltr'><strong>l.</strong></span> 
     </span>
    </p>
   </div>
   <div class='ocr_carea' id='block_1_3' title="bbox 3555 242 3649 297">
    <p class='ocr_par' dir='ltr' id='par_1_3' title="bbox 3555 242 3649 297">
     <span class='ocr_line' id='line_1_3' title="bbox 3555 242 3649 297; baseline 0 -1"><span class='ocrx_word' id='word_1_10' title='bbox 3555 242 3649 297; x_wconf 84' lang='grc' dir='ltr'>ιιο</span> 
     </span>
    </p>
   </div>
   <div class='ocr_carea' id='block_1_4' title="bbox 373 328 3643 420">
    <p class='ocr_par' dir='ltr' id='par_1_4' title="bbox 373 328 3643 420">
     <span class='ocr_line' id='line_1_4' title="bbox 373 328 3643 420; baseline 0.009 -39"><span class='ocrx_word' id='word_1_11' title='bbox 373 330 464 381; x_wconf 82' lang='lat' dir='ltr'><strong>ubi</strong></span> <span class='ocrx_word' id='word_1_12' title='bbox 498 328 838 399; x_wconf 78' lang='lat' dir='ltr'><strong>apertissime</strong></span> <span class='ocrx_word' id='word_1_13' title='bbox 865 329 938 384; x_wconf 83' lang='lat' dir='ltr'><strong>ait</strong></span> <span class='ocrx_word' id='word_1_14' title='bbox 983 331 1058 402; x_wconf 79' lang='grc' dir='ltr'><strong>(α)</strong></span> <span class='ocrx_word' id='word_1_15' title='bbox 1089 349 1100 384; x_wconf 90' lang='lat'><strong>:</strong></span> <span class='ocrx_word' id='word_1_16' title='bbox 1136 351 1153 382; x_wconf 75' lang='grc' dir='ltr'><strong>ι</strong></span> <span class='ocrx_word' id='word_1_17' title='bbox 1182 332 1427 389; x_wconf 88' lang='lat' dir='ltr'><strong>Ofﬁcium</strong></span> <span class='ocrx_word' id='word_1_18' title='bbox 1471 344 1647 390; x_wconf 91' lang='lat' dir='ltr'><strong>autem</strong></span> <span class='ocrx_word' id='word_1_19' title='bbox 1689 350 1847 390; x_wconf 90' lang='lat' dir='ltr'><strong>omne</strong></span> <span class='ocrx_word' id='word_1_20' title='bbox 1876 347 1966 391; x_wconf 88' lang='lat' dir='ltr'><strong>aut</strong></span> <span class='ocrx_word' id='word_1_21' title='bbox 1996 341 2042 400; x_wconf 81' lang='grc' dir='ltr'>Α</span> <span class='ocrx_word' id='word_1_22' title='bbox 2072 349 2151 393; x_wconf 86' lang='lat' dir='ltr'><strong>cst</strong></span> <span class='ocrx_word' id='word_1_23' title='bbox 2182 339 2322 407; x_wconf 87' lang='lat' dir='ltr'><strong>quod</strong></span> <span class='ocrx_word' id='word_1_24' title='bbox 2366 341 2550 408; x_wconf 78' lang='lat' dir='ltr'><strong>paucis</strong></span> <span class='ocrx_word' id='word_1_25' title='bbox 2592 342 2768 399; x_wconf 84' lang='lat' dir='ltr'><strong>verbis</strong></span> <span class='ocrx_word' id='word_1_26' title='bbox 2806 345 3086 410; x_wconf 79' lang='lat' dir='ltr'><strong>attingam,</strong></span> <span class='ocrx_word' id='word_1_27' title='bbox 3139 348 3386 404; x_wconf 83' lang='lat' dir='ltr'><strong>nimirum</strong></span> <span class='ocrx_word' id='word_1_28' title='bbox 3425 356 3566 420; x_wconf 86' lang='lat' dir='ltr'><strong>quod</strong></span> <span class='ocrx_word' id='word_1_29' title='bbox 3592 358 3643 410; x_wconf 92' lang='lat' dir='ltr'><strong>in</strong></span> 
     </span>
    </p>
   </div>
   <div class='ocr_carea' id='block_1_5' title="bbox 370 421 1964 494">
    <p class='ocr_par' dir='ltr' id='par_1_5' title="bbox 370 421 1964 494">
     <span class='ocr_line' id='line_1_5' title="bbox 370 421 1964 494; baseline 0.006 -25"><span class='ocrx_word' id='word_1_30' title='bbox 370 421 630 484; x_wconf 70' lang='lat' dir='ltr'><strong>medium,</strong></span> <span class='ocrx_word' id='word_1_31' title='bbox 655 427 748 472; x_wconf 93' lang='lat' dir='ltr'><strong>aut</strong></span> <span class='ocrx_word' id='word_1_32' title='bbox 773 421 1051 489; x_wconf 76' lang='lat' dir='ltr'><strong>perfectum</strong></span> <span class='ocrx_word' id='word_1_33' title='bbox 1078 429 1160 476; x_wconf 91' lang='lat' dir='ltr'><strong>est</strong></span> <span class='ocrx_word' id='word_1_34' title='bbox 1179 461 1193 485; x_wconf 90' lang='lat'><strong>,</strong></span> <span class='ocrx_word' id='word_1_35' title='bbox 1219 422 1357 491; x_wconf 92' lang='lat' dir='ltr'><strong>quod</strong></span> <span class='ocrx_word' id='word_1_36' title='bbox 1389 437 1539 492; x_wconf 69' lang='lat' dir='ltr'><strong>reque</strong></span> <span class='ocrx_word' id='word_1_37' title='bbox 1567 425 1964 494; x_wconf 87' lang='lat' dir='ltr'><strong>Scripturarum</strong></span> 
     </span>
    </p>
   </div>
   <div class='ocr_carea' id='block_1_6' title="bbox 367 509 1963 579">
    <p class='ocr_par' dir='ltr' id='par_1_6' title="bbox 367 509 1963 579">
     <span class='ocr_line' id='line_1_6' title="bbox 367 509 1963 579; baseline 0.005 -17"><span class='ocrx_word' id='word_1_38' title='bbox 367 511 690 564; x_wconf 82' lang='lat' dir='ltr'><strong>auctoritate</strong></span> <span class='ocrx_word' id='word_1_39' title='bbox 738 509 966 578; x_wconf 86' lang='lat' dir='ltr'><strong>probare</strong></span> <span class='ocrx_word' id='word_1_40' title='bbox 994 525 1297 579; x_wconf 76' lang='lat' dir='ltr'><strong>p05sumus.</strong></span> <span class='ocrx_word' id='word_1_41' title='bbox 1350 513 1616 568; x_wconf 83' lang='lat' dir='ltr'><strong>Habemus</strong></span> <span class='ocrx_word' id='word_1_42' title='bbox 1664 516 1864 570; x_wconf 89' lang='lat' dir='ltr'><strong>etenim</strong></span> <span class='ocrx_word' id='word_1_43' title='bbox 1909 515 1963 570; x_wconf 90' lang='lat' dir='ltr'><strong>in</strong></span> 
     </span>
    </p>
   </div>
   <div class='ocr_carea' id='block_1_7' title="bbox 369 600 1964 670">
    <p class='ocr_par' dir='ltr' id='par_1_7' title="bbox 369 600 1964 670">
     <span class='ocr_line' id='line_1_7' title="bbox 369 600 1964 670; baseline 0.004 -16"><span class='ocrx_word' id='word_1_44' title='bbox 369 600 666 670; x_wconf 72' lang='lat' dir='ltr'><strong>Evangelia</strong></span> <span class='ocrx_word' id='word_1_45' title='bbox 688 600 888 656; x_wconf 81' lang='lat' dir='ltr'><strong>dixisse</strong></span> <span class='ocrx_word' id='word_1_46' title='bbox 918 601 1197 657; x_wconf 90' lang='lat' dir='ltr'><strong>Dominum</strong></span> <span class='ocrx_word' id='word_1_47' title='bbox 1225 621 1238 657; x_wconf 91' lang='lat'><strong>:</strong></span> <span class='ocrx_word' id='word_1_48' title='bbox 1274 603 1336 659; x_wconf 89' lang='lat' dir='ltr'><strong>Si</strong></span> <span class='ocrx_word' id='word_1_49' title='bbox 1363 605 1435 658; x_wconf 85' lang='lat' dir='ltr'><strong>vis</strong></span> <span class='ocrx_word' id='word_1_50' title='bbox 1462 606 1514 658; x_wconf 90' lang='lat' dir='ltr'><strong>in</strong></span> <span class='ocrx_word' id='word_1_51' title='bbox 1537 607 1693 658; x_wconf 83' lang='lat' dir='ltr'><strong>vitam</strong></span> <span class='ocrx_word' id='word_1_52' title='bbox 1721 617 1964 660; x_wconf 68' lang='lat' dir='ltr'><strong>aeternam</strong></span> 
     </span>
    </p>
   </div>
   <div class='ocr_carea' id='block_1_8' title="bbox 368 691 1965 758">
    <p class='ocr_par' dir='ltr' id='par_1_8' title="bbox 368 691 1965 758">
     <span class='ocr_line' id='line_1_8' title="bbox 368 691 1965 758; baseline 0.006 -18"><span class='ocrx_word' id='word_1_53' title='bbox 368 691 563 752; x_wconf 66' lang='lat' dir='ltr'><strong>venire,</strong></span> <span class='ocrx_word' id='word_1_54' title='bbox 595 706 737 743; x_wconf 67' lang='lat' dir='ltr'><strong>serva</strong></span> <span class='ocrx_word' id='word_1_55' title='bbox 775 691 1039 744; x_wconf 81' lang='lat' dir='ltr'><strong>mandata.</strong></span> <span class='ocrx_word' id='word_1_56' title='bbox 1073 691 1219 744; x_wconf 74' lang='lat' dir='ltr'><strong>Dixit</strong></span> <span class='ocrx_word' id='word_1_57' title='bbox 1247 693 1336 746; x_wconf 81' lang='lat' dir='ltr'><strong>ille</strong></span> <span class='ocrx_word' id='word_1_58' title='bbox 1357 709 1375 746; x_wconf 91' lang='lat'><strong><em>:</em></strong></span> <span class='ocrx_word' id='word_1_59' title='bbox 1411 693 1579 758; x_wconf 68' lang='lat' dir='ltr'><strong>Qum?</strong></span> <span class='ocrx_word' id='word_1_60' title='bbox 1608 693 1762 749; x_wconf 85' lang='lat' dir='ltr'><strong>Jesus</strong></span> <span class='ocrx_word' id='word_1_61' title='bbox 1792 706 1965 749; x_wconf 85' lang='lat' dir='ltr'><strong>autem</strong></span> 
     </span>
    </p>
   </div>
   <div class='ocr_carea' id='block_1_9' title="bbox 368 777 1952 852">
    <p class='ocr_par' dir='ltr' id='par_1_9' title="bbox 368 777 1952 852">
     <span class='ocr_line' id='line_1_9' title="bbox 368 777 1952 852; baseline 0.006 -21"><span class='ocrx_word' id='word_1_62' title='bbox 368 779 502 831; x_wconf 73' lang='lat' dir='ltr'><strong>din&#39;t</strong></span> <span class='ocrx_word' id='word_1_63' title='bbox 549 777 675 833; x_wconf 83' lang='lat' dir='ltr'><strong>illi:</strong></span> <span class='ocrx_word' id='word_1_64' title='bbox 715 779 834 833; x_wconf 83' lang='lat' dir='ltr'><strong>Non</strong></span> <span class='ocrx_word' id='word_1_65' title='bbox 883 781 1214 834; x_wconf 72' lang='lat' dir='ltr'><strong>homicidium</strong></span> <span class='ocrx_word' id='word_1_66' title='bbox 1252 783 1442 851; x_wconf 81' lang='lat' dir='ltr'><strong>facies,</strong></span> <span class='ocrx_word' id='word_1_67' title='bbox 1474 802 1574 838; x_wconf 86' lang='lat' dir='ltr'><strong>non</strong></span> <span class='ocrx_word' id='word_1_68' title='bbox 1621 785 1952 852; x_wconf 83' lang='lat' dir='ltr'><strong>adulterabis,</strong></span> 
     </span>
    </p>
   </div>
   <div class='ocr_carea' id='block_1_10' title="bbox 374 867 1965 939">
    <p class='ocr_par' dir='ltr' id='par_1_10' title="bbox 374 867 1965 939">
     <span class='ocr_line' id='line_1_10' title="bbox 374 867 1965 939; baseline 0.005 -20"><span class='ocrx_word' id='word_1_69' title='bbox 374 884 479 920; x_wconf 81' lang='lat' dir='ltr'><strong>non</strong></span> <span class='ocrx_word' id='word_1_70' title='bbox 508 867 666 937; x_wconf 80' lang='lat' dir='ltr'><strong>facies</strong></span> <span class='ocrx_word' id='word_1_71' title='bbox 696 872 921 937; x_wconf 78' lang='lat' dir='ltr'><strong>furtum,</strong></span> <span class='ocrx_word' id='word_1_72' title='bbox 955 885 1056 922; x_wconf 84' lang='lat' dir='ltr'><strong>non</strong></span> <span class='ocrx_word' id='word_1_73' title='bbox 1086 868 1275 939; x_wconf 80' lang='lat' dir='ltr'><strong>falsum</strong></span> <span class='ocrx_word' id='word_1_74' title='bbox 1303 873 1641 926; x_wconf 78' lang='lat' dir='ltr'><strong>testimonium</strong></span> <span class='ocrx_word' id='word_1_75' title='bbox 1667 873 1804 927; x_wconf 80' lang='lat' dir='ltr'><strong>dices</strong></span> <span class='ocrx_word' id='word_1_76' title='bbox 1826 890 1845 927; x_wconf 91' lang='lat'><strong><em>:</em></strong></span> <span class='ocrx_word' id='word_1_77' title='bbox 1874 876 1965 927; x_wconf 79' lang='lat' dir='ltr'><strong>Ito-</strong></span> 
     </span>
    </p>
   </div>
   <div class='ocr_carea' id='block_1_11' title="bbox 374 961 1964 1032">
    <p class='ocr_par' dir='ltr' id='par_1_11' title="bbox 374 961 1964 1032">
     <span class='ocr_line' id='line_1_11' title="bbox 374 961 1964 1032; baseline 0.004 -22"><span class='ocrx_word' id='word_1_78' title='bbox 374 973 508 1010; x_wconf 69' lang='grc' dir='ltr'><strong>ποτα</strong></span> <span class='ocrx_word' id='word_1_79' title='bbox 557 967 755 1024; x_wconf 69' lang='lat' dir='ltr'><strong>palrem</strong></span> <span class='ocrx_word' id='word_1_80' title='bbox 797 968 844 1012; x_wconf 87' lang='lat' dir='ltr'><strong>et</strong></span> <span class='ocrx_word' id='word_1_81' title='bbox 892 968 1148 1013; x_wconf 89' lang='lat' dir='ltr'><strong>matrem:</strong></span> <span class='ocrx_word' id='word_1_82' title='bbox 1188 970 1234 1013; x_wconf 88' lang='lat' dir='ltr'><strong>et</strong></span> <span class='ocrx_word' id='word_1_83' title='bbox 1264 961 1444 1032; x_wconf 81' lang='lat' dir='ltr'><strong>diliges</strong></span> <span class='ocrx_word' id='word_1_84' title='bbox 1490 964 1775 1030; x_wconf 64' lang='lat' dir='ltr'><strong>proximum</strong></span> <span class='ocrx_word' id='word_1_85' title='bbox 1823 971 1964 1016; x_wconf 85' lang='lat' dir='ltr'><strong>tuum</strong></span> 
     </span>
    </p>
   </div>
   <div class='ocr_carea' id='block_1_12' title="bbox 363 1049 1963 1123">
    <p class='ocr_par' dir='ltr' id='par_1_12' title="bbox 363 1049 1963 1123">
     <span class='ocr_line' id='line_1_12' title="bbox 363 1049 1963 1123; baseline 0.005 -21"><span class='ocrx_word' id='word_1_86' title='bbox 363 1049 504 1102; x_wconf 73' lang='lat' dir='ltr'><strong>sicut</strong></span> <span class='ocrx_word' id='word_1_87' title='bbox 551 1059 597 1103; x_wconf 87' lang='lat' dir='ltr'><strong>te</strong></span> <span class='ocrx_word' id='word_1_88' title='bbox 643 1051 812 1116; x_wconf 74' lang='lat' dir='ltr'><strong>ipsum</strong></span> <span class='ocrx_word' id='word_1_89' title='bbox 854 1049 1080 1117; x_wconf 76' lang='lat' dir='ltr'><strong>(Matth.</strong></span> <span class='ocrx_word' id='word_1_90' title='bbox 1121 1068 1231 1115; x_wconf 75' lang='lat' dir='ltr'><strong>nx,</strong></span> <span class='ocrx_word' id='word_1_91' title='bbox 1267 1053 1472 1123; x_wconf 71' lang='lat'><strong>17,18,</strong></span> <span class='ocrx_word' id='word_1_92' title='bbox 1509 1055 1626 1122; x_wconf 81' lang='grc'><strong>19).</strong></span> <span class='ocrx_word' id='word_1_93' title='bbox 1679 1055 1804 1111; x_wconf 62' lang='lat' dir='ltr'><strong>llaec</strong></span> <span class='ocrx_word' id='word_1_94' title='bbox 1840 1067 1963 1110; x_wconf 85' lang='lat' dir='ltr'><strong>sunt</strong></span> 
     </span>
    </p>
   </div>
   <div class='ocr_carea' id='block_1_13' title="bbox 361 1139 1960 1216">
    <p class='ocr_par' dir='ltr' id='par_1_13' title="bbox 361 1139 1960 1216">
     <span class='ocr_line' id='line_1_13' title="bbox 361 1139 1960 1216; baseline 0.008 -25"><span class='ocrx_word' id='word_1_95' title='bbox 361 1140 537 1193; x_wconf 83' lang='lat' dir='ltr'><strong>media</strong></span> <span class='ocrx_word' id='word_1_96' title='bbox 581 1139 793 1206; x_wconf 91' lang='lat' dir='ltr'><strong>ofﬁcia,</strong></span> <span class='ocrx_word' id='word_1_97' title='bbox 840 1143 1032 1211; x_wconf 69' lang='lat' dir='ltr'><strong>quitus</strong></span> <span class='ocrx_word' id='word_1_98' title='bbox 1079 1144 1277 1213; x_wconf 83' lang='lat' dir='ltr'><strong>a&#39;iquid</strong></span> <span class='ocrx_word' id='word_1_99' title='bbox 1322 1145 1491 1200; x_wconf 85' lang='lat' dir='ltr'><strong>deest.</strong></span> <span class='ocrx_word' id='word_1_100' title='bbox 1546 1147 1783 1216; x_wconf 89' lang='lat' dir='ltr'><strong>Denique</strong></span> <span class='ocrx_word' id='word_1_101' title='bbox 1831 1147 1960 1204; x_wconf 82' lang='lat' dir='ltr'><strong>dicit</strong></span> 
     </span>
    </p>
   </div>
   <div class='ocr_carea' id='block_1_14' title="bbox 365 1230 1960 1309">
    <p class='ocr_par' dir='ltr' id='par_1_14' title="bbox 365 1230 1960 1309">
     <span class='ocr_line' id='line_1_14' title="bbox 365 1230 1960 1309; baseline 0.006 -25"><span class='ocrx_word' id='word_1_102' title='bbox 365 1230 449 1284; x_wconf 90' lang='lat' dir='ltr'><strong>illi</strong></span> <span class='ocrx_word' id='word_1_103' title='bbox 478 1232 795 1286; x_wconf 74' lang='lat' dir='ltr'><strong>adolescens</strong></span> <span class='ocrx_word' id='word_1_104' title='bbox 823 1250 833 1286; x_wconf 95' lang='lat'>:</span> <span class='ocrx_word' id='word_1_105' title='bbox 867 1233 1051 1286; x_wconf 80' lang='lat' dir='ltr'><strong>Omnia</strong></span> <span class='ocrx_word' id='word_1_106' title='bbox 1080 1233 1188 1288; x_wconf 72' lang='lat' dir='ltr'><strong>latet:</strong></span> <span class='ocrx_word' id='word_1_107' title='bbox 1217 1237 1464 1290; x_wconf 74' lang='lat' dir='ltr'><strong>custodiri</strong></span> <span class='ocrx_word' id='word_1_108' title='bbox 1490 1256 1521 1291; x_wconf 90' lang='lat' dir='ltr'><strong>a</strong></span> <span class='ocrx_word' id='word_1_109' title='bbox 1537 1240 1800 1309; x_wconf 83' lang='lat' dir='ltr'><strong>juventute</strong></span> <span class='ocrx_word' id='word_1_110' title='bbox 1825 1256 1960 1294; x_wconf 85' lang='lat' dir='ltr'><strong>meas</strong></span> 
     </span>
    </p>
   </div>
   <div class='ocr_carea' id='block_1_15' title="bbox 357 1322 1960 1400">
    <p class='ocr_par' dir='ltr' id='par_1_15' title="bbox 357 1322 1960 1400">
     <span class='ocr_line' id='line_1_15' title="bbox 357 1322 1960 1400; baseline 0.009 -28"><span class='ocrx_word' id='word_1_111' title='bbox 357 1322 494 1391; x_wconf 81' lang='lat' dir='ltr'><strong>quid</strong></span> <span class='ocrx_word' id='word_1_112' title='bbox 521 1323 689 1375; x_wconf 79' lang='lat' dir='ltr'><strong>adhuc</strong></span> <span class='ocrx_word' id='word_1_113' title='bbox 715 1324 840 1378; x_wconf 81' lang='lat' dir='ltr'><strong>mihi</strong></span> <span class='ocrx_word' id='word_1_114' title='bbox 863 1323 1043 1379; x_wconf 83' lang='lat' dir='ltr'><strong>deest?</strong></span> <span class='ocrx_word' id='word_1_115' title='bbox 1074 1326 1155 1378; x_wconf 85' lang='lat' dir='ltr'><strong>Ait</strong></span> <span class='ocrx_word' id='word_1_116' title='bbox 1183 1326 1262 1379; x_wconf 83' lang='lat' dir='ltr'><strong>illi</strong></span> <span class='ocrx_word' id='word_1_117' title='bbox 1286 1325 1442 1381; x_wconf 82' lang='lat' dir='ltr'><strong>Jesus</strong></span> <span class='ocrx_word' id='word_1_118' title='bbox 1466 1344 1484 1380; x_wconf 92' lang='lat'><strong><em>:</em></strong></span> <span class='ocrx_word' id='word_1_119' title='bbox 1518 1328 1581 1383; x_wconf 89' lang='lat' dir='ltr'><strong>Si</strong></span> <span class='ocrx_word' id='word_1_120' title='bbox 1607 1331 1680 1382; x_wconf 85' lang='lat' dir='ltr'><strong>vis</strong></span> <span class='ocrx_word' id='word_1_121' title='bbox 1708 1331 1960 1400; x_wconf 76' lang='lat' dir='ltr'><strong>perfectus</strong></span> 
     </span>
    </p>
   </div>
   <div class='ocr_carea' id='block_1_16' title="bbox 352 1414 1954 1488">
    <p class='ocr_par' dir='ltr' id='par_1_16' title="bbox 352 1414 1954 1488">
     <span class='ocr_line' id='line_1_16' title="bbox 352 1414 1954 1488; baseline 0.004 -21"><span class='ocrx_word' id='word_1_122' title='bbox 352 1429 492 1480; x_wconf 79' lang='lat' dir='ltr'><strong>esse,</strong></span> <span class='ocrx_word' id='word_1_123' title='bbox 528 1414 680 1476; x_wconf 73' lang='lat' dir='ltr'><strong>vade,</strong></span> <span class='ocrx_word' id='word_1_124' title='bbox 714 1415 870 1467; x_wconf 73' lang='lat' dir='ltr'><strong>renda</strong></span> <span class='ocrx_word' id='word_1_125' title='bbox 915 1416 1085 1469; x_wconf 86' lang='lat' dir='ltr'><strong>omnia</strong></span> <span class='ocrx_word' id='word_1_126' title='bbox 1123 1415 1253 1469; x_wconf 86' lang='lat' dir='ltr'><strong>bona</strong></span> <span class='ocrx_word' id='word_1_127' title='bbox 1282 1426 1393 1479; x_wconf 85' lang='lat' dir='ltr'><strong>tua,</strong></span> <span class='ocrx_word' id='word_1_128' title='bbox 1423 1427 1467 1471; x_wconf 86' lang='lat' dir='ltr'><strong>et</strong></span> <span class='ocrx_word' id='word_1_129' title='bbox 1494 1419 1562 1472; x_wconf 86' lang='lat' dir='ltr'><strong>da</strong></span> <span class='ocrx_word' id='word_1_130' title='bbox 1607 1421 1954 1488; x_wconf 80' lang='lat' dir='ltr'><strong>pauperibus:</strong></span> 
     </span>
    </p>
   </div>
   <div class='ocr_carea' id='block_1_17' title="bbox 350 1505 1948 1581">
    <p class='ocr_par' dir='ltr' id='par_1_17' title="bbox 350 1505 1948 1581">
     <span class='ocr_line' id='line_1_17' title="bbox 350 1505 1948 1581; baseline 0.006 -22"><span class='ocrx_word' id='word_1_131' title='bbox 350 1517 405 1560; x_wconf 82' lang='lat' dir='ltr'><strong>et</strong></span> <span class='ocrx_word' id='word_1_132' title='bbox 426 1505 635 1559; x_wconf 79' lang='lat' dir='ltr'><strong>habebis</strong></span> <span class='ocrx_word' id='word_1_133' title='bbox 658 1508 956 1560; x_wconf 77' lang='lat' dir='ltr'><strong>thesaurum</strong></span> <span class='ocrx_word' id='word_1_134' title='bbox 982 1509 1032 1561; x_wconf 88' lang='lat' dir='ltr'><strong>in</strong></span> <span class='ocrx_word' id='word_1_135' title='bbox 1059 1508 1204 1574; x_wconf 71' lang='lat' dir='ltr'><strong>crto,</strong></span> <span class='ocrx_word' id='word_1_136' title='bbox 1231 1518 1276 1563; x_wconf 88' lang='lat' dir='ltr'><strong>et</strong></span> <span class='ocrx_word' id='word_1_137' title='bbox 1298 1511 1410 1564; x_wconf 86' lang='lat' dir='ltr'><strong>veni</strong></span> <span class='ocrx_word' id='word_1_138' title='bbox 1434 1527 1639 1578; x_wconf 82' lang='lat' dir='ltr'><strong>sequere</strong></span> <span class='ocrx_word' id='word_1_139' title='bbox 1659 1528 1737 1564; x_wconf 78' lang='lat' dir='ltr'><strong>me</strong></span> <span class='ocrx_word' id='word_1_140' title='bbox 1758 1509 1900 1581; x_wconf 83' lang='lat' dir='ltr'><strong><em>(Ibid</em></strong></span> <span class='ocrx_word' id='word_1_141' title='bbox 1909 1552 1948 1577; x_wconf 92' lang='lat'><strong>.,</strong></span> 
     </span>
    </p>
   </div>
   <div class='ocr_carea' id='block_1_18' title="bbox 350 1595 1955 1670">
    <p class='ocr_par' dir='ltr' id='par_1_18' title="bbox 350 1595 1955 1670">
     <span class='ocr_line' id='line_1_18' title="bbox 350 1595 1955 1670; baseline 0.004 -22"><span class='ocrx_word' id='word_1_142' title='bbox 350 1596 426 1651; x_wconf 68' lang='grc' dir='ltr'><strong>ΞΟ</strong></span> <span class='ocrx_word' id='word_1_143' title='bbox 449 1605 497 1650; x_wconf 81' lang='grc' dir='ltr'>ει</span> <span class='ocrx_word' id='word_1_144' title='bbox 527 1595 714 1665; x_wconf 58' lang='grc' dir='ltr'><strong>2η...</strong></span> <span class='ocrx_word' id='word_1_145' title='bbox 737 1596 849 1651; x_wconf 90' lang='lat' dir='ltr'><strong>lloc</strong></span> <span class='ocrx_word' id='word_1_146' title='bbox 877 1599 1141 1667; x_wconf 86' lang='lat' dir='ltr'><strong>estigitur</strong></span> <span class='ocrx_word' id='word_1_147' title='bbox 1169 1601 1444 1670; x_wconf 59' lang='lat' dir='ltr'><strong>perfectum</strong></span> <span class='ocrx_word' id='word_1_148' title='bbox 1466 1601 1756 1656; x_wconf 57' lang='lat' dir='ltr'><strong>ofiieiumn</strong></span> <span class='ocrx_word' id='word_1_149' title='bbox 1781 1600 1955 1654; x_wconf 80' lang='lat' dir='ltr'><strong>Media</strong></span> 
     </span>
    </p>
   </div>
   <div class='ocr_carea' id='block_1_19' title="bbox 2075 428 3650 504">
    <p class='ocr_par' dir='ltr' id='par_1_19' title="bbox 2075 428 3650 504">
     <span class='ocr_line' id='line_1_19' title="bbox 2075 428 3650 504; baseline 0.014 -25"><span class='ocrx_word' id='word_1_150' title='bbox 2075 428 2154 482; x_wconf 88' lang='lat' dir='ltr'><strong>his</strong></span> <span class='ocrx_word' id='word_1_151' title='bbox 2168 429 2447 498; x_wconf 81' lang='lat' dir='ltr'><strong>vulgandis</strong></span> <span class='ocrx_word' id='word_1_152' title='bbox 2475 435 3068 504; x_wconf 80' lang='lat' dir='ltr'><strong>sermonibuspra-suti.</strong></span> <span class='ocrx_word' id='word_1_153' title='bbox 3096 437 3290 494; x_wconf 85' lang='lat' dir='ltr'><strong>Eorum</strong></span> <span class='ocrx_word' id='word_1_154' title='bbox 3314 442 3454 496; x_wconf 90' lang='lat' dir='ltr'><strong>enim</strong></span> <span class='ocrx_word' id='word_1_155' title='bbox 3476 454 3650 501; x_wconf 81' lang='lat' dir='ltr'><strong>textus</strong></span> 
     </span>
    </p>
   </div>
   <div class='ocr_carea' id='block_1_20' title="bbox 2071 519 3654 602">
    <p class='ocr_par' dir='ltr' id='par_1_20' title="bbox 2071 519 3654 602">
     <span class='ocr_line' id='line_1_20' title="bbox 2071 519 3654 602; baseline 0.012 -31"><span class='ocrx_word' id='word_1_156' title='bbox 2071 519 2121 571; x_wconf 89' lang='lat' dir='ltr'><strong>in</strong></span> <span class='ocrx_word' id='word_1_157' title='bbox 2154 519 2341 574; x_wconf 81' lang='lat' dir='ltr'><strong>codice</strong></span> <span class='ocrx_word' id='word_1_158' title='bbox 2373 521 2680 576; x_wconf 82' lang='lat' dir='ltr'><strong>continuata</strong></span> <span class='ocrx_word' id='word_1_159' title='bbox 2705 527 2944 580; x_wconf 89' lang='lat' dir='ltr'><strong>oratione</strong></span> <span class='ocrx_word' id='word_1_160' title='bbox 2973 527 3039 582; x_wconf 90' lang='lat' dir='ltr'><strong>ad</strong></span> <span class='ocrx_word' id='word_1_161' title='bbox 3072 529 3231 584; x_wconf 83' lang='lat' dir='ltr'><strong>ﬁnem</strong></span> <span class='ocrx_word' id='word_1_162' title='bbox 3260 545 3429 599; x_wconf 81' lang='lat' dir='ltr'><strong>usque</strong></span> <span class='ocrx_word' id='word_1_163' title='bbox 3467 549 3654 602; x_wconf 84' lang='lat' dir='ltr'><strong>perve-</strong></span> 
     </span>
    </p>
   </div>
   <div class='ocr_carea' id='block_1_21' title="bbox 2071 611 3644 686">
    <p class='ocr_par' dir='ltr' id='par_1_21' title="bbox 2071 611 3644 686">
     <span class='ocr_line' id='line_1_21' title="bbox 2071 611 3644 686; baseline 0.011 -23"><span class='ocrx_word' id='word_1_164' title='bbox 2071 611 2168 673; x_wconf 89' lang='lat' dir='ltr'><strong>nit.</strong></span> <span class='ocrx_word' id='word_1_165' title='bbox 2201 621 2255 666; x_wconf 89' lang='lat' dir='ltr'><strong>et</strong></span> <span class='ocrx_word' id='word_1_166' title='bbox 2281 613 2477 668; x_wconf 91' lang='lat' dir='ltr'><strong>nullam</strong></span> <span class='ocrx_word' id='word_1_167' title='bbox 2518 614 2717 670; x_wconf 90' lang='lat' dir='ltr'><strong>idcirco</strong></span> <span class='ocrx_word' id='word_1_168' title='bbox 2759 619 3207 686; x_wconf 78' lang='lat' dir='ltr'><strong>paragraplmrmn</strong></span> <span class='ocrx_word' id='word_1_169' title='bbox 3241 622 3644 681; x_wconf 67' lang='lat' dir='ltr'><strong>distinetionem</strong></span> 
     </span>
    </p>
   </div>
   <div class='ocr_carea' id='block_1_22' title="bbox 2069 701 3646 782">
    <p class='ocr_par' dir='ltr' id='par_1_22' title="bbox 2069 701 3646 782">
     <span class='ocr_line' id='line_1_22' title="bbox 2069 701 3646 782; baseline 0.011 -28"><span class='ocrx_word' id='word_1_170' title='bbox 2069 701 2316 768; x_wconf 75' lang='lat' dir='ltr'><strong>exhibet;</strong></span> <span class='ocrx_word' id='word_1_171' title='bbox 2348 719 2506 772; x_wconf 85' lang='lat' dir='ltr'><strong>quam</strong></span> <span class='ocrx_word' id='word_1_172' title='bbox 2536 716 2733 773; x_wconf 88' lang='lat' dir='ltr'><strong>tamen,</strong></span> <span class='ocrx_word' id='word_1_173' title='bbox 2769 723 2887 762; x_wconf 92' lang='lat' dir='ltr'><strong>cum</strong></span> <span class='ocrx_word' id='word_1_174' title='bbox 2919 725 3018 779; x_wconf 92' lang='lat' dir='ltr'><strong>ego</strong></span> <span class='ocrx_word' id='word_1_175' title='bbox 3054 726 3081 764; x_wconf 89' lang='lat' dir='ltr'><strong>a</strong></span> <span class='ocrx_word' id='word_1_176' title='bbox 3114 712 3402 782; x_wconf 77' lang='lat' dir='ltr'><strong>majoribus</strong></span> <span class='ocrx_word' id='word_1_177' title='bbox 3430 717 3646 782; x_wconf 82' lang='lat' dir='ltr'><strong>nostris,</strong></span> 
     </span>
    </p>
   </div>
   <div class='ocr_carea' id='block_1_23' title="bbox 2070 793 3652 872">
    <p class='ocr_par' dir='ltr' id='par_1_23' title="bbox 2070 793 3652 872">
     <span class='ocr_line' id='line_1_23' title="bbox 2070 793 3652 872; baseline 0.009 -25"><span class='ocrx_word' id='word_1_178' title='bbox 2070 793 2248 848; x_wconf 76' lang='lat' dir='ltr'><strong>invitis</strong></span> <span class='ocrx_word' id='word_1_179' title='bbox 2291 795 2454 849; x_wconf 88' lang='lat' dir='ltr'><strong>etiam</strong></span> <span class='ocrx_word' id='word_1_180' title='bbox 2503 797 2796 862; x_wconf 87' lang='lat' dir='ltr'><strong>codicibus,</strong></span> <span class='ocrx_word' id='word_1_181' title='bbox 2830 798 3220 870; x_wconf 83' lang='lat' dir='ltr'><strong>freqm-ntatam</strong></span> <span class='ocrx_word' id='word_1_182' title='bbox 3263 804 3510 872; x_wconf 76' lang='lat' dir='ltr'><strong>viderim,</strong></span> <span class='ocrx_word' id='word_1_183' title='bbox 3548 807 3652 861; x_wconf 89' lang='lat' dir='ltr'><strong>hu-</strong></span> 
     </span>
    </p>
   </div>
   <div class='ocr_carea' id='block_1_24' title="bbox 2062 883 3647 963">
    <p class='ocr_par' dir='ltr' id='par_1_24' title="bbox 2062 883 3647 963">
     <span class='ocr_line' id='line_1_24' title="bbox 2062 883 3647 963; baseline 0.008 -26"><span class='ocrx_word' id='word_1_184' title='bbox 2062 883 2297 952; x_wconf 91' lang='lat' dir='ltr'><strong>jusmodi</strong></span> <span class='ocrx_word' id='word_1_185' title='bbox 2333 900 2536 940; x_wconf 84' lang='lat' dir='ltr'><strong>rnorem</strong></span> <span class='ocrx_word' id='word_1_186' title='bbox 2579 889 2915 944; x_wconf 81' lang='lat' dir='ltr'><strong>retinendum</strong></span> <span class='ocrx_word' id='word_1_187' title='bbox 2949 907 3067 946; x_wconf 91' lang='lat' dir='ltr'><strong>esse</strong></span> <span class='ocrx_word' id='word_1_188' title='bbox 3098 895 3306 960; x_wconf 78' lang='lat' dir='ltr'><strong>censui,</strong></span> <span class='ocrx_word' id='word_1_189' title='bbox 3352 899 3647 963; x_wconf 76' lang='lat' dir='ltr'><strong>prtesertitn</strong></span> 
     </span>
    </p>
   </div>
   <div class='ocr_carea' id='block_1_25' title="bbox 2067 973 3646 1054">
    <p class='ocr_par' dir='ltr' id='par_1_25' title="bbox 2067 973 3646 1054">
     <span class='ocr_line' id='line_1_25' title="bbox 2067 973 3646 1054; baseline 0.01 -28"><span class='ocrx_word' id='word_1_190' title='bbox 2067 973 2118 1026; x_wconf 82' lang='lat' dir='ltr'><strong>in</strong></span> <span class='ocrx_word' id='word_1_191' title='bbox 2142 973 2425 1044; x_wconf 88' lang='lat' dir='ltr'><strong>legentium</strong></span> <span class='ocrx_word' id='word_1_192' title='bbox 2451 977 2906 1035; x_wconf 80' lang='lat' dir='ltr'><strong>commoditatem.</strong></span> <span class='ocrx_word' id='word_1_193' title='bbox 2929 980 3184 1036; x_wconf 83' lang='lat' dir='ltr'><strong>Rclicitur</strong></span> <span class='ocrx_word' id='word_1_194' title='bbox 3207 985 3400 1054; x_wconf 85' lang='lat' dir='ltr'><strong>quippe</strong></span> <span class='ocrx_word' id='word_1_195' title='bbox 3431 987 3646 1042; x_wconf 82' lang='lat' dir='ltr'><strong>lectoris</strong></span> 
     </span>
    </p>
   </div>
   <div class='ocr_carea' id='block_1_26' title="bbox 2063 1067 3646 1140">
    <p class='ocr_par' dir='ltr' id='par_1_26' title="bbox 2063 1067 3646 1140">
     <span class='ocr_line' id='line_1_26' title="bbox 2063 1067 3646 1140; baseline 0.008 -21"><span class='ocrx_word' id='word_1_196' title='bbox 2063 1067 2294 1133; x_wconf 87' lang='lat' dir='ltr'><strong>animus,</strong></span> <span class='ocrx_word' id='word_1_197' title='bbox 2323 1076 2381 1121; x_wconf 92' lang='lat' dir='ltr'><strong>ut</strong></span> <span class='ocrx_word' id='word_1_198' title='bbox 2408 1067 2576 1123; x_wconf 85' lang='lat' dir='ltr'><strong>sicubi</strong></span> <span class='ocrx_word' id='word_1_199' title='bbox 2607 1071 2932 1140; x_wconf 84' lang='lat' dir='ltr'><strong>Augustinus</strong></span> <span class='ocrx_word' id='word_1_200' title='bbox 2961 1076 3052 1140; x_wconf 89' lang='lat' dir='ltr'><strong>ait,</strong></span> <span class='ocrx_word' id='word_1_201' title='bbox 3094 1074 3161 1129; x_wconf 91' lang='lat' dir='ltr'><strong>de</strong></span> <span class='ocrx_word' id='word_1_202' title='bbox 3190 1075 3271 1129; x_wconf 76' lang='lat' dir='ltr'><strong>via</strong></span> <span class='ocrx_word' id='word_1_203' title='bbox 3301 1075 3475 1131; x_wconf 77' lang='lat' dir='ltr'><strong>fessus</strong></span> <span class='ocrx_word' id='word_1_204' title='bbox 3508 1094 3646 1132; x_wconf 88' lang='lat' dir='ltr'><strong>novo</strong></span> 
     </span>
    </p>
   </div>
   <div class='ocr_carea' id='block_1_27' title="bbox 2066 1157 3647 1238">
    <p class='ocr_par' dir='ltr' id='par_1_27' title="bbox 2066 1157 3647 1238">
     <span class='ocr_line' id='line_1_27' title="bbox 2066 1157 3647 1238; baseline 0.009 -29"><span class='ocrx_word' id='word_1_205' title='bbox 2066 1157 2239 1222; x_wconf 90' lang='lat' dir='ltr'><strong>titulo,</strong></span> <span class='ocrx_word' id='word_1_206' title='bbox 2279 1157 2418 1212; x_wconf 90' lang='lat' dir='ltr'><strong>sicut</strong></span> <span class='ocrx_word' id='word_1_207' title='bbox 2465 1160 2672 1215; x_wconf 88' lang='lat' dir='ltr'><strong>animus</strong></span> <span class='ocrx_word' id='word_1_208' title='bbox 2705 1161 2923 1216; x_wconf 78' lang='lat' dir='ltr'><strong>viatoris</strong></span> <span class='ocrx_word' id='word_1_209' title='bbox 2972 1165 3223 1233; x_wconf 90' lang='lat' dir='ltr'><strong>hospitio.</strong></span> <span class='ocrx_word' id='word_1_210' title='bbox 3279 1166 3443 1222; x_wconf 69' lang='lat' dir='ltr'><strong>Rette</strong></span> <span class='ocrx_word' id='word_1_211' title='bbox 3485 1169 3647 1238; x_wconf 83' lang='lat' dir='ltr'><strong>igitur</strong></span> 
     </span>
    </p>
   </div>
   <div class='ocr_carea' id='block_1_28' title="bbox 2065 1248 3640 1317">
    <p class='ocr_par' dir='ltr' id='par_1_28' title="bbox 2065 1248 3640 1317">
     <span class='ocr_line' id='line_1_28' title="bbox 2065 1248 3640 1317; baseline 0.008 -16"><span class='ocrx_word' id='word_1_212' title='bbox 2065 1248 2294 1302; x_wconf 80' lang='lat' dir='ltr'><strong>Rutilius</strong></span> <span class='ocrx_word' id='word_1_213' title='bbox 2323 1248 2385 1304; x_wconf 89' lang='lat' dir='ltr'><strong>C.</strong></span> <span class='ocrx_word' id='word_1_214' title='bbox 2430 1249 2754 1304; x_wconf 71' lang='lat' dir='ltr'><strong>Novatianus</strong></span> <span class='ocrx_word' id='word_1_215' title='bbox 2785 1252 2997 1317; x_wconf 88' lang='lat' dir='ltr'><strong>cecinit,</strong></span> <span class='ocrx_word' id='word_1_216' title='bbox 3032 1254 3098 1309; x_wconf 87' lang='lat' dir='ltr'><strong>ad</strong></span> <span class='ocrx_word' id='word_1_217' title='bbox 3130 1255 3415 1312; x_wconf 80' lang='lat' dir='ltr'><strong>Venerium</strong></span> <span class='ocrx_word' id='word_1_218' title='bbox 3444 1257 3640 1313; x_wconf 88' lang='lat' dir='ltr'><strong>Rufum</strong></span> 
     </span>
    </p>
   </div>
   <div class='ocr_carea' id='block_1_29' title="bbox 2061 1340 2862 1414">
    <p class='ocr_par' dir='ltr' id='par_1_29' title="bbox 2061 1340 2862 1414">
     <span class='ocr_line' id='line_1_29' title="bbox 2061 1340 2862 1414; baseline 0.002 -20"><span class='ocrx_word' id='word_1_219' title='bbox 2061 1341 2236 1395; x_wconf 83' lang='lat' dir='ltr'><strong>scribe</strong></span> <span class='ocrx_word' id='word_1_220' title='bbox 2262 1358 2321 1406; x_wconf 85' lang='lat' dir='ltr'><strong>.s,</strong></span> <span class='ocrx_word' id='word_1_221' title='bbox 2347 1340 2400 1395; x_wconf 92' lang='lat' dir='ltr'><strong>in</strong></span> <span class='ocrx_word' id='word_1_222' title='bbox 2431 1358 2529 1396; x_wconf 83' lang='lat' dir='ltr'><strong>suo</strong></span> <span class='ocrx_word' id='word_1_223' title='bbox 2560 1341 2743 1397; x_wconf 79' lang='lat' dir='ltr'><strong>Itiner.</strong></span> <span class='ocrx_word' id='word_1_224' title='bbox 2764 1343 2862 1414; x_wconf 87' lang='lat' dir='ltr'><strong>(d).</strong></span> 
     </span>
    </p>
   </div>
   <div class='ocr_carea' id='block_1_30' title="bbox 2307 1479 3332 1543">
    <p class='ocr_par' dir='ltr' id='par_1_30' title="bbox 2307 1479 3332 1543">
     <span class='ocr_line' id='line_1_30' title="bbox 2307 1479 3332 1543; baseline 0.004 -15"><span class='ocrx_word' id='word_1_225' title='bbox 2307 1479 2567 1529; x_wconf 82' lang='lat' dir='ltr'><strong>Intervalla</strong></span> <span class='ocrx_word' id='word_1_226' title='bbox 2593 1480 2684 1530; x_wconf 58' lang='lat' dir='ltr'><strong>vis</strong></span> <span class='ocrx_word' id='word_1_227' title='bbox 2706 1479 2850 1530; x_wconf 86' lang='lat' dir='ltr'><strong>fessis</strong></span> <span class='ocrx_word' id='word_1_228' title='bbox 2879 1489 3113 1543; x_wconf 67' lang='lat' dir='ltr'><strong>praestare</strong></span> <span class='ocrx_word' id='word_1_229' title='bbox 3143 1483 3332 1534; x_wconf 87' lang='lat' dir='ltr'><strong>videtur</strong></span> 
     </span>
    </p>
   </div>
   <div class='ocr_carea' id='block_1_31' title="bbox 2367 1563 3439 1630">
    <p class='ocr_par' dir='ltr' id='par_1_31' title="bbox 2367 1563 3439 1630">
     <span class='ocr_line' id='line_1_31' title="bbox 2367 1563 3439 1630; baseline 0.006 -19"><span class='ocrx_word' id='word_1_230' title='bbox 2367 1563 2462 1624; x_wconf 88' lang='lat' dir='ltr'><strong>Qui</strong></span> <span class='ocrx_word' id='word_1_231' title='bbox 2488 1570 2621 1613; x_wconf 89' lang='lat' dir='ltr'><strong>notat</strong></span> <span class='ocrx_word' id='word_1_232' title='bbox 2644 1564 2905 1627; x_wconf 90' lang='lat' dir='ltr'><strong>inscriptus</strong></span> <span class='ocrx_word' id='word_1_233' title='bbox 2929 1565 3077 1616; x_wconf 86' lang='lat' dir='ltr'><strong>millia</strong></span> <span class='ocrx_word' id='word_1_234' title='bbox 3101 1568 3275 1617; x_wconf 85' lang='lat' dir='ltr'><strong>crebra</strong></span> <span class='ocrx_word' id='word_1_235' title='bbox 3301 1567 3439 1630; x_wconf 73' lang='lat' dir='ltr'><strong>lapis.</strong></span> 
     </span>
    </p>
   </div>
   <div class='ocr_carea' id='block_1_32' title="bbox 346 1685 3634 1779">
    <p class='ocr_par' dir='ltr' id='par_1_32' title="bbox 346 1685 3634 1779">
     <span class='ocr_line' id='line_1_32' title="bbox 346 1685 3634 1779; baseline 0.002 -40"><span class='ocrx_word' id='word_1_236' title='bbox 346 1685 520 1754; x_wconf 76' lang='lat' dir='ltr'><strong>igitur</strong></span> <span class='ocrx_word' id='word_1_237' title='bbox 545 1696 812 1756; x_wconf 73' lang='lat' dir='ltr'><strong>prtecepta</strong></span> <span class='ocrx_word' id='word_1_238' title='bbox 841 1688 1165 1743; x_wconf 78' lang='lat' dir='ltr'><strong>Christicolis</strong></span> <span class='ocrx_word' id='word_1_239' title='bbox 1197 1691 1444 1745; x_wconf 83' lang='lat' dir='ltr'><strong>omnibus</strong></span> <span class='ocrx_word' id='word_1_240' title='bbox 1493 1699 1545 1744; x_wconf 89' lang='lat' dir='ltr'><strong>ut</strong></span> <span class='ocrx_word' id='word_1_241' title='bbox 1593 1691 1945 1760; x_wconf 84' lang='lat' dir='ltr'><strong>adimpleant,</strong></span> <span class='ocrx_word' id='word_1_242' title='bbox 1979 1720 2026 1779; x_wconf 74' lang='grc' dir='ltr'><strong>Β</strong></span> <span class='ocrx_word' id='word_1_243' title='bbox 2130 1693 2446 1749; x_wconf 91' lang='lat' dir='ltr'><strong>Sermonum</strong></span> <span class='ocrx_word' id='word_1_244' title='bbox 2479 1701 2656 1748; x_wconf 88' lang='lat' dir='ltr'><strong>autem</strong></span> <span class='ocrx_word' id='word_1_245' title='bbox 2685 1694 2850 1747; x_wconf 84' lang='lat' dir='ltr'><strong>textui</strong></span> <span class='ocrx_word' id='word_1_246' title='bbox 2881 1693 3133 1748; x_wconf 89' lang='lat' dir='ltr'><strong>nonnulla</strong></span> <span class='ocrx_word' id='word_1_247' title='bbox 3161 1694 3363 1749; x_wconf 88' lang='lat' dir='ltr'><strong>scholia</strong></span> <span class='ocrx_word' id='word_1_248' title='bbox 3391 1695 3634 1764; x_wconf 85' lang='lat' dir='ltr'><strong>subjicio,</strong></span> 
     </span>
    </p>
   </div>
   <div class='ocr_carea' id='block_1_33' title="bbox 349 1777 1944 1853">
    <p class='ocr_par' dir='ltr' id='par_1_33' title="bbox 349 1777 1944 1853">
     <span class='ocr_line' id='line_1_33' title="bbox 349 1777 1944 1853; baseline 0.004 -22"><span class='ocrx_word' id='word_1_249' title='bbox 349 1777 702 1846; x_wconf 80' lang='lat' dir='ltr'><strong>perfectionis</strong></span> <span class='ocrx_word' id='word_1_250' title='bbox 759 1787 962 1832; x_wconf 87' lang='lat' dir='ltr'><strong>tantum</strong></span> <span class='ocrx_word' id='word_1_251' title='bbox 1033 1780 1444 1836; x_wconf 83' lang='lat' dir='ltr'><strong>studiosiorihus</strong></span> <span class='ocrx_word' id='word_1_252' title='bbox 1509 1793 1770 1852; x_wconf 79' lang='lat' dir='ltr'><strong>praecepta</strong></span> <span class='ocrx_word' id='word_1_253' title='bbox 1827 1801 1944 1853; x_wconf 86' lang='lat' dir='ltr'><strong>per-</strong></span> 
     </span>
    </p>
   </div>
   <div class='ocr_carea' id='block_1_34' title="bbox 346 1868 1948 1942">
    <p class='ocr_par' dir='ltr' id='par_1_34' title="bbox 346 1868 1948 1942">
     <span class='ocr_line' id='line_1_34' title="bbox 346 1868 1948 1942; baseline 0.006 -21"><span class='ocrx_word' id='word_1_254' title='bbox 346 1868 490 1938; x_wconf 79' lang='lat' dir='ltr'><strong>fecta</strong></span> <span class='ocrx_word' id='word_1_255' title='bbox 541 1877 598 1923; x_wconf 90' lang='lat' dir='ltr'><strong>ut</strong></span> <span class='ocrx_word' id='word_1_256' title='bbox 647 1870 1071 1936; x_wconf 75' lang='lat' dir='ltr'><strong>amplectantur,</strong></span> <span class='ocrx_word' id='word_1_257' title='bbox 1112 1871 1300 1927; x_wconf 71' lang='lat' dir='ltr'><strong>suadet</strong></span> <span class='ocrx_word' id='word_1_258' title='bbox 1337 1873 1674 1928; x_wconf 84' lang='lat' dir='ltr'><strong>Ambrosius.</strong></span> <span class='ocrx_word' id='word_1_259' title='bbox 1719 1874 1848 1942; x_wconf 69' lang='lat' dir='ltr'><strong>Qua:</strong></span> <span class='ocrx_word' id='word_1_260' title='bbox 1891 1885 1948 1930; x_wconf 93' lang='lat' dir='ltr'><strong>ut</strong></span> 
     </span>
    </p>
   </div>
   <div class='ocr_carea' id='block_1_35' title="bbox 345 1959 1940 2031">
    <p class='ocr_par' dir='ltr' id='par_1_35' title="bbox 345 1959 1940 2031">
     <span class='ocr_line' id='line_1_35' title="bbox 345 1959 1940 2031; baseline 0.003 -17"><span class='ocrx_word' id='word_1_261' title='bbox 345 1968 424 2014; x_wconf 83' lang='lat' dir='ltr'><strong>ita</strong></span> <span class='ocrx_word' id='word_1_262' title='bbox 445 1959 577 2026; x_wconf 84' lang='lat' dir='ltr'><strong>sint,</strong></span> <span class='ocrx_word' id='word_1_263' title='bbox 611 1959 751 2014; x_wconf 89' lang='lat' dir='ltr'><strong>idem</strong></span> <span class='ocrx_word' id='word_1_264' title='bbox 770 1959 1084 2014; x_wconf 63' lang='lat' dir='ltr'><strong>Ambrosius</strong></span> <span class='ocrx_word' id='word_1_265' title='bbox 1115 1961 1166 2014; x_wconf 91' lang='lat' dir='ltr'><strong>in</strong></span> <span class='ocrx_word' id='word_1_266' title='bbox 1196 1963 1368 2031; x_wconf 91' lang='lat' dir='ltr'><strong>primo</strong></span> <span class='ocrx_word' id='word_1_267' title='bbox 1400 1978 1654 2018; x_wconf 84' lang='lat' dir='ltr'><strong>sermone</strong></span> <span class='ocrx_word' id='word_1_268' title='bbox 1680 1966 1940 2030; x_wconf 74' lang='lat' dir='ltr'><strong>declarat,</strong></span> 
     </span>
    </p>
   </div>
   <div class='ocr_carea' id='block_1_36' title="bbox 348 2049 1945 2123">
    <p class='ocr_par' dir='ltr' id='par_1_36' title="bbox 348 2049 1945 2123">
     <span class='ocr_line' id='line_1_36' title="bbox 348 2049 1945 2123; baseline 0.004 -19"><span class='ocrx_word' id='word_1_269' title='bbox 348 2050 542 2104; x_wconf 85' lang='lat' dir='ltr'><strong>dicens</strong></span> <span class='ocrx_word' id='word_1_270' title='bbox 565 2049 708 2119; x_wconf 88' lang='lat' dir='ltr'><strong>quod</strong></span> <span class='ocrx_word' id='word_1_271' title='bbox 733 2067 749 2097; x_wconf 82' lang='grc'><strong>‹</strong></span> <span class='ocrx_word' id='word_1_272' title='bbox 771 2049 1029 2104; x_wconf 82' lang='lat' dir='ltr'><strong>Dominus</strong></span> <span class='ocrx_word' id='word_1_273' title='bbox 1057 2051 1110 2104; x_wconf 92' lang='lat' dir='ltr'><strong>in</strong></span> <span class='ocrx_word' id='word_1_274' title='bbox 1143 2052 1430 2123; x_wconf 71' lang='lat' dir='ltr'><strong>Euangelio</strong></span> <span class='ocrx_word' id='word_1_275' title='bbox 1461 2054 1710 2123; x_wconf 85' lang='lat' dir='ltr'><strong>perfectis</strong></span> <span class='ocrx_word' id='word_1_276' title='bbox 1740 2063 1794 2110; x_wconf 90' lang='lat' dir='ltr'><strong>et</strong></span> <span class='ocrx_word' id='word_1_277' title='bbox 1822 2071 1945 2110; x_wconf 90' lang='lat' dir='ltr'><strong>con-</strong></span> 
     </span>
    </p>
   </div>
   <div class='ocr_carea' id='block_1_37' title="bbox 350 2142 1941 2216">
    <p class='ocr_par' dir='ltr' id='par_1_37' title="bbox 350 2142 1941 2216">
     <span class='ocr_line' id='line_1_37' title="bbox 350 2142 1941 2216; baseline 0.004 -21"><span class='ocrx_word' id='word_1_278' title='bbox 350 2142 635 2196; x_wconf 86' lang='lat' dir='ltr'><strong>summatis</strong></span> <span class='ocrx_word' id='word_1_279' title='bbox 665 2142 852 2196; x_wconf 88' lang='lat' dir='ltr'><strong>uolcns</strong></span> <span class='ocrx_word' id='word_1_280' title='bbox 897 2157 1016 2198; x_wconf 90' lang='lat' dir='ltr'><strong>esse</strong></span> <span class='ocrx_word' id='word_1_281' title='bbox 1057 2146 1384 2212; x_wconf 58' lang='lat' dir='ltr'><strong>consultum,</strong></span> <span class='ocrx_word' id='word_1_282' title='bbox 1434 2150 1613 2200; x_wconf 87' lang='lat' dir='ltr'><strong>omnia</strong></span> <span class='ocrx_word' id='word_1_283' title='bbox 1650 2163 1787 2215; x_wconf 85' lang='lat' dir='ltr'><strong>quae</strong></span> <span class='ocrx_word' id='word_1_284' title='bbox 1816 2162 1941 2216; x_wconf 87' lang='lat' dir='ltr'><strong>pos-</strong></span> 
     </span>
    </p>
   </div>
   <div class='ocr_carea' id='block_1_38' title="bbox 347 2231 1935 2308">
    <p class='ocr_par' dir='ltr' id='par_1_38' title="bbox 347 2231 1935 2308">
     <span class='ocr_line' id='line_1_38' title="bbox 347 2231 1935 2308; baseline 0.005 -24"><span class='ocrx_word' id='word_1_285' title='bbox 347 2231 597 2287; x_wconf 78' lang='lat' dir='ltr'><strong>sidezent</strong></span> <span class='ocrx_word' id='word_1_286' title='bbox 636 2232 796 2287; x_wconf 88' lang='lat' dir='ltr'><strong>uendi</strong></span> <span class='ocrx_word' id='word_1_287' title='bbox 843 2234 1052 2289; x_wconf 90' lang='lat' dir='ltr'><strong>censuit</strong></span> <span class='ocrx_word' id='word_1_288' title='bbox 1099 2244 1154 2290; x_wconf 90' lang='lat' dir='ltr'><strong>et</strong></span> <span class='ocrx_word' id='word_1_289' title='bbox 1196 2235 1416 2304; x_wconf 65' lang='lat' dir='ltr'><strong>intendi</strong></span> <span class='ocrx_word' id='word_1_290' title='bbox 1467 2237 1563 2306; x_wconf 90' lang='lat' dir='ltr'><strong>(b).</strong></span> <span class='ocrx_word' id='word_1_291' title='bbox 1604 2257 1620 2289; x_wconf 83' lang='grc' dir='ltr'><strong>ι</strong></span> <span class='ocrx_word' id='word_1_292' title='bbox 1653 2238 1766 2292; x_wconf 81' lang='lat' dir='ltr'><strong>Non</strong></span> <span class='ocrx_word' id='word_1_293' title='bbox 1809 2254 1935 2308; x_wconf 78' lang='lat' dir='ltr'><strong>ergo</strong></span> 
     </span>
    </p>
   </div>
   <div class='ocr_carea' id='block_1_39' title="bbox 346 2321 1937 2393">
    <p class='ocr_par' dir='ltr' id='par_1_39' title="bbox 346 2321 1937 2393">
     <span class='ocr_line' id='line_1_39' title="bbox 346 2321 1937 2393; baseline 0.006 -19"><span class='ocrx_word' id='word_1_294' title='bbox 346 2321 625 2388; x_wconf 88' lang='lat' dir='ltr'><strong>omnibus,</strong></span> <span class='ocrx_word' id='word_1_295' title='bbox 658 2321 754 2378; x_wconf 90' lang='lat' dir='ltr'><strong>sed</strong></span> <span class='ocrx_word' id='word_1_296' title='bbox 797 2324 1034 2393; x_wconf 78' lang='lat' dir='ltr'><strong>perfectis</strong></span> <span class='ocrx_word' id='word_1_297' title='bbox 1063 2324 1319 2381; x_wconf 80' lang='lat' dir='ltr'><strong>duntaxat</strong></span> <span class='ocrx_word' id='word_1_298' title='bbox 1355 2339 1406 2382; x_wconf 89' lang='lat' dir='ltr'><strong>et</strong></span> <span class='ocrx_word' id='word_1_299' title='bbox 1441 2331 1801 2383; x_wconf 78' lang='lat' dir='ltr'><strong>consummatis</strong></span> <span class='ocrx_word' id='word_1_300' title='bbox 1834 2330 1937 2384; x_wconf 82' lang='lat' dir='ltr'><strong>Do-</strong></span> 
     </span>
    </p>
   </div>
   <div class='ocr_carea' id='block_1_40' title="bbox 346 2415 1938 2490">
    <p class='ocr_par' dir='ltr' id='par_1_40' title="bbox 346 2415 1938 2490">
     <span class='ocr_line' id='line_1_40' title="bbox 346 2415 1938 2490; baseline 0.004 -20"><span class='ocrx_word' id='word_1_301' title='bbox 346 2415 531 2470; x_wconf 78' lang='lat' dir='ltr'><strong>minus</strong></span> <span class='ocrx_word' id='word_1_302' title='bbox 555 2430 680 2470; x_wconf 79' lang='lat' dir='ltr'><strong>suas</strong></span> <span class='ocrx_word' id='word_1_303' title='bbox 709 2431 897 2472; x_wconf 89' lang='lat' dir='ltr'><strong>onmes</strong></span> <span class='ocrx_word' id='word_1_304' title='bbox 915 2417 1193 2473; x_wconf 87' lang='lat' dir='ltr'><strong>facultates</strong></span> <span class='ocrx_word' id='word_1_305' title='bbox 1231 2419 1466 2474; x_wconf 87' lang='lat' dir='ltr'><strong>vendere</strong></span> <span class='ocrx_word' id='word_1_306' title='bbox 1496 2428 1549 2474; x_wconf 90' lang='lat' dir='ltr'><strong>et</strong></span> <span class='ocrx_word' id='word_1_307' title='bbox 1578 2420 1632 2473; x_wconf 90' lang='lat' dir='ltr'><strong>in</strong></span> <span class='ocrx_word' id='word_1_308' title='bbox 1681 2435 1938 2490; x_wconf 75' lang='lat' dir='ltr'><strong>pallpt&#39;l&#39;t‘s</strong></span> 
     </span>
    </p>
   </div>
   <div class='ocr_carea' id='block_1_41' title="bbox 344 2505 1934 2576">
    <p class='ocr_par' dir='ltr' id='par_1_41' title="bbox 344 2505 1934 2576">
     <span class='ocr_line' id='line_1_41' title="bbox 344 2505 1934 2576; baseline 0.003 -15"><span class='ocrx_word' id='word_1_309' title='bbox 344 2520 578 2576; x_wconf 76' lang='lat' dir='ltr'><strong>erogare</strong></span> <span class='ocrx_word' id='word_1_310' title='bbox 608 2505 894 2560; x_wconf 83' lang='lat' dir='ltr'><strong>mandavit.</strong></span> <span class='ocrx_word' id='word_1_311' title='bbox 925 2506 990 2561; x_wconf 87' lang='lat' dir='ltr'><strong>Et</strong></span> <span class='ocrx_word' id='word_1_312' title='bbox 1020 2507 1133 2563; x_wconf 68' lang='lat' dir='ltr'><strong>haec</strong></span> <span class='ocrx_word' id='word_1_313' title='bbox 1163 2508 1292 2563; x_wconf 87' lang='lat' dir='ltr'><strong>satis</strong></span> <span class='ocrx_word' id='word_1_314' title='bbox 1312 2509 1452 2564; x_wconf 88' lang='lat' dir='ltr'><strong>dicta</strong></span> <span class='ocrx_word' id='word_1_315' title='bbox 1471 2509 1534 2564; x_wconf 83' lang='lat' dir='ltr'><strong>ad</strong></span> <span class='ocrx_word' id='word_1_316' title='bbox 1555 2510 1934 2566; x_wconf 79' lang='lat' dir='ltr'><strong>obstrucndum</strong></span> 
     </span>
    </p>
   </div>
   <div class='ocr_carea' id='block_1_42' title="bbox 345 2595 1930 2672">
    <p class='ocr_par' dir='ltr' id='par_1_42' title="bbox 345 2595 1930 2672">
     <span class='ocr_line' id='line_1_42' title="bbox 345 2595 1930 2672; baseline 0.004 -20"><span class='ocrx_word' id='word_1_317' title='bbox 345 2595 747 2663; x_wconf 72' lang='lat' dir='ltr'><strong>lucreticorum,</strong></span> <span class='ocrx_word' id='word_1_318' title='bbox 794 2597 1191 2654; x_wconf 90' lang='lat' dir='ltr'><strong>incredulorum</strong></span> <span class='ocrx_word' id='word_1_319' title='bbox 1241 2616 1304 2655; x_wconf 89' lang='lat' dir='ltr'><strong>ac</strong></span> <span class='ocrx_word' id='word_1_320' title='bbox 1352 2602 1930 2672; x_wconf 90' lang='lat' dir='ltr'><strong>pseudo-politicorum</strong></span> 
     </span>
    </p>
   </div>
   <div class='ocr_carea' id='block_1_43' title="bbox 339 2687 1931 2771">
    <p class='ocr_par' dir='ltr' id='par_1_43' title="bbox 339 2687 1931 2771">
     <span class='ocr_line' id='line_1_43' title="bbox 339 2687 1931 2771; baseline 0.003 -28"><span class='ocrx_word' id='word_1_321' title='bbox 339 2702 430 2752; x_wconf 86' lang='lat' dir='ltr'><strong>os,</strong></span> <span class='ocrx_word' id='word_1_322' title='bbox 462 2687 555 2760; x_wconf 85' lang='lat' dir='ltr'><strong>qui</strong></span> <span class='ocrx_word' id='word_1_323' title='bbox 581 2689 740 2743; x_wconf 87' lang='lat' dir='ltr'><strong>etiam</strong></span> <span class='ocrx_word' id='word_1_324' title='bbox 773 2688 872 2743; x_wconf 87' lang='lat' dir='ltr'><strong>hac</strong></span> <span class='ocrx_word' id='word_1_325' title='bbox 903 2701 1085 2744; x_wconf 87' lang='lat' dir='ltr'><strong>nostra</strong></span> <span class='ocrx_word' id='word_1_326' title='bbox 1123 2690 1421 2746; x_wconf 86' lang='lat' dir='ltr'><strong>miserrima</strong></span> <span class='ocrx_word' id='word_1_327' title='bbox 1451 2700 1627 2771; x_wconf 61' lang='lat' dir='ltr'><strong>aetate,</strong></span> <span class='ocrx_word' id='word_1_328' title='bbox 1657 2694 1725 2748; x_wconf 89' lang='lat' dir='ltr'><strong>ob</strong></span> <span class='ocrx_word' id='word_1_329' title='bbox 1766 2694 1931 2757; x_wconf 37' lang='lat' dir='ltr'><strong>rigida</strong></span> 
     </span>
    </p>
   </div>
   <div class='ocr_carea' id='block_1_44' title="bbox 341 2781 1930 2854">
    <p class='ocr_par' dir='ltr' id='par_1_44' title="bbox 341 2781 1930 2854">
     <span class='ocr_line' id='line_1_44' title="bbox 341 2781 1930 2854; baseline 0.003 -17"><span class='ocrx_word' id='word_1_330' title='bbox 341 2782 557 2837; x_wconf 85' lang='lat' dir='ltr'><strong>ethices</strong></span> <span class='ocrx_word' id='word_1_331' title='bbox 585 2781 901 2839; x_wconf 82' lang='lat' dir='ltr'><strong>Christianae</strong></span> <span class='ocrx_word' id='word_1_332' title='bbox 939 2784 1187 2854; x_wconf 83' lang='lat' dir='ltr'><strong>dogmata</strong></span> <span class='ocrx_word' id='word_1_333' title='bbox 1219 2800 1246 2838; x_wconf 89' lang='lat' dir='ltr'><strong>a</strong></span> <span class='ocrx_word' id='word_1_334' title='bbox 1285 2785 1527 2841; x_wconf 81' lang='lat' dir='ltr'><strong>Pan-ibus</strong></span> <span class='ocrx_word' id='word_1_335' title='bbox 1561 2799 1768 2840; x_wconf 89' lang='lat' dir='ltr'><strong>summo</strong></span> <span class='ocrx_word' id='word_1_336' title='bbox 1799 2801 1930 2841; x_wconf 90' lang='lat' dir='ltr'><strong>con-</strong></span> 
     </span>
    </p>
   </div>
   <div class='ocr_carea' id='block_1_45' title="bbox 339 2868 1928 2946">
    <p class='ocr_par' dir='ltr' id='par_1_45' title="bbox 339 2868 1928 2946">
     <span class='ocr_line' id='line_1_45' title="bbox 339 2868 1928 2946; baseline 0.002 -18"><span class='ocrx_word' id='word_1_337' title='bbox 339 2887 511 2929; x_wconf 86' lang='lat' dir='ltr'><strong>sensu</strong></span> <span class='ocrx_word' id='word_1_338' title='bbox 562 2874 773 2942; x_wconf 81' lang='lat' dir='ltr'><strong>tradita,</strong></span> <span class='ocrx_word' id='word_1_339' title='bbox 825 2890 946 2946; x_wconf 64' lang='lat' dir='ltr'><strong>quae</strong></span> <span class='ocrx_word' id='word_1_340' title='bbox 994 2876 1139 2930; x_wconf 89' lang='lat' dir='ltr'><strong>nulla</strong></span> <span class='ocrx_word' id='word_1_341' title='bbox 1199 2868 1434 2931; x_wconf 87' lang='lat' dir='ltr'><strong>adhibita</strong></span> <span class='ocrx_word' id='word_1_342' title='bbox 1478 2877 1825 2932; x_wconf 88' lang='lat' dir='ltr'><strong>distinctione</strong></span> <span class='ocrx_word' id='word_1_343' title='bbox 1864 2878 1928 2931; x_wconf 90' lang='lat' dir='ltr'><strong>ad</strong></span> 
     </span>
    </p>
   </div>
   <div class='ocr_carea' id='block_1_46' title="bbox 339 2965 1928 3034">
    <p class='ocr_par' dir='ltr' id='par_1_46' title="bbox 339 2965 1928 3034">
     <span class='ocr_line' id='line_1_46' title="bbox 339 2965 1928 3034; baseline 0.001 -14"><span class='ocrx_word' id='word_1_344' title='bbox 339 2977 569 3021; x_wconf 74' lang='lat' dir='ltr'><strong>cunctm</strong></span> <span class='ocrx_word' id='word_1_345' title='bbox 594 2965 776 3022; x_wconf 87' lang='lat' dir='ltr'><strong>ﬁdeles</strong></span> <span class='ocrx_word' id='word_1_346' title='bbox 806 2968 1111 3023; x_wconf 88' lang='lat' dir='ltr'><strong>necessario</strong></span> <span class='ocrx_word' id='word_1_347' title='bbox 1141 2967 1356 3022; x_wconf 83' lang='lat' dir='ltr'><strong>extendi</strong></span> <span class='ocrx_word' id='word_1_348' title='bbox 1383 2967 1646 3034; x_wconf 88' lang='lat' dir='ltr'><strong>dictitant,</strong></span> <span class='ocrx_word' id='word_1_349' title='bbox 1669 2977 1773 3022; x_wconf 88' lang='lat' dir='ltr'><strong>tam</strong></span> <span class='ocrx_word' id='word_1_350' title='bbox 1799 2969 1928 3022; x_wconf 84' lang='lat' dir='ltr'><strong>false</strong></span> 
     </span>
    </p>
   </div>
   <div class='ocr_carea' id='block_1_47' title="bbox 342 3059 1928 3130">
    <p class='ocr_par' dir='ltr' id='par_1_47' title="bbox 342 3059 1928 3130">
     <span class='ocr_line' id='line_1_47' title="bbox 342 3059 1928 3130; baseline 0 -19"><span class='ocrx_word' id='word_1_351' title='bbox 342 3072 508 3128; x_wconf 88' lang='lat' dir='ltr'><strong>quam</strong></span> <span class='ocrx_word' id='word_1_352' title='bbox 537 3059 698 3128; x_wconf 88' lang='lat' dir='ltr'><strong>impie</strong></span> <span class='ocrx_word' id='word_1_353' title='bbox 738 3071 974 3114; x_wconf 83' lang='lat' dir='ltr'><strong>nostram</strong></span> <span class='ocrx_word' id='word_1_354' title='bbox 1017 3060 1403 3116; x_wconf 83' lang='lat' dir='ltr'><strong>sanctissimam</strong></span> <span class='ocrx_word' id='word_1_355' title='bbox 1444 3061 1756 3130; x_wconf 84' lang='lat' dir='ltr'><strong>religionem</strong></span> <span class='ocrx_word' id='word_1_356' title='bbox 1795 3061 1928 3112; x_wconf 74' lang='lat' dir='ltr'><strong>anti-</strong></span> 
     </span>
    </p>
   </div>
   <div class='ocr_carea' id='block_1_48' title="bbox 338 3151 1216 3223">
    <p class='ocr_par' dir='ltr' id='par_1_48' title="bbox 338 3151 1216 3223">
     <span class='ocr_line' id='line_1_48' title="bbox 338 3151 1216 3223; baseline 0.002 -19"><span class='ocrx_word' id='word_1_357' title='bbox 338 3151 586 3204; x_wconf 80' lang='lat' dir='ltr'><strong>socialem</strong></span> <span class='ocrx_word' id='word_1_358' title='bbox 606 3166 725 3206; x_wconf 85' lang='lat' dir='ltr'><strong>esse</strong></span> <span class='ocrx_word' id='word_1_359' title='bbox 751 3152 1095 3221; x_wconf 86' lang='lat' dir='ltr'><strong>pronuntiant</strong></span> <span class='ocrx_word' id='word_1_360' title='bbox 1124 3152 1216 3223; x_wconf 85' lang='lat' dir='ltr'><strong>(c).</strong></span> 
     </span>
    </p>
   </div>
   <div class='ocr_carea' id='block_1_49' title="bbox 2053 1784 3636 1854">
    <p class='ocr_par' dir='ltr' id='par_1_49' title="bbox 2053 1784 3636 1854">
     <span class='ocr_line' id='line_1_49' title="bbox 2053 1784 3636 1854; baseline 0.002 -18"><span class='ocrx_word' id='word_1_361' title='bbox 2053 1800 2170 1854; x_wconf 68' lang='lat' dir='ltr'><strong>quis</strong></span> <span class='ocrx_word' id='word_1_362' title='bbox 2203 1785 2372 1854; x_wconf 89' lang='lat' dir='ltr'><strong>prima</strong></span> <span class='ocrx_word' id='word_1_363' title='bbox 2403 1785 2466 1838; x_wconf 85' lang='lat' dir='ltr'><strong>ad</strong></span> <span class='ocrx_word' id='word_1_364' title='bbox 2497 1784 2699 1839; x_wconf 78' lang='lat' dir='ltr'><strong>codicis</strong></span> <span class='ocrx_word' id='word_1_365' title='bbox 2732 1784 3066 1850; x_wconf 85' lang='lat' dir='ltr'><strong>varietatem,</strong></span> <span class='ocrx_word' id='word_1_366' title='bbox 3098 1785 3162 1838; x_wconf 42' lang='lat' dir='ltr'><strong>all</strong></span> <span class='ocrx_word' id='word_1_367' title='bbox 3185 1785 3422 1854; x_wconf 87' lang='lat' dir='ltr'><strong>ejusdem</strong></span> <span class='ocrx_word' id='word_1_368' title='bbox 3453 1801 3636 1841; x_wconf 84' lang='lat' dir='ltr'><strong>emen-</strong></span> 
     </span>
    </p>
   </div>
   <div class='ocr_carea' id='block_1_50' title="bbox 2050 1873 3634 1945">
    <p class='ocr_par' dir='ltr' id='par_1_50' title="bbox 2050 1873 3634 1945">
     <span class='ocr_line' id='line_1_50' title="bbox 2050 1873 3634 1945; baseline -0.002 -15"><span class='ocrx_word' id='word_1_369' title='bbox 2050 1876 2346 1940; x_wconf 89' lang='lat' dir='ltr'><strong>dationem,</strong></span> <span class='ocrx_word' id='word_1_370' title='bbox 2377 1875 2442 1928; x_wconf 90' lang='lat' dir='ltr'><strong>ad</strong></span> <span class='ocrx_word' id='word_1_371' title='bbox 2473 1876 2874 1945; x_wconf 72' lang='lat' dir='ltr'><strong>grammaticam</strong></span> <span class='ocrx_word' id='word_1_372' title='bbox 2905 1884 2957 1928; x_wconf 92' lang='lat' dir='ltr'><strong>et</strong></span> <span class='ocrx_word' id='word_1_373' title='bbox 2989 1873 3438 1944; x_wconf 71' lang='lat' dir='ltr'><strong>palmographiam</strong></span> <span class='ocrx_word' id='word_1_374' title='bbox 3470 1876 3634 1943; x_wconf 81' lang='lat' dir='ltr'><strong>perti-</strong></span> 
     </span>
    </p>
   </div>
   <div class='ocr_carea' id='block_1_51' title="bbox 2049 1965 3626 2035">
    <p class='ocr_par' dir='ltr' id='par_1_51' title="bbox 2049 1965 3626 2035">
     <span class='ocr_line' id='line_1_51' title="bbox 2049 1965 3626 2035; baseline -0.004 -14"><span class='ocrx_word' id='word_1_375' title='bbox 2049 1976 2207 2030; x_wconf 87' lang='lat' dir='ltr'><strong>nent;</strong></span> <span class='ocrx_word' id='word_1_376' title='bbox 2243 1965 2454 2035; x_wconf 83' lang='lat' dir='ltr'><strong>aliaquc</strong></span> <span class='ocrx_word' id='word_1_377' title='bbox 2483 1965 2674 2020; x_wconf 87' lang='lat' dir='ltr'><strong>deinde</strong></span> <span class='ocrx_word' id='word_1_378' title='bbox 2706 1979 2967 2034; x_wconf 76' lang='lat' dir='ltr'><strong>propono,</strong></span> <span class='ocrx_word' id='word_1_379' title='bbox 2997 1978 3048 2018; x_wconf 80' lang='lat' dir='ltr'><strong>ut</strong></span> <span class='ocrx_word' id='word_1_380' title='bbox 3082 1981 3196 2030; x_wconf 73' lang='lat' dir='ltr'><strong>qua:</strong></span> <span class='ocrx_word' id='word_1_381' title='bbox 3225 1965 3340 2018; x_wconf 92' lang='lat' dir='ltr'><strong>loca</strong></span> <span class='ocrx_word' id='word_1_382' title='bbox 3373 1965 3626 2035; x_wconf 88' lang='lat' dir='ltr'><strong>parallela</strong></span> 
     </span>
    </p>
   </div>
   <div class='ocr_carea' id='block_1_52' title="bbox 2048 2055 3630 2124">
    <p class='ocr_par' dir='ltr' id='par_1_52' title="bbox 2048 2055 3630 2124">
     <span class='ocr_line' id='line_1_52' title="bbox 2048 2055 3630 2124; baseline -0.001 -14"><span class='ocrx_word' id='word_1_383' title='bbox 2048 2057 2098 2110; x_wconf 91' lang='lat' dir='ltr'><strong>in</strong></span> <span class='ocrx_word' id='word_1_384' title='bbox 2123 2057 2488 2111; x_wconf 85' lang='lat' dir='ltr'><strong>Ambrosianis</strong></span> <span class='ocrx_word' id='word_1_385' title='bbox 2512 2056 2722 2124; x_wconf 82' lang='lat' dir='ltr'><strong>scriptis</strong></span> <span class='ocrx_word' id='word_1_386' title='bbox 2750 2055 3083 2124; x_wconf 82' lang='lat' dir='ltr'><strong>reperiantur</strong></span> <span class='ocrx_word' id='word_1_387' title='bbox 3107 2055 3217 2108; x_wconf 85' lang='lat' dir='ltr'><strong>fere</strong></span> <span class='ocrx_word' id='word_1_388' title='bbox 3239 2055 3440 2109; x_wconf 89' lang='lat' dir='ltr'><strong>intento</strong></span> <span class='ocrx_word' id='word_1_389' title='bbox 3463 2055 3630 2123; x_wconf 81' lang='lat' dir='ltr'><strong>digito</strong></span> 
     </span>
    </p>
   </div>
   <div class='ocr_carea' id='block_1_53' title="bbox 2046 2144 3628 2215">
    <p class='ocr_par' dir='ltr' id='par_1_53' title="bbox 2046 2144 3628 2215">
     <span class='ocr_line' id='line_1_53' title="bbox 2046 2144 3628 2215; baseline -0.003 -15"><span class='ocrx_word' id='word_1_390' title='bbox 2046 2157 2337 2202; x_wconf 90' lang='lat' dir='ltr'><strong>monstrem</strong></span> <span class='ocrx_word' id='word_1_391' title='bbox 2364 2162 2378 2210; x_wconf 90' lang='lat'><strong>;</strong></span> <span class='ocrx_word' id='word_1_392' title='bbox 2405 2162 2500 2200; x_wconf 90' lang='lat' dir='ltr'><strong>nec</strong></span> <span class='ocrx_word' id='word_1_393' title='bbox 2529 2155 2799 2215; x_wconf 87' lang='lat' dir='ltr'><strong>postremo</strong></span> <span class='ocrx_word' id='word_1_394' title='bbox 2829 2153 2980 2198; x_wconf 69' lang='lat' dir='ltr'><strong>notas</strong></span> <span class='ocrx_word' id='word_1_395' title='bbox 3002 2144 3221 2200; x_wconf 87' lang='lat' dir='ltr'><strong>hiblicas</strong></span> <span class='ocrx_word' id='word_1_396' title='bbox 3240 2147 3628 2214; x_wconf 70' lang='lat' dir='ltr'><strong>comparativas</strong></span> 
     </span>
    </p>
   </div>
   <div class='ocr_carea' id='block_1_54' title="bbox 2043 2237 3626 2307">
    <p class='ocr_par' dir='ltr' id='par_1_54' title="bbox 2043 2237 3626 2307">
     <span class='ocr_line' id='line_1_54' title="bbox 2043 2237 3626 2307; baseline -0.002 -14"><span class='ocrx_word' id='word_1_397' title='bbox 2043 2254 2164 2293; x_wconf 92' lang='lat' dir='ltr'><strong>cum</strong></span> <span class='ocrx_word' id='word_1_398' title='bbox 2213 2238 2400 2293; x_wconf 88' lang='lat' dir='ltr'><strong>iisdem</strong></span> <span class='ocrx_word' id='word_1_399' title='bbox 2456 2253 2624 2292; x_wconf 85' lang='lat' dir='ltr'><strong>sacrae</strong></span> <span class='ocrx_word' id='word_1_400' title='bbox 2680 2237 2964 2307; x_wconf 69' lang='lat' dir='ltr'><strong>Scriptura:</strong></span> <span class='ocrx_word' id='word_1_401' title='bbox 3012 2239 3141 2291; x_wconf 92' lang='lat' dir='ltr'><strong>locis</strong></span> <span class='ocrx_word' id='word_1_402' title='bbox 3186 2237 3397 2302; x_wconf 91' lang='lat' dir='ltr'><strong>omitto,</strong></span> <span class='ocrx_word' id='word_1_403' title='bbox 3431 2238 3626 2307; x_wconf 85' lang='lat' dir='ltr'><strong>quibus</strong></span> 
     </span>
    </p>
   </div>
   <div class='ocr_carea' id='block_1_55' title="bbox 2044 2328 3619 2400">
    <p class='ocr_par' dir='ltr' id='par_1_55' title="bbox 2044 2328 3619 2400">
     <span class='ocr_line' id='line_1_55' title="bbox 2044 2328 3619 2400; baseline 0.001 -16"><span class='ocrx_word' id='word_1_404' title='bbox 2044 2330 2360 2384; x_wconf 79' lang='lat' dir='ltr'><strong>Ambrosius</strong></span> <span class='ocrx_word' id='word_1_405' title='bbox 2395 2331 2444 2382; x_wconf 91' lang='lat' dir='ltr'><strong>in</strong></span> <span class='ocrx_word' id='word_1_406' title='bbox 2473 2330 2582 2383; x_wconf 89' lang='lat' dir='ltr'><strong>suis</strong></span> <span class='ocrx_word' id='word_1_407' title='bbox 2621 2328 2894 2399; x_wconf 79' lang='lat' dir='ltr'><strong>hucusque</strong></span> <span class='ocrx_word' id='word_1_408' title='bbox 2910 2330 3132 2398; x_wconf 82' lang='lat' dir='ltr'><strong>vulgatis</strong></span> <span class='ocrx_word' id='word_1_409' title='bbox 3157 2331 3408 2400; x_wconf 82' lang='lat' dir='ltr'><strong>Operibus</strong></span> <span class='ocrx_word' id='word_1_410' title='bbox 3436 2332 3510 2385; x_wconf 72' lang='lat' dir='ltr'><strong>uti</strong></span> <span class='ocrx_word' id='word_1_411' title='bbox 3540 2349 3619 2393; x_wconf 68' lang='grc' dir='ltr'>ιιν.</span> 
     </span>
    </p>
   </div>
   <div class='ocr_carea' id='block_1_56' title="bbox 2039 2421 3618 2490">
    <p class='ocr_par' dir='ltr' id='par_1_56' title="bbox 2039 2421 3618 2490">
     <span class='ocr_line' id='line_1_56' title="bbox 2039 2421 3618 2490; baseline 0.002 -15"><span class='ocrx_word' id='word_1_412' title='bbox 2039 2431 2149 2488; x_wconf 90' lang='lat' dir='ltr'><strong>aut,</strong></span> <span class='ocrx_word' id='word_1_413' title='bbox 2187 2422 2230 2475; x_wconf 87' lang='lat' dir='ltr'><strong>si</strong></span> <span class='ocrx_word' id='word_1_414' title='bbox 2264 2421 2367 2475; x_wconf 91' lang='lat' dir='ltr'><strong>illis</strong></span> <span class='ocrx_word' id='word_1_415' title='bbox 2391 2430 2610 2475; x_wconf 82' lang='lat' dir='ltr'><strong>careant</strong></span> <span class='ocrx_word' id='word_1_416' title='bbox 2637 2421 2985 2475; x_wconf 83' lang='lat' dir='ltr'><strong>Ambrosiana</strong></span> <span class='ocrx_word' id='word_1_417' title='bbox 3035 2423 3254 2490; x_wconf 89' lang='lat' dir='ltr'><strong>scripta,</strong></span> <span class='ocrx_word' id='word_1_418' title='bbox 3303 2425 3486 2478; x_wconf 64' lang='lat' dir='ltr'><strong>careri</strong></span> <span class='ocrx_word' id='word_1_419' title='bbox 3537 2425 3618 2479; x_wconf 85' lang='lat' dir='ltr'><strong>usi</strong></span> 
     </span>
    </p>
   </div>
   <div class='ocr_carea' id='block_1_57' title="bbox 2037 2512 3610 2582">
    <p class='ocr_par' dir='ltr' id='par_1_57' title="bbox 2037 2512 3610 2582">
     <span class='ocr_line' id='line_1_57' title="bbox 2037 2512 3610 2582; baseline 0.001 -15"><span class='ocrx_word' id='word_1_420' title='bbox 2037 2524 2162 2568; x_wconf 85' lang='lat' dir='ltr'><strong>sunt</strong></span> <span class='ocrx_word' id='word_1_421' title='bbox 2193 2513 2397 2579; x_wconf 88' lang='lat' dir='ltr'><strong>Patres,</strong></span> <span class='ocrx_word' id='word_1_422' title='bbox 2433 2513 2525 2582; x_wconf 91' lang='lat' dir='ltr'><strong>qui</strong></span> <span class='ocrx_word' id='word_1_423' title='bbox 2578 2512 2661 2566; x_wconf 75' lang='lat' dir='ltr'><strong>vel</strong></span> <span class='ocrx_word' id='word_1_424' title='bbox 2717 2512 3000 2566; x_wconf 79' lang='lat' dir='ltr'><strong>Ambrosio</strong></span> <span class='ocrx_word' id='word_1_425' title='bbox 3036 2528 3316 2582; x_wconf 59' lang='lat' dir='ltr'><strong>suppares,</strong></span> <span class='ocrx_word' id='word_1_426' title='bbox 3358 2514 3438 2570; x_wconf 80' lang='lat' dir='ltr'><strong>vel</strong></span> <span class='ocrx_word' id='word_1_427' title='bbox 3469 2514 3610 2568; x_wconf 67' lang='lat' dir='ltr'><strong>haud</strong></span> 
     </span>
    </p>
   </div>
   <div class='ocr_carea' id='block_1_58' title="bbox 2037 2605 3609 2676">
    <p class='ocr_par' dir='ltr' id='par_1_58' title="bbox 2037 2605 3609 2676">
     <span class='ocr_line' id='line_1_58' title="bbox 2037 2605 3609 2676; baseline 0 -16"><span class='ocrx_word' id='word_1_428' title='bbox 2037 2606 2217 2676; x_wconf 79' lang='lat' dir='ltr'><strong>procul</strong></span> <span class='ocrx_word' id='word_1_429' title='bbox 2248 2607 2315 2661; x_wconf 89' lang='lat' dir='ltr'><strong>ah</strong></span> <span class='ocrx_word' id='word_1_430' title='bbox 2343 2605 2690 2659; x_wconf 82' lang='lat' dir='ltr'><strong>Ambrosiam</strong></span> <span class='ocrx_word' id='word_1_431' title='bbox 2723 2613 2880 2659; x_wconf 62' lang='lat' dir='ltr'><strong>actate</strong></span> <span class='ocrx_word' id='word_1_432' title='bbox 2911 2605 3235 2670; x_wconf 76' lang='lat' dir='ltr'><strong>ﬂoruerunt;</strong></span> <span class='ocrx_word' id='word_1_433' title='bbox 3278 2607 3411 2661; x_wconf 89' lang='lat' dir='ltr'><strong>adeo</strong></span> <span class='ocrx_word' id='word_1_434' title='bbox 3443 2615 3501 2660; x_wconf 91' lang='lat' dir='ltr'><strong>ut</strong></span> <span class='ocrx_word' id='word_1_435' title='bbox 3547 2623 3609 2661; x_wconf 81' lang='lat' dir='ltr'><strong>ex</strong></span> 
     </span>
    </p>
   </div>
   <div class='ocr_carea' id='block_1_59' title="bbox 2036 2696 3612 2763">
    <p class='ocr_par' dir='ltr' id='par_1_59' title="bbox 2036 2696 3612 2763">
     <span class='ocr_line' id='line_1_59' title="bbox 2036 2696 3612 2763; baseline -0.002 -12"><span class='ocrx_word' id='word_1_436' title='bbox 2036 2699 2118 2752; x_wconf 85' lang='lat' dir='ltr'><strong>his</strong></span> <span class='ocrx_word' id='word_1_437' title='bbox 2140 2697 2389 2753; x_wconf 86' lang='lat' dir='ltr'><strong>omnibus</strong></span> <span class='ocrx_word' id='word_1_438' title='bbox 2420 2705 2524 2751; x_wconf 90' lang='lat' dir='ltr'><strong>tam</strong></span> <span class='ocrx_word' id='word_1_439' title='bbox 2559 2696 2858 2750; x_wconf 86' lang='lat' dir='ltr'><strong>inlrinsecis</strong></span> <span class='ocrx_word' id='word_1_440' title='bbox 2883 2701 3234 2763; x_wconf 85' lang='lat' dir='ltr'><strong>argumentis,</strong></span> <span class='ocrx_word' id='word_1_441' title='bbox 3268 2697 3517 2750; x_wconf 80' lang='lat' dir='ltr'><strong>nimirum</strong></span> <span class='ocrx_word' id='word_1_442' title='bbox 3545 2713 3612 2749; x_wconf 86' lang='lat' dir='ltr'><strong>ex</strong></span> 
     </span>
    </p>
   </div>
   <div class='ocr_carea' id='block_1_60' title="bbox 2033 2784 3618 2854">
    <p class='ocr_par' dir='ltr' id='par_1_60' title="bbox 2033 2784 3618 2854">
     <span class='ocr_line' id='line_1_60' title="bbox 2033 2784 3618 2854; baseline -0.003 -13"><span class='ocrx_word' id='word_1_443' title='bbox 2033 2801 2245 2841; x_wconf 89' lang='lat' dir='ltr'><strong>summo</strong></span> <span class='ocrx_word' id='word_1_444' title='bbox 2265 2801 2383 2840; x_wconf 87' lang='lat' dir='ltr'><strong>cum</strong></span> <span class='ocrx_word' id='word_1_445' title='bbox 2409 2785 2772 2840; x_wconf 79' lang='lat' dir='ltr'><strong>Ambrosianis</strong></span> <span class='ocrx_word' id='word_1_446' title='bbox 2790 2784 2999 2852; x_wconf 64' lang='grc' dir='ltr'><strong>εει-ἱρῆς</strong></span> <span class='ocrx_word' id='word_1_447' title='bbox 3020 2799 3306 2848; x_wconf 82' lang='lat' dir='ltr'><strong>consensu,</strong></span> <span class='ocrx_word' id='word_1_448' title='bbox 3333 2801 3490 2854; x_wconf 87' lang='lat' dir='ltr'><strong>quam</strong></span> <span class='ocrx_word' id='word_1_449' title='bbox 3521 2800 3618 2837; x_wconf 78' lang='lat' dir='ltr'><strong>ex-</strong></span> 
     </span>
    </p>
   </div>
   <div class='ocr_carea' id='block_1_61' title="bbox 2034 2871 3616 2941">
    <p class='ocr_par' dir='ltr' id='par_1_61' title="bbox 2034 2871 3616 2941">
     <span class='ocr_line' id='line_1_61' title="bbox 2034 2871 3616 2941; baseline -0.007 -12"><span class='ocrx_word' id='word_1_450' title='bbox 2034 2875 2297 2941; x_wconf 62' lang='lat' dir='ltr'><strong>trinsecis,</strong></span> <span class='ocrx_word' id='word_1_451' title='bbox 2324 2887 2388 2926; x_wconf 83' lang='lat' dir='ltr'><strong>ex</strong></span> <span class='ocrx_word' id='word_1_452' title='bbox 2415 2872 2730 2926; x_wconf 89' lang='lat' dir='ltr'><strong>auctoritate</strong></span> <span class='ocrx_word' id='word_1_453' title='bbox 2751 2872 2881 2924; x_wconf 49' lang='lat' dir='ltr'><strong>scili&#39;</strong></span> <span class='ocrx_word' id='word_1_454' title='bbox 2902 2880 2953 2924; x_wconf 88' lang='lat' dir='ltr'><strong>et</strong></span> <span class='ocrx_word' id='word_1_455' title='bbox 2982 2880 3033 2924; x_wconf 88' lang='lat' dir='ltr'><strong>et</strong></span> <span class='ocrx_word' id='word_1_456' title='bbox 3065 2871 3366 2939; x_wconf 68' lang='lat' dir='ltr'><strong>praestantia</strong></span> <span class='ocrx_word' id='word_1_457' title='bbox 3395 2872 3616 2937; x_wconf 72' lang='lat' dir='ltr'><strong>codici.,</strong></span> 
     </span>
    </p>
   </div>
   <div class='ocr_carea' id='block_1_62' title="bbox 2032 2959 3616 3028">
    <p class='ocr_par' dir='ltr' id='par_1_62' title="bbox 2032 2959 3616 3028">
     <span class='ocr_line' id='line_1_62' title="bbox 2032 2959 3616 3028; baseline -0.001 -10"><span class='ocrx_word' id='word_1_458' title='bbox 2032 2965 2130 3019; x_wconf 88' lang='lat' dir='ltr'><strong>hos</strong></span> <span class='ocrx_word' id='word_1_459' title='bbox 2161 2977 2436 3018; x_wconf 83' lang='lat' dir='ltr'><strong>sermones</strong></span> <span class='ocrx_word' id='word_1_460' title='bbox 2470 2961 2735 3015; x_wconf 83' lang='lat' dir='ltr'><strong>Ambrosii</strong></span> <span class='ocrx_word' id='word_1_461' title='bbox 2771 2959 3178 3014; x_wconf 78' lang='lat' dir='ltr'><strong>Mediolaucnsis</strong></span> <span class='ocrx_word' id='word_1_462' title='bbox 3213 2962 3446 3028; x_wconf 80' lang='lat' dir='ltr'><strong>epi~c0pi</strong></span> <span class='ocrx_word' id='word_1_463' title='bbox 3480 2961 3616 3016; x_wconf 87' lang='lat' dir='ltr'><strong>fctus</strong></span> 
     </span>
    </p>
   </div>
   <div class='ocr_carea' id='block_1_63' title="bbox 2033 3054 3616 3125">
    <p class='ocr_par' dir='ltr' id='par_1_63' title="bbox 2033 3054 3616 3125">
     <span class='ocr_line' id='line_1_63' title="bbox 2033 3054 3616 3125; baseline -0.002 -14"><span class='ocrx_word' id='word_1_464' title='bbox 2033 3071 2152 3112; x_wconf 88' lang='lat' dir='ltr'><strong>esse</strong></span> <span class='ocrx_word' id='word_1_465' title='bbox 2179 3057 2458 3125; x_wconf 78' lang='lat' dir='ltr'><strong>genuinos,</strong></span> <span class='ocrx_word' id='word_1_466' title='bbox 2487 3055 2710 3124; x_wconf 86' lang='lat' dir='ltr'><strong>quisque</strong></span> <span class='ocrx_word' id='word_1_467' title='bbox 2738 3061 3066 3122; x_wconf 80' lang='lat' dir='ltr'><strong>compertum</strong></span> <span class='ocrx_word' id='word_1_468' title='bbox 3102 3054 3311 3118; x_wconf 85' lang='lat' dir='ltr'><strong>habeat,</strong></span> <span class='ocrx_word' id='word_1_469' title='bbox 3335 3064 3494 3124; x_wconf 86' lang='lat' dir='ltr'><strong>atque</strong></span> <span class='ocrx_word' id='word_1_470' title='bbox 3521 3071 3616 3109; x_wconf 79' lang='lat' dir='ltr'><strong>ex—</strong></span> 
     </span>
    </p>
   </div>
   <div class='ocr_carea' id='block_1_64' title="bbox 2036 3145 3616 3220">
    <p class='ocr_par' dir='ltr' id='par_1_64' title="bbox 2036 3145 3616 3220">
     <span class='ocr_line' id='line_1_64' title="bbox 2036 3145 3616 3220; baseline -0.002 -16"><span class='ocrx_word' id='word_1_471' title='bbox 2036 3153 2318 3220; x_wconf 59' lang='lat' dir='ltr'><strong>ploratum.</strong></span> <span class='ocrx_word' id='word_1_472' title='bbox 2349 3148 2456 3204; x_wconf 90' lang='lat' dir='ltr'><strong>Sed</strong></span> <span class='ocrx_word' id='word_1_473' title='bbox 2494 3149 2559 3202; x_wconf 90' lang='lat' dir='ltr'><strong>iis</strong></span> <span class='ocrx_word' id='word_1_474' title='bbox 2603 3147 2928 3217; x_wconf 70' lang='lat' dir='ltr'><strong>prtelibatis,</strong></span> <span class='ocrx_word' id='word_1_475' title='bbox 2971 3145 3228 3200; x_wconf 73' lang='lat' dir='ltr'><strong>candidus</strong></span> <span class='ocrx_word' id='word_1_476' title='bbox 3275 3158 3326 3200; x_wconf 90' lang='lat' dir='ltr'><strong>et</strong></span> <span class='ocrx_word' id='word_1_477' title='bbox 3375 3147 3616 3201; x_wconf 84' lang='lat' dir='ltr'><strong>eruditus</strong></span> 
     </span>
    </p>
   </div>
   <div class='ocr_carea' id='block_1_65' title="bbox 416 3227 3098 3318">
    <p class='ocr_par' dir='ltr' id='par_1_65' title="bbox 416 3227 3098 3318">
     <span class='ocr_line' id='line_1_65' title="bbox 416 3227 3098 3318; baseline 0.003 -19"><span class='ocrx_word' id='word_1_478' title='bbox 416 3243 511 3299; x_wconf 79' lang='lat' dir='ltr'><strong>XI.</strong></span> <span class='ocrx_word' id='word_1_479' title='bbox 542 3243 621 3298; x_wconf 86' lang='lat' dir='ltr'><strong>De</strong></span> <span class='ocrx_word' id='word_1_480' title='bbox 645 3248 940 3318; x_wconf 81' lang='lat' dir='ltr'><strong>partitione,</strong></span> <span class='ocrx_word' id='word_1_481' title='bbox 973 3259 1020 3301; x_wconf 87' lang='lat' dir='ltr'><strong>et</strong></span> <span class='ocrx_word' id='word_1_482' title='bbox 1040 3250 1170 3302; x_wconf 84' lang='lat' dir='ltr'><strong>notis</strong></span> <span class='ocrx_word' id='word_1_483' title='bbox 1199 3247 1427 3303; x_wconf 85' lang='lat' dir='ltr'><strong>editoris.</strong></span> <span class='ocrx_word' id='word_1_484' title='bbox 1456 3281 1525 3290; x_wconf 89' lang='lat'><strong><em>—</em></strong></span> <span class='ocrx_word' id='word_1_485' title='bbox 1556 3249 1728 3306; x_wconf 89' lang='lat' dir='ltr'><strong>Unum</strong></span> <span class='ocrx_word' id='word_1_486' title='bbox 1759 3247 1934 3303; x_wconf 88' lang='lat' dir='ltr'><strong>adhuc</strong></span> <span class='ocrx_word' id='word_1_487' title='bbox 1959 3227 2004 3290; x_wconf 63' lang='grc' dir='ltr'><strong>(ἶ</strong></span> <span class='ocrx_word' id='word_1_488' title='bbox 2038 3242 2208 3298; x_wconf 81' lang='lat' dir='ltr'><strong>lector</strong></span> <span class='ocrx_word' id='word_1_489' title='bbox 2232 3239 2463 3310; x_wconf 51' lang='lat' dir='ltr'><strong>iudicet;</strong></span> <span class='ocrx_word' id='word_1_490' title='bbox 2496 3253 2616 3293; x_wconf 67' lang='lat' dir='ltr'><strong>nam</strong></span> <span class='ocrx_word' id='word_1_491' title='bbox 2647 3252 2772 3292; x_wconf 74' lang='grc' dir='ltr'><strong>εεεθ</strong></span> <span class='ocrx_word' id='word_1_492' title='bbox 2801 3251 3098 3292; x_wconf 55' lang='lat' dir='ltr'><strong>“NW-95-</strong></span> 
     </span>
    </p>
   </div>
   <div class='ocr_carea' id='block_1_66' title="bbox 414 3355 932 3428">
    <p class='ocr_par' dir='ltr' id='par_1_66' title="bbox 414 3355 932 3428">
     <span class='ocr_line' id='line_1_66' title="bbox 414 3355 932 3428; baseline 0 0"><span class='ocrx_word' id='word_1_493' title='bbox 414 3355 490 3428; x_wconf 83' lang='grc' dir='ltr'><strong>(α)</strong></span> <span class='ocrx_word' id='word_1_494' title='bbox 522 3355 702 3428; x_wconf 67' lang='grc' dir='ltr'><strong>ἓθῑωο</strong></span> <span class='ocrx_word' id='word_1_495' title='bbox 736 3359 754 3428; x_wconf 71' lang='lat' dir='ltr'><strong>l</strong></span> <span class='ocrx_word' id='word_1_496' title='bbox 782 3401 796 3425; x_wconf 83' lang='lat'><strong>.</strong></span> <span class='ocrx_word' id='word_1_497' title='bbox 824 3355 852 3427; x_wconf 86' lang='lat'>§</span> <span class='ocrx_word' id='word_1_498' title='bbox 878 3359 932 3411; x_wconf 71' lang='grc' dir='ltr'>ι·</span> 
     </span>
    </p>
   </div>
   <div class='ocr_carea' id='block_1_67' title="bbox 411 3419 1491 3496">
    <p class='ocr_par' dir='ltr' id='par_1_67' title="bbox 411 3419 1491 3496">
     <span class='ocr_line' id='line_1_67' title="bbox 411 3419 1491 3496; baseline 0.003 -18"><span class='ocrx_word' id='word_1_499' title='bbox 411 3419 498 3496; x_wconf 69' lang='grc' dir='ltr'><strong>(ὁ)</strong></span> <span class='ocrx_word' id='word_1_500' title='bbox 521 3419 676 3480; x_wconf 84' lang='lat' dir='ltr'><strong>Toin.</strong></span> <span class='ocrx_word' id='word_1_501' title='bbox 710 3419 795 3493; x_wconf 75' lang='lat' dir='ltr'><strong>Ill,</strong></span> <span class='ocrx_word' id='word_1_502' title='bbox 822 3419 926 3482; x_wconf 72' lang='grc' dir='ltr'><strong>ὅσοι.</strong></span> <span class='ocrx_word' id='word_1_503' title='bbox 957 3426 1044 3493; x_wconf 77' lang='grc'><strong>13,</strong></span> <span class='ocrx_word' id='word_1_504' title='bbox 1068 3443 1214 3482; x_wconf 90' lang='lat' dir='ltr'><strong>num.</strong></span> <span class='ocrx_word' id='word_1_505' title='bbox 1240 3427 1308 3484; x_wconf 79' lang='lat'><strong>56</strong></span> <span class='ocrx_word' id='word_1_506' title='bbox 1331 3430 1491 3484; x_wconf 74' lang='lat'><strong>6137.</strong></span> 
     </span>
    </p>
   </div>
   <div class='ocr_carea' id='block_1_68' title="bbox 409 3428 1926 3569">
    <p class='ocr_par' dir='ltr' id='par_1_68' title="bbox 409 3428 1926 3569">
     <span class='ocr_line' id='line_1_68' title="bbox 411 3428 1491 3496; baseline 0.003 -18"><span class='ocrx_word' id='word_1_507' title='bbox 411 3428 469 3496; x_wconf 81' lang='lat' dir='ltr'><strong>(b</strong></span> <span class='ocrx_word' id='word_1_508' title='bbox 521 3428 676 3480; x_wconf 85' lang='lat' dir='ltr'><strong>Toin.</strong></span> <span class='ocrx_word' id='word_1_509' title='bbox 710 3428 795 3493; x_wconf 92' lang='lat' dir='ltr'><strong>Ill,</strong></span> <span class='ocrx_word' id='word_1_510' title='bbox 822 3428 926 3482; x_wconf 67' lang='lat' dir='ltr'><strong>cui.</strong></span> <span class='ocrx_word' id='word_1_511' title='bbox 957 3428 1044 3493; x_wconf 79' lang='grc'><strong>13,</strong></span> <span class='ocrx_word' id='word_1_512' title='bbox 1068 3443 1214 3482; x_wconf 91' lang='lat' dir='ltr'><strong>num.</strong></span> <span class='ocrx_word' id='word_1_513' title='bbox 1240 3428 1308 3484; x_wconf 79' lang='lat'><strong>56</strong></span> <span class='ocrx_word' id='word_1_514' title='bbox 1331 3439 1382 3482; x_wconf 89' lang='lat' dir='ltr'><strong>et</strong></span> <span class='ocrx_word' id='word_1_515' title='bbox 1403 3430 1491 3484; x_wconf 77' lang='lat'><strong>37.</strong></span> 
     </span>
     <span class='ocr_line' id='line_1_69' title="bbox 409 3428 1926 3569; baseline 0.001 -21"><span class='ocrx_word' id='word_1_516' title='bbox 409 3428 590 3569; x_wconf 48' lang='lat' dir='ltr'><strong>(cina</strong></span> <span class='ocrx_word' id='word_1_517' title='bbox 623 3496 992 3569; x_wconf 81' lang='lat' dir='ltr'><strong>Barbcyracus</strong></span> <span class='ocrx_word' id='word_1_518' title='bbox 1037 3508 1091 3554; x_wconf 89' lang='lat' dir='ltr'><strong>et</strong></span> <span class='ocrx_word' id='word_1_519' title='bbox 1120 3497 1418 3553; x_wconf 87' lang='lat' dir='ltr'><strong>Gibbonius</strong></span> <span class='ocrx_word' id='word_1_520' title='bbox 1447 3497 1705 3552; x_wconf 63' lang='lat' dir='ltr'><strong>doctrinae</strong></span> <span class='ocrx_word' id='word_1_521' title='bbox 1726 3497 1926 3569; x_wconf 19' lang='lat' dir='ltr'><strong>Amaraii</strong></span> 
     </span>
    </p>
   </div>
   <div class='ocr_carea' id='block_1_69' title="bbox 339 3565 1928 3639">
    <p class='ocr_par' dir='ltr' id='par_1_69' title="bbox 339 3565 1928 3639">
     <span class='ocr_line' id='line_1_70' title="bbox 339 3565 1928 3639; baseline -0.001 -18"><span class='ocrx_word' id='word_1_522' title='bbox 339 3565 442 3622; x_wconf 87' lang='lat' dir='ltr'><strong>SS.</strong></span> <span class='ocrx_word' id='word_1_523' title='bbox 479 3567 700 3621; x_wconf 77' lang='lat' dir='ltr'><strong>Patrum</strong></span> <span class='ocrx_word' id='word_1_524' title='bbox 755 3565 1056 3634; x_wconf 78' lang='lat' dir='ltr'><strong>insultant,</strong></span> <span class='ocrx_word' id='word_1_525' title='bbox 1096 3585 1323 3639; x_wconf 80' lang='lat' dir='ltr'><strong>qUorum</strong></span> <span class='ocrx_word' id='word_1_526' title='bbox 1373 3569 1678 3637; x_wconf 89' lang='lat' dir='ltr'><strong>nuperrime</strong></span> <span class='ocrx_word' id='word_1_527' title='bbox 1722 3567 1928 3622; x_wconf 63' lang='lat' dir='ltr'><strong>instau-</strong></span> 
     </span>
    </p>
   </div>
   <div class='ocr_carea' id='block_1_70' title="bbox 336 3639 1933 3708">
    <p class='ocr_par' dir='ltr' id='par_1_70' title="bbox 336 3639 1933 3708">
     <span class='ocr_line' id='line_1_71' title="bbox 336 3639 1933 3708; baseline -0.003 -14"><span class='ocrx_word' id='word_1_528' title='bbox 336 3640 478 3694; x_wconf 71' lang='lat' dir='ltr'><strong>ravit</strong></span> <span class='ocrx_word' id='word_1_529' title='bbox 516 3652 734 3691; x_wconf 72' lang='lat' dir='ltr'><strong>errores</strong></span> <span class='ocrx_word' id='word_1_530' title='bbox 754 3653 910 3708; x_wconf 20' lang='lat' dir='ltr'><strong>iopus</strong></span> <span class='ocrx_word' id='word_1_531' title='bbox 940 3640 1022 3692; x_wconf 84' lang='lat' dir='ltr'><strong>cui</strong></span> <span class='ocrx_word' id='word_1_532' title='bbox 1073 3641 1255 3694; x_wconf 85' lang='lat' dir='ltr'><strong>titulus</strong></span> <span class='ocrx_word' id='word_1_533' title='bbox 1286 3658 1298 3692; x_wconf 77' lang='grc' dir='ltr'>ε</span> <span class='ocrx_word' id='word_1_534' title='bbox 1327 3639 1407 3692; x_wconf 87' lang='lat' dir='ltr'><strong>Du</strong></span> <span class='ocrx_word' id='word_1_535' title='bbox 1426 3641 1711 3708; x_wconf 73' lang='lat' dir='ltr'><strong>jc’suitisme</strong></span> <span class='ocrx_word' id='word_1_536' title='bbox 1755 3639 1933 3690; x_wconf 79' lang='lat' dir='ltr'><strong>amica</strong></span> 
     </span>
    </p>
   </div>
   <div class='ocr_carea' id='block_1_71' title="bbox 336 3707 1928 3780">
    <p class='ocr_par' dir='ltr' id='par_1_71' title="bbox 336 3707 1928 3780">
     <span class='ocr_line' id='line_1_72' title="bbox 336 3707 1928 3780; baseline -0.003 -16"><span class='ocrx_word' id='word_1_537' title='bbox 336 3719 384 3764; x_wconf 78' lang='lat' dir='ltr'><strong>et</strong></span> <span class='ocrx_word' id='word_1_538' title='bbox 412 3709 674 3762; x_wconf 80' lang='lat' dir='ltr'><strong>modcrne.</strong></span> <span class='ocrx_word' id='word_1_539' title='bbox 705 3707 929 3763; x_wconf 75' lang='lat' dir='ltr'><strong>(Eurres</strong></span> <span class='ocrx_word' id='word_1_540' title='bbox 955 3711 1226 3780; x_wconf 82' lang='lat' dir='ltr'><strong>politiques</strong></span> <span class='ocrx_word' id='word_1_541' title='bbox 1254 3712 1317 3762; x_wconf 82' lang='lat' dir='ltr'><strong>de</strong></span> <span class='ocrx_word' id='word_1_542' title='bbox 1340 3708 1393 3762; x_wconf 84' lang='grc' dir='ltr'><em>Μ</em></span> <span class='ocrx_word' id='word_1_543' title='bbox 1401 3707 1510 3764; x_wconf 28' lang='grc' dir='ltr'>,ίιιε</span> <span class='ocrx_word' id='word_1_544' title='bbox 1537 3708 1723 3775; x_wconf 85' lang='lat' dir='ltr'><strong>Pradt,</strong></span> <span class='ocrx_word' id='word_1_545' title='bbox 1749 3711 1928 3761; x_wconf 82' lang='lat' dir='ltr'><strong>ancien</strong></span> 
     </span>
    </p>
   </div>
   <div class='ocr_carea' id='block_1_72' title="bbox 2040 3344 3614 3419">
    <p class='ocr_par' dir='ltr' id='par_1_72' title="bbox 2040 3344 3614 3419">
     <span class='ocr_line' id='line_1_73' title="bbox 2040 3344 3614 3419; baseline -0.003 -13"><span class='ocrx_word' id='word_1_546' title='bbox 2040 3351 2346 3419; x_wconf 69' lang='grc' dir='ltr'><strong>(ιντΙιρτέίιιιε</strong></span> <span class='ocrx_word' id='word_1_547' title='bbox 2369 3349 2430 3402; x_wconf 76' lang='lat' dir='ltr'><strong>de</strong></span> <span class='ocrx_word' id='word_1_548' title='bbox 2458 3347 2698 3416; x_wconf 80' lang='lat' dir='ltr'><strong>Malines,</strong></span> <span class='ocrx_word' id='word_1_549' title='bbox 2725 3346 2923 3419; x_wconf 82' lang='lat' dir='ltr'><strong>Troias.</strong></span> <span class='ocrx_word' id='word_1_550' title='bbox 2961 3345 3102 3419; x_wconf 68' lang='lat' dir='ltr'><strong>Edit.</strong></span> <span class='ocrx_word' id='word_1_551' title='bbox 3131 3344 3302 3410; x_wconf 68' lang='lat' dir='ltr'><strong>Paris,</strong></span> <span class='ocrx_word' id='word_1_552' title='bbox 3336 3345 3492 3400; x_wconf 68' lang='lat'><strong>1828.</strong></span> <span class='ocrx_word' id='word_1_553' title='bbox 3527 3346 3614 3401; x_wconf 77' lang='lat' dir='ltr'><strong>Vi-</strong></span> 
     </span>
    </p>
   </div>
   <div class='ocr_carea' id='block_1_73' title="bbox 2040 3417 3613 3490">
    <p class='ocr_par' dir='ltr' id='par_1_73' title="bbox 2040 3417 3613 3490">
     <span class='ocr_line' id='line_1_74' title="bbox 2040 3417 3613 3490; baseline -0.004 -13"><span class='ocrx_word' id='word_1_554' title='bbox 2040 3426 2124 3490; x_wconf 88' lang='lat' dir='ltr'><strong>de,</strong></span> <span class='ocrx_word' id='word_1_555' title='bbox 2169 3424 2213 3477; x_wconf 90' lang='lat' dir='ltr'><strong>si</strong></span> <span class='ocrx_word' id='word_1_556' title='bbox 2254 3417 2430 3486; x_wconf 86' lang='lat' dir='ltr'><strong>liceat,</strong></span> <span class='ocrx_word' id='word_1_557' title='bbox 2462 3431 2618 3486; x_wconf 90' lang='lat' dir='ltr'><strong>caput</strong></span> <span class='ocrx_word' id='word_1_558' title='bbox 2650 3421 2701 3480; x_wconf 83' lang='lat'><strong>5,</strong></span> <span class='ocrx_word' id='word_1_559' title='bbox 2738 3418 2813 3471; x_wconf 85' lang='lat' dir='ltr'><strong>De</strong></span> <span class='ocrx_word' id='word_1_560' title='bbox 2835 3420 2891 3490; x_wconf 7' lang='lat' dir='ltr'><strong>ilia</strong></span> <span class='ocrx_word' id='word_1_561' title='bbox 2921 3417 3265 3486; x_wconf 78' lang='lat' dir='ltr'><strong>modiﬁca:ion</strong></span> <span class='ocrx_word' id='word_1_562' title='bbox 3303 3419 3366 3470; x_wconf 80' lang='lat' dir='ltr'><strong>de</strong></span> <span class='ocrx_word' id='word_1_563' title='bbox 3411 3419 3613 3470; x_wconf 76' lang='lat' dir='ltr'><strong>[action</strong></span> 
     </span>
    </p>
   </div>
   <div class='ocr_carea' id='block_1_74' title="bbox 2039 3489 3612 3558">
    <p class='ocr_par' dir='ltr' id='par_1_74' title="bbox 2039 3489 3612 3558">
     <span class='ocr_line' id='line_1_75' title="bbox 2039 3489 3612 3558; baseline -0.004 -12"><span class='ocrx_word' id='word_1_564' title='bbox 2039 3489 2117 3546; x_wconf 9' lang='lat' dir='ltr'><strong>du,</strong></span> <span class='ocrx_word' id='word_1_565' title='bbox 2140 3493 2512 3546; x_wconf 75' lang='lat' dir='ltr'><strong>christianisnte</strong></span> <span class='ocrx_word' id='word_1_566' title='bbox 2548 3505 2646 3558; x_wconf 87' lang='lat' dir='ltr'><strong>par</strong></span> <span class='ocrx_word' id='word_1_567' title='bbox 2675 3492 2726 3541; x_wconf 86' lang='lat' dir='ltr'><strong>la</strong></span> <span class='ocrx_word' id='word_1_568' title='bbox 2749 3489 3074 3551; x_wconf 74' lang='lat' dir='ltr'><strong>civilisation,</strong></span> <span class='ocrx_word' id='word_1_569' title='bbox 3109 3504 3226 3556; x_wconf 88' lang='lat' dir='ltr'><strong>pag.</strong></span> <span class='ocrx_word' id='word_1_570' title='bbox 3265 3490 3335 3541; x_wconf 76' lang='grc'><strong>48</strong></span> <span class='ocrx_word' id='word_1_571' title='bbox 3365 3497 3420 3540; x_wconf 89' lang='lat' dir='ltr'><strong>et</strong></span> <span class='ocrx_word' id='word_1_572' title='bbox 3456 3503 3612 3558; x_wconf 65' lang='lat' dir='ltr'><strong>seq...</strong></span> 
     </span>
    </p>
   </div>
   <div class='ocr_carea' id='block_1_75' title="bbox 2041 3557 3613 3627">
    <p class='ocr_par' dir='ltr' id='par_1_75' title="bbox 2041 3557 3613 3627">
     <span class='ocr_line' id='line_1_76' title="bbox 2041 3557 3613 3627; baseline -0.005 -9"><span class='ocrx_word' id='word_1_573' title='bbox 2041 3565 2138 3618; x_wconf 86' lang='lat' dir='ltr'><strong>llic</strong></span> <span class='ocrx_word' id='word_1_574' title='bbox 2168 3564 2302 3617; x_wconf 85' lang='lat' dir='ltr'><strong>liber</strong></span> <span class='ocrx_word' id='word_1_575' title='bbox 2333 3560 2515 3616; x_wconf 81' lang='lat' dir='ltr'><strong>multis</strong></span> <span class='ocrx_word' id='word_1_576' title='bbox 2543 3559 2816 3627; x_wconf 85' lang='lat' dir='ltr'><strong>sacrilegis</strong></span> <span class='ocrx_word' id='word_1_577' title='bbox 2845 3559 3188 3627; x_wconf 86' lang='lat' dir='ltr'><strong>futilibusque</strong></span> <span class='ocrx_word' id='word_1_578' title='bbox 3216 3557 3496 3610; x_wconf 76' lang='lat' dir='ltr'><strong>sententiis</strong></span> <span class='ocrx_word' id='word_1_579' title='bbox 3529 3573 3613 3611; x_wconf 63' lang='grc' dir='ltr'><strong>τοι</strong></span> 
     </span>
    </p>
   </div>
   <div class='ocr_carea' id='block_1_76' title="bbox 2040 3628 3501 3700">
    <p class='ocr_par' dir='ltr' id='par_1_76' title="bbox 2040 3628 3501 3700">
     <span class='ocr_line' id='line_1_77' title="bbox 2040 3628 3501 3700; baseline -0.007 -11"><span class='ocrx_word' id='word_1_580' title='bbox 2040 3637 2208 3690; x_wconf 86' lang='lat' dir='ltr'><strong>fertus</strong></span> <span class='ocrx_word' id='word_1_581' title='bbox 2241 3643 2341 3696; x_wconf 89' lang='lat' dir='ltr'><strong>est,</strong></span> <span class='ocrx_word' id='word_1_582' title='bbox 2375 3645 2509 3700; x_wconf 89' lang='lat' dir='ltr'><strong>quas</strong></span> <span class='ocrx_word' id='word_1_583' title='bbox 2539 3631 2626 3683; x_wconf 89' lang='lat' dir='ltr'><strong>hic</strong></span> <span class='ocrx_word' id='word_1_584' title='bbox 2655 3629 2936 3698; x_wconf 88' lang='lat' dir='ltr'><strong>operosius</strong></span> <span class='ocrx_word' id='word_1_585' title='bbox 2965 3628 3240 3683; x_wconf 73' lang='lat' dir='ltr'><strong>confutire</strong></span> <span class='ocrx_word' id='word_1_586' title='bbox 3271 3635 3501 3682; x_wconf 86' lang='lat' dir='ltr'><strong>nonest.</strong></span> 
     </span>
    </p>
   </div>
   <div class='ocr_carea' id='block_1_77' title="bbox 2111 3701 2655 3775">
    <p class='ocr_par' dir='ltr' id='par_1_77' title="bbox 2111 3701 2655 3775">
     <span class='ocr_line' id='line_1_78' title="bbox 2111 3701 2655 3775; baseline -0.006 -19"><span class='ocrx_word' id='word_1_587' title='bbox 2111 3703 2192 3775; x_wconf 84' lang='grc' dir='ltr'><strong>(ά)</strong></span> <span class='ocrx_word' id='word_1_588' title='bbox 2214 3703 2333 3757; x_wconf 86' lang='lat' dir='ltr'><strong>Lib.</strong></span> <span class='ocrx_word' id='word_1_589' title='bbox 2363 3717 2422 3769; x_wconf 88' lang='grc' dir='ltr'>ιι,</span> <span class='ocrx_word' id='word_1_590' title='bbox 2449 3701 2574 3754; x_wconf 88' lang='lat' dir='ltr'><strong>dist.</strong></span> <span class='ocrx_word' id='word_1_591' title='bbox 2598 3701 2655 3754; x_wconf 71' lang='lat' dir='ltr'><strong>t.</strong></span> 
     </span>
    </p>
   </div>
   <div class='ocr_carea' id='block_1_78' title="bbox 334 3815 3606 3878">
    <p class='ocr_par' dir='ltr' id='par_1_78' title="bbox 334 3815 3606 3878">
     <span class='ocr_line' id='line_1_79' title="bbox 334 3815 3606 3878; baseline 0.002 -27"><span class='ocrx_word' id='word_1_592' title='bbox 334 3815 3606 3878; x_wconf 57' lang='lat'><strong>&#39;============================================================================================3</strong></span> 
     </span>
    </p>
   </div>
   <div class='ocr_carea' id='block_1_79' title="bbox 1167 3926 2801 4056">
    <p class='ocr_par' dir='ltr' id='par_1_79' title="bbox 1167 3926 2801 4056">
     <span class='ocr_line' id='line_1_80' title="bbox 1167 3926 2801 4056; baseline -0.006 0"><span class='ocrx_word' id='word_1_593' title='bbox 1167 3938 1838 4056; x_wconf 72' lang='lat' dir='ltr'><strong>SANGTI</strong></span> <span class='ocrx_word' id='word_1_594' title='bbox 1911 3932 2741 4050; x_wconf 73' lang='grc' dir='ltr'><strong>ΔΜΒιιοει</strong></span> <span class='ocrx_word' id='word_1_595' title='bbox 2769 3926 2801 3961; x_wconf 71' lang='grc'><strong>⁸</strong></span> 
     </span>
    </p>
   </div>
   <div class='ocr_carea' id='block_1_80' title="bbox 1563 4121 2391 4178">
    <p class='ocr_par' dir='ltr' id='par_1_80' title="bbox 1563 4121 2391 4178">
     <span class='ocr_line' id='line_1_81' title="bbox 1563 4121 2391 4178; baseline -0.007 0"><span class='ocrx_word' id='word_1_596' title='bbox 1563 4123 2072 4178; x_wconf 73' lang='grc' dir='ltr'><strong>ιιΕυιοιΑΝΕΝειε</strong></span> <span class='ocrx_word' id='word_1_597' title='bbox 2109 4121 2391 4175; x_wconf 81' lang='lat' dir='ltr'><strong>EPISCOPI</strong></span> 
     </span>
    </p>
   </div>
   <div class='ocr_carea' id='block_1_81' title="bbox 1071 4258 2858 4470">
    <p class='ocr_par' dir='ltr' id='par_1_81' title="bbox 1071 4258 2858 4470">
     <span class='ocr_line' id='line_1_82' title="bbox 1071 4258 2858 4470; baseline -0.013 -70"><span class='ocrx_word' id='word_1_598' title='bbox 1071 4271 1606 4401; x_wconf 77' lang='lat' dir='ltr'><strong>TRES</strong></span> <span class='ocrx_word' id='word_1_599' title='bbox 1702 4258 2858 4470; x_wconf 52' lang='lat' dir='ltr'><strong>SMONES.</strong></span> 
     </span>
    </p>
   </div>
   <div class='ocr_carea' id='block_1_82' title="bbox 871 4541 1409 4599">
    <p class='ocr_par' dir='ltr' id='par_1_82' title="bbox 871 4541 1409 4599">
     <span class='ocr_line' id='line_1_83' title="bbox 871 4541 1409 4599; baseline 0.004 -3"><span class='ocrx_word' id='word_1_600' title='bbox 871 4541 1102 4597; x_wconf 81' lang='lat' dir='ltr'><strong>SERMO</strong></span> <span class='ocrx_word' id='word_1_601' title='bbox 1140 4542 1409 4599; x_wconf 80' lang='lat' dir='ltr'><strong>PRIMUS.</strong></span> 
     </span>
    </p>
   </div>
   <div class='ocr_carea' id='block_1_83' title="bbox 933 4651 1325 4690">
    <p class='ocr_par' dir='ltr' id='par_1_83' title="bbox 933 4651 1325 4690">
     <span class='ocr_line' id='line_1_84' title="bbox 933 4651 1325 4690; baseline 0.003 -1"><span class='ocrx_word' id='word_1_602' title='bbox 933 4652 1000 4689; x_wconf 80' lang='lat' dir='ltr'><strong>DE</strong></span> <span class='ocrx_word' id='word_1_603' title='bbox 1031 4651 1325 4690; x_wconf 74' lang='lat' dir='ltr'><strong>PERFECTO.</strong></span> 
     </span>
    </p>
   </div>
   <div class='ocr_carea' id='block_1_84' title="bbox 407 4723 1925 4798">
    <p class='ocr_par' dir='ltr' id='par_1_84' title="bbox 407 4723 1925 4798">
     <span class='ocr_line' id='line_1_85' title="bbox 407 4723 1925 4798; baseline 0.001 -17"><span class='ocrx_word' id='word_1_604' title='bbox 407 4724 448 4781; x_wconf 90' lang='grc' dir='ltr'><strong>Ι.</strong></span> <span class='ocrx_word' id='word_1_605' title='bbox 483 4723 696 4781; x_wconf 77' lang='lat' dir='ltr'><strong>Domini</strong></span> <span class='ocrx_word' id='word_1_606' title='bbox 720 4728 884 4782; x_wconf 86' lang='lat' dir='ltr'><strong>nostri</strong></span> <span class='ocrx_word' id='word_1_607' title='bbox 905 4727 1032 4784; x_wconf 76' lang='lat' dir='ltr'><strong>Jesu</strong></span> <span class='ocrx_word' id='word_1_608' title='bbox 1051 4728 1264 4785; x_wconf 82' lang='lat' dir='ltr'><strong>Cnmsn</strong></span> <span class='ocrx_word' id='word_1_609' title='bbox 1288 4729 1521 4784; x_wconf 82' lang='lat' dir='ltr'><strong>caeleste</strong></span> <span class='ocrx_word' id='word_1_610' title='bbox 1535 4726 1564 4766; x_wconf 72' lang='grc' dir='ltr'>δ</span> <span class='ocrx_word' id='word_1_611' title='bbox 1588 4739 1925 4798; x_wconf 87' lang='lat' dir='ltr'><strong>praeceptum</strong></span> 
     </span>
    </p>
   </div>
   <div class='ocr_carea' id='block_1_85' title="bbox 408 4837 1916 4893">
    <p class='ocr_par' dir='ltr' id='par_1_85' title="bbox 408 4837 1916 4893">
     <span class='ocr_line' id='line_1_86' title="bbox 408 4837 1916 4893; baseline -0.001 -3"><span class='ocrx_word' id='word_1_612' title='bbox 408 4843 435 4872; x_wconf 80' lang='grc'>⁸</span> <span class='ocrx_word' id='word_1_613' title='bbox 467 4837 767 4891; x_wconf 79' lang='lat' dir='ltr'><strong>Notandum</strong></span> <span class='ocrx_word' id='word_1_614' title='bbox 807 4849 889 4892; x_wconf 92' lang='lat' dir='ltr'><strong>est</strong></span> <span class='ocrx_word' id='word_1_615' title='bbox 920 4838 1150 4890; x_wconf 83' lang='lat' dir='ltr'><strong>Ambrosi</strong></span> <span class='ocrx_word' id='word_1_616' title='bbox 1177 4839 1491 4892; x_wconf 86' lang='lat' dir='ltr'><strong>vocabulum</strong></span> <span class='ocrx_word' id='word_1_617' title='bbox 1529 4847 1836 4893; x_wconf 73' lang='lat' dir='ltr'><strong>consranter</strong></span> <span class='ocrx_word' id='word_1_618' title='bbox 1862 4837 1916 4890; x_wconf 92' lang='lat' dir='ltr'><strong>in</strong></span> 
     </span>
    </p>
   </div>
   <div class='ocr_carea' id='block_1_86' title="bbox 331 4905 1734 4977">
    <p class='ocr_par' dir='ltr' id='par_1_86' title="bbox 331 4905 1734 4977">
     <span class='ocr_line' id='line_1_87' title="bbox 331 4905 1734 4977; baseline 0 -17"><span class='ocrx_word' id='word_1_619' title='bbox 331 4905 610 4977; x_wconf 34' lang='lat' dir='ltr'><strong>codacum</strong></span> <span class='ocrx_word' id='word_1_620' title='bbox 638 4909 779 4960; x_wconf 88' lang='lat' dir='ltr'><strong>unai</strong></span> <span class='ocrx_word' id='word_1_621' title='bbox 810 4912 1066 4976; x_wconf 89' lang='lat' dir='ltr'><strong>scriptum</strong></span> <span class='ocrx_word' id='word_1_622' title='bbox 1099 4918 1305 4962; x_wconf 61' lang='lat' dir='ltr'><strong>vetusta</strong></span> <span class='ocrx_word' id='word_1_623' title='bbox 1335 4909 1734 4977; x_wconf 81' lang='lat' dir='ltr'><strong>orthographia.</strong></span> 
     </span>
    </p>
   </div>
   <div class='ocr_carea' id='block_1_87' title="bbox 405 4974 1914 5047">
    <p class='ocr_par' dir='ltr' id='par_1_87' title="bbox 405 4974 1914 5047">
     <span class='ocr_line' id='line_1_88' title="bbox 405 4974 1914 5047; baseline -0.001 -16"><span class='ocrx_word' id='word_1_624' title='bbox 405 4974 436 5015; x_wconf 71' lang='grc' dir='ltr'>δ</span> <span class='ocrx_word' id='word_1_625' title='bbox 460 4975 576 5031; x_wconf 87' lang='lat' dir='ltr'><strong>Una</strong></span> <span class='ocrx_word' id='word_1_626' title='bbox 596 4987 800 5031; x_wconf 90' lang='lat' dir='ltr'><strong>tantum</strong></span> <span class='ocrx_word' id='word_1_627' title='bbox 824 4974 1151 5047; x_wconf 83' lang='lat' dir='ltr'><strong>diphthongo</strong></span> <span class='ocrx_word' id='word_1_628' title='bbox 1172 4995 1232 5032; x_wconf 85' lang='lat' dir='ltr'><strong>ae</strong></span> <span class='ocrx_word' id='word_1_629' title='bbox 1253 4980 1420 5032; x_wconf 86' lang='lat' dir='ltr'><strong>utitur</strong></span> <span class='ocrx_word' id='word_1_630' title='bbox 1443 4974 1690 5031; x_wconf 71' lang='lat' dir='ltr'><strong>librarius</strong></span> <span class='ocrx_word' id='word_1_631' title='bbox 1712 4985 1914 5043; x_wconf 88' lang='lat' dir='ltr'><strong>noster,</strong></span> 
     </span>
    </p>
   </div>
   <div class='ocr_carea' id='block_1_88' title="bbox 329 5047 1917 5117">
    <p class='ocr_par' dir='ltr' id='par_1_88' title="bbox 329 5047 1917 5117">
     <span class='ocr_line' id='line_1_89' title="bbox 329 5047 1917 5117; baseline 0.001 -18"><span class='ocrx_word' id='word_1_632' title='bbox 329 5060 496 5116; x_wconf 85' lang='lat' dir='ltr'><strong>quam</strong></span> <span class='ocrx_word' id='word_1_633' title='bbox 534 5047 734 5117; x_wconf 83' lang='lat' dir='ltr'><strong>absque</strong></span> <span class='ocrx_word' id='word_1_634' title='bbox 773 5064 911 5101; x_wconf 80' lang='lat' dir='ltr'><strong>nexu</strong></span> <span class='ocrx_word' id='word_1_635' title='bbox 954 5050 1139 5104; x_wconf 67' lang='lat' dir='ltr'><strong>scribit</strong></span> <span class='ocrx_word' id='word_1_636' title='bbox 1183 5065 1332 5102; x_wconf 89' lang='lat' dir='ltr'><strong>more</strong></span> <span class='ocrx_word' id='word_1_637' title='bbox 1365 5058 1624 5102; x_wconf 82' lang='lat' dir='ltr'><strong>veterum.</strong></span> <span class='ocrx_word' id='word_1_638' title='bbox 1661 5048 1732 5100; x_wconf 78' lang='lat' dir='ltr'><strong>De</strong></span> <span class='ocrx_word' id='word_1_639' title='bbox 1761 5048 1917 5114; x_wconf 86' lang='lat' dir='ltr'><strong>hujus</strong></span> 
     </span>
    </p>
   </div>
   <div class='ocr_carea' id='block_1_89' title="bbox 328 5117 1916 5188">
    <p class='ocr_par' dir='ltr' id='par_1_89' title="bbox 328 5117 1916 5188">
     <span class='ocr_line' id='line_1_90' title="bbox 328 5117 1916 5188; baseline 0.001 -19"><span class='ocrx_word' id='word_1_640' title='bbox 328 5117 650 5188; x_wconf 80' lang='lat' dir='ltr'><strong>diphthongi</strong></span> <span class='ocrx_word' id='word_1_641' title='bbox 683 5119 995 5187; x_wconf 86' lang='lat' dir='ltr'><strong>antiquitate</strong></span> <span class='ocrx_word' id='word_1_642' title='bbox 1026 5121 1129 5173; x_wconf 88' lang='lat' dir='ltr'><strong>late</strong></span> <span class='ocrx_word' id='word_1_643' title='bbox 1158 5131 1318 5188; x_wconf 89' lang='lat' dir='ltr'><strong>agunt</strong></span> <span class='ocrx_word' id='word_1_644' title='bbox 1350 5120 1640 5175; x_wconf 87' lang='lat' dir='ltr'><strong>Salmasius</strong></span> <span class='ocrx_word' id='word_1_645' title='bbox 1669 5121 1823 5184; x_wconf 82' lang='lat' dir='ltr'><strong>epist.</strong></span> <span class='ocrx_word' id='word_1_646' title='bbox 1849 5120 1916 5171; x_wconf 73' lang='lat' dir='ltr'><strong>a.l</strong></span> 
     </span>
    </p>
   </div>
   <div class='ocr_carea' id='block_1_90' title="bbox 329 5188 1916 5259">
    <p class='ocr_par' dir='ltr' id='par_1_90' title="bbox 329 5188 1916 5259">
     <span class='ocr_line' id='line_1_91' title="bbox 329 5188 1916 5259; baseline 0 -19"><span class='ocrx_word' id='word_1_647' title='bbox 329 5188 580 5259; x_wconf 56' lang='lat' dir='ltr'><strong>serram,</strong></span> <span class='ocrx_word' id='word_1_648' title='bbox 624 5188 942 5259; x_wconf 74' lang='lat' dir='ltr'><strong>Cenringius</strong></span> <span class='ocrx_word' id='word_1_649' title='bbox 972 5204 1121 5259; x_wconf 82' lang='lat' dir='ltr'><strong>cens.</strong></span> <span class='ocrx_word' id='word_1_650' title='bbox 1154 5191 1285 5257; x_wconf 83' lang='lat' dir='ltr'><strong>dipl.</strong></span> <span class='ocrx_word' id='word_1_651' title='bbox 1334 5190 1559 5243; x_wconf 88' lang='lat' dir='ltr'><strong>Lindav.</strong></span> <span class='ocrx_word' id='word_1_652' title='bbox 1604 5205 1656 5256; x_wconf 91' lang='lat' dir='ltr'><strong>p.</strong></span> <span class='ocrx_word' id='word_1_653' title='bbox 1706 5190 1828 5248; x_wconf 80' lang='grc'><strong>516,</strong></span> <span class='ocrx_word' id='word_1_654' title='bbox 1862 5198 1916 5240; x_wconf 89' lang='lat' dir='ltr'><strong>et</strong></span> 
     </span>
    </p>
   </div>
   <div class='ocr_carea' id='block_1_91' title="bbox 325 5257 1916 5327">
    <p class='ocr_par' dir='ltr' id='par_1_91' title="bbox 325 5257 1916 5327">
     <span class='ocr_line' id='line_1_92' title="bbox 325 5257 1916 5327; baseline 0.001 -18"><span class='ocrx_word' id='word_1_655' title='bbox 325 5257 574 5312; x_wconf 76' lang='lat' dir='ltr'><strong>Casleius</strong></span> <span class='ocrx_word' id='word_1_656' title='bbox 605 5259 718 5312; x_wconf 81' lang='lat' dir='ltr'><strong>Bib.</strong></span> <span class='ocrx_word' id='word_1_657' title='bbox 744 5257 984 5313; x_wconf 80' lang='lat' dir='ltr'><strong>Britann.</strong></span> <span class='ocrx_word' id='word_1_658' title='bbox 1003 5269 1041 5313; x_wconf 91' lang='lat' dir='ltr'><strong>t.</strong></span> <span class='ocrx_word' id='word_1_659' title='bbox 1059 5258 1126 5320; x_wconf 71' lang='grc' dir='ltr'><strong>ν.</strong></span> <span class='ocrx_word' id='word_1_660' title='bbox 1157 5275 1210 5327; x_wconf 91' lang='lat' dir='ltr'><strong>p.</strong></span> <span class='ocrx_word' id='word_1_661' title='bbox 1235 5260 1358 5315; x_wconf 73' lang='lat'><strong>3:25.</strong></span> <span class='ocrx_word' id='word_1_662' title='bbox 1380 5289 1448 5300; x_wconf 84' lang='lat'><strong>—-</strong></span> <span class='ocrx_word' id='word_1_663' title='bbox 1472 5259 1616 5313; x_wconf 81' lang='lat' dir='ltr'><strong>lianc</strong></span> <span class='ocrx_word' id='word_1_664' title='bbox 1638 5262 1916 5327; x_wconf 85' lang='lat' dir='ltr'><strong>orthogra-</strong></span> 
     </span>
    </p>
   </div>
   <div class='ocr_carea' id='block_1_92' title="bbox 324 5327 1909 5398">
    <p class='ocr_par' dir='ltr' id='par_1_92' title="bbox 324 5327 1909 5398">
     <span class='ocr_line' id='line_1_93' title="bbox 324 5327 1909 5398; baseline 0.004 -24"><span class='ocrx_word' id='word_1_665' title='bbox 324 5327 512 5394; x_wconf 77' lang='lat' dir='ltr'><strong>phiam</strong></span> <span class='ocrx_word' id='word_1_666' title='bbox 543 5331 594 5382; x_wconf 83' lang='lat' dir='ltr'><strong>in</strong></span> <span class='ocrx_word' id='word_1_667' title='bbox 630 5328 840 5382; x_wconf 75' lang='lat' dir='ltr'><strong>edendo</strong></span> <span class='ocrx_word' id='word_1_668' title='bbox 877 5340 1020 5384; x_wconf 76' lang='lat' dir='ltr'><strong>textu</strong></span> <span class='ocrx_word' id='word_1_669' title='bbox 1052 5344 1358 5398; x_wconf 83' lang='lat' dir='ltr'><strong>sequemur,</strong></span> <span class='ocrx_word' id='word_1_670' title='bbox 1393 5346 1458 5384; x_wconf 93' lang='lat' dir='ltr'><strong>ne</strong></span> <span class='ocrx_word' id='word_1_671' title='bbox 1491 5331 1909 5394; x_wconf 85' lang='lat' dir='ltr'><strong>manuscriptum</strong></span> 
     </span>
    </p>
   </div>
   <div class='ocr_carea' id='block_1_93' title="bbox 326 5399 1910 5468">
    <p class='ocr_par' dir='ltr' id='par_1_93' title="bbox 326 5399 1910 5468">
     <span class='ocr_line' id='line_1_94' title="bbox 326 5399 1910 5468; baseline 0.003 -20"><span class='ocrx_word' id='word_1_672' title='bbox 326 5403 544 5466; x_wconf 68' lang='lat' dir='ltr'><strong>propria</strong></span> <span class='ocrx_word' id='word_1_673' title='bbox 568 5400 744 5464; x_wconf 76' lang='lat' dir='ltr'><strong>specie</strong></span> <span class='ocrx_word' id='word_1_674' title='bbox 769 5401 1104 5462; x_wconf 78' lang='lat' dir='ltr'><strong>fraudemus;</strong></span> <span class='ocrx_word' id='word_1_675' title='bbox 1131 5403 1349 5454; x_wconf 90' lang='lat' dir='ltr'><strong>minime</strong></span> <span class='ocrx_word' id='word_1_676' title='bbox 1373 5414 1501 5454; x_wconf 71' lang='lat' dir='ltr'><strong>vero</strong></span> <span class='ocrx_word' id='word_1_677' title='bbox 1528 5401 1577 5451; x_wconf 92' lang='lat' dir='ltr'><strong>in</strong></span> <span class='ocrx_word' id='word_1_678' title='bbox 1619 5401 1778 5468; x_wconf 87' lang='lat' dir='ltr'><strong>notis,</strong></span> <span class='ocrx_word' id='word_1_679' title='bbox 1810 5399 1910 5452; x_wconf 83' lang='lat' dir='ltr'><strong>nisi</strong></span> 
     </span>
    </p>
   </div>
   <div class='ocr_carea' id='block_1_94' title="bbox 318 5468 1599 5526">
    <p class='ocr_par' dir='ltr' id='par_1_94' title="bbox 318 5468 1599 5526">
     <span class='ocr_line' id='line_1_95' title="bbox 318 5468 1599 5526; baseline 0.004 -5"><span class='ocrx_word' id='word_1_680' title='bbox 318 5481 447 5521; x_wconf 85' lang='lat' dir='ltr'><strong>cum</strong></span> <span class='ocrx_word' id='word_1_681' title='bbox 470 5468 815 5524; x_wconf 74' lang='lat' dir='ltr'><strong>ScsSOrianus</strong></span> <span class='ocrx_word' id='word_1_682' title='bbox 842 5471 930 5525; x_wconf 86' lang='lat' dir='ltr'><strong>ille</strong></span> <span class='ocrx_word' id='word_1_683' title='bbox 955 5473 1206 5525; x_wconf 87' lang='lat' dir='ltr'><strong>eitabitur</strong></span> <span class='ocrx_word' id='word_1_684' title='bbox 1230 5471 1418 5525; x_wconf 82' lang='lat' dir='ltr'><strong>codex.</strong></span> <span class='ocrx_word' id='word_1_685' title='bbox 1451 5471 1599 5526; x_wconf 82' lang='grc' dir='ltr'><strong>Ευιτ.</strong></span> 
     </span>
    </p>
   </div>
   <div class='ocr_carea' id='block_1_95' title="bbox 449 5582 1907 5659">
    <p class='ocr_par' dir='ltr' id='par_1_95' title="bbox 449 5582 1907 5659">
     <span class='ocr_line' id='line_1_96' title="bbox 449 5582 1907 5659; baseline 0.001 -24"><span class='ocrx_word' id='word_1_686' title='bbox 449 5582 503 5636; x_wconf 89' lang='lat' dir='ltr'><strong>In</strong></span> <span class='ocrx_word' id='word_1_687' title='bbox 528 5601 662 5641; x_wconf 87' lang='lat' dir='ltr'><strong>nova</strong></span> <span class='ocrx_word' id='word_1_688' title='bbox 687 5588 868 5643; x_wconf 87' lang='lat' dir='ltr'><strong>Latina</strong></span> <span class='ocrx_word' id='word_1_689' title='bbox 899 5591 1120 5659; x_wconf 78' lang='lat' dir='ltr'><strong>Vulgata</strong></span> <span class='ocrx_word' id='word_1_690' title='bbox 1144 5587 1405 5659; x_wconf 88' lang='lat' dir='ltr'><strong>omittitur</strong></span> <span class='ocrx_word' id='word_1_691' title='bbox 1426 5587 1597 5659; x_wconf 78' lang='lat' dir='ltr'><strong>omnia</strong></span> <span class='ocrx_word' id='word_1_692' title='bbox 1627 5593 1751 5659; x_wconf 85' lang='lat' dir='ltr'><strong>pos_t_</strong></span> <span class='ocrx_word' id='word_1_693' title='bbox 1773 5582 1907 5636; x_wconf 81' lang='lat' dir='ltr'><strong>Ven-</strong></span> 
     </span>
    </p>
   </div>
   <div class='ocr_carea' id='block_1_96' title="bbox 313 5655 1918 5735">
    <p class='ocr_par' dir='ltr' id='par_1_96' title="bbox 313 5655 1918 5735">
     <span class='ocr_line' id='line_1_97' title="bbox 313 5655 1918 5735; baseline 0.003 -29"><span class='ocrx_word' id='word_1_694' title='bbox 313 5659 459 5723; x_wconf 76' lang='lat' dir='ltr'><strong>dtte;</strong></span> <span class='ocrx_word' id='word_1_695' title='bbox 487 5659 585 5714; x_wconf 79' lang='lat' dir='ltr'><strong>sed</strong></span> <span class='ocrx_word' id='word_1_696' title='bbox 621 5661 932 5717; x_wconf 73' lang='lat' dir='ltr'><strong>Ambrosius</strong></span> <span class='ocrx_word' id='word_1_697' title='bbox 969 5655 1080 5717; x_wconf 75' lang='lat' dir='ltr'><strong>tum</strong></span> <span class='ocrx_word' id='word_1_698' title='bbox 1123 5658 1358 5726; x_wconf 83' lang='lat' dir='ltr'><strong>Veteris,</strong></span> <span class='ocrx_word' id='word_1_699' title='bbox 1387 5673 1510 5713; x_wconf 86' lang='lat' dir='ltr'><strong>cum</strong></span> <span class='ocrx_word' id='word_1_700' title='bbox 1551 5656 1681 5713; x_wconf 77' lang='lat' dir='ltr'><strong>Novi</strong></span> <span class='ocrx_word' id='word_1_701' title='bbox 1710 5655 1918 5735; x_wconf 48' lang='grc' dir='ltr'><strong>Τυθιλοὶ</strong></span> 
     </span>
    </p>
   </div>
   <div class='ocr_carea' id='block_1_97' title="bbox 1956 4528 3601 4604">
    <p class='ocr_par' dir='ltr' id='par_1_97' title="bbox 1956 4528 3601 4604">
     <span class='ocr_line' id='line_1_98' title="bbox 1956 4528 3601 4604; baseline -0.005 -9"><span class='ocrx_word' id='word_1_702' title='bbox 1956 4543 2010 4604; x_wconf 89' lang='lat' dir='ltr'><strong>D</strong></span> <span class='ocrx_word' id='word_1_703' title='bbox 2033 4546 2116 4596; x_wconf 89' lang='lat' dir='ltr'><strong>est</strong></span> <span class='ocrx_word' id='word_1_704' title='bbox 2142 4533 2516 4593; x_wconf 88' lang='lat' dir='ltr'><strong>sacratissimis</strong></span> <span class='ocrx_word' id='word_1_705' title='bbox 2545 4531 2866 4602; x_wconf 82' lang='lat' dir='ltr'><strong>euangelicis</strong></span> <span class='ocrx_word' id='word_1_706' title='bbox 2904 4528 3143 4600; x_wconf 86' lang='lat' dir='ltr'><strong>apicibus</strong></span> <span class='ocrx_word' id='word_1_707' title='bbox 3177 4539 3200 4569; x_wconf 77' lang='grc' dir='ltr'><strong><em>ο</em></strong></span> <span class='ocrx_word' id='word_1_708' title='bbox 3237 4529 3544 4587; x_wconf 88' lang='lat' dir='ltr'><strong>adnotatum</strong></span> <span class='ocrx_word' id='word_1_709' title='bbox 3588 4551 3601 4587; x_wconf 90' lang='lat'><strong>:</strong></span> 
     </span>
    </p>
   </div>
   <div class='ocr_carea' id='block_1_98' title="bbox 2039 4621 3602 4697">
    <p class='ocr_par' dir='ltr' id='par_1_98' title="bbox 2039 4621 3602 4697">
     <span class='ocr_line' id='line_1_99' title="bbox 2039 4621 3602 4697; baseline -0.003 -15"><span class='ocrx_word' id='word_1_710' title='bbox 2039 4650 2060 4682; x_wconf 70' lang='grc' dir='ltr'><strong>ι</strong></span> <span class='ocrx_word' id='word_1_711' title='bbox 2089 4629 2316 4684; x_wconf 77' lang='lat' dir='ltr'><strong>Vendite</strong></span> <span class='ocrx_word' id='word_1_712' title='bbox 2342 4626 2520 4681; x_wconf 73' lang='lat' dir='ltr'><strong>omnia</strong></span> <span class='ocrx_word' id='word_1_713' title='bbox 2545 4640 2681 4695; x_wconf 90' lang='lat' dir='ltr'><strong>quae</strong></span> <span class='ocrx_word' id='word_1_714' title='bbox 2701 4627 2715 4656; x_wconf 83' lang='grc'>¹</span> <span class='ocrx_word' id='word_1_715' title='bbox 2747 4622 3031 4693; x_wconf 86' lang='lat' dir='ltr'><strong>possidetis</strong></span> <span class='ocrx_word' id='word_1_716' title='bbox 3054 4663 3070 4686; x_wconf 86' lang='lat'><strong>,</strong></span> <span class='ocrx_word' id='word_1_717' title='bbox 3105 4632 3158 4678; x_wconf 88' lang='lat' dir='ltr'><strong>et</strong></span> <span class='ocrx_word' id='word_1_718' title='bbox 3191 4621 3315 4678; x_wconf 83' lang='lat' dir='ltr'><strong>date</strong></span> <span class='ocrx_word' id='word_1_719' title='bbox 3343 4623 3602 4697; x_wconf 79' lang='lat' dir='ltr'><strong>elemosy-</strong></span> 
     </span>
    </p>
   </div>
   <div class='ocr_carea' id='block_1_99' title="bbox 2029 4720 3602 4796">
    <p class='ocr_par' dir='ltr' id='par_1_99' title="bbox 2029 4720 3602 4796">
     <span class='ocr_line' id='line_1_100' title="bbox 2029 4720 3602 4796; baseline -0.003 -18"><span class='ocrx_word' id='word_1_720' title='bbox 2029 4740 2152 4778; x_wconf 89' lang='lat' dir='ltr'><strong>nam</strong></span> <span class='ocrx_word' id='word_1_721' title='bbox 2180 4721 2205 4760; x_wconf 74' lang='grc' dir='ltr'><strong><em>ἀ</em></strong></span> <span class='ocrx_word' id='word_1_722' title='bbox 2239 4723 2390 4796; x_wconf 86' lang='lat' dir='ltr'><strong>(Luc.</strong></span> <span class='ocrx_word' id='word_1_723' title='bbox 2435 4739 2504 4778; x_wconf 78' lang='lat' dir='ltr'><strong>xu</strong></span> <span class='ocrx_word' id='word_1_724' title='bbox 2527 4765 2540 4789; x_wconf 92' lang='lat'><strong>,</strong></span> <span class='ocrx_word' id='word_1_725' title='bbox 2571 4723 2683 4789; x_wconf 80' lang='grc'><strong>⁸55).</strong></span> <span class='ocrx_word' id='word_1_726' title='bbox 2716 4740 2734 4774; x_wconf 85' lang='grc' dir='ltr'><strong>ι</strong></span> <span class='ocrx_word' id='word_1_727' title='bbox 2783 4720 3043 4775; x_wconf 86' lang='lat' dir='ltr'><strong>Praesens</strong></span> <span class='ocrx_word' id='word_1_728' title='bbox 3088 4733 3266 4774; x_wconf 89' lang='lat' dir='ltr'><strong>sermo</strong></span> <span class='ocrx_word' id='word_1_729' title='bbox 3300 4730 3447 4775; x_wconf 88' lang='lat' dir='ltr'><strong>caret</strong></span> <span class='ocrx_word' id='word_1_730' title='bbox 3487 4735 3602 4776; x_wconf 86' lang='lat' dir='ltr'><strong>am-</strong></span> 
     </span>
    </p>
   </div>
   <div class='ocr_carea' id='block_1_100' title="bbox 2102 4829 3599 4902">
    <p class='ocr_par' dir='ltr' id='par_1_100' title="bbox 2102 4829 3599 4902">
     <span class='ocr_line' id='line_1_101' title="bbox 2102 4829 3599 4902; baseline -0.005 -11"><span class='ocrx_word' id='word_1_731' title='bbox 2102 4846 2122 4872; x_wconf 75' lang='grc' dir='ltr'><strong>ο</strong></span> <span class='ocrx_word' id='word_1_732' title='bbox 2152 4833 2462 4902; x_wconf 86' lang='lat' dir='ltr'><strong>llujnsmodi</strong></span> <span class='ocrx_word' id='word_1_733' title='bbox 2489 4832 2776 4886; x_wconf 86' lang='lat' dir='ltr'><strong>intellectio</strong></span> <span class='ocrx_word' id='word_1_734' title='bbox 2800 4830 2936 4884; x_wconf 89' lang='lat' dir='ltr'><strong>haud</strong></span> <span class='ocrx_word' id='word_1_735' title='bbox 2960 4829 3262 4902; x_wconf 54' lang='lat' dir='ltr'><strong>infrequens</strong></span> <span class='ocrx_word' id='word_1_736' title='bbox 3289 4838 3371 4902; x_wconf 71' lang='lat' dir='ltr'><strong>est</strong></span> <span class='ocrx_word' id='word_1_737' title='bbox 3401 4829 3452 4882; x_wconf 92' lang='lat' dir='ltr'><strong>in</strong></span> <span class='ocrx_word' id='word_1_738' title='bbox 3478 4832 3599 4885; x_wconf 82' lang='lat' dir='ltr'><strong>Am-</strong></span> 
     </span>
    </p>
   </div>
   <div class='ocr_carea' id='block_1_101' title="bbox 2024 4899 3600 4971">
    <p class='ocr_par' dir='ltr' id='par_1_101' title="bbox 2024 4899 3600 4971">
     <span class='ocr_line' id='line_1_102' title="bbox 2024 4899 3600 4971; baseline -0.006 -8"><span class='ocrx_word' id='word_1_739' title='bbox 2024 4899 2286 4963; x_wconf 45' lang='lat' dir='ltr'><strong>brosian&#39;is</strong></span> <span class='ocrx_word' id='word_1_740' title='bbox 2315 4906 2543 4969; x_wconf 84' lang='lat' dir='ltr'><strong>scriptis.</strong></span> <span class='ocrx_word' id='word_1_741' title='bbox 2579 4903 2828 4971; x_wconf 81' lang='lat' dir='ltr'><strong>Legatur,</strong></span> <span class='ocrx_word' id='word_1_742' title='bbox 2857 4915 2944 4955; x_wconf 86' lang='lat' dir='ltr'><strong>ex.</strong></span> <span class='ocrx_word' id='word_1_743' title='bbox 2974 4915 3080 4969; x_wconf 70' lang='grc' dir='ltr'><strong>εν..</strong></span> <span class='ocrx_word' id='word_1_744' title='bbox 3112 4899 3203 4954; x_wconf 83' lang='lat' dir='ltr'><strong>lb.</strong></span> <span class='ocrx_word' id='word_1_745' title='bbox 3235 4915 3290 4954; x_wconf 89' lang='grc' dir='ltr'><strong>ιιι</strong></span> <span class='ocrx_word' id='word_1_746' title='bbox 3323 4899 3600 4971; x_wconf 77' lang='lat' dir='ltr'><strong>Hexaem.,</strong></span> 
     </span>
    </p>
   </div>
   <div class='ocr_carea' id='block_1_102' title="bbox 2024 4968 3599 5044">
    <p class='ocr_par' dir='ltr' id='par_1_102' title="bbox 2024 4968 3599 5044">
     <span class='ocr_line' id='line_1_103' title="bbox 2024 4968 3599 5044; baseline -0.005 -12"><span class='ocrx_word' id='word_1_747' title='bbox 2024 4991 2143 5044; x_wconf 90' lang='lat' dir='ltr'><strong>cap.</strong></span> <span class='ocrx_word' id='word_1_748' title='bbox 2172 4979 2259 5039; x_wconf 74' lang='grc'><strong>15,</strong></span> <span class='ocrx_word' id='word_1_749' title='bbox 2289 4968 2529 5043; x_wconf 50' lang='grc' dir='ltr'><strong>ριιςιζὸὄ.</strong></span> <span class='ocrx_word' id='word_1_750' title='bbox 2562 4968 2778 5044; x_wconf 65' lang='lat' dir='ltr'><strong>Veneta:</strong></span> <span class='ocrx_word' id='word_1_751' title='bbox 2820 4968 3125 5044; x_wconf 38' lang='lat' dir='ltr'><strong>edit.,&#39;qua_</strong></span> <span class='ocrx_word' id='word_1_752' title='bbox 3145 4981 3287 5044; x_wconf 72' lang='lat' dir='ltr'><strong>utor,</strong></span> <span class='ocrx_word' id='word_1_753' title='bbox 3317 4984 3408 5022; x_wconf 92' lang='lat' dir='ltr'><strong>an.</strong></span> <span class='ocrx_word' id='word_1_754' title='bbox 3439 4968 3599 5044; x_wconf 66' lang='lat' dir='ltr'><strong>_i_?48.</strong></span> 
     </span>
    </p>
   </div>
   <div class='ocr_carea' id='block_1_103' title="bbox 2093 5039 3601 5112">
    <p class='ocr_par' dir='ltr' id='par_1_103' title="bbox 2093 5039 3601 5112">
     <span class='ocr_line' id='line_1_104' title="bbox 2093 5039 3601 5112; baseline -0.005 -11"><span class='ocrx_word' id='word_1_755' title='bbox 2093 5039 2120 5084; x_wconf 65' lang='grc'><strong>³</strong></span> <span class='ocrx_word' id='word_1_756' title='bbox 2146 5039 2596 5112; x_wconf 55' lang='grc' dir='ltr'><strong>(ἷυόξειεηιοευηα</strong></span> <span class='ocrx_word' id='word_1_757' title='bbox 2617 5059 2634 5106; x_wconf 89' lang='grc'><em>;</em></span> <span class='ocrx_word' id='word_1_758' title='bbox 2659 5043 2883 5112; x_wconf 79' lang='lat' dir='ltr'><strong>fortasse</strong></span> <span class='ocrx_word' id='word_1_759' title='bbox 2900 5040 3242 5108; x_wconf 88' lang='lat' dir='ltr'><strong>superaddita</strong></span> <span class='ocrx_word' id='word_1_760' title='bbox 3265 5041 3363 5092; x_wconf 85' lang='lat' dir='ltr'><strong>l&#39;ut</strong></span> <span class='ocrx_word' id='word_1_761' title='bbox 3403 5039 3601 5094; x_wconf 78' lang='lat' dir='ltr'><strong>ultima:</strong></span> 
     </span>
    </p>
   </div>
   <div class='ocr_carea' id='block_1_104' title="bbox 2022 5111 3601 5182">
    <p class='ocr_par' dir='ltr' id='par_1_104' title="bbox 2022 5111 3601 5182">
     <span class='ocr_line' id='line_1_105' title="bbox 2022 5111 3601 5182; baseline -0.007 -9"><span class='ocrx_word' id='word_1_762' title='bbox 2022 5135 2054 5172; x_wconf 88' lang='lat' dir='ltr'><strong>a</strong></span> <span class='ocrx_word' id='word_1_763' title='bbox 2085 5118 2274 5172; x_wconf 88' lang='lat' dir='ltr'><strong>lineola</strong></span> <span class='ocrx_word' id='word_1_764' title='bbox 2318 5111 2510 5182; x_wconf 82' lang='lat' dir='ltr'><strong>prout,</strong></span> <span class='ocrx_word' id='word_1_765' title='bbox 2553 5123 2610 5165; x_wconf 87' lang='lat' dir='ltr'><strong>ut</strong></span> <span class='ocrx_word' id='word_1_766' title='bbox 2654 5111 2960 5180; x_wconf 82' lang='lat' dir='ltr'><strong>frequenter</strong></span> <span class='ocrx_word' id='word_1_767' title='bbox 3003 5119 3208 5163; x_wconf 75' lang='lat' dir='ltr'><strong>veteres</strong></span> <span class='ocrx_word' id='word_1_768' title='bbox 3248 5124 3601 5182; x_wconf 82' lang='lat' dir='ltr'><strong>ainanuenses</strong></span> 
     </span>
    </p>
   </div>
   <div class='ocr_carea' id='block_1_105' title="bbox 2022 5180 3601 5249">
    <p class='ocr_par' dir='ltr' id='par_1_105' title="bbox 2022 5180 3601 5249">
     <span class='ocr_line' id='line_1_106' title="bbox 2022 5180 3601 5249; baseline -0.006 -7"><span class='ocrx_word' id='word_1_769' title='bbox 2022 5191 2102 5243; x_wconf 86' lang='lat' dir='ltr'><strong>usi</strong></span> <span class='ocrx_word' id='word_1_770' title='bbox 2136 5198 2280 5249; x_wconf 90' lang='lat' dir='ltr'><strong>sunt,</strong></span> <span class='ocrx_word' id='word_1_771' title='bbox 2311 5180 2402 5238; x_wconf 82' lang='lat' dir='ltr'><strong>sed</strong></span> <span class='ocrx_word' id='word_1_772' title='bbox 2431 5182 2589 5236; x_wconf 89' lang='lat' dir='ltr'><strong>modo</strong></span> <span class='ocrx_word' id='word_1_773' title='bbox 2629 5197 2732 5234; x_wconf 93' lang='lat' dir='ltr'><strong>non</strong></span> <span class='ocrx_word' id='word_1_774' title='bbox 2773 5188 2992 5248; x_wconf 87' lang='lat' dir='ltr'><strong>apparet</strong></span> <span class='ocrx_word' id='word_1_775' title='bbox 3021 5195 3035 5232; x_wconf 88' lang='lat'><strong>:</strong></span> <span class='ocrx_word' id='word_1_776' title='bbox 3067 5195 3160 5232; x_wconf 90' lang='lat' dir='ltr'><strong>seu</strong></span> <span class='ocrx_word' id='word_1_777' title='bbox 3187 5180 3358 5232; x_wconf 80' lang='lat' dir='ltr'><strong>mavis</strong></span> <span class='ocrx_word' id='word_1_778' title='bbox 3386 5195 3601 5248; x_wconf 77' lang='lat' dir='ltr'><strong>prorsus</strong></span> 
     </span>
    </p>
   </div>
   <div class='ocr_carea' id='block_1_106' title="bbox 2021 5249 3595 5316">
    <p class='ocr_par' dir='ltr' id='par_1_106' title="bbox 2021 5249 3595 5316">
     <span class='ocr_line' id='line_1_107' title="bbox 2021 5249 3595 5316; baseline -0.006 -4"><span class='ocrx_word' id='word_1_779' title='bbox 2021 5276 2071 5312; x_wconf 89' lang='lat' dir='ltr'><strong>m</strong></span> <span class='ocrx_word' id='word_1_780' title='bbox 2093 5266 2177 5312; x_wconf 81' lang='lat' dir='ltr'><strong>est</strong></span> <span class='ocrx_word' id='word_1_781' title='bbox 2198 5255 2392 5310; x_wconf 88' lang='lat' dir='ltr'><strong>omissa</strong></span> <span class='ocrx_word' id='word_1_782' title='bbox 2414 5260 2652 5307; x_wconf 87' lang='lat' dir='ltr'><strong>veterum</strong></span> <span class='ocrx_word' id='word_1_783' title='bbox 2684 5267 2852 5314; x_wconf 91' lang='lat' dir='ltr'><strong>more,</strong></span> <span class='ocrx_word' id='word_1_784' title='bbox 2874 5254 2960 5316; x_wconf 79' lang='lat' dir='ltr'><strong>qui</strong></span> <span class='ocrx_word' id='word_1_785' title='bbox 2984 5266 3031 5300; x_wconf 82' lang='grc' dir='ltr'><strong>ιιι</strong></span> <span class='ocrx_word' id='word_1_786' title='bbox 3055 5249 3270 5303; x_wconf 88' lang='lat' dir='ltr'><strong>ﬁnalem</strong></span> <span class='ocrx_word' id='word_1_787' title='bbox 3297 5249 3595 5315; x_wconf 78' lang='lat' dir='ltr'><strong>elidebant;</strong></span> 
     </span>
    </p>
   </div>
   <div class='ocr_carea' id='block_1_107' title="bbox 2022 5319 3600 5397">
    <p class='ocr_par' dir='ltr' id='par_1_107' title="bbox 2022 5319 3600 5397">
     <span class='ocr_line' id='line_1_108' title="bbox 2022 5319 3600 5397; baseline -0.006 -15"><span class='ocrx_word' id='word_1_788' title='bbox 2022 5326 2320 5397; x_wconf 90' lang='lat' dir='ltr'><strong>cujusmodi</strong></span> <span class='ocrx_word' id='word_1_789' title='bbox 2349 5323 2590 5397; x_wconf 79' lang='lat' dir='ltr'><strong>exempla</strong></span> <span class='ocrx_word' id='word_1_790' title='bbox 2621 5321 2929 5397; x_wconf 76' lang='lat' dir='ltr'><strong>inantiqnis</strong></span> <span class='ocrx_word' id='word_1_791' title='bbox 2961 5333 3092 5397; x_wconf 59' lang='lat' dir='ltr'><strong>mss:</strong></span> <span class='ocrx_word' id='word_1_792' title='bbox 3121 5334 3225 5397; x_wconf 72' lang='lat' dir='ltr'><strong>non</strong></span> <span class='ocrx_word' id='word_1_793' title='bbox 3256 5319 3467 5382; x_wconf 88' lang='lat' dir='ltr'><strong>desunt,</strong></span> <span class='ocrx_word' id='word_1_794' title='bbox 3501 5333 3600 5372; x_wconf 80' lang='lat' dir='ltr'><strong>nec</strong></span> 
     </span>
    </p>
   </div>
   <div class='ocr_carea' id='block_1_108' title="bbox 2019 5388 3598 5464">
    <p class='ocr_par' dir='ltr' id='par_1_108' title="bbox 2019 5388 3598 5464">
     <span class='ocr_line' id='line_1_109' title="bbox 2019 5388 3598 5464; baseline -0.005 -12"><span class='ocrx_word' id='word_1_795' title='bbox 2019 5388 2220 5452; x_wconf 62' lang='lat' dir='ltr'><strong>in&#39;hoc</strong></span> <span class='ocrx_word' id='word_1_796' title='bbox 2268 5396 2383 5464; x_wconf 92' lang='lat' dir='ltr'><strong>ipso</strong></span> <span class='ocrx_word' id='word_1_797' title='bbox 2430 5388 2614 5446; x_wconf 83' lang='lat' dir='ltr'><strong>codice</strong></span> <span class='ocrx_word' id='word_1_798' title='bbox 2652 5392 3042 5445; x_wconf 69' lang='lat' dir='ltr'><strong>desiderantur.</strong></span> <span class='ocrx_word' id='word_1_799' title='bbox 3077 5388 3214 5443; x_wconf 91' lang='lat' dir='ltr'><strong>Infra</strong></span> <span class='ocrx_word' id='word_1_800' title='bbox 3247 5399 3422 5443; x_wconf 82' lang='lat' dir='ltr'><strong>tamen</strong></span> <span class='ocrx_word' id='word_1_801' title='bbox 3452 5399 3598 5444; x_wconf 80' lang='lat' dir='ltr'><strong>recte</strong></span> 
     </span>
    </p>
   </div>
   <div class='ocr_carea' id='block_1_109' title="bbox 2015 5466 3449 5533">
    <p class='ocr_par' dir='ltr' id='par_1_109' title="bbox 2015 5466 3449 5533">
     <span class='ocr_line' id='line_1_110' title="bbox 2015 5466 3449 5533; baseline -0.008 -11"><span class='ocrx_word' id='word_1_802' title='bbox 2015 5468 2266 5524; x_wconf 85' lang='lat' dir='ltr'><strong>scribitur</strong></span> <span class='ocrx_word' id='word_1_803' title='bbox 2297 5466 2672 5533; x_wconf 80' lang='lat' dir='ltr'><strong>elemosynam;</strong></span> <span class='ocrx_word' id='word_1_804' title='bbox 2705 5473 2754 5514; x_wconf 85' lang='lat' dir='ltr'><strong>at</strong></span> <span class='ocrx_word' id='word_1_805' title='bbox 2786 5470 3092 5516; x_wconf 88' lang='lat' dir='ltr'><strong>constanter</strong></span> <span class='ocrx_word' id='word_1_806' title='bbox 3117 5474 3237 5514; x_wconf 90' lang='lat' dir='ltr'><strong>cum</strong></span> <span class='ocrx_word' id='word_1_807' title='bbox 3269 5474 3372 5512; x_wconf 89' lang='lat' dir='ltr'><strong>una</strong></span> <span class='ocrx_word' id='word_1_808' title='bbox 3401 5474 3449 5512; x_wconf 90' lang='lat' dir='ltr'><strong>e.</strong></span> 
     </span>
    </p>
   </div>
   <div class='ocr_carea' id='block_1_110' title="bbox 2016 5567 3592 5640">
    <p class='ocr_par' dir='ltr' id='par_1_110' title="bbox 2016 5567 3592 5640">
     <span class='ocr_line' id='line_1_111' title="bbox 2016 5567 3592 5640; baseline -0.007 -5"><span class='ocrx_word' id='word_1_809' title='bbox 2016 5577 2179 5635; x_wconf 91' lang='lat' dir='ltr'><strong>menti</strong></span> <span class='ocrx_word' id='word_1_810' title='bbox 2208 5576 2506 5633; x_wconf 73' lang='lat' dir='ltr'><strong>rersionem</strong></span> <span class='ocrx_word' id='word_1_811' title='bbox 2535 5580 2777 5640; x_wconf 87' lang='lat' dir='ltr'><strong>usurpat,</strong></span> <span class='ocrx_word' id='word_1_812' title='bbox 2809 5586 2927 5640; x_wconf 69' lang='lat' dir='ltr'><strong>qua:</strong></span> <span class='ocrx_word' id='word_1_813' title='bbox 2948 5585 2976 5623; x_wconf 93' lang='lat' dir='ltr'><strong>a</strong></span> <span class='ocrx_word' id='word_1_814' title='bbox 3002 5583 3180 5640; x_wconf 82' lang='lat' dir='ltr'><strong>nostra</strong></span> <span class='ocrx_word' id='word_1_815' title='bbox 3211 5567 3349 5622; x_wconf 89' lang='lat' dir='ltr'><strong>haud</strong></span> <span class='ocrx_word' id='word_1_816' title='bbox 3381 5568 3592 5634; x_wconf 83' lang='lat' dir='ltr'><strong>paulum</strong></span> 
     </span>
    </p>
   </div>
   <div class='ocr_carea' id='block_1_111' title="bbox 2011 5638 3590 5709">
    <p class='ocr_par' dir='ltr' id='par_1_111' title="bbox 2011 5638 3590 5709">
     <span class='ocr_line' id='line_1_112' title="bbox 2011 5638 3590 5709; baseline -0.009 -1"><span class='ocrx_word' id='word_1_817' title='bbox 2011 5648 2232 5708; x_wconf 86' lang='lat' dir='ltr'><strong>recedit.</strong></span> <span class='ocrx_word' id='word_1_818' title='bbox 2287 5647 2456 5708; x_wconf 77' lang='lat' dir='ltr'><strong>Porro</strong></span> <span class='ocrx_word' id='word_1_819' title='bbox 2502 5638 2990 5701; x_wconf 37' lang='lat' dir='ltr'><strong>Ambrosius—dum</strong></span> <span class='ocrx_word' id='word_1_820' title='bbox 3041 5638 3218 5694; x_wconf 90' lang='lat' dir='ltr'><strong>locum</strong></span> <span class='ocrx_word' id='word_1_821' title='bbox 3274 5640 3590 5709; x_wconf 84' lang='lat' dir='ltr'><strong>parallelum</strong></span> 
     </span>
    </p>
   </div>
  </div>
