4132 6176
341 319 438 374 121
1025 304 1378 374 SERMONES
1413 313 1590 372 TRES
1627 315 1718 372 EX
1755 312 1911 372 COD.
1951 309 2388 371 SESSORIANO.
2430 311 2684 370 SERMM“.
2726 311 2801 382 11,
2845 314 2929 370 Ill.
3499 316 3600 372 122
3651 326 3657 332 ’

339 435 567 484 nouerat
595 427 930 496 deturpatam
963 425 981 458 ί
1010 444 1025 477 τ
1058 427 1152 481 sed
1181 441 1275 496 per
1305 427 1530 482 Arabiae
1551 426 1831 496 regionem
1860 427 1882 456 '
1903 467 1918 491 ,
1956 426 2004 484 Α
2031 421 2420 477 ambustionem
2447 433 2717 478 aeternam
2742 439 2758 487 ;
2787 422 2910 478 iusti
2940 427 3116 478 autem
3144 421 3200 477 in
3237 421 3398 478 u'tam
3423 432 3595 480 aeter—
3672 447 3687 462 ο

2031 529 2153 569 nam
2183 516 2204 548 ⁸
2231 514 2445 586 (Matth.
2471 530 2596 580 xxv,
2625 512 2773 580 46).»

2639 602 2870 658 SERMO
2911 602 2996 656 lli.

2559 708 2644 748 ιιι
2688 708 3045 748 CARITATE.

2033 779 2116 835 Ea:
2137 781 2348 836 lectione
2369 780 2431 837 S.
2465 779 2621 835 Pauli
2649 782 2864 852 apostoli
2909 791 3082 834 contra
3110 781 3298 850 malos,
3328 783 3422 852 qui
3462 781 3604 836 bouis

2691 874 2936 926 invident.

2096 962 2134 1016 l.
2168 962 2403 1018 Peractis
2447 962 2786 1032 perfectionis
2817 964 3174 1033 inspectisque
3201 963 3513 1018 muneribus
3543 965 3588 1026 ’,

2025 1051 2094 1104 ad
2123 1053 2322 1119 potiora
2353 1051 2811 1121 eminentioraque
2843 1054 3080 1120 Apostoli
3118 1055 3420 1122 praeconia,
3454 1054 3595 1108 sicut

341 531 406 574 ut
438 533 638 574 nomen
666 518 784 572 illut
823 515 1132 572 uenerabile
1154 559 1170 584 ,
1219 515 1360 585 quod
1395 515 1569 569 fuerat
1614 523 1925 581 persecutus

344 610 564 675 iniuria,
593 608 733 678 quod
760 607 1062 676 eloquentia
1085 613 1487 674 oppugnauerat
1512 614 1568 659 et
1602 604 1920 658 Pharisaeo-

339 714 463 752 rum
494 697 715 759 inuidia,
740 697 975 752 salutare
1004 710 1126 750 esse
1146 709 1209 748 ac
1234 694 1472 747 diuinum
1499 693 1607 747 ﬁdo
1638 692 1925 762 praeconio

347 788 668 842 mortalibus
689 788 898 841 cunctis
924 785 1168 841 inferret.
1196 784 1328 852 Quis
1357 784 1516 854 igitur
1539 784 1706 838 Paulo
1737 784 1928 837 trium-

347 879 473 947 plus
519 875 904 945 multiplicibus
957 874 1198 944 praedito
1249 874 1441 927 similis
1486 871 1812 942 adprobatur
1872 871 1925 925 in

345 972 539 1036 gestis;
581 968 671 1037 qui
704 981 766 1022 se
811 966 1064 1020 omnibus
1101 963 1315 1021 exuerit.
1350 962 1550 1018 saeculi
1588 962 1780 1016 uinclis
1817 971 1844 999 ιι
1873 968 1929 1016 et

339 1057 577 1127 pompis,
607 1068 660 1112 et
681 1058 779 1110 rite
803 1057 901 1111 Dei
926 1055 1152 1110 famulus
1173 1053 1592 1122 nuncupabitur;
1625 1053 1714 1122 qui
1741 1053 1923 1106 obtre-

337 1150 822 1209 ctantibusinuidis
841 1157 1253 1219 perseueranter
1274 1147 1471 1201 insistit
1494 1145 1706 1199 Domini
1725 1143 1920 1199 Christi

341 1242 648 1310 praeceptis
695 1239 998 1308 implendis,
1043 1240 1130 1308 qui
1184 1238 1363 1291 dixit:
1422 1255 1440 1287 t
1481 1235 1702 1289 Vendite
1745 1233 1924 1287 omnia

340 1345 487 1396 quae
513 1329 816 1398 possidetis,
841 1338 895 1383 et
915 1327 1040 1382 date
1068 1327 1436 1396 elemosynam
1467 1323 1629 1393 (Luc.
1655 1339 1729 1377 stt
1748 1364 1764 1389 ,
1790 1320 1918 1391 33);

342 1431 405 1476 et
433 1435 562 1476 ecce
582 1419 732 1474 uobis
752 1419 946 1473 munda
970 1425 1095 1473 sunt
1121 1416 1300 1472 omnia
1327 1415 1348 1446 ³
1375 1414 1539 1487 (Ibid.
1573 1428 1648 1480 st,
1677 1413 1790 1483 41).
1825 1431 1844 1465 ι

410 1593 504 1648 lll.
533 1592 590 1646 In
638 1599 920 1662 praecepto
966 1591 1166 1646 indicta
1195 1589 1470 1650 distractio
1507 1597 1614 1654 est,
1645 1597 1703 1644 et
1743 1588 1812 1642 de
1835 1586 1923 1642 di-

338 1694 543 1740 stracto
580 1685 906 1753 dispensatio
935 1682 962 1721 δ
993 1691 1179 1738 exacta
1220 1691 1324 1737 est.
1355 1681 1573 1736 Deuotis
1615 1679 1921 1750 puriﬁcatio

2025 1142 2368 1212 promisimus
2398 1144 2470 1207 ‘°,
2501 1145 2850 1211 procedamus
2881 1145 2953 1209 ¹¹;
2984 1145 3072 1214 qui
3105 1160 3203 1203 nec
3230 1155 3430 1215 myster
3453 1147 3470 1200 i
3496 1161 3593 1200 no-

2028 1234 2217 1299 titiam,
2252 1250 2350 1289 nec
2402 1234 2742 1302 eloquentiae
2790 1236 3188 1302 celsitudinem,
3239 1252 3338 1291 nec
3389 1238 3597 1293 miseri-

2024 1324 2244 1382 cordiae
2270 1324 2468 1393 largam
2505 1325 2753 1393 pietatem
2779 1325 2851 1389 ",
2882 1338 2983 1384 nec
3021 1325 3142 1380 ﬁdei
3185 1325 3409 1382 sublime
3438 1328 3596 1382 meri-

2025 1426 2157 1481 tum,
2186 1430 2284 1470 nec
2311 1416 2546 1486 martyrii
2578 1417 2765 1470 fortem
2790 1417 3215 1486 intrepidamque
3235 1419 3588 1472 constantiam

2027 1507 2337 1574 "prodesse
2387 1521 2546 1575 posse
2594 1508 2915 1562 memorauit
2947 1518 3002 1573 ος
3034 1508 3078 1562 si
3109 1510 3304 1563 caritas
3355 1507 3590 1562 fraterna

2023 1599 2317 1665 eademque
2373 1599 2581 1652 sincera
2625 1597 2874 1654 defuerit.
2932 1599 3067 1666 Quid
3115 1601 3257 1654 enim
3311 1597 3586 1670 prodestd

2025 1689 2285 1758 sumptu‘
2323 1690 2558 1753 nutrias,
2604 1705 2760 1759 quem
2811 1691 3041 1760 perimas
3093 1689 3271 1744 ferro?
3317 1698 3409 1744 aut
3455 1690 3584 1756 quid

344 1775 545 1831 mentis
591 1775 936 1844 promittitur,
977 1773 1211 1828 sordium
1253 1771 1520 1826 mundatis
1553 1771 1787 1826 caeleste
1829 1785 1915 1824 re-
1943 1776 1992 1836 Β
2021 1783 2166 1837 iuba;
2193 1780 2212 1820 t
2242 1796 2364 1836 eum
2414 1781 2836 1851 quibuscumque
2888 1781 3071 1837 faueas
3112 1781 3400 1846 alimemis’
3431 1796 3589 1850 quem

337 1882 504 1936 gnum
529 1874 611 1920 est
638 1875 1030 1935 praeparatum.
1060 1863 1229 1932 Rogo,
1263 1861 1391 1932 quid
1418 1861 1631 1930 quaeris
1658 1860 1907 1930 amplius,

337 1967 432 2012 aut
462 1957 588 2026 quid
617 1957 861 2010 relictum
905 1963 1008 2018 est,
1057 1954 1178 2018 nisi,
1211 1968 1314 2007 non
1343 1951 1660 2007 facientibus
1703 1949 1912 2005 famulis

337 2049 480 2118 quod
517 2047 857 2117 praecipitur,
891 2056 948 2098 ut
986 2044 1126 2098 Deus
1155 2044 1312 2098 faciat
1346 2044 1486 2112 quod
1516 2041 1780 2108 minatur?
1810 2041 1910 2108 Qui

339 2148 393 2192 et
414 2137 588 2191 dixit:
627 2154 647 2187 ι
682 2135 740 2191 Si
768 2136 820 2189 in
850 2135 1046 2188 iniusto
1072 2134 1094 2164 ⁸
1121 2147 1424 2198 mammona
1449 2133 1635 2188 ﬁdeles
1673 2147 1779 2186 non
1814 2132 1912 2186 fui-

338 2229 462 2291 stis,
497 2227 637 2295 quod
679 2237 764 2283 est
808 2242 1013 2291 uerum,
1062 2225 1180 2294 quis
1210 2224 1357 2278 dabit
1401 2225 1554 2278 uobis
1579 2223 1725 2278 l"IEt
1771 2222 1817 2277 si
1856 2224 1909 2277 in

339 2321 519 2375 alieno
553 2321 572 2350 ⁸
603 2318 789 2374 ﬁdeles
836 2333 940 2372 non
970 2317 1162 2382 fuistis,
1196 2317 1332 2386 quod
1365 2325 1447 2371 est
1489 2325 1749 2380 uestrum,
1791 2318 1909 2385 quis

335 2414 525 2468 credet
550 2410 705 2466 uobis
732 2412 752 2442 ⁷
787 2409 953 2477 (Ibid.
984 2425 1091 2474 ΧΠ,
1123 2408 1206 2471 11,
1239 2407 1365 2475 12)ἳ
1393 2407 1461 2462 Ει
1489 2407 1711 2462 abibunt
1741 2407 1824 2462 iSIi
1855 2409 1905 2464 in

408 2534 437 2562 ⁸
465 2526 536 2580 Ita
561 2523 726 2578 codex
753 2523 890 2578 bona
927 2529 1240 2588 vetustaque
1269 2518 1644 2588 orthographia
1673 2533 1768 2588 pro
1793 2519 1913 2574 uin-

332 2597 508 2658 culis;
549 2594 844 2665 cuiusmodi
894 2591 1336 2665 syucapas‘etjam
1381 2605 1509 2645 usus
1552 2599 1635 2646 est
1681 2590 1907 2659 Tullius,

333 2675 392 2720 ut
435 2665 664 2718 advertit
702 2660 966 2717 Cornutus
1005 2677 1058 2728 p.
1103 2660 1264 2714 2288.

404 2735 435 2773 δ
469 2735 565 2787 Vid
616 2748 734 2801 sup.
773 2745 884 2786 nul.
915 2731 970 2794 2,
1004 2746 1122 2799 pag.
1155 2733 1175 2783 1
1215 2729 1350 2798 (Col.
1375 2729 1500 2796 111,
1533 2745 1590 2782 ιι.
1621 2729 1660 2798 ι)
1687 2738 1745 2801 et
1767 2744 1908 2798 seq.,

331 2805 425 2859 ubi
457 2805 649 2859 similis
683 2799 843 2858 dictio
869 2812 950 2856 est
976 2801 1030 2855 in
1061 2801 1412 2856 Ambrosiano
1443 2800 1560 2854 loco
1592 2799 1814 2854 recitato
1842 2801 1910 2856 de

330 2878 556 2930 Excess.
582 2875 755 2943 Satyr.
790 2889 828 2938 t,
851 2872 941 2926 60.

407 2956 431 2984 ε
456 2945 590 2998 Cod.
610 2938 932 3006 niétitorarit;
963 2940 1188 2995 fortasse
1216 2938 1531 2992 Archaicum
1558 2949 1643 2995 est
1670 2954 1767 3007 pro
1797 2955 1907 2993 me-

327 3015 604 3068 moraverit
626 3031 643 3078 ;
664 3023 717 3066 at
743 3011 1033 3067 memoravit
1055 3025 1116 3064 es
1136 3008 1398 3064 sententia
1424 3009 1704 3076 legendum
1721 3010 1902 3063 malui.

399 3083 431 3121 ⁸
463 3085 594 3137 Cod.
626 3083 857 3153 prodeest
900 3080 1166 3153 geminata
1209 3096 1252 3141 e,
1282 3079 1607 3153 _ettjusmodi
1635 3079 1899 3153 esempla

326 3154 537 3224 passim
565 3149 850 3224 occurrunt
877 3149 927 3204 in
949 3151 1178 3224 antiquis
1196 3149 1385 3224 codd;
1419 3158 1472 3224 at
1492 3163 1611 3203 cum
1634 3149 1900 3224 infra__ltoc

326 3218 557 3280 iter-bum
586 3237 680 3292 per
708 3222 915 3276 unicam
944 3237 972 3275 e
1001 3219 1266 3274 scribatur
1295 3220 1347 3273 in
1373 3219 1519 3282 cod.,
1549 3228 1601 3274 et
1633 3218 1721 3273 hic
1749 3219 1893 3273 illam

403 3355 419 3386 ⁸
438 3352 729 3434 Nimirum,

325 3431 666 3490 auctoritate,
703 3435 766 3475 ac

327 3496 656 3617 “ﬂagitia
698 3560 970 3629 regionem
1006 3558 1223 3614 verbum
1255 3555 1348 3612 Dei
1379 3555 1718 3624 praedicando
1757 3555 1896 3612 Pau-

327 3633 435 3687 lum
469 3628 790 3695 excursisse’,
819 3644 885 3684 ex
917 3629 1088 3682 Galat.
1118 3643 1157 3693 ι,
1183 3628 1272 3691 17,
1309 3636 1538 3681 constat.

399 3703 420 3733 ³
448 3702 517 3757 H.
541 3701 578 3754 I.
605 3699 673 3753 Et
695 3715 804 3753 ecce
824 3699 961 3754 vobis
984 3699 1174 3751 munda
1202 3705 1320 3751 sunt
1351 3697 1543 3760 omnia,
1571 3695 1758 3749 iisdem
1778 3709 1900 3750 ver-

326 3772 431 3837 bis,
461 3771 557 3824 Sed
607 3785 710 3824 non
748 3769 936 3825 eodem
968 3768 1127 3822 modo
1159 3767 1286 3836 legit
1315 3765 1626 3837 Ambrosius
1671 3764 1724 3819 in
1765 3765 1896 3837 Luc.

324 3836 425 3900 vn.
451 3841 576 3897 100.
607 3839 694 3894 Sic
726 3839 868 3893 enim
899 3857 912 3891 :
944 3847 992 3891 et
1024 3853 1138 3892 erce
1167 3837 1334 3890 omnia
1367 3836 1560 3889 munda
1598 3844 1714 3888 sunt
1740 3836 1896 3890 vobis.

395 3912 418 3941 ⁸
448 3911 791 3990 btsimmunaa,
804 3910 879 3964 ait
905 3909 1218 3990 Ambrosius
1246 3908 1281 3960 l.
1303 3921 1365 3990 _c.
1411 3905 1649 3990 in__Luc.,
1681 3921 1736 3960 ιι.
1766 3905 1892 3974 224,

323 3997 433 4036 non
451 3981 604 4105 gusta
634 3986 887 4045 potestas;
912 3979 998 4058 sed
1023 3979 1216 4056 injuste
1243 3985 1315 4031 est
1345 3979 1576 4028 servitus.

397 4054 421 4083 ⁸
495 4050 709 4103 imiliter
745 4048 804 4104 S.
833 4049 1128 4118 Cyprianus
1162 4046 1256 4118 lib.
1299 4047 1369 4118 de
1390 4045 1550 4118 Oper.
1581 4053 1634 4099 et
1665 4044 1894 4118 Eleept.,

323 4123 430 4176 col.
458 4120 588 4184 240,
617 4131 669 4174 et
695 4118 754 4175 S.
784 4113 1110 4187 Augustinus
1139 4117 1230 4169 lib.
1261 4132 1296 4187 v
1331 4115 1600 4187 Confess.,
1637 4114 1744 4187 t._l,
1777 4113 1894 4187 Col.

325 4193 456 4256 127,
477 4193 522 4244 si
545 4190 596 4242 id
622 4183 905 4256 exceperis,
921 4189 973 4240 in
1001 4190 1105 4240 line
1127 4187 1240 4255 quis
1262 4185 1398 4256 dabit
1419 4185 1576 4256 vobis,
1607 4183 1762 4256 cujus
1780 4185 1898 4242 loco

325 4253 451 4329 quis
473 4261 642 4312 credet
681 4253 837 4313 vobis.
868 4257 1020 4328 Legit
1048 4253 1168 4311 cum
1212 4255 1398 4310 codice
1443 4254 1673 4309 Irenzeus
1709 4253 1804 4308 lib.
1832 4270 1892 4323 tt,

325 4347 374 4383 τ.
405 4329 503 4383 9-4.
531 4331 635 4383 col.
660 4330 782 4383 169.

325 4347 374 4386 ε.
405 4344 503 4393 24,
531 4344 635 4383 COI.
660 4344 782 4383 109.

397 4403 419 4431 ⁸
452 4391 511 4454 8.
557 4398 866 4454 Ambrosius
901 4397 952 4448 in
999 4396 1053 4450 h.
1085 4395 1124 4448 l.
1157 4393 1251 4448 lib.
1289 4409 1361 4447 vn
1392 4391 1443 4447 in
1482 4392 1636 4458 Luc.,
1679 4408 1735 4446 tt.
1763 4391 1888 4456 216.

327 4471 562 4524 scribit:
595 4469 785 4521 Aliena:
835 4465 974 4519 nobis
1009 4467 1198 4518 divitia:
1239 4473 1386 4528 sunt,
1425 4464 1544 4531 quia
1594 4473 1776 4530 prwter
1801 4480 1894 4516 na-

328 4553 497 4592 turam
525 4547 674 4599 sunt;
702 4553 861 4607 neque
886 4536 1140 4588 nobiscum
1179 4541 1478 4607 nascuntur,
1518 4549 1674 4602 neque
1713 4533 1889 4607 nobis-

329 4626 449 4660 cum
493 4603 785 4660 transeunt.
835 4606 964 4660 Ibid.
1009 4609 1109 4658 huc
1156 4603 1516 4657 testimonium
1561 4603 1894 4671 expendens,

330 4678 462 4730 illud
489 4693 556 4731 eo
579 4676 804 4745 explicat
821 4690 1001 4737 sensu,
1029 4691 1135 4740 quo
1163 4675 1322 4745 modo
1350 4672 1514 4745 utitur
1543 4673 1593 4726 iu
1624 4687 1889 4745 sermone.

328 4749 424 4800 Sic
467 4747 612 4801 enim
650 4742 725 4798 ait
762 4762 814 4798 η.
847 4745 951 4798 247
978 4763 990 4796 :
1017 4744 1171 4812 Argui
1208 4744 1362 4808 igitur
1398 4743 1629 4794 videntur
1652 4742 1896 4812 Judwiet

330 4819 531 4886 fraudis
560 4824 608 4869 et
636 4816 876 4870 avaritite.
905 4814 986 4867 En
1026 4811 1142 4886 ideo
1168 4816 1252 4880 qui
1291 4813 1342 4864 in
1374 4812 1696 4886 facultatibus
1721 4811 1896 4879 ﬁdeles

330 4883 436 4938 non
481 4891 706 4955 fuerunt,
754 4902 877 4954 quas
925 4901 1039 4937 cum
1091 4883 1896 4955 alieuas_scireut_(contmunem

331 4959 466 5008 enim
481 4949 554 5007 ’σά
577 4949 721 5008 usum
745 4949 936 5025 fructus
959 4964 1204 5006 terrarum
1224 4968 1255 5025 α
1279 4949 1494 5025 Domino
1521 4951 1627 5005 Deo
1654 4953 1802 5025 datus
1822 4961 1894 5004 est

331 5026 587 5094 omnibus)
619 5022 892 5078 debuerunt
929 5025 1097 5094 utique
1122 5023 1426 5094 participare
1461 5022 1788 5094 pauperibus.

406 5097 425 5124 ⁷
457 5097 530 5148 Ita
563 5090 891 5155 Ambrosius,
925 5093 959 5145 Ι.
1007 5090 1055 5146 ιο.
1090 5109 1140 5143 n.
1173 5090 1296 5151 2l5,
1330 5100 1521 5159 przetcr
1550 5091 1603 5144 in
1651 5092 1756 5143 ﬁne
1783 5091 1893 5153 quis

331 5166 474 5219 dabit
515 5164 670 5229 vobis,
701 5165 820 5218 loco
851 5166 962 5232 quis
1005 5163 1166 5215 credet
1203 5163 1358 5213 vobis.
1385 5161 1572 5215 Utrum
1609 5161 1891 5214 dicendum

327 5241 425 5297 sit,
469 5234 580 5289 hac
609 5237 905 5287 testimonia
939 5233 996 5288 S.
1045 5233 1382 5286 Ambrosium
1423 5233 1730 5284 memoriter
1759 5232 1895 5284 reci-

330 5315 478 5358 tasse
515 5314 569 5358 et
595 5313 856 5372 postrema
907 5304 1179 5370 utriusque
1211 5300 1457 5372 versiculi
1497 5300 1656 5372 verba
1692 5300 1894 5372 immu-

329 5385 497 5439 tasse,
545 5370 613 5427 au
643 5374 815 5441 potius
859 5373 1044 5426 eadem
1089 5371 1319 5424 inversiu
1349 5370 1549 5424 librarii
1595 5370 1892 5425 oscitatttite

330 5444 614 5498 tribuenda
655 5445 743 5508 sit,
769 5441 969 5510 judice:
1000 5442 1184 5495 lector.

402 5515 425 5544 ⁸
454 5513 526 5566 lta
547 5513 613 5566 ad
636 5508 853 5568 verbum
884 5514 936 5564 h.
971 5512 1008 5564 Ι.
1039 5513 1225 5565 reeitat
1244 5509 1302 5565 S.
1326 5508 1620 5580 Cyprianus
1650 5509 1743 5562 lib.
1769 5523 1891 5576 sup.

324 5584 450 5646 cit.,
480 5593 537 5638 et
565 5583 660 5644 lib._
686 5597 722 5635 ιι
752 5597 816 5636 ac
836 5596 891 5635 ιιι
912 5581 1312 5647 Testimonium,
1341 5579 1467 5634 t-oll.
1493 5581 1620 5642 290,
1648 5581 1772 5634 503.
1808 5579 1892 5632 Ei-

321 5656 453 5705 ιιιοιιι
497 5652 728 5706 concinit
755 5652 814 5706 S.
844 5653 1164 5720 Augustinus
1209 5650 1262 5702 in
1299 5651 1453 5703 Junii.
1485 5667 1536 5719 v,
1582 5660 1621 5704 t.
1667 5649 1752 5716 lll,
1785 5650 1888 5706 col.

331 5722 460 5785 μδ,
491 5737 599 5778 uno
626 5732 845 5793 excepto
884 5723 1024 5776 ibunt
1054 5735 1150 5791 pro
1173 5720 1397 5773 abibunt.

837 3433 1044 3474 ornante
1073 3417 1310 3474 cohortis
1340 3413 1596 3472 militibus
1632 3416 1779 3472 cruci
1815 3415 1894 3471 al-

1925 4710 1976 4770 D

1948 5400 1952 5404 λ
1997 5387 2097 5424 non
2145 5381 2307 5442 potes,
2364 5374 2460 5424 nisi

2019 1871 2241 1926 latronis
2289 1871 2414 1927 odio
2443 1873 2820 1942 prosequaris?
2849 1873 3007 1928 Caret
3064 1872 3314 1927 omnibus
3372 1873 3586 1940 pietatis

2017 1961 2224 2026 ofﬁciis,
2268 1961 2359 2030 qui
2391 1961 2634 2016 odiorum
2666 1962 2895 2016 flammis
2935 1976 3213 2025 accensus,
3247 1963 3586 2031 persequitur

2019 2051 2070 2104 in
2101 2050 2319 2106 fratrem
2349 2053 2600 2121 gratiam,
2635 2053 2718 2108 uel
2751 2053 2930 2106 diuina
2967 2067 3070 2120 ope
3112 2053 3376 2108 conlatam
3409 2063 3433 2100 8
3454 2095 3470 2120 ,
3499 2054 3584 2108 uel

2018 2141 2290 2200 laboribus
2315 2142 2657 2209 ieiuniorum,
2692 2144 2774 2198 uel
2805 2142 3124 2198 adsiduitate
3149 2143 3470 2208 orationum,
3502 2145 3587 2198 uel

2022 2231 2318 2300 uigiliarum
2349 2233 2595 2286 instantia
2626 2233 2976 2300 omnibusque
3007 2234 3260 2288 uirtutum
3291 2235 3583 2303 generibus

2015 2321 2368 2389 conquisitam
2389 2323 2451 2377 ¹⁵.
2466 2322 2670 2378 Caritas
2691 2325 2832 2379 enim
2856 2324 2971 2377 sine
2999 2325 3362 2378 misericordia
3388 2326 3589 2393 imper-

2011 2411 2150 2472 fecta
2199 2424 2282 2469 est
2335 2415 2377 2445 “’
2421 2431 2435 2467 :
2485 2415 2608 2483 quia
2638 2413 3000 2470 misericordia
3047 2415 3288 2470 caritatis
3343 2416 3588 2486 corporis
3653 2469 3660 2484 ε

2023 2522 2305 2578 lcetionem
2340 2524 2559 2579 retinui.

2090 2603 2114 2663 9
2146 2595 2226 2648 An
2255 2597 2512 2663 particula
2542 2595 2587 2648 si
2614 2593 2856 2649 addenda
2889 2604 2990 2649 est.

2089 2661 2108 2700 ί
2141 2664 2213 2718 Ita
2240 2661 2406 2719 codex
2456 2681 2551 2730 pro
2592 2667 2731 2718 iuvat
2766 2665 2950 2718 scribit
2995 2665 3023 2717 b
3049 2665 3170 2719 loco
3198 2680 3252 2728 u,
3285 2679 3403 2732 qua:
3453 2664 3586 2717 scri-

2011 2741 2166 2855 ptura
2197 2735 2528 2801 frequentata
2555 2735 2802 2803 estapud
2838 2748 3046 2789 veteres
3067 2735 3477 2800 orthographos.
3511 2735 3583 2787 De

2051 2818 2200 2855 arum
2258 2804 2550 2855 litterarum
2603 2804 2906 2855 promiscuo
2961 2819 3058 2855 usu
3117 2804 3411 2855 consulesis
3457 2801 3583 2855 Put-

2051 2818 2200 2856 arum
2258 2804 2550 2858 litterarum
2603 2801 2906 2868 promiscuo
2961 2819 3058 2856 usu
3117 2804 3411 2856 consulesis
3457 2801 3583 2856 Put-

2009 2873 2236 2936 schium,
2262 2888 2382 2941 pag.
2411 2874 2574 2939 2295,
2591 2873 2998 2928 Terrassonium
3023 2872 3163 2926 llist.
3187 2874 3250 2926 de
3273 2873 3323 2925 la
3349 2871 3580 2937 Jurispr.

2009 2958 2164 3013 r_om.,
2215 2958 2303 3009 pp.
2335 2945 2402 2998 66
2433 2952 2487 2997 et
2516 2959 2656 3012 seq.,
2710 2956 2774 2997 ac
2827 2943 3056 2998 indiCem
3110 2942 3578 3013 orthographicum
3652 2959 3656 2962 '

2011 3009 2297 3065 Frontonis
2324 3014 2394 3066 cl.
2420 3013 2562 3067 Maii.

2081 3080 2444 3153 IfCod.recta
2475 3093 2528 3137 et
2576 3085 2790 3152 antiqua
2839 3081 3068 3137 lectione
3111 3096 3220 3153 non
3273 3081 3511 3153 geminat
3537 3079 3580 3150 ι,
3647 3089 3656 3115 ³

2011 3149 2106 3204 sed
2136 3151 2390 3222 mendosa
2430 3153 2616 3209 scribit
2643 3149 2846 3208 conlata
2874 3168 2973 3224 pro
3002 3149 3280 3206 conlatam.

810 3349 894 3403 uia
913 3348 1079 3414 Jesus
1116 3347 1363 3402 Christus
1390 3346 1635 3416 praesidis
1663 3345 1890 3416 Romani
1921 3345 1966 3410 C
2066 3350 2086 3381 ⁸
2115 3347 2368 3416 solemne
2399 3365 2602 3410 morem
2629 3367 2783 3406 suum
2816 3351 2902 3407 hic
2930 3360 3106 3406 servat
3136 3351 3470 3415 Ambrosius,
3521 3361 3580 3410 ut

2002 3417 2070 3472 de
2095 3419 2410 3489 quibusjam
2429 3420 2756 3480 disseruerat
2781 3422 3042 3490 superiori
3079 3424 3358 3486 concione,
3390 3422 3578 3486 eadem

2002 3503 2125 3542 cum
2156 3491 2382 3556 primum
2425 3491 3035 3556 dixisset,memoraret,
3090 3500 3145 3545 et
3186 3493 3398 3560 quidem
3457 3494 3576 3560 ple-

2003 3573 2230 3629 rumque
2256 3560 2408 3625 initio
2438 3563 2729 3626 sermonis;
2758 3561 3052 3628 cuiusmodi
3091 3562 3330 3629 exempla
3357 3562 3571 3617 abunde
3642 3571 3653 3594 ¹

2001 3628 2352 3700 Ambrosiana
2379 3631 2574 3700 scripta
2605 3631 2965 3700 suppeditant.
2993 3628 3436 3686 Sufﬁciattamen
3468 3632 3577 3685 lau-
3643 3685 3649 3690 .

1999 3696 2129 3752 dare
2148 3697 2284 3771 libb.
2314 3699 2380 3771 d_e
2399 3696 2528 3771 Cain
2558 3709 2611 3753 et
2641 3696 2806 3771 Abel,
2822 3701 2890 3756 de
2923 3701 3306 3771 Bonomur'tis,
3331 3702 3396 3752 de
3427 3701 3570 3771 Fuga

2000 3767 2206 3841 saeculi,
2233 3769 2300 3823 de
2329 3769 2525 3841 Joseph
2557 3769 2874 3841 Patriarch.,
2900 3772 2965 3824 de
2996 3770 3202 3841 Viduis,
3223 3767 3298 3825 de
3323 3767 3566 3841 Mysteri,
3644 3782 3648 3790 '

2001 3837 2394 3911 de:!ll_(_‘,al'llﬂl.,_
2411 3848 2465 3894 et
2492 3839 2558 3894 de
2586 3839 2818 3911 Excessu
2847 3840 3047 3911 Satyri.

2073 3907 2116 3938 ¹⁰
2137 3907 2251 3961 Νοιι
2276 3909 2434 3963 modo
2454 3925 2573 3979 quae
2597 3911 2704 3977 jam
2728 3907 3084 3964 edisseruerat
3108 3909 3273 3962 citare
3293 3909 3572 3964 consuevit

1999 3974 2056 4030 S.
2087 3979 2346 4049 Antistes,
2378 3974 2564 4034 verum
2598 3974 2762 4049 etiam
2808 3995 2927 4049 qua;
2977 3980 3576 4049 pertexerecogitabat
3638 3999 3642 4006 ·

1999 4047 2314 4117 quandoque
2344 4050 2606 4118 promisit.
2637 4047 2837 4103 Confer
2852 4047 3040 4103 saltem
3071 4064 3234 4103 serm.
3256 4047 3322 4103 de
3353 4049 3566 4104 Basilic.

2002 4130 2104 4187 non
2135 4119 2402 4180 tradeud.,
2437 4134 2491 4172 n.
2520 4117 2610 4182 24,
2642 4133 2693 4187 p.
2735 4119 2859 4186 922,
2904 4128 2958 4173 et
2980 4118 3133 4180 ibid.,
3163 4133 3216 4171 ιι.
3244 4133 3292 4181 c,
3343 4128 3382 4186 t,
3407 4118 3472 4172 lll
3504 4135 3581 4175 ace

2000 4185 2209 4258 l’rolog.
2246 4190 2299 4240 in
2349 4189 2444 4258 lib.
2472 4203 2506 4241 ιι
2553 4189 2618 4242 de
2644 4185 2789 4258 Spir.
2849 4190 3068 4255 Sancto,
3121 4205 3175 4241 ιι.
3229 4189 3316 4252 12,
3362 4197 3401 4242 ι.
3438 4188 3525 4243 IV.

2072 4256 2114 4287 “
2147 4259 2294 4310 Haud
2336 4257 2635 4313 absimilem
2675 4256 3046 4313 transitionem
3097 4259 3148 4310 in
3191 4259 3301 4312 suis
3347 4258 3563 4326 scriptis

2000 4324 2266 4380 interdum
2318 4336 2539 4395 usurpat
2579 4327 2916 4382 Ambrosius.
2948 4328 3065 4381 Vid.
3106 4328 3199 4380 lib.
3235 4326 3344 4381 tde
3390 4324 3565 4381 luter-

2004 4395 2129 4463 pell.
2163 4395 2352 4459 David,
2385 4397 2436 4462 1,
2471 4395 2524 4462 5,
2550 4405 2678 4450 tom.
2714 4397 2753 4450 1.

2071 4465 2114 4496 ³⁸
2134 4466 2188 4519 ln
2213 4466 2648 4520 similisententia
2671 4465 2800 4519 dicit
2824 4464 3138 4520 Ambrosius
3160 4464 3253 4518 lib.
3281 4480 3318 4518 ιι
3345 4463 3412 4519 de
3441 4464 3566 4520 Ρω-
3635 4491 3640 4495 ·

2001 4533 2324 4607 t~it.,_9,_83,
2359 4547 2398 4590 t.
2431 4535 2490 4607 lll
2525 4553 2537 4588 :
2569 4534 2876 4607 Quideuim
2916 4535 3118 4607 prodest
3146 4533 3355 4589 collatio
3398 4537 3562 4607 patri-

2001 4604 2296 4676 monii_sine
2323 4606 2488 4676 gratia
2530 4606 2796 4659 caritatis?

2072 4673 2116 4744 ‘_’
2144 4673 2338 4729 Confer
2359 4676 2516 4744 epi~t.
2547 4676 2637 4740 78,
2664 4676 2696 4730 6
2725 4685 2776 4728 et
2802 4675 2888 4739 10,
2915 4681 2955 4728 t.
2978 4673 3068 4729 lll.

2072 4741 2114 4774 “
2139 4744 2230 4798 Sic
2268 4741 2424 4798 etiam
2454 4745 2545 4799 lib.
2581 4760 2631 4798 tv
2664 4746 2714 4798 in
2741 4745 2890 4808 Luc.,
2926 4761 2978 4798 n.
3010 4745 3100 4808 46,
3136 4752 3176 4798 t.
3203 4745 3266 4810 ll,
3293 4743 3578 4799 scribebat

1999 4814 2311 4868 Ambrosius
2347 4833 2359 4867 :
2393 4813 2612 4869 Frustra
2640 4831 2784 4869 ovem
2832 4816 3192 4868 misericordite
3231 4816 3445 4869 caelestis
3474 4830 3565 4868 ex-

1999 4833 2311 4868 Amul'OSIUS
2347 4833 2359 4867 :
2393 4833 2612 4869 rrusrra
2640 4833 2669 4867 ο
2708 4833 2784 4868 em
2832 4833 3192 4868 misericoratte
3231 4833 3445 4869 caetcstts
3474 4833 3560 4868 ex-

1997 4891 2207 4953 spectes,
2232 4884 2480 4955 si_aliente
2515 4833 2760 4955 fructigus
2787 4886 2982 4938 uirtutis
3002 4886 3230 4938 invideas
3270 4899 3288 4938 :
3315 4901 3560 4952 asperna-

1999 4952 2078 5005 tor
2101 4959 2236 5005 enim
2270 4952 2827 5008 Dominus'iuvidoruttt
2871 4965 2964 5019 est,
2996 4964 3041 5006 et
3070 4955 3133 5006 ab
3173 4955 3258 5017 iis,
3283 4957 3368 5023 qui
3396 4955 3580 5007 divina-

1997 5024 2240 5088 beueﬁct‘a
2264 5024 2316 5076 in
2357 5025 2473 5078 aliis
2516 5033 2902 5094 persequuntur,
2930 5023 3179 5077 miracula
3205 5040 3312 5078 sua:
3341 5033 3563 5094 potesta-

1997 5094 2059 5146 tis
2075 5094 2286 5144 avertit.

2069 5162 2113 5192 ¹⁸
2141 5162 2439 5218 Perfectum
2463 5162 2739 5216 caritatem
2771 5162 2906 5216 haud
2933 5177 3163 5230 unquam
3195 5178 3223 5216 a
3256 5163 3562 5218 misericor-

1997 5231 2083 5286 dia
2115 5247 2233 5286 esse
2285 5234 2601 5300 disjunctam
2649 5246 2833 5285 rursus
2875 5234 3030 5286 ducet
3075 5233 3387 5287 Ambrosius
3419 5233 3509 5287 lib.
3534 5246 3552 5283 ι

1996 5301 2064 5356 de
2093 5302 2308 5368 Pmnit.,
2345 5303 2430 5365 11,
2464 5302 2552 5365 52,
2578 5312 2614 5354 t.
2645 5301 2733 5366 lll,
2764 5303 2849 5354 ubi
2872 5318 2888 5358 :
2912 5301 3215 5367 Proximus,
3249 5304 3434 5372 inquit,
3458 5317 3570 5354 esse

2510 5374 2668 5440 facias
2716 5373 3137 5425 misericordiam.
3193 5373 3338 5426 llanc
3383 5380 3566 5423 autent

1997 5441 2245 5496 virtutem
2271 5442 2424 5496 valde
2450 5441 2789 5496 commendat
2807 5453 3021 5495 sanctus
3043 5443 3187 5497 doct.
3212 5444 3264 5496 in
3293 5457 3374 5510 ps.
3400 5453 3578 5494 cxi-tit-

1997 5526 2162 5565 serm.
2193 5511 2246 5575 8,
2273 5509 2344 5564 22
2387 5520 2440 5565 et
2468 5527 2615 5580 seq.;
2665 5513 2756 5567 lib.
2802 5527 2837 5566 tt
2889 5512 2943 5566 in
2994 5513 3145 5575 Luc.,
3194 5527 3248 5564 ιι.
3293 5511 3384 5572 27,
3419 5510 3550 5568 t.|l.

2001 5581 2135 5635 Iib.t
2177 5586 2243 5653 de
2285 5582 2463 5653 0mg,
2497 5583 2679 5653 H.758
2723 5591 2775 5638 et
2817 5598 2968 5653 seq.;
3017 5583 3185 5638 etlb.
3218 5583 3271 5650 5,
3322 5580 3406 5645 19,
3464 5593 3566 5634 nee

2000 5667 2107 5705 non
2135 5652 2288 5720 epist.
2321 5653 2374 5722 7,
2405 5651 2457 5721 5,
2482 5661 2517 5708 t.
2554 5652 2640 5708 Ill.
