4132 6176
547 311 648 372 153

1505 304 1560 363 '5.
1599 293 1902 362 AMRROSI'
1936 299 2488 359 MEDlOLANENSIS
2525 297 2827 358 EPISCOPI

3706 298 3800 356 156

545 439 728 480 eorum
757 437 857 477 uua
899 419 1060 485 fellis,
1107 428 1161 474 et
1195 418 1378 473 botrus
1406 415 1772 470 amaritudinis
1799 414 2036 483 ipsorum
2071 413 2110 466 ¹.
2144 420 2194 480 Α
2221 411 2431 466 uificata
2483 418 2609 465 sunt
2651 417 2883 464 mortua.
2921 406 3010 464 Sic
3044 405 3182 476 apud
3213 406 3426 463 Eseiam
3457 407 3594 479 (Isa.
3619 426 3712 475 ιιι,
3738 413 3797 482 4)

491 508 497 514 ’
545 513 623 569 Ira
670 511 999 566 drachonum
1034 517 1061 546 ι
1108 508 1292 562 uinum
1331 509 1538 571 eorum,
1583 515 1637 558 et
1684 503 1834 556 furor
1876 501 2120 570 aspidum

485 611 488 616 '
545 601 854 660 insanabilis
895 601 937 653 ⁸.
973 597 1164 668 (Deut.
1220 610 1383 660 xxxii,
1414 595 1505 659 51,
1543 593 1632 659 52,
1660 593 1782 664 55).
1816 593 1882 646 Et
1906 591 2072 646 David
2107 608 2118 643 :

551 713 570 746 ι
606 694 955 762 Sepulclirmn
1003 698 1190 758 patens
1219 694 1302 741 est
1323 695 1504 755 guttur
1530 699 1738 748 eorum,
1781 682 1974 753 linguis
2010 683 2123 736 suis

544 785 730 838 dolose
743 783 986 850 agebant,
1001 792 1224 848 quorum
1238 789 1298 830 os
1320 774 1690 829 maledictione
1703 781 1758 827 et
1769 770 2124 826 amaritudine

545 877 762 944 plenum
795 881 876 925 est
903 871 923 901 ⁸
957 868 1126 938 (Psal.
1160 881 1276 933 xm,
1308 864 1707 935 3).!ra,inquit,
1739 860 1950 917 irabest
1979 860 2121 914 iuni-

543 966 677 1020 dere
721 963 947 1028 meliori,
997 959 1138 1014 felici
1189 958 1497 1020 detrahere,
1535 970 1750 1025 gemere
1800 953 2122 1024 profectibus

544 1056 804 1126 proximi;
835 1055 975 1106 unde
1016 1051 1279 1119 Propheta
1311 1049 1389 1103 sic
1425 1047 1554 1102 dicit
1584 1059 1599 1101 :
1632 1064 1651 1098 ι
1683 1047 1938 1101 Peccator
1969 1045 2121 1098 uide-

543 1149 640 1212 bit,
674 1159 728 1202 et
757 1145 1044 1211 irascetur,
1074 1142 1323 1198 dentibus
1350 1141 1462 1195 suis
1493 1139 1723 1206 frondet,
1757 1147 1812 1192 ct
1839 1140 2080 1192 tabescet
2101 1136 2122 1168 ⁸

547 1237 718 1308 (Ρεαι.
751 1252 860 1300 cxi,
907 1235 1020 1304 10).
1069 1231 1384 1301 Indignatio,
1429 1229 1622 1298 inquit,
1669 1228 2009 1298 indignatio°
2041 1235 2124 1281 est

484 1358 486 1360 τ
543 1329 760 1398 indigne
789 1329 928 1382 ferre
954 1325 1258 1379 inferiorem
1287 1322 1549 1392 superiori
1579 1322 1721 1376 dono
1748 1323 1948 1390 gratiae
1968 1335 2125 1376 coae-

543 1419 719 1488 quari,
751 1425 840 1471 aut
892 1416 1055 1484 gradu
1085 1414 1421 1468 rbarismatis
1450 1412 1705 1467 anteferri
1737 1413 1788 1476 ⁵;
1829 1428 1948 1466 cum
1982 1416 2124 1480 Ap‘o—

463 1545 468 1550 ι
543 1509 712 1562 stolus
744 1505 938 1560 Galatia
964 1503 988 1540 ά
1021 1505 1162 1558 dicat
1188 1519 1201 1556 :
1232 1521 1251 1554 ι
1272 1503 1388 1556 Νοιι
1416 1512 1498 1557 est
1523 1516 1712 1557 seruus
1742 1517 1915 1571 neque
1945 1501 2121 1558 liber:

548 1612 656 1652 non
711 1597 852 1650 inest
895 1595 1180 1660 masculus,
1215 1607 1388 1661 neque
1419 1593 1647 1656 femina;
1679 1591 1772 1646 sed
1810 1605 1999 1646 omnes
2025 1606 2123 1646 uos

547 1701 714 1742 unum
742 1686 872 1740 estis
903 1687 954 1739 in
985 1684 1197 1739 Christo
1228 1683 1342 1737 Iesu
1365 1683 1386 1713 ⁸
1409 1681 1551 1753 (Gal.
1585 1697 1662 1747 ιιι,
1689 1681 1804 1753 28).

2224 501 2444 556 uallium
2462 499 2610 554 fossa
2637 499 2914 569 replentur
2950 495 3000 565 ί,
3028 497 3291 552 montium
3319 497 3483 552 ardua
3513 498 3800 554 humilian-

2226 601 2338 657 tur;
2365 592 2444 646 sic
2469 604 2630 659 praua
2659 588 2979 658 diriguntur,
3003 597 3058 642 et
3082 599 3270 658 acpera
3299 587 3691 657 deplanantur:
3721 591 3799 647 sic

2223 681 2437 736 colliu-n
2475 682 2712 734 omnium
2750 695 2913 748 proin
2946 680 2998 732 in
3027 679 3350 747 aequalitate
3388 680 3576 734 librata
3603 680 3658 735 in
3684 683 3796 748 pla-

2224 772 2353 826 nitie
2399 783 2525 826 sunt
2570 770 2795 825 deducta
2841 784 3190 838 camporum;
3234 768 3312 824 sic
3353 771 3528 825 caedri
3555 781 3580 819 8
3608 773 3796 827 Libani

2225 863 2425 917 tenuati
2454 871 2600 921 sunt,
2631 861 2858 928 uirgulta
2889 860 2915 896 ιι
2945 860 3318 914 uitulaminum
3354 859 3368 896 ί
3407 863 3654 917 roborata
3682 865 3799 932 pin-

2221 961 2510 1021 guescunt;
2556 952 2635 1006 sic
2688 953 2900 1006 leonmn
2947 949 3162 1004 faeritas
3200 950 3214 1000 i
3255 951 3615 1006 mansuefacta
3671 954 3794 1007 boui

2223 1044 2582 1111 coniungitur,
2619 1049 2674 1096 et
2727 1043 2966 1094 carnium
2993 1040 3366 1109 pinguitudine
3395 1040 3624 1096 fastidita
3671 1057 3793 1107 cum

2224 1134 2363 1190 boue
2393 1135 2557 1204 paleis
2581 1133 2843 1188 uescitur:
2873 1133 2950 1186 sic
2997 1133 3150 1200 lupus
3203 1132 3352 1188 rabie
3399 1133 3636 1203 deposita
3671 1150 3793 1189 cum

2221 1226 2375 1295 agnis
2429 1237 2737 1290 camporum
2780 1232 2928 1292 prata
2969 1222 3310 1291 depascitur:
3347 1223 3425 1278 sic
3482 1240 3634 1279 ursus
3669 1239 3794 1282 cum

2225 1319 2412 1383 uitulo,
2458 1327 2513 1373 et
2565 1316 2768 1371 haedus
2819 1321 2942 1370 eum
2998 1315 3165 1385 pardo
3203 1317 3492 1370 concordat
3522 1315 3685 1388 (Ibid.
3716 1333 3790 1386 si,

2221 1411 2276 1477 6,
2305 1413 2396 1482 '7):
2426 1411 2503 1464 sic
2547 1409 2775 1463 infantes
2821 1406 3064 1463 cavernis
3113 1407 3354 1478 aspidum
3405 1424 3592 1465 manus
3648 1413 3794 1483 inge-

2221 1511 2364 1567 runt,
2412 1516 2512 1557 nec
2549 1507 2745 1557 nocent
2778 1503 2799 1533 θ
2843 1517 2856 1552 :
2893 1499 2974 1555 sic
3022 1499 3237 1554 humani
3286 1505 3496 1570 generis
3554 1504 3792 1560 uarietas

2179 1616 2188 1620 V
2221 1593 2343 1661 quia
2365 1591 2432 1646 de
2453 1592 2592 1644 boue
2612 1589 2678 1643 ad
2703 1589 2867 1642 Deum
2886 1603 2991 1642 non
3013 1589 3241 1656 pertinet
3264 1590 3330 1659 ¹⁰)
3346 1588 3369 1627 ¹ί
3393 1590 3444 1645 in
3461 1606 3623 1646 unum
3652 1594 3794 1648 redi-

2219 1692 2408 1753 getur:
2442 1681 2520 1736 sic
2547 1679 2831 1735 diuersitas
2857 1679 3110 1735 natalium
3131 1682 3335 1738 unitate
3360 1687 3685 1739 concordat:
3717 1687 3794 1741 slc

613 1777 683 1831 X.
732 1777 895 1831 Docet
946 1775 1287 1829 beatissimus
1318 1773 1515 1827 Paulus
1563 1774 1617 1828 in
1648 1773 1896 1829 omnibus
1950 1773 2115 1826 ferme
2145 1775 2191 1834 B
2220 1773 2551 1828 conditiones
2578 1777 2827 1827 aemulae
2855 1786 3010 1839 pares
3039 1771 3376 1837 efficiuntur;
3400 1774 3526 1828 dum
3556 1777 3794 1833 moriun-

543 1869 785 1939 epistulis
814 1877 837 1904 ε
863 1868 972 1921 suis
1001 1868 1047 1931 ⁷,
1069 1882 1135 1920 ex
1165 1867 1311 1920 omni
1354 1869 1588 1931 natione,
1621 1865 1896 1936 dignitate,
1925 1865 2117 1919 nobili—

543 1969 669 2025 tate,
693 1965 888 2023 aetate,
917 1957 1002 2010 uel
1033 1971 1160 2011 sexu
1196 1966 1520 2012 conuocatas
1561 1956 1626 2010 ad
1659 1957 1814 2009 lidem‘
1846 1971 2008 2010 unum
2040 1951 2117 2009 ef-

541 2045 710 2102 fectos
761 2046 812 2100 in
852 2045 1098 2110 Christo;
1129 2046 1282 2100 cuius
1325 2045 1586 2114 passionis
1615 2054 1948 2100 sacramento
1971 2045 1992 2076 ⁸
2018 2043 2114 2108 de-

544 2140 856 2194 bonestaius
886 2146 968 2193 est
1006 2138 1186 2192 mundi
1219 2137 1570 2207 principatus,
1604 2136 1884 2205 deturpata
1924 2136 2118 2190 nobili-

541 2239 646 2296 tas,
695 2228 954 2284 celsitudo
1002 2228 1230 2292 deiecta,
1289 2227 1521 2281 exaltata
1573 2225 1866 2290 humilitas,
1908 2225 2117 2281 eleuata

541 2319 847 2391 depraessa,
884 2319 1158 2389 puriﬁcala
1181 2313 1427 2384 sordida,
1465 2319 1696 2386 iacentia
1729 2327 1930 2386 erecta,
1959 2329 2014 2376 et
2033 2313 2114 2373 ui-

619 2461 648 2492 ι
675 2453 798 2506 llaec
827 2466 926 2506 vox
950 2451 1020 2505 ita
1042 2465 1161 2505 cum
1185 2450 1412 2520 aspirata
1435 2450 1674 2506 etiamin
1694 2451 1927 2521 antiquis
1956 2450 2117 2507 codd.

543 2523 827 2580 reperitur.

671 2591 806 2646 Cod.
826 2593 903 2644 ira
929 2606 1049 2646 cum
1071 2590 1310 2657 emphasi
1340 2591 1548 2660 repetit.

618 2671 642 2700 ο
676 2663 750 2716 En
775 2664 940 2716 altera
969 2661 1216 2730 repetitio
1239 2676 1331 2730 per
1353 2659 1645 2730 emphasim
1673 2659 1827 2714 facta.
1855 2661 2002 2726 Quod
2027 2677 2121 2714 au-

478 2751 489 2758 ·
541 2741 662 2802 tem,
713 2733 881 2800 inquit
925 2731 1092 2785 Maius
1137 2731 1202 2784 de
1243 2733 1321 2802 lie
1351 2731 1474 2799 pub.
1509 2749 1545 2793 i,
1575 2732 1663 2794 47,
1715 2747 1768 2799 p.
1813 2731 1932 2794 ωδ,
1972 2741 2121 2802 negat

484 2818 490 2824 '
542 2801 774 2856 Mosens
795 2802 1087 2868 repetitione
1109 2800 1336 2853 vocabuli
1365 2817 1508 2868 posse
1524 2801 1798 2870 signiﬁcari
1816 2800 2116 2870 emphasim,

540 2873 727 2924 mirum
756 2873 982 2996 milg3est
999 2887 1015 2935 ;
1043 2880 1091 2924 et
1116 2881 1245 2924 certe
1274 2872 1488 2940 refutari
1521 2869 1720 2924 videtur
1748 2872 1811 2925 a'o
1835 2872 1944 2941 ipso
1964 2869 2113 2924 Cice-

541 2956 684 2996 rone.
719 2956 769 2996 D.
913 2979 928 2994 .

477 2963 480 2967 ‘
541 2956 684 3004 τοηε,
719 2956 769 3004 II.
807 2956 928 2996 ιυῡ.

613 2956 1131 3065 Ζεδιῗᾶεέυιῖἶειιάοεο
1160 3009 1438 3064 Corinthiis
1479 3009 1657 3066 habet.

613 3089 637 3118 ο
666 3081 741 3134 Ita
771 3081 890 3134 cod.
924 3097 1021 3148 pro
1050 3080 1294 3149 epistolis.
1340 3079 1470 3134 Vide
1505 3096 1647 3149 sup.,
1678 3095 1795 3150 pag.
1823 3081 1913 3144 22,
1949 3089 2056 3136 not.
2089 3082 2118 3134 b

542 3150 676 3221 (Col.
713 3152 836 3215 151,
860 3167 913 3201 n.
946 3158 992 3218 ε)
1019 3153 1106 3203 ubi
1136 3154 1481 3221 observatum
1531 3152 1740 3221 reliqui,
1767 3153 1968 3206 litteras
1997 3169 2027 3206 o
2065 3162 2120 3206 et

540 3220 574 3274 st
595 3221 734 3327 apud
769 3227 977 3273 veteres
1007 3221 1144 3274 inter
1172 3235 1231 3274 se
1262 3220 1454 3272 mutuis
1476 3221 1676 3272 vicibus
1704 3220 1869 3290 fungi.

677 3290 728 3327 In
762 3290 945 3327 tondi“:
972 3291 1195 3327 ronlatnr
1232 3287 1512 3327 snanil'ncln
1542 3290 1734 3327 mandn

677 3290 729 3342 In
762 3290 946 3342 codice
972 3291 1195 3356 repletur
1232 3287 1512 3342 manifesto
1541 3290 1754 3342 mendo.

612 3369 637 3406 ς
663 3331 734 3413 lia
763 3331 1074 3413 codegcum
1105 3331 1434 3427 diphthongi)
1465 3331 1803 3429 mediique
1834 3360 1992 3416 lectio
2020 3376 2116 3417 an-
2144 3331 2190 3392 ο

539 3429 802 3498 tiquoruni
834 3428 990 3482 codd.
1026 3429 1342 3498 auctoritate
1363 3441 1469 3482 non
1491 3437 1658 3483 caret.

609 3498 637 3536 h
669 3499 724 3552 In
752 3498 870 3552 cod.
900 3497 1214 3570 virgultae...
1241 3501 1523 3570 roboratae,
1557 3499 1696 3568 quod
1723 3500 1934 3568 quidem
1966 3513 2122 3570 repe-

538 3568 691 3639 titum
720 3578 800 3622 est
844 3568 1127 3633 mendum;
1177 3582 1296 3621 nam
1338 3568 1552 3639 uirgulta
1602 3580 1788 3624 neutra
1839 3586 1938 3625 vox
1995 3568 2118 3639 est,

537 3638 824 3708 ideoquein
839 3647 1064 3707 utraque
1091 3649 1220 3692 voce
1250 3653 1276 3690 e
1298 3638 1532 3692 abundat
1557 3639 1609 3696 in
1642 3643 1767 3695 line.

608 3755 624 3787 ⁸
657 3753 769 3809 Νοιι
801 3753 988 3808 iisdem
1018 3751 1192 3805 verbis
1215 3750 1270 3806 h.
1294 3751 1330 3805 l.
1353 3761 1573 3820 usurpat
1603 3752 1945 3817 Ambrosius;
1987 3767 2109 3807 nam

469 3859 474 3864 ο
535 3824 628 3880 lib.
659 3825 725 3879 de
759 3825 868 3878 Elia
896 3834 949 3877 ct
975 3820 1174 3890 Jejun.,
1207 3821 1290 3884 14,
1320 3821 1408 3887 52,
1441 3831 1478 3877 t.
1511 3822 1551 3885 Ι,
1581 3825 1658 3876 sic
1685 3839 1698 3874 :
1734 3820 1809 3876 De
1843 3824 1986 3875 tinea
2016 3823 2117 3876 So-

469 3938 474 3944 .
535 3897 699 3951 doma:
727 3895 897 3948 vinum
935 3907 1133 3955 eorum,
1177 3902 1221 3945 et
1261 3893 1372 3944 vitis
1402 3907 1575 3944 eorum
1616 3893 1729 3944 vitis
1773 3891 2070 3946 Gomorrlue
2096 3907 2115 3946 :

536 3981 629 4022 uua
650 3981 822 4017 eorunt
849 3979 945 4016 uva
966 3961 1122 4032 fellis,
1149 3962 1322 4015 botrus
1350 3962 1707 4017 amaritudinis
1722 3964 1774 4013 in
1795 3963 1937 4029 ipsis.

606 4035 626 4068 ⁸
660 4037 732 4087 Ita
759 4033 1074 4102 Ambrosius
1101 4031 1138 4085 Ι.
1166 4045 1240 4097 c.,
1266 4032 1309 4086 si
1331 4045 1495 4101 ponas
1514 4033 1594 4085 ira
1621 4033 1706 4085 ubi
1736 4033 1902 4102 furor,
1931 4040 1984 4086 et
2005 4031 2120 4087 vice

538 4119 749 4227 Μἕδίῖίιι
781 4171 846 4226 ad
877 4172 1098 4228 verbum
1128 4171 1284 4240 Vulg.
1327 4170 1494 4240 antiq.
1523 4179 1579 4224 et
1619 4185 1752 4224 nova
1783 4186 1902 4225 cuni
1936 4173 2113 4239 Augu-

524 4245 692 4308 stino,
721 4253 774 4297 et
793 4241 1154 4305 Cassiodorio,
1187 4241 1380 4309 quibus
1414 4241 1572 4294 uiodo
1593 4243 1902 4296 Ambrosius
1937 4253 2120 4296 noster

528 4314 854 4382 adjnngiiur.
906 4315 960 4366 lu
1009 4311 1376 4367 AinbrOsiati's
1414 4312 1627 4377 scriptis
1656 4312 1930 4380 hucusque
1959 4312 2118 4366 editis

533 4387 706 4452 prima
741 4392 944 4438 tantum
974 4383 1134 4436 verba
1172 4383 1598 4453 reperiebantur,
1641 4382 1848 4436 scilicet
1878 4397 1891 4433 :
1929 4382 2119 4453 Sepul-

529 4458 712 4540 chrum
740 4466 912 4540 patens
950 4463 1023 4506 est
1066 4462 1240 4523 guttur
1283 4468 1482 4518 eorum,
1506 4452 1560 4506 in
1602 4453 1736 4522 psal.
1765 4452 2113 4507 cxvtuserm.

535 4522 1063 4660 16‘:gszf’Atinigltistinus
1090 4591 1288 4660 frendet
1315 4599 1361 4644 et
1390 4591 1603 4645 tabescet
1650 4599 1958 4646 constanter
1985 4592 2116 4646 scri-

529 4660 626 4727 bit,
655 4678 885 4731 quocuni
915 4665 1068 4716 lirev.
1098 4661 1362 4715 Mo‘zarab.
1391 4661 1608 4715 Graecus
1638 4665 1828 4734 Βρύξει,
1858 4667 1939 4717 καὶ
1963 4668 2116 4722 τακό-

529 4752 756 4856 αἷαὲυο
782 4802 1054 4867 resiiicere
1080 4799 1290 4854 videtur
1320 4800 1406 4853 illa
1439 4801 1712 4854 distinctio
1741 4800 1881 4854 inter
1911 4800 2110 4866 impro-

2221 1872 2308 1918 tur
2334 1877 2427 1932 per
2453 1861 2772 1932 baptismum
2806 1862 3068 1916 natalibus
3099 1863 3305 1929 mundi,
3329 1873 3383 1919 et
3407 1866 3794 1938 nobilitati~per
3852 1865 3856 1867 ’

2191 1950 2446 2025 ἐι-διὶιιιῐι
2474 1955 2624 2009 caelo
2659 1961 2946 2008 nascuntur
2968 1955 3030 2020 ¹¹,
3059 1954 3273 2011 dicente
3309 1957 3464 2011 Eseia
3496 1941 3750 2029 propheta
3777 1977 3791 2016 :

2224 2064 2244 2098 ι
2283 2047 2420 2102 Ecce
2438 2060 2580 2101 nunc
2601 2045 2901 2100 dominator
2923 2044 3177 2102 Dominus
3197 2047 3428 2104 Sabaoth
3450 2053 3790 2110 conturbabit

2185 2172 2190 2178 -
2219 2135 2480 2206 gloriosos
2509 2147 2630 2190 cum
2659 2136 2877 2200 uirtute,
2909 2145 2964 2190 et
3003 2137 3092 2206 qui
3123 2137 3339 2207 superbi
3367 2149 3491 2194 sunt
3516 2151 3794 2198 contume-

2175 2240 2184 2254 '
2219 2227 2288 2282 lia
2318 2233 2684 2290 conterentur,
2719 2234 2773 2280 et
2810 2223 3250 2294 humiliabuntur,
3289 2238 3341 2282 et
3371 2229 3562 2284 cadent
3590 2233 3792 2287 excelsi

2176 2313 2180 2318 ’
2221 2319 2398 2391 gladio
2422 2318 2686 2375 .Libanus
2717 2332 2846 2374 uero
2875 2334 2995 2374 cum
3018 2319 3139 2374 altis
3165 2319 3320 2375 cadet
3342 2320 3382 2351 ¹²
3414 2320 3586 2391 (Ibid.
3616 2339 3668 2389 sv,
3699 2326 3792 2390 35,

2301 2450 2426 2509 £Ab
2465 2450 2844 2521 antiquissimis
2875 2467 3040 2521 usque
3080 2451 3403 2521 temporibus
3440 2451 3539 2509 hoc
3569 2459 3795 2512 vocabit.

2225 2522 2332 2577 lum
2361 2523 2633 2576 vitulamen
2665 2537 2760 2590 pro
2806 2524 3052 2590 plantatio
3080 2523 3307 2577 obtinuit
3349 2525 3487 2592 apud
3532 2541 3714 2580 sacros
3743 2539 3794 2586 et

2227 2593 2618 2666 ecclesiasticos
2637 2593 2952 2666 scriptores;
2966 2593 3044 2666 _de
3067 2593 3218 2666 cujus
3239 2593 3544 2666 originesic
3567 2597 3796 2666 loquitur

2227 2662 2286 2734 δ.
2313 2663 2663 2734 Augustinus,
2682 2663 2773 2718 lib.
2807 2662 2930 2734 u_de
2965 2662 3143 2734 Doctr.
3173 2663 3314 2722 cbr..
3351 2673 3387 2717 t.
3422 2665 3505 2728 ΙΙΙ,
3542 2681 3592 2734 p.
3623 2662 3662 2734 ι“,
3690 2670 3797 2722 eol.

2223 2733 2310 2808 26ἲ
2337 2734 2591 2808 Quoniam
2604 2733 2808 2808 paulo;
2826 2732 2999 2786 Graece
3021 2732 3214 2808 vitulus
3226 2734 3428 2808 dicitur,
3452 2732 3796 2808 μοάχεύματα

2223 2803 2430 2874 quidam
2470 2819 2568 2854 non
2599 2803 2949 2856 intellexerunt
2979 2818 3085 2874 esse
3112 2803 3483 2872 plantationes,
3530 2803 3796 2860 ei'viliila-

2176 2919 2186 2931 .
2226 2878 2368 2927 mina
2396 2873 2707 2952 interpretati
2752 2883 2901 2952 sunt;
2931 2873 3016 2952 qui
3059 2882 3331 2952 errorutam
3374 2877 3556 2952 multos
3602 2875 3798 2932 codices

2225 2943 2620 3010 prteuccupaoit,
2653 2950 2707 2995 ut
2735 2944 2815 2996 vix
2842 2944 3123 2995 inveniatur
3162 2943 3308 2996 aliter
3337 2945 3619 3009 scriptum:
3650 2957 3695 3000 et
3721 2957 3799 2999 ta-

2225 3031 2335 3066 men
2362 3014 2611 3066 sententia
2643 3013 3057 3080 manifestissima
3087 3023 3180 3077 est,
3211 3014 3328 3082 quia
3368 3018 3593 3070 clarescit
3621 3033 3797 3072 conse-

2223 3083 2486 3147 quentibus
2512 3083 2674 3135 verbis
2695 3098 2714 3136 :
2745 3098 2957 3149 namque
2974 3082 3288 3154 adulterinae
3311 3085 3664 3154 plantationes
3689 3103 3794 3142 non

2174 3157 2178 3160 ’
2223 3154 2425 3206 dabunt
2454 3156 2659 3207 radices
2674 3154 2806 3206 altas
2834 3154 2984 3222 (Sap.
3006 3167 3071 3217 tv,
3098 3153 3175 3223 5),
3195 3158 3564 3209 conuenientius
3592 3157 3797 3220 dicitur,

2223 3238 2373 3298 quam
2400 3223 2874 3298 yitiilaittina,_quw
2911 3223 3118 3291 pedibus
3155 3227 3207 3276 in
3239 3233 3372 3277 terra
3398 3227 3721 3294 gradiuntur,
3753 3239 3798 3281 et

2223 3309 2326 3346 non
2347 3292 2539 3346 luerent
2569 3293 2842 3345 radicibus.

2302 3363 2315 3412 i
2354 3362 2425 3434 lta
2456 3361 2621 3434 codex
2647 3376 2769 3434 cum
2798 3360 3126 3434 diphthongo
3147 3363 3376 3434 Meritus,
3408 3379 3565 3434 quam
3613 3365 3798 3422 lectio-

2225 3447 2348 3487 nem
2382 3431 2518 3484 haud
2550 3445 2672 3485 raro
2697 3433 2853 3497 prisci
2884 3431 3138 3486 exhibent
3166 3433 3324 3487 codd.

2294 3501 2322 3541 ¹ί
2351 3503 2497 3573 lianc
2526 3501 2882 3573 parenthesim
2912 3502 3289 3573 designandum
3310 3501 3566 3573 judicavi,
3598 3517 3655 3560 ut
3688 3505 3797 3562 cla-

2223 3573 2334 3628 rior
2360 3572 2445 3628 hic
2475 3572 2623 3626 locus
2654 3571 2926 3628 evaderet.

2292 3754 2313 3785 ⁶
2349 3753 2661 3808 Ambrosius
2680 3752 2774 3806 lib.
2801 3767 2834 3806 ιι
2858 3753 2926 3823 de
2953 3751 3324 3823 Spir.7sanct.,
3344 3753 3396 3819 8,
3423 3753 3512 3823 79,
3543 3753 3614 3808 ita
3640 3773 3654 3810 :
3685 3771 3796 3808 oin-

2221 3839 2312 3877 nes
2335 3841 2422 3877 vos
2448 3840 2606 3876 unum
2635 3825 2753 3876 estis
2781 3823 2834 3876 in
2857 3822 3057 3876 Christo
3082 3822 3227 3877 Jesu.

2221 3962 2262 4018 ϐ
2291 3895 2317 4016 7|
2340 3896 2419 3947 Ad
2628 3910 2682 3960 ιι,
2705 3892 2836 3958 12;l
2858 3893 2924 3946 ad
2945 3895 3066 3947 (iur.
3093 3909 3147 3959 κ,
3171 3895 3265 3959 17;
3290 3891 3358 3948 ad
3377 3892 3496 3949 Gal.
3521 3893 3558 3948 Ι.
3583 3907 3634 3950 c.
3658 3903 3708 3948 ct
3729 3893 3796 3949 ad

2265 3978 2297 4017 ο
2328 4004 2340 4017 .
2369 3980 2444 4018 ιιι.
2551 4003 2564 4016 .

2265 3978 2340 4017 0|.
2369 3980 2444 4025 Ill,
2477 3978 2564 4018 ‘I‘I.

2293 4035 2315 4066 ⁸
2338 4033 2490 4086 Conf.
2516 4033 2704 4086 saltem
2731 4032 2780 4084 in
2805 4032 2940 4100 psal.
2957 4048 3118 4088 cxvm
3144 4047 3305 4088 scrm.
3334 4031 3420 4098 12,
3443 4033 3500 4102 5,
3526 4043 3564 4087 ι.
3591 4033 3678 4100 ιι..
3705 4034 3796 4090 ubi

2222 4103 2414 4159 similis
2441 4103 2671 4156 elocutio
2703 4104 2950 4156 recurrit.

2295 4176 2315 4206 ’
2339 4173 2462 4227 Haec
2487 4173 2672 4226 eadem
2703 4171 2851 4225 Isaiae
2874 4173 3033 4226 verba
3065 4179 3284 4240 usurpat
3311 4185 3520 4239 quoque
3567 4173 3795 4226 Ambro-

2222 4244 2336 4300 sius
2358 4245 2447 4297 lib.
2475 4257 2506 4295 v
2531 4242 2879 4306 ilcxaemen.,
2901 4242 2957 4305 ἓ,
2981 4243 3044 4306 6;
3072 4244 3163 4298 lib.
3183 4241 3297 4296 nde
3314 4241 3583 4309 luterpell.
3609 4243 3794 4309 David,

2222 4317 2250 4370 1
2283 4314 2337 4379 4,
2361 4324 2402 4368 t.
2431 4314 2477 4378 l;
2501 4316 2554 4366 in
2589 4315 2720 4382 psal.
2749 4328 2910 4367 cxvui
2939 4328 3102 4367 senm.
3137 4314 3189 4375 ϐ,
3231 4313 3325 4375 17;
3356 4321 3410 4366 et
3448 4315 3498 4365 in
3535 4313 3658 4366 Luc.
3705 4329 3794 4380 vn,

2222 4385 2294 4438 45
2322 4396 2375 4438 et
2394 4383 2519 4447 202,
2549 4395 2587 4453 ι.
2613 4384 2685 4447 ll;
2709 4393 2868 4453 atque
2896 4384 2985 4437 lib.
3016 4400 3032 4437 ι
3063 4383 3130 4438 de
3152 4383 3368 4448 Paenit.,
3413 4383 3500 4446 15,
3532 4382 3602 4438 65
3626 4395 3680 4437 et
3704 4387 3793 4439 tit.

2172 4502 2176 4506 .
2225 4465 2263 4509 t.
2293 4455 2377 4514 Ill.
2411 4464 2461 4508 et
2487 4452 2646 4506 infra.

2296 4525 2335 4554 ¹⁰
2364 4524 2597 4589 Respicit
2619 4524 2677 4576 S.
2707 4521 2890 4576 doctor
2914 4523 2976 4575 ad
3008 4521 3134 4576 illud
3163 4521 3402 4591 Apostoli
3433 4521 3450 4576 ι
3481 4519 3604 4577 Cor.
3624 4538 3694 4588 ix,
3719 4524 3752 4580 9
3781 4543 3794 4581 :

2173 4643 2181 4648 ..
2221 4592 2473 4661 Nunquid
2496 4591 2560 4645 de
2580 4593 2735 4645 bobus
2767 4608 2888 4644 cura
2917 4604 2988 4645 est
3015 4593 3158 4646 Deo?

2291 4664 2331 4693 ¹¹
2367 4664 2630 4732 Legantur
2651 4662 2741 4716 lib.
2761 4663 2828 4716 de
2847 4661 3064 4732 Myster.
3100 4662 3153 4728 5,
3191 4662 3274 4725 11,
3297 4672 3353 4719 et
3377 4662 3430 4728 4,
3455 4663 3544 4725 il.
3576 4671 3632 4717 et
3653 4663 3748 4721 lib.
3779 4680 3794 4719 t

2219 4731 2288 4787 de
2309 4731 2460 4802 Spir.’
2493 4741 2692 4798 sanct.,
2723 4733 2870 4797 6,76
2898 4731 2954 4787 et
2976 4748 3152 4800 seqq,
3184 4733 3272 4784 ubi
3301 4735 3503 4787 similes
3535 4733 3797 4792 dictiones

2223 4812 2280 4857 et
2315 4805 2595 4857 sententizn
2623 4812 2766 4856 sunt.
2801 4804 2873 4856 lta
2925 4817 3052 4856 vero
3087 4804 3174 4855 lib.
3219 4803 3286 4855 de
3333 4803 3472 4871 Fuga
3518 4819 3669 4865 $336.,
3703 4806 3792 4870 1.Ι,

528 4870 651 4941 bum
677 4883 732 4925 et
756 4871 1014 4934 invidum,
1044 4886 1144 4941 «pta
1167 4871 1336 4941 utitur
1357 4871 1420 4925 S.
1446 4871 1633 4924 doctor
1652 4871 1746 4924 lib.
1777 4885 1814 4924 It
1841 4870 1906 4924 de
1927 4873 2105 4934 Ol'tic.,
2135 4874 2191 4935 Ι)
2213 4874 2302 4937 51,
2343 4882 2381 4926 t.
2414 4875 2430 4926 l
2457 4890 2471 4928 :
2505 4873 2742 4926 Mortuus
2774 4872 2975 4941 quidem
3003 4873 3153 4926 semel
3179 4883 3250 4924 est
3274 4888 3292 4925 :
3323 4870 3653 4926 sedmoritur
3675 4878 3794 4927 uni-

528 4938 596 4994 50
618 4983 632 5004 ,
665 4942 769 4995 152
789 4983 809 5011 ,
843 4951 883 4996 t.
931 4942 1016 4994 lll.
1048 4939 1198 5006 Filii,
1230 4941 1422 5009 inquit,
1446 4942 1603 5011 fugite
1633 4941 1906 5011 improbos,
1941 4951 2106 4995 cauete

526 5011 742 5067 invidos.
775 5009 920 5065 Inter
958 5011 1242 5079 improbum
1279 5022 1327 5064 et
1362 5009 1591 5064 invidum
1627 5009 1722 5063 Itoc
1746 5015 1984 5076 interest,
2011 5013 2108 5064 int-

527 5082 713 5147 probus
743 5098 836 5134 suo
869 5081 1148 5134 delectatur
1177 5083 1328 5146 bono,
1367 5083 1570 5135 invidus
1601 5090 1865 5151 torquetur
1887 5081 2055 5135 alieno
2086 5097 2105 5135 :

525 5151 614 5223 ille
641 5154 806 5223 diligit
825 5156 988 5212 mala;
1013 5153 1093 5205 hic
1115 5151 1244 5205 bona
1266 5151 1371 5204 odit
1393 5167 1412 5215 ;
1435 5159 1488 5204 ut
1520 5154 1671 5219 probe
1711 5151 2022 5223 tolerabilior
2039 5153 2106 5206 sit

523 5222 610 5290 qui
636 5222 731 5275 sibi
743 5222 859 5275 ivult
891 5224 1040 5285 bene,
1069 5239 1221 5291 quant
1245 5238 1328 5288 qui
1360 5224 1490 5275 ntule
1503 5224 1752 5275 omnibus.
1787 5222 1999 5276 Etsane
2022 5223 2104 5277 itt-

524 5291 808 5350 videntiam
848 5302 904 5346 ut
945 5294 1227 5362 quamdam
1265 5293 1428 5360 probe
1456 5293 1800 5346 insanabilem
1829 5293 2101 5360 aegritudi-

523 5376 646 5433 nem
693 5362 829 5416 haud
861 5363 1220 5426 tolerandam,
1251 5362 1344 5417 sed
1391 5362 1920 5433 fugiendam‘suadet
1971 5367 2098 5418 Am-

525 5432 756 5504 brosius.
784 5433 872 5487 Sic
900 5433 1041 5486 enim
1064 5434 1220 5504 epist.
1249 5433 1338 5497 29,
1374 5431 1469 5488 ΠΣ
1491 5441 1528 5488 ι.
1558 5433 1621 5487 lll
1657 5450 1669 5485 :
1702 5431 1888 5487 Terras
1909 5433 2092 5504 fugito,

526 5502 577 5571 in
608 5505 787 5570 quibus
822 5504 1014 5558 invidia
1043 5513 1138 5568 est,
1167 5503 1249 5556 ubi
1275 5505 1507 5571 ambitio,
1530 5504 1613 5556 ubi
1634 5505 1903 5560 contentio.
1931 5502 2098 5558 l’brro

524 5570 609 5625 bis
653 5582 757 5627 tam
788 5573 1091 5631 detestabili
1137 5580 1288 5642 peste
1327 5570 1498 5629 terris
1530 5576 1794 5641 corruptis
1823 5574 1966 5630 nulla
1997 5589 2094 5642 pax

523 5650 605 5723 est
625 5667 644 5704 ,ν
686 5644 827 5723 nulla
867 5653 1081 5712 caritas,
1125 5644 1300 5701 nullus
1343 5643 1648 5714 ordo;quia
1679 5658 1766 5701 res
1807 5643 1946 5701 nulla
1973 5645 2095 5715 jure

525 5722 878 5780 componitur.

2214 4944 2394 5006 cuique
2440 4945 2526 5011 qui
2555 4944 2835 5011 baptizatur
2861 4943 2913 4995 in
2944 4953 3106 4994 morte
3132 4941 3355 5007 Christi;
3394 4952 3448 4994 ut
3479 4945 3797 5007 consepelia-

2214 5028 2328 5066 mur
2358 5029 2470 5066 cum
2490 5030 2570 5075 eo,
2596 5023 2639 5065 et
2662 5029 2988 5083 rcsurgamus
3019 5028 3133 5064 cum
3156 5028 3232 5072 eo,
3277 5026 3321 5063 et
3355 5013 3406 5064 in
3434 5014 3655 5067 novitate
3685 5015 3796 5068 vitm

2169 5134 2171 5136 .
2215 5082 2356 5136 illius
2385 5085 2718 5137 ambulemus.
2755 5082 2881 5154 Vide
2908 5083 3067 5136 etiam
3108 5083 3297 5154 sis‘lib.
3330 5097 3385 5136 ιιι
3418 5082 3486 5138 de
3526 5087 3794 5154 Sacram,

2217 5155 2241 5208 1
2272 5163 2326 5206 et
2353 5166 2493 5222 seq.,
2525 5154 2662 5221 apud
2694 5152 3034 5206 Ambrosium
3068 5163 3106 5204 t.
3134 5152 3197 5205 Ill
3227 5167 3378 5218 oper.

2289 5224 2332 5255 “
2367 5221 2528 5278 Favet
2552 5225 2673 5277 huic
2700 5224 2912 5277 lectioni
2941 5221 3176 5285 Gr.rcus,
3198 5223 3285 5291 qui
3309 5222 3520 5291 quidem
3545 5223 3664 5278 loco
3695 5223 3796 5278 Do-

2213 5295 2382 5347 minus
2402 5295 2658 5357 rirtutum,
2683 5301 2740 5348 ut
2759 5293 2809 5346 in
2826 5293 2992 5359 antiq.
3018 5291 3172 5360 Vulg.
3204 5294 3396 5362 legitur
3423 5294 3560 5362 apud
3582 5294 3794 5360 Suban,

2199 5375 2254 5418 et
2285 5378 2378 5431 pro
2409 5363 2658 5416 Dominus
2698 5369 3007 5416 exercituum
3035 5363 3198 5417 veluti
3232 5379 3365 5417 nova
3396 5362 3550 5432 Vulg.
3601 5363 3789 5429 refert,

2200 5434 2474 5508 nobiscum
2506 5433 2685 5508 habet,
2715 5434 3010 5508 bAsrrrIii-n;
3044 5432 3230 5508 libpto;
3261 5435 3503 5496 σαϐαὼθς
3533 5435 3664 5508 item
3699 5450 3794 5508 pro

2163 5555 2172 5563 ,
2198 5505 2318 5558 elati
2349 5505 2776 5566 comminuentur,
2806 5507 2885 5556 vel
2923 5503 3104 5557 excelsi
3120 5503 3330 5558 ’statura
3370 5503 3724 5568 succidantur,
3747 5507 3794 5558 οἱ

2162 5625 2170 5633 .
2198 5575 2379 5645 ὑψηλοὶ
2401 5582 2462 5648 τῇ
2491 5573 2638 5649 ᾕϐρει
2661 5573 3327 5649 συντριϐἠνσογτῄαιηεχεειεὶ
3355 5574 3593 5644 superbia
3616 5587 3792 5649 cantes

2196 5654 2403 5705 rentur;
2437 5645 2632 5712 t'cliq'tta
2663 5645 2809 5702 vero}
2834 5648 2914 5698 καὶ
2943 5647 2985 5697 oi
3015 5645 3194 5713 ὑψηλοὶ
3229 5649 3720 5707 ἰάιιέινιιιθιήνιόντσιιι
3739 5647 3790 5698 iul

2198 5723 2298 5783 est,
2331 5724 2377 5769 ct
2407 5715 2588 5771 excelsi
2616 5714 3038 5770 Itumiliabuntur.
3068 5715 3333 5773 Cancrum
3367 5730 3485 5771 cunt
3514 5717 3611 5772 bus
3640 5719 3791 5770 Isaia:
