4132 6176
586 291 686 346 159

579 399 1105 471 interpretationibus
1143 399 1456 452 interseram
1490 397 1528 461 ',
1577 393 1802 447 dicentis
1851 411 1862 444 :

578 489 707 544 liatc
735 504 832 544 uos
863 499 1094 543 ueterem
1149 487 1416 541 hominem
1463 499 1582 538 cum
1629 483 1834 537 actibus
1881 483 1993 536 eius
2024 484 2066 543 ',
2097 491 2151 535 et

582 579 784 634 induite
832 593 1028 632 nouum
1076 576 1163 645 qui
1215 582 1504 630 renouatur
1549 573 1601 626 in
1633 572 1903 642 agnitione
1949 571 2151 628 Dcise-

579 672 812 726 cundum
857 669 1140 738 imaginem
1174 666 1310 728 eius,
1342 665 1431 734 qui
1457 664 1660 718 creauit
1689 679 1810 717 eum
1833 662 1873 717 ³.
1907 662 2006 718 Ubi
2045 676 2151 716 non

574 773 652 815 εει
679 759 951 814 masculus
981 769 1030 812 et
1065 757 1280 821 femina,
1303 755 1536 808 Graecus
1560 765 1611 808 et
1645 751 1886 816 Iudavus,
1915 754 2148 806 c’rcnm-

574 854 708 906 cisio
757 860 811 907 et
849 850 1204 920 praeputium,
1257 847 1511 901 barbarus
1556 855 1609 899 et
1660 844 1839 915 Scyta,
1881 859 2069 898 seruus
2097 853 2151 900 et

577 947 708 1000 liber
733 961 747 998 :
772 943 865 999 sed
886 942 1061 997 omnia
1084 951 1138 996 et
1160 943 1210 995 in
1241 940 1488 994 omnibus
1510 938 1752 992 Christus
1777 937 1796 966 ‘
1818 936 2036 1007 (Coloss.
2068 951 2147 998 tu,

574 1037 626 1096 9,
663 1036 750 1096 10,
796 1033 907 1102 11).
947 1052 963 1084 ι
1005 1033 1212 1086 Veteris
1254 1041 1278 1068 ει
1311 1031 1517 1085 actibus
1563 1029 1815 1099 spoliatos
1863 1041 2149 1081 conuersa-

572 1126 716 1181 tione
759 1125 883 1180 noui
933 1123 1187 1187 hominis,
1231 1123 1320 1192 qui
1367 1120 1619 1188 Christus,
1655 1129 1758 1185 est,
1803 1117 1998 1184 uestit;
2049 1132 2146 1172 nec

573 1229 762 1284 passus
792 1222 874 1269 est
907 1214 1209 1282 relinquere
1253 1220 1464 1279 exutos,
1495 1209 1588 1264 sed
1633 1208 1866 1277 tegmine
1895 1208 2149 1261 honestae

573 1306 597 1345 ιι
621 1304 1069 1372 conuersationis,
1096 1313 1149 1357 et
1176 1303 1434 1356 bonorum
1473 1313 1668 1370 operae
1694 1309 1715 1336 ο
1746 1298 1986 1352 claritate
2013 1311 2145 1351 con-

573 1395 724 1450 texit.
759 1414 778 1447 s
817 1377 1024 1448 induite
1053 1405 1170 1457 uos,
1199 1391 1389 1460 inquit,
1425 1389 1562 1444 sicut
1593 1388 1748 1442 electi
1777 1387 1870 1442 Dei
1898 1394 1952 1442 et
1980 1387 2148 1442 sancti

573 1486 780 1540 uiscera
826 1482 1262 1545 misericordiae,
1316 1479 1725 1547 benignitatem,
1771 1476 2144 1543 humilitatem,

573 1577 902 1646 patientiam,
930 1573 1243 1629 modesdam
1274 1571 1315 1638 ⁸,
1348 1569 1663 1625 sufferentes
1692 1569 1942 1631 inuicem,
1971 1577 2026 1622 et
2047 1567 2144 1622 do-

572 1676 758 1720 nantes
782 1663 1200 1733 uobismetipsis,
1231 1663 1274 1716 si
1309 1661 1428 1730 quis
1456 1661 1744 1715 aduersum
1772 1659 2000 1729 aliquem
2045 1659 2142 1713 ha-

827 287 884 339 S.
928 285 1223 343 AMBROSI
1265 283 1635 342 blEDlOLAN.
1681 282 1888 338 EPISC.
1932 281 2133 338 SERM.
2176 281 2356 337 TRES
2396 280 2486 337 EX
2525 281 2679 338 COD.
2723 277 3498 338 SESSORIANO.—SERMO
3536 277 3626 333 Ill.

1923 411 1942 442 ι
1977 392 2153 460 Expo-
2186 395 2234 454 Α
2263 391 2466 447 offensa
2487 395 2506 424 "
2533 409 2546 445 :
2573 393 2614 445 si
2645 391 2881 446 caritatis
2908 391 3137 446 uinculis
3178 388 3518 460 inseparabili
3551 403 3690 444 nexu
3717 390 3839 443 iun-

3739 279 3843 338 MO

2259 499 2444 555 gamur
2495 484 2657 556 (Ibid.
2685 527 2700 553 ,
2747 487 2812 540 14
2853 487 2987 557 seq.)
3029 504 3040 538 :
3088 485 3132 540 si
3177 484 3321 553 pacis
3367 495 3588 536 munere
3633 480 3839 536 alterno

2253 593 2440 634 amore
2484 579 2824 634 laetemur“:
2856 581 2898 634 si
2947 579 3142 633 diuinis
3193 593 3290 631 nos
3330 573 3674 628 aedificamus
3717 575 3834 629 elo-

2252 668 2430 739 quiis:
2464 669 2508 724 si
2555 669 2772 739 psalmis
2820 669 2884 722 ad
2930 668 3178 724 caelestia
3221 679 3572 734 prouocemus
3615 680 3632 718 :
3674 664 3718 718 si
3764 665 3830 718 ad

2252 775 2480 830 superna
2508 762 2729 817 canticis
2757 761 3041 816 inuitemus
3062 762 3082 792 °
3107 778 3120 813 :
3150 760 3192 813 si
3219 759 3396 812 omnia
3428 771 3564 826 quae
3608 756 3832 810 facimus

2251 866 2436 920 opere,
2505 867 2640 921 quae
2699 866 2949 906 sermone
2997 851 3280 920 loquimur,
3333 865 3468 918 quae
3509 847 3832 917 cogitatione

2253 944 2680 1012 complectimur,
2712 943 2763 996 in
2793 942 2884 995 Dei
2919 943 3111 996 timore
3140 939 3468 1009 perficituus;
3503 940 3700 1010 gratias
3741 955 3829 992 re-

2255 1031 2486 1088 ferentes
2503 1031 2653 1086 Patri
2678 1047 2771 1100 per
2785 1029 3011 1096 ‘Filium,
3062 1030 3341 1085 laudantes
3371 1029 3538 1084 Deum
3564 1091 3568 1096 λ
3590 1030 3642 1082 in
3673 1028 3830 1083 Chri-

2250 1131 2356 1186 sto,
2385 1131 2440 1176 et
2484 1121 2751 1177 Christum
2777 1130 2800 1158 ο
2829 1121 3186 1190 praeferentes
3233 1123 3283 1174 in
3319 1120 3445 1185 Deo,
3479 1129 3534 1174 ut
3565 1120 3828 1175 caele-tes

2251 1210 2570 1266 caelestibus
2616 1211 2912 1279 conparati,
2945 1211 3211 1279 spiritales
3253 1210 3580 1278 Spiritalihus
3627 1209 3830 1264 simile-

2255 1316 2375 1356 mus
2401 1299 2445 1356 ί.
2478 1301 2627 1368 Quod
2660 1317 2794 1370 opus
2815 1301 2944 1354 aliut
2968 1301 3170 1355 nullum
3199 1309 3301 1362 est,
3333 1300 3431 1354 nisi
3471 1299 3562 1354 Dei
3601 1301 3825 1369 gloriam

2253 1390 2430 1445 diuina
2464 1406 2596 1446 uoce
2616 1391 2954 1454 conlaudent,
2977 1391 3190 1445 dicente
3211 1389 3442 1444 Iohanne
3467 1390 3508 1421 ¹⁹
3533 1407 3546 1443 z
3577 1410 3594 1442 ι
3626 1390 3745 1446 Vidi
3773 1403 3826 1447 et

2250 1481 2428 1536 audiui
2458 1497 2643 1536 uocem
2672 1484 2954 1536 multorum
2985 1483 3035 1535 in
3066 1483 3289 1536 circu'tu
3320 1482 3517 1547 throni,
3544 1490 3599 1536 et
3621 1482 3826 1535 anima-

2251 1571 2402 1637 lium,
2433 1582 2484 1626 et
2516 1573 2784 1626 seniorum
2813 1590 2825 1624 :
2859 1582 2910 1626 et
2940 1580 3054 1626 erat
3084 1585 3340 1626 numerus
3379 1570 3556 1625 decics
3599 1583 3824 1626 centena

2249 1661 2472 1738 millium
2503 1662 2567 1726 ¹¹,
2593 1661 2830 1715 dicentes
2861 1675 2994 1716 uoce
3025 1676 3210 1728 magna
3237 1677 3250 1714 :
3285 1660 3484 1729 Dignus
3511 1670 3592 1714 est
3621 1665 3822 1730 Agnus,

568 1757 657 1812 bet
686 1756 973 1826 querellam
1007 1752 1055 1820 ά,
1087 1753 1224 1807 sicut
1252 1762 1305 1807 et
1341 1751 1594 1806 Dominus
1623 1751 1842 1805 donauit
1872 1750 2044 1819 uobis,
2070 1751 2144 1804 ita
2175 1763 2220 1824 Β
2248 1753 2334 1820 qui
2368 1753 2576 1808 occisus
2605 1761 2708 1816 est,
2732 1753 2972 1822 accipere
3003 1759 3340 1822 potestatem,
3372 1762 3426 1806 et
3467 1755 3737 1815 u'rtutem,
3769 1765 3825 1807 et

568 1857 622 1902 et
645 1861 740 1901 uos
770 1846 924 1900 facite
949 1843 1184 1913 ‘(1bid.,
1212 1842 1298 1906 12,
1328 1841 1437 1911 15).
1470 1860 1487 1893 ι

639 1937 731 1992 XI.
776 1937 886 1991 Deo
915 1935 1150 1990 donante
1177 1935 1399 1990 remissa
1427 1941 1551 1987 sunt
1598 1932 1751 1987 nobis
1791 1933 1997 1997 omnia;
2028 1948 2146 2001 per-

570 2028 902 2085 tnanebimus
951 2025 1227 2080 indemnes
1258 2023 1303 2078 si
1331 2033 1386 2078 et
1417 2037 1512 2076 nos
1544 2022 1764 2076 fratrum
1808 2023 1941 2076 remi
1969 2031 2142 2077 tamus

642 2172 669 2202 ⁸
708 2159 1060 2228 Subintellige
1090 2157 1328 2228 hominis.

639 2233 666 2271 ι’
704 2233 860 2298 Cod.,
885 2225 1085 2284 honiste
1112 2227 1228 2281 sine
1253 2225 1600 2298 diphthongo,
1625 2243 1782 2296 quam
1817 2225 1972 2295 hujus
1999 2225 2141 2280 vocis

574 2304 840 2358 secundus
876 2315 1030 2355 casus
1053 2299 1330 2353 reclamat.

615 2384 665 2412 ϊ
706 2372 874 2435 Cod.,
927 2384 1098 2434 opere.
1155 2367 1548 2435 Diphthongum
1595 2365 1813 2429 addidi,
1861 2377 1912 2419 et
1958 2381 2141 2432 operae

567 2443 776 2512 scripsi,
801 2457 867 2495 ne
897 2441 1052 2512 nimis
1078 2437 1276 2512 codic:s
1306 2437 1588 2512 lectionem
1615 2437 1990 2501 sollicitarent;
2016 2451 2139 2489 nam

566 2507 776 2587 aperitin
797 2511 936 2587 _ntihi
964 2507 1242 2587 legendum
1273 2521 1394 2587 esse
1430 2507 1728 2587 videbatur.
1981 2574 2012 2587 Η

635 2579 662 2618 εί
700 2575 1158 2650 Cod.quaerellam
1187 2591 1307 2650 cum
1338 2575 1690 2644 diphthongo,
1711 2590 1868 2644 quam
1897 2575 2138 2630 codicum

564 2646 882 2706 auctoritate
924 2662 976 2703 et
1015 2646 1484 2716 grammaticorum
1526 2658 1796 2713 prascepto
1833 2660 2138 2716 expungen—

561 2722 682 2775 dam
714 2721 931 2784 censui;
960 2715 1054 2772 sed
1084 2718 1311 2770 litteram
1340 2715 1698 2783 [geminatant
1725 2715 1940 2768 retinui.
1970 2715 2136 2770 Porro

564 2790 865 2860 huiusmodi
920 2788 1078 2860 lectio
1130 2785 1626 2860 haudhinfrcquens
1667 2797 1751 2860 est
1799 2786 1864 2860 in_
1902 2789 2136 2860 antiquis

561 2853 720 2914 codd.
777 2861 842 2913 Et
883 2857 1096 2928 quidem
1122 2856 1205 2928 ad
1248 2853 1557 2928 Ciceronem
1596 2855 1663 2910 de
1700 2855 1904 2928 Ilcgpub.
1945 2868 2007 2928 ιι,
2039 2853 2130 2928 25,

562 2946 614 2998 p.
665 2931 786 2994 194,
828 2924 913 2983 sic
933 2931 999 2981 de
1047 2926 1202 2998 hujus
1246 2925 1392 2998 Vocis
1431 2925 1806 2998 orthographia
1848 2925 1919 2977 cl.
1966 2924 2133 2978 Maius

561 2995 776 3055 notabat
825 3018 837 3052 :
888 2996 1126 3064 Querefla
1181 3011 1293 3048 eum
1334 2995 1532 3062 duplici
1572 2995 1606 3048 ll
1651 3005 1937 3048 constanter
1979 3011 2134 3063 prope

557 3072 793 3124 scribitur
821 3072 874 3122 in
900 3069 1120 3133 antiquis
1147 3081 1236 3117 seu
1262 3065 1517 3117 codicibus
1558 3081 1644 3116 seu
1673 3069 1821 3117 etiam
1848 3065 2124 3131 lapidibus.

558 3141 789 3194 Attamen
827 3137 1074 3209 geminari
1115 3135 1168 3187 in
1197 3137 1292 3186 hoc
1335 3133 1575 3187 uocabulo
1609 3134 1627 3186 l
1667 3142 1830 3187 vetant
1871 3133 2033 3203 Caper
2075 3143 2120 3186 et

2250 1845 2487 1909 diu‘tias,
2515 1854 2568 1899 et
2595 1845 2926 1913 patientiam,
2954 1854 3004 1898 et
3032 1843 3312 1908 honorem,
3347 1852 3399 1895 et
3427 1842 3818 1907 fortitudinem,

2251 1937 2563 2005 etgloriam,
2586 1944 2638 1991 et
2657 1936 3073 1991 benedictionem
3097 1937 3158 1990 “.
3187 1935 3250 1989 Et
3273 1950 3485 1990 omnem
3499 1946 3819 2002 creaturam,

2251 2040 2388 2095 quae
2416 2034 2499 2079 est
2525 2026 2577 2079 in
2604 2025 2775 2091 caelo,
2805 2036 2858 2080 et
2879 2039 3040 2094 super
3069 2032 3289 2092 terram,
3320 2035 3374 2079 et
3399 2039 3567 2092 mare,
3597 2037 3651 2081 et
3685 2042 3821 2097 quae

2250 2157 2510 2220 Scaurus,
2554 2174 2642 2228 pp.
2693 2157 2864 2222 2'2“,
2911 2158 3086 2222 2249,
3135 2174 3350 2226 quorum
3379 2162 3822 2229 grammaticorum

2248 2237 2553 2296 praceptum
2595 2245 2699 2295 pra:
2733 2238 2804 2281 tot
2835 2229 3102 2298 contrariis
3131 2229 3372 2298 exemplis
3402 2233 3484 2282 υἱέι*
3511 2233 3821 2288 audiendum

2246 2295 2479 2361 videtur;
2528 2314 2642 2351 cum
2686 2302 2965 2364 praesertim
3013 2295 3422 2418 Papirianus,
3467 2299 3629 2366 2290,
3665 2307 3821 2365 paulo

2247 2369 2576 2418 recentiorem
2601 2369 3011 2418 consuetudinem
3038 2367 3285 2418 scribendi
3316 2370 3333 2418 ἱ
3397 2371 3692 2418 vocabulum
3730 2390 3820 2418 παι·

2247 2369 2576 2440 recentiorem
2601 2369 3011 2440 consuetudinem
3038 2367 3372 2440 scribendiid
3397 2371 3692 2423 vocabulum
3728 2390 3820 2440 per

2246 2438 2371 2511 duas
2407 2437 2419 2489 Ι
2458 2437 3070 2511 ιεειειιιιν.ηδσι·ἱριιιι·αηι
3112 2438 3347 2505 querella
3405 2442 3582 2511 retinet
3633 2437 3814 2511 lingua

2246 2505 2548 2627 lliispanico,
2581 2515 2632 2559 ut
2659 2507 2787 2560 alias
2816 2507 2936 2560 bene
2965 2507 3151 2560 multas
3191 2515 3397 2560 uetusta:
3427 2505 3728 2564 Latinitatis
3741 2528 3822 2566 re-

2270 2592 2454 2627 tauros.

2270 2592 2454 2644 tqutas.

2320 2648 2341 2669 ‘
2370 2645 2500 2700 Cod.
2535 2644 2749 2708 iterum,
2791 2646 2844 2699 in
2894 2644 3119 2708 Christo,
3156 2660 3275 2713 qua!
3314 2647 3471 2702 lectio
3499 2649 3818 2704 sententiam

2244 2714 2649 2789 improbabilem
2677 2715 2896 2789 faceret,
2915 2715 3217 2789 antsaltem
3249 2717 3529 2789 obscuram
3553 2734 3568 2779 ;
3594 2721 3820 2789 ideoque

2241 2783 2391 2840 locus
2430 2785 2602 2852 aliqua
2631 2785 2932 2852 Corruptela
2958 2785 3201 2838 laborare
3229 2785 3440 2841 videtur
3463 2805 3476 2839 ε
3503 2783 3815 2844 ΐοιειειςεθέιιι

2241 2869 2324 2918 ea,
2347 2870 2464 2923 qua:
2486 2869 2608 2908 mox
2631 2861 2935 2924 scerserat,
2968 2855 3199 2922 respexit
3223 2856 3493 2920 librarius,
3515 2868 3566 2910 et
3593 2859 3648 2912 in
3669 2857 3821 2913 Chri-

2239 2933 2324 2998 sto
2347 2925 2536 2978 iterum
2557 2926 2734 2992 posuit
2761 2941 2867 2998 pro
2881 2925 3156 2990 Christum,
3191 2937 3242 2978 ut
3269 2928 3398 2981 mihi
3442 2928 3680 2984 scribere
3707 2929 3821 2998 pla-

2243 2995 2369 3058 cuit,
2403 3003 2457 3048 et
2485 3009 2673 3050 sensus
2698 2995 2946 3062 postulat.

2315 3062 2334 3100 ι
2379 3064 2510 3136 Vide
2549 3080 2666 3136 qute
2711 3067 2822 3136 jam
2866 3065 2932 3120 ad
2985 3063 3095 3118 hoc.
3125 3065 3346 3120 verbum
3391 3069 3567 3122 notavi
3617 3083 3670 3136 p.
3710 3067 3813 3134 18,

2225 3149 2279 3188 n.
2307 3151 2333 3186 c
2364 3133 2498 3204 (Col.
2531 3135 2652 3204 12³,
2684 3153 2735 3192 n.
2769 3133 2843 3206 ο).

629 3252 646 3282 ³
689 3250 1014 3321 Frequenter
1042 3249 1094 3303 in
1114 3247 1224 3301 suis
1247 3245 1482 3321 scriptis,
1505 3246 1800 3321 praesertim
1833 3245 1884 3298 in
1911 3246 2130 3315 psalmis
2158 3253 2200 3314 ο
2234 3263 2326 3321 nos
2361 3245 2464 3321 Deo
2501 3249 2804 3317 acceptiores
2835 3250 2966 3321 fore,
2996 3267 3094 3318 quo
3134 3251 3286 3305 etiam
3332 3251 3483 3321 plura
3528 3252 3819 3314 donamus:

557 3336 709 3378 suam
748 3320 1064 3376 sententiam
1107 3317 1414 3386 apostolicis
1457 3317 1634 3371 verbis
1676 3317 1929 3385 explanat
1971 3324 2131 3385 atque

556 3392 839 3448 conﬁrmat
867 3390 924 3443 S.
956 3389 1165 3444 doctor.

627 3466 644 3491 ²
688 3461 741 3514 In
785 3459 941 3528 Apol.
989 3459 1084 3512 alt.
1111 3456 1274 3511 David
1304 3456 1515 3526 legitur,
1551 3456 1605 3520 9,
1635 3453 1726 3528 46,
1761 3462 1798 3528 t.
1829 3455 1846 3509 1
1879 3470 1893 3510 :
1932 3454 2131 3528 Exspoo

555 3532 733 3584 [iantes
759 3526 849 3584 vos
871 3537 1083 3583 ueterem
1109 3528 1361 3581 hominem
1390 3543 1504 3579 cum
1525 3527 1721 3579 actibus
1749 3527 1880 3595 ejus,
1913 3536 1968 3580 et
1987 3526 2134 3581 simi-

554 3601 677 3656 lit--r
706 3601 756 3654 in
797 3600 932 3667 psal.
965 3613 1123 3652 (ευ-ιιι
1155 3612 1314 3667 serui.
1351 3596 1403 3656 5,
1443 3597 1534 3656 ‘22.
1562 3611 1668 3650 uno
1696 3607 1920 3664 excepto
1948 3596 1998 3649 in
2031 3599 2134 3652 tine

552 3674 660 3740 ejus
686 3684 780 3739 pro
802 3665 930 3740 suis.
965 3667 1085 3740 Ser.
1111 3681 1250 3740 vero
1268 3665 1461 3740 10,717,
1487 3668 1521 3721 1.
1545 3679 1618 3727 c.,
1642 3667 1838 3740 omittit
1855 3681 2132 3740 vos,qnam

553 3736 739 3794 vocem
769 3739 962 3794 retinet
991 3741 1040 3790 in
1068 3737 1196 3791 Luc.
1226 3736 1280 3798 4,
1312 3739 1401 3802 58,
1425 3752 1580 3805 quam
1607 3749 1791 3789 rursus
1820 3736 1856 3790 Ι.
1890 3749 1940 3789 c.
1971 3737 2138 3805 depo-

553 3755 739 3794 vocem
769 3752 962 3794 retinet
991 3755 1040 3790 tn
1068 3752 1196 3791 huc.
1226 3752 1280 3798 4,
1312 3752 1401 3802 ea,
1464 3752 1580 3790 nam
1607 3752 1791 3789 rursus
1820 3752 1856 3790 I.
1890 3752 1940 3789 c.
1971 3752 2135 3805 acpo—

552 3812 649 3864 nit.
673 3811 730 3873 8,
753 3809 842 3874 44,
871 3809 1112 3863 scribens
1139 3822 1152 3860 :
1185 3805 1251 3861 Ut
1279 3752 1618 3874 exspdiiantes
1642 3816 1856 3859 veterem
1883 3806 2135 3859 hominem

551 3897 665 3933 cum
696 3880 888 3932 actibus
916 3877 1042 3943 suis,
1065 3878 1361 3946 cnjusmodi
1395 3875 1880 3946 lectioni,idempto
1906 3887 1978 3946 ut,
2007 3891 2137 3929 con—

551 3959 708 4004 soaat
739 3948 832 4003 lib.
865 3965 920 4003 nt
951 3949 1016 4002 de
1047 3945 1214 4010 Fide;
1267 3957 1321 3998 at
1352 3945 1440 3999 lib.
1473 3963 1524 4008 v,
1549 3961 1600 4000 c.
1626 3945 1718 4016 16,
1766 3947 1901 4016 I76:
1938 3945 2136 4016 Exspe-

550 4021 732 4073 liantes
761 4035 849 4071 nos
878 4027 1091 4071 veterem
1114 4017 1366 4070 hominem
1397 4031 1512 4069 cum
1541 4015 1732 4068 actibus
1753 4014 1880 4068 suis.

621 4089 642 4120 ³
683 4091 756 4142 Ita
784 4088 1102 4141 Ambrosius
1143 4087 1196 4139 h.
1229 4087 1266 4140 l.
1301 4085 1458 4142 affert
1485 4089 1536 4139 in
1567 4085 1914 4154 Apolog.-alt.
1950 4085 2136 4138 David.

549 4160 588 4213 l.
621 4173 742 4225 sup.
772 4159 888 4221 cit.,
921 4166 976 4212 et
1005 4159 1055 4210 in
1091 4157 1226 4224 psal.
1253 4171 1416 4210 cxvut
1461 4171 1498 4208 sc
1522 4153 1625 4210 rm.
1654 4153 1706 4216 5,
1738 4155 1774 4208 Ι.
1808 4170 1892 4217 c.;
1923 4166 1976 4209 at
2005 4157 2135 4208 infra

547 4244 716 4285 serui.-
747 4228 813 4282 10
838 4227 1012 4296 ejustl.
1042 4227 1226 4296 psalmi
1252 4226 1287 4280 Ι.
1320 4241 1369 4280 c.
1406 4226 1567 4281 habet
1607 4243 1620 4278 :
1664 4235 1735 4296 et;
1753 4225 2009 4279 induimus
2041 4243 2136 4279 no—

545 4315 682 4362 vum,
710 4300 798 4368 qui
827 4293 1101 4352 renovatur
1120 4298 1173 4349 in
1197 4297 1536 4368 agnitionem,
1566 4308 1673 4350 etc.
1707 4293 1967 4368 Similiter
1989 4296 2080 4368 lib.
2107 4312 2136 4348 v

547 4371 615 4423 tle
647 4365 795 4432 Fide,
827 4369 862 4421 I.
891 4381 972 4429 c.;
1012 4368 1056 4420 si
1103 4375 1279 4420 tamen
1312 4367 1466 4420 initio
1509 4368 1658 4434 legas
1702 4365 1976 4419 induatnus
2018 4366 2137 4420 loco

547 4439 828 4491 induimus.
866 4437 920 4489 In
946 4439 1039 4489 lib.
1071 4447 1248 4490 autem
1280 4451 1331 4488 ιιι
1361 4435 1435 4489 de
1465 4437 1595 4490 Fide
1622 4452 1634 4488 :
1669 4445 1712 4488 et
1752 4436 2015 4488 induentes
2040 4452 2136 4488 no-

546 4523 664 4560 vum
685 4505 966 4559 secundum
989 4505 1282 4574 imaginem,
1309 4520 1339 4559 e
1365 4520 1415 4559 c.
1441 4505 1495 4558 In
1531 4507 1660 4560 Luc.
1688 4519 1759 4569 tv,
1787 4505 1821 4557 Ι.
1842 4519 1914 4564 c.,
1941 4506 2139 4559 induite

549 4592 755 4640 novum,
786 4577 872 4641 qui
905 4573 1184 4627 secundum
1210 4573 1467 4627 Christum
1502 4585 1700 4628 creatus
1729 4585 1822 4639 est,
1848 4585 1902 4631 ct
1941 4591 2050 4641 vm,

545 4661 622 4710 c.,
651 4647 816 4698 induti
839 4659 1024 4704 novum
1049 4645 1306 4696 duntaxat
1334 4645 1539 4699 siribit.

617 4715 639 4745 δ
678 4716 903 4782 Omissis
941 4713 1258 4766 circumcisio
1287 4724 1334 4765 et
1363 4716 1716 4782 praeputium,
1753 4727 1874 4782 qua:
1905 4713 1989 4770 hic
2017 4730 2138 4770 cum

545 4782 735 4838 Grzeco
775 4781 1092 4837 Ambrosius
1132 4784 1347 4848 retinet,
1392 4792 1593 4839 cratera
1645 4785 1714 4836 ita
1767 4781 1816 4837 in
1869 4783 1964 4836 lih.
1998 4801 2029 4837 v
2074 4788 2140 4841 tle

546 4854 696 4924 Fide,
731 4853 818 4919 M,
856 4850 976 4916 l77,
1005 4853 1070 4906 ad
1112 4852 1336 4924 verbum
1383 4853 1571 4908 refert.
1619 4853 1854 4908 Consule
1885 4854 2042 4924 etiam
2088 4859 2137 4909 in

544 4922 678 4993 paul.
727 4938 889 4978 emit
938 4937 1105 4976 sernt.
1139 4922 1230 4990 10,
1264 4923 1350 4992 17,
1384 4925 1434 4977 iu
1459 4925 1596 4980 Luc.
1627 4923 1680 4988 1,
1723 4924 1776 4991 5,
1811 4931 1865 4977 et
1890 4925 1946 4990 2,
1975 4922 2064 4989 47,
2087 4938 2141 4980 et

544 4996 599 5048 in
624 4995 780 5048 epist.
813 4993 900 5048 62.
933 4993 1026 5048 85.

543 5011 599 5153 ΤΙ
617 5011 653 5094 ξ
658 4995 1071 5153 ilice-35301.:
1113 5061 1166 5118 in
1200 5062 1378 5132 Vulg.,
1427 5072 1551 5133 post
1583 5063 1750 5118 sancti
1795 5061 2005 5126 additur
2060 5066 2140 5118 καὶ

541 5142 869 5208 ἠγαπημινοι.

616 5205 637 5235 ⁸
679 5205 860 5257 Itidem
884 5202 942 5259 S.
969 5203 1294 5271 Augustinus
1323 5203 1568 5258 tract.58
1599 5204 1650 5257 in
1677 5203 1864 5268 Joan.,
1889 5202 1993 5258 col.
2012 5203 2138 5268 662,

543 5275 587 5328 ι.·
615 5275 698 5333 Ill,
731 5285 922 5341 prieter
947 5275 1186 5328 adversus
1219 5277 1333 5328 loco
1358 5275 1652 5327 adversum.

613 5346 632 5376 '
674 5343 824 5397 lland
845 5344 1102 5398 absitnilia
1131 5355 1254 5397 sunt
1275 5359 1393 5410 qna:
1417 5346 1664 5410 leguntur
1688 5343 1738 5396 in
1765 5343 1902 5412 psal.
1930 5359 2134 5406 χιιι-ιι,

543 5415 636 5475 45.
665 5425 705 5468 t.
736 5413 807 5482 ll,
831 5423 884 5467 et
916 5413 966 5466 in
996 5416 1151 5480 epist.
1175 5414 1262 5476 61,
1293 5415 1347 5478 9,
1373 5422 1412 5469 t.
1439 5413 1523 5478 1-1,
1549 5429 1658 5482 quo
1690 5416 1740 5466 in
1776 5415 1898 5466 loco
1928 5429 1992 5467 en
2020 5431 2136 5478 eius

545 5484 704 5537 verba
735 5500 747 5536 :
773 5481 1046 5535 Ca'eamus
1087 5498 1206 5553 ergo
1249 5500 1308 5534 ne
1355 5485 1497 5536 nobis
1527 5481 1622 5536 hoc
1655 5483 1880 5546 accidat,
1931 5494 1983 5534 ut
2032 5500 2135 5536 non

545 5555 842 5621 remittendo
880 5568 990 5620 quia
1021 5554 1115 5605 neb
1135 5569 1159 5605 s
1190 5554 1454 5616 debentur,
1479 5553 1790 5620 incipiamus
1819 5563 1868 5605 et
1894 5553 1988 5605 illa
2029 5555 2133 5604 snt-

548 5637 698 5684 νει-ε,
751 5638 864 5688 qut:
913 5624 1125 5675 remissa
1171 5633 1290 5676 sunt
1355 5623 1564 5674 nobis...
1617 5621 1954 5674 Dimittnnms
2009 5639 2130 5689 ergo

545 5694 935 5758 puu.‘a,qnibus
986 5695 1130 5764 plura
1162 5693 1352 5746 donata
1398 5704 1532 5759 sunt,
1582 5704 1627 5746 et
1673 5693 2024 5762 intelligamus
2070 5711 2127 5747 eo

2097 4576 2216 4677 LD

2235 3320 2355 3384 quia
2376 3318 2470 3391 hoc
2494 3323 2744 3391 gratiores
2777 3318 2879 3374 Deo
2909 3337 3102 3387 sumus,
3135 3337 3236 3391 quo
3257 3319 3399 3374 nobis
3421 3320 3575 3390 plura
3603 3325 3818 3376 dimissa

2236 3397 2374 3440 sunt.
2407 3387 2612 3441 Videsis
2638 3392 2794 3455 epist.
2828 3391 2918 3451 65,
2943 3393 3032 3446 85.
3148 3387 3158 3391 ’
3423 3387 3431 3390 ⁷
3511 3429 3518 3434 .

2308 3460 2329 3489 ⁸
2365 3455 2518 3527 Conf.
2553 3461 2603 3511 in
2634 3461 2765 3523 psal.
2800 3475 2959 3514 cxvtu
2987 3475 3149 3514 serm.
3175 3460 3268 3527 21,
3301 3461 3385 3524 17,
3420 3468 3458 3513 t.
3491 3459 3559 3512 11.

2307 3530 2327 3561 ³
2371 3526 2698 3596 Frequenter
2738 3529 2790 3582 iu
2833 3531 2945 3584 suis
2986 3526 3334 3584 concionbus
3373 3529 3436 3582 ad
3474 3529 3709 3596 psalmos
3731 3544 3821 3584 ca-

2238 3597 2439 3650 nendos
2466 3613 2614 3651 suam
2638 3598 2843 3667 plebem
2867 3600 3054 3653 invitat
3079 3600 3420 3664 Ambrosius,
3436 3607 3492 3653 ut
3516 3601 3817 3667 praesertim

2236 3667 2413 3733 legere
2443 3668 2635 3722 estlib.
2659 3683 2690 3720 v
2722 3668 2998 3732 "exact-1.,
3031 3669 3116 3733 12,
3148 3668 3238 3732 36,
3275 3679 3311 3722 ι.
3343 3669 3382 3734 Ι,
3417 3681 3468 3722 et
3501 3670 3554 3722 in
3579 3668 3730 3735 praef.
3761 3670 3816 3722 in

2238 3739 2371 3804 psal.
2397 3751 2434 3801 ι,
2463 3739 2517 3804 9,
2552 3748 2591 3791 t.
2619 3737 2684 3802 ll,
2727 3753 2832 3802 quo
2875 3740 2926 3793 in
2956 3740 3073 3792 loco
3115 3742 3255 3804 pium
3289 3741 3339 3792 in
3390 3754 3551 3792 unum
3581 3740 3812 3792 fidelium

2239 3808 2470 3873 psalmos
2495 3808 2716 3862 canendi
2748 3823 2972 3871 morem,
3021 3808 3206 3877 pignus
3237 3810 3376 3874 pacis
3415 3819 3461 3861 et
3505 3811 3809 3877 concordia},

2238 3884 2398 3948 atttue
2428 3893 2666 3948 magnum
2698 3879 2848 3946 plane
2890 3875 3093 3932 unitatis
3125 3879 3378 3948 vinculum
3407 3892 3526 3933 esse
3564 3880 3712 3932 dicit.
3732 3875 3812 3932 Id.

2243 3946 2470 4016 idipsum
2508 3946 2697 4014 repetit
2732 3953 2782 4000 in
2817 3947 2950 4016 psal.
2987 3964 3141 4011 xuu,
3173 3947 3262 4012 25,
3295 3959 3347 4002 et
3376 3963 3538 4002 cxvnt
3566 3965 3727 4003 serm.
3761 3949 3813 4010 7,

2239 4015 2333 4080 25,
2370 4027 2529 4085 atque
2567 4017 2692 4070 alibi
2740 4015 2954 4083 paSsim.
2985 4018 3246 4072 Ca-terum
3281 4019 3362 4070 hic
3391 4019 3454 4070 ad
3485 4019 3570 4072 illa
3603 4025 3820 4086 aposto-

2239 4086 2340 4140 lica
2369 4087 2537 4157 verba
2556 4088 2619 4140 ad
2652 4087 2828 4142 Celes.
2863 4104 2944 4157 ιιι,
2980 4087 3066 4152 14,
3094 4087 3178 4154 15,
3207 4089 3293 4154 16,
3328 4087 3416 4152 17,
3444 4090 3710 4156 respicere
3736 4088 3820 4141 vi-

2241 4157 2396 4210 detur
2424 4156 2760 4212 Ambrosius.

2314 4226 2355 4256 ¹⁰
2378 4226 2689 4299 Ambrosius
2710 4227 2945 4299 inpsal.
2970 4243 3009 4290 ι,
3032 4228 3130 4291 51ς
3163 4245 3254 4290 ιι..
3281 4227 3382 4299 26ς
3418 4227 3509 4282 lib.
3540 4227 3606 4281 de
3633 4227 3810 4299 Virgi-

2240 4296 2338 4350 nit.
2374 4296 2456 4362 14,
2487 4295 2577 4361 86,
2608 4306 2662 4352 et
2691 4297 2758 4352 de
2789 4295 3053 4351 litcarnat.
3082 4299 3168 4366 10,
3198 4297 3321 4358 HL,
3347 4298 3650 4364 atquealibi
3674 4295 3818 4365 Apo-

2239 4368 2494 4436 calypsim
2519 4367 2575 4422 S.
2607 4367 2795 4420 Joanni
2824 4367 3172 4436 Evangelistae
3200 4377 3394 4422 tuetur.
3432 4367 3641 4420 Eisdem
3683 4368 3817 4424 locis

2239 4435 2633 4505 quodammodo
2656 4437 2934 4506 hiemetlo
2978 4435 3190 4492 videtur
3219 4437 3497 4492 accedere.
3530 4436 3638 4492 Nec
3664 4453 3818 4506 pror-

2241 4521 2333 4577 sus
2361 4517 2444 4560 est
2488 4505 2840 4577 attendendus
2882 4507 2953 4561 M.
3001 4508 3279 4577 Dionysius
3316 4508 3479 4577 AAles.
3509 4505 3815 4575 episcopus,

2243 4575 2330 4646 qni
2358 4577 2547 4630 Joanni
2581 4575 2892 4646 presbytero
2929 4575 3184 4631 distincto
3217 4578 3284 4630 ab
3314 4575 3649 4646 Evangelidrt
3675 4579 3820 4646 Apo-

2243 4645 2497 4715 calypsim
2529 4645 2753 4711 tribuit,’
2781 4662 2900 4700 nam
2940 4662 3062 4701 eum
3092 4658 3223 4700 satis
3256 4645 3505 4700 refutavit
3537 4645 3735 4701 Millins
3760 4651 3815 4703 in

2243 4718 2547 4786 prolegom.
2572 4717 2622 4769 in
2653 4717 2791 4770 hunc
2822 4718 3034 4782 librum,
3053 4717 3117 4768 ad
3147 4731 3300 4786 quem
3332 4716 3568 4770 eruditos
3591 4716 3620 4769 Ι·
3640 4727 3819 4772 ctores

2242 4788 2488 4839 amando.
2521 4785 2674 4841 Conf.
2710 4786 2991 4841 Eusebium
3023 4785 3325 4840 llist.eccl.
3355 4786 3446 4838 lib.
3473 4802 3561 4846 vn,
3589 4788 3814 4855 cap.‘25,

2242 4857 2429 4925 p.509
2469 4864 2524 4909 et
2562 4872 2740 4925 seqq.,
2789 4857 2918 4910 edit.
2947 4855 3161 4920 Valesii,
3209 4855 3346 4922 Aug.
3387 4856 3606 4910 Taurin.
3654 4859 3813 4921 1746,

2242 4924 2350 5007 vol.
2380 4926 2420 4989 1,
2445 4935 2499 4980 et
2530 4924 2648 4996 pag.
2683 4929 2784 4980 749
2825 4927 2997 4995 ejusd.
3029 4926 3252 4991 volum.,
3283 4928 3419 4979 in:er
3441 4929 3820 4983 annotatiouos

2242 5009 2531 5050 νενιοτιιηι.

2318 5067 2357 5096 ¹¹
2400 5067 2530 5119 llnic
2573 5065 2786 5120 lectieiii
2817 5064 2956 5120 favet
2987 5067 3200 5120 Graecus
3233 5074 3427 5128 textus,
3457 5075 3510 5120 et
3543 5066 3614 5118 illi
3638 5067 3818 5120 conci-

2242 5136 2319 5188 n't
2345 5137 2710 5192 Cassiodorius
2733 5137 2786 5189 in
2815 5136 2949 5204 psal.
2983 5151 3022 5204 ι,
3045 5137 3149 5191 col.
3180 5134 3266 5200 M,
3294 5135 3476 5190 addito
3501 5151 3608 5190 uno
3647 5138 3817 5191 verbo

2240 5220 2478 5274 magnam
2510 5219 2623 5274 p081
2654 5222 2842 5260 vocem.

2315 5275 2356 5306 ¹²
2397 5276 2748 5330 Ambrosiam!
2788 5276 2984 5345 scripta
3033 5285 3087 5330 et
3133 5276 3231 5327 hoc
3267 5274 3463 5330 bibl’co
3509 5275 3816 5329 testimonio

2240 5355 2440 5400 carent.
2476 5345 2655 5400 Patres
2687 5360 2814 5398 vero
2839 5363 2925 5413 qui
2960 5347 3086 5400 illud
3116 5346 3365 5414 allegant,
3413 5359 3681 5413 nunqu-m
3725 5348 3816 5399 iis-

2240 5415 2362 5468 dem
2391 5417 2566 5468 verhis
2615 5414 2886 5479 referunt;
2931 5417 3023 5470 sed
3071 5431 3213 5482 saepe
3255 5415 3566 5475 immutatis,
3603 5417 3816 5469 insertis

2239 5484 2399 5538 etiam
2431 5486 2570 5548 aliis,
2601 5485 2684 5538 vel
2708 5485 2914 5550 eiet-tis,
2937 5501 3000 5539 ac
3032 5486 3242 5538 turbato
3268 5501 3441 5539 rerum
3468 5485 3677 5539 ordine.
3700 5486 3814 5539 Sihi

2241 5569 2338 5606 nec
2367 5559 2661 5608 cnncinunt
2685 5555 2909 5623 diversa:
2955 5558 3185 5623 antiqua:
3214 5558 3486 5611 versiones
3516 5570 3528 5608 :
3557 5571 3656 5612 nec
3689 5555 3818 5610 Vul-

2239 5634 2356 5694 gata
2385 5635 2564 5681 nostra
2606 5639 2724 5681 cum
2749 5622 2932 5682 Grzcco
2953 5622 3266 5681 concordat.
