4132 6176
332 302 412 358 141
1351 300 1414 368 Q.
1456 301 1519 355 Α.
1561 297 1899 355 δγδιδιλωιπ

2044 295 2542 352 PROLEGOMENA
2558 336 2574 350 .

3479 296 3573 356 11‘!
3611 334 3618 340 -

329 420 375 471 in
421 417 500 471 eis
535 423 661 470 sunt
704 413 919 468 omnia‘
953 414 1139 482 (Apoc.
1178 428 1232 477 v,
1273 415 1485 485 11-15).
1519 433 1537 468 ι
1589 416 1656 470 Ει
1695 418 1886 472 iterum
1923 421 1969 478 Α
2001 415 2251 481 nedictio,
2284 425 2337 470 et
2362 415 2552 484 gloria,
2599 423 2650 470 et
2695 413 2976 483 sapientia,
3004 423 3058 469 et
3095 414 3384 486 gratiarum
3416 417 3578 480 actio,

326 516 534 562 monet:
574 524 592 556 ι
624 506 810 575 Angeli
841 506 1056 558 stabant
1085 505 1228 559 circa
1251 507 1522 571 thronum,
1551 513 1606 562 et
1630 509 1890 572 seniores,

322 610 373 650 et
399 605 618 679 quatuor
647 594 896 648 animalia
925 612 938 648 ε
967 603 1023 648 et
1045 593 1385 662 prociderunt
1408 603 1530 648 ante
1558 595 1807 650 thronum
1838 597 1889 650 in

326 689 507 744 faciem
539 701 713 750 suam,
737 692 792 739 et
819 683 1180 739 adorauerunt
1202 683 1392 750 Deum,
1414 686 1435 716 ²
1464 685 1704 741 dicentes
1745 705 1756 737 :
1791 687 1894 741 Be-

388 807 413 836 ι
451 798 506 853 In
533 797 767 852 cod....t
797 811 959 867 sermo
985 794 1054 848 sci
1085 793 1237 867 Δηώ.
1289 795 1459 863 Hujus
1499 795 1764 860 formulm,
1793 811 1896 867 qua

323 882 493 923 sermo
530 867 886 931 concluditur,
942 866 994 918 in
1044 865 1389 935 primarvoee
1434 867 1627 920 litterae
1677 865 1894 935 prorsus

324 939 636 992 oblitterata:
680 946 824 1003 sunt,
873 945 925 990 et
971 935 1170 988 ultimae
1210 934 1467 988 duntaxat
1493 934 1730 990 litterzet
1773 952 1894 1004 quas

318 1015 458 1061 recta
505 1007 672 1060 forma
712 1006 904 1061 excudi
933 1005 1137 1072 curavi,
1183 1006 1394 1060 nonnisi
1424 1007 1583 1060 breve
1613 1007 1890 1075 vestigium

386 1113 410 1146 ⁸
452 1115 673 1182 Antiqua
703 1115 878 1171 versio
907 1115 1047 1182 apud
1067 1115 1250 1170 Sabat.
1280 1115 1450 1182 addit,
1471 1117 1646 1170 subtus
1673 1127 1893 1177 terram;

317 1185 402 1241 cui
442 1187 635 1240 accinit
663 1199 797 1240 nova
846 1185 1022 1256 Vulg.,
1055 1186 1300 1255 quamvis
1349 1202 1454 1240 non
1485 1188 1689 1241 eisdem
1719 1188 1895 1241 verbis

321 1261 665 1400 ἐξῗιάτεςειε
695 1323 958 1380 Ambros“
992 1325 1184 1400 ῐιοιῑῐνξΔ
1213 1325 1428 1381 lectioni
1458 1324 1618 1390 favet,
1650 1326 1695 1380 si
1745 1326 1898 1380 ῑηίιῙο

317 1397 538 1458 scribas,
570 1394 635 1448 Et
654 1396 830 1448 omnes
857 1406 981 1449 ante
1012 1395 1206 1465 angeli.

2001 517 2057 563 et
2084 506 2278 572 honor,
2303 517 2354 561 et
2385 515 2644 576 potestas,
2667 513 2721 560 et
2744 507 2913 560 uirtus
2940 506 3048 560 Deo
3080 519 3261 560 nosu'o
3294 508 3344 560 in
3373 509 3582 563 saecula

2004 599 2358 654 saeculorum.
2387 600 2556 652 Amen
2587 596 2608 626 ³
2636 595 2798 667 (Ibid.
2831 613 2921 662 vlt,
2959 598 3044 663 11,
3082 596 3191 665 12).
3234 616 3252 647 ›

2289 686 2539 742 Exrucrr
2569 695 2593 723 ⁸
2626 701 2797 741 senato
2821 702 3004 742 saucri
3035 689 3292 741 Aunnost.

2006 808 2224 862 manet;
2257 813 2374 853 eam
2417 807 2594 851 tamen
2626 795 2929 858 formulam,
2962 797 3135 850 habita
3165 797 3455 865 spatiorum
3501 813 3585 850 ra-

2001 870 2165 933 tione,
2189 868 2440 938 supplere
2471 867 2606 920 haud
2634 866 2852 938 difficile
2881 867 2969 938 fuit
2995 883 3009 928 ;
3042 869 3205 938 verho
3239 869 3381 921 enim
3417 869 3584 938 expli—

2000 939 2069 990 cit
2095 939 2191 992 fuit
2212 935 2467 992 solemnis
2487 938 2716 1005 antiquis
2744 935 2880 990 ratio
2908 937 3188 992 claudendi
3217 938 3402 994 libros.

2070 1117 2189 1194 f_ln
2234 1119 2404 1194 antiq.
2426 1127 2485 1194 _et
2513 1132 2648 1194 nova
2672 1134 2840 1194 vers,
2866 1122 3076 1194 claritas
3114 1122 3233 1176 loco
3259 1123 3458 1194 gloria;
3489 1125 3584 1180 sed

1999 1187 2274 1260 nobiscum
2294 1188 2469 1260 gloria
2516 1189 2713 1244 retinet
2757 1189 2828 1260 S.
2865 1191 3176 1256 Fulgentius
3206 1187 3481 1260 in'fragm.
3515 1197 3584 1249 Sa

1998 1268 2144 1333 cont.
2178 1259 2420 1333 Fabian.,
2451 1260 2556 1333 col.
2582 1260 2702 1319 616.
2722 1268 2774 1312 et
2802 1259 3021 1315 Graecus
3053 1273 3229 1316 textus
3257 1268 3344 1333 qui
3377 1259 3430 1317 in
3459 1267 3582 1327 line,

2001 1337 2058 1381 ut
2084 1328 2136 1382 in
2166 1328 2374 1398 codice,
2405 1327 2554 1382 addit
2582 1335 2754 1400 Ἀμήν.

1537 1578 1701 1622 ANNO
1745 1579 1971 1623 DOMINI
2015 1581 2392 1626 CGCLXXXIV.

354 1698 564 1899 ρ.
703 1695 1890 1891 AURELIUS

2025 1699 3549 1886 SYMMACHUS.

1453 1922 1511 1970 ν.
1542 1921 1592 1969 rt.
1621 1922 1750 1973 cos.
1778 1899 1988 1974 omini.
2018 1926 2217 1976 Pii/12F.
2245 1927 2445 1978 uanis.

1806 2032 2124 2045 ..ι-κ..-

1346 2135 2500 2248 PROLEGOMENA
2527 2206 2564 2248 .

719 2441 1130 2518 GUlLlELMl
1174 2444 1385 2519 CAVE
1429 2455 1756 2520 norma
1804 2453 2224 2525 HISTORICA
2273 2463 2354 2522 1N
2398 2457 2580 2524 AUR.
2627 2457 3162 2526 SYMMACHUM.

373 2581 439 2649 ρ.
473 2579 721 2634 Aurelius
744 2578 1121 2649 Symmachus,
1151 2579 1319 2633 Roma
1343 2580 1622 2644 oriundus,
1647 2581 1885 2650 ejusdem
1922 2587 1967 2646 Β
1996 2585 2235 2646 machus,
2262 2585 2353 2639 sed
2384 2594 2438 2639 et
2468 2584 2622 2652 paulo
2646 2593 2768 2653 post
2803 2591 3052 2652 tanquam
3099 2596 3223 2638 reus
3265 2583 3577 2652 majestatis.

311 2675 457 2728 urbis
496 2683 718 2726 senator
760 2680 815 2726 et
851 2671 1160 2741 pmfectus,
1207 2671 1400 2726 claruit
1449 2673 1711 2741 praecipue
1758 2688 1897 2727 anno

310 2757 427 2817 584.
461 2760 818 2817 Consulatum
867 2762 1034 2831 gessit
1063 2776 1208 2816 anno
1253 2763 1379 2817 391.
1431 2763 1696 2820 lnfensum
1744 2763 1899 2818 Chri-

309 2852 498 2906 stiana:
524 2853 764 2922 religioni
797 2853 1031 2906 animum
1061 2853 1256 2924 ubique
1294 2855 1493 2924 prodit,
1538 2855 1799 2925 imprimis
1843 2858 1897 2911 in

311 2941 583 2996 Relatione
609 2955 700 3012 pro
733 2953 825 2994 a‘ra
873 2942 1118 2997 Victoria:
1143 2959 1300 3012 quam
1333 2945 1641 3014 imperatori
1666 2945 1901 3001 Valenti-

307 3034 470 3087 niano
500 3033 714 3098 obtulit,
744 3034 794 3087 in
825 3049 924 3102 qna
953 3034 1229 3102 gentilium
1267 3047 1479 3090 causam
1507 3045 1724 3091 strenue
1752 3047 1808 3092 et
1835 3052 1901 3092 ex

306 3122 561 3192 professo
603 3125 751 3194 agit,
802 3124 1163 3178 adversarium
1221 3133 1406 3178 nactus
1456 3126 1519 3179 D.
1560 3127 1899 3181 Ambrosium

303 3215 596 3271 Mediolani
624 3215 953 3284 episcopum,
986 3214 1075 3284 qui
1106 3213 1413 3285 Symmachi
1457 3231 1592 3286 opus
1630 3219 1904 3289 eleganter

303 3319 354 3361 et
381 3319 613 3361 strenue
640 3305 855 3361 refellit.
886 3304 996 3360 Nec
1018 3319 1177 3359 causa
1209 3321 1305 3360 sua
1338 3307 1498 3362 modo
1526 3307 1725 3363 excidit
1746 3309 1904 3379 Sym-

2004 2675 2092 2728 vili
2123 2675 2305 2728 rhedae
2331 2675 2609 2742 impositus
2631 2675 2979 2728 centesimum
3004 2674 3072 2728 ab
3105 2675 3238 2729 urbe
3269 2673 3495 2742 lapidem
3529 2677 3581 2730 in

2004 2765 2248 2818 exsilium
2289 2763 2484 2818 missus
2527 2773 2642 2830 est,
2696 2777 2815 2817 mox
2847 2763 3024 2818 liceta
3054 2762 3357 2818 Theodosio
3383 2767 3432 2818 in
3457 2775 3581 2834 gra-

2007 2856 2132 2909 tiam
2163 2862 2428 2922 receptura.
2473 2853 2659 2908 Exstat
2705 2854 2820 2908 haec
2860 2854 3169 2924 Symmachi
3219 2855 3422 2910 [letalia
3468 2865 3578 2910 tum

2007 2947 2147 3001 inter
2166 2945 2435 2999 Ambrosii
2464 2959 2648 3013 opera,
2673 2953 2783 2998 tum
2807 2945 2946 2999 inter
2974 2944 3277 3015 Symmachi
3303 2946 3576 3015 epistolas,

2005 3053 2124 3106 qua:
2147 3051 2265 3090 cum
2295 3033 2384 3088 Fr.
2415 3031 2585 3088 Jureti
2614 3043 2668 3089 et
2691 3034 2846 3088 Joan.
2891 3035 3053 3091 Lectii
3098 3036 3238 3091 notis
3268 3036 3578 3105 prodierunt

2005 3125 2257 3187 Genevm,
2297 3124 2455 3190 1598,
2479 3125 2530 3178 in
2567 3125 2646 3188 8",
2675 3125 2972 3194 additisque
2996 3125 3182 3181 decem
3207 3127 3578 3182 miscellaneo-

2005 3231 2123 3272 rum
2172 3215 2349 3282 libris,
2398 3214 2564 3268 Paris.
2613 3213 2780 3281 160.1,
2825 3215 2993 3283 in-t°,
3029 3231 3150 3271 cum
3191 3217 3330 3272 notis
3376 3217 3575 3283 Parad,

2005 3307 2172 3376 Neap.
2200 3305 2428 3366 Nemct.,
2452 3303 2609 3370 1628,
2639 3305 2803 3360 in-8°.

1007 3488 1201 3552 VITA
1243 3488 1666 3555 SYMMACHI
1711 3492 1825 3553 EX
1868 3489 2435 3565 ANTIQUISSIMA
2477 3489 2886 3552 EDlTIONE.

372 3609 440 3677 ρ.
493 3607 740 3663 Aurelius
778 3609 1166 3678 Symmachus,
1208 3610 1293 3665 vir
1335 3610 1655 3674 consularis,
1705 3610 1896 3664 iisdem

311 3699 422 3754 fere
457 3699 794 3767 temporibus
814 3700 966 3765 vixit,
993 3701 1183 3770 quibus
1209 3701 1318 3755 divi
1353 3701 1602 3757 doctores
1637 3700 1899 3772 Hierony-

310 3807 430 3844 mus
468 3798 524 3843 et
543 3789 879 3855 Ambrosius,
901 3777 1194 3859 Ausonius,
1227 3791 1544 3847 Prudentius
1569 3801 1626 3847 et
1652 3792 1898 3846 Claudia-

311 3894 411 3935 nus
447 3890 645 3949 poetae.
680 3881 804 3951 Ejus
832 3882 1165 3936 consulatum
1208 3883 1578 3953 collegamque
1620 3883 1892 3938 Ticianum

311 3972 487 4028 refert
518 3972 750 4040 Prosper
773 3972 839 4026 de
867 3972 1218 4042 Temporibus
1245 3974 1296 4027 in
1319 3988 1514 4028 annum
1540 3973 1744 4027 Domini
1767 3972 1892 4036 594,

312 4064 399 4130 qui
435 4062 537 4115 fuit
565 4077 737 4115 annus
781 4061 1118 4132 imperatoris
1149 4062 1504 4118 Valentiniani
1531 4063 1768 4118 Junioris
1805 4079 1897 4117 ex-

310 4166 523 4210 tremus
554 4174 568 4207 :
598 4157 664 4208 ad
692 4172 849 4225 quem
890 4171 1020 4211 sane
1057 4156 1285 4212 habetur
1324 4159 1546 4227 epistola
1589 4159 1899 4228 Symmachi

312 4249 540 4315 proprio
573 4246 726 4300 titulo
768 4247 1045 4314 inscripta,
1083 4263 1205 4301 cum
1247 4249 1446 4316 alioqui
1484 4247 1820 4302 desideretur
1848 4246 1901 4302 id

313 4327 486 4403 genus
519 4339 749 4406 parergi.
779 4335 886 4391 Nec
917 4337 1228 4405 ignorantur
1247 4338 1363 4407 ejus
1383 4337 1448 4392 ad
1470 4337 1764 4393 Ausonium
1790 4338 1902 4407 epi-

314 4427 474 4477 stolae
503 4441 516 4476 :
548 4440 704 4494 quem
735 4440 892 4480 nemo
921 4429 1092 4481 nescit
1119 4427 1306 4482 iisdem
1339 4430 1666 4496 temporibus
1704 4430 1902 4484 vixisse

315 4515 476 4582 primi
507 4515 734 4567 neminis
765 4515 960 4569 virum.
1009 4517 1075 4570 Et
1126 4517 1212 4572 hic
1261 4528 1343 4572 est
1390 4518 1764 4587 Symmachus,
1811 4520 1900 4588 qui

317 4619 539 4659 causam
592 4605 868 4673 gentilium
911 4606 1132 4661 deorum
1181 4609 1424 4664 oratione
1480 4610 1901 4666 luculentissima

317 4692 565 4747 defendit
609 4697 749 4763 apud
799 4695 952 4750 divos
989 4695 1350 4752 Theodosium
1411 4698 1790 4768 imperatorem
1849 4709 1904 4757 et

318 4786 638 4852 Arcadium,
669 4787 1064 4858 tlonoriumque
1091 4788 1354 4846 Caesares.
1383 4791 1578 4845 Contra
1602 4807 1759 4861 quem
1792 4792 1904 4861 ple-

321 4877 487 4945 rique
528 4877 639 4943 alii,
672 4879 952 4934 nervosius
995 4889 1172 4934 tamen
1217 4881 1482 4949 scripsere
1530 4893 1746 4938 sanctus
1774 4883 1904 4937 Amo

321 4964 542 5021 brosius
576 4977 630 5022 et
673 4969 922 5023 Aurelius
968 4968 1286 5025 Prudentius
1328 4971 1479 5026 libris
1519 4972 1769 5027 duobus:
1821 4974 1906 5028 hic

320 5069 490 5112 versu
519 5057 849 5124 hexametro,
881 5076 1034 5128 prosa
1065 5063 1217 5116 alius.
1264 5063 1359 5117 Est
1385 5063 1565 5118 videre
1585 5079 1649 5120 ex
1679 5065 1765 5118 illa
1793 5065 1904 5134 ipsa

319 5149 592 5214 oratione,
637 5161 830 5218 quanta
873 5152 986 5218 ille,
1026 5168 1293 5223 quamque
1331 5155 1592 5224 exquisita
1638 5155 1796 5210 fuerit
1825 5155 1906 5210 di-

318 5241 484 5294 cendi
521 5239 767 5296 facultate
801 5260 814 5293 :
846 5251 989 5295 tanta
1029 5258 1244 5313 nempe,
1277 5254 1333 5298 ut
1363 5246 1522 5299 homo
1555 5246 1907 5315 exquisitissi-

316 5329 393 5383 mi
441 5329 620 5397 indicii
668 5333 900 5400 Angelus
940 5332 1230 5390 Politianus
1281 5350 1435 5400 eum,
1477 5351 1576 5391 nec
1618 5336 1902 5402 immerito,

315 5423 371 5477 in
406 5431 648 5477 vetet-nm
677 5437 948 5479 oratorum
980 5426 1117 5481 Albo
1138 5427 1392 5481 retulerit.
1427 5427 1576 5482 Licet
1602 5443 1813 5498 quoque
1834 5442 1902 5482 ex

315 5514 428 5568 hoc
476 5514 819 5583 epistularum
863 5515 1200 5572 familiarium
1233 5518 1412 5573 libello
1437 5518 1678 5574 nonnihil
1705 5533 1904 5590 Cogno-

310 5621 481 5662 scere
512 5624 525 5657 :
556 5607 646 5677 qui
684 5623 806 5664 cum
846 5610 1004 5681 vulgo
1047 5611 1104 5666 in
1147 5620 1418 5667 auctorem
1451 5612 1616 5668 Boetii
1656 5627 1898 5667 socerum

311 5697 748 5767 transferretur,
803 5712 1090 5773 essentque
1146 5702 1304 5773 hujus
1354 5705 1554 5760 erroris
1601 5714 1899 5761 assertores

2001 3609 2266 3672 nonnulli,
2306 3609 2394 3678 qui
2421 3621 2480 3662 se
2509 3608 2745 3662 omnium
2795 3607 3134 3665 historiarum
3172 3612 3416 3667 conscios
3455 3627 3585 3682 pro-

2005 3699 2151 3763 fessi,
2181 3699 2524 3768 ignavissimo
2570 3697 2905 3754 vaframento
2947 3714 3053 3754 non
3097 3701 3148 3754 in
3197 3700 3348 3756 aulas
3393 3701 3577 3766 modo,

1999 3789 2092 3845 sed
2125 3790 2176 3842 in
2200 3790 2343 3858 ipsos
2363 3790 2525 3842 etiam
2549 3790 2756 3842 animos
2777 3790 3098 3858 principales
3124 3789 3252 3861 (heu
3276 3793 3577 3860 tempora!)

1999 3888 2406 3949 surrepserunt;
2440 3895 2542 3933 non
2567 3878 2840 3935 ferendam
2864 3881 3169 3934 existimavi
3207 3895 3486 3950 procacem
3512 3882 3578 3935 il-

2001 3971 2174 4026 lorum
2207 3972 2594 4040 ignorantiam:
2623 3971 2716 4026 sed
2747 3971 2949 4026 liberali
2988 3971 3192 4039 judicio
3233 3973 3438 4041 prolem
3485 3988 3578 4043 pa-

2002 4066 2138 4117 renti
2165 4078 2316 4117 suam
2343 4063 2651 4127 restituens,
2685 4062 2893 4117 ostendi
2920 4078 3079 4132 quam
3112 4079 3242 4120 vana
3284 4065 3354 4120 sit
3387 4081 3575 4120 eorum

2005 4152 2408 4220 eiimmentatio,
2456 4154 2546 4222 qui
2576 4152 2856 4208 historiam.
2891 4154 3148 4208 arbitratu
3175 4169 3273 4207 suo
3301 4156 3575 4209 commini-

2001 4253 2223 4295 scuntur
2252 4259 2264 4294 :
2297 4251 2353 4295 et
2380 4241 2544 4312 (quod
2575 4257 2641 4296 ne
2661 4241 2802 4296 Deus
2823 4243 3035 4311 quidem
3064 4244 3251 4313 possit)
3284 4246 3334 4298 in
3360 4253 3578 4312 prator-

2003 4332 2134 4385 itum
2164 4329 2473 4398 disponunt,
2499 4331 2582 4384 vel
2609 4333 2906 4400 refragante
2931 4341 3226 4401 temporum
3267 4334 3401 4397 fide;
3437 4343 3495 4388 ut
3525 4335 3576 4388 in

2006 4421 2104 4474 hoc
2127 4435 2336 4490 quoque
2360 4420 2476 4473 loco
2499 4419 2680 4474 videre
2702 4421 2846 4475 licet.
2869 4421 3048 4491 Neque
3068 4423 3210 4476 enim
3227 4423 3580 4493 Symmachus

2003 4511 2092 4564 ille
2125 4510 2290 4565 Boetii
2313 4524 2467 4564 Socer
2487 4509 2600 4580 (qui
2625 4525 2765 4564 anno
2795 4511 3001 4566 Domini
3032 4511 3155 4577 521,
3184 4529 3212 4565 a
3242 4514 3580 4570 Theoderico

2002 4603 2212 4655 OCClrllS
2263 4599 2366 4672 est)
2416 4601 2574 4654 ullam
2615 4599 2992 4656 Valentiniano
3020 4602 3324 4672 epistolam,
3365 4605 3466 4658 nisi
3496 4607 3576 4658 vel

2005 4695 2058 4746 in
2089 4693 2241 4747 cuuis
2269 4693 2547 4762 scripsisse
2579 4693 2783 4761 potuit:
2807 4693 2892 4748 vel
2922 4693 2990 4764 (si
3015 4693 3428 4766 Patingenesiam
3447 4712 3579 4752 con-

2005 4782 2265 4851 cedimus)
2293 4798 2362 4838 ex
2394 4798 2584 4853 campo
2615 4783 2798 4854 Elysio
2842 4785 3148 4854 priusquam
3184 4787 3362 4841 denuo
3395 4803 3581 4842 nascc-
3643 4834 3656 4848 .

2005 4885 2172 4930 retur.
2195 4875 2299 4932 Sed
2329 4891 2436 4946 quo
2466 4877 2594 4930 mihi
2625 4877 2974 4932 circulatores
3008 4879 3171 4932 istos?
3195 4880 3352 4949 cujus
3381 4879 3482 4934 hoc
3503 4881 3580 4934 in-

2006 4968 2250 5021 S‘itutum
2298 4968 2780 5038 imprzesentiarum
2833 4970 3024 5032 fuerat,
3065 4973 3318 5041 epistolas
3345 4973 3564 5042 Symma

2005 5059 2090 5112 chi
2113 5059 2488 5113 commendare
2515 5059 2847 5128 antiquitatis
2879 5070 2934 5115 et
2979 5061 3293 5116 litteraturae
3339 5064 3581 5118 cultioris

2005 5147 2333 5202 amatoribus
2362 5159 2378 5200 :
2405 5163 2537 5216 quas
2569 5147 2671 5204 etsi
2714 5164 2818 5204 non
2847 5159 2954 5205 tam
2997 5151 3308 5207 emendatas
3332 5153 3579 5223 legerint.

2007 5254 2164 5308 quam
2193 5238 2284 5292 ille
2313 5237 2530 5307 scripsit
2571 5239 2864 5309 elegantes,
2907 5239 3021 5295 scio
3051 5253 3227 5297 tamen
3270 5242 3354 5299 his
3384 5245 3582 5313 gratias

2013 5331 2300 5396 habebunt,
2325 5330 2416 5399 qui
2443 5343 2535 5384 eas
2564 5329 2635 5384 ita
2673 5330 2888 5400 prodire
2912 5331 3197 5388 maluerint
3233 5349 3389 5404 quam
3423 5347 3580 5402 pror-

2006 5441 2097 5482 sus
2128 5427 2367 5481 interire.
2400 5425 2582 5494 Neque
2607 5426 2750 5480 enim
2777 5434 2979 5480 tantum
3001 5429 3440 5496 depravatoribus
3461 5441 3581 5482 ces-

2007 5521 2077 5575 sit
2127 5529 2188 5575 ut
2215 5534 2319 5574 non
2347 5518 2486 5574 bona
2517 5532 2640 5588 pars
2663 5518 2872 5590 integra
2901 5521 3156 5593 restiterit
3187 5562 3204 5586 ,
3252 5534 3369 5587 qua:
3417 5534 3582 5574 nasu-

2007 5611 2072 5668 tis
2091 5610 2248 5667 etiam
2274 5609 2563 5667 lectoribus
2589 5610 2791 5666 factura
2817 5612 2886 5668 sit
2913 5613 3266 5667 stomachum.
