4132 6176
324 320 422 376 H5

1551 322 2026 382 EPISTOL‘AHUM
2066 323 2266 378 LIBER
2309 323 2350 377 Ι.

3471 323 3576 378 Ηϐ

319 431 534 498 petenda
559 448 652 485 ara
669 432 939 487 Victorias.
971 432 1203 498 Quorum
1223 435 1529 491 intrantium
1563 455 1662 492 ora
1702 440 1889 502 iniecto
1919 443 1968 500 Α
1993 437 2254 506 respicias,
2287 437 2502 490 brevitas
2530 445 2678 507 grata
2706 450 2729 492 .°
2757 437 2836 490 sin
2864 436 3022 490 altius
3051 433 3256 490 sensum
3282 436 3568 506 investiges,

318 524 389 576 eis
413 522 632 576 veritatis
659 538 771 576 osse
795 523 1148 576 obstruxerunt
1174 525 1488 594 Augustinus
1510 526 1648 580 'libro
1677 529 1736 581 dc
1761 525 1894 580 Civi-

318 621 420 665 tate
444 612 563 677 Dei,
590 624 636 666 et
663 612 875 666 Orosius
914 611 1146 667 Historia
1169 631 1294 683 ,sua.
1347 615 1660 670 Prudentius
1695 635 1891 687 quoque

320 711 468 768 poeta
492 703 746 786 luculento
771 703 966 757 metrici
989 704 1152 774 operis
1181 702 1352 760 libello
1375 706 1712 776 blasphemias
1735 709 1891 780 Sym-

317 793 486 845 machi
513 793 720 863 refellit.

387 882 625 937 Joannes
651 881 1014 954 Cusmsunus,
1045 885 1100 939 in
1127 884 1502 944 Commentario
1531 892 1820 946 consulum.

387 993 455 1060 Q.
497 994 868 1064 Symmachus,
898 996 982 1050 vir
1016 998 1332 1064 consularis,
1363 1007 1421 1054 et
1448 1000 1573 1056 Urbi
1606 1001 1894 1070 praefectus

317 1087 788 1156 eloquentissimus
827 1099 900 1144 et.
919 1090 1280 1157 doctissimus,
1308 1091 1530 1147 Ausonii
1561 1095 1726 1149 frater
1755 1112 1780 1169 εἴ
1801 1095 1894 1161 qui

316 1193 538 1234 causam
590 1180 863 1250 gentilium
904 1182 1133 1237 deorum
1186 1184 1603 1240 luculentissima
1652 1188 1894 1242 oratione

315 1269 561 1325 defendit
596 1272 733 1338 apud
760 1271 1121 1327 Theodosium
1164 1283 1218 1329 et
1247 1274 1672 1332 Valentinianum
1719 1279 1893 1346 impe-

314 1369 528 1416 ratores
552 1379 566 1414 :
593 1377 712 1430 quae
732 1363 904 1417 oratio
935 1363 1072 1418 libro
1091 1367 1276 1434 quinto
1305 1368 1382 1436 (in
1401 1367 1496 1421 hac
1515 1370 1637 1422 edit.
1661 1369 1892 1440 decimo)

313 1454 668 1523 epistolarum
725 1453 1024 1513 inseritur.7
1062 1459 1258 1513 Contra
1313 1462 1896 1530 quamardentissime

313 1544 538 1612 scripsit
569 1545 629 1599 D.
654 1544 998 1614 Ambrosius,
1042 1558 1096 1604 et
1123 1551 1372 1606 Aurelius
1402 1553 1718 1608 Prudentius
1739 1596 1755 1620 ,
1804 1557 1894 1626 qui

315 1634 463 1689 circa
511 1633 627 1689 haec
671 1645 908 1706 tempora
954 1638 1162 1706 ﬂoruit,
1227 1640 1435 1696 duobus
1489 1645 1897 1711 elegantissimis

317 1723 490 1787 libris,
513 1739 672 1780 versu
697 1725 932 1782 heroico.
961 1728 1185 1799 Scripsit
1208 1742 1384 1785 autem
1404 1733 1664 1800 Epismlas
1686 1750 1896 1806 quoque

319 1813 609 1870 familiares
638 1815 1090 1887 elegantissimas,
1125 1820 1274 1876 mine
1316 1799 1590 1878 brevitatis
1619 1840 1682 1880 ac
1702 1799 1895 1880 vrotun-
1927 1799 1978 1861 Β

315 1904 524 1971 ditatis,
547 1907 821 1962 Ciceronis
842 1908 1144 1964 Academia:
1177 1913 1376 1980 primus
1403 1914 1582 1968 accola
1609 1934 1620 1967 :
1652 1931 1772 1984 quae
1800 1932 1896 1986 pro

314 1995 496 2050 Caroli
549 2009 604 2052 et
633 1997 906 2068 C‘asparini
952 2001 1195 2069 epistolis
1239 2015 1388 2059 certe
1427 2013 1554 2058 sunt
1592 2006 1895 2074 junioribus

315 2086 579 2155 legenda,
606 2097 665 2142 et
685 2105 817 2158 quas
848 2093 1012 2145 nostri
1043 2093 1220 2148 saeculi
1243 2093 1894 2153 duoclarissimalumina

318 2175 647 2246 Pomponius
676 2179 849 2235 La-tus
880 2189 934 2235 et
967 2181 1203 2253 Angelus
1231 2184 1520 2240 Politianus
1552 2187 1684 2242 mire
1714 2188 1896 2243 lauda-

318 2278 468 2324 runt.
502 2270 709 2326 Habent
747 2273 888 2327 enim
928 2274 1242 2342 elegantiam
1280 2277 1596 2332 concinnam
1624 2294 1746 2334 cum
1773 2279 1897 2336 bre-

317 2359 504 2415 vitate
534 2363 782 2428 amabili,
830 2372 886 2417 et
933 2364 1088 2432 hujus
1142 2367 1400 2435 temporis
1446 2377 1594 2437 gesta
1643 2369 1898 2425 nonnulla

317 2452 618 2521 explicant.
650 2453 810 2524 Lege,
841 2454 1028 2516 lector.
1059 2464 1114 2511 et
1144 2457 1432 2514 laetaberis.

858 2543 1084 2601 Jacosus
1125 2545 1372 2603 Lscrzus.

392 2630 523 2687 Fuit
557 2634 866 2706 Symmacho
903 2653 1020 2692 vera
1053 2641 1320 2710 facundia,
1361 2643 1519 2697 solers
1556 2645 1815 2715 ingenium
1852 2657 1902 2702 et

315 2732 530 2776 suum
547 2739 568 2778 :
596 2742 690 2794 par
707 2730 1068 2783 sententiarum
1096 2731 1316 2800 gravitas
1340 2742 1390 2786 et
1409 2744 1665 2802 venustas,
1687 2737 1731 2790 si
1751 2740 1899 2794 verba

1996 527 2198 596 prolixa
2222 535 2288 580 oet
2326 526 2592 596 multiplex
2635 527 2877 581 eruditio.
2919 527 3064 580 Adde
3111 527 3374 596 sapientia:
3411 527 3572 580 civilis

1994 619 2210 672 solidam
2229 626 2389 686 atque
2423 618 2708 671 abstrusam
2731 619 3088 690 cognitionem.
3121 618 3267 671 Adde
3286 634 3456 670 raram
3482 620 3571 669 sub

1994 707 2378 777 imperatoribus
2415 709 2801 762 sanctimoniam
2844 725 3060 774 morum,
3103 719 3150 762 et
3191 709 3475 762 Romanam
3517 710 3571 762 in

1986 799 2110 869 jure
2143 800 2461 870 suggerendo
2483 800 2784 854 libertatem.
2816 800 2936 853 Non
2960 800 3045 853 ille
3074 815 3239 853 rerum
3256 801 3572 871 publicarum

1995 891 2413 956 moderatoribus,
2450 900 2540 943 aut
2563 891 2955 961 jureconsultis,
2993 891 3245 958 imprimis
3273 906 3572 959 magnorum

1995 982 2287 1052 principum
2326 982 2634 1036 consifiariis
2671 991 2758 1036 aut
2796 984 3098 1050 secretariis,
3145 983 3440 1037 tractandus
3479 982 3575 1036 levi

1995 1086 2170 1124 manu.

2538 1160 2692 1216 loss.
2732 1161 3097 1218 Jacouorrus.

2068 1290 2165 1346 Cui
2193 1290 2407 1364 thymus
2435 1291 2928 1364 eloquil,rbrevitas
2956 1294 3041 1348 cui
3072 1293 3251 1360 docta,
3280 1295 3456 1364 gravis
3485 1295 3572 1349 cui

2217 1361 2614 1416 Sententiarum
2644 1363 2902 1430 dignitas,

2068 1429 2404 1503 Principibus
2433 1432 2516 1484 cui
2549 1434 2703 1499 digna
2734 1433 2873 1486 viris.
2897 1433 3170 1500 prudentia
3202 1448 3417 1503 rerum,

2212 1500 2280 1554 Et
2320 1501 2439 1554 felle
2468 1517 2572 1554 non
2605 1504 2751 1554 tincti
2784 1503 2954 1567 sales,

2067 1566 2161 1623 Cui
2187 1569 2472 1643 T_l_iemidos
2501 1571 2662 1643 Latiae
2691 1571 2902 1643 decreta
2933 1566 3164 1628 verenda
3195 1573 3503 1643 placebunt,

2221 1639 2484 1710 Vigorque
2510 1641 2698 1696 Sollers
2722 1659 2734 1694 :
2771 1641 2881 1697 Huc
2907 1643 3060 1697 ades.

2179 1789 2386 1845 Casam
2422 1790 2710 1848 Ban'ruzus.
2753 1793 2930 1864 Ableg.
2972 1794 3062 1848 lib.
3099 1809 3156 1862 ll,
3199 1811 3313 1864 cap.
3342 1795 3396 1849 8.

2067 1921 2186 1978 Dici
2223 1940 2325 1978 non
2350 1935 2530 1996 potest,
2558 1928 2745 1996 quanti
2778 1928 2956 1981 merito
3000 1943 3096 1981 suo
3132 1926 3446 1981 testimandw
3476 1927 3582 1979 sint

1998 2016 2295 2088 Symmachi
2327 2020 2576 2087 epistolat;
2610 2020 2734 2073 Non
2761 2035 2884 2074 sane
2925 2021 2986 2073 ob
3013 2029 3302 2074 accuratam
3334 2020 3502 2085 illum,
3533 2033 3582 2072 cf

1996 2109 2217 2161 maxime
2258 2110 2304 2163 ei
2340 2109 2512 2179 generi
2549 2110 2839 2171 scriptionis
2868 2121 3039 2181 aptam
3063 2111 3352 2164 brevitatem
3391 2111 3577 2175 solum,

1995 2199 2085 2251 sed
2127 2206 2335 2266 prapter
2371 2199 2647 2253 sententias
2685 2199 2920 2268 politicas
2955 2201 3080 2255 tales
3127 2209 3281 2271 atque
3312 2217 3372 2254 ea
3403 2201 3576 2270 copia,

2005 2296 2064 2340 ut
2103 2287 2177 2341 vel
2197 2287 2314 2341 inde
2352 2289 2576 2358 prudens
2616 2291 2801 2358 a'iquis
2839 2291 3130 2358 reipublica:
3174 2306 3290 2343 cum
3329 2290 3497 2359 gloria
3534 2299 3585 2342 et

2003 2378 2340 2429 emolumento
2360 2378 2780 2432 administranda:
2815 2395 2965 2432 usum
3001 2378 3192 2433 discere
3213 2379 3388 2446 possit.
3419 2376 3580 2430 Nulla

2005 2483 2068 2522 ex
2105 2467 2169 2520 iis
2211 2479 2284 2522 est
2321 2484 2435 2538 quae
2477 2484 2579 2522 non
2619 2470 2774 2538 spiret
2811 2472 3016 2541 genium
3063 2469 3352 2540 quempiam
3393 2469 3490 2523 viri
3530 2469 3578 2522 in

2005 2560 2158 2612 rebus
2211 2561 2405 2632 egregii
2448 2562 2640 2631 publici
2695 2566 3027 2634 procurandis
3082 2565 3342 2618 exercitati
3380 2575 3401 2617 :
3441 2563 3580 2616 nulla

2004 2649 2227 2718 epistola
2249 2661 2342 2716 est,
2370 2668 2480 2720 qute
2501 2669 2604 2707 non
2640 2655 2893 2724 integrum
2919 2655 3113 2726 dogma.
3133 2654 3330 2724 politici
3362 2653 3580 2722 alicujus

2001 2745 2336 2814 syntagmatis
2363 2761 2646 2817 propagare
2667 2757 2840 2817 queat.

325 2877 3576 2916 ===——-——-————___.___——______——__——____———-—_____________

791 3103 798 3118 _.
927 3023 1094 3214 ρ.
1165 2985 1926 3147 Lunam:
1996 3036 2972 3158 svmnmcm

1232 3299 1240 3310 ‘
1310 3218 1388 3280 V.
1435 3221 1502 3283 C.
1549 3222 1714 3286 COS.
1760 3224 2026 3289 ORDIN.
2073 3229 2324 3294 Pii/EF.
2368 3232 2596 3296 URBIS

1239 3375 2654 3530 EPISTOLARUM

1533 3619 1844 3703 LIBRI
1913 3621 2352 3705 DECEM‘.

1361 3867 1835 4020 LIBER
1922 3912 2563 4022 PRIMUS.

817 4061 1140 4119 EPISTOLA
1185 4065 1413 4124 PRIMA.

787 4207 1096 4252 δνιιιιλειιυε
1132 4214 1285 4253 ΡΑἿἬΙ
1323 4215 1441 4255 δυο.

1924 4074 1970 4136 C
2003 4071 2279 4142 Acyndino
2301 4073 2589 4138 conditori,
2608 4073 2658 4144 ej
2697 4087 2828 4144 sque
2851 4073 3140 4145 majoribus
3161 4087 3400 4132 emmetra
3421 4094 3499 4132 νον
3517 4080 3580 4134 ba

2007 4161 2186 4231 Lbavi,
2227 4172 2280 4218 et
2312 4165 2530 4232 pictura:
2560 4163 2610 4217 Ιί‹
2629 4167 2848 4231 entiam,
2879 4181 2997 4236 quae
3035 4168 3282 4222 vestitum
3315 4169 3581 4237 disparem

2003 4255 2229 4324 singulis
2278 4258 2483 4323 tribuit,
2526 4257 2580 4310 in
2624 4258 2882 4312 rationem
2927 4260 3096 4327 coegi.
3153 4260 3480 4314 Protelarem
3531 4272 3580 4315 te

391 4321 475 4378 Ne
504 4323 634 4378 mihi
663 4323 788 4380 vitio
815 4337 1048 4382 vertatur
1072 4330 1732 4400 intermissiolitterarum,
1761 4337 1906 4393 malo
2007 4321 2302 4416 paululum,
2339 4347 2392 4401 ni
2439 4321 2658 4402 vererer
2697 4363 2764 4402 ne
2812 4347 3064 4402 dilatione
3109 4347 3440 4418 exspectatio
3482 4353 3588 4403 mi-

320 4427 445 4468 esse
484 4426 760 4484 promptus
799 4418 960 4475 ofﬁcii
998 4437 1154 4489 quam
1199 4423 1350 4494 longa
1399 4429 1798 4494 exspectatione
1823 4430 1904 4485 vi-

325 4503 652 4558 cissitudinis
680 4506 925 4564 desidere
961 4527 976 4565 :
1015 4519 1125 4565 tum
1165 4514 1303 4582 quod
1331 4516 1663 4584 parentibus,
1698 4533 1802 4572 non
1833 4519 1905 4574 ad.

322 4591 552 4658 lancem,
583 4610 756 4666 neque
793 4600 858 4652 ad
893 4599 1192 4656 dimensum
1237 4607 1396 4660 verba
1436 4607 1712 4661 tribuenda
1754 4619 1899 4665 sunt.

324 4681 552 4751 Iniurius
575 4686 777 4751 videar,
801 4690 845 4743 si
874 4705 1084 4745 summa
1109 4693 1382 4748 vobiscum
1408 4697 1530 4764 jure
1555 4699 1898 4755 contendam.

322 4771 455 4826 Nam
487 4787 684 4842 praeter
712 4793 922 4847 aequum
951 4791 1157 4849 censet,
1185 4786 1274 4854 qui
1305 4787 1446 4840 inter
1475 4787 1715 4857 dispares
1742 4791 1902 4847 obse-

321 4864 517 4932 quium-
534 4880 628 4933 par
655 4870 894 4937 requirit.
929 4870 1112 4942 Itaque
1137 4890 1315 4928 sermo
1342 4886 1519 4932 vester
1543 4892 1610 4932 ex
1639 4879 1901 4935 beneficio

321 4954 698 5024 proﬁciscitur,
737 4969 920 5015 noster
956 4979 1018 5017 ex
1050 4963 1252 5020 debito.
1295 4967 1418 5022 Haec
1447 4983 1562 5034 me,
1602 4980 1759 5040 atque
1797 4972 1900 5026 alia

321 5044 625 5112 huiusmodi
653 5050 863 5118 oppido.
882 5055 1252 5122 perpulerunt,
1301 5058 1572 5113 scribendi
1601 5076 1791 5116 munus
1819 5062 1900 5116 in-

319 5143 480 5199 super
524 5149 630 5189 non
685 5139 902 5194 habere.
949 5139 1100 5196 Nunc
1145 5145 1293 5198 vobis
1331 5158 1546 5202 actuum
1595 5136 1898 5206 nostrorum

317 5222 455 5276 ordo
475 5226 788 5292 pandendus
811 5240 919 5297 est;
951 5232 1079 5287 libet
1107 5235 1248 5289 enim
1275 5252 1378 5290 non
1405 5239 1581 5294 minus
1601 5242 1716 5306 otii,
1740 5258 1898 5312 quam

318 5315 516 5384 negotii
543 5331 798 5386 praestare
828 5325 1108 5380 rationem.
1143 5326 1336 5382 Baulos
1363 5330 1587 5386 Lucrina
1621 5333 1749 5388 sede
1779 5349 1896 5388 mu-

2005 4445 2220 4491 nuatur.
2249 4437 2428 4505 Quare
2474 4437 2799 4493 elaboratam
2842 4437 3006 4494 soloci
3039 4438 3127 4493 filo
3151 4438 3333 4509 accipe
3352 4441 3578 4495 cantile-

2004 4540 2152 4582 nam.

2142 4679 2310 4750 Attica
2335 4681 2474 4750 palla
2502 4681 2621 4750 tegit
2645 4695 2897 4745 socerum,
2921 4689 3040 4750 toga
3068 4683 3203 4750 picta
3224 4692 3503 4750 parentem.

2143 4747 2362 4822 Prwfuit
2390 4750 2478 4803 ille
2504 4747 2663 4804 sacris
2689 4766 2708 4804 :
2731 4751 2813 4804 hic
2838 4747 3114 4822 dixitwjur'a
3143 4747 3349 4817 Quiriti.

2141 4820 2206 4872 At
2235 4818 2360 4873 mihi
2389 4830 2696 4874 castrensem
2720 4822 2855 4888 quod
2886 4818 3081 4876 mordet
3101 4823 3259 4891 ﬁbula
3295 4835 3503 4889 restem;

2142 4891 2359 4962 durarat:
2387 4892 2439 4943 in
2471 4892 2672 4958 populis
2695 4907 2869 4962 regum
2900 4902 3138 4960 pra'torra
3167 4893 3292 4946 reri.

2144 4960 2250 5014 Sed
2287 4961 2448 5030 fasces
2475 4962 2678 5030 pictura
2706 4960 2870 5024 tacet;
2913 4971 2990 5028 tu,
3031 4965 3225 5030 respice
3259 4964 3439 5033 fastos.

2073 5156 2198 5212 Scio
2233 5165 2285 5212 te
2317 5155 2475 5211 simul
2508 5165 2664 5224 atque
2709 5155 2824 5211 haec
2857 5156 3070 5224 legeris,
3101 5168 3338 5215 actutum
3375 5161 3578 5229 poetica

2002 5247 2201 5316 plectra
2248 5258 2541 5302 moturum.
2594 5247 2793 5302 Nullus
2826 5249 3038 5314 feceris,
3086 5267 3154 5312 ne
3203 5254 3308 5307 mei
3347 5252 3582 5322 periculo

2001 5341 2249 5409 gloriere.
2300 5341 2410 5409 Ego
2449 5349 2500 5394 te
2536 5341 2704 5394 nostri
2733 5342 2868 5405 vatis
2895 5343 3143 5412 exemplo
3169 5345 3321 5414 quasi
3350 5350 3577 5413 quadam

319 5407 546 5461 tavimus
571 5423 587 5461 :
612 5424 718 5465 non
748 5413 887 5481 quod
934 5416 1051 5483 ejus
1094 5417 1376 5475 diversorii
1423 5423 1641 5478 satietas
1688 5426 1894 5494 ceperit
1924 5442 1974 5503 ι)
2002 5407 2119 5503 lege
2145 5407 2432 5488 convenio.
2465 5434 2648 5488 Liceat
2693 5433 2834 5490 inter
2863 5435 3041 5492 olores
3077 5451 3302 5492 canoros
3333 5443 3578 5490 anserem

315 5512 439 5563 nos,
482 5503 643 5570 quod,
693 5521 813 5559 cum
852 5507 1050 5562 diutius
1088 5511 1295 5576 visitur,
1344 5514 1460 5582 plus
1504 5526 1713 5570 amatur
1749 5534 1761 5570 :
1794 5519 1888 5574 sed

311 5590 459 5658 quod
509 5603 683 5648 metus
726 5595 828 5651 fuit
873 5613 940 5653 ne
985 5601 1030 5654 si
1073 5601 1356 5656 Baulorum
1400 5606 1529 5659 mihi
1580 5607 1890 5663 ino'evisset

315 5681 550 5750 electio,
585 5698 799 5758 castora,
832 5705 949 5760 quae
977 5693 1190 5749 visenda
1232 5707 1374 5763 sunt,
1404 5697 1766 5768 displicerent.
1815 5700 1888 5756 lbi

2001 5533 2264 5594 strepere.
2297 5525 2576 5580 Silentium
2602 5525 2754 5591 mihi,
2779 5527 2878 5581 nisi
2906 5527 3239 5596 praestiteris.
3267 5526 3576 5595 imperabis.

2001 5614 2170 5679 Quam
2200 5615 2332 5668 nihil
2352 5617 2450 5670 abs
2476 5625 2528 5671 te
2549 5625 2802 5683 metuam,
2827 5619 2906 5673 vis
2930 5617 3190 5686 probare?
3213 5618 3293 5671 Eu
3316 5618 3410 5674 tibi
3433 5619 3578 5674 aliud

2002 5704 2389 5762 aliucinationis
2427 5721 2560 5762 meae
2588 5708 2759 5778 prodo
2787 5715 3076 5780 secretum,
3117 5706 3290 5764 adhuc
3317 5709 3580 5768 sollicitus
