4176 6184
611 331 713 388 ην
1855 329 1919 396 Q.
1961 326 2233 385 suumn

2271 325 2622 383 SYMMACIII
3750 331 3850 386 “8

604 441 671 494 de
701 437 894 507 priore.
929 437 1063 494 Audi
1090 450 1276 494 versus
1300 437 1368 492 ad
1393 437 1676 492 Baulorum
1703 435 1977 493 historiam
2008 439 2170 506 perti-
2203 436 2256 496 Λ
2384 435 2600 507 (Elatia,
2638 434 2840 507 Ruﬁne,
2864 443 2996 507 tua,
3023 436 3108 489 cui
3137 452 3404 507 prospera,
3433 437 3614 505 cuique

607 541 815 586 net-tes.

744 619 865 690 Huc
888 619 1013 672 deus
1037 617 1240 690 Alcides
1260 618 1575 690 stabilienda
1599 627 1828 690 armenta
1856 620 2036 690 coegit,

809 688 976 743 Eruta
1009 687 1270 758 tergemini
1295 689 1358 740 de
1384 687 1492 741 lare
1517 685 1772 758 Gerionis:

745 760 770 819 l
779 760 876 815 nde
899 775 1072 812 recens
1084 755 1222 810 Ietas
1249 768 1492 826 corrupta
1519 756 1704 810 Boalia
1731 755 1924 812 Baulos

815 827 868 882 Ν
873 835 1118 897 uncnpat,
1148 828 1344 881 occulto
1372 828 1592 880 nominis
1600 828 1827 897 indicio.

744 900 819 952 Ab
847 901 964 951 diuo
987 893 1055 952 ad
1081 911 1315 967 proceres
1338 898 1570 951 dominos
1593 893 1825 950 Fortuna
1845 897 2101 959 cucurrit;

813 967 979 1022 Fama
1007 968 1106 1020 loci
1135 968 1371 1021 obscuros
1401 982 1463 1022 ne
1487 975 1742 1036 pateretur
1767 969 1934 1019 heros.

743 1038 893 1106 Hanc
917 1037 1183 1091 celebravit
1212 1052 1364 1104 apum
1394 1036 1521 1106 felix
1545 1035 1842 1090 Hortensius
1871 1037 2064 1097 aulam,

812 1105 998 1161 Contra
1025 1106 1318 1174 Arpinatem
1337 1107 1423 1175 qui
1449 1107 1578 1158 stetit
1606 1106 1827 1175 eloquio.

747 1177 850 1232 llic
871 1175 1048 1229 consul
1083 1175 1280 1230 clarum
1307 1175 1548 1243 produxit
1569 1175 1865 1244 Acyndinus
1892 1189 2072 1237 (suum,

813 1247 1014 1314 Quique
1033 1245 1171 1301 dedit
1201 1246 1332 1314 leges
1357 1244 1550 1313 Orﬁtus
1571 1245 1840 1298 Eneadls.

741 1316 853 1386 Hos
880 1313 1013 1369 inter
1033 1313 1273 1386 juvenale
1294 1316 1471 1386 decus,
1501 1315 1590 1369 sed
1617 1313 1806 1386 honore
1835 1313 2003 1386 senili,

810 1384 898 1439 Bis
923 1383 1047 1438 seno
1067 1383 1250 1450 celsus,
1281 1385 1606 1453 Symmache,
1641 1385 1776 1452 fasce
1801 1385 1952 1435 etuis.

741 1457 848 1511 Sed
883 1464 931 1508 te
953 1453 1236 1508 Baulorum
1265 1457 1479 1508 necdum
1505 1455 1637 1507 lenta
1675 1454 1779 1505 otia
1803 1459 2034 1518 quaerunt
2051 1492 2066 1514 ,

810 1524 947 1580 Cura
974 1524 1152 1579 habeat
1171 1526 1408 1596 juvenem
1436 1523 1638 1594 publica
1662 1521 1974 1593 peruigilem.

599 1658 823 1726 Nempe,
842 1657 1076 1724 derides,
1099 1656 1241 1726 quod
1263 1655 1331 1711 de
1352 1671 1437 1712 me
1459 1655 1631 1726 aliqua
1651 1655 1798 1726 justo
1817 1653 2175 1724 indulgentius

603 1747 922 1816 praedicavi'l
947 1748 1039 1801 Est
1063 1747 1176 1801 haec
1198 1761 1320 1801 vera
1341 1754 1396 1801 et
1417 1745 1571 1815 digna
1599 1744 1964 1815 reprehensio.
1987 1743 2174 1798 Omnis

599 1843 792 1912 quippe
836 1840 1125 1896 ostentatio
1170 1853 1277 1894 non
1325 1846 1474 1894 caret
1518 1837 1824 1908 suspicione
1872 1834 2169 1891 mendacii:

599 1937 720 2004 quia
747 1934 999 2004 quidquid
1025 1934 1334 1997 assumitur,
1367 1932 1636 2003 proprium
1663 1947 1772 1987 non
1799 1939 2030 1999 putatur.
2073 1927 2174 1982 Dc-

603 2027 726 2084 binc
750 2027 890 2096 quod
913 2025 1164 2094 iactantia
1191 2039 1351 2079 avara
1380 2023 1554 2079 laudis
1579 2023 1803 2079 multum
1833 2020 2082 2090 decoquit
2107 2019 2174 2074 de

602 2120 825 2186 pudore.
873 2117 1092 2174 Possem
1132 2115 1314 2173 dicere
1348 2114 1419 2186 (si
1448 2114 1566 2185 quis
1609 2112 1886 2182 irrepserit
1921 2118 2174 2166 externus

602 2207 836 2275 auditor)
865 2219 1013 2261 meos
1047 2219 1167 2260 esse
1203 2205 1496 2260 versiculos
1529 2221 1542 2257 :
1581 2204 1848 2259 efﬁcerem
1876 2203 2080 2272 utique,
2120 2210 2176 2254 ut

601 2297 938 2354 verecundia:
965 2299 1224 2368 ignoscat,
1253 2296 1298 2352 si
1326 2295 1564 2350 essetab
1591 2295 1763 2350 altero
1793 2284 2029 2363 profecta
2060 2292 2173 2345 lau-

601 2389 766 2446 datio.
798 2387 904 2444 Sed
941 2386 1098 2444 video
1136 2385 1448 2455 opusculum
1473 2399 1598 2442 .non
1635 2397 1756 2438 esse
1787 2379 2172 2451 paenitendum.

605 2481 677 2538 Ita
724 2494 811 2535 res
864 2493 1085 2548 crepera
1125 2488 1287 2548 atque
1333 2489 1530 2546 anceps
1581 2475 1802 2531 dubium
1849 2487 1936 2530 me
1979 2472 2172 2531 habet,

509 2609 514 2614 -
605 2571 939 2629 uerecundiae
963 2569 1418 2640 prmmetuendum
1447 2570 1518 2624 sit
1540 2567 1848 2630 discrimen,
1877 2578 1945 2618 an
1972 2563 2172 2632 gloriaa.

601 2665 720 2718 'l‘ibi
751 2664 928 2735 igitur,
957 2663 1046 2733 qui
1076 2661 1355 2732 prudentia
1384 2661 1594 2716 ceteris
1619 2659 1864 2723 antistas,
1889 2653 2177 2724 optatiouis

605 2757 761 2825 hujus
789 2756 978 2826 detego
1009 2755 1354 2826 provinciam.
1399 2751 1536 2820 Quid
1577 2751 1717 2806 facto
1761 2764 1888 2804 usus
1935 2749 2025 2803 ﬁet
2063 2749 2177 2814 ipse

602 2846 820 2906 videris.
847 2845 955 2915 Ego
988 2853 1044 2900 et
1080 2843 1314 2899 infantia:
1338 2851 1393 2899 et
1416 2837 1783 2911 imprudentia:
1814 2851 1946 2895 mea:
1973 2844 2173 2904 patrem

603 2937 874 2994 conscium
902 2949 1006 2992 non
1037 2934 1376 3004 impudenter
1405 2931 1563 3002 elegi.
1601 2928 1749 2984 Vale.

1227 3044 1438 3103 EPIST.
1481 3043 1542 3100 Il.

1133 3153 1304 3192 PATER
1339 3150 1636 3192 SYHMACHO.

681 3252 790 3306 lloc
831 3259 915 3304 est
955 3262 1170 3312 munus,
1214 3260 1320 3316 quo
1359 3260 1420 3300 se
1456 3259 1565 3299 non
1605 3244 1717 3300 sols
1766 3245 1931 3314 possit
1972 3243 2175 3312 jactare

607 3337 928 3408 Campania;
953 3336 1047 3392 sed
1080 3347 1336 3406 praeterea
1363 3335 1548 3389 Romae
1573 3345 1665 3389 aut
1687 3334 1911 3389 Athenis
1937 3335 1988 3387 in
2020 3334 2170 3389 Crte-

608 3447 727 3491 cum
768 3428 1020 3500 loquendi
1057 3428 1316 3484 honorem
1357 3427 1661 3498 huiusmodi
1705 3427 1882 3498 lingua
1915 3436 2168 3484 vertatur.

608 3523 743 3596 Quid
768 3523 909 3579 enim
935 3521 1248 3578 concinuius
1272 3521 1498 3590 epistola
1529 3529 1636 3586 tua,
1682 3533 1843 3590 quam
1883 3535 2052 3589 nuper
2087 3534 2176 3573 ac-

609 3614 763 3683 cepi?
810 3612 948 3687 Quid
1000 3620 1249 3668 Versuum
1297 3610 1624 3666 admixtione
1667 3609 1984 3679 jucundius?
2041 3609 2176 3664 Vere

608 3704 780 3760 dicam
811 3705 934 3770 tibi,
971 3706 1124 3775 plura
1173 3704 1349 3775 legere
1385 3702 1688 3758 volentibus
1713 3701 1963 3758 celeriter
1995 3705 2176 3758 termi-

609 3805 732 3859 nata
759 3806 859 3850 est.
907 3795 1060 3863 Quod
1091 3797 1290 3849 utinam
1322 3807 1510 3848 sensus
1541 3792 1736 3864 aliquis
1763 3807 1948 3849 eorum
1987 3807 2176 3861 super-

608 3887 715 3942 sit!
763 3902 987 3956 quarunt
1041 3886 1362 3957 imaginibus
1411 3887 1721 3955 praescripta
1771 3885 2013 3942 videmus
2065 3888 2179 3955 epi-

609 3993 660 4045 gt
673 3987 922 4032 ammata.
939 3978 1116 4034 Facile
1131 3977 1418 4033 laudabunt
1437 3978 1568 4033 tales
1583 3991 1923 4033 successores
1940 3977 2176 4032 laborum

611 4081 852 4132 suorum,
879 4067 970 4136 qui
1010 4067 1228 4136 picturae
1259 4069 1485 4124 nitorem
1515 4067 1902 4136 pulcltriorihus
1937 4069 2182 4124 versibus

611 4158 868 4212 illuminat
884 4157 982 4220 int.
1001 4158 1064 4214 Et
1084 4173 1184 4228 ego
1205 4159 1362 4227 igitur
1373 4160 1613 4228 gratulor
1636 4174 1743 4214 non
1769 4159 1938 4228 magis
1959 4161 2178 4225 ostreis,

611 4261 665 4306 et
712 4250 1039 4320 peloridibus
1081 4251 1365 4315 abdomen,
1402 4267 1563 4320 quam
1607 4260 1790 4322 pectus
1833 4251 2046 4319 eloqqu
2086 4251 2178 4306 tibi

610 4355 733 4397 esse
759 4341 1028 4402 satiatum.
1064 4340 1126 4396 Et
1153 4342 1404 4411 quoniam
1436 4341 1693 4410 pudorem
1727 4356 1904 4399 meum
1937 4343 2051 4408 ipse
2084 4355 2178 4399 or-

611 4431 807 4491 diendo
826 4433 1062 4497 solvisti,
1091 4447 1120 4486 a
1146 4433 1298 4494 nobis
1323 4448 1532 4504 quoque
1551 4435 1731 4502 accipe
1758 4434 2018 4489 bonorum
2051 4443 2182 4486 aeta-

613 4522 680 4578 tis
724 4535 856 4575 meaa
897 4532 1110 4577 exarata
1153 4539 1320 4592 nuper
1357 4524 1552 4594 elogia.
1594 4525 1725 4578 Nam
1763 4525 1887 4594 quia
1924 4525 2056 4579 nihil
2098 4536 2182 4580 est
2214 4521 2262 4580 D

613 4611 755 4680 quod
794 4624 968 4678 agam,
1019 4619 1094 4678 et,
1139 4612 1182 4666 si
1211 4612 1344 4669 nihil
1385 4628 1558 4683 agam,
1599 4614 1742 4670 subit
1789 4629 1874 4668 me
1921 4616 2180 4685 majorum

614 4719 854 4759 meorum
886 4705 1080 4758 misera
1111 4705 1447 4761 recordatio:
1472 4705 1647 4760 inveni
1670 4706 1808 4776 quod
1834 4706 1938 4761 illis
1967 4709 2180 4772 Iibe‘lis,

612 4811 745 4865 quos
765 4811 932 4866 nuper
957 4797 1304 4866 dictaveram,
1334 4799 1599 4866 possimus
1641 4799 1896 4868 adjicere.
1934 4800 2050 4856 Scis
2079 4801 2184 4853 Te-

613 4890 868 4956 rcutium,
899 4905 998 4943 non
1021 4889 1297 4959 Comicum,
1321 4891 1412 4945 sed
1445 4891 1725 4948 Reatinum
1751 4892 1895 4946 illum
1927 4891 2187 4950 Romanu!

611 4980 924 5036 eruditionis
968 4991 1262 5051 parentem,
1304 4982 1680 5039 hebdomadon
1719 4984 1884 5038 libros
1915 4987 2180 5053 epigram-

614 5083 812 5126 matum
842 5073 1140 5143 adjectione
1168 5075 1455 5131 condiisse.
1487 5075 1615 5130 lllud
1639 5090 1756 5142 nos,
1782 5077 1825 5130 si
1850 5078 1958 5130 fors
1981 5075 2181 5144 tulerit,

611 5177 868 5218 conamur
909 5163 1122 5226 imitari.
1162 5167 1265 5222 Sed
1294 5183 1412 5235 quae
1452 5169 1618 5237 prima
1664 5169 1931 5238 compegi,
1974 5169 2183 5223 interim

616 5267 780 5321 pauca
809 5253 948 5321 misi,
982 5255 1280 5312 obtestatus
1307 5267 1358 5312 te
1381 5274 1476 5328 per
1507 5259 1695 5324 Deum,
1721 5269 1778 5314 ut
1797 5262 1840 5314 si
1867 5261 1994 5328 quid
2012 5260 2072 5329 in
2102 5260 2186 5314 his

615 5344 934 5414 displicebit,
966 5347 1239 5403 emendes.
1271 5349 1423 5415 Quod
1454 5350 1582 5405 mihi
1611 5351 1915 5421 pudendum
1945 5368 2050 5406 non
2080 5360 2182 5406 cst.

619 5436 744 5490 Nam
774 5436 820 5491 si
843 5436 968 5505 quid
997 5453 1064 5493 ex
1095 5451 1147 5494 te
1176 5439 1452 5510 placuerit,
1480 5457 1595 5497 mea
1638 5443 1754 5498 laus
1795 5455 1900 5510 est,
1931 5457 2032 5499 nec
2079 5443 2189 5497 vito

619 5530 965 5594 consortium,
996 5527 1049 5584 in
1075 5544 1184 5599 quo
1213 5529 1370 5585 talem
1391 5545 1496 5586 non
1525 5532 1785 5589 erubesco
1809 5547 2112 5589 censorem.

1153 5639 1378 5696 Aradius
1405 5641 1652 5699 Ruﬁnus.

724 5728 968 5806 Princeps
992 5736 1212 5805 ingenio,
1247 5737 1469 5810 fortuna:
1493 5753 1694 5793 munere
1723 5740 1978 5810 princeps,

2383 505 2669 575 tristitiam
2709 505 2916 558 tumidis
2944 507 3174 575 wquabat
3216 505 3380 573 gloria
3410 507 3575 559 rebus.

2385 573 2530 643 Unus
2559 591 2704 627 amor
2731 575 2942 639 cunctis,
2975 573 3024 627 et
3054 575 3346 638 praesidium
3378 579 3717 643 trepidorum.

2383 641 2708 724 Principibus
2735 659 2948 724 quorum
2977 644 3185 724 viquisti
3209 641 3464 724 tempore,
3493 647 3672 724 doctus

2378 715 2478 766 Aut
2506 714 2729 766 calcaria
2751 716 2885 782 ferre
2913 713 3078 776 bonis,
3101 723 3186 771 aut
3219 714 3364 782 frena
3394 721 3646 784 tyrannis.
3671 763 3695 788 ,

2787 803 3028 857 Valerius
3056 803 3336 858 Proculus.

2377 893 2506 966 Qum
2531 894 2709 966 primis
2737 910 2862 966 quos
2892 910 2992 946 non
3022 895 3247 966 oneravit
3267 895 3430 964 gloria
3454 904 3658 966 patrum

2379 962 2638 1033 Bonemus
2662 962 2960 1028 Preculum,
2992 965 3104 1016 vitm
3126 962 3420 1033 morumque
3441 962 3639 1032 decore,

2383 1031 2542 1108 {laud
2564 1050 2785 1100 unquam
2813 1033 3078 1108 indignum
3107 1031 3405 1108 magnorum
3430 1031 3842 1108 Poplicolarum.

2381 1101 2487 1173 ()lli
2509 1119 2704 1173 semper
2730 1118 2874 1173 amor
2901 1103 3035 1165 ueri,
3055 1111 3102 1173 et
3122 1101 3425 1171 constantia,
3452 1101 3669 1173 simplex

2380 1170 2676 1245 galicolum
2699 1171 2887 1236 cultus,
2915 1187 3019 1245 non
3036 1172 3181 1245 illum
3205 1190 3442 1240 spernere
3469 1170 3640 1245 posses
3660 1193 3680 1231 :

2381 1239 2448 1294 Et
2477 1258 2764 1311 quanquam
2785 1243 3082 1295 reverendus
3109 1239 3339 1307 erit,non
3359 1239 3540 1300 deinde
3561 1247 3774 1302 timebis.

2811 1331 3029 1385 Anicius
3050 1330 3311 1386 Julianus.

2381 1419 2539 1496 Qujus
2569 1436 2709 1496 opes,
2741 1431 2829 1473 aut
2861 1421 3121 1496 nobilitas,
3145 1433 3413 1496 _aut_tanta
3441 1436 3684 1496 potestas,

2380 1489 2590 1562 Cedenti
2620 1491 2700 1562 cui
2726 1507 2826 1562 non
2854 1493 3094 1562 prteluxit
3119 1493 3326 1548 Anicius
3350 1489 3520 1548 unus?

2381 1561 2508 1632 Acer
2534 1559 2597 1611 ab
2625 1559 2863 1629 ingenio,
2879 1564 3173 1632 cunctisque
3195 1568 3549 1620 accommodus
3568 1566 3727 1623 idem.

2380 1627 2484 1704 ic
2499 1639 2544 1683 et
2558 1627 2706 1704 carus
2720 1638 2827 1682 erat
2848 1627 3116 1704 conferre;
3132 1636 3318 1704 juvare
3339 1647 3547 1704 paratus
3571 1653 3590 1690 :

2383 1696 2524 1770 Iliam
2552 1700 2708 1770 diues,
2742 1710 2845 1752 tum
2873 1696 3032 1754 celsus
3059 1696 3356 1770 honoribus,
3385 1706 3738 1764 attamenillis

2383 1765 2661 1836 Crandior,
2692 1765 2931 1823 ieternam
2951 1771 3231 1841 complebat
3257 1765 3460 1827 nomine
3481 1774 3719 1832 liensum.

2754 1859 3035 1915 Petronius
3067 1861 3377 1919 Probiauus.

2381 1949 2543 2026 .lactet
2569 1967 2623 2004 se
2649 1949 2883 2026 ortuna
2907 1953 3041 2009 aliis.
3073 1970 3206 2026 quos,
3215 1956 3395 2026 judice
3421 1957 3565 2013 nullo

2381 2021 2571 2073 Lucem
2599 2022 2666 2074 ad
2695 2021 2990 2076 Romuleam
3013 2021 3107 2079 sua
3131 2021 3240 2078 sola
3261 2026 3464 2079 licentia
3484 2030 3636 2082 uexit.

2386 2091 2476 2165 Te,
2508 2090 2786 2165 Probiane,
2819 2092 3002 2160 pudor,
3035 2103 3083 2148 te
3109 2095 3235 2164 felix
3259 2097 3448 2163 gratia,
3479 2108 3622 2165 teque

2383 2158 2844 2235 ltala_simplic_tt_as
2867 2158 3086 2235 morum,
3109 2158 3160 2217 et
3181 2158 3388 2219 solErtia
3406 2158 3561 2235 jurit'.

2385 2231 2634 2308 Quocirca
2656 2232 2888 2284 assiduus
2911 2233 3326 2308 Augustisnotus
3349 2231 3610 2308 et:ltospes

2385 2297 2608 2354 Praemia
2635 2317 2932 2371 magnorum
2957 2297 3174 2358 rétulisti
3195 2306 3377 2374 dignus
3401 2297 3671 2363 honorum.

2937 2391 3188 2447 Veriuus.

2391 2482 2662 2554 ertutem,
2700 2481 2901 2543 Verme,
2926 2493 3063 2536 tuam
3093 2485 3206 2552 plus
3229 2485 3385 2539 mirer
3403 2487 3454 2540 in
3476 2489 3652 2554 armis,

2392 2551 2526 2606 Eoos
2555 2553 2661 2606 dua:
2693 2554 2954 2607 Armenios
2979 2551 3100 2606 cum
3122 2554 3260 2608 ccede
3283 2559 3561 2612 domares?

2384 2625 2462 2696 An
2489 2623 2650 2696 magis
2676 2623 2932 2696 eloquium
2949 2666 2960 2688 ,
2993 2639 3194 2696 morum
3219 2625 3429 2695 viaeque
3450 2627 3710 2696 leporem!

2385 2689 2451 2767 ξι
2484 2689 2607 2767 (nisi
2629 2693 2680 2744 in
2709 2693 2881 2767 officiis
2901 2694 3132 2767 ,_quoties_
3160 2695 3244 2767 tibi
3277 2689 3478 2764 publica
3497 2689 3643 2767 cura)

2388 2762 2538 2827 Quod
2561 2764 2714 2814 vitam
2734 2764 2963 2814 innocuis
2995 2765 3200 2818 tenuisti
3225 2762 3368 2817 Icelus
3391 2769 3442 2818 in
3467 2783 3540 2817 ar.
3558 2768 3618 2820 is.

2386 2830 2606 2885 Nullum
2623 2835 2758 2886 ultra
2779 2845 2850 2886 est
2869 2833 3066 2887 virtutis
3083 2850 3241 2904 opus:
3259 2851 3375 2887 nam
3395 2838 3437 2890 si
3457 2849 3600 2903 esset,
3618 2835 3848 2896 haberes.

2350 2983 2630 3052 Octoginta
2679 2983 2926 3053 personis
2965 2983 3147 3038 nescio
3183 3000 3249 3039 an
3287 2984 3434 3040 solus
3459 3000 3757 3041 occurram.
3791 2987 3852 3045 Et

2281 3074 2403 3132 lch
2439 3074 2492 3128 in
2531 3087 2775 3128 socerum
2805 3084 2966 3143 atque
2993 3076 3309 3130 avunculum
3340 3085 3552 3132 nosttos
3583 3078 3674 3132 ι.δὶ
3702 3077 3854 3132 dele-

2197 3155 2241 3215 C
2274 3180 2458 3234 gamus
2499 3164 2898 3233 epigrammata.
2931 3164 3061 3219 Nam
3095 3177 3148 3221 et
3188 3165 3442 3222 Varronis
3483 3167 3602 3222 libri
3631 3166 3858 3222 diversis

2279 3264 2534 3313 notantur
2552 3256 2880 3312 auctoribus.

2906 3347 3116 3404 EPIST.
3154 3348 3239 3403 ll‘.

2806 3453 3110 3495 SYIIACHUB
3147 3455 3320 3494 PATRL

2350 3550 2567 3606 Summa
2596 3551 2799 3605 afﬁcior
2832 3553 3026 3620 gratia,
3052 3551 3194 3620 quod
3239 3551 3608 3608 animadverto
3651 3552 3860 3608 litteras

2282 3656 2428 3696 meas
2474 3641 2569 3696 tibi
2617 3642 2891 3696 iusnbidas
2942 3658 3045 3696 non
3092 3642 3190 3697 vid-
3215 3641 3256 3696 ri
3283 3659 3296 3695 :
3327 3653 3379 3697 et
3429 3643 3481 3697 in
3524 3645 3671 3714 gravi
3717 3645 3861 3697 dono

2284 3735 2454 3789 habeo
2498 3734 2635 3789 hanc
2677 3735 2816 3804 apud
2848 3749 2941 3790 vos
2981 3749 3102 3788 esse
3130 3735 3197 3788 de
3227 3736 3423 3789 nostris
3449 3735 3690 3804 epistolis
3732 3751 3861 3790 cen-

2283 3832 2518 3886 sionem.
2563 3830 2790 3884 Laudari
2839 3831 3036 3898 quippe
3084 3829 3153 3882 ab
3193 3829 3408 3888 laudato
3451 3831 3567 3884 viro
3617 3845 3735 3884 rara
3777 3838 3862 3884 est

2284 3937 2492 3978 tnerces
2525 3920 2743 3990 ingenii.
2778 3920 2972 3974 Verum
3009 3929 3066 3974 ut
3096 3922 3197 3976 hoc
3227 3920 3356 3974 mihi
3395 3920 3594 3974 laetitia:
3624 3921 3741 3986 fuit,
3785 3921 3861 3974 ita

2286 4013 2416 4068 illud
2457 4012 2763 4067 ludiﬁcandi
2803 4013 2970 4082 gratia
3011 4011 3200 4082 opinor
3228 4013 3522 4082 adjectum,
3556 4013 3599 4067 si
3631 4013 3759 4083 quid
3811 4013 3864 4069 in

2286 4109 2390 4161 tuis
2410 4106 2652 4161 versibus
2677 4106 2995 4170 sordnisset,
3024 4104 3072 4158 id
3108 4114 3163 4158 ut
3198 4105 3304 4160 mei
3331 4105 3452 4176 styli
3478 4119 3605 4160 cura
3632 4106 3863 4159 limaret.

2286 4199 2376 4255 Na:
2404 4214 2504 4270 ego
2536 4213 2653 4254 sum
2681 4199 2877 4254 stultus
2904 4213 2966 4253 ac
2994 4198 3174 4263 nihili,
3215 4199 3258 4252 si
3301 4213 3361 4252 os
3389 4199 3701 4253 sublinitum
3731 4199 3861 4251 mihi

2287 4308 2409 4349 esse
2441 4307 2546 4347 non
2584 4292 2773 4346 sentio.
2810 4291 2945 4360 Quid
2975 4289 3117 4344 enim
3145 4291 3339 4360 corrigi
3369 4290 3450 4346 vel
3489 4305 3519 4344 a
3548 4305 3633 4345 me
3662 4300 3862 4360 potest,

2287 4385 2368 4438 vel
2407 4383 2459 4438 in
2492 4391 2544 4438 te
2574 4383 2652 4436 fas
2688 4384 2808 4437 est?
2847 4381 2995 4437 Unus
3036 4389 3193 4435 aetate
3238 4390 3418 4435 nostra
3458 4388 3726 4435 monetam
3763 4378 3866 4436 La-

2289 4477 2430 4530 tialis
2478 4475 2673 4543 eloquii
2717 4474 2962 4530 Tulliana
3009 4474 3199 4528 incude
3247 4473 3469 4532 ﬁnxisti.
3501 4471 3764 4542 Quidquid
3812 4471 3866 4528 in

2297 4567 2465 4634 poetis
2493 4566 2748 4634 lepidum,
2795 4565 2934 4635 apud
2981 4577 3218 4621 Oratores
3252 4581 3437 4634 grave,
3487 4564 3540 4620 in
3582 4565 3869 4620 annalibus

2292 4659 2467 4726 ﬁdele,
2513 4659 2652 4714 inter
2677 4659 3056 4729 grammaticos
3081 4659 3346 4713 eruditum
3381 4660 3499 4726 fuit,
3529 4659 3674 4714 solus
3719 4659 3870 4712 hau-

2289 4750 2425 4815 Slsli,
2449 4751 2621 4818 justus
2644 4749 2818 4805 haeres
2844 4760 3079 4805 veterum
3107 4751 3423 4808 litterarum.
3451 4751 3526 4806 Ne
3549 4751 3675 4805 mihi
3702 4751 3867 4806 verba

2291 4841 2524 4896 dederis.
2553 4841 2682 4896 Novi
2705 4857 2805 4911 ego
2830 4842 2954 4911 quid
2988 4843 3164 4897 valeat
3191 4843 3378 4914 adagio
3403 4861 3416 4897 :
3447 4857 3538 4898 sus
3564 4843 3868 4897 Mtsenvsu.

2295 4932 2545 5000 Apprime
2575 4932 2739 4986 colles
2767 4934 2970 5002 epicum
3017 4932 3374 5000 disciplinam,
3428 4948 3532 4986 non
3565 4933 3740 4988 minus
3775 4947 3870 5002 pe-

2289 5025 2522 5081 deStrem
2552 5025 2740 5080 lituum
2783 5025 2974 5079 doctus
3005 5025 3212 5080 iullare.
3245 5028 3362 5080 Δία’
3393 5025 3646 5080 tandem?
3671 5024 3865 5078 orandi

2289 5132 2438 5187 mque
2469 5131 2690 5184 magnus
2729 5126 2780 5171 et
2827 5117 3072 5178 canendi,
3117 5133 3248 5172 meae
3277 5118 3327 5171 n’
3354 5126 3405 5173 te
3433 5117 3554 5186 epis
3597 5115 3873 5184 indignam

2293 5207 2593 5261 mentiare?
2623 5207 2770 5260 Haud
2804 5222 3012 5272 (equum
3045 5207 3213 5260 facis:
3247 5223 3418 5276 neque
3449 5223 3535 5262 me
3563 5209 3714 5273 juvat
3737 5205 3868 5259 falsa

2288 5297 2529 5365 jactatio.
2552 5296 2760 5351 Interea
2784 5295 2828 5348 si
2855 5296 3006 5350 nobis
3037 5311 3228 5350 vacuas
3258 5312 3414 5351 aures
3443 5298 3666 5350 utendas
3706 5295 3869 5359 datis,

2293 5391 2466 5444 dicam
2495 5387 2621 5458 quid
2661 5387 2852 5443 diebus
2881 5388 3242 5456 superioribus
3283 5391 3568 5459 egerimus.
3612 5388 3751 5442 Baiis
3783 5403 3870 5442 rc.

2294 5479 2454 5532 mntis
2477 5476 2693 5531 arbitris
2712 5475 2935 5530 otiabar.
2964 5477 3039 5530 Eo
3066 5487 3343 5546 postquam
3367 5492 3550 5530 rumor
3571 5475 3766 5530 allatus
3789 5486 3881 5529 est

2294 5579 2449 5623 terrae
2480 5565 2615 5619 ﬁlios
2645 5565 2937 5620 convenire
2964 5582 2977 5630 ;
3018 5566 3213 5634 oppido
3240 5566 3500 5630 cavimus,
3539 5581 3608 5620 ne
3636 5567 3879 5619 sobriam

2294 5657 2632 5713 solitudinem
2677 5665 2912 5710 nostram
2957 5656 3211 5710 sodalitas
3252 5654 3460 5722 plebeia
3506 5654 3762 5709 fuscaret.
3797 5654 3890 5709 Ac

2295 5749 2466 5820 primo
2512 5747 2806 5815 Neapolim,
2857 5746 3046 5801 dehinc
3092 5744 3239 5802 brevi
3275 5744 3552 5806 intetvallo
3603 5745 3886 5800 Beneteth
