4132 6176
311 265 403 321 M9

1530 233 2021 295 EPISTULARUM‘
2044 231 2242 288 LIBER
2284 233 2324 287 I'.

3450 213 3549 268 150

308 388 414 432 tum
437 385 522 425 me
550 365 745 434 recepi.
773 362 846 417 lbi
877 371 1093 414 summo
1116 355 1260 410 cultu
1302 352 1537 408 omnium
1579 350 1872 419 plausuque
1900 349 1948 406 Α
1978 352 2032 397 et
2059 341 2348 412 Spiraculis
2374 338 2603 409 regionis
2629 336 2769 391 illius
2796 335 3034 389 :cstivam
3055 331 3391 400 flagrantiam
3417 338 3551 382 teni-

308 474 600 532 susceptus,
628 466 776 513 tanto
804 454 1008 508 honori:
1046 445 1378 507 celebrabar,
1401 453 1459 498 ut
1484 441 1596 509 jam
1621 452 1873 510 gravarer

309 557 512 615 ofﬁciis.
540 550 809 609 Sedulitas
839 545 1004 606 enim,
1036 553 1156 609 qua:
1185 552 1291 591 non
1333 538 1876 600 compensatur,one-

309 663 424 705 rosa
453 653 552 701 est.
588 643 654 696 Et
678 638 808 694 urbs
833 651 955 692 cum
983 631 1212 688 maxima
1245 629 1335 691 sit,
1358 623 1552 692 singuli
1591 621 1710 690 ejus
1732 617 1874 687 opti-

309 750 476 795 mates
500 733 602 788 visi
628 739 753 787 sunt
781 727 911 783 mihi
938 724 1071 779 urbe
1097 720 1328 788 majores
1352 758 1368 784 ,
1407 723 1650 770 amantes
1675 711 1878 764 littera-

308 833 444 893 rum“,
477 833 793 890 morumque
822 814 1116 871 mirabiles.
1157 811 1324 864 Deum
1353 820 1542 875 magna
1567 816 1690 874 pars
1718 814 1879 854 vene-

310 929 474 973 ratur.
498 915 764 969 Privatam
797 906 1073 978 pecuniam
1097 917 1194 972 pro
1229 897 1462 954 civitatis
1487 903 1677 950 ornatu
1704 900 1890 945 certa-~

312 1013 401 1062 tim
431 1010 668 1076 fatigant.
701 1000 832 1056 Nam
861 1005 1138 1068 postquam
1169 999 1313 1045 terra
1342 987 1538 1050 movit,
1582 982 1712 1038 nihil
1744 993 1880 1049 pene

312 1103 412 1156 illis
441 1069 628 1163 reliqui
654 1094 848 1148 factum
875 1096 980 1154 est,
1012 1083 1107 1140 sed
1135 1081 1315 1136 fractae
1337 1091 1467 1147 Opes
1496 1077 1749 1129 infractos
1769 1069 1885 1123 ani-

311 1207 426 1248 mos
456 1181 794 1258 Fepcrerunt.
841 1180 946 1234 Pro
975 1191 1035 1232 se
1073 1173 1300 1244 quisque
1327 1181 1544 1238 operam
1587 1165 1711 1219 boni
1749 1162 1884 1217 civis

311 1253 545 1339 aﬂ'ectat.
589 1278 704 1334 Nox
745 1271 1003 1340 dieijung
1026 1276 1110 1320 tur
1151 1263 1217 1317 ad
1245 1263 1504 1316 laborem.
1549 1255 1702 1312 Unde
1730 1253 1883 1307 nobis

311 1386 520 1431 summa
539 1381 668 1424 cura
697 1362 796 1419 fuit
837 1362 986 1416 abire
1015 1357 1162 1411 ocius
1185 1367 1343 1423 quam
1381 1349 1624 1404 volebam
1651 1364 1663 1398 :
1699 1360 1766 1400 ne
1795 1351 1900 1396 aut.

311 1469 443 1526 mihi
471 1459 562 1522 diu
587 1463 750 1520 dediti
779 1460 849 1515 ab
875 1470 1038 1527 opere.
1063 1451 1395 1513 desiderent,
1425 1453 1633 1499 auteos
1657 1450 1889 1506 occupa-

313 1564 384 1616 tio
435 1560 702 1630 geminata
755 1547 1106 1606 distenderet.
1163 1545 1347 1611 Itaque
1405 1536 1661 1592 Baianum
1709 1531 1885 1584 sinum

314 1625 500 1708 rursus
528 1646 750 1703 accessi.
777 1643 910 1698 Nam
942 1639 1084 1694 Baiae
1115 1635 1167 1690 id
1202 1630 1456 1700 temporis
1482 1630 1592 1698 jam
1631 1625 1886 1681 silebant.

1977 447 2186 501 perare.
2219 430 2326 487 Sed
2367 445 2453 484 res
2484 426 2761 481 familiaris
2791 425 3030 480 inclinat.
3063 422 3136 476 Ea
3174 419 3327 474 nobis
3357 432 3552 485 usiiue-

1977 537 2186 592 quaque
2221 520 2439 576 visenda
2483 529 2584 585 est,
2621 533 2726 572 non
2765 526 2822 570 ut
2850 523 3146 585 qumstuutn
3179 523 3386 564 summa
3414 507 3552 560 dite-

1978 624 2114 678 scat,
2141 611 2235 666 sed
2261 621 2315 664 ut
2343 624 2466 679 spes
2495 609 2609 678 agri
2631 606 2942 662 voluntariis
2962 603 3256 674 dispendiis
3279 599 3548 655 fulciatur.

1979 703 2220 773 Namque
2261 705 2348 758 hic
2377 718 2506 758 usus
2533 701 2679 757 venit
2708 702 2761 756 in
2808 709 3043 754 nostram
3073 705 3312 760 aetatem,
3339 701 3398 748 ut
3438 707 3549 756 rus,

1980 797 2121 866 quod
2161 795 2367 849 solebat
2405 794 2571 859 alere,
2601 808 2741 848 nunc
2778 793 2973 847 alatur.
3011 789 3206 843 Verum
3243 787 3358 839 haec
3391 784 3553 838 missa

1982 886 2141 950 facio,
2168 900 2236 940 ne
2265 883 2521 939 salutatio
2560 885 2612 938 in
2641 884 2913 953 querelam
2950 893 3128 943 versa,
3160 880 3363 931 minuat
3391 873 3556 928 officii

1981 977 2325 1046 voluptatem.
2361 975 2494 1030 Date
2532 989 2747 1042 Operam
2793 973 2949 1027 bona:
2982 972 3098 1026 vale
3123 969 3293 1030 udini.
3332 973 3389 1021 et
3425 966 3559 1019 allo-

1982 1071 2108 1133 quio
2135 1069 2424 1126 crebriori:
2445 1068 2585 1140 quod
2605 1081 2726 1124 cum
2753 1063 3200 1136 pe:imus,sedulo
3223 1061 3558 1133 pollicemur.

1985 1159 2134 1216 Vale.

2603 1228 2818 1285 EPIST.
2863 1227 2950 1282 Vl.

2513 1333 2822 1376 SYIIACHUS
2857 1333 3034 1372 PATRI.

2061 1435 2610 1504 Solent-impatientes
2640 1432 2912 1487 dilationis
2942 1443 3086 1494 esse,
3119 1427 3208 1498 qui
3248 1433 3464 1494 sperant
3503 1425 3562 1480 in

1991 1543 2049 1583 se
2085 1528 2286 1597 aliquid
2333 1525 2574 1580 muneris
2613 1522 3016 1578 conferendum.
3047 1521 3158 1575 llnc
3198 1533 3327 1574 vero
3355 1534 3385 1572 a
3415 1517 3566 1571 vobis

1993 1634 2180 1675 recens
2225 1626 2402 1672 ortum
2452 1617 2708 1680 videmus,
2742 1621 2799 1668 ut
2837 1625 3052 1667 suarum
3100 1627 3278 1666 rerttm
3327 1609 3566 1664 munifici

315 1744 453 1798 Hinc
475 1755 568 1795 vos
607 1750 824 1791 munere
863 1726 1200 1786 salutationis
1232 1721 1498 1791 impertio,
1536 1719 1712 1788 doque
1755 1732 1888 1768 nun-
1922 1709 1966 1768 B
1998 1726 2199 1765 moram
2224 1724 2330 1764 non
2357 1710 2529 1763 ferant
2547 1706 2826 1776 largiendi.
2853 1705 3002 1760 Nunc
3029 1719 3197 1772 nuper
3223 1703 3290 1756 ad
3315 1715 3414 1756 vos
3439 1718 3567 1768 prte-

316 1839 472 1899 tiurn,
502 1843 728 1903 propere
757 1840 877 1889 nos,
910 1824 1021 1878 Deo
1049 1821 1282 1883 volente,
1303 1828 1424 1869 esse
1446 1811 1733 1866 redituros.
1759 1808 1891 1861 Fors

317 1928 430 1980 fuat
451 1900 670 1992 hujusce
692 1915 964 1988 promissi.
995 1912 1070 1966 Ve
1101 1921 1181 1964 tra
1206 1917 1382 1961 tamen
1409 1900 1736 1970 indulgentia
1763 1900 1894 1952 afla-

317 2028 432 2071 tutn
462 1989 607 2082 saepe
635 2009 854 2074 tribuat,
879 2003 1030 2074 quasi
1059 2000 1260 2055 diutius
1286 1993 1567 2050 abfuturis.
1601 1989 1746 2044 Vale.

943 2113 1158 2172 EPIST.
1188 2111 1274 2167 IV.

848 2238 1151 2283 εῖιωλοιιυε
1184 2234 1361 2275 PA'l'l'll.

383 2353 640 2412 Studium
666 2347 880 2420 quidem
924 2341 1188 2411 Mcnippei
1219 2334 1475 2392 Varronis
1507 2329 1754 2392 imitaris,
1801 2325 1896 2381 sed

319 2451 488 2507 vincis
517 2446 808 2516 ingenium.
852 2441 980 2494 Nam
1011 2452 1129 2512 qua:
1159 2436 1210 2489 iu
1261 2441 1530 2486 nostrates
1572 2426 1716 2480 viros
1759 2435 1899 2476 nunc

318 2555 488 2610 nuper
513 2512 700 2592 condis
722 2535 1124 2602 cp‘grammata,
1143 2533 1280 2593 puto
1317 2515 1687 2574 hebdomadon
1711 2512 1899 2581 elogiis

319 2631 640 2702 pranitere;
671 2622 812 2693 quod
843 2621 958 2674 hate
987 2630 1138 2686 θην-θ
1175 2611 1374 2676 sebi-ia,
1405 2623 1504 2663 nec
1535 2617 1712 2662 tamen
1743 2617 1897 2658 casca

317 2733 465 2778 sunt.
501 2721 590 2774 llla
619 2719 762 2771 bono
787 2713 1004 2767 metallo
1033 2721 1180 2771 casa,
1215 2716 1370 2759 torno
1400 2701 1538 2768 exigi
1571 2696 1896 2753 nescierunt.

319 2816 386 2870 Et
405 2812 684 2868 duriorem
715 2803 1016 2865 materiem,
1038 2798 1141 2853 nisi
1165 2797 1338 2859 fallor,
1370 2791 1646 2848 adulteris.
1677 2789 1766 2843 lllc
1793 2787 1898 2858 Py-

319 2898 948 2973 thagoram,quianimas
973 2894 1023 2948 in
1051 2889 1403 2946 aeternitatem
1427 2885 1626 2954 primus
1644 2896 1823 2935 assero
1848 2889 1901 2938 t:

319 2995 408 3048 ille
421 2972 739 3055 Platonem,
771 2987 858 3055 qui
888 2985 1022 3039 deos
1047 2995 1166 3036 esse
1193 2977 1488 3049 persuasit;
1531 2975 1618 3028 ille
1648 2972 1900 3026 Aristote-

321 3086 453 3148 lem,
499 3083 591 3152 qui
631 3087 871 3133 naturam
901 3077 1034 3129 bene
1065 3069 1317 3144 loquendi
1346 3070 1399 3122 in
1442 3075 1614 3121 artem
1658 3063 1898 3131 redegit;
1930 3074 1976 3137 ο

323 3178 416 3232 ille
466 3187 751 3244 pauperem
793 3168 1033 3229 Curium,
1083 3165 1177 3220 sed
1226 3161 1477 3217 divitibus
1526 3159 1902 3226 imperantem;

324 3269 415 3322 ilie
438 3279 660 3321 severos
691 3263 943 3324 Catones,
973 3267 1186 3329 gentem
1209 3255 1452 3319 Fabiam,
1483 3253 1674 3306 decora
1701 3249 1908 3317 Scipio-

326 3373 482 3421 num,
523 3366 797 3421 tutumque
834 3351 980 3404 illum
1028 3345 1405 3415 triumphalem
1455 3350 1695 3395 senatum
1747 3351 1906 3407 parca

328 3449 491 3503 laude
529 3443 862 3516 perSIrinxit.
904 3440 982 3493 Tu
1023 3440 1233 3494 ruinam
1277 3435 1534 3506 proxima:
1571 3429 1744 3484 aetatis
1783 3429 1906 3482 illu-

327 3543 527 3595 minas.
563 3537 783 3592 Difﬁcile
813 3537 950 3588 factu
969 3540 1056 3588 est
1083 3539 1142 3583 ut
1171 3529 1344 3584 honor
1369 3525 1607 3596 angustis
1633 3521 1797 3577 rebus
1825 3521 1910 3574 ad-

329 3631 511 3687 datur.
547 3629 631 3683 lle
659 3641 870 3696 quoque
898 3625 1054 3693 jubes
1082 3621 1325 3676 versibus
1360 3618 1466 3672 tuis
1504 3612 1756 3670 nonnulla
1786 3611 1911 3666 sub-

332 3733 576 3779 nectere.
608 3718 758 3773 Haud
790 3716 861 3770 ita
893 3714 1114 3768 Flaccus
1143 3721 1265 3765 tuus
1296 3707 1546 3778 praecepit
1575 3707 1625 3758 in
1653 3705 1757 3758 illis
1789 3717 1914 3772 poe-

334 3815 457 3868 lica
475 3811 606 3865 artis
626 3808 837 3871 edictis,
851 3821 1075 3876 quorum
1095 3803 1198 3857 hoc
1209 3799 1424 3856 memini
1442 3812 1560 3851 esse
1575 3795 1912 3864 principium,

333 3920 401 3960 ne
435 3907 658 3956 humano
686 3899 840 3969 capiti
866 3897 1031 3950 cervix
1059 3895 1244 3964 equina
1263 3891 1534 3961 jungatur.
1561 3887 1697 3942 Male
1729 3885 1912 3953 itaque

334 3997 430 4050 tibi
450 3993 787 4050 contumacia
812 3990 985 4058 negati
1009 3985 1193 4051 officii,
1220 3997 1382 4052 quam
1403 3979 1532 4034 mihi
1558 3974 1912 4045 imprudentia

335 4083 588 4154 promissi
616 4081 796 4152 operis
821 4078 1130 4147 diSplicere.
1185 4074 1342 4129 Plura
1371 4071 1440 4126 de
1483 4068 1584 4123 hoc
1622 4080 1801 4121 coram
1833 4064 1914 4118 lo-

341 4195 591 4250 quemur,
614 4175 830 4248 quando
861 4177 998 4227 hanc
1037 4171 1315 4240 epistolam
1360 4165 1511 4235 sequi
1557 4175 1802 4233 paramus
1829 4167 1920 4212 aut

344 4249 625 4337 consequi.
669 4268 749 4321 Tu
793 4274 968 4332 ccepta
1010 4275 1222 4330 perage,
1255 4269 1310 4313 et
1350 4267 1458 4310 tam
1487 4254 1697 4309 solertis
1721 4249 1918 4318 eloquii

339 4373 457 4415 esto
485 4355 788 4411 munificus.
825 4355 932 4422 Ego
965 4350 1059 4406 tibi
1087 4359 1148 4404 ut
1172 4350 1366 4417 linguae
1391 4345 1648 4413 obsequia
1670 4356 1827 4409 nego,
1846 4340 1918 4392 ita

341 4452 552 4507 aurium
577 4445 951 4503 commodabo.
975 4441 1128 4495 Vale.

979 4549 1198 4606 EPIST.
1225 4549 1282 4604 V.

875 4656 1182 4702 SYMNACIIL‘S
1212 4653 1388 4694 PATBI.

418 4762 498 4817 Ne
552 4758 842 4830 quidquam
889 4751 1267 4809 taciturnitatis
1324 4748 1676 4811 incessimnr,
1731 4746 1937 4813 quibus-

348 4869 560 4909 summa
600 4852 777 4904 cautio
811 4858 894 4903 est
921 4845 1082 4901 officii
1116 4841 1493 4913 prosequendi,
1541 4838 1652 4892 fere
1695 4847 1751 4892 ut
1782 4838 1922 4890 nulla

352 4947 511 4999 fuerit
536 4943 695 5010 statio
718 4951 796 4994 tot
817 4940 1076 5001 locorum,
1108 4936 1160 4989 in
1189 4949 1292 5004 qua
1320 4932 1478 5000 hujus
1507 4931 1740 4984 muneris
1765 4930 1924 4984 terius

351 5037 639 5105 egerimus.
670 5032 777 5088 Sed
809 5047 938 5085 sane
960 5029 1110 5100 jhvat
1136 5027 1368 5081 animum
1398 5025 1482 5094 pia
1509 5022 1773 5078 sermonis
1802 5037 1927 5076 exa-

355 5128 483 5180 ctio.
515 5125 691 5178 Dulcis
712 5132 796 5178 est
820 5121 960 5175 enim
992 5118 1232 5188 querela,
1260 5131 1378 5185 quae
1400 5114 1635 5168 nascitur
1664 5127 1730 5167 ex
1754 5112 1929 5165 indul-

356 5217 557 5283 gentia.
609 5216 712 5266 Vos
735 5214 894 5266 modo
927 5211 1082 5264 facile
1110 5207 1365 5262 noveritis
1393 5205 1530 5259 hanc
1548 5203 1929 5272 expostulatio-

357 5324 479 5361 nem
502 5307 670 5375 magis
698 5320 818 5358 esse
845 5303 1142 5370 religiosam
1168 5315 1324 5368 quam
1343 5297 1564 5366 justam.
1592 5295 1800 5349 Interea
1828 5292 1932 5347 loci

356 5397 429 5452 de
466 5395 791 5451 Praenestina
822 5394 1127 5448 secessione
1170 5390 1384 5453 siluisri,
1429 5389 1580 5455 cujus
1624 5385 1751 5438 mihi
1795 5385 1935 5438 fama

358 5489 487 5544 fecit
512 5487 787 5542 indicium.
822 5487 990 5551 Quam
1036 5484 1228 5537 vellem
1267 5479 1472 5533 deliciis
1501 5478 1694 5532 vestris
1735 5477 1933 5544 impro-

357 5580 507 5635 visus
530 5582 788 5649 obrepere
812 5579 826 5631 !
853 5576 1000 5632 Licet
1027 5572 1333 5642 Campaniae
1363 5582 1573 5624 amoena
1597 5569 1932 5638 praeniteant,

361 5672 496 5728 mihi
532 5681 708 5726 tamen
736 5683 858 5725 esse
888 5662 1343 5724 accommodatius
1391 5660 1590 5731 agitare
1634 5657 1930 5725 vobiscum,

1994 1805 2138 1860 dtum
2182 1805 2298 1870 lege
2332 1803 2496 1866 venit,
2531 1801 2684 1870 cujus
2719 1815 2804 1854 me
2841 1798 2964 1867 jure
3007 1796 3269 1851 donastis.
3323 1794 3570 1847 Cucurrt

1994 1904 2228 1965 quaestus
2253 1903 2434 1948 vester
2459 1893 2512 1946 in
2541 1905 2717 1946 meum
2740 1887 3101 1953 commodum,
3127 1895 3184 1940 et
3207 1884 3426 1939 meliore
3447 1895 3571 1936 voto

1996 1963 2261 2041 fortunam
2286 1984 2416 2038 estis
2447 1979 2806 2037 imitati.-Nam
2829 1977 2970 2048 quod
2998 1993 3064 2030 ex
3088 1975 3396 2044 propinqua:
3419 1963 3572 2026 bonis

1997 2095 2116 2133 cum
2150 2077 2397 2133 mmstitia
2440 2075 2810 2144 sumpseratis,
2859 2084 2980 2126 cum
3030 2069 3212 2134 laetitia
3261 2065 3570 2121 tradidistis.

1996 2171 2155 2239 Quid,
2183 2172 2322 2240 quod
2346 2172 2482 2224 hanc
2506 2167 2882 2223 liberalitatem
2911 2161 3223 2218 cumulastis
3242 2156 3574 2228 amplissimo

1999 2261 2357 2316 testimonio?
2412 2257 2577 2328 Cujus
2642 2273 2742 2327 ego
2806 2256 3270 2311 bonestamentum
3336 2255 3576 2317 prmopto

1999 2351 2328 2406 muneribus.
2368 2349 2502 2404 Nam
2537 2348 2628 2419 qui
2659 2347 2853 2417 opibus
2883 2344 3168 2401 illaudatus
3208 2345 3444 2410 juvatur,
3477 2355 3576 2394 ne-

1999 2446 2290 2498 cessarium
2315 2442 2486 2510 magis
2516 2442 2740 2504 donum,
2772 2452 2931 2508 quam
2958 2436 3162 2505 justum
3194 2431 3470 2503 przemium
3501 2429 3578 2484 vi-

2000 2535 2155 2589 detur
2175 2533 2418 2604 adipisci.
2450 2533 2612 2603 Igitur
2637 2530 2840 2602 judicio
2867 2537 3043 2583 vestro
3073 2541 3192 2597 ago,
3223 2533 3382 2593 atque
3409 2522 3580 2576 habeo

2000 2625 2214 2693 gratias,
2249 2636 2460 2695 quantae
2499 2630 2625 2678 sunt
2666 2621 2944 2683 maximat,
2976 2617 3118 2687 quod
3157 2615 3285 2670 mihi
3319 2614 3578 2668 honorem

2003 2726 2286 2782 utrumque
2321 2713 2555 2778 fecistis;
2596 2721 2650 2766 et
2677 2710 2806 2765 deos
2837 2723 3051 2778 precor,
3091 2714 3151 2760 ut
3176 2704 3314 2760 datis
3340 2705 3393 2758 in
3433 2717 3580 2757 com-

2003 2823 2164 2862 mune
2190 2821 2378 2862 omnes
2403 2807 2618 2874 longum
2661 2803 2920 2865 fruantur,
2948 2799 3161 2869 sintque
3191 2811 3254 2851 ex
3283 2794 3440 2849 nobis
3461 2792 3580 2862 qui-

2003 2902 2101 2956 bus
2118 2901 2368 2955 Ostiense
2386 2898 2642 2966 praedium
2667 2903 2854 2950 nostro
2876 2891 3098 2963 judicio,
3113 2899 3291 2946 vestro
3312 2886 3581 2942 tradamus

2006 2990 2276 3060 exemplo.
2312 2988 2460 3042 Vale.

2609 3053 2822 3110 EPIST.
2865 3050 2974 3106 VII.

2543 3157 2849 3200 SYMIIACIIUS
2880 3153 3031 3193 PATBI
3046 3173 3059 3188 ο

2083 3261 2229 3315 Bono
2254 3259 2435 3313 animo
2457 3269 2662 3322 sumus,
2695 3268 2815 3310 cum
2844 3252 3004 3316 viam,
3031 3248 3272 3319 promissi
3298 3261 3582 3310 memores,

2011 3352 2324 3406 inchoastis.
2367 3351 2520 3405 Nunc
2559 3358 2846 3416 pmpera:o
2897 3358 3032 3413 opus
3071 3351 3173 3405 est,
3207 3351 3263 3394 ut
3305 3340 3429 3393 dum
3461 3339 3585 3391 anni

2013 3455 2224 3512 tempus
2267 3443 2429 3507 calet,
2479 3439 2720 3495 autumni
2770 3437 2908 3492 bona
2956 3435 3147 3503 raptim
3199 3433 3456 3486 fruamur.
3495 3429 3586 3482 llis

2012 3533 2206 3604 quippe
2237 3531 2514 3604 mensibus
2553 3527 2839 3596 Campania
2889 3525 3022 3580 nitet
3058 3523 3168 3592 agri
3211 3521 3372 3576 ubere
3402 3529 3456 3574 et
3495 3535 3585 3573 ar—

2013 3623 2154 3679 busti
2189 3623 2412 3677 honore.
2435 3603 2596 3698 Beia:
2624 3618 2794 3674 imbre
2823 3631 2968 3682 raro,
3002 3615 3116 3669 sole
3148 3613 3356 3666 modico
3388 3621 3588 3680 tempe-

2012 3723 2232 3776 rantur;
2279 3727 2476 3767 mensae
2506 3711 2572 3764 ab
2602 3709 2830 3764 edilibns
2859 3707 3092 3774 copiosae
3134 3713 3278 3767 sunt,
3310 3702 3500 3772 quibus
3533 3711 3586 3753 ιιι

2014 3805 2305 3859 amicorum
2335 3813 2576 3857 catervas
2605 3799 2855 3854 minaris.
2887 3796 2992 3851 Sed
3024 3793 3156 3848 mihi
3187 3793 3427 3846 honesta:
3456 3791 3588 3844 inul-

2016 3899 2256 3954 titudinis
2297 3896 2440 3951 nulla
2478 3896 2662 3950 vitatio
2709 3904 2814 3949 est.
2859 3892 2926 3946 Et
2973 3889 3018 3945 si
3062 3888 3145 3944 bis
3191 3897 3339 3942 tanto
3387 3888 3588 3957 plures,

2017 4005 2173 4062 quam
2204 3991 2415 4052 scribis,
2446 3987 2733 4050 adfneiint,
2770 3987 2960 4039 bonam
2993 3983 3194 4052 frugem
3229 3980 3442 4035 feceris.
3475 3978 3590 4032 Non

2017 4084 2206 4146 deerit,
2228 4096 2333 4151 quo
2360 4079 2550 4134 famem
2575 4079 2791 4145 pellant.
2823 4075 2953 4128 Nam
2984 4073 3266 4128 comitibus
3287 4072 3479 4126 vestris
3506 4081 3589 4122 nt-

2017 4184 2144 4243 pote
2196 4172 2412 4238 sobriis,
2459 4167 2732 4224 caedundm
2762 4165 2958 4235 saginat
3003 4179 3130 4219 cura
3179 4163 3442 4232 posterior
3487 4167 3590 4215 est.

2019 4265 2307 4332 Quousque
2338 4264 2551 4330 longum
2589 4259 2811 4325 loquor?
2838 4257 2987 4310 Mitto
3018 4255 3202 4315 verba,
3247 4267 3361 4306 rem
3395 4250 3590 4318 flagito.

2022 4354 2367 4408 Occasionem
2397 4353 2638 4420 arripere
2667 4346 2946 4415 prudentis
2977 4354 3080 4398 est.
3106 4343 3162 4397 Si
3190 4343 3312 4410 quid
3339 4341 3593 4396 dilatione

1945 4441 1999 4501 D
2023 4445 2227 4502 itineris
2255 4444 2530 4512 adimitur,
2559 4456 2709 4497 mora
2737 4438 2831 4495 otii
2853 4436 3193 4507 rependeur.
3219 4433 3367 4488 Vale.

2633 4573 2841 4630 EPIST.
2861 4571 2997 4630 VIII.

2549 4705 2854 4746 SYIIACHUS
2891 4704 3067 4744 PA'I‘RI.

2097 4827 2416 4884 Iamdudum
2441 4827 2603 4882 vestri
2627 4825 2854 4894 cupiunt
2875 4825 3104 4879 Lucrina
3133 4823 3311 4883 tacita,
3331 4827 3384 4875 et
3404 4820 3598 4892 liquida

2033 4921 2248 4985 Baiana,
2280 4930 2332 4974 et
2364 4919 2567 4973 Puteoli
2596 4917 2768 4972 adhuc
2797 4915 3062 4982 celebres,
3095 4922 3149 4967 et
3178 4912 3323 4966 Bauli
3354 4927 3600 4981 magnum

2033 5016 2275 5070 silentes.
2306 5015 2412 5065 Vos
2439 5013 2576 5081 apud
2607 5014 2803 5065 Coram
2833 5011 3104 5074 rusticam,
3128 5009 3207 5062 vel
3235 5006 3371 5075 apud
3397 5006 3602 5059 steriles

2037 5104 2279 5159 Formias
2306 5102 2584 5156 desidetis.
2621 5099 2857 5153 Tandem
2898 5099 2941 5151 si
2970 5112 3145 5166 Operae
3172 5105 3272 5161 est,
3300 5092 3605 5148 contendite

2038 5198 2198 5261 viam,
2240 5206 2292 5249 et
2333 5194 2554 5250 meliora
2597 5203 2863 5245 terrarum
2906 5189 3334 5253 animadvertite,
3379 5186 3467 5240 ubi
3503 5187 3606 5236 alte

2041 5289 2208 5344 turbis
2231 5287 2542 5356 quiescitur,
2560 5285 2649 5338 ubi
2674 5282 2912 5338 fruendis
2935 5281 3079 5336 feriis
3106 5282 3278 5336 nullus
3300 5287 3377 5334 est
3400 5277 3603 5332 modus.

2466 5439 2563 5493 Ubi
2587 5439 2822 5506 corniger
2851 5437 3032 5507 Lyceus

2464 5511 2638 5577 Uperit
2666 5525 2882 5579 superna
2911 5509 3022 5579 tite,

2473 5576 2735 5632 Vulcanus
2762 5576 2990 5631 mstuoat’s

2472 5650 2696 5704 Medium
2723 5649 2889 5720 coquit
2917 5645 3164 5699 caverint.
