4176 6184
577 206 668 262 151

995 327 1149 402 [enat
1168 333 1285 402 jam
1309 333 1449 402 pisce
1470 335 1628 388 multo

991 398 1230 453 Thetis—ei
1261 398 1392 454 Beia
1419 421 1613 457 sorores
1637 420 1655 457 :

987 469 1129 542 (latet
1152 472 1312 532 unda,
1342 475 1490 542 friget
1512 476 1697 538 (Bt/ira,

984 539 1157 594 Simul
1183 539 1381 594 innatat
1403 539 1603 595 choreis

981 610 1338 663 Amathusium
1359 612 1612 675 renidens,

984 680 1127 751 Salis
1153 681 1365 746 arbitra,
1398 689 1445 751 et
1469 684 1669 751 vaporis

985 748 1107 804 Flos
1135 751 1360 804 siderum
1392 748 1577 806 Dione.

553 875 693 933 Num
720 878 874 934 vobis
899 879 1086 935 videor
1110 883 1261 951 quasi
1292 884 1473 942 multm
1503 884 1727 941 luxuriae
1747 886 1948 949 ebrius.
1980 902 2140 942 men-

551 970 620 1024 tis
659 970 912 1040 insipere,
943 985 1102 1042 atque
1135 975 1271 1030 adeo
1317 978 1368 1032 in
1416 989 1599 1047 poetas
1645 995 1840 1034 nomen
1883 981 2138 1037 dedisse?

549 1059 695 1114 Nihil
743 1076 926 1116 moror
973 1063 1110 1120 hanc
1156 1065 1550 1123 literaturam:
1593 1070 1695 1125 loci
1750 1071 1946 1140 potius,
1973 1087 2132 1141 quam

548 1149 743 1220 ingenii
791 1152 897 1208 mei
939 1169 1134 1210 munus
1181 1158 1419 1213 exercui.
1478 1160 1583 1216 Sed
1630 1161 1674 1214 si
1720 1160 1995 1216 invitantia
2050 1162 2136 1215 lu-

546 1257 704 1311 quor,
749 1246 973 1314 gradum
1021 1248 1213 1316 tollite,
1268 1258 1324 1304 ut
1371 1261 1425 1306 et
1460 1266 1555 1307 vos
1593 1253 1711 1308 sitis
1753 1253 1860 1309 laeti
1890 1267 2136 1324 praesen-

547 1335 701 1400 tium,
727 1345 780 1390 et
808 1337 960 1394 nobis
989 1339 1252 1408 potiundi,
1277 1355 1396 1412 qum
1422 1343 1687 1412 volumus,
1712 1344 1923 1400 fortuna
1945 1359 2135 1401 succe-

545 1429 658 1481 dat.
688 1425 843 1482 Vale.

1167 1500 1384 1559 EPIST.
1426 1503 1520 1559 lx.

1068 1627 1379 1671 SYMIIACHUB
1416 1632 1594 1672 PA‘I‘RI.

609 1719 669 1776 in
699 1728 843 1777 metu
879 1717 1094 1792 fuimus,
1125 1739 1194 1780 ne
1226 1741 1322 1782 vos
1366 1727 1539 1784 imber
1582 1729 1867 1788 inhiberet.
1899 1731 2006 1789 Sed
2031 1748 2125 1788 ve-
2155 1697 2207 1759 Β

542 1826 664 1867 rum
701 1823 785 1868 est
812 1813 968 1882 illud,
990 1816 1132 1885 quod
1179 1826 1335 1887 poeta
1377 1828 1561 1874 noster
1583 1820 1840 1892 scriptum
1871 1823 2126 1892 reliquit;

538 1905 644 1960 iter
671 1905 864 1962 durum
903 1907 1097 1964 vicisse
1137 1911 1410 1980 pietatem.
1441 1913 1618 1978 Quare
1642 1914 1933 1969 adventum
1960 1917 2128 1970 vestri

539 1999 592 2051 in
617 1999 762 2055 diem
815 2002 1061 2066 placitam
1105 2005 1498 2072 prmstolamur.
1543 2005 1624 2060 Dii
1676 2007 1836 2060 modo
1877 2015 2127 2062 auctores

535 2089 663 2154 sint,
694 2098 752 2145 ut
785 2107 905 2161 quae
941 2094 1122 2152 animo
1165 2093 1470 2164 destinatis,
1518 2096 1680 2152 nullis
1725 2099 2124 2154 causationibus

535 2183 930 2254 obstrepantur.
957 2186 1108 2241 Vale.

1163 2256 1379 2314 EPIST.
1424 2259 1494 2314 X.

1067 2384 1379 2428 εῐιίιιλοιιυε
1405 2389 1578 2429 PATBI.

601 2477 870 2535 Hanceine
900 2481 1028 2536 mihi
1057 2498 1180 2539 esse
1219 2483 1513 2552 fortunam,
1557 2493 1618 2541 ut
1645 2502 1859 2557 quoquo
1903 2502 2118 2543 versum

530 2569 718 2636 pedem
747 2572 972 2640 gradum
995 2589 1079 2641 lue
1117 2577 1420 2647 contulero,
1451 2579 1891 2634 exmdifleandum
1920 2581 2119 2651 aliquid

531 2677 545 2706 ι
569 2657 835 2715 πιτδῑιιτῖ
881 2663 1024 2717 velut
1062 2681 1151 2720 me
1189 2681 1331 2721 nunc
1359 2668 1597 2736 Capuani
1633 2670 1868 2738 praetorii
1911 2672 2118 2724 instau-

527 2751 667 2804 ratio
713 2752 766 2805 iu
815 2768 1008 2822 graves
1049 2756 1192 2825 cogit
1239 2771 1502 2826 expensas
1533 2775 1548 2812 :
1577 2762 1729 2827 cujus
1760 2774 1883 2828 pars
1920 2759 2117 2816 fatiscit

526 2840 760 2909 incuria,
795 2858 918 2912 pars
944 2847 1229 2916 negligenti
1276 2847 1476 2903 dudum
1527 2849 1802 2907 celt‘ri'ate
1848 2862 2111 2919 reparata,

525 2931 834 2988 indecorum
863 2947 916 2990 et
965 2936 1289 2992 imbecillum
1323 2949 1544 3011 praestat
1588 2940 1972 2996 habitaculum.
2021 2943 2116 2998 llis

524 3025 629 3079 nisi
675 3035 956 3096 properata
985 3043 1113 3082 cura
1169 3030 1500 3096 subvenerit,
1542 3035 1632 3086 aut
1661 3035 1898 3102 pecuniae
1927 3049 2108 3103 pos'ea

523 3116 861 3186 dispendium
891 3121 1273 3190 cumulabitur,
1326 3133 1419 3178 aut
1461 3125 1652 3180 ruinas.
1701 3127 1831 3178 Nam
1869 3126 2108 3196 quisquis

524 3209 641 3264 lucc
687 3224 852 3278 Opera
901 3210 1239 3279 intermittit,
1286 3216 1506 3270 amittit.
1549 3217 1726 3284 Quare
1769 3221 1980 3272 animus
2027 3229 2111 3274 est

520 3301 730 3357 amoliri
753 3303 945 3357 mdium
978 3314 1330 3360 senectutem.
1357 3305 1433 3361 lta
1461 3308 1766 3364 desiderato
1793 3322 1848 3363 et
1872 3312 2108 3379 expetito

519 3394 632 3448 otio
678 3394 746 3449 ad
793 3396 1063 3465 negotium
1107 3400 1474 3455 concessimus
1518 3411 1912 3470 sumptuosum.
1970 3406 2105 3471 Quid

522 3502 698 3543 rerum
725 3504 996 3559 geramus,
1031 3491 1278 3547 audistis.
1311 3491 1493 3548 Facite
1527 3493 1760 3550 vici-sim
1792 3505 1986 3551 vestrae
2019 3511 2106 3551 sa-

521 3579 645 3633 lutis
665 3587 823 3648 atque
844 3591 1055 3636 actuum
1082 3597 1336 3652 prospera
1359 3588 1695 3640 noverimus:
1715 3594 1767 3640 ut
1788 3587 1889 3642 hoc
1901 3590 2104 3658 pauxil-

520 3671 629 3723 lum
661 3681 890 3737 tempus,
916 3674 1056 3740 quod
1107 3675 1158 3729 in
1199 3675 1490 3747 Campania
1519 3694 1765 3748 paramus
1793 3683 2098 3752 absumere,

516 3765 634 3818 sine
658 3761 858 3818 offensa
888 3763 1051 3820 vdstri
1080 3767 1275 3822 silentii
1303 3769 1677 3840 transigamus.
1713 3773 1866 3829 Vale.

1127 3921 1348 3982 EPIST.
1390 3924 1480 3982 Xl.

1043 4050 1354 4094 SVISIACHUS
1383 4055 1560 4094 PATRI.

580 4167 712 4224 Cum
737 4170 849 4240 jam
881 4171 1004 4226 tilia:
1035 4181 1232 4228 nostra:
1258 4173 1372 4230 dies
1397 4177 1590 4231 natalis
1618 4188 1913 4248 appeteret,
1947 4196 2100 4237 com-

510 4261 726 4316 modum
755 4263 996 4330 aderant,
1029 4281 1151 4335 qua:
1191 4267 1398 4323 muneri
1429 4269 1715 4326 miseratis.
1749 4272 1823 4327 Ea
1855 4277 2010 4329 nobis
2041 4277 2094 4330 in

507 4360 792 4410 cemuue
827 4371 986 4426 quam
1017 4371 1138 4412 cara
1166 4365 1222 4414 et
1249 4360 1434 4430 gravia
1460 4361 1626 4418 fuere.
1655 4363 1786 4419 Nam
1808 4367 1854 4420 si
1887 4369 2013 4437 quid
2039 4370 2090 4423 in

1843 220 1904 285 Q.
1946 216 2219 272 ACREL"
2256 218 2600 277 SYMMAC"!

2179 337 2232 394 Λ
2807 395 2820 399 ,
2860 342 3071 402 ΕΡζΒΤ.
3115 347 3242 403 Xll.‘

2787 453 3091 497 εγκιιλειιυε
3129 461 3304 501 ΡΑτιιι.

2318 543 2612 600 Censorum
2636 548 2785 605 notio
2806 549 2904 604 fuit
2923 561 3166 620 spectare
3185 570 3374 624 opera,
3395 572 3516 628 quae
3542 559 3828 618 locassent.

2248 633 2358 688 Hoc
2382 649 2469 690 me
2503 639 2775 705 negetium
2805 656 2999 699 curare
3019 647 3258 702 voluisti.
3305 650 3418 704 Mos
3445 663 3632 721 gestus
3673 658 3834 724 impe-

2245 727 2403 789 ratis;
2435 729 2518 782 vel
2566 731 2707 799 quod
2758 733 2854 788 tibi
2901 735 3047 792 dicto
3092 739 3318 796 audiens
3363 757 3486 799 esse
3534 745 3719 813 debui,
3753 751 3832 803 vel

2243 816 2385 882 quod
2411 817 2588 873 studio
2614 836 2735 876 meo
2763 838 3062 894 congruere
3091 829 3401 887 mandatum
3443 849 3636 890 munus
3675 851 3836 907 agno-

2239 904 2313 959 vi.
2349 905 2496 962 Habe
2517 909 2678 978 igitur
2705 923 2964 981 quantum
2994 915 3049 970 in
3089 918 3292 974 aedibus
3334 933 3514 978 nostra
3545 939 3670 980 cura
3715 904 3834 996 pro-

2241 999 2490 1076 moverit.
2520 1000 2689 1056 Scalis
2727 1013 3019 1073 suppactu<
3044 1017 3128 1063 est
3169 1009 3341 1066 honor
3370 1018 3654 1071 marmoris
3683 1034 3698 1072 :
3746 1033 3836 1074 sn-

2241 1089 2453 1156 periora
2480 1093 2760 1148 conclavia
2784 1098 2983 1152 crustis
3009 1107 3358 1170 tcguntur,ea
3380 1107 3560 1174 operis
3589 1109 3830 1174 levitate.

2237 1187 2295 1231 ut
2316 1193 2577 1252 compago
2598 1184 2828 1240 solidum
2857 1189 3162 1245 mentiatur.
3191 1193 3486 1252 Columnas
3513 1198 3682 1254 nihilo
3712 1216 3830 1256 am-

2236 1269 2380 1360 plius
2403 1283 2675 1330 mercatus
2706 1292 2787 1346 es,
2816 1294 2974 1349 quam
3006 1281 3052 1336 si
3083 1282 3179 1338 tibi
3224 1287 3434 1342 muneri
3461 1290 3827 1360 contigissent.

2235 1359 2341 1415 Eas
2362 1362 2586 1436 bithyno
2619 1367 2796 1437 lapide
2821 1384 3008 1436 cautas,
3031 1372 3076 1427 si
3115 1373 3254 1430 bene
3277 1377 3450 1432 oculis
3475 1359 3627 1444 utor,
3645 1383 3828 1436 existi-

2233 1464 2342 1505 mo.
2394 1453 2666 1511 [lactentis
2715 1466 2820 1524 est,
2864 1460 3007 1530 quod
3050 1461 3192 1520 scire
3237 1465 3510 1523 debueris.
3564 1469 3827 1542 Deinceps

2231 1549 2446 1600 tantum
2477 1545 2791 1617 adjiciemus
2822 1553 3120 1621 cognitioni
3158 1563 3281 1624 tute,
3311 1571 3568 1629 quantum
3596 1563 3825 1622 (adifica-

2235 1633 2368 1688 tioni
2391 1633 2687 1693 viderimus
2711 1640 2995 1697 accedere.
3021 1642 3180 1701 Vale.

2820 1773 3040 1832 EPIST.
3083 1775 3204 1834 Xlll

2726 1897 3035 1942 SWMACEDS
3073 1903 3316 1946 AUSONIO.

2303 1989 2453 2046 Solet
2485 1991 2708 2051 facunda
2747 2012 2869 2054 esse
2899 1999 3104 2068 laetitia,
3133 2012 3189 2058 et
3227 2006 3501 2074 angustias
3533 2009 3699 2066 clausi
3731 2027 3821 2082 pe-

2228 2084 2392 2136 ctoris
2406 2096 2686 2152 aspernata
2701 2090 2916 2157 gestire.
2941 2091 3082 2156 Tibi,
3099 2095 3290 2160 amice,
3309 2097 3576 2154 scribendi
3594 2101 3816 2157 oblivio-

2234 2188 2358 2228 nem
2392 2175 2596 2244 peperit
2621 2194 2708 2233 res
2734 2181 2991 2236 secunda.
3018 2183 3072 2238 ld
3103 2184 3230 2238 mihi
3261 2187 3545 2244 imitationi
3567 2205 3688 2246 esse
3709 2208 3815 2249 non

2230 2266 2427 2334 potuit,
2459 2284 2617 2337 quem
2651 2270 2850 2327 domini
2890 2274 3060 2329 nosui
3088 2276 3328 2332 Gratiani
3365 2281 3604 2338 cmlestis
3645 2287 3816 2340 oratio

2231 2355 2389 2413 bonas
2417 2359 2529 2427 spei
2553 2370 2608 2415 et
2633 2361 2918 2419 hilaritatis
2947 2366 3204 2435 implevit.
3235 2368 3390 2424 Ultro
3427 2373 3586 2442 igitur
3613 2375 3815 2446 alloqui

2228 2446 2470 2505 desidem
2501 2467 2605 2506 non
2641 2456 2878 2522 peperci,
2907 2455 3206 2537 officii,‘vel
3249 2461 3428 2528 gaudii
3457 2465 3561 2519 mei
3593 2468 3760 2534 gratia
3793 2486 3811 2522 :

2225 2554 2451 2607 quorum
2476 2544 2703 2599 alterum
2732 2545 3062 2604 familiaritas
3090 2560 3295 2618 nostra,
3328 2554 3557 2609 alterum
3584 2556 3812 2614 felicitas

2225 2633 2438 2700 publica
2487 2638 2827 2706 suggerebat.
2891 2639 3041 2694 Nunc
3088 2642 3133 2696 si
3189 2657 3368 2709 opera:
3414 2657 3520 2711 est,
3557 2650 3810 2704 utendum

2222 2721 2355 2776 mihi
2407 2726 2669 2796 tantisper
2722 2729 2957 2784 animum
3004 2730 3086 2786 fac
3116 2733 3380 2792 remittas.
3425 2735 3695 2794 Primores
3723 2755 3812 2796 ca-

2222 2813 2395 2869 lendas
2425 2817 2694 2872 Januariis
2733 2822 3071 2890 appetebant.
3115 2825 3388 2895 Frequens
3429 2839 3647 2884 senatus
3695 2848 3809 2887 ma-

2221 2905 2448 2960 turrime
2477 2907 2529 2960 in
2560 2909 2763 2963 curiam
2789 2926 3134 2983 veneramus,
3162 2917 3466 2984 priusquam
3494 2921 3810 2976 manifestus

2219 2995 2333 3052 dies
2353 3013 2630 3067 creperum
2659 3003 2832 3058 noctis
2861 2991 3203 3062 absolveret:
3226 3006 3363 3064 forte
3399 3026 3584 3067 rumor
3608 3013 3803 3068 allatus

2140 3071 2190 3134 (ἶ
2217 3099 2300 3144 est
2335 3104 2641 3147 sermonem
2687 3094 2974 3151 desiderati
3025 3098 3280 3167 principis
3320 3103 3482 3157 multa
3529 3113 3685 3161 nocte
3711 3121 3802 3162 ve-

2217 3178 2386 3243 nisse,
2435 3189 2490 3234 et
2541 3192 2656 3236 erat
2703 3198 2908 3239 verum.
2952 3185 3086 3241 Nam
3138 3188 3448 3245 tabellarius
3498 3192 3798 3263 vigiliarum

2217 3267 2391 3331 fessus
2438 3271 2703 3328 adstabat.
2751 3273 2994 3330 Nondum
3041 3279 3181 3333 cmlo
3221 3279 3438 3336 albente
3467 3287 3804 3342 concurritur

2211 3357 2501 3416 luminibus
2528 3364 2789 3432 accensis,
2815 3367 2936 3421 nevi
2967 3370 3150 3423 saeculi
3173 3369 3278 3426 fata
3301 3373 3644 3442 recipiantur.
3660 3377 3798 3444 Quid

2128 3486 2130 3488 τ
2209 3451 2408 3504 multa?
2431 3454 2800 3525 Iucem,quam
2830 3458 3004 3514 adhuc
3023 3461 3454 3530 opperiebamur,
3483 3467 3797 3537 accipimus.

2209 3541 2306 3596 Dic
2332 3543 2484 3609 mihi,
2511 3545 2718 3616 inquies
2740 3549 2886 3620 (nam
2915 3550 2965 3606 id
2993 3562 3210 3620 praestat
3227 3556 3457 3626 audire),
3480 3558 3605 3628 quid
3629 3561 3800 3617 nostri

2213 3643 2388 3702 patres
2418 3651 2577 3706 super
2598 3652 2658 3693 ea
2682 3640 2927 3696 oratione
2942 3645 3258 3700 senserunt?
3280 3646 3474 3702 lterum
3499 3649 3592 3704 tibi
3611 3659 3798 3704 natura

2209 3729 2564 3796 respondeat,
2597 3731 2788 3796 quibus
2821 3731 3086 3804 suffragiis
3117 3746 3370 3806 exeptata
3403 3740 3573 3808 pietas
3606 3742 3798 3796 audia-

2209 3824 2312 3872 tur.
2337 3819 2591 3875 Novimus
2615 3821 2749 3876 bona
2776 3833 2956 3879 nostra
2977 3827 3282 3896 complecti.
3302 3829 3358 3882 Si
3389 3830 3586 3896 credis,
3605 3834 3796 3888 ctiam-

2205 3930 2331 3969 num
2377 3916 2518 3972 illius
2545 3918 2720 3987 gaudii
2764 3921 2866 3976 mei
2908 3923 3193 3992 quamdam
3237 3926 3411 3994 patior
3448 3928 3795 3990 cruditatem.

2202 4005 2381 4062 Bonus
2409 4008 2605 4074 Nerva,
2632 4011 2893 4080 Trajanus
2919 4023 3191 4083 strenuus,
3233 4019 3498 4076 Antonius
3541 4023 3680 4090 pius,
3714 4025 3796 4078 in-

2201 4111 2400 4152 nocvns
2429 4099 2638 4156 Marcus
2669 4101 2840 4170 plenis
2868 4105 3042 4161 officii
3075 4109 3404 4176 temporibus
3449 4113 3616 4179 adjuti
3642 4129 3791 4184 sunt,

2199 4202 2319 4257 quia:
2369 4198 2491 4243 tunc
2543 4207 2719 4246 mores
2744 4195 2878 4248 alios
2915 4197 3248 4255 nesciebant.
3283 4200 3381 4256 Hie
3429 4203 3481 4256 in
3522 4203 3680 4260 laude
3707 4223 3792 4262 eat

2202 4289 2385 4332 natura
2419 4282 2676 4352 principis
2701 4300 2716 4348 ;
2748 4285 2818 4339 ibi
2844 4287 3033 4355 priscae
3055 4305 3248 4347 munus
3275 4293 3468 4349 aetatis.
3497 4295 3606 4350 Cur
3635 4312 3791 4352 vei-sc

2199 4369 2388 4424 ordine
2419 4372 2516 4424 ista
2541 4373 2862 4440 Optimarum
2911 4378 3108 4432 artium
3157 4391 3405 4448 putemus
3434 4387 3700 4454 exempla,
3733 4400 3793 4442 et

506 4445 756 4501 abst-mes
803 4447 940 4502 bene
977 4450 1247 4516 consulas,
1293 4453 1533 4522 impensu
1573 4457 1777 4526 majore
1807 4461 2082 4526 gaudetur.
2121 4442 2178 4503 D
2205 4459 2290 4513 illa
2323 4461 2390 4516 de
2419 4467 2616 4518 sazcu'o
2647 4465 2824 4532 priore
2856 4467 3116 4537 veStigia?
3151 4470 3316 4526 Vetus
3346 4473 3579 4530 officium
3628 4491 3788 4533 suum

508 4536 654 4590 Illico
681 4537 912 4606 amplexi
963 4539 1190 4608 litteras,
1236 4558 1354 4612 qua:
1401 4549 1862 4617 prosequebantur
1884 4553 2084 4621 oh!at;i,

507 4628 556 4681 in
581 4629 982 4696 exspectatione
1008 4643 1128 4687 esse
1153 4634 1434 4703 coepimus,
1471 4653 1628 4708 quam
1661 4657 1784 4696 mox
1809 4644 1958 4698 vobis
1998 4661 2084 4700 ca-

505 4719 825 4786 pessendum
867 4721 966 4774 iter
1003 4723 1187 4793 Appia:
1215 4727 1540 4784 scriberetis.
1579 4731 1718 4786 Nihil
1753 4733 1940 4789 horum
1988 4752 2084 4806 pa-

503 4811 626 4874 gina
657 4813 952 4867 nuntiabat.
986 4812 1277 4872 Perconlor
1301 4818 1654 4886 tabellarium,
1685 4839 1810 4880 num
1834 4837 2083 4883 constan-

503 4903 631 4955 tiam
666 4902 865 4958 decreti
897 4920 1074 4960 rerum
1099 4906 1273 4962 subita
1298 4910 1618 4966 turbassent.
1653 4914 1741 4968 Ait
1761 4920 2080 4972 sententiam

503 4993 630 5050 nihil
657 4995 979 5064 claudicare,
1009 4999 1104 5054 sed
1141 5001 1328 5070 placita
1354 5003 1575 5071 diﬂ‘erri,
1613 5007 1788 5064 donec
1816 5012 2083 5066 cunctatio

503 5085 785 5143 Formiana
822 5091 983 5144 multa
1031 5094 1197 5162 fruge,
1241 5103 1298 5150 et
1327 5096 1446 5151 aliis
1493 5099 1594 5154 hoc
1618 5115 1785 5168 genus
1826 5103 1876 5156 in
1928 5119 2081 5158 usum

503 5181 819 5240 necessariis
845 5183 1156 5240 instruatur.
1207 5187 1354 5244 Tunc
1377 5190 1506 5244 mihi
1541 5195 1753 5249 animus
1780 5196 1847 5250 ab
1870 5197 2083 5267 mgritu-

501 5273 624 5327 dine
652 5275 979 5345 remigravit.
1006 5277 1085 5332 Do
1116 5278 1296 5344 fidem,
1329 5282 1457 5336 nihil
1481 5283 1663 5338 humili
1696 5302 1917 5354 mensae,
1948 5290 2080 5346 nihil

501 5365 753 5432 servitiis,
781 5374 873 5420 aut
903 5369 1081 5436 pecori
1103 5369 1430 5427 defuturum.
1474 5374 1552 5430 Ne
1575 5376 1702 5432 mihi
1733 5379 1802 5434 sit
1823 5380 1948 5436 dicti
1979 5381 2081 5437 hu-

497 5455 584 5522 jus
609 5460 834 5526 posthac
863 5461 1098 5530 negatio,
1129 5476 1196 5516 cn
1229 5465 1382 5518 vobis
1426 5466 1766 5539 chirographi
1797 5472 1966 5528 inStar
1993 5474 2083 5529 lit-

502 5556 662 5603 teras.
684 5550 1039 5620 Sponsionem
1081 5552 1298 5622 stipulat
1326 5555 1554 5613 affectio.
1587 5560 1766 5631 Neque
1807 5564 1950 5622 enim
1983 5580 2077 5638 pa-

501 5639 602 5695 tiar
626 5637 818 5710 decipi,
848 5659 980 5714 quos
1005 5653 1131 5716 Opto
1151 5645 1454 5716 complecti.
1491 5649 1634 5706 Vale.

2195 4552 2404 4608 fortuna
2437 4563 2670 4617 tueatur.
2704 4569 2758 4612 et
2787 4561 2881 4621 bas
2919 4563 3099 4616 saltim
3150 4563 3390 4620 Romano
3430 4568 3632 4623 nomini
3661 4571 3792 4626 velit

2193 4660 2412 4702 servare
2449 4648 2686 4705 delicias.
2728 4651 2885 4707 Nullo
2915 4654 3116 4709 fascino
3147 4655 3373 4712 felicitas
3403 4659 3610 4726 publica
3641 4676 3791 4714 mor-

2193 4737 2402 4794 deatur.
2437 4739 2645 4795 Audisti
2689 4742 2892 4810 omnia,
2939 4746 3035 4801 sed
3066 4759 3434 4805 summotenus
3469 4767 3564 4806 ore
3601 4753 3783 4807 libata.

2197 4827 2533 4884 Monumenta
2563 4832 2728 4886 curia:
2769 4843 2965 4889 nostras
3017 4837 3226 4904 plenius
3259 4849 3429 4894 tecum
3471 4841 3783 4912 loquentur.

2197 4918 2292 4973 Ubi
2332 4933 2453 4973 cum
2496 4921 2643 4988 plura
2676 4925 2932 4993 rescripta
2979 4931 3281 4994 repereris;
3324 4932 3552 4998 aestima,
3581 4944 3785 5003 quanto

2188 5011 2438 5064 uberiora
2465 5014 2618 5067 unius
2653 5029 2804 5070 mens
2835 5018 3308 5090 optaverit,.quam
3333 5023 3548 5092 plausus
3576 5025 3777 5082 effude-

2187 5105 2275 5158 rit.
2304 5103 2451 5160 Vale.

2781 5177 2999 5234 EPIST.
3044 5180 3181 5237 XIV.

2685 5286 2995 5328 SYIMACIIUS
3027 5290 3269 5331 AUSONIO.

2253 5380 2400 5435 Petis
2428 5395 2456 5433 a
2489 5396 2574 5435 me
2598 5381 2805 5437 litteras
2830 5384 3124 5456 longiores.
3168 5388 3264 5443 Est
3311 5389 3411 5444 hoc
3448 5389 3499 5446 in
3531 5406 3631 5446 nos
3656 5394 3770 5448 veri

2185 5476 2383 5531 amoris
2413 5476 2686 5530 indicium.
2736 5477 2844 5532 Sed
2879 5494 2980 5550 ego
3008 5481 3098 5550 qui
3147 5496 3264 5536 sum
3298 5483 3596 5552 paupertini
3628 5486 3776 5554 inge-

2187 5568 2258 5621 nii
2290 5568 2392 5622 mei
2427 5567 2552 5622 mihi
2577 5569 2846 5634 conscius,
2880 5570 3157 5628 Laconicae
3187 5576 3326 5631 malo
3348 5577 3562 5631 studere
3589 5577 3769 5632 brevi-

2191 5660 2309 5728 tati,
2335 5673 2492 5729 quam
2525 5661 2815 5732 multijugis
2839 5665 3050 5732 paginis
3085 5666 3324 5726 infantiae
3349 5673 3572 5727 maciem
3604 5672 3781 5735 publi~
