4132 6176
254 271 347 327 ἰεῒ

1490 257 1964 316 EPISTULARUM
2005 255 2203 313 LIBER
2243 254 2285 310 I.

3418 252 3521 310 156

247 401 383 446 ante.
412 382 516 439 Nec
543 382 738 436 mirum
768 383 811 436 si
840 379 1038 450 eloquii
1071 377 1237 433 nostri
1277 363 1412 432 vena
1454 384 1670 431 tenuata
1710 384 1829 438 est;
1862 379 1912 435 Α
1941 373 2079 442 apud
2104 381 2177 436 te,
2211 372 2284 426 mi
2310 368 2547 433 domine,
2570 367 2775 424 silenda
2798 381 2902 422 non
2925 366 3222 433 credidi,et
3245 367 3386 435 quod
3412 383 3526 458 prQ

245 491 400 546 quam
424 471 622 528 dudum
653 486 823 541 neque
847 470 1004 524 ullius
1032 469 1293 539 poematis
1333 467 1430 530 tui,
1465 480 1641 535 neque
1666 465 1826 534 pede-

247 571 430 624 strium
463 565 792 620 voluminum
822 563 1054 618 lectione
1081 561 1290 630 juvisti.
1329 559 1480 616 Unde
1515 560 1674 628 igitur
1715 573 1831 613 ser-

248 663 419 717 monis
453 659 556 714 mei
598 659 798 726 largam
833 655 1010 725 poscis
1049 669 1293 717 usuram,
1324 653 1412 722 qui
1455 651 1583 706 nihil
1615 651 1832 705 litterati

249 753 445 812 leuioris
472 751 786 808 credidisti?
832 749 1030 804 Volitat
1075 759 1198 804 tuus
1238 747 1455 802 Mosella
1507 760 1600 815 per
1643 757 1836 798 manus

247 850 502 916 sinusque
525 845 828 907 multorum,
849 842 1041 896 divinis
1066 856 1097 895 a
1120 853 1172 895 te
1189 839 1430 894 versibus
1453 847 1832 892 consecratus:

251 938 343 991 sed
377 946 582 992 tantum
611 944 793 989 nostra
829 947 926 988 ora
959 931 1289 1001 praelabitur.
1321 928 1432 984 Cur
1459 944 1545 982 me
1581 927 1734 982 istius
1770 925 1838 980 Ii-

250 1027 398 1093 belli,
419 1041 625 1096 quaeso,
655 1037 925 1082 exsortem
954 1038 1076 1080 esse
1106 1021 1359 1076 voluisti?
1389 1033 1478 1075 aut
1504 1035 1708 1074 amusos
1741 1016 1835 1072 tibi

250 1121 493 1186 videbar,
519 1121 608 1185 qui
653 1117 949 1187 dijudicare
987 1131 1094 1171 non
1135 1130 1380 1184 possem;
1413 1123 1506 1168 aut
1547 1123 1695 1168 certe
1719 1126 1836 1164 ma-

250 1214 448 1283 lignus,
469 1211 560 1282 qui
588 1210 803 1265 laudare
821 1207 1105 1264 nescirem.
1151 1208 1332 1277 Itaque
1355 1206 1438 1259 vel
1471 1205 1683 1274 ingenio
1716 1218 1836 1256 meo

253 1291 568 1374 plurimum,
596 1302 679 1357 vel
703 1302 966 1363 moribus,
993 1300 1282 1370 derogasti.
1309 1299 1419 1368 Ego
1445 1308 1626 1353 tamen
1650 1306 1837 1351 contra

254 1396 597 1451 interdictum
626 1404 772 1447 tuum
803 1408 929 1448 mox
970 1393 1038 1447 ad
1068 1393 1210 1447 illius
1253 1392 1435 1461 operis
1475 1404 1667 1444 arcana
1713 1403 1838 1458 per-

252 1487 406 1542 veni.
438 1485 608 1540 Velim
639 1482 1027 1552 reticere,quid
1057 1483 1282 1538 sentiam
1307 1499 1321 1536 :
1345 1481 1502 1535 velim
1532 1481 1600 1536 de
1629 1489 1677 1535 te
1691 1479 1841 1548 justo

248 1580 469 1634 silentio
492 1576 772 1640 vindicari,
804 1576 900 1631 sed
941 1574 1229 1630 admiratio
1263 1573 1585 1644 scriptorum
1621 1587 1839 1627 sensum

252 1670 451 1739 frangit
483 1669 711 1739 injuriae.
743 1667 875 1722 Novi
909 1667 1048 1722 enim
1081 1667 1242 1721 istum
1273 1665 1512 1730 fluvium,
1533 1679 1656 1720 cum
1685 1675 1844 1718 teter-

251 1776 448 1817 norum
481 1760 781 1829 principum
805 1757 918 1828 jam
958 1757 1165 1828 pridem
1205 1756 1358 1826 signa
1394 1757 1703 1822 comitarer,
1749 1769 1842 1823 pa-
1874 1748 1920 1808 Β

253 1869 366 1909 rem
404 1851 605 1915 multis,
637 1851 898 1920 imparem
936 1849 1202 1905 maximis.
1235 1849 1386 1903 Nunc
1410 1847 1703 1917 improviso
1731 1846 1843 1900 cla-

255 1959 440 2001 rorum
473 1959 568 1998 ver
597 1958 722 1996 unm
752 1942 1012 2011 dignitate
1042 1941 1296 2010 Egyptio
1318 1941 1528 1996 Melone
1560 1939 1840 2007 majorem,

254 2037 590 2108 frigidiorem
619 2035 875 2106 Scythico
898 2034 1085 2098 Tanai,
1117 2032 1508 2101 clarioremque
1532 2032 1632 2086 hoc
1659 2039 1845 2084 nostro

257 2130 505 2200 populari
544 2128 750 2182 Fucino
790 2127 1090 2182 reddidisti.
1134 2126 1479 2196 Nequaquam
1513 2125 1605 2179 tibi
1651 2124 1842 2180 crede-

258 2235 392 2282 rem.
416 2221 491 2272 de
517 2217 748 2272 Mosella:
772 2227 893 2271 ortu
922 2232 983 2270 ac
1010 2227 1191 2271 meatu
1221 2231 1410 2286 magna
1439 2218 1698 2283 narranti,
1743 2216 1841 2269 nisi

258 2320 403 2365 certo
431 2309 632 2364 scirem
664 2308 804 2378 quod
827 2323 924 2363 nec
967 2306 1019 2362 in
1057 2321 1302 2378 poemate
1352 2309 1647 2365 mentiaris.
1697 2308 1846 2364 Unde

261 2400 341 2454 illa
373 2399 716 2454 amnicorum
745 2397 970 2468 piscium
992 2397 1236 2452 examina
1268 2399 1546 2466 reperisti?
1572 2413 1729 2467 quam
1753 2415 1846 2453 no-

259 2493 497 2548 minibus
525 2491 692 2559 varia,
721 2499 827 2544 tam
850 2491 1142 2557 coloribus,
1166 2501 1225 2546 ut
1253 2491 1615 2561 magnitudine
1646 2490 1848 2544 distan-

260 2583 347 2652 tia,
378 2583 464 2636 sic
498 2595 716 2650 sapore;
746 2596 866 2650 quae
890 2582 1174 2652 pigmentis
1214 2583 1368 2637 istius
1406 2582 1660 2637 carminis
1687 2596 1848 2651 supra

261 2684 465 2728 natura;
501 2672 640 2726 dona
674 2673 884 2728 fucasti.
917 2673 1078 2742 Atqui
1110 2674 1162 2728 in
1195 2673 1300 2728 tuis
1336 2673 1538 2728 mensis
1567 2689 1711 2744 saepe
1729 2688 1851 2729 ver-

261 2773 428 2829 satus,
462 2778 587 2816 cum
617 2762 868 2833 pleraque
886 2763 1011 2828 alia,
1035 2778 1154 2833 qua:
1180 2772 1304 2817 tunc
1327 2763 1379 2818 in
1401 2763 1651 2832 praetorio
1671 2775 1846 2833 erant,

261 2856 369 2911 esui
398 2855 617 2924 objecta
646 2855 909 2919 mirarer;
958 2869 1228 2922 nunquam
1280 2855 1381 2909 hoc
1413 2870 1579 2924 genus
1625 2855 1848 2924 piscium

264 2944 620 3016 deprehendi.
653 2943 876 3010 Quando
904 2942 956 2996 hi
989 2944 1160 3012 pisces
1190 2943 1242 2997 in
1273 2943 1409 2997 libro
1439 2943 1534 2998 tibi
1563 2944 1670 2998 nati
1703 2954 1848 3010 sunt,

263 3039 349 3108 qui
378 3040 434 3093 in
471 3037 687 3094 ferculis
715 3052 821 3092 non
864 3036 1112 3092 fuerunt?
1138 3036 1320 3092 .locari
1365 3053 1450 3091 me
1481 3047 1656 3106 putas,
1689 3045 1850 3106 atque

264 3143 427 3201 agere
457 3129 665 3198 nugas?
693 3127 769 3182 Ita
815 3142 902 3182 me
943 3127 1046 3182 diis
1075 3129 1405 3198 probabilem
1447 3138 1640 3197 przeste

264 3233 360 3290 ego
391 3229 548 3273 tuum
574 3231 792 3272 carmen
823 3217 971 3273 libris
1023 3217 1258 3273 Maronis
1304 3217 1554 3288 adjungo.
1605 3219 1710 3274 Sed
1745 3219 1857 3288 jam

266 3308 513 3363 desinam
543 3308 648 3363 mei
679 3306 878 3362 oblitus
905 3306 1128 3373 doloris,
1159 3308 1422 3363 inhaerere
1451 3306 1700 3364 laudibus
1730 3309 1856 3374 tuis,

269 3416 334 3456 ne
361 3402 477 3456 hoc
495 3415 709 3472 quoque
743 3399 810 3454 ad
832 3401 1058 3470 gloriam
1081 3410 1224 3455 tuam
1247 3401 1485 3468 accedat,
1515 3402 1656 3471 quod
1680 3413 1732 3457 te
1760 3403 1860 3458 rui-

270 3507 448 3548 ratnur
471 3494 686 3548 oﬂ'ensi.
716 3493 949 3562 Spargas
980 3493 1108 3549 licet
1125 3493 1496 3563 volurtiina,et
1523 3510 1608 3549 me
1648 3509 1861 3562 semper

273 3588 510 3652 excipias
536 3603 550 3640 :
580 3584 819 3641 fruemur
846 3595 1024 3640 tamen
1057 3594 1151 3640 tuo
1177 3600 1360 3656 opere,
1391 3587 1486 3641 sed
1517 3580 1741 3641 aliorum
1769 3586 1862 3642 bc-

275 3675 555 3748 nignitate.
590 3673 738 3732 Vale.
881 3744 1079 3802 EPIST
1140 3743 1236 3801 xv

781 3850 1092 3892 δτιικλειιυε
1121 3851 1361 3892 Δυεοιηιο.

345 3949 495 4004 Pene
535 3959 814 4015 evenerat,
863 3957 921 4003 ut
953 3959 1128 4004 tecum
1168 3950 1442 4004 succincta
1481 3947 1743 4006 brevitate
1786 3948 1865 4002 lo-

279 4056 593 4104 queremur,
619 4046 868 4110 quoniam
899 4041 1122 4096 deerant
1169 4041 1328 4112 digna
1355 4052 1653 4097 memoratu
1684 4059 1698 4096 :
1728 4049 1782 4096 ct
1813 4042 1863 4093 in

280 4130 491 4186 defectu
541 4146 722 4186 rerum
765 4131 898 4186 nihil
927 4146 1064 4201 opus
1093 4143 1176 4188 est
1224 4133 1502 4201 indulgere
1529 4133 1726 4188 verbis.
1757 4132 1862 4187 Sed

283 4225 602 4292 tempestive
629 4221 851 4280 Palladii
891 4221 1122 4281 rhetoris
1153 4226 1320 4280 nostri
1358 4227 1677 4281 declamatio
1719 4230 1868 4280 auxit

283 4316 556 4386 paginam.
616 4314 690 4370 Ea
754 4314 1072 4384 com‘placita
1146 4317 1498 4372 summatibus
1546 4318 1864 4381 litterarum,

284 4406 418 4459 clam
452 4416 505 4462 te
532 4421 655 4462 esse
677 4422 783 4460 non
820 4407 1024 4462 debuit.
1061 4408 1242 4479 Itaque
1280 4425 1399 4463 cuin
1439 4419 1492 4465 et
1515 4425 1638 4464 meo
1667 4409 1867 4473 oflicio,

1937 467 2010 520 tui
2039 480 2226 520 amore
2245 463 2378 518 nihil
2411 463 2584 518 habeo
2614 462 2793 531 pensi;
2812 470 2865 516 et
2891 459 3034 531 quod
3061 459 3522 528 vicissim,qunnti

1933 572 1963 610 a
1998 568 2047 611 te
2082 556 2227 620 fiam,
2283 571 2558 625 nunquam
2597 570 2683 610 me
2713 553 2953 624 paenitet.
2998 551 3149 620 Quod
3177 551 3412 605 Pallad.o
3447 549 3526 604 fa-

1933 659 2076 704 etum
2107 648 2248 714 volo,
2286 662 2356 702 ne
2401 649 2604 703 lateant
2648 651 2870 702 honesta
2912 646 3145 716 prolatu.
3171 644 3310 698 Cura
3341 653 3397 696 ut
3433 657 3521 696 va-

1936 740 2082 804 leas;
2129 747 2181 794 et
2210 738 2464 808 quoniam
2496 739 2590 793 tibi
2639 738 2862 794 facultas
2890 737 3158 794 scribendi
3186 743 3382 805 pratsto
3419 743 3522 803 est,

1935 831 2130 887 adhibe
2153 830 2511 886 voluntatem.
2561 830 2712 888 Vale.

2537 943 2757 1000 EPIST.
2797 942 2938 998 XVI.

2440 1068 2750 1110 SYMIACIIUS
2788 1069 3028 1110 AUSONIO.

2008 1165 2164 1234 Smpe
2189 1166 2553 1222 unanimitatis
2582 1175 2686 1222 tuze
2731 1181 2983 1222 sermone
3020 1167 3330 1235 convenior,
3363 1177 3423 1221 ut
3461 1166 3530 1222 de

1939 1258 2177 1326 acceptis
2230 1258 2449 1323 litteris,
2492 1274 2624 1328 quas
2651 1258 2717 1312 ad
2759 1273 2847 1312 me
2873 1273 3000 1317 cura
3044 1259 3392 1328 propensiore
3427 1260 3528 1311 IIII-

1943 1350 2083 1414 sisti,
2123 1348 2209 1404 Vt'I
2239 1349 2509 1415 scribam;
2550 1349 2744 1419 quibus
2791 1363 2910 1419 ego,
2966 1357 3025 1402 ut
3047 1363 3270 1420 quaeque
3307 1348 3531 1403 redditze

1941 1450 2089 1508 sunt,
2117 1451 2354 1497 actutum
2410 1444 2524 1511 pari
2575 1441 2835 1512 religione
2862 1440 3113 1509 resp0ndi
3151 1455 3168 1494 :
3211 1440 3333 1508 quia
3361 1454 3533 1508 neque

1941 1532 2322 1603 rescriptorum
2349 1532 2508 1596 ratio,
2553 1547 2728 1601 neque
2755 1532 2957 1586 amoris
2980 1531 3293 1586 vicissitudo
3322 1529 3534 1584 sinebat

1942 1624 2139 1679 diutius
2167 1623 2433 1678 desidere.
2458 1621 2612 1677 Nunc
2632 1636 2848 1692 quoque
2871 1636 3032 1691 agere
3052 1637 3138 1675 me
3157 1629 3318 1690 atque
3337 1620 3535 1674 habere

1943 1717 2140 1788 gratias
2165 1721 2454 1784 protestor,
2486 1713 2627 1783 quod
2657 1728 2912 1784 prOSpera
2943 1713 3248 1766 nuntiorum
3275 1711 3416 1766 clam
3450 1727 3537 1766 me

1945 1821 2066 1862 esse
2096 1820 2201 1860 non
2234 1805 2454 1874 pateris.
2486 1803 2612 1859 Haec
2639 1812 2694 1858 et
2720 1803 2821 1858 alia
2850 1802 3117 1871 prioribus
3137 1816 3352 1871 quoque
3391 1801 3536 1856 litte-

1944 1897 2021 1953 ris
2057 1906 2232 1952 tecum
2257 1895 2463 1951 fueram
2490 1895 2811 1952 collocutus.
2839 1895 2945 1949 Sed
2973 1894 3020 1949 si
3052 1905 3104 1948 te
3132 1893 3392 1947 tabellarii
3425 1909 3538 1946 ser-

1945 1989 2121 2044 monis
2174 1987 2281 2042 mei
2334 1995 2640 2056 compotem
2690 1985 3074 2049 reddiderunt,
3121 1994 3374 2053 congesta
3432 1999 3538 2039 non

1945 2089 2190 2135 onerant.
2221 2079 2359 2133 Malo
2381 2079 2577 2148 quippe
2603 2094 2760 2134 aures
2788 2088 2905 2132 tuas
2937 2076 3188 2132 iterando
3214 2075 3536 2139 obtundere,

1945 2187 2107 2243 quam
2139 2170 2384 2225 fraudare
2426 2171 2720 2225 reticendo.
2776 2169 2980 2224 Fratris
3031 2169 3134 2224 mei
3169 2167 3411 2236 Hesperii
3447 2169 3540 2220 ho-

1948 2277 2080 2318 nore
2103 2261 2337 2326 exsulto,
2363 2261 2727 2316 taciturnitate
2759 2259 3138 2316 convulneror.
3190 2259 3324 2313 Nam
3367 2258 3410 2313 si
3457 2273 3544 2314 me

1947 2355 2030 2409 sui
2056 2362 2324 2407 amantem
2356 2368 2452 2408 usu
2477 2367 2664 2407 rerum
2697 2352 2960 2422 probavit,
2985 2351 3198 2420 scriptis
3227 2350 3422 2404 famam
3453 2349 3545 2403 de-

1950 2449 2060 2502 cuit
2090 2446 2406 2518 prtevenire,
2436 2459 2556 2517 quas
2581 2443 2672 2499 diu
2704 2445 2906 2498 incerta
2934 2443 3130 2497 fluxam
3162 2441 3316 2495 fidem
3339 2439 3546 2511 gaudiis

1949 2541 2257 2596 exhibebat.
2302 2539 2421 2608 Ipse
2461 2539 2622 2608 igitur
2657 2536 2876 2591 nuntius
2925 2535 3228 2590 communis
3261 2535 3385 2589 boni
3426 2547 3546 2588 esse

1953 2633 2236 2698 debuerat,
2267 2643 2327 2686 ut
2346 2631 2586 2701 epistola:
2615 2630 2844 2686 assertio
2889 2629 3024 2683 nihil
3070 2629 3400 2694 relinqueret
3427 2627 3546 2694 upi—

1954 2726 2129 2780 nionis
2157 2725 2428 2795 ambiguo.
2463 2723 2568 2778 Sed
2587 2722 2741 2787 dicis,
2774 2737 2894 2777 eum
2925 2721 3128 2790 pudore
3168 2721 3545 2790 prtestrictum,

1955 2831 2304 2873 successuum
2335 2831 2554 2872 suorum
2578 2816 2776 2870 vitasse
2798 2815 3134 2884 jactantiam.
3164 2813 3547 2882 Quisquamne,

1957 2924 2080 2964 cum
2136 2908 2204 2964 de
2245 2921 2305 2962 se
2338 2907 2478 2975 apud
2514 2906 2748 2974 seipsum
2781 2905 3032 2974 loquitur,
3062 2902 3368 2958 erubescit?
3413 2901 3549 2968 Qu'il

1954 2997 2097 3068 quod
2125 3011 2244 3053 eam
2292 3011 2406 3050 rem
2429 2995 2560 3050 mihi
2583 2995 2886 3065 supersedit
2925 2995 3192 3064 ingerere,
3226 3008 3386 3064 quam
3410 2992 3551 3061 juste

1879 3117 1926 3181 ρ
1956 3089 2022 3144 ad
2053 3100 2340 3160 utrumque
2364 3097 2588 3144 noverat
2629 3086 2932 3157 pertinere?
2963 3087 3164 3142 Veram
3205 3101 3327 3156 ego,
3375 3094 3435 3140 ut
3464 3101 3552 3140 rc-

1965 3183 2155 3254 ligiose
2181 3181 2283 3237 ista
2334 3193 2657 3252 conqueror,
2689 3179 2761 3234 ita
2785 3179 3013 3235 libenter
3041 3181 3231 3235 omitto
3263 3197 3280 3234 :
3310 3181 3433 3250 quia
3459 3193 3554 3234 nec

1960 3274 2130 3330 amori
2186 3273 2240 3329 in
2278 3287 2377 3328 vos
2429 3287 2548 3328 meo
2598 3273 2852 3327 convenit
2901 3271 3083 3333 silere.
3129 3271 3269 3342 quod
3319 3271 3554 3335 doleam,

1961 3381 2062 3420 nec
2114 3365 2364 3421 amicitias
2419 3363 2620 3420 incussi
2668 3362 2877 3419 doloris
2930 3365 3163 3418 transire
3219 3377 3552 3419 mensuram.

1965 3458 2115 3514 Vale.

2541 3547 2752 3604 EPIST.
2799 3547 2963 3604 XVII.

2468 3673 2779 3719 εῑιωλειιυε
2816 3677 3056 3718 Αυεοκιο.

2036 3777 2376 3833 Ambrosium
2415 3776 2484 3832 de
2543 3779 2900 3832 summatibus
2953 3777 3294 3844 provincialis
3344 3777 3441 3831 fori
3492 3777 3558 3830 a-l

1965 3866 2211 3922 dominos
2253 3876 2309 3921 et
2350 3867 2618 3936 principes
2673 3878 2884 3922 nostros
2915 3867 3109 3924 Sicilia:
3159 3882 3444 3922 commune
3489 3869 3562 3919 le-

1965 3960 2131 4028 gavit,
2155 3958 2318 4012 variis
2352 3959 2671 4013 instructum
2700 3959 2986 4020 mandatis.
3017 3975 3134 4029 que
3175 3973 3420 4028 spectare
3449 3963 3561 4015 v'sa

1967 4059 2093 4103 sunt
2123 4050 2321 4105 bonum
2356 4051 2648 4120 publicum.
2703 4052 2838 4106 Iluic
2867 4053 2910 4106 si
2941 4051 3116 4106 fautor
3148 4054 3440 4107 accessoris
3471 4053 3557 4106 Tuo

1969 4147 2144 4194 turum
2183 4155 2325 4204 reor,
2357 4149 2417 4196 ut
2446 4141 2517 4194 illi
2547 4156 2645 4210 pro
2686 4142 2870 4197 labore
2919 4141 3118 4197 fructus
3171 4143 3565 4198 accommodet.

1969 4231 2162 4296 Quaaso
2191 4229 2352 4299 igitur
2384 4232 2467 4284 vel
2492 4231 2775 4298 legationis
2822 4233 3036 4298 merito,
3059 4233 3142 4286 vel
3183 4247 3302 4285 meo
3347 4232 3565 4286 nomine

1969 4320 2022 4374 in
2051 4321 2308 4388 Optimum
2355 4321 2526 4374 virum
2584 4321 2720 4375 bene
2766 4323 3049 4386 consulas,
3093 4322 3183 4390 qui
3229 4321 3358 4374 satis
3401 4323 3564 4375 animi

1972 4414 2317 4468 coolirmatus
2331 4422 2433 4477 est,
2465 4413 2716 4481 suffragio
2741 4422 2831 4466 tuo
2853 4427 3228 4468 successuram
3253 4413 3564 4468 facilitatem

286 4506 339 4552 et
358 4509 450 4551 tuo
476 4497 657 4552 studio
685 4498 801 4552 talis
824 4499 1010 4555 relatio
1035 4515 1066 4554 c
1088 4501 1366 4566 uweniret,
1396 4500 1486 4555 vix
1515 4501 1690 4554 soluto
1711 4508 1876 4564 cmtu,
1911 4489 1958 4548 ἰ)
1987 4505 2336 4577 petitionibus
2366 4507 2764 4576 promovendis.
2798 4505 2949 4562 Vale.

289 4590 516 4644 necdum
581 4589 920 4644 eventilatam
958 4589 1247 4645 auditionis
1295 4607 1427 4645 mete
1477 4590 1634 4645 fidem
1675 4591 1878 4660 judicio

289 4680 499 4737 calente
519 4681 740 4736 dictavi.
768 4681 930 4736 Movit
969 4697 1137 4736 novus
1179 4677 1419 4737 Athenagi
1454 4683 1646 4752 hospes
1668 4682 1879 4737 Latiare

296 4774 606 4838 concilium,
635 4772 916 4828 divisionis
940 4783 1073 4838 arte,
1107 4773 1472 4828 inventionum
1504 4773 1675 4843 copia,
1701 4774 1878 4843 griivi-

293 4874 400 4918 tate
424 4879 703 4930 sensuum,
736 4865 857 4920 luce
906 4867 1216 4922 verborum.
1259 4867 1521 4936 Opinione
1561 4881 1675 4920 mea
1717 4865 1875 4920 dico:

293 4964 400 5009 tam
431 4957 632 5024 probus
654 4968 734 5012 est
758 4960 1002 5013 oratione
1023 4974 1182 5028 quam
1214 4959 1473 5013 moribus.
1503 4957 1653 5012 Tunc
1675 4967 1882 5012 nostra-

297 5059 376 5107 tes
403 5050 529 5115 viri,
551 5051 638 5122 qui
665 5051 803 5106 inter
823 5066 882 5107 se
910 5052 1137 5106 aliarum
1167 5067 1348 5107 rerum
1372 5066 1515 5120 saepe
1542 5051 1884 5121 dissentiunt,

295 5145 619 5198 concordem
650 5147 968 5200 sententiam
1002 5159 1166 5214 super
1203 5144 1362 5216 hujus
1392 5146 1553 5199 laude
1580 5154 1887 5198 tenuerunt.

294 5235 476 5290 Credo
505 5237 680 5303 plane,
712 5252 810 5292 nec
841 5237 972 5292 fides
992 5253 1141 5292 cassa
1165 5246 1268 5304 est,
1291 5237 1566 5292 rhetorum
1607 5236 1747 5290 hanc
1772 5249 1894 5289 esse

296 5327 624 5396 μηδενί-ιω.
678 5330 811 5384 Nam
850 5330 1067 5399 plenum
1127 5329 1342 5400 ingenio
1398 5339 1583 5398 pectus
1631 5327 1892 5382 noscitur.

296 5418 404 5474 Nec
435 5420 586 5473 solus
608 5419 805 5484 vultus,
831 5431 920 5474 aut
949 5421 1118 5485 colos,
1146 5423 1337 5490 asserit
1362 5432 1606 5488 posteros
1634 5420 1688 5473 in
1720 5418 1890 5472 hono-

295 5527 407 5563 rem
437 5521 739 5578 parentum.
768 5512 1040 5566 Certiores
1064 5511 1225 5566 habet
1252 5523 1441 5566 natura
1473 5510 1734 5565 vindicias
1755 5509 1891 5563 bene

294 5605 582 5666 sentiendi,
611 5619 673 5657 ac
703 5603 842 5660 bene
867 5604 1142 5674 loquendi.
1164 5605 1490 5672 Gignuntur,
1516 5618 1622 5658 non
1647 5600 1892 5656 scribun-

297 5705 380 5752 tur
411 5697 682 5754 heredes.
708 5697 858 5766 Quod
885 5697 975 5753 alii
1001 5697 1286 5764 docentur,
1316 5694 1402 5751 hic
1428 5706 1584 5752 natus
1614 5703 1721 5753 est.
1767 5693 1892 5750 Ilmc

2557 4640 2769 4697 EPIST.
2813 4640 2997 4695 XVIII.

2483 4768 2792 4809 SYIMACHUS
2831 4769 3074 4809 Αυεοκιο.

2057 4871 2171 4940 Ego
2195 4871 2294 4925 etsi
2319 4871 2588 4926 continuis
2619 4870 2813 4926 litteris
2837 4870 3094 4924 honorem
3125 4877 3271 4923 tuum
3301 4868 3576 4925 celebrare

1988 4980 2233 5033 possem;
2268 4980 2372 5018 non
2405 4964 2535 5018 satis
2573 4964 2700 5019 mihi
2735 4964 2946 5018 viderer
2975 4977 3232 5030 proquam
3263 4977 3350 5016 res
3396 4973 3579 5031 postu-

1994 5058 2103 5124 lat,
2138 5058 2280 5125 fungi
2313 5057 2552 5112 debitum
2586 5072 2762 5111 meum
2793 5072 2807 5109 :
2839 5065 3041 5110 tantmn
3069 5055 3215 5108 abest
3235 5096 3250 5119 ,
3280 5064 3335 5108 ut
3359 5070 3578 5125 operam

1995 5149 2326 5203 assiduitatis
2352 5147 2693 5213 exprobrem.
2725 5147 2830 5202 Sed
2863 5158 2916 5200 ut
2947 5147 3048 5200 hoc
3087 5160 3220 5199 meae
3248 5146 3580 5200 verecundiae

1998 5238 2283 5306 competit;
2315 5238 2384 5292 ita
2413 5247 2518 5291 tute
2559 5237 2904 5292 humanitatis
2934 5247 3046 5299 est,
3079 5236 3310 5290 studium
3339 5246 3577 5289 nostrum

2001 5333 2114 5401 pari
2143 5331 2307 5399 gratia
2331 5328 2616 5382 sustinere.
2641 5328 3018 5382 Animadverte
3041 5343 3146 5398 quo
3173 5329 3353 5381 tendat
3373 5342 3576 5381 summa

1995 5420 2309 5476 verborum.
2341 5418 2663 5473 Iamdudum
2715 5418 2842 5472 nihil
2891 5419 3106 5482 trilnris,
3150 5419 3290 5489 quod
3323 5418 3580 5484 legamus.

1997 5512 2190 5566 Totum
2222 5525 2338 5576 me,
2374 5511 2618 5578 inquies,
2649 5509 2998 5582 emapcipavit
3043 5509 3143 5564 sibi
3171 5524 3296 5562 cura
3327 5507 3581 5574 praetorii.

1999 5601 2201 5658 Verum
2227 5609 2332 5655 est.
2364 5599 2558 5654 Potiris
2586 5600 2780 5654 merito
2807 5614 3013 5654 summa
3040 5598 3260 5667 judicia.
3284 5595 3389 5650 Sed
3419 5597 3583 5649 maxi-

1999 5708 2116 5750 mas
2162 5691 2358 5764 ingenii
2413 5691 2491 5748 tui
2536 5691 2677 5750 vires
2719 5689 2936 5749 fortuna
2987 5702 3176 5759 magna
3222 5700 3329 5745 non
3373 5696 3586 5746 onerat.
