4132 6176
522 253 626 311 155

1767 254 1831 321 ρ.
1877 253 2153 310 Αυιιειιι
2193 253 2542 310 SYMltlAClll

3689 256 3785 311 I56

523 365 752 421 Proinde
771 365 864 418 his
893 365 1055 420 etiam
1089 365 1248 419 rebus
1290 363 1537 430 intende,
1571 378 1690 431 qua:
1734 360 1804 414 ita
1834 362 2106 431 occupatis
2137 363 2180 421 Α
2212 361 2430 418 morbus
2471 363 2745 430 exhausit,
2781 366 2971 422 itiones
2999 368 3184 438 longas
3213 378 3264 422 et
3305 370 3607 423 man-innes
3632 385 3785 438 aspe—

524 476 556 513 n
582 457 653 510 hil
682 456 938 511 molestia:
963 455 1216 523 aﬂ'erunt,
1244 466 1300 510 ut
1323 455 1464 524 ipsas
1490 453 1762 508 molestias
1790 453 2104 524 plerumque

528 552 785 606 solentur.
821 549 966 603 Vale.

1119 619 1332 674 EPIST.
1373 617 1512 671 XIX.

1016 723 1324 764 SYMIACIIUS
1361 721 1606 762 AUSONIO.

601 821 703 887 Qui
731 835 823 876 sua
854 820 1042 874 fiducia
1065 821 1402 884 deseruntur,
1426 819 1676 889 epistolas
1699 834 1845 874 meas
1871 818 1924 872 in
1952 832 2104 873 usum

530 912 1009 968 commendationis
1037 913 1323 980 accipiunt.
1363 911 1418 966 Id
1468 927 1607 966 nunc
1651 912 1806 964 aliter
1835 918 1936 964 est.
1977 909 2108 962 Nam

531 1003 678 1056 fratri
709 1019 826 1056 meo
856 1002 1029 1056 Potito
1059 1002 1157 1056 hac
1177 1003 1484 1056 conditione
1514 1001 1718 1054 littrras
1747 1000 1899 1061 dedi,
1935 1008 1992 1052 ut
2016 1013 2111 1052 eas

533 1097 646 1162 ipse
675 1094 1032 1148 commendet.
1072 1094 1168 1147 Est
1195 1094 1337 1147 enim
1380 1092 1548 1146 nihilo
1593 1093 1767 1146 secius
1811 1100 1968 1156 atque
2009 1104 2118 1158 ego

532 1203 648 1240 sum
685 1187 750 1238 de
795 1185 1146 1238 summatibus
1185 1183 1476 1237 amicorum
1521 1191 1767 1237 tuorum:
1801 1181 1888 1250 qui
1925 1179 2014 1234 ubi
2057 1189 2109 1233 te

532 1284 832 1338 compotem
876 1273 1060 1326 fecerit
1107 1273 1402 1339 praesentia:
1431 1287 1570 1336 suae,
1603 1287 1791 1325 vereor
1834 1287 1900 1323 ne
1947 1285 2111 1323 excu-

535 1362 672 1416 satio
701 1379 814 1416 mea
849 1362 1174 1430 ignoscenda
1212 1377 1314 1415 non
1347 1362 1434 1417 sit.
1466 1361 1568 1415 Sed
1597 1361 1640 1415 si
1672 1361 1798 1414 mihi
1835 1359 2110 1427 placabili-

536 1466 620 1506 tas
649 1466 734 1506 tua
768 1455 1099 1521 experiundo
1125 1454 1287 1516 probe
1315 1453 1526 1522 cognita
1559 1462 1638 1505 est
1659 1497 1672 1517 ,
1707 1451 1938 1503 futurum
1967 1465 2107 1511 reor,

537 1560 641 1597 non
685 1555 739 1596 ut
773 1560 886 1608 tne,
919 1543 1007 1610 qui
1034 1543 1243 1607 resedi,
1289 1543 1574 1596 collatione
1602 1541 1822 1595 alterius
1853 1540 2111 1596 venientis

535 1635 808 1700 incessus,
835 1634 927 1688 sed
969 1641 1025 1687 ut
1056 1634 1200 1687 illum
1241 1633 1409 1704 magis
1439 1649 1535 1703 pro
1572 1645 1796 1701 utroque
1829 1632 2108 1701 suscipias.

538 1725 684 1782 Vale.
1437 1759 1442 1764 -

1135 1794 1349 1850 EPIST.
1393 1794 1506 1848 XX.

1032 1899 1335 1939 SHIMACIIUS
1377 1898 1620 1938 AUSONIO.

607 1997 835 2052 Abunde
866 1998 1080 2067 gaudio,
1104 2013 1223 2051 cum
1252 2005 1302 2050 te
1323 1995 1594 2050 consulem
1629 2010 1796 2050 novus
1824 2011 1996 2050 annus
2018 2011 2115 2048 ev-

537 2089 718 2156 cipiat.
755 2089 856 2141 Sed
891 2102 1030 2141 nunc
1071 2097 1375 2141 transcurso
1403 2095 1486 2142 est
1528 2101 1683 2156 opus.
1733 2087 1944 2141 Plenius
1971 2091 2119 2140 enirn-

536 2181 783 2235 secnnalis
822 2180 1008 2234 litteris
1051 2181 1390 2234 contestabor
1419 2177 1721 2246 hujnsmodi
1749 2179 1816 2233 de
1857 2188 1906 2233 te
1935 2188 2107 2249 graluo

539 2272 809 2326 lationem.
842 2273 994 2327 Alius
1031 2273 1082 2326 in
1130 2273 1410 2341 prtesentia
1445 2270 1574 2325 mihi
1622 2285 1800 2324 sermo
1828 2271 2116 2324 sumendus

538 2372 641 2416 est.
678 2361 956 2415 Patroinus
982 2377 1031 2416 c.
1063 2377 1111 2416 v.
1140 2363 1315 2417 accitu
1348 2371 1437 2416 tuo
1465 2362 1564 2416 iter
1593 2361 1860 2414 adornans
1879 2401 1894 2426 ,
1924 2361 1973 2414 in
2003 2377 2114 2414 re.n

539 2469 687 2511 suam
722 2452 833 2510 fore
861 2456 1218 2521 existimavit,
1264 2455 1309 2509 si
1343 2471 1462 2509 meo
1493 2453 1797 2508 testim0nio
1839 2452 2114 2506 niteretur.

542 2544 678 2598 Iluic
707 2560 806 2613 ego
835 2546 966 2600 nihil
999 2561 1092 2614 per
1125 2561 1209 2599 tne
1238 2559 1576 2599 accessurum
1614 2542 1786 2611 putavi
1815 2559 1827 2594 :
1859 2549 1914 2594 et
1940 2551 2116 2595 tamen

540 2635 732 2690 deesse
763 2636 928 2699 nolui,
956 2652 996 2691 Si
1017 2637 1348 2704 iensjudicio
1374 2651 1496 2706 erga
1525 2634 1669 2688 illum
1693 2643 1782 2688 tuo
1813 2633 1939 2686 nihil
1961 2633 2115 2702 adjici

541 2739 700 2793 posse
730 2726 774 2779 si
810 2727 1129 2792 scriberem;
1161 2729 1500 2782 decessurum
1546 2734 1722 2780 tamen
1765 2724 1966 2795 aliquid
1999 2739 2119 2778 meo

541 2815 736 2884 officio,
767 2817 810 2870 si
843 2828 1094 2872 tacerem.
1134 2821 1305 2872 Unum
1337 2827 1418 2871 est
1448 2816 1623 2884 igitur,
1657 2815 1798 2886 quod
1827 2826 2033 2868 oratum
2067 2822 2119 2868 te

541 2918 698 2978 atque
729 2923 1006 2965 exoratum
1031 2913 1176 2972 volo,
1203 2918 1259 2964 ut
1289 2911 1430 2964 ineat
1453 2909 1674 2979 gratiam
1709 2908 1939 2976 suscepti
1972 2908 2119 2959 labo-

542 3001 649 3068 ris,
684 3009 875 3070 prwtcr
899 3017 1021 3056 eum
1058 3000 1284 3056 fructum
1305 3041 1319 3065 ,
1351 2999 1437 3070 qui
1480 2999 1551 3052 illi
1579 3015 1641 3053 ex
1678 3008 1767 3052 tuo
1797 3009 2114 3068 compectu,

551 3101 643 3147 tuo
671 3108 964 3163 congressu
1017 3104 1106 3147 tuo
1131 3093 1356 3158 honore,
1390 3092 1686 3160 proveniet.
1715 3091 1866 3146 Vale.

1134 3200 1350 3280 EPIST.
1391 3225 1532 3279 xxi.

1037 3352 1342 3392 SYMMACUCS
1382 3352 1619 3392 AllSONlO.

621 3467 766 3523 Bene
812 3482 873 3522 ac
916 3469 1184 3538 sapienter
1229 3467 1458 3536 majores
1507 3467 1708 3533 nostri,
1756 3477 1814 3522 ut
1860 3477 1985 3522 sunt
2021 3469 2122 3521 alia

549 3559 724 3614 aetatis
754 3559 916 3624 illius,
948 3561 1091 3612 aedes
1115 3559 1312 3612 llonori
1333 3569 1492 3628 atque
1516 3559 1708 3612 Virtuti
1737 3559 1958 3628 gemella
1991 3557 2125 3614 facie

545 3650 768 3720 jnnctim
796 3649 1068 3714 locarunt;
1101 3650 1405 3714 commenti,
1434 3648 1574 3719 quod
1601 3651 1652 3704 in
1689 3659 1741 3728 te
1765 3649 2027 3713 videmus,
2053 3649 2123 3704 ibi

541 3758 670 3797 esse
714 3742 930 3812 praemia
962 3741 1212 3807 honoris,
1245 3743 1331 3796 ubi
1361 3750 1487 3796 sunt
1529 3744 1717 3797 merita
1749 3743 1973 3797 virtutis.
2017 3741 2125 3797 Sed

546 3835 689 3889 enim
720 3843 934 3902 propter
962 3848 1054 3888 eas
1077 3830 1452 3888 Catnmnarum
1479 3833 1668 3900 religio
1693 3848 1846 3887 sacro
1879 3834 2006 3886 fonti
2033 3833 2125 3886 ad-

548 3925 804 3988 vertitur;
835 3925 955 3994 quia
1002 3924 1104 3979 iter
1127 3924 1192 3978 ad
1222 3923 1579 3992 capessendos
1613 3911 1953 3992 magistratus
1983 3939 2126 3992 stepe

548 4013 742 4075 litteris
768 4024 1130 4084 promovetur.
1163 4015 1286 4070 time
1315 4029 1592 4083 parentum
1622 4016 1859 4070 instituta
1883 4017 2127 4070 consula-

550 4115 636 4160 tus
660 4105 736 4160 tui
764 4115 1079 4176 argumenta
1107 4118 1230 4161 sunt
1258 4125 1272 4160 :
1301 4107 1386 4162 cui
1415 4122 1620 4162 morum
1641 4108 1871 4177 gravitas
1895 4118 1949 4163 et
1968 4107 2126 4162 disci-

552 4197 811 4266 plinarum
843 4207 1080 4252 vetustas
1098 4237 1114 4263 ,
1145 4198 1349 4253 curulis
1376 4199 1522 4253 sellae
1551 4199 1756 4269 insigne
1783 4209 2120 4269 pepererunt.

549 4287 696 4344 Multi
725 4290 946 4358 posthac
971 4289 1278 4346 adnitentur
1311 4303 1455 4346 artes
1485 4292 1651 4347 bonas
1673 4332 1689 4356 ,
1716 4303 1770 4346 et
1799 4293 1978 4348 laudes
2005 4307 2128 4362 ger-

550 4393 736 4433 manas
761 4389 816 4435 et
843 4395 1018 4435 meras
1061 4382 1286 4436 litteras.
1316 4383 1408 4437 Sin
1441 4383 1748 4452 ignoramus
1785 4383 2028 4450 Magnum
2059 4383 2123 4436 il-

2208 467 2316 520 ras,
2341 461 2449 506 tum
2472 455 2808 510 accessiones
2828 455 3102 526 frigorum,
3123 469 3178 514 et
3198 460 3538 514 decessiones
3554 458 3784 525 dierum,

2207 561 2430 616 qumque
2457 547 2556 601 alia
2585 557 2708 601 sunt
2741 563 2894 602 noxa:
2923 559 3219 618 opportuna
3252 551 3431 604 vitavi.
3465 552 3518 604 Si
3545 565 3662 603 sum
3692 550 3786 606 tibi

2206 647 2476 704 spectatus
2505 654 2570 692 ex
2600 639 2808 704 animo,
2839 654 3023 708 quasso
3054 648 3112 694 ut
3135 657 3318 704 manus
3342 642 3415 695 sis
3441 641 3597 703 mihi,
3627 650 3788 710 atque

2209 727 2304 780 has
2333 728 2676 798 allegationes
2713 729 2834 784 boni
2878 731 3147 785 consulas.
3179 730 3310 785 Fors
3355 731 3493 795 fuat,
3536 747 3602 785 au
3645 731 3788 786 obti-

2211 834 2430 874 neamus
2451 820 2587 888 apud
2612 831 2664 876 te
2681 831 2911 877 veterem
2930 823 3154 895 gratiam
3177 841 3190 876 :
3218 838 3356 878 nunc
3373 822 3512 892 quod
3532 823 3664 878 satis
3683 831 3788 888 est,

2211 910 2504 966 cluctemur
2528 911 2807 967 oll‘ensam.

2782 1027 3000 1083 EPIST.
3042 1027 3211 1082 XXII.

2660 1169 2669 1177 -
2702 1150 3008 1192 SVMMACHUS
3043 1151 3283 1192 AUSONIOs

2284 1246 2500 1302 Gaudeo
2528 1261 2612 1301 me
2639 1248 2729 1302 tibi
2759 1249 2923 1317 pluris
2943 1265 3084 1312 esse.
3108 1265 3266 1319 quam
3290 1260 3513 1305 cteteros
3537 1265 3562 1305 :7
3579 1249 3796 1318 quando

2215 1337 2285 1390 ita
2315 1338 2580 1391 animatus
2609 1353 2667 1393 es
2688 1381 2703 1403 ,
2737 1348 2791 1392 ut
2823 1348 3025 1408 sponte
3051 1340 3103 1394 in
3145 1355 3255 1395 rem
3307 1355 3478 1395 meam
3508 1342 3790 1404 consulas,

2214 1443 2313 1482 nec
2346 1431 2641 1498 opperiaris
2672 1431 2985 1498 petitiOnes,
3018 1431 3113 1487 sed
3144 1433 3312 1487 solam
3342 1433 3630 1487 voluntatis
3660 1449 3794 1489 mea)

2215 1519 2408 1573 famam
2455 1524 2724 1591 sequaris.
2787 1524 2980 1588 Accepi
3030 1525 3335 1580 evectiones
3389 1532 3651 1594 quatuor,
3700 1526 3795 1580 im-

2217 1626 2375 1664 mane
2416 1622 2672 1681 quantum
2717 1614 3026 1669 commodas
3067 1615 3120 1668 in
3167 1631 3425 1670 excursus
3453 1623 3504 1669 et
3550 1630 3796 1670 recursus

2149 1727 2190 1784 Β
2219 1717 2481 1755 mearum.
2515 1702 2595 1756 Dii
2623 1712 2674 1757 te
2701 1719 2798 1771 pro
2829 1714 2970 1758 tanta
2993 1705 3160 1774 gratia
3189 1716 3536 1761 munerentur
3560 1725 3572 1760 :
3599 1713 3654 1762 et
3675 1709 3796 1775 quia

2219 1791 2472 1864 perfectis
2502 1802 2666 1862 atque»
2691 1795 2846 1849 elatis
2886 1795 2937 1850 in
2965 1796 3239 1851 cumulum
3280 1796 3436 1850 bonis
3476 1796 3605 1851 nihil
3641 1797 3796 1864 adiici

2214 1895 2417 1955 potest,
2451 1887 2614 1943 velint
2661 1896 2772 1943 tuta
2812 1903 3059 1959 manere,
3089 1900 3143 1946 et
3183 1891 3425 1960 propria,
3469 1905 3588 1962 qua:
3627 1889 3797 1948 dede-

2219 1985 2364 2031 runt.
2397 1975 2550 2032 Vale.

2780 2047 2998 2104 EPIST.
3047 2047 3236 2105 XXIII.

2717 2177 3023 2219 SYIMACIIUS
3061 2179 3306 2220 AUSONIO.
3585 2175 3624 2184 “’

2301 2291 2427 2345 Post
2456 2293 2669 2361 longum
2705 2293 2975 2349 silentium
3013 2304 3159 2350 tuttm
3189 2313 3294 2351 non
3326 2299 3502 2353 minus
3530 2294 3804 2355 desidera-

2223 2380 2342 2434 bam
2371 2397 2530 2450 qnam
2558 2384 2835 2452 sperabam
2883 2386 3085 2440 litteras
3139 2387 3426 2456 longiores.
3453 2389 3688 2460 Namque
3712 2393 3793 2447 his
3833 2414 3838 2418 α

2219 2473 2420 2528 vicibus
2448 2475 2676 2530 humana
2701 2477 2993 2542 variantur,
3021 2487 3076 2531 ut
3101 2478 3326 2534 defectui
3355 2481 3606 2535 succedat
3634 2484 3794 2537 uber-

2220 2573 2321 2617 tas.
2354 2565 2428 2618 Ea
2459 2581 2542 2619 me
2566 2566 2746 2635 opinio
2770 2566 2962 2622 frustra
2995 2567 3184 2623 habuit
3213 2586 3226 2622 :
3257 2569 3521 2638 siquidem
3548 2571 3726 2626 brevis
3754 2573 3806 2629 in

2221 2670 2412 2710 manus
2453 2671 2598 2712 meas
2643 2659 2830 2728 pagina
2879 2674 3068 2713 recens
3097 2674 3126 2712 a
3169 2669 3220 2714 te
3260 2659 3494 2730 profecta
3547 2663 3806 2730 pervenit.

2223 2745 2352 2800 Erat
2387 2736 2609 2814 quidem
2657 2747 2750 2801 illa
2802 2749 2991 2803 Atticis
3029 2749 3230 2805 Salibus
3271 2764 3483 2816 aspersa
3529 2762 3582 2806 et
3626 2752 3807 2825 thymo

2221 2835 2417 2900 odora;
2449 2835 2542 2890 sed
2577 2839 2808 2906 parcior,
2838 2854 2958 2907 qua:
2987 2839 3155 2906 magis
3184 2839 3451 2894 fastidium
3477 2841 3807 2912 detergeret,

2225 2941 2382 2997 quam
2411 2927 2600 2983 famem
2636 2929 2924 2999 frangeret.
2956 2930 3129 2997 Quid?
3157 2932 3200 2985 si
3227 2946 3329 3001 ego
3353 2946 3534 2987 canas
3553 2933 3806 3005 dapsiles,

2226 3026 2280 3072 et
2301 3018 2497 3073 saliare
2535 3021 2831 3075 convivium
2854 3064 2869 3090 ,
2900 3029 3008 3075 tum
3043 3023 3447 3089 viscerationes,
3471 3033 3631 3093 atque
3669 3040 3800 3094 epuv

2151 3082 2198 3146 (ἶ
2229 3107 2336 3162 lum
2370 3108 2766 3176 postulassem:
2801 3121 2856 3164 tu
2897 3111 3024 3164 mihi
3058 3126 3272 3165 mensas
3299 3112 3591 3174 secundas,
3623 3123 3678 3168 et
3705 3113 3809 3168 sci-

2228 3207 2458 3252 tamenta
2483 3197 2693 3268 exigua:
2717 3199 2885 3254 lancis
2905 3201 3236 3269 api‘oneres?
3264 3200 3369 3256 Fac
3388 3203 3560 3255 veniat
3585 3202 3637 3256 in
3661 3219 3809 3256 mett-

2229 3299 2373 3357 tem,
2424 3293 2549 3360 quid
2600 3289 2786 3346 Graeca
2834 3304 2996 3362 super
3047 3293 3148 3348 hoc
3195 3293 3332 3348 dicat
3383 3295 3573 3347 oratio.
3631 3293 3810 3349 Paleis

2227 3383 2583 3446 nutrimentis,
2628 3382 2829 3450 inquit,
2872 3399 3162 3451 quanquam
3197 3401 3227 3437 a
3266 3396 3426 3438 morte
3463 3385 3808 3454 defendimur,

2227 3471 2357 3525 nihil
2385 3483 2552 3526 tamen
2573 3473 2640 3526 ad
2663 3473 2920 3526 robustam
2945 3471 3287 3528 valetudinem
3311 3491 3682 3541 promerentur.
3708 3475 3812 3529 Ρῦ-

2228 3571 2378 3618 tasne
2428 3579 2512 3619 me
2569 3565 2639 3620 de
2686 3567 3124 3632 occupationibus
3175 3568 3277 3620 tuis
3323 3581 3442 3622 esse
3494 3569 3811 3622 taciturum?

2231 3654 2476 3719 Qumstor
2503 3669 2582 3720 es,
2613 3656 2830 3710 memini
2860 3674 2871 3708 :
2895 3657 3106 3710 consilii
3132 3653 3326 3726 regalis
3349 3658 3634 3726 particeps,
3658 3649 3771 3711 scio
3794 3677 3809 3714 :

2228 3743 2366 3796 adde
2398 3744 2502 3796 huc
2529 3744 2631 3798 alia
2664 3745 2809 3800 mille
2841 3761 3040 3800 rerum.
3085 3747 3365 3814 Nunquam
3397 3748 3600 3809 evenit,
3638 3758 3693 3801 ut
3724 3749 3809 3802 in.-

2227 3833 2442 3900 genium
2476 3841 2621 3885 tuum
2665 3832 2817 3887 labor
2855 3833 3094 3897 deterat,
3145 3835 3524 3903 benignitatem
3561 3851 3685 3890 cura
3717 3837 3807 3891 fle-

2228 3930 2369 3987 ctat,
2418 3921 2716 3976 facundiam
2749 3938 2876 3978 usus
2924 3923 3228 3979 exhauriat.
3266 3925 3322 3978 Si
3368 3924 3554 3979 diurna
3601 3927 3810 3994 negotia

2229 4024 2500 4078 nunquam
2529 4009 2823 4080 distingues
2851 4011 3058 4080 quiete;
3085 4019 3234 4066 certe
3273 4011 3590 4067 antelucano
3619 4029 3810 4069 soouio

2230 4101 2408 4155 nullus
2438 4101 2756 4170 indulseris,
2806 4112 2866 4157 ut
2893 4101 3049 4157 detur
3088 4103 3301 4173 aliquod
3353 4116 3558 4173 tempus
3597 4104 3806 4159 ofliciis.

2236 4193 2318 4246 An
2349 4194 2440 4245 tibi
2473 4207 2658 4261 parum
2699 4193 2925 4262 exempli
2959 4193 3164 4248 videtur
3195 4194 3244 4246 in
3275 4195 3481 4248 comico
3506 4236 3520 4256 ,
3555 4211 3670 4247 cum
3701 4196 3805 4248 ait:

2234 4285 2398 4349 Quam
2430 4285 2643 4350 vellem,
2688 4285 2840 4338 etiam
2878 4295 3029 4338 noctu
3070 4285 3247 4339 amicis
3289 4301 3494 4355 Operam
3535 4303 3642 4340 mos
3684 4296 3810 4339 esset

2232 4378 2348 4430 dari
2363 4378 2381 4430 !
2409 4376 2513 4432 Sed
2540 4393 2634 4432 cur
2662 4392 2762 4446 ego
2783 4377 2980 4431 diutius
3000 4377 3264 4432 sermonis
3291 4392 3492 4447 pauper
3511 4377 3812 4446 obgannio?

551 4469 684 4532 lum,
711 4472 861 4539 cujus
889 4487 1049 4539 supra
1081 4482 1260 4528 votum
1289 4447 1500 4528 fortuna
1528 4476 1701 4540 ﬂuxit,
1733 4447 2000 4545 Stagiritze
2027 4489 2124 4530 suo
2153 4447 2210 4506 Β
2234 4468 2486 4522 ιιῐιὶιειηάιι
2530 4476 2614 4523 est
2657 4467 2784 4522 mihi
2831 4468 3052 4537 epistola
3098 4483 3316 4530 reconS.
3369 4478 3424 4522 ul
3467 4475 3660 4522 caetera
3691 4485 3811 4522 m0-

555 4561 777 4616 nihilum
802 4562 1171 4618 commodasse
1191 4604 1208 4629 ,
1233 4565 1334 4620 nisi
1361 4565 1556 4632 Quinto
1589 4565 1761 4619 Ennio
1785 4582 1849 4620 ex
1880 4567 2126 4621 rﬂolieis

554 4651 820 4706 tnanubiis
847 4655 1049 4719 captiva
1084 4652 1326 4723 chlamys
1356 4663 1556 4708 tantum
1600 4656 1806 4709 muneri
1836 4657 1956 4710 data
2000 4657 2126 4709 Ful-

555 4742 703 4796 vium
731 4741 1019 4797 decolorat.
1052 4743 1334 4797 Enimvero
1364 4759 1535 4813 neque
1581 4745 1815 4799 Panaetio
1852 4746 2130 4801 Africano-

555 4846 678 4886 rum
723 4831 1017 4896 secundus,
1067 4848 1240 4902 neque
1275 4833 1451 4903 Opillo
1497 4834 1752 4899 Rutilius,
1800 4837 1885 4890 vel
1931 4838 2127 4908 (lynca:

561 4923 820 4996 Pyrrhus,
847 4934 939 4980 aut
967 4926 1271 4982 Metrodoro
1299 4943 1396 4983 suo
1425 4928 1756 4984 Mithridates
1783 4929 2033 4986 Ponticus
2061 4933 2131 4987 Ii-

558 5019 817 5074 bera‘ium
863 5019 1264 5109 disciplinarum
1313 5024 1478 5090 pretia
1527 5023 1822 5078 solverunt.
1875 5027 1943 5078 At
1991 5039 2132 5080 nunc

463 5127 465 5129 ‘
560 5109 952 5166 eruditissimus
974 5111 1282 5180 imperator,
1313 5123 1367 5167 et
1386 5127 1544 5179 opum
1569 5113 1745 5182 largus
1767 5123 1821 5169 et
1847 5117 2130 5178 honorum,

559 5201 708 5270 quasi
739 5215 834 5269 pro
864 5215 1022 5254 usura
1053 5201 1143 5256 tibi
1171 5205 1386 5270 praemia
1415 5203 1698 5268 detulerit,
1731 5206 1801 5258 ita
1832 5221 1991 5274 super
2017 5221 2134 5260 sor-

561 5301 667 5345 tem
702 5291 903 5347 fenoris
939 5292 1129 5348 reddit.
1165 5295 1218 5348 In
1249 5293 1348 5348 hac
1379 5304 1524 5348 tanta
1549 5296 1725 5350 lietitia
1756 5312 1870 5352 mea
1894 5340 1908 5364 ,
1942 5300 2134 5368 quibus

566 5384 742 5439 verbis
768 5383 966 5437 diluam
985 5425 1000 5449 ,
1034 5384 1173 5454 quod
1203 5385 1393 5441 adesse
1423 5402 1526 5441 non
1570 5390 1820 5456 possunt?
1845 5389 2013 5444 Nimis
2041 5405 2134 5445 ve-

563 5487 707 5538 reor,
755 5489 823 5528 ne
868 5473 1006 5528 male
1053 5473 1435 5544 interpretatus
1480 5478 1876 5534 excusationem
1925 5493 2133 5547 meam,

565 5574 816 5630 quantum
847 5566 940 5620 tibi
965 5568 1200 5636 gratuler
1225 5583 1412 5637 parum
1447 5569 1656 5625 credas.
1687 5569 1876 5638 Optavi
1915 5572 1982 5626 ad
2011 5586 2140 5627 ocu-

565 5651 648 5708 los
675 5662 792 5710 tuos
830 5658 1019 5728 raptim
1049 5659 1231 5716 venire
1259 5678 1272 5717 :
1305 5661 1399 5718 sed
1431 5659 1603 5719 fessus
1634 5661 1856 5731 virium,
1889 5679 2018 5735 quas
2049 5664 2136 5722 diu

2233 4575 2348 4614 rum
2392 4568 2599 4613 tuorum
2636 4560 2813 4614 :fortc
2850 4567 3137 4628 occupatus
3179 4573 3395 4613 recusas
3441 4559 3648 4614 litteras
3696 4559 3816 4612 Ion-

2233 4651 2427 4719 gioves.
2465 4650 2517 4704 Id
2547 4651 2616 4704 ita
2640 4666 2760 4706 esse
2796 4659 2942 4707 recte
2967 4650 3232 4720 conjecto.
3274 4650 3437 4705 Video
3465 4651 3626 4716 enim,
3652 4649 3812 4721 quam

2235 4741 2372 4794 nolis
2402 4743 2566 4796 multa
2593 4743 2769 4811 legere
2789 4785 2804 4810 ,
2834 4743 2918 4797 cui
2947 4741 3038 4797 vix
3070 4750 3154 4798 est
3191 4743 3359 4797 otium
3393 4758 3556 4813 pauca
3587 4742 3812 4799 dictare.

2241 4831 2385 4886 Vale.

2806 4901 3023 4958 EPIST.
3055 4901 3247 4958 XXIV.

2733 5031 3042 5072 SYMMACIIUS
3080 5031 3319 5072 AUSONIO.

2305 5128 2361 5184 Si
2391 5139 2441 5184 te
2469 5144 2619 5184 amor
2650 5128 2810 5184 habet
2835 5131 3091 5185 naturalis
3123 5129 3362 5184 historiae
3404 5145 3562 5200 quam
3613 5130 3814 5186 Plinius

2236 5220 2559 5285 elaboravit,
2591 5236 2657 5274 en
2688 5221 2781 5274 tibi
2810 5221 3045 5287 libellos,
3077 5238 3303 5289 quorum
3335 5231 3699 5291 praesentanea
3728 5240 3811 5278 co-

2240 5312 2322 5378 pia
2355 5311 2450 5364 fuit
2476 5329 2489 5362 :
2517 5310 2568 5364 in
2600 5311 2740 5380 quis,
2776 5319 2832 5364 ut
2857 5312 3088 5367 arbitror
3111 5314 3382 5383 opulenta:
3409 5315 3693 5369 eruditioni
3719 5325 3820 5370 tua:

2239 5401 2511 5469 negligens
2559 5401 2800 5455 veritatis
2849 5403 3098 5458 librarius
3148 5403 3471 5472 diSplicebit.
3532 5405 3638 5460 Sed
3686 5405 3817 5461 mihi

2239 5490 2410 5543 fraudi
2433 5505 2537 5544 non
2566 5494 2668 5544 erit
2695 5492 3088 5550 emendationis
3119 5495 3342 5550 incuria.
3367 5495 3524 5551 Malui
3551 5496 3694 5552 enim
3722 5497 3816 5550 tibi

2241 5579 2453 5648 probari
2482 5581 2584 5635 mei
2618 5584 2856 5641 muneris
2884 5584 3193 5651 celeritate,
3245 5601 3405 5656 quam
3442 5587 3599 5644 alieni
3639 5589 3824 5658 operis

2242 5669 2506 5728 examine.
2542 5669 2689 5726 Vale.
