4132 6176
324 312 421 367 15⁸1

899 416 1114 474 EPIST.
1145 415 1314 470 XXV.

807 543 1112 582 δηιηοιιυε
1151 539 1392 580 Αυεοκιο.

387 643 495 698 Etsi
526 641 842 711 plerumque
872 652 1000 692 vera
1027 647 1110 692 est
1139 637 1274 703 apud
1305 645 1556 704 parentes
1585 633 1892 702 pradicatio

314 736 538 788 filiorum
557 772 575 798 ,
617 731 800 784 nescio
825 743 930 798 quo
959 738 1136 782 tamen
1166 736 1321 794 pacto
1352 727 1731 779 detrimentum
1772 737 1889 776 me-

313 827 398 879 riti
432 823 514 878 sui
561 824 779 890 patitur,
821 821 945 874 dum
987 833 1334 888 personarum
1384 827 1627 886 spectare
1664 816 1889 884 gratiam

312 917 596 986 iudicatur.
644 913 839 981 Quer
884 913 1044 982 igitur
1092 911 1324 964 incertus
1369 909 1563 972 animi,
1599 923 1716 976 quae
1761 907 1888 961 mihi

312 1023 453 1062 nunc
481 1007 815 1076 potissimum
843 1018 1008 1071 super
1033 1002 1151 1056 viro
1177 1001 1295 1054 bon'
1320 1001 1472 1054 rabili
1501 999 1778 1054 Tlialasso
1797 1014 1890 1067 ge-

312 1116 443 1155 nero
467 1109 559 1152 tuo
586 1098 747 1150 verba
790 1095 1045 1149 sumenda
1078 1094 1203 1147 sint.
1247 1092 1309 1147 Si
1352 1107 1508 1161 parce
1538 1107 1740 1145 morum
1774 1090 1890 1158 ejus

310 1193 504 1246 decora
533 1189 819 1256 attingam,
859 1187 1039 1240 liventi
1081 1185 1271 1238 similis
1297 1183 1600 1238 testiimabor
1630 1199 1645 1235 :
1675 1180 1719 1234 si
1747 1181 1889 1248 iuste

309 1297 623 1352 presequar,
656 1295 751 1334 ero
778 1279 1050 1347 proximus
1082 1277 1393 1332 blandienti.
1432 1277 1684 1330 lutitabor
1726 1275 1888 1343 igitur

309 1371 618 1428 Sallustiani
663 1369 956 1424 testimonii
1008 1369 1432 1436 castigationem.
1487 1366 1660 1420 llabes
1713 1367 1885 1418 virum

308 1464 529 1531 dignum
569 1471 650 1527 te,
690 1473 742 1516 et
773 1477 870 1531 per
903 1472 953 1514 te
994 1461 1192 1514 familia
1233 1459 1534 1521 consulari;
1581 1473 1736 1527 quem
1781 1457 1886 1512 for-

308 1566 439 1608 tuna
469 1555 655 1608 honori
691 1555 852 1620 patris
887 1553 1142 1621 majorem
1182 1551 1456 1606 beneficiis
1499 1551 1613 1605 suis
1652 1549 1883 1618 reperit,

307 1643 618 1700 emendatio
663 1644 828 1698 animi
873 1651 930 1698 et
973 1642 1227 1698 sanctitas
1273 1641 1562 1695 honoribus
1590 1640 1886 1710 teqripara-

309 1735 409 1791 tir.
438 1733 587 1790 Vale.

868 1820 1086 1877 EPIST.
1127 1819 1312 1875 XXVI.

805 1951 1112 1991 δῑιηιλειιυε
1150 1949 1392 1989 Δι’δοκιο.

377 2050 516 2105 Utor
541 2048 680 2118 apud
713 2056 764 2102 te
791 2046 1000 2110 fiducia,
1024 2061 1180 2116 quam
1211 2046 1424 2101 dedisti.
1460 2044 1666 2099 Dudum
1695 2059 1888 2114 parcus

309 2155 366 2196 es
408 2142 746 2202 litterarum,
792 2139 884 2192 sed
915 2154 1020 2192 non
1061 2137 1312 2190 imitabor
1339 2137 1640 2205 exemplum
1673 2155 1685 2189 :
1719 2147 1775 2190 ut
1801 2137 1890 2205 qui

310 2235 576 2300 noverim,
603 2234 718 2287 viro
745 2232 795 2286 iri
819 2232 1032 2300 specula
1058 2233 1320 2286 honorum
1351 2232 1543 2296 locato,
1571 2239 1625 2284 et
1653 2231 1773 2284 ideo
1803 2245 1891 2283 va-

309 2323 381 2378 ria
412 2333 473 2379 et
503 2337 694 2391 magna
722 2321 962 2385 curanti,
988 2337 1092 2375 non
1124 2330 1228 2374 tam
1258 2321 1486 2376 studium
1516 2321 1704 2375 deesse
1732 2337 1888 2390 quam

308 2414 542 2479 copiam.
575 2412 652 2466 Ea
679 2414 872 2482 quippe
915 2422 1097 2466 natura
1126 2422 1208 2467 est
1234 2427 1410 2466 rerum
1431 2453 1446 2475 ,
1482 2421 1538 2466 ut
1556 2428 1674 2480 qua:
1698 2423 1891 2478 prater

309 2506 631 2560 industriam
662 2505 1018 2573 negliguntur,
1048 2503 1369 2572 ignoscenda
1393 2503 1654 2557 dicantur.
1683 2504 1791 2573 Ego
1816 2513 1891 2558 ta-

305 2612 430 2652 men
455 2611 715 2659 securus,
745 2605 803 2648 ut
829 2596 1000 2662 soleo,
1031 2597 1229 2648 amoris
1258 2594 1356 2661 tui,
1387 2595 1627 2648 solemne
1653 2594 1890 2650 officium

309 2703 412 2740 non
441 2700 650 2739 renuo:
683 2685 736 2738 in
765 2700 972 2739 summa
999 2687 1168 2754 gratia
1192 2695 1245 2739 et
1277 2685 1480 2740 honore
1507 2686 1774 2753 positurus
1799 2725 1815 2751 ,
1844 2686 1888 2740 si

305 2776 563 2832 familiari
593 2791 731 2839 meo,
762 2777 850 2845 qui
883 2777 978 2830 has
1004 2776 1097 2831 tibi
1129 2776 1330 2830 litteras
1353 2777 1531 2840 dabit,
1561 2777 1760 2830 fruetus
1787 2777 1888 2831 ali-

304 2866 425 2935 quis
460 2881 560 2936 pro
587 2875 728 2922 tanta
754 2866 806 2920 in
839 2881 936 2921 nos
965 2866 1243 2920 sedulitate
1266 2867 1623 2935 responderit.
1649 2865 1798 2922 Vale.

870 2997 1084 3053 EPIST.
1125 2997 1334 3052 XXVII.

803 3125 1110 3164 δι’)ωλῦῐιυε
1149 3126 1389 3163 Λυευκιο.

373 3221 520 3292 Quid
559 3237 711 3292 agam
729 3223 867 3279 scire
885 3224 1138 3290 postulas.
1157 3224 1418 3293 Opperinr
1447 3225 1498 3278 in
1521 3225 1634 3279 dies
1659 3226 1885 3293 litteras,

306 3313 500 3383 quales
527 3327 671 3368 nunc
693 3314 818 3368 mibi
844 3314 1064 3368 facultas
1088 3323 1172 3367 tua
1199 3315 1478 3382 promittit,
1508 3331 1659 3368 amor
1679 3331 1891 3384 semper

305 3401 573 3456 exhibuit.
606 3401 736 3458 Sum
766 3418 894 3457 vero
924 3403 1261 3470 praesentium
1293 3403 1444 3456 lretus
1467 3445 1481 3466 ,
1512 3416 1566 3457 ut
1596 3405 1684 3472 qui
1724 3407 1889 3460 sciam

305 3491 612 3548 insidiatori
652 3508 770 3548 tneo
819 3493 950 3547 nihil
998 3495 1098 3547 loci
1148 3494 1418 3557 rel‘ctum,
1464 3506 1622 3563 atque
1673 3497 1889 3565 insuper

306 3585 444 3650 tibi,
471 3585 559 3640 cui
581 3584 776 3640 factum
807 3601 1018 3655 semper
1046 3589 1166 3642 volo
1186 3630 1202 3652 ,
1238 3589 1480 3643 meritam
1514 3591 1749 3657 polliceri
1781 3593 1889 3645 for-

307 3683 517 3732 tunam.
544 3674 684 3744 Ergo
709 3676 920 3743 quando
954 3691 1038 3730 res
1070 3677 1138 3731 ita
1169 3678 1318 3740 tulit,
1351 3688 1406 3731 tit
1454 3680 1676 3732 sollicita
1721 3689 1890 3734 muta—

305 3775 495 3821 rentur
535 3783 551 3819 :
585 3767 754 3834 optati
805 3770 1070 3822 sermonis
1119 3770 1190 3823 tui
1243 3769 1470 3823 fructum
1525 3771 1755 3824 feramus
1799 3774 1888 3841 qui

303 3858 545 3911 animum
587 3857 716 3911 mihi
763 3869 1062 3928 exaugeat,
1111 3871 1267 3930 atque
1318 3862 1544 3927 iudicet,
1595 3880 1689 3929 pro
1740 3875 1885 3919 tanta

305 3957 459 4004 rem
499 3947 898 4017 familiaritate,
938 3953 1042 4008 mei
1087 3963 1139 4008 te.
1174 3955 1369 4023 Oppido
1399 3971 1519 4011 esse
1559 3959 1883 4023 cupientem.

306 4035 462 4096 Vale.
879 4040 890 4047 ’

852 4133 1069 4190 EPIST.
1110 4134 1343 4192 XXVIII.

801 4257 1106 4306 δυωΑεηυε
1143 4262 1386 4302 ΑυεοΝιο.

372 4351 538 4411 Facis
561 4369 662 4426 pro
689 4366 870 4412 mutua
899 4357 1169 4427 diligentia
1213 4370 1263 4414 et
1293 4365 1608 4431 a:.tiquitate
1636 4366 1884 4421 amicitia:

305 4455 532 4508 nostra,
559 4445 700 4513 quod
730 4447 985 4502 honorem
1019 4458 1166 4503 tuum
1201 4453 1340 4507 vires
1369 4470 1514 4508 ineas
1543 4471 1661 4510 esse
1691 4459 1885 4511 contir-

306 4549 443 4590 mas.
472 4534 735 4590 Coitvenit
761 4537 959 4592 dictum
990 4554 1108 4593 cum
1140 4541 1242 4596 lide
1273 4560 1479 4596 morum
1511 4553 1749 4610 tuorum,
1783 4562 1882 4602 nec

307 4639 538 4693 unquam
588 4636 640 4681 te
681 4628 992 4684 dissimilem
1041 4635 1253 4700 script9s
1301 4635 1496 4688 talibus
1542 4637 1656 4690 dies
1695 4654 1882 4708 argue-

305 4715 375 4768 rit
405 4733 418 4767 :
454 4725 658 4770 tantum
697 4720 906 4773 fortuna
949 4722 1194 4776 muniﬁca
1229 4739 1602 4792 prosperorum
1628 4727 1882 4784 secundet

304 4816 508 4874 optata.
551 4807 785 4878 [lingunt
834 4811 903 4864 de
941 4811 1024 4866 Itis
1071 4815 1215 4884 loqui
1251 4817 1429 4872 cautio
1463 4827 1570 4878 est,
1618 4833 1684 4873 ne
1724 4819 1876 4874 blan-

304 4895 452 4947 ditia:
515 4897 778 4966 longiores
845 4913 1188 4970 corrumpant
1255 4905 1366 4957 veri
1423 4906 1756 4974 dignitatem.
1823 4909 1880 4964 Si

303 4988 431 5054 quid
460 4987 527 5040 de
557 5005 642 5043 me
671 4992 807 5045 scito
843 5008 978 5061 opus
1006 4995 1194 5060 fuerit,
1223 4996 1390 5051 frater
1415 5014 1564 5054 meus
1588 5001 1842 5056 Claudius
1861 5043 1878 5070 ,

302 5087 356 5129 et
393 5078 556 5132 cultui
604 5089 695 5136 tuo
736 5081 980 5150 deditus,
1022 5097 1075 5142 et
1119 5088 1278 5142 studii
1321 5090 1424 5144 mei
1469 5106 1664 5160 gnarus
1708 5107 1874 5162 expe-

303 5167 437 5222 diet.
467 5168 620 5224 Vale.

872 5243 1085 5300 EPIST.
1127 5246 1319 5302 XXIX.

801 5347 1103 5390 εγωιλοιιυε
1142 5353 1382 5392 AUSONIO.

370 5441 513 5496 Nihil
545 5458 726 5498 mvror
767 5457 1022 5511 czrteros,
1055 5449 1246 5517 vulgus
1290 5451 1548 5517 ignobLIe,
1583 5451 1671 5520 qui
1714 5451 1884 5520 philo-

296 5550 378 5594 an.
405 5534 544 5588 hiam
596 5539 733 5590 fastu
776 5549 831 5592 et
871 5542 1050 5594 habitu
1083 5543 1428 5596 mentiuntur.
1465 5544 1668 5598 Paucos
1715 5546 1879 5616 (etin

297 5627 382 5673 his
431 5625 693 5692 pra-cipue
737 5627 1053 5682 familiarem
1103 5647 1276 5685 meum
1323 5633 1661 5702 Baracbutn)
1702 5642 1880 5689 nostra

298 5724 434 5768 aetas
468 5719 538 5770 tul
565 5724 603 5782 t,
636 5733 860 5788 quorum
891 5735 1142 5788 germana
1175 5723 1434 5792 sapientia
1467 5723 1531 5779 ad
1562 5733 1878 5781 vetustatem

1531 299 2009 359 EPISTULARUM
2048 299 2246 355 LIBER
2286 300 2327 356 I.

1917 413 1969 472 Α
1996 423 2254 481 vergeret.
2285 411 2454 474 Tunc,
2487 409 2725 478 inquies,
2752 409 2950 465 audeas
2973 409 3040 464 de
3063 409 3396 482 philosophis
3420 411 3569 478 ludi-

1919 3135 1966 3202 Ο

3467 299 3570 356 I58

1995 503 2150 557 care?
2180 502 2328 556 Licet
2353 502 2553 555 alienas
2580 511 2826 570 spectare
2856 501 3099 556 virtutes.
3132 503 3260 556 Nam
3285 510 3339 556 et
3370 502 3568 556 Phidiae

1993 593 2296 664 Olympium
2325 594 2540 659 Jovem,
2585 603 2638 648 et
2667 594 2885 648 Mironis
2919 595 3162 649 buculam
3184 640 3196 661 ,
3231 605 3285 650 et
3313 595 3566 664 Polycleti

1992 684 2364 754 Canephoras,
2396 686 2544 739 rudis
2589 686 2704 754 ejus
2744 689 2874 739 artis
2904 686 3178 740 hominum
3210 703 3332 756 pars
3376 703 3564 757 magna

1993 776 2183 830 mirata
2229 784 2329 830 est.
2392 776 2718 845 lntelligendi
2764 787 2950 831 natura
2997 778 3353 847 indulgentius
3398 787 3563 847 patet.

1990 867 2201 938 Alioqui
2233 869 2483 939 prmclara
2516 885 2691 924 rerum
2724 872 2905 939 paucis
2948 872 3320 938 probarentur,
3363 872 3406 924 si
3440 870 3564 924 boni

1991 964 2248 1032 cujusque
2302 976 2548 1025 sensus,
2579 963 2739 1015 etiam
2789 965 2854 1014 ad
2904 963 3134 1030 impares
3183 977 3289 1016 non
3338 962 3562 1015 veniret.

1990 1055 2236 1108 Concede
2279 1053 2437 1120 igitur
2467 1051 2595 1106 mibi
2643 1054 2711 1106 de
2755 1053 2990 1107 Baracho
3033 1055 3182 1109 testis
3218 1054 3481 1118 officium,
3511 1063 3565 1106 et

1990 1145 2276 1200 amicitiam
2308 1146 2402 1198 viri
2440 1144 2714 1213 prudentis
2741 1145 3098 1212 amplectere:
3131 1145 3283 1214 cujus
3310 1145 3561 1212 explora-

1992 1238 2064 1292 tio
2091 1236 2234 1290 brevi
2263 1237 2446 1300 fai-iet,
2481 1247 2534 1289 ut
2559 1236 2685 1290 mitti
2716 1236 2782 1289 de
2804 1237 3071 1298 omnibus,
3101 1253 3218 1304 quae
3249 1237 3380 1302 scio,
3413 1250 3564 1305 a-que

1989 1327 2143 1382 facile
2170 1327 2385 1390 credas;
2416 1341 2536 1380 cum
2581 1326 2793 1392 videas,
2829 1342 2930 1382 nec
2961 1329 3012 1381 in
3056 1327 3138 1381 bis
3181 1329 3369 1382 falsum
3409 1341 3560 1390 esse,

1988 1433 2106 1488 quae
2138 1418 2341 1472 nescio.
2377 1417 2525 1474 Vale.

2561 1487 2776 1543 EPIST.
2815 1489 2983 1544 XXX.

2479 1594 2788 1636 SYMMACBUS
2827 1597 3066 1637 AUSONIO.

2061 1694 2139 1748 En
2173 1695 2265 1750 tibi
2299 1696 2554 1751 rusticum
2593 1697 2677 1750 vix
2714 1697 2929 1751 urbanis
2959 1698 3185 1766 negotiis
3214 1698 3323 1752 abst
3346 1697 3512 1751 lutum
3545 1713 3562 1752 :

1915 1773 1964 1836 Β
1990 1787 2074 1841 cui
2104 1787 2228 1841 volo
2258 1802 2352 1856 pro
2383 1797 2564 1842 nostra
2588 1789 2818 1843 amicitia
2853 1804 3118 1842 morari-tn
3146 1789 3354 1856 culpam
3385 1788 3562 1841 remit-

1992 1886 2094 1932 tas.
2127 1878 2306 1948 Neque
2334 1880 2476 1932 enim
2509 1878 2704 1932 laboris
2737 1879 2855 1948 fuga
2884 1878 3102 1932 indu'sit
3127 1877 3311 1946 quieti.
3341 1875 3563 1930 Difficile

1991 1980 2071 2024 est
2116 1969 2238 2023 hinc
2285 1968 2462 2034 ab're,
2503 1984 2624 2022 cum
2655 1984 2804 2022 venei
2821 1969 2912 2022 is:
2953 1969 3087 2022 adeo
3131 1969 3176 2021 si
3216 1967 3562 2028 contemtl-ri

1993 2058 2320 2127 majeStatem
2354 2058 2498 2112 urbis
2542 2067 2739 2113 nostra:
2769 2058 2922 2121 velis,
2951 2057 3092 2126 justo
3119 2057 3274 2110 citius
3304 2055 3565 2109 videbitur

1991 2152 2299 2204 revertisse.
2331 2149 2436 2204 Sed
2465 2149 2532 2204 de
2562 2149 2662 2204 hoc
2690 2164 2793 2202 non
2827 2149 3028 2212 laboro,
3057 2147 3271 2217 quando
3299 2149 3370 2200 ita
3402 2161 3461 2199 es
3489 2149 3568 2199 iit-

1992 2242 2149 2308 genio
2195 2241 2442 2310 placabill
2477 2241 2617 2295 inter
2646 2241 2845 2308 reliqua
2878 2241 3162 2302 virtutum,
3199 2250 3254 2293 ut
3286 2240 3408 2292 boni
3439 2253 3568 2291 con-

1992 2336 2135 2389 sulas
2165 2344 2344 2388 errata
2374 2334 2591 2387 leviora.
2626 2332 2757 2386 Illud
2788 2346 2945 2386 orare
2976 2331 3268 2398 impensius
3297 2329 3567 2393 convenit,

1994 2434 2135 2479 tanta
2166 2433 2226 2478 ut
2264 2427 2442 2478 animo
2487 2433 2578 2477 tuo
2625 2423 2894 2478 scribendi
2933 2437 3060 2479 cura
3108 2422 3208 2487 sit,
3253 2427 3454 2488 quanto
3485 2432 3568 2472 nte

1993 2531 2178 2572 amore
2207 2515 2460 2584 dignaris.
2495 2514 2649 2568 Vale.
3037 2576 3043 2581 ,

2555 2606 2768 2662 EPIST.
2811 2604 3004 2659 XXXI.

2489 2712 2798 2751 εηιλιλοηιε
2831 2709 3076 2750 Δυεωηο.

2062 2811 2260 2866 Merum
2298 2812 2546 2881 gaudium
2587 2809 2719 2865 mihi
2749 2809 3063 2865 eruditionis
3105 2816 3208 2861 tute
3246 2804 3440 2875 scripta
3474 2805 3568 2860 tri-

1993 2903 2217 2957 buerunt
2238 2943 2252 2965 ,
2290 2903 2629 2972 quteCapuae
2670 2901 2874 2954 locatus
2897 2897 3100 2969 accepi.
3136 2899 3264 2952 Erat
3292 2899 3488 2968 quippe
3521 2898 3569 2950 i'u

1994 2993 2078 3046 bis
2107 2993 2273 3046 oblita
2303 2992 2551 3046 Tulliano
2580 2991 2740 3046 melle
2771 2991 3061 3056 festivitas,
3095 3001 3147 3045 et
3175 2991 3438 3044 sermonis
3468 2989 3569 3043 mri
3651 3015 3656 3020 -

1995 3099 2100 3137 non
2133 3092 2237 3136 tam
2264 3098 2385 3137 vera
2413 3097 2581 3149 quam.
2603 3081 2794 3135 blanda
2830 3081 3083 3136 laudatio.
3107 3081 3244 3149 Quid
3274 3082 3433 3149 igitur
3457 3097 3568 3135 ma-

1993 3176 2072 3245 gis
2112 3175 2293 3241 mirer,
2329 3175 2604 3229 sententiae
2645 3175 2877 3229 incertus
2915 3173 3200 3241 addubito,
3251 3184 3566 3228 ornamenta

1993 3265 2104 3320 Oris
2127 3281 2195 3320 an
2223 3266 2450 3334 pectoris
2473 3266 2570 3319 tui.
2598 3265 2804 3334 Quippe
2835 3265 2904 3318 ita
2938 3265 3180 3320 facundia
3213 3265 3436 3318 antistas
3465 3280 3568 3319 cte-

1992 3356 2153 3420 teris,
2199 3365 2254 3408 ut
2285 3355 2355 3409 sit
2388 3354 2614 3408 formido
2645 3355 2938 3408 rescribere
2973 3372 2984 3406 :
3020 3355 3091 3408 ita
3130 3355 3358 3424 benigne
3389 3363 3568 3408 nostra

1991 3447 2329 3515 comprobas,
2361 3456 2417 3499 ut
2442 3445 2604 3500 libeat
2625 3460 2728 3500 non
2761 3454 2959 3500 tacere.
2987 3446 3043 3500 Si
3077 3446 3222 3515 plura
3255 3445 3321 3501 de
3351 3455 3402 3500 te
3435 3462 3568 3512 pne-

1991 3539 2185 3602 dicem,
2215 3537 2437 3592 videbor
2464 3544 2704 3591 mutuum
2743 3536 2963 3591 scabere
2985 3581 2998 3604 ,
3045 3547 3098 3593 et
3128 3539 3296 3607 magis
3336 3538 3570 3602 imitator

1994 3630 2068 3682 tui
2108 3630 2359 3697 alloquii,
2391 3644 2549 3699 quam
2581 3629 2855 3698 probator.
2902 3629 3070 3685 Simul
3102 3629 3242 3698 quod
3284 3630 3397 3696 ipse
3438 3629 3526 3682 nili
3555 3630 3568 3682 l

1991 3720 2292 3774 ostentandi
2326 3721 2491 3790 gratia
2535 3720 2697 3786 facis,
2726 3720 3018 3774 verendum
3049 3730 3150 3786 est,
3175 3717 3400 3788 genuina
3434 3719 3484 3772 in
3520 3730 3570 3770 to

1992 3811 2129 3865 bona
2159 3820 2408 3879 tanquam
2441 3810 2686 3865 affectata
2720 3810 2955 3883 laudare.
2992 3810 3162 3865 Unum
3206 3809 3304 3862 hoc
3334 3817 3508 3861 tamen
3539 3824 3568 3864 ει

1991 3902 2145 3956 nobis
2191 3901 2482 3955 indubitata
2525 3901 2752 3955 veritate
2799 3914 3093 3969 cognosce,
3141 3899 3407 3953 neminem
3449 3914 3567 3952 esse

1989 3993 2327 4055 mortalium,
2357 4005 2515 4060 quem
2561 4006 2670 4059 pra:
2702 3999 2755 4046 te
2785 3990 2999 4060 diligar’n
3035 4007 3048 4042 :
3082 3989 3158 4042 sic
3201 3987 3448 4043 vadatum
3483 4005 3567 4041 tne

1990 4082 2288 4136 honorabili
2311 4097 2492 4135 amore
2524 4082 2762 4136 tenuisti.
2790 4081 2894 4136 Sed
2919 4081 2972 4134 in
2995 4095 3058 4134 eo
3081 4079 3210 4134 mihi
3235 4079 3568 4135 verecundus

1988 4174 2154 4227 nimio
2199 4176 2317 4243 p'us
2347 4173 2572 4236 videris,
2610 4173 2750 4242 quod
2795 4172 2954 4227 libelli
3005 4171 3080 4226 tui
3120 4171 3300 4240 arguis
3332 4171 3567 4238 prodito-

1987 4279 2119 4321 rem.
2151 4266 2280 4319 Nam
2323 4265 2531 4320 facilius
2583 4276 2666 4319 est
2709 4265 2959 4318 ardentes
2989 4263 3193 4317 favillas
3219 4277 3313 4315 ore
3337 4260 3568 4328 compri.

1988 4373 2165 4422 ruere,
2193 4372 2349 4426 quam
2385 4357 2643 4410 luculenti
2668 4357 2849 4422 aperis
2874 4368 3089 4410 servare
3114 4361 3399 4407 secretum.
3431 4349 3563 4405 Cum

1989 4448 2157 4504 semel
2187 4463 2216 4502 a
2243 4458 2293 4502 te
2319 4461 2535 4502 carmen
2566 4446 2863 4515 profectum
2893 4454 2997 4509 est,
3024 4445 3111 4514 jus
3137 4459 3297 4498 omne
3319 4443 3562 4513 posui5ti.

1988 4543 2170 4599 Oratio
2196 4545 2454 4611 publicata
2473 4582 2489 4609 ,
2516 4557 2603 4597 rcs
2629 4541 2792 4596 libera
2816 4549 2915 4596 est.
2941 4541 3022 4594 An
3047 4541 3250 4595 vereris
3270 4539 3444 4594 aemuli
3473 4554 3566 4592 ve-

1989 4651 2122 4690 nena
2157 4635 2371 4688 lectoris
2394 4675 2410 4699 ,
2456 4647 2524 4688 ne
2567 4632 2778 4687 libellus
2811 4642 2933 4687 tuus
2960 4631 3210 4686 admorsu
3241 4631 3359 4686 duri
3391 4629 3563 4684 dentis

1988 4724 2210 4778 uratur?
2235 4723 2354 4777 Tibi
2381 4724 2469 4777 uni
2498 4723 2628 4776 nihil
2657 4723 2722 4776 ad
2757 4722 2856 4776 hoc
2887 4723 3123 4776 locorum
3154 4721 3323 4790 gratia
3359 4721 3563 4788 praéstio

1989 4815 2081 4879 tit,
2114 4823 2204 4867 aut
2231 4813 2461 4882 dempsit
2488 4812 2708 4868 invidia.
2755 4812 2979 4881 lngratis
3023 4826 3196 4866 scaevo
3224 4811 3412 4879 cuique
3439 4825 3561 4878 pro-

1988 4908 2162 4976 boque
2194 4906 2476 4960 laudabilis
2503 4921 2583 4960 es.
2626 4905 2861 4960 Proinde
2896 4917 3075 4958 cassas
3117 4902 3310 4957 deliine
3350 4901 3565 4956 seclude

1984 4996 2296 5052 formidines
2313 5038 2327 5059 ,
2357 5005 2413 5050 et
2433 4995 2645 5063 indulge
2667 4995 2829 5064 stylo,
2862 5003 2921 5048 ut
2947 5007 3088 5061 saepe
3113 4991 3378 5059 prodaris.
3403 4990 3561 5045 Certe

1982 5089 2192 5156 aliquod
2219 5088 2597 5142 didascalicum
2628 5102 2721 5141 seu
2769 5087 3152 5156 protrepticum
3197 5093 3383 5138 nostro
3427 5101 3563 5149 qutt—
3651 5153 3658 5160 .

1984 5194 2086 5248 que
2117 5179 2316 5232 nomini
2347 5192 2562 5232 carmen
2593 5177 2858 5243 adjtidica.
2895 5175 2999 5230 Fac
3027 5177 3325 5245 periculum
3364 5173 3559 5227 silentii

1983 5271 2118 5336 mei,
2149 5269 2288 5338 quod
2335 5269 2436 5322 etsi
2471 5269 2564 5322 tibi
2611 5269 2866 5323 exhibere
2895 5277 3048 5337 Opto,
3084 5279 3258 5322 tamen
3299 5265 3558 5331 spondere

1987 5377 2090 5415 non
2113 5360 2305 5416 audeo.
2336 5360 2466 5413 Novi
2497 5375 2596 5427 ego
2636 5376 2755 5429 quas
2795 5361 2861 5413 sit
2893 5359 3109 5428 prurigo
3139 5353 3413 5413 emittendi
3435 5367 3560 5420 op“-

1985 5451 2090 5518 ris,
2124 5450 2263 5520 quod
2317 5450 2579 5517 probaris.
2613 5448 2742 5502 Nam
2775 5449 3002 5518 quodam
3049 5458 3202 5517 pacto
3248 5445 3557 5498 societatem

1986 5543 2155 5596 laudis
2182 5541 2415 5601 allectat.
2438 5542 2526 5609 qui
2555 5541 2727 5595 aliena
2751 5541 2890 5596 bene
2914 5542 3052 5594 dicta
3077 5541 3275 5608 primus
3297 5533 3558 5588 enuntiat.

1989 5636 2059 5690 Ea
2095 5643 2311 5703 prOptcr
2341 5634 2392 5686 in
2423 5635 2699 5690 rommdiis
2744 5643 3064 5688 summatem
3095 5628 3306 5698 quidem
3337 5625 3556 5696 gloriam

1987 5728 2278 5793 scriptores
2307 5725 2582 5780 tulerunt:
2618 5724 2810 5780 Roscio
2857 5735 3032 5779 tamen
3075 5727 3236 5792 atque
3279 5715 3546 5780 Ambivio,
