4132 6176
551 301 654 357 139

1796 311 1855 380 Q.
1901 312 2178 370 AURELII
2216 314 2584 378 SYRIMACIII'

3708 336 3814 392 I60

548 416 863 486 ceterisque
900 418 1170 474 actoribus
1200 418 1346 474 Cama-
1378 421 1698 478 non-det‘nit.
1736 425 1875 494 Ergo
1905 427 1997 480 tali
2028 443 2122 482 ne-
2149 430 2198 490 Α
2225 448 2436 498 moneo,
2473 446 2528 489 ut
2552 453 2669 490 cum
2704 455 2914 494 causam
2937 443 3048 512 ejus
3081 444 3327 499 adventus
3349 446 3642 516 agnoveris,
3662 452 3811 520 jures

549 509 694 575 patio
734 510 981 576 expende
1027 513 1194 566 otium
1244 521 1424 579 tuum,
1475 526 1528 570 et
1568 517 1720 572 novis
1765 521 2127 576 voluminibus

550 599 748 669 ieiunia
797 617 978 657 nos:ra
1033 616 1288 660 sustenta.
1345 608 1498 674 Quod
1563 612 1606 664 si
1648 611 1922 678 iactantia:
1971 615 2126 686 fugax

552 693 820 758 garrulum
865 693 1092 750 indicem
1142 699 1503 768 pertimescis,
1544 712 1733 769 priests
1778 706 1936 759 etiam
1969 708 2130 761 silen-

554 783 684 837 tium
711 785 859 850 mihi,
894 796 952 841 ut
976 799 1088 842 tuto
1110 790 1356 845 simulem
1384 807 1504 848 esse
1525 805 1728 862 nostra,
1755 813 1874 867 qua:
1898 799 2129 869 scripseo

552 876 646 931 ris.
679 876 834 934 Vale.

1112 953 1325 1010 EPIST.
1367 955 1580 1012 XXXII.

1040 1058 1297 1099 Αυεοιιιυε
1333 1060 1644 1102 ΘΥΜΣΙΙΑΩΙΙΟμ

623 1147 781 1202 Modo
817 1149 1076 1219 intelligo,
1123 1170 1273 1220 quam
1313 1156 1492 1208 mellea
1530 1173 1610 1210 res
1638 1158 1706 1210 sit
1744 1160 1942 1226 oratio,
1972 1179 2127 1232 quam

551 1240 847 1308 deleniﬁca,
879 1252 926 1294 et
954 1259 1106 1309 quam
1143 1243 1306 1296 suada
1337 1247 1601 1315 facundia.
1631 1247 1941 1305 Persuasisti
1969 1254 2134 1322 mihi,

552 1335 690 1401 quod
717 1335 939 1404 episton
978 1350 1102 1387 mea:
1129 1337 1266 1405 apud
1293 1337 1523 1402 Capuam
1550 1340 1638 1393 tibi
1677 1342 1893 1397 reddita:
1919 1347 2126 1400 concin-

479 1415 496 1434 ⁸
553 1424 690 1477 natio
715 1423 995 1478 inhumana
1020 1442 1121 1478 non
1153 1437 1298 1482 esset.
1329 1429 1436 1482 Sed
1461 1429 1558 1483 hoc
1585 1447 1687 1484 non
1723 1433 1945 1499 diutius,
1975 1452 2130 1505 quam

552 1512 676 1566 dum
704 1515 946 1586 paginam
974 1525 1110 1570 tuam
1141 1518 1268 1586 legi,
1298 1536 1414 1589 quia
1447 1537 1526 1576 me
1555 1521 1818 1579 blanditiis
1847 1528 2129 1582 inhiantem

552 1606 686 1670 suis,
713 1608 868 1661 veluti
905 1625 1061 1662 succo-
1084 1613 1300 1664 nectaris
1327 1612 1558 1666 delibuta
1584 1617 1835 1684 perducit.
1869 1618 1968 1673 Ubi
1996 1625 2128 1674 enim

551 1694 836 1749 chartulam
881 1714 1015 1768 pono
1051 1710 1098 1753 et
1142 1702 1389 1772 meipsum
1435 1705 1724 1774 interrogo,
1780 1719 1898 1761 tunc
1933 1711 2126 1780 absyn-

2231 526 2476 592 studium,
2501 529 2637 597 quod
2657 544 2720 583 ex
2737 541 2884 601 parte
2910 533 3102 602 fovisti.
3145 534 3285 592 Vale.

2781 664 2995 720 EPIST.
3027 666 3265 722 XXXIII.

2725 798 3036 842 SYIIMACHUS
3064 803 3307 844 AUSONIO.

2302 890 2467 947 Aiunt
2502 893 2768 965 cochleas,
2810 914 2931 955 cum
2978 901 3176 956 sitiunt.
3204 904 3368 970 aeris,
3403 916 3564 978 atque
3605 910 3714 968 illis
3745 915 3813 971 de

2232 982 2371 1035 coelo
2403 985 2533 1038 nihil
2568 987 2808 1056 liquitur,
2855 1007 3019 1048 succo
3055 997 3275 1066 proprio
3306 1001 3564 1058 victitare.
3614 1006 3686 1062 Ea
3727 1024 3814 1064 res

2233 1072 2366 1127 mihi
2397 1089 2494 1129 usu
2526 1081 2698 1144 venit,
2727 1082 2817 1151 qui
2847 1082 3324 1159 desertus-eloquii
3363 1094 3439 1147 tui
3482 1107 3657 1163 pastu,
3690 1116 3812 1152 meo

2230 1165 2407 1220 adhuc
2432 1182 2554 1224 rore
2582 1181 2877 1229 sustentor.
2907 1176 3002 1230 Diu
3035 1180 3546 1250 scribendioperam
3587 1191 3812 1255 protuli-

2233 1256 2324 1319 sti,
2360 1265 2414 1310 et
2456 1273 2650 1315 vereor
2687 1278 2756 1317 ne
2790 1263 2929 1320 forte
2970 1267 3025 1321 in
3057 1284 3155 1323 nos
3183 1275 3417 1340 parentis
3447 1277 3666 1330 claudat.
3684 1280 3764 1332 alI'»
3787 1310 3813 1322 -

2231 1348 2356 1400 ctio.
2385 1349 2440 1402 Si
2469 1349 2657 1406 falsum
2702 1369 2789 1410 me
2817 1357 3000 1426 opinio
3029 1359 3208 1426 habet,
3237 1363 3395 1419 facito
3415 1370 3624 1425 caeteris
3650 1387 3814 1442 nego-

2232 1437 2321 1491 tiis
2351 1439 2453 1494 tuis
2483 1443 2849 1512 respondendi
2870 1463 2999 1503 cura
3030 1463 3341 1521 praevertet.
3369 1456 3537 1514 Vale“

2773 1560 2991 1618 EPIST.
3021 1563 3264 1622 XXXIV.

2727 1683 3034 1730 ευιιιλοιιυε
3078 1693 3319 1736 Λυεοιιιοσ

551 1787 713 1840 tltium
740 1804 934 1841 merum
953 1791 1149 1856 resipit,
1181 1802 1228 1845 et
1254 1793 1540 1849 circumlita
1560 1797 1708 1852 melle
1729 1801 1914 1868 pocula
1943 1802 2122 1869 depre-
2157 1794 2206 1854 Β
2256 1886 2264 1888 ᾗ
2301 1795 2525 1853 Plenum
2552 1798 2749 1858 IabOris
2772 1807 3041 1875 negotium
3063 1813 3331 1884 germani
3366 1819 3688 1888 compellare
3718 1831 3806 1878 ιο-

549 1877 735 1930 hendo.
769 1877 835 1932 Si
859 1894 993 1942 vero,
1017 1881 1070 1932 id
1097 1883 1234 1948 quod
1253 1899 1386 1951 swpe
1413 1885 1569 1954 facio,
1601 1887 1668 1938 ad
1695 1889 1962 1957 epistolam
1987 1902 2127 1945 tuam

548 1967 698 2033 redii,
723 1984 900 2022 rursus
926 1969 1142 2036 illicior;
1167 1981 1214 2024 et
1241 1982 1518 2027 retrorsum
1549 1976 1636 2030 ille
1663 1980 2012 2047 suavissimus,
2041 1983 2128 2036 ille

547 2062 764 2128 ﬂoridus
785 2062 857 2114 tui
878 2065 1124 2116 sermonis
1152 2064 1367 2134 afflatus,
1398 2067 1628 2134 deposita
1651 2069 1863 2124 lectione
1882 2074 2125 2141 sanescit,

547 2160 594 2202 et
622 2151 894 2205 testimonii
921 2158 1120 2223 pondus
1151 2157 1381 2222 prohibet
1413 2160 1573 2213 inesse
1597 2162 1874 2217 dulcedini.
1901 2163 2017 2218 Hoc
2048 2183 2129 2220 me

547 2241 677 2293 velut
706 2242 874 2295 aerius
896 2244 1109 2298 bractea:
1147 2248 1295 2316 fucus
1317 2291 1332 2314 ,
1364 2260 1452 2302 aut
1476 2252 1612 2321 picta
1640 2253 1852 2317 nebula,
1883 2272 1986 2308 non
2010 2257 2123 2310 lon-

545 2333 693 2402 gius,
721 2350 875 2403 quam
917 2337 1038 2390 dum
1083 2339 1299 2407 videtur,
1340 2340 1594 2409 oblectat;
1621 2345 1997 2402 chamaeleontis
2041 2350 2128 2404 be-

545 2426 709 2479 stiola:
735 2427 860 2493 vice,
891 2444 1005 2494 quae
1034 2430 1098 2484 de
1124 2433 1360 2504 subjectis
1389 2437 1543 2489 sumit
1567 2439 1805 2494 colorem.
1835 2442 1992 2495 Aliud
2009 2461 2126 2498 sen-

545 2515 615 2568 tio
638 2531 702 2568 ex
725 2517 934 2587 epistola
959 2528 1068 2583 tua,
1096 2522 1240 2575 aliud
1266 2539 1329 2577 ea:
1352 2528 1661 2583 conscientia
1687 2546 1818 2584 mea.
1851 2531 1916 2584 Et
1947 2534 2009 2586 iis
2045 2551 2124 2590 me

543 2606 703 2660 audes
741 2595 1224 2678 facundissimorum
1268 2617 1528 2672 hominum
1572 2623 1726 2676 laude
1764 2624 2005 2696 dignari?
2033 2637 2119 2698 tu,

542 2697 769 2766 inquam,
795 2701 922 2752 mihi
946 2702 1072 2771 ista,
1098 2706 1188 2774 qui
1214 2717 1261 2760 le
1292 2709 1427 2762 ultra
1453 2713 1858 2770 emendatfonem
1897 2719 2122 2774 omnium

542 2786 822 2854 protulisti.
849 2789 1011 2844 Haud
1039 2797 1306 2862 quisquam
1333 2799 1408 2851 ita
1429 2801 1572 2865 nitet,
1605 2814 1657 2856 ut
1685 2818 2009 2874 comparatus
2031 2810 2122 2865 tibi

480 2880 491 2890 '
539 2893 640 2932 non
665 2881 884 2935 sordeat.
916 2882 1040 2949 Quis
1064 2885 1135 2939 ita
1159 2886 1348 2958 xEsopi
1379 2903 1718 2961 venustatem,
1747 2899 1860 2968 quis
1880 2901 2123 2972 sophisti-

539 2986 626 3025 c-rs
649 2971 878 3027 Socratis
916 2977 1295 3046 conclusiones,
1325 2984 1702 3055 enthymemata
1731 2986 2080 3048 Demosthen’s
2099 3039 2114 3065 ,

536 3072 630 3118 aut
678 3066 987 3135 opulentiam
1032 3069 1363 3141 Tullianam,
1415 3086 1504 3130 aut
1554 3081 1913 3150 praprietatem
1959 3090 2117 3142 nostri

2230 1886 2330 1940 ties
2370 1889 2589 1944 tacitum
2641 1909 2948 1962 persevera.
2985 1900 3182 1958 COnlra
3223 1907 3325 1961 nisi
3373 1908 3574 1967 inStare
3622 1929 3805 1984 pergo,

2230 1985 2388 2046 atque
2416 1982 2733 2050 exsculpere
2753 2000 2790 2039 a
2815 1996 2865 2043 te
2885 1990 3085 2060 aliquid
3116 1994 3435 2067 litterarum,
3465 1982 3654 2069 gliscet
3675 1982 3805 2062 obli-

2228 2068 2336 2123 vio.
2368 2071 2492 2128 Sive
2515 2073 2677 2145 igitur
2707 2075 2809 2133 hoc
2839 2080 3073 2139 ollicium
3103 2101 3276 2142 meum
3305 2068 3552 2149 sedulum
3578 2096 3806 2170 iudicas,

2228 2173 2323 2214 seu
2362 2163 2672 2232 molestum;
2707 2177 2816 2223 stat
2853 2176 3140 2242 sententia,
3185 2178 3444 2236 honorem
3476 2163 3631 2240 suum
3661 2191 3804 2246 cele-

2229 2251 2378 2305 brem
2423 2266 2677 2322 praestare
2717 2261 3040 2333 colloquiis:
3075 2270 3208 2325 adeo
3241 2272 3372 2329 mihi
3420 2281 3615 2334 veteris
3660 2281 3716 2336 in
3757 2293 3811 2339 te

2227 2343 2424 2397 amoris
2453 2345 2597 2399 nulla
2628 2347 2886 2405 discessio
2911 2363 3012 2408 est.
3049 2356 3114 2411 Et
3143 2361 3334 2415 merito
3361 2381 3372 2416 :
3408 2380 3528 2420 nam
3554 2370 3804 2425 amicitia:

2227 2448 2446 2502 operam
2479 2451 2740 2508 nusquam
2771 2442 2940 2498 locavi
2963 2463 3116 2516 .cque
3145 2450 3304 2507 bene.
3329 2453 3617 2525 Propterea
3644 2460 3808 2516 silen-

2227 2527 2356 2580 tium
2389 2535 2536 2583 tuum
2567 2545 2890 2602 conqueror.
2939 2538 3088 2596 Facit
3123 2547 3266 2599 enim
3297 2551 3532 2605 tenerior
3571 2551 3803 2622 at'fectio,

2227 2629 2280 2672 ιιι
2308 2621 2380 2676 sit
2406 2625 2622 2691 querela
2663 2629 2974 2696 proclivior.
3005 2634 3178 2691 Mollis
3210 2646 3294 2692 est
3333 2640 3542 2697 animus
3575 2621 3803 2714 diligené

2227 2711 2326 2777 tis;
2353 2722 2407 2768 et
2435 2715 2500 2768 ad
2531 2729 2746 2773 omnem
2789 2735 3006 2778 sensum
3034 2725 3238 2782 doloris
3263 2739 3501 2801 argutus.
3546 2733 3602 2788 Si
3633 2711 3804 2806 negli-

2224 2805 2440 2872 gentius
2470 2816 2688 2874 tractes,
2721 2813 2829 2867 cito
2855 2825 3080 2882 marcet,
3127 2828 3185 2874 ut
3211 2836 3333 2877 rosa
3369 2841 3380 2876 :
3417 2825 3475 2879 si
3505 2826 3692 2883 durius
3722 2839 3804 2886 leo

2225 2909 2375 2962 neas,
2402 2896 2528 2953 livet
2557 2909 2614 2953 ut
2634 2900 2764 2956 lilia.
2792 2903 3011 2976 Legisse
3037 2911 3280 2976 memini.
3303 2915 3449 2969 vultu
3477 2917 3638 2974 etiam
3659 2937 3803 2990 saepe

2223 2985 2341 3040 Imdi
2366 2987 2639 3057 pietatem.
2669 2993 2805 3060 Quid
2825 2995 2915 3052 ille
2941 3007 3046 3053 tam
3069 3001 3243 3058 serius
3267 3003 3468 3061 arbiter
3486 3023 3648 3078 super
3667 3025 3798 3066 con-

2222 3080 2370 3136 tinuo
2399 3082 2612 3139 silentio
2642 3100 2704 3142 ac
2739 3087 3077 3147 dissimulato
3105 3096 3374 3152 scribendi
3412 3114 3636 3157 munere
3675 3118 3802 3159 cen-

538 3152 769 3209 Maronis
798 3159 1050 3214 accedat?
1081 3162 1204 3227 Quis
1235 3165 1306 3217 ita
1334 3165 1532 3232 affectet
1563 3171 1764 3240 singula
1783 3213 1798 3238 ,
1848 3184 1905 3228 ut
1931 3185 1986 3229 ιιι
2012 3178 2112 3232 im-
2142 3160 2188 3221 (Ζ
2224 3176 2454 3246 suisset}l
2474 3176 2675 3234 Tecum
2712 3179 2828 3237 haec
2860 3187 3076 3253 pensius
3105 3187 3418 3247 mstimabis.
3451 3189 3577 3248 Mihi
3617 3196 3801 3267 religio

539 3245 643 3267 μ.--
915 3251 955 3267 η
1003 3252 1049 3267 ..
1147 3255 1158 3266 .
1281 3258 1312 3267 ..
1375 3258 1385 3267 .
2223 3265 2286 3267 __

536 3245 645 3314 ples
670 3249 878 3303 omnia?
911 3251 1049 3317 Quid
1075 3255 1210 3306 enim
1239 3258 1385 3310 aliud
1413 3275 1464 3312 es
1502 3278 1657 3330 quam
1699 3281 1763 3318 ea:
1786 3269 1922 3321 omni
1947 3269 2109 3324 bona-

535 3351 648 3390 rum
687 3340 876 3393 artium
913 3341 1114 3412 ingenio
1153 3345 1366 3401 collecta
1409 3354 1688 3421 perfectio?
1719 3355 1872 3423 Ηιεε,
1903 3359 2113 3418 domine

534 3425 623 3489 mi,
653 3426 732 3495 ﬁli
757 3427 1098 3500 Symmache,
1139 3450 1238 3488 non
1274 3452 1446 3492 vereor
1473 3456 1536 3494 ne
1563 3441 1618 3495 in
1641 3455 1687 3496 te
1707 3444 1945 3502 blandius
1971 3451 2113 3506 dicta

533 3517 800 3574 videantur
829 3537 935 3577 esse
979 3540 1133 3593 quam
1161 3529 1345 3584 verius.
1373 3530 1440 3585 Et
1467 3543 1703 3605 expertus
1728 3555 1779 3592 es
1805 3540 1958 3609 fidem
1986 3540 2110 3600 mea:

532 3612 712 3664 mentis
735 3622 887 3683 atque
910 3615 1184 3686 dic'orum,
1213 3638 1325 3674 cum
1349 3624 1400 3677 in
1421 3629 1661 3682 comitatu
1684 3631 1916 3702 degimus
1935 3638 2111 3706 ambo,

530 3715 638 3754 ravo
673 3701 870 3771 dispari
903 3721 924 3760 .'
955 3707 1041 3760 ubi
1078 3717 1131 3762 tu
1168 3714 1343 3768 veteris
1383 3717 1581 3772 militia:
1625 3701 1839 3790 praemia
1867 3727 1965 3781 tiro
2002 3701 2107 3784 me;

529 3793 676 3846 ruisti
696 3835 712 3860 ,
738 3811 832 3867 ego
857 3798 1150 3855 tirocinium
1169 3804 1285 3872 jam
1308 3817 1575 3863 veteranus
1613 3816 1836 3871 exercui.
1865 3815 1932 3872 In
1953 3822 2108 3874 comi-

528 3892 639 3937 tatu
668 3885 758 3939 tibi
797 3902 941 3942 uerus
973 3891 1049 3960 fui
1077 3907 1098 3946 :
1126 3895 1314 3949 nedum
1347 3915 1424 3952 me
1461 3916 1669 3972 peregre
1693 3907 1944 3963 existimes
1971 3927 2109 3964 com-

527 3975 692 4041 posita
721 3977 965 4046 fabulari.
997 3979 1061 4034 In
1089 3985 1360 4052 comitatu,
1389 3988 1601 4058 inquam
1621 4033 1638 4058 ,
1668 3995 1758 4064 qui
1785 3997 1976 4066 frontes
2015 4000 2109 4055 ho-

527 4067 720 4120 minum
739 4070 921 4138 aperit,
945 4085 1135 4129 mentes
1154 4079 1294 4148 tegit,
1320 4097 1400 4135 me
1425 4084 1512 4136 tibi
1531 4094 1580 4139 et
1600 4100 1828 4156 parente,
1853 4100 1900 4144 et
1918 4095 2106 4162 amico,

526 4166 573 4210 et
605 4159 652 4212 si
679 4162 802 4229 quid
841 4173 1054 4236 utroque
1088 4172 1258 4224 carius
1284 4182 1378 4239 est,
1411 4177 1656 4232 cariorem
1697 4183 1857 4249 fuisse
1881 4189 2103 4248 sensisti.

524 4248 632 4304 Sed
659 4251 900 4309 abeamus
921 4257 984 4310 ab
1015 4259 1131 4325 his;
1155 4278 1218 4316 ne
1242 4263 1416 4320 ist/tau:
1441 4248 1849 4332 commemoratio
1867 4279 1936 4330 ad
1963 4281 2105 4335 illaut

524 4341 691 4398 Sosiae
719 4346 1044 4416 formidinem
1083 4353 1316 4410 videatur
1345 4365 1600 4418 accedere.
1639 4363 1785 4421 Illud
1813 4371 1951 4438 quod
1979 4391 2108 4443 pene

524 4439 766 4506 praterit,
794 4457 893 4509 qua
920 4443 1190 4511 affectione
1215 4451 1493 4520 addidisti,
1533 4467 1588 4510 ut
1616 4439 1988 4518 didascalicunt
2010 4469 2106 4520 ali-

524 4529 657 4594 quod
677 4533 1002 4598 opusculum,
1030 4547 1116 4589 aut
1139 4555 1420 4596 sermonem
1441 4551 1800 4618 protrepticum
1822 4555 2104 4611 mitterem?

526 4613 634 4682 Ego
663 4626 710 4670 te
739 4619 926 4674 docebo
957 4624 1214 4682 docendus
1236 4631 1408 4686 adhuc
1426 4613 1449 4699 ,ί
1471 4637 1516 4690 si
1547 4613 1705 4692 essem
1737 4643 1795 4695 id
1823 4649 2016 4708 atatis.
2044 4657 2101 4702 ut

523 4707 800 4764 discerem?
824 4722 914 4765 aut
942 4731 1035 4786 ego
1077 4727 1124 4772 te
1156 4733 1381 4792 vegetum
1408 4734 1458 4780 et
1487 4730 1709 4785 alacrem
1747 4741 2102 4797 commovebo?

522 4793 721 4850 Eadem
737 4815 891 4868 opera
915 4815 962 4857 et
988 4805 1165 4862 Musas
1187 4811 1423 4867 hortabor
1464 4827 1520 4870 ut
1545 4833 1764 4889 canant;
1792 4835 1838 4879 et
1862 4832 2026 4884 maria
2043 4843 2099 4886 ut

519 4887 758 4956 effluant;
786 4901 833 4944 et
862 4909 1018 4949 auras
1042 4908 1098 4951 ut
1124 4914 1363 4970 uegeant;
1388 4907 1594 4978 etqigncs
1623 4921 1675 4963 ut
1698 4887 1894 4970 caleant
1920 4921 2100 4975 admo-

517 4981 643 5034 nebo
666 4997 686 5036 :
714 4992 763 5036 et
785 4986 830 5038 si
859 4988 986 5056 quid
1011 4989 1180 5044 invitis
1208 5011 1404 5065 quoque
1432 5001 1576 5055 nobis
1609 5015 1793 5059 natura
1818 5010 1899 5078 fit,
1924 5029 2104 5083 super-

516 5071 656 5138 finus
693 5074 960 5148 instigator
983 5082 1208 5152 agitabo.
1237 5086 1380 5144 Satis
1410 5100 1481 5145 est
1523 5097 1672 5150 unius
1703 5071 1920 5169 erroris,
1962 5071 2102 5175 quod

517 5161 728 5230 aliquod
757 5182 981 5222 meorum
1002 5188 1080 5226 me
1104 5177 1349 5232 renitente
1377 5183 1639 5252 vulgatum
1665 5197 1738 5242 est
1756 5231 1771 5256 ,
1805 5161 1942 5261 quod
1970 5161 2101 5252 bona

517 5251 724 5322 fortuna
751 5256 806 5310 in
829 5275 1011 5314 manus
1034 5266 1312 5322 amicorum
1334 5271 1537 5328 incidit.
1570 5275 1704 5331 Nunt
1727 5281 1773 5334 si
1793 5294 1971 5338 contra
1991 5304 2102 5342 eve-

516 5344 698 5409 nisset,
726 5361 816 5400 nec
843 5357 898 5402 tu
919 5351 1045 5406 mihi
1062 5361 1423 5429 persuaderes,
1455 5364 1654 5433 placere
1673 5387 1752 5424 me
1781 5391 1946 5442 posse.
1967 5377 2018 5430 11
2023 5397 2096 5434 are

514 5435 584 5484 ad
612 5435 808 5491 litteras
831 5449 943 5495 tuas
972 5459 1214 5514 responsa
1237 5452 1283 5504 si
1291 5463 1357 5506 ιιι.
1386 5453 1578 5512 Cretera
1601 5477 1715 5529 qua!
1738 5480 1942 5520 noscere
1961 5486 2094 5537 aves,

514 5529 968 5601 compendifaciam
1001 5551 1021 5588 :
1059 5537 1136 5591 sic
1164 5544 1280 5611 jam
1316 5561 1516 5614 quoque
1553 5551 1709 5622 longa
1747 5566 1823 5609 est
1859 5561 2092 5628 epistola.

511 5614 784 5676 lulianum
822 5633 990 5682 tamen
1024 5630 1332 5701 famil'arem
1376 5639 1560 5697 domus
1596 5657 1782 5702 nostra:
1809 5652 1854 5706 si
1881 5655 2005 5722 quid
2035 5661 2098 5710 de

513 5708 656 5764 nobis
683 5722 1088 5782 percontandum
1116 5726 1383 5785 arbftraris
1400 5774 1415 5801 ,
1449 5733 1540 5789 tibi
1573 5737 1740 5809 allego
1768 5757 1786 5794 :
1814 5708 1970 5802 simitl
2001 5708 2096 5803 ad;

2215 3265 2335 3331 fuit,
2367 3274 2570 3337 tngere,
2603 3286 2722 3338 quae
2743 3272 3016 3331 dolebant.
3045 3278 3178 3335 Nam
3203 3291 3260 3336 ut
3286 3283 3340 3338 in
3362 3293 3417 3339 te
3445 3285 3608 3340 animi
3635 3265 3801 3357 usque

2213 3355 2451 3423 pendeo;
2496 3358 2566 3412 ita
2589 3373 2754 3431 apere
2783 3366 3020 3422 maximo
3058 3374 3274 3428 usuraln
3304 3383 3407 3431 tute
3435 3378 3800 3434 unanimitatis

2209 3455 2486 3516 exspecto.
2519 3449 2671 3507 Vale.

2771 3524 2985 3584 EPIST.
3013 3519 3228 3586 XXXV.

2717 3653 3023 3698 SYMMACHUS
3054 3659 3295 3703 AUSONIO.

2281 3765 2380 3821 Diu
2410 3765 2464 3822 in
2493 3768 2800 3841 Campaniae
2825 3777 3126 3834 secessibus
3155 3781 3372 3850 otiatus,
3400 3787 3681 3844 occasione
3706 3805 3794 3846 ca-

2211 3857 2289 3908 rui
2322 3859 2694 3928 scriptionum.
2732 3861 2858 3919 Ideo
2889 3868 3160 3938 paulisper
3194 3877 3461 3931 Sermonis
3501 3881 3604 3935 mei
3649 3883 3788 3938 circa

2213 3953 2268 4000 te
2293 3964 2488 4004 munus
2525 3951 2773 4021 intepuit.
2800 3955 2905 4012 Sed
2937 3960 3022 4014 ubi
3052 3961 3102 4015 in
3129 3964 3357 4032 patriam
3386 3969 3577 4037 pedem
3606 3975 3789 4038 retuli,

2213 4043 2430 4108 antiqua
2459 4043 2586 4097 mihi
2629 4045 2727 4102 fuit
2756 4048 3090 4109 instaurandi
3128 4057 3290 4113 ofﬁcii
3320 4061 3610 4132 diligentia.
3655 4067 3792 4135 Ergo

2210 4129 2392 4187 debito
2420 4135 2624 4192 honore
2653 4140 2990 4198 salutationis
3019 4155 3068 4200 te
3097 4147 3368 4220 impertio,
3397 4129 3680 4224 utrumque
3707 4158 3792 4213 de-

2214 4237 2473 4292 poscens;
2504 4235 2564 4282 ut
2592 4239 2646 4284 et
2674 4231 2895 4288 silentio
2921 4241 3184 4308 superiori
3213 4243 3364 4298 venia
3397 4245 3539 4316 iusta
3571 4262 3792 4317 praeste-

2213 4323 2327 4382 tur,
2377 4328 2432 4373 et
2489 4323 2740 4390 praesenti
2785 4326 3043 4399 obsequio
3082 4334 3395 4393 vicissitudo
3445 4342 3790 4413 respondeat.

2214 4407 2364 4464 Vale.

2756 4487 2974 4547 EPIST.
3014 4492 3256 4554 XXXVI.

2702 4635 3000 4682 SIT-IMACIIUS
3031 4644 3274 4687 AUSONIO.

2278 4747 2567 4819 Inlerpello
2593 4759 2969 4826 occupationes
3000 4764 3312 4823 assiduitate
3341 4769 3615 4841 colloquii.
3650 4773 3787 4829 Nam

2207 4849 2261 4894 et
2289 4841 2403 4909 ipse
2435 4844 2735 4914 huiusmodi
2767 4865 2955 4920 pascor
2986 4855 3186 4925 ollicio,
3216 4868 3271 4914 et
3301 4863 3783 4932 peregrinationem

2208 4937 2352 4986 tuam
2385 4935 2583 4992 talibus
2611 4939 2816 4996 solatiis
2843 4945 3006 4998 credo
3039 4950 3290 5003 recreari.
3319 4951 3462 5006 Tuas
3487 4964 3666 5010 autem
3699 4958 3785 5011 Iit-

2209 5032 2351 5079 teras
2379 5027 2611 5083 vicissim
2637 5044 2919 5100 exspecto;
2953 5052 3056 5091 non
3093 5040 3271 5110 exigo.
3299 5041 3555 5111 Iniurium
3584 5049 3785 5118 quippe

2207 5125 2312 5182 est,
2344 5133 2670 5190 magnopere
2708 5124 2945 5194 ﬂagitare
2977 5130 3117 5198 quod
3160 5147 3374 5200 speres;
3417 5153 3482 5191 ne
3519 5140 3662 5207 quod
3705 5142 3831 5196 est‘

2205 5208 2586 5277 voluntarium,
2615 5215 2861 5271 videatur
2889 5228 3180 5277 extortum.
3206 5225 3346 5280 Sane
3372 5226 3520 5283 fratri
3553 5246 3673 5285 meo
3706 5233 3787 5286 ln-

2205 5302 2456 5356 nocentio
2490 5305 2729 5373 gratulor
2753 5345 2769 5371 ,
2809 5309 3070 5364 amicitias
3119 5322 3237 5371 tuas
3258 5357 3272 5381 ,
3305 5320 3611 5389 priusquam
3653 5325 3785 5376 εστί-

2205 5391 2412 5460 berem,
2465 5397 2953 5470 contigisse:quia
3005 5403 3212 5460 facilior
3261 5411 3389 5463 mihi
3442 5414 3605 5478 coepit
3662 5431 3786 5471 esse

2206 5483 2325 5549 ejus
2359 5489 2775 5553 commendatio,
2808 5507 2964 5561 quem
2998 5497 3254 5564 probasti,
3294 5517 3452 5569 quam
3485 5504 3671 5558 luisset
3707 5509 3786 5560 in-

2204 5575 2426 5642 cogniti.
2455 5575 2636 5647 Itaque
2672 5581 2774 5635 hoc
2803 5599 2964 5638 unum
2998 5587 3242 5645 bcncllcii
3274 5598 3578 5664 expostulo,
3615 5608 3670 5652 ut
3695 5601 3784 5668 qui

2203 5664 2284 5718 sui
2313 5667 2688 5726 emendatione
2706 5672 2817 5742 jam
2844 5676 3065 5742 nititur;
3100 5684 3388 5741 testimonii
3416 5691 3584 5743 nostri
3613 5693 3781 5761 gratia

2203 5758 2519 5817 cumulatius
2548 5761 2819 5829 diligatur.
2861 5766 3005 5824 Vale.
