4132 6176
256 285 349 342 161

783 393 996 450 EPIST.
1046 391 1306 446 XXXVII.

767 501 1072 542 SYMNACHUS
1104 499 1342 540 AUSONIO.

325 587 441 642 Non
485 584 679 638 frustra
725 579 1022 649 pr:edicant
1053 595 1066 632 :
1098 577 1302 632 Meutes
1345 574 1620 630 hominum
1669 575 1841 630 nitere

253 677 460 748 liquido
493 676 600 739 die,
653 680 841 726 coacta
877 669 1019 722 nube
1055 667 1391 722 ﬂaccessere.
1444 667 1592 720 Meus
1631 665 1842 719 animus

257 771 418 824 ﬁdem
443 766 568 822 facit
585 762 855 832 exemplo.
880 759 1012 814 Nam
1033 759 1249 828 quoties
1279 759 1371 811 tibi
1400 758 1598 821 scribo,
1631 772 1695 812 ex
1719 773 1842 812 sen-

255 863 421 918 tentia
451 875 579 915 usus
609 857 891 912 verborum
919 853 1177 921 suppetit,
1211 865 1438 920 quorum
1466 850 1598 904 alias
1626 849 1843 917 suppel-

255 953 341 1008 Iex
368 952 499 1006 mihi
529 949 688 1004 desit.
719 946 929 1013 Quippe
959 943 1142 996 laetitia
1181 943 1375 1009 loquax
1417 955 1505 995 res
1531 950 1642 1006 est,
1679 948 1842 1008 atque

254 1042 576 1099 ostentatrix
603 1040 684 1092 sui
719 1037 890 1090 :adeo
924 1049 1128 1102 magna:
1159 1034 1294 1101 parti
1332 1033 1608 1086 hominum
1639 1032 1707 1085 ab
1739 1031 1842 1086 hoc

259 1136 451 1189 morbo
481 1132 623 1186 nulla
655 1129 832 1184 cautio
857 1137 962 1182 est.
995 1126 1179 1180 Patere
1202 1124 1384 1194 igitur,
1417 1139 1537 1193 qum
1565 1123 1629 1178 ad
1657 1123 1842 1177 laudes

260 1239 376 1282 tuas
405 1225 699 1295 pertinent,
731 1222 1130 1290 obloquentem,
1162 1219 1244 1272 vir
1268 1226 1524 1286 quantum
1554 1223 1640 1270 est
1671 1214 1843 1270 homi-

253 1335 378 1372 num
414 1317 469 1372 in
498 1315 656 1370 terris
701 1311 1123 1381 Spectatissitne;
1169 1310 1258 1378 qtti
1311 1323 1378 1363 ex
1419 1307 1644 1361 summis
1671 1306 1841 1375 copiis

252 1411 492 1478 vigiliam
524 1422 622 1476 pro
647 1404 780 1459 meis
808 1404 970 1457 rebus
1003 1400 1291 1464 anniteris,
1328 1407 1384 1453 et
1408 1397 1696 1452 amicitiam
1731 1405 1842 1451 sta-

251 1501 344 1554 bili
375 1496 653 1567 diligentia
685 1507 1016 1564 perseveras.
1042 1491 1100 1545 Si
1127 1490 1262 1545 Iides
1290 1490 1430 1544 seria
1454 1489 1702 1558 cuiquam
1721 1488 1838 1553 fuit,

253 1589 348 1644 tibi
385 1599 519 1659 puto
544 1601 694 1642 esse:
714 1599 872 1653 quam
897 1582 1138 1654 plerique
1161 1581 1324 1636 verbo
1353 1587 1648 1642 ostentant,
1677 1592 1842 1646 opere

252 1685 514 1736 deserunt
543 1697 557 1733 :
585 1677 724 1748 quod
753 1689 919 1746 genus
959 1675 1086 1728 nulli
1114 1672 1194 1728 rei
1228 1680 1333 1735 est,
1383 1671 1483 1725 nisi
1522 1669 1588 1724 ad
1615 1670 1839 1736 loquen-

1471 273 1955 332 EPISTOLARUM
1994 273 2200 332 LIBER
2235 275 2276 334 l.

1861 397 1914 456 Α
1944 391 2049 448 fide
2076 401 2132 447 et
2159 392 2450 449 sedulitate
2480 392 2708 460 militia,
2731 401 2976 449 sanctum
3000 393 3268 448 Victorem
3295 393 3523 448 amicum

3420 283 3520 334 162

1944 498 2122 537 meum
2146 493 2424 551 promptus
2443 483 2851 538 commendator
2875 484 3111 548 insinuo,
3143 497 3302 552 quem
3333 483 3397 536 ad
3423 485 3524 538 hoc

1943 575 2042 628 arvi
2078 575 2222 628 nulla
2259 583 2474 629 actuum
2505 576 2662 644 culpa
2687 574 2944 640 fuscavit;
2977 575 3070 629 sed
3103 576 3329 628 fortuna:
3355 573 3525 628 lice-

1943 666 2012 718 tia
2036 665 2322 734 (interdum
2344 668 2576 735 optimos
2597 666 2938 734 decolorans)
2970 680 3096 734 spes
3119 666 3234 734 ejus
3257 666 3524 733 paulisper

1943 757 2177 826 infregit.
2205 774 2338 827 quas
2362 761 2412 811 in
2447 759 2708 828 integrum
2738 761 2918 813 saeculi
2953 758 3228 812 beatitudo
3257 760 3526 821 restituet.

1943 849 1986 902 si
2020 849 2376 903 innocentiam
2408 850 2662 920 supplicis
2708 850 2946 904 secundo
2977 849 3159 904 favore
3189 847 3523 920 respexeris.

1945 939 2094 993 Vale.

2546 1011 2760 1068 EPIST.
2791 1011 2927 1066 XLI.

2435 1116 2744 1156 SYNMACIIUS
2770 1116 3012 1156 LUSONIO.

2017 1214 2180 1270 Facio
2219 1230 2358 1283 rem,
2401 1230 2522 1271 cum
2567 1217 2670 1270 tuis
2717 1217 2972 1283 moribus,
3028 1225 3141 1270 tum
3184 1230 3304 1270 meo
3350 1215 3526 1270 studio

1941 1316 2348 1376 congruentem,
2369 1316 2426 1360 tit
2446 1307 2898 1375 przesmntissimo
2914 1307 3030 1361 viro
3055 1307 3316 1361 amicitias
3340 1305 3527 1375 optimi

1942 1397 2200 1466 eujusque
2239 1397 2523 1452 conciliem
2556 1413 2571 1451 :
2607 1398 2752 1452 velut
2802 1413 2944 1451 nunc
2971 1398 3063 1451 tibi
3110 1411 3141 1450 a
3183 1412 3268 1450 me
3303 1396 3529 1450 traditur

1945 1486 2298 1555 philosophiae
2327 1487 2680 1550 candidatus;
2709 1487 2862 1557 cujus
2912 1488 3197 1558 pudorem,
3228 1487 3313 1541 vel
3357 1488 3528 1556 prima

1944 1578 2143 1642 facies;
2177 1589 2370 1632 caetera
2401 1578 2538 1631 bona
2576 1577 2766 1648 longus
2792 1595 2920 1634 usus
2947 1579 3216 1646 expediet.
3256 1578 3408 1632 Hunc
3430 1592 3532 1648 ego

1942 1669 2038 1722 abs
2081 1678 2134 1724 te
2183 1669 2380 1722 nollem
2422 1668 2594 1738 diligi,
2640 1669 2694 1721 ni
2727 1677 3022 1723 mereretur
3062 1668 3296 1737 probari.
3346 1667 3454 1722 Sed
3483 1667 3529 1722 si

253 1775 408 1824 dum.
429 1768 618 1824 Merito
641 1779 924 1836 processus
947 1775 1066 1816 tuos
1089 1763 1140 1816 in
1166 1775 1288 1816 meo
1313 1775 1419 1814 acre
1444 1759 1610 1814 duco:
1627 1757 1841 1827 quando
1874 1777 1919 1836 Β
1947 1763 2082 1816 bene
2112 1761 2344 1826 aestimo,
2371 1771 2608 1817 actutum
2638 1762 2950 1827 merebitur,
2982 1770 3142 1828 atque
3163 1761 3283 1813 ideo
3306 1759 3531 1827 diligeno

255 1862 402 1930 juxta
435 1873 644 1928 magna:
665 1870 808 1910 curze
841 1869 958 1908 sum
992 1853 1106 1915 tibi,
1139 1861 1300 1919 atque
1328 1865 1448 1903 cum
1478 1849 1711 1903 maxime
1745 1847 1839 1901 fui.

256 1954 522 2022 Superest
548 1959 724 2004 tamen
757 1943 977 2014 aliquid,
1009 1942 1149 2013 quod
1195 1942 1316 1995 huic
1346 1940 1400 1994 itt
1427 1955 1514 1993 me
1542 1938 1721 1993 studio
1748 1939 1844 1990 ad-

252 2044 343 2114 jici
371 2043 557 2096 velim.
604 2039 738 2095 Nolo
781 2035 1113 2099 memineris,
1145 2032 1284 2103 quod
1337 2030 1625 2100 aliquando
1660 2028 1843 2084 animo

260 2147 348 2190 tuo
369 2131 674 2188 suecensui.
704 2131 871 2184 Amor
899 2125 1146 2180 fiduciam
1177 2123 1363 2177 nutrit.
1393 2120 1530 2189 Quid
1571 2129 1679 2175 tam
1711 2119 1846 2175 libe-

257 2243 402 2291 rum,
449 2238 610 2294 quam
641 2219 910 2275 amicitia?
949 2217 1189 2285 Negotiis
1240 2215 1556 2285 plerumque
1595 2213 1842 2282 apposita

257 2329 337 2373 est
363 2315 730 2386 expostulatio
761 2314 877 2366 sine
907 2310 1024 2364 labe
1051 2307 1375 2363 concordiae.
1406 2305 1482 2358 Ita
1520 2320 1706 2360 verum
1736 2316 1842 2368 est,

256 2411 401 2480 quod
452 2409 615 2462 hodie
644 2405 737 2459 tibi
772 2402 974 2473 gratias
1002 2415 1124 2470 ago,
1166 2410 1224 2452 ut
1271 2397 1401 2450 illud
1445 2410 1550 2450 non
1584 2394 1844 2463 potuerim

255 2501 624 2563 dissimulare,
667 2494 811 2564 quod
841 2491 1006 2572 dolui.
1039 2491 1204 2544 Cassa
1234 2487 1337 2541 fide
1366 2497 1510 2551 sunt,
1539 2485 1628 2554 qui
1648 2483 1847 2554 jugiter

253 2592 627 2648 blandiuntur.
659 2585 764 2640 Sed
805 2582 930 2652 quid
955 2581 1156 2634 diutius
1194 2592 1254 2632 ea
1298 2587 1504 2640 retexo,
1535 2589 1763 2643 quorum
1795 2582 1848 2628 te

253 2682 500 2738 oblivisci
526 2677 687 2733 volo?
719 2677 865 2740 Esto,
897 2684 956 2726 ut
983 2687 1065 2740 es,
1088 2669 1314 2736 benigna
1343 2667 1393 2721 iit
1423 2681 1510 2720 nte
1537 2665 1842 2718 voluntate:

251 2772 397 2842 quod
422 2785 529 2840 ego
557 2765 880 2837 sperandunt
911 2765 1080 2833 magis
1104 2778 1134 2816 a
1167 2771 1219 2816 te
1251 2761 1426 2815 sentio
1453 2773 1610 2828 quam
1654 2765 1844 2826 peten-

256 2866 409 2918 dum.
442 2861 596 2915 Vale.

786 2925 1000 2980 EPIST.
1035 2921 1324 2978 XXXVIII.

759 3031 1067 3072 SHIMACIIUS
1096 3027 1338 3068 AUSONIO.

323 3130 493 3185 Falso
530 3127 769 3184 creditur
795 3125 978 3195 judicii
1012 3124 1246 3177 nesciam
1279 3136 1399 3177 esse
1429 3121 1720 3177 fortunam.
1748 3120 1840 3177 Illa
1866 3139 1914 3202 (ς

257 3238 393 3276 vero
444 3235 498 3276 et
549 3219 939 3289 prmteritorutn
986 3231 1214 3284 memor,
1252 3223 1306 3268 et
1335 3214 1680 3284 praesentium
1725 3214 1846 3268 dili-

252 3329 412 3384 g-«ns,
442 3322 501 3366 et
535 3313 768 3380 prudens
798 3309 982 3375 futuri,
1026 3309 1120 3362 tibi
1158 3308 1422 3376 rependit,
1454 3306 1711 3376 quidquid
1740 3321 1847 3361 cae-

257 3407 390 3457 teris
423 3402 696 3472 prmstitit.
728 3399 841 3454 Non
874 3415 1001 3468 ergo
1023 3414 1179 3464 vana,
1210 3413 1384 3468 neque
1406 3399 1634 3453 erratica
1664 3407 1747 3453 est
1776 3413 1846 3452 :a

262 3512 367 3563 qua
399 3495 605 3548 scimus
635 3494 769 3547 alios
797 3493 1014 3545 domum
1039 3490 1284 3559 ccepis'se,
1317 3500 1367 3545 te
1397 3493 1694 3559 pra‘mium.
1719 3491 1849 3559 Quis

257 3587 357 3639 tibi
387 3586 612 3639 honoris
643 3585 812 3638 nastii
841 3582 1096 3655 (inquies)
1129 3583 1255 3638 fecit
1289 3584 1584 3638 indicium?
1607 3584 1850 3640 Celebri-

263 3689 351 3729 tas
378 3679 667 3750 [δωδεκευί
693 3677 832 3742 justa
852 3675 1086 3728 narranti
1108 3675 1286 3728 statim
1311 3675 1562 3729 creditur.
1581 3676 1663 3728 An
1683 3689 1850 3743 oppe-

261 3770 401 3822 rirer
427 3784 597 3837 super
619 3769 717 3820 hoc
740 3777 856 3820 tuas
884 3767 1107 3830 litteras,
1130 3784 1263 3834 quas
1286 3768 1606 3822 t’erecundia
1639 3767 1852 3821 diﬂ'ere-

259 3859 380 3912 hat?
413 3859 669 3920 Minime;
697 3858 958 3926 siquidem
979 3857 1213 3912 diiftcilis
1237 3867 1321 3912 est
1351 3858 1600 3926 patientia
1629 3859 1852 3927 gaudio-

259 3965 401 4002 rum.
446 3947 662 4017 Fungor
701 3947 880 4015 igitur,
913 3955 970 4000 ut
997 3947 1166 4012 vides,
1200 3951 1437 4014 partibus
1478 3949 1602 4015 tuis,
1648 3959 1702 4002 et
1731 3965 1851 4017 qu.e

259 4040 425 4095 debui
460 4055 786 4109 cognoscere
815 4040 977 4093 malui
1005 4041 1403 4109 quodammodo
1435 4041 1700 4096 nuntiare.
1742 4042 1850 4096 Sed

262 4135 394 4186 nolo
416 4133 518 4185 ista
549 4132 855 4200 properatio
879 4134 1175 4186 litterarum
1208 4150 1446 4187 tncarutn
1481 4145 1626 4187 tuum
1659 4150 1854 4190 munus

267 4222 558 4291 impediat.
594 4223 742 4277 Scire
771 4237 878 4289 me,
910 4223 1050 4290 quod
1083 4238 1225 4277 nunc
1245 4225 1446 4289 scribo,
1476 4225 1774 4291 dissimula,
1800 4235 1854 4280 et

262 4314 447 4366 tribue
478 4313 632 4381 quasi
677 4327 871 4367 novum
918 4315 1191 4381 nuntium,
1225 4330 1383 4384 quem
1421 4331 1521 4383 ego
1546 4317 1856 4386 gratulabor

263 4403 543 4457 iteratum.
571 4401 721 4458 Vale.

823 4473 1040 4530 EPIST.
1077 4474 1322 4532 XXXiX.

773 4580 1083 4621 SYIIJIACIIUS
1112 4580 1356 4621 AUSONIO.

345 4677 468 4732 Se'o
497 4677 713 4749 quidem
741 4679 945 4735 litteras
967 4697 1112 4736 meas
1142 4680 1235 4736 tibi
1263 4696 1388 4737 sero
1417 4681 1739 4750 reddendas,
1773 4683 1858 4740 vel

269 4781 495 4839 propter
523 4773 924 4840 occupationes,
955 4782 1074 4844 qua:
1117 4784 1170 4829 te
1214 4774 1265 4828 in
1299 4776 1572 4844 procinctu
1614 4777 1858 4846 aliquan-

269 4865 444 4930 tisper
488 4862 774 4928 tenebunt;
825 4863 909 4918 vel
945 4863 1084 4934 quod
1130 4865 1293 4920 frater
1339 4882 1489 4920 meus
1532 4867 1856 4936 Gorgonius,

268 4954 573 5006 admirator
617 4953 874 5009 virtutum
907 4964 1137 5022 tuarum,
1174 4956 1396 5012 diutina:
1432 4959 1570 5027 apud
1613 4958 1857 5014 Picentes

273 5045 581 5114 indulgebit
605 5049 784 5116 quieti.
827 5047 897 5103 Ut
921 5056 979 5100 ut
1006 5059 1090 5102 est
1121 5059 1300 5103 tamen
1333 5051 1432 5104 ista
1479 5053 1740 5118 cunditio,
1772 5068 1864 5107 su—

267 5139 672 5205 persedendum
711 5140 888 5194 ofﬁcio
932 5157 1036 5195 non
1072 5147 1271 5208 putavi.
1317 5142 1449 5196 Fors
1482 5142 1614 5209 fuat,
1649 5159 1714 5198 an
1750 5146 1862 5200 haec

267 5238 490 5284 mature
536 5231 587 5284 in
617 5247 807 5286 manus
840 5244 958 5287 tuas
1000 5238 1196 5302 scripta
1235 5236 1340 5290 sint
1370 5247 1614 5290 ventura.
1647 5239 1754 5306 Ego
1781 5248 1862 5291 ta-

266 5335 404 5375 tuen
429 5335 686 5391 quantum
713 5340 808 5392 per
837 5337 1202 5380 commeantes
1237 5326 1438 5393 licebit,
1465 5328 1593 5396 justi
1628 5333 1865 5385 muneris

264 5425 498 5482 operam
529 5430 631 5467 non
664 5428 963 5483 reparcam.
1001 5415 1149 5470 Vale.

867 5509 1103 5563 .EI‘IST.
1132 5508 1243 5563 XL.

769 5613 1078 5655 δι’)ηιλοιιυε
1103 5616 1345 5655 Αυεοκιο.

342 5685 468 5740 Non
497 5702 692 5748 novum
721 5697 811 5745 aut
848 5691 1202 5760 incognitum,
1251 5691 1346 5748 sed
1387 5702 1725 5764 cumpertum
1754 5692 1864 5764 jam

1946 1861 2028 1904 ter
2053 1851 2120 1905 de
2146 1852 2248 1906 hoc
2273 1851 2401 1905 nihil
2426 1851 2655 1916 amplius
2679 1866 2796 1905 oro.
2833 1850 3016 1919 Neque
3041 1850 3184 1904 enim
3215 1847 3528 1917 prtejudicio

1946 1960 2067 1999 meo
2091 1945 2250 2000 debet
2277 1946 2519 2014 astringi,
2552 1945 2704 2014 cujus
2724 1954 2977 2015 exspecto
2999 1944 3282 2014 judicium.
3312 1941 3444 1998 Illud
3478 1951 3532 1996 te

1946 2038 2122 2103 potius
2151 2044 2361 2089 oratum
2385 2035 2527 2098 volo,
2555 2045 2611 2088 ut
2639 2036 2805 2088 nostri
2838 2034 3168 2102 diligentiam
3193 2046 3530 2104 perseveres.

1945 2124 2098 2192 Quod
2132 2141 2253 2180 cum
2293 2125 2551 2194 efflagito,
2601 2139 2793 2180 vereor
2833 2139 2902 2178 ne
2950 2139 3038 2178 me
3073 2125 3323 2192 injurium
3352 2132 3530 2192 putes,

1945 2219 2036 2288 qni
2056 2233 2087 2272 a
2119 2227 2170 2272 te
2192 2217 2480 2289 postulem,
2510 2217 2654 2288 quod
2676 2226 2869 2287 sponte
2891 2227 3240 2288 praestaturus
3264 2231 3346 2272 es.
3371 2215 3528 2272 Vale.

2528 2329 2744 2386 EPIST.
2775 2328 2936 2384 XLII.

2443 2455 2752 2496 SVIIMACIIUS
2779 2455 3021 2497 AUSONiO.

2018 2548 2388 2620 Compensasti
2420 2551 2635 2621 longum
2665 2552 2936 2607 silentium
2966 2551 3180 2621 gemina
3219 2549 3529 2620 scriptione.

1949 2638 2157 2694 Pariter
2205 2644 2348 2694 enim
2406 2641 2560 2697 binas
2612 2642 2819 2697 litteras
2863 2643 3158 2712 praebuisti,
3203 2640 3530 2695 desiderium

1950 2747 2127 2787 meum
2159 2733 2339 2789 officio
2389 2734 2620 2802 largiore
2661 2735 3000 2804 complexus.
3046 2735 3124 2788 Ex
3167 2749 3274 2803 quo
3300 2733 3530 2797 adverti,

1949 2841 2056 2879 non
2086 2825 2416 2881 voluntatem
2449 2824 2542 2879 tibi
2570 2825 2850 2891 hactenus,
2889 2824 2983 2879 sed
3010 2824 3243 2893 bajulum
3273 2823 3529 2878 defuisse.

1948 2913 2133 2983 Neque
2155 2914 2298 2968 enim
2326 2913 2480 2967 aliter
2502 2915 2762 2983 potuisset
2800 2913 3065 2978 accidere,
3108 2925 3163 2967 ut
3206 2928 3294 2968 me
3345 2912 3530 2968 tandiu

1947 3004 2218 3059 sermonis
2244 3005 2317 3058 tui
2349 3005 2554 3059 honore
2589 3003 2883 3060 fraudares.
2925 3005 3115 3058 Merito
3149 3003 3290 3073 apud
3336 3019 3437 3059 nos
3477 3005 3530 3060 in

1949 3096 2067 3151 dies
2089 3095 2330 3165 singulos
2354 3095 2425 3149 tni
2448 3096 2622 3150 cultus
2645 3096 2904 3164 augescit,
2934 3105 2987 3148 ct
3009 3095 3156 3163 justo
3177 3095 3394 3149 cumulo
3412 3110 3530 3149 ere-

1948 3189 2052 3243 scit
2078 3188 2310 3242 affectio.
2353 3187 2593 3256 Namque
2621 3187 2692 3241 ita
2724 3202 2823 3242 usu
2865 3189 3231 3256 comparatum
3265 3187 3526 3252 videmus,

1947 3292 2005 3335 ut
2035 3280 2272 3335 amicitia
2315 3279 2451 3335 bene
2481 3280 2674 3340 locata,
2707 3279 3040 3347 experiundo
3069 3278 3307 3347 quotidie
3340 3293 3531 3347 preve-

1950 3370 2126 3425 hatur.
2156 3369 2261 3427 Sed
2301 3371 2368 3424 de
2399 3371 2496 3424 ista
2543 3379 2696 3439 parte
2725 3369 2907 3424 verbis
2940 3370 3397 3439 supersedendum
3425 3379 3527 3424 est.

1952 3464 2132 3532 Neque
2162 3463 2306 3518 enim
2333 3466 2420 3517 ine
2447 3466 2664 3532 opiirtet
2683 3462 2885 3526 dicere,
2921 3475 3040 3531 qua:
3064 3473 3114 3516 te
3136 3461 3277 3517 ntalo
3303 3464 3526 3517 sentire.

1949 3553 2198 3620 Comperi
2244 3568 2373 3608 sane
2417 3570 2485 3609 ex
2531 3553 2722 3607 litteris
2768 3553 2892 3619 tuis,
2950 3565 3282 3624 quantopere
3330 3555 3529 3624 publici

1950 3647 2186 3699 muneris
2213 3645 2605 3699 absolutionem
2627 3643 2890 3712 requiras,
2913 3654 2968 3699 et
2993 3648 3209 3713 stupere
3230 3658 3315 3700 me
3338 3647 3528 3712 fateor,

1953 3745 2156 3789 tantum
2188 3735 2281 3789 tibi
2312 3735 2790 3790 administrationis
2819 3735 2934 3805 ejus
2965 3751 3087 3792 esse
3119 3737 3414 3806 fastidium,
3445 3740 3530 3792 cui

1952 3826 2155 3880 fructus
2184 3826 2449 3894 optabiles
2480 3826 2720 3881 omnium
2753 3841 2906 3881 amor
2930 3827 3179 3897 spondet.
3205 3826 3286 3880 An
3317 3835 3401 3881 est
3433 3828 3532 3881 ali-

1955 3916 2082 3984 quid
2127 3919 2367 3972 tenacius
2403 3917 2596 3986 gloria,
2628 3933 2747 3987 qua
2776 3918 2986 3973 Iaudem
3026 3919 3207 3987 adjicit
3234 3920 3530 3988 voluptati?

1953 4007 2048 4062 sed
2081 4018 2256 4061 tamen
2297 4022 2426 4061 cura
2457 4023 2563 4062 non
2603 4009 2796 4070 deerit.
2842 4019 2900 4062 ut
2947 4009 3206 4077 potiaris:
3233 4020 3290 4065 tu
3329 4021 3534 4066 tantum

1955 4099 2441 4169 peregrinationem
2471 4101 2810 4170 solatejnsto
2835 4116 3022 4157 amore
3043 4103 3352 4172 provincia.
3385 4103 3535 4159 Vale.

2523 4213 2739 4269 EPIST.
2779 4213 2966 4268 XLIII.

2457 4317 2766 4358 BYMMACIIUS
2798 4319 3040 4360 AUSONIO.

2031 4411 2200 4467 Vetus
2239 4415 2500 4469 sententia
2540 4423 2619 4470 est
2651 4431 2666 4469 :
2697 4415 2854 4470 Artes
2895 4415 3103 4471 honore
3153 4407 3366 4474 nut'riri.
3407 4417 3539 4476 Eam

1886 4505 1936 4565 Ι)
1965 4517 2164 4557 nostrae
2192 4505 2363 4558 aetatis
2393 4520 2519 4560 usus
2545 4505 2900 4560 confirmavit.
2934 4505 3102 4562 Nemo
3125 4508 3267 4562 enim
3291 4509 3416 4564 belli
3447 4525 3540 4565 no-

1963 4604 2066 4662 tus,
2101 4604 2195 4649 aut
2238 4595 2380 4650 domi
2419 4595 2596 4651 clarus
2636 4607 2904 4651 exsortem
2936 4599 3142 4667 praemii
3186 4601 3357 4655 sensit
3387 4601 3542 4657 indu~

1961 4687 2171 4741 striam.
2232 4686 2306 4739 Ita
2345 4703 2466 4741 cum
2505 4687 2678 4757 dignis
2728 4687 2934 4742 fructus
2980 4688 3256 4755 tribuitur,
3296 4691 3540 4747 eamdem

1961 4778 2100 4832 viam
2127 4778 2526 4847 capessentibus
2541 4791 2665 4848 spes
2685 4786 2922 4848 paratur.
2949 4777 3128 4834 Glisco
3150 4779 3311 4849 igitur
3327 4781 3543 4852 gaudio,

1960 4884 2082 4923 cum
2115 4880 2336 4939 prapter
2367 4870 2524 4934 alios,
2556 4871 2749 4938 quibus
2780 4872 3042 4925 fortunam
3073 4871 3247 4925 solers
3275 4872 3380 4925 vita
3409 4888 3544 4928 con-

1963 4963 2138 5026 ciliat;
2174 4973 2284 5015 tum
2317 4965 2551 5016 maxime
2577 4961 2773 5016 Juliani
2807 4961 2986 5015 fratris
3028 4962 3132 5015 mei
3162 4963 3353 5030 gratia,
3381 4977 3541 5031 quem

1967 5056 2045 5109 s‘c
2061 5069 2091 5108 a
2116 5063 2168 5108 te
2189 5054 2336 5124 diligi
2363 5054 2507 5118 volo,
2528 5054 2738 5120 probari
2757 5067 2913 5120 posse
2935 5051 3164 5107 conﬁdo.
3189 5051 3308 5107 Scis
3331 5067 3544 5123 nempe,

1969 5148 2022 5201 in
2053 5147 2147 5202 illo
2172 5147 2373 5202 forensi
2405 5147 2628 5216 pulvere
2656 5162 2816 5215 quam
2841 5161 2961 5201 rara
2988 5145 3239 5216 cognatio
3259 5145 3330 5199 sit
3356 5145 3547 5201 facun-

1967 5240 2136 5294 dioris
2182 5248 2236 5294 et
2277 5239 2399 5293 boni
2440 5239 2672 5308 pectoris
2703 5257 2717 5293 :
2751 5239 2876 5292 dum
2929 5248 3022 5293 aut
3062 5239 3364 5294 modestum
3400 5240 3547 5310 inge~

1969 5334 2114 5385 nium
2139 5330 2458 5385 verecundia
2488 5330 2857 5395 contrahitur;
2886 5340 2979 5384 aut
3008 5344 3259 5386 successu
3291 5336 3547 5399 eloquens

1971 5422 2264 5476 ittSulescil.
2295 5421 2369 5474 lla
2388 5435 2418 5474 c
2445 5422 2498 5475 in
2531 5435 2650 5475 meo
2680 5421 2925 5475 familiari
2949 5437 3012 5476 ac
3042 5422 3346 5478 necessario
3371 5437 3433 5476 ea
3461 5438 3548 5476 so-

1972 5514 2165 5568 cietate
2195 5515 2496 5582 viguerunt,
2538 5523 2593 5566 ut
2632 5528 2802 5581 neque
2843 5513 3054 5580 objecta
3087 5514 3306 5584 pudoris
3346 5521 3548 5578 areret,

1975 5623 2074 5661 nec
2117 5622 2236 5660 cum
2269 5608 2592 5662 detrimento
2631 5608 2818 5661 frontis
2853 5607 3118 5661 afﬂueret.
3169 5606 3446 5674 Nunquam
3496 5608 3549 5665 in

1975 5699 2275 5754 mercedem
2301 5710 2609 5754 ornamenta
2637 5699 2828 5769 linguae
2853 5697 3112 5767 corrupit.
3140 5696 3329 5752 Merito
3359 5712 3422 5754 ac
3445 5697 3555 5754 for-
