4074 6176
492 301 596 358 165

1724 290 1787 358 ρ.
1831 288 2109 345 Αιιιὶειιι
2147 285 2491 348 SYMMACIII

489 416 634 472 tunis
661 411 856 474 tenuis,
883 407 1210 477 opulentiam
1247 405 1666 474 fide,‘qu:estum
1705 402 1864 458 laude
1892 410 2066 458 muta-
2094 408 2147 464 Α
2174 403 2338 458 tacito
2352 416 2485 471 opus
2503 408 2604 466 est,
2621 400 2864 456 utbonor
2882 398 3132 456 amicitias
3149 396 3274 456 mibi
3297 398 3497 454 feratur
3509 410 3752 469 accepto;

491 504 582 560 vit.
613 503 763 558 llunc
784 501 877 556 tibi
901 498 952 552 in
984 512 1216 561 manum,
1239 495 1323 551 vel
1353 495 1524 564 magis
1545 495 1596 548 in
1625 495 1860 547 animum
1893 493 2070 548 libens

491 595 663 651 trado.
717 591 847 646 Nam
896 590 1029 644 milii
1070 602 1275 644 summa
1315 584 1522 642 curatio
1565 593 1649 639 est
1697 593 1751 638 ut
1779 583 2067 638 amicitiam

492 695 633 739 tuam
673 683 796 738 boni
837 681 1079 735 uberent.
1135 679 1210 732 'fe
1257 691 1469 746 quoque
1520 675 1661 728 idem
1691 674 1851 741 velle,
1897 673 2069 729 habeo

491 786 842 845 compertum.
875 775 1096 842 Semper
1119 771 1262 824 enim
1291 780 1486 823 natura
1519 767 1718 837 gaudet
1740 767 2069 837 aequalibus;

491 877 545 924 et
575 867 834 920 familiare
866 865 965 917 sibi
998 871 1081 917 est
1135 877 1297 915 omne
1345 859 1486 930 quod
1516 859 1698 913 simile
1728 868 1830 914 est.
1869 858 1973 912 Sed
2006 870 2074 910 ne

492 958 700 1028 prolixo
726 955 1031 1010 testimonio
1062 952 1420 1026 suspicionem
1444 951 1738 1004 laudatoris
1761 949 2030 1002 incurram
2053 963 2068 1010 ;

493 1064 676 1119 quaeso
701 1049 814 1116 ipse
853 1047 920 1100 de
958 1060 1022 1099 eo
1045 1043 1253 1112 judices
1280 1043 1527 1096 examine
1555 1041 1826 1110 pensiore.
1852 1039 1924 1093 Ita
1949 1053 2072 1092 cum

493 1140 633 1194 illius
676 1137 975 1192 institutum
1007 1132 1345 1205 probaveris,
1394 1132 1691 1202 periculum
1731 1129 1919 1200 judicii
1962 1129 2068 1184 mei

493 1229 706 1284 feceris.
753 1227 900 1282 Vale.

1060 1293 1275 1349 EPIST.
1324 1291 1507 1346 XLIV.

880 1399 1119 1440 SYMMACII
1129 1399 1188 1437 US
1217 1397 1408 1438 AGURIO
1437 1397 1588 1436 PRET
1598 1398 1713 1438 ειτ.

566 1502 800 1555 Meretur
862 1497 1186 1566 indulgentia
1244 1495 1298 1551 in
1373 1510 1460 1549 me
1517 1503 1636 1558 tua,
1702 1502 1758 1548 ut
1810 1507 1905 1558 ea,
1959 1505 2077 1561 qum

496 1591 742 1663 proxime
779 1589 920 1642 laudi
953 1587 1083 1641 tnibi
1113 1585 1348 1649 fuerunt,
1393 1586 1530 1638 clam
1582 1594 1632 1638 te
1671 1597 1792 1638 esse
1833 1597 1940 1636 non
1983 1597 2076 1650 pa-

497 1687 616 1740 tiar.
652 1683 825 1738 Credo
855 1681 1108 1736 indicium
1131 1679 1321 1734 fecisse
1347 1678 1445 1733 tibi
1473 1679 1687 1742 famam,
1712 1678 1853 1746 quod
1887 1692 2078 1746 paren-

2174 508 2347 563 neque
2375 494 2551 547 omnia
2587 493 2836 547 mandata
2864 503 2990 547 sunt
3019 493 3241 558 litteris,
3268 501 3324 545 ut
3356 492 3429 546 illi
3461 490 3661 560 aliquid
3688 495 3754 545 ad

2174 584 2497 640 narrandum
2530 586 2880 652 relinquatur.
2914 586 3112 654 Accipe
3139 592 3317 638 tamen
3349 599 3527 638 rerum
3557 585 3753 654 capita,

2173 687 2229 733 et
2270 692 2506 732 summas
2553 678 2915 746 negotiorum,
2963 677 3157 745 quibus
3204 676 3367 730 frater
3409 675 3712 730 admonitus
3739 717 3755 741 ,

2175 769 2397 837 quaesita
2429 768 2586 821 latius
2608 779 2950 837 exsequatur.
2981 766 3246 822 Conten't
3276 769 3412 820 inter
3427 767 3756 832 sacerdotes,

2176 867 2236 912 ut
2261 859 2312 912 in
2343 858 2641 912 custodiam
2675 857 2873 911 civium
2903 857 3112 924 publico
3140 856 3403 924 obsequio
3427 856 3762 911 traderemus

2175 962 2355 1000 curam
2410 946 2653 1000 deorum.
2707 944 3018 1014 Benignitas
3067 947 3210 997 enim
3260 944 3552 1012 superioris
3583 985 3598 1008 ,
3657 945 3762 999 nisi

2174 1039 2318 1092 cultu
2345 1047 2618 1098 teneatur,
2649 1037 2934 1091 amittitur.
2966 1036 3105 1104 Ergo
3136 1037 3306 1090 mul'o
3332 1043 3478 1090 tanto
3498 1038 3761 1102 orna'ior,

2175 1144 2332 1198 quam
2375 1128 2604 1194 solebat,
2633 1126 2873 1182 caelestis
2900 1127 3070 1180 factus
3090 1135 3172 1180 est
3198 1128 3387 1181 honor.
3433 1129 3764 1197 Exspectare

2178 1218 2309 1272 mihi
2356 1218 2555 1272 videris
2596 1217 2807 1285 omnia,
2837 1231 2955 1286 qua).
2981 1226 3288 1282 supersunt.
3322 1217 3568 1271 Titianus
3611 1232 3765 1272 meus

2179 1309 2427 1380 fungetur
2477 1308 2765 1369 indicium.
2811 1309 2897 1362 cui
2937 1307 3294 1374 indulgentius
3325 1309 3574 1362 narrandi
3621 1309 3763 1378 qunti

2179 1401 2332 1464 velis,
2359 1413 2520 1467 opera
2561 1399 2732 1468 legata
2758 1408 2860 1452 εει.
2892 1397 3138 1451 Edictum
3163 1399 3493 1468 principum,
3526 1398 3627 1454 nisi
3654 1399 3762 1468 jam

2185 1501 2367 1545 notum
2396 1498 2499 1556 est,
2531 1489 2670 1544 idem
2699 1488 2794 1543 tibi
2814 1498 3050 1543 assertor
3071 1489 3338 1557 expediet.
3360 1489 3574 1544 Statuas
3603 1492 3763 1544 etiam

2181 1582 2460 1650 recepistis
2501 1579 2690 1634 iisdem
2724 1593 2859 1647 pene
2895 1579 3074 1648 populi
3104 1580 3606 1644 acclamationibus,
3649 1580 3764 1649 qni-

2184 1674 2282 1728 bus
2307 1673 2624 1727 amiseratis.
2662 1671 2857 1727 Rides?
2877 1679 2932 1726 et
2963 1671 3090 1725 libet
3118 1671 3294 1726 rideas
3327 1670 3526 1725 affatim
3561 1689 3575 1725 :
3607 1672 3762 1740 plura

499 1785 605 1831 tem
637 1789 814 1829 meum
838 1772 947 1826 ruri
976 1780 1135 1840 atque
1170 1770 1223 1824 in
1257 1784 1472 1826 secessu
1495 1773 1706 1824 amissaa
1733 1769 1926 1823 domus
1947 1768 2083 1832 inju-
2113 1771 2161 1830 Β
2187 1764 2396 1828 desino,
2426 1779 2494 1818 ne
2522 1763 2609 1832 qui
2641 1762 2868 1817 strictim
2911 1761 3132 1816 meliora
3170 1761 3414 1830 detexui,
3463 1761 3520 1816 in
3543 1761 3765 1816 minori.

498 1865 634 1920 riam
661 1864 1070 1934 decoquentem,
1103 1861 1474 1930 frequentibus
1513 1860 1807 1928 suffragiis;
1849 1859 2079 1926 denique

497 1956 802 2013 oratoribus
849 1954 1048 2017 missis,
1101 1967 1241 2006 novo
1281 1953 1486 2006 honore
1527 1962 1748 2006 senatus
1799 1948 2078 2004 acciverit.

496 2053 610 2119 Qua
640 2063 798 2104 causa
831 2047 918 2101 ubi
942 2045 1174 2115 primum
1199 2044 1502 2098 facultatem
1531 2040 1782 2112 loquendi
1809 2039 1949 2108 apud
1977 2037 2080 2093 col-

499 2143 645 2210 legas
672 2139 851 2192 attulit
875 2137 1013 2199 dies,
1043 2134 1153 2204 egit
1181 2134 1273 2188 ille
1311 2135 1518 2188 senatui
1551 2133 1772 2202 gratias,
1802 2146 1864 2184 ea
1897 2128 2080 2184 facun-

498 2232 600 2286 dite
638 2226 921 2300 gravitate,
963 2240 1067 2296 qua
1113 2234 1276 2279 notus
1311 2232 1414 2279 est.
1447 2222 1698 2278 Calendte
1736 2231 1862 2276 tunc
1902 2227 2079 2283 erant,

500 2322 693 2392 quibus
722 2334 894 2374 annus
939 2317 1198 2387 aperitur.
1239 2315 1398 2370 Brevi
1444 2313 1729 2368 intervallo
1772 2325 1894 2366 cum
1927 2307 2080 2362 fami-

501 2413 648 2468 liaris
692 2412 796 2466 mei
839 2407 1041 2478 Trigeti
1091 2408 1202 2461 filio
1241 2405 1496 2476 primorie
1541 2402 1826 2458 candidato
1859 2400 2082 2455 actionis

503 2518 722 2573 Operam
753 2499 1184 2573 spopondissem,
1234 2499 1472 2550 animum
1523 2495 1712 2564 religio
1751 2492 2001 2548 convenit
2029 2500 2086 2544 ut

505 2583 786 2652 occasione
813 2591 1064 2648 destinati
1096 2590 1259 2644 officii
1294 2590 1502 2644 obirem
1529 2603 1720 2641 munus
1748 2586 1920 2640 adhuc
1947 2600 1975 2637 a
1999 2598 2086 2638 me

507 2685 644 2756 patri
683 2683 954 2746 debitum;
988 2680 1106 2747 sed,
1132 2687 1191 2734 ut
1218 2679 1355 2743 dixi,
1394 2679 1462 2732 ab
1493 2678 1587 2732 illo
1616 2675 1825 2731 senatui
1847 2675 1957 2742 jam
1998 2688 2088 2727 Stt-

509 2774 699 2829 Iutum.
748 2773 888 2842 Ergo
917 2772 986 2824 ad
1017 2775 1264 2838 quintum
1293 2769 1414 2823 idus
1442 2767 1682 2822 Januarii
1710 2767 1874 2820 verba
1903 2766 2000 2818 fecl
2033 2765 2085 2818 in

508 2861 841 2932 amplissimo
865 2860 1053 2915 ordine
1080 2877 1092 2912 :
1118 2874 1238 2929 quae
1265 2859 1351 2914 ubi
1376 2858 1429 2912 in
1453 2872 1642 2912 manus
1669 2860 1787 2911 tuas
1815 2857 2085 2932 venerint,

513 2968 577 3008 ex
613 2962 705 3007 tuo
742 2953 922 3005 animo
951 2950 1208 3020 conjicies
1239 2948 1438 3019 judicia
1468 2958 1808 3003 cancrorum.
1839 2929 1949 3016 ligo
1989 2948 2088 2999 sub

511 3046 720 3100 incerto
743 3044 1003 3099 examinis
1037 3043 1134 3106 tui,
1161 3040 1386 3095 aliorum
1435 3039 1732 3095 sententias
1765 3037 2086 3092 occulendns

2192 1856 2293 1912 bus
2320 1855 2503 1910 videar
2524 1853 2818 1909 immorari.
2848 1852 2994 1908 Vale.

2743 1941 2955 1998 EPIST.
2998 1942 3204 1997 XLVII.

2535 2049 2848 2091 SYIIIACIIUS
2886 2049 3079 2089 Δοοιιιο
3117 2047 3400 2089 ΡΒΕΤΕΧΤ.

2253 2147 2462 2204 Silentii
2491 2145 2660 2201 nostri
2686 2143 2826 2199 ratio
2848 2143 3059 2198 diversa
3086 2151 3198 2210 est,
3240 2143 3334 2198 sed
3362 2155 3498 2198 unus
3525 2140 3767 2200 enectus.

2186 2241 2268 2296 Me
2289 2242 2510 2309 impedit
2537 2237 2875 2308 pontificialis
2895 2235 3054 2291 offlcii
3076 2249 3236 2303 cura,
3265 2244 3317 2290 te
3344 2235 3525 2289 Baiani
3552 2236 3643 2290 otii
3676 2251 3770 2291 ne-

2185 2333 2458 2402 gligentia.
2493 2331 2675 2398 Neque
2713 2328 2857 2383 enim
2886 2326 3062 2381 minus
3103 2325 3338 2380 residem
3369 2325 3493 2380 facit
3523 2327 3770 2380 remissio

2188 2423 2395 2488 animi,
2443 2435 2602 2490 quam
2634 2418 2934 2487 occupatio.
2958 2417 3074 2482 Nec
3114 2416 3305 2469 mirum
3330 2457 3347 2481 ,
3391 2417 3435 2470 si
3478 2426 3529 2471 te
3558 2417 3644 2470 illa
3680 2432 3772 2469 ora

2189 2522 2358 2568 totum
2381 2511 2481 2566 sibi
2511 2509 2773 2572 vindicat;
2798 2523 2918 2563 cum
2938 2508 3109 2576 ipsum
3137 2507 3448 2562 Annibalem
3474 2507 3605 2561 fides
3627 2517 3770 2561 certa

2187 2605 2291 2669 sit,
2325 2603 2466 2658 bello
2513 2602 2768 2656 invictum
2801 2614 2991 2655 manus
3031 2599 3247 2654 dedisse
3285 2598 3612 2668 Campaniae.
3658 2597 3772 2652 Non

2190 2695 2332 2749 illius
2375 2693 2497 2747 cmli
2539 2701 2631 2745 aut
2668 2690 2768 2746 soli
2815 2690 3125 2745 illecebram
3171 2688 3376 2743 retinax
3418 2688 3774 2742 adventorum

2188 2793 2326 2847 lotos
2359 2789 2670 2859 aequaverit,
2701 2799 2753 2844 et
2782 2787 2947 2842 suada
2975 2784 3131 2840 Circe
3163 2785 3348 2854 pocula
3370 2823 3384 2852 ,
3427 2793 3480 2838 et
3507 2783 3774 2838 tricinium

2190 2886 2605 2940 semivolucrum
2629 2881 2945 2950 puellarum.
2973 2877 3156 2946 Neque
3172 2891 3271 2946 ego
3293 2885 3343 2929 te
3364 2875 3588 2944 pingues
3616 2873 3774 2928 ferias

2191 2989 2350 3042 agere
2371 2972 2670 3036 contendo,
2720 2977 2814 3024 aut
2859 2969 3107 3022 virtutem
3140 2977 3266 3036 puto
3295 2964 3519 3034 fregisse
3545 2959 3776 3019 deliciis.

2191 3065 2296 3121 Sed
2324 3069 2450 3119 dum
2478 3064 2571 3117 tibi
2600 3064 2761 3132 legis,
2786 3061 2880 3115 tibi
2909 3060 3124 3123 scribis,
3155 3067 3212 3113 et
3242 3059 3565 3112 urbanarum
3596 3071 3774 3111 rerum

509 3135 710 3204 pm'ﬁ’
755 3148 825 3189 ne
873 3142 924 3187 ιθ
958 3131 1268 3201 Ρηῄυάίθίθ
1311 3131 1442 3184 mm
1491 3129 1695 3183 ordinis
1735 3127 1954 3183 Videre,
1993 3141 2082 3179 “r'
2114 3127 2159 3188 ο
2195 3155 2368 3211 fessus
2389 3127 2924 3223 ingentem'animum
2962 3148 3247 3204 solitudine
3277 3149 3482 3213 domas,
3514 3146 3776 3201 amicitii-

509 3241 656 3296 gere.
694 3225 843 3280 Vale.

1089 3311 1308 3367 EPIST.
1348 3311 1509 3366 XLV.

864 3419 1175 3459 SHIMACHUS
1214 3418 1402 3458 Αθθιιιο
1440 3417 1719 3456 PRETEIT.

581 3501 782 3555 Auctus
810 3508 926 3553 sitm
957 3495 1174 3565 gaudio,
1205 3495 1346 3565 quod
1380 3493 1629 3548 valetudo
1661 3504 1837 3548 tecum
1869 3491 2092 3546 revertit

508 3593 562 3648 in
600 3591 847 3662 gratiam.
895 3589 1025 3643 Nam
1068 3602 1282 3657 semper
1322 3585 1656 3641 incolumitas
1707 3593 1792 3639 tua
1831 3585 1941 3640 voti
1987 3583 2090 3639 mei

508 3694 714 3737 summa
733 3687 835 3736 est.
866 3678 1014 3733 Nunc
1043 3681 1087 3731 si
1117 3677 1220 3732 diis
1245 3676 1545 3731 volentibus
1567 3675 1925 3731 reconciliatae
1948 3674 2092 3728 vires

510 3772 672 3827 animi
704 3769 776 3825 tui
807 3771 1207 3838 integraverunt
1230 3767 1489 3837 vigorem,
1525 3765 1685 3821 facito
1706 3766 1946 3835 epistola:
1987 3773 2092 3820 tua:

509 3861 800 3932 multiiugis
831 3861 1036 3931 paginis
1060 3872 1374 3930 augeantur.
1409 3859 1507 3913 Odi
1545 3859 1928 3928 parcimoniam
1968 3873 2090 3912 tero

510 3956 698 4011 borum
733 3953 1014 4008 bonorum.
1048 3949 1328 4006 Scribendi
1368 3950 1564 4018 quippe
1601 3949 1871 4015 brevitas,
1923 3954 2092 4019 mag's

513 4045 758 4108 fastidio,
788 4057 946 4112 quam
985 4041 1162 4095 officio
1199 4041 1438 4109 proxima
1469 4050 1570 4095 est.
1611 4042 1744 4094 Nolo
1775 4041 1979 4094 litteras
2025 4044 2092 4094 de

511 4148 722 4191 summo
774 4148 870 4188 ore
923 4133 1208 4188 stillantes.
1262 4131 1387 4186 Illas
1441 4143 1615 4201 peto,
1669 4147 1789 4201 quae
1845 4147 2092 4187 arescere

513 4231 785 4292 nesciunt;
813 4243 932 4298 qua:
960 4241 1025 4281 ex
1069 4226 1259 4280 intimo
1293 4226 1526 4295 pectoris
1568 4227 1711 4280 fonte
1751 4238 2089 4295 promuntur.

517 4320 734 4376 Memini
760 4321 1078 4374 brevitatem
1101 4317 1416 4387 Spartanam
1447 4317 1586 4372 laudi
1609 4319 1875 4387 quondam
1909 4317 2090 4370 fuisse.

514 4411 620 4468 Sed
645 4425 746 4479 ego
795 4421 966 4466 tecum
999 4404 1255 4464 Romanis
1299 4409 1503 4479 legibus
1532 4424 1664 4478 ago,
1696 4419 1752 4464 et
1794 4409 1838 4464 si
1880 4409 1948 4462 ita
1981 4410 2090 4477 vis,

512 4503 702 4558 Atticis
729 4520 743 4553 :
774 4503 966 4570 quibus
987 4510 1188 4554 tantum
1208 4502 1373 4556 decus
1393 4517 1422 4552 a
1453 4501 1698 4555 facundia
1726 4501 1840 4567 fuit,
1878 4509 1937 4554 ut
1965 4502 2090 4559 milii
2120 4485 2172 4545 Ῐ)

512 4593 796 4646 videantur
827 4591 1063 4644 Lacones
1091 4599 1234 4644 metu
1263 4589 1563 4644 collationis
1592 4591 1646 4644 in
1677 4592 1944 4646 diversum
1975 4602 2091 4643 stu-

515 4687 600 4738 dia
625 4685 940 4738 desdnasse.
964 4681 1174 4738 Vellem
1205 4683 1386 4751 plura;
1406 4683 1501 4738 sed
1533 4693 1625 4737 tuo
1654 4688 1812 4738 modo
1835 4699 2094 4751 compum

514 4781 718 4851 gendus
764 4792 846 4834 es.
897 4778 1066 4840 Simul
1115 4775 1290 4830 cautio
1316 4785 1434 4841 est,
1466 4792 1534 4830 ne
1577 4787 1630 4831 te
1672 4792 1850 4832 sermo
1893 4779 2092 4833 multus

515 4872 768 4926 offendat.
803 4869 1048 4923 lustituto
1079 4869 1237 4938 igitur
1261 4882 1380 4922 meo
1409 4869 1612 4923 calcem
1636 4883 1806 4938 pono,
1847 4869 1974 4924 dum
2004 4882 2093 4925 tuo

516 4981 700 5036 pareo.
740 4963 852 5031 Qua
897 4977 964 5018 ex
995 4977 1054 5017 re
1085 4961 1370 5032 intelligis,
1401 4976 1467 5017 eo
1499 4969 1549 5016 te
1583 4961 1796 5016 invidiae
1821 4973 1875 5018 et
1910 4965 2095 5018 condi-

517 5059 678 5112 tionis
705 5057 1012 5117 adductum,
1045 5055 1196 5125 quasi
1225 5069 1255 5109 a
1282 5069 1369 5111 me
1398 5068 1564 5124 pauca
1595 5055 1758 5111 scribi
1795 5054 1965 5124 velis,
1995 5059 2096 5112 nisi

518 5146 686 5203 multa
715 5144 1078 5215 rescripseris.
1107 5144 1255 5199 Vale.

1085 5236 1295 5294 EPIST.
1340 5237 1518 5292 XLVI.

875 5341 1181 5383 εῖωιλιιιιυε
1219 5343 1408 5383 Αῦοιιιο
1447 5343 1726 5383 Ριιιετιειτ.

589 5419 745 5479 Potui
767 5419 940 5476 facere
965 5421 1162 5489 scripta
1183 5420 1511 5490 compendii,
1539 5435 1660 5475 cum
1685 5421 1779 5476 tibi
1806 5437 2097 5492 germanus

521 5529 672 5570 meus
728 5512 903 5567 verbis
947 5515 1060 5567 suis
1107 5511 1321 5568 uberius
1374 5512 1744 5566 satisfacturus
1790 5514 2092 5582 videretur,

521 5621 678 5674 quam
719 5618 819 5675 ego
847 5607 978 5659 meis
1005 5602 1218 5657 litteris.
1269 5601 1372 5659 Sed
1405 5604 1455 5656 in
1487 5603 1688 5674 majore
1721 5604 1870 5660 lucro
1915 5606 2090 5660 officia

525 5695 768 5761 honesta,
800 5711 957 5766 quam
987 5694 1094 5752 otia
1117 5693 1280 5751 multa
1302 5695 1546 5764 ponenda
1576 5707 1715 5752 sunt.
1755 5697 1894 5765 Ergo
1920 5713 2092 5765 neque

2190 3263 2308 3303 rum
2336 3246 2513 3300 munia
2532 3245 2704 3299 nulqu
2726 3244 3054 3310 exsequeris.
3084 3240 3219 3308 Quin
3242 3240 3432 3308 arripis
3449 3240 3668 3309 stylum,
3686 3253 3778 3292 noo

2193 3351 2427 3406 atraeque
2457 3339 2509 3392 in
2540 3346 2590 3392 te
2619 3336 2885 3391 affectioni
2911 3335 3168 3388 honorem
3202 3343 3438 3386 mutuum
3477 3331 3641 3384 facis?
3669 3330 3778 3384 Nisi

2191 3428 2366 3483 mavis
2419 3431 2792 3481 auctoritatem
2836 3424 3102 3493 pontificis
3129 3423 3386 3491 experiri.
3419 3422 3580 3476 Multa
3623 3423 3779 3475 nobis

2192 3521 2247 3574 in
2277 3519 2501 3589 collegio
2540 3516 2887 3572 deliberanda
2931 3525 3077 3569 sunt.
3105 3514 3237 3582 Quis
3270 3514 3364 3567 tibi
3405 3513 3504 3567 has
3541 3513 3780 3567 inducias

2192 3613 2388 3682 publici
2441 3611 2678 3664 muneris
2718 3609 2898 3665 dedit?
2928 3607 3144 3662 Senties
3177 3606 3267 3674 jus
3301 3606 3596 3662 sacerdotis
3622 3647 3636 3672 ,
3679 3607 3780 3660 nisi

2192 3703 2496 3774 impleveris
2525 3703 2611 3770 jus
2640 3701 2819 3755 amici.
2855 3700 3008 3755 Vale.

2741 3787 2955 3847 EI‘IST.
2995 3788 3232 3844 XLVIII.

2555 3896 2867 3938 SYMIIACBUS
2906 3896 3100 3936 Αςοιιιο
3139 3895 3418 3934 ΡΒΔΞΤΕΧΤ.

2267 3997 2344 4050 Dii
2375 3994 2522 4058 boni,
2555 4007 2712 4062 quam
2743 3991 2876 4045 nihil
2911 3991 3113 4045 homini
3146 4000 3315 4044 tutttm
3348 3998 3507 4057 atque
3532 3989 3782 4058 explora-

2196 4100 2303 4142 tttm
2334 4087 2444 4140 est!
2477 4085 2636 4138 Certe
2664 4082 2875 4138 levandi
2913 4082 3076 4135 animi
3108 4095 3269 4135 causa
3307 4079 3459 4132 Baias
3501 4094 3783 4133 coi.cessc-

2194 4179 2345 4234 ratis.
2397 4179 2525 4244 Quis
2571 4175 2757 4229 oculus
2807 4174 3086 4228 fascinavit
3131 4173 3455 4227 destinatam
3502 4171 3781 4240 quietem?

2157 4319 2162 4323 .
2197 4271 2418 4325 I’auliua
2451 4284 2578 4337 ergo
2609 4282 2738 4321 cura
2783 4266 3084 4321 communis
3128 4275 3423 4319 extremum
3466 4264 3650 4317 salutis
3694 4279 3784 4316 ac-

2195 4371 2449 4415 cesserat.
2500 4359 2581 4412 An
2629 4367 2806 4411 vester
2847 4371 2943 4424 pro
2985 4355 3070 4409 illa
3111 4365 3286 4408 tantus
3333 4366 3419 4408 est
3460 4363 3674 4419 metus,
3725 4363 3783 4408 ut

2197 4467 2358 4508 omne
2408 4452 2524 4520 ejus
2576 4449 2970 4504 incommodum
3026 4448 3245 4517 perieuli
3287 4448 3452 4500 instar
3497 4443 3783 4500 habeatur?

2179 4545 2463 4613 ‘Quidquid
2513 4542 2701 4595 borum
2764 4550 2889 4607 est,
2935 4541 3165 4610 spectari
3219 4539 3400 4593 animo
3451 4539 3605 4604 licet,
3649 4551 3784 4605 quas

2199 4649 2468 4691 aerumnas
2525 4635 2770 4698 dierum,
2819 4648 2952 4703 quas
2980 4634 3216 4687 noctium
3258 4632 3466 4701 vigilias
3502 4629 3782 4686 duxeritis.

2199 4729 2289 4783 Sic
2318 4729 2425 4780 nati
2451 4739 2655 4787 sumus,
2683 4732 2740 4778 ttt
2765 4725 2961 4792 smpius
2986 4723 3209 4778 adversa
3235 4721 3530 4789 fungamur.
3558 4720 3784 4789 Fugiunt

2201 4818 2527 4885 voluptates,
2557 4824 2610 4868 et
2641 4814 2797 4868 bona:
2843 4813 3102 4880 cujusque
3142 4812 3218 4866 rei
3253 4821 3358 4864 tam
3404 4810 3579 4864 brevis
3620 4825 3781 4874 usus,

2200 4923 2356 4978 quam
2382 4908 2513 4961 levis
2539 4920 2728 4960 sensus
2749 4913 2850 4960 est.
2890 4904 3082 4958 Verum
3106 4904 3221 4957 lucc
3241 4902 3680 4973 pltilos0pliorum
3708 4902 3787 4955 di-

2203 4999 2596 5068 sputaitionibus
2646 4997 3034 5066 relinquantur.
3077 4993 3228 5047 Nunc
3266 4992 3500 5046 ltabitutn
3526 4993 3784 5046 lwtiorem

2205 5090 2480 5144 mentibus
2511 5087 2850 5151 suadeamus,
2882 5084 3095 5154 quando
3124 5083 3359 5138 Paulina:
3393 5094 3598 5136 nostra:
3646 5083 3789 5136 vale—

2205 5181 2439 5234 tudinem
2468 5192 2651 5232 rursus
2682 5176 2872 5230 locavit
2894 5175 2946 5228 in
2973 5175 3146 5228 solido
3171 5190 3269 5244 pax
3289 5175 3532 5229 deorum.
3562 5173 3710 5229 Vale.

2771 5306 2988 5363 EPIST.
3030 5305 3214 5361 XLIX.

2556 5419 2868 5459 SYlHIACIIUS
2905 5417 3099 5458 Αῡοιιιο
3138 5415 3424 5457 Ριιιετειτ.

2268 5523 2476 5590 Qumris
2515 5532 2571 5576 ιιι
2611 5522 2743 5576 civis
2772 5520 2837 5574 ad
2864 5521 3062 5574 bonum
3096 5533 3379 5574 commune
3408 5518 3636 5586 genitus,
3659 5517 3786 5586 quid

2197 5631 2356 5686 super
2380 5617 2542 5670 rebus
2565 5616 2738 5670 anxiis
2781 5630 2908 5670 vero
2938 5613 3240 5684 proximum
3290 5611 3579 5665 nuntietur.
3610 5609 3784 5667 Certis

2199 5702 2460 5762 iudicibus
2483 5706 2714 5763 secunda
2753 5707 3124 5768 cognovimus.
3174 5701 3376 5759 chiuc
3397 5701 3546 5758 multi
3589 5701 3790 5758 silentii
