4074 6176
301 280 404 336 I65

1502 269 1975 330 EPISTOLARUM
2014 272 2216 329 LIBER
2253 273 2292 329 I.

3452 275 3554 334 I66

299 390 523 460 suspicio
552 389 792 444 sollicitis
839 387 1142 442 rumoribus
1174 387 1346 442 locum
1393 386 1540 442 fecit.
1586 386 1692 440 Sed
1747 384 1873 438 mihi
1905 385 1952 442 Α
1983 389 2285 451 ιιτιιιεθιιιὶειι
2336 400 2439 446 tute
2467 390 2642 458 copia.
2668 388 2819 444 Nunc
2848 391 3152 446 testimonio
3181 392 3419 460 epistola:
3447 404 3551 454 tua.-

300 482 600 550 opinionum
635 479 848 542 talium,
877 493 995 545 qmc
1024 479 1142 533 sine
1171 488 1386 531 auclore
1413 477 1678 544 produnt,
1723 474 1866 528 uulIa

299 573 496 626 curatio
530 581 630 624 est.
686 567 956 636 lmpeudio
990 583 1158 635 angor
1195 568 1357 620 animi
1405 564 1545 632 quod
1592 563 1869 619 sacrificiis

296 662 670 731 multiplicibus
696 699 712 724 ,
763 672 812 714 et
845 675 940 726 per
962 661 1195 729 singulas
1226 669 1515 728 potestates
1544 671 1688 726 εει-νο
1715 671 1870 723 repe-

293 754 438 818 litis,
494 769 594 806 nec
633 751 758 804 dum
804 752 1016 819 publico
1061 752 1274 805 nomine
1315 750 1649 818 Spoletinum
1697 748 1869 816 piatur

298 854 584 899 ostentum.
639 845 770 897 Nam
799 853 850 896 et
880 843 1067 898 Jovem
1097 843 1182 895 vix
1211 842 1514 912 propitiavit
1541 851 1727 894 octava
1757 853 1870 891 nta-

299 935 480 999 ctatio,
507 946 558 988 et
591 933 837 987 Fortuna:
862 934 1092 986 Publica:
1117 933 1410 1001 multijugis
1434 932 1620 985 hostiis
1647 930 1868 997 nequid-

299 1039 452 1093 quam
484 1026 792 1078 undecimus
824 1025 995 1077 honor
1040 1023 1208 1077 factus
1251 1034 1350 1076 est.
1379 1022 1494 1089 Quo
1532 1021 1632 1074 loci
1662 1021 1831 1074 simus
1851 1059 1866 1083 ,

298 1119 563 1186 intelligis.
595 1117 745 1171 Nune
770 1116 1029 1170 sententia
1060 1125 1164 1179 est,
1197 1116 1246 1168 in
1283 1126 1476 1168 emtum
1519 1127 1712 1167 vocare
1757 1112 1869 1165 eol-

297 1209 460 1278 legas.
492 1208 703 1261 Curabo
734 1211 900 1274 scias,
943 1209 986 1260 si
1015 1205 1142 1275 qttid
1182 1204 1420 1260 remedia
1450 1204 1626 1257 divina
1658 1216 1867 1272 promo-

295 1301 485 1353 verint.
518 1298 670 1352 Vale.

926 1366 1135 1421 EPIST.
1180 1366 1239 1419 L.

660 1473 969 1513 SYMMACHIJS
1008 1473 1195 1513 AGHIIIO
1232 1473 1506 1512 PIIAS'I'EXT.

364 1572 477 1641 Ego
507 1572 724 1642 quidem
749 1587 970 1626 securus
999 1573 1246 1626 amicitiae
1271 1575 1404 1641 aequi
1429 1574 1658 1641 bonique
1701 1573 1866 1638 facio,

295 1663 338 1716 si
363 1662 491 1731 quid
521 1663 572 1714 in
603 1677 688 1715 me
710 1663 777 1715 ab
804 1673 1014 1715 amante
1047 1672 1315 1730 peccatur.
1355 1663 1460 1716 Sed
1494 1673 1612 1715 tuos
1657 1677 1865 1724 mores,

289 1753 484 1821 quibus
519 1751 646 1804 nihil
678 1751 814 1805 desit
841 1752 906 1805 ad
936 1752 1167 1816 laudem,
1207 1752 1363 1805 decet
1390 1752 1549 1806 officii
1598 1767 1696 1818 neg
1721 1753 1868 1818 igeu-
1898 1745 1943 1805 B

293 1843 380 1896 lia.
407 1841 574 1907 Queri
604 1858 689 1895 nte
711 1843 966 1909 opinaris,
985 1843 1124 1911 quod
1149 1842 1274 1896 nihil
1297 1844 1530 1897 scribas:
1555 1853 1605 1895 el
1625 1841 1868 1896 refellere

291 1934 626 1988 mendacium
658 1949 813 2002 paras
837 1975 851 1997 ,
881 1935 1000 2002 quia
1038 1944 1091 1988 te
1119 1935 1313 2000 aliquid
1360 1935 1639 2003 scripsisse
1683 1935 1868 1987 menti-

288 2024 430 2079 nisti.
466 2025 580 2092 Ego
615 2040 742 2078 veto
772 2026 1046 2078 minimum
1078 2026 1239 2080 animi
1270 2041 1526 2094 angerer,
1565 2029 1608 2080 si
1633 2037 1867 2091 laceres,

292 2121 442 2180 prout
489 2112 594 2164 hoc
638 2122 718 2165 est
744 2152 759 2177 ,
802 2115 940 2181 quod
974 2113 1099 2166 mihi
1147 2124 1198 2168 et
1231 2115 1364 2178 patri
1404 2130 1534 2167 unas
1584 2124 1741 2182 atque
1777 2130 1870 2170 eas

289 2204 482 2274 oppido
513 2206 703 2266 breves
751 2205 955 2258 litteras
992 2205 1252 2259 detulisti.
1301 2207 1372 2258 Ita
1406 2206 1500 2260 tibi
1529 2208 1686 2260 ambo
1726 2206 1870 2276 digni

288 2293 513 2363 singulis
541 2294 744 2363 paginis
775 2310 879 2348 non
910 2294 1186 2350 videmur?
1214 2296 1334 2361 'I'ui,
1369 2297 1605 2366 inquies,
1651 2297 1870 2352 honoris

289 2383 568 2447 interfuit,
611 2394 663 2437 ul
710 2384 950 2452 jungeris
974 2386 1200 2453 parenti.
1232 2385 1348 2440 Alia
1381 2395 1542 2448 sunt,
1583 2403 1702 2454 quae
1748 2403 1868 2442 cum

290 2473 377 2526 illo
400 2474 566 2527 nobis
592 2476 672 2528 vel
712 2476 1010 2528 communia
1040 2486 1190 2544 OpIO,
1230 2477 1310 2530 vel
1338 2477 1506 2545 paria.
1551 2480 1714 2531 Amor
1741 2479 1869 2532 mihi

289 2578 404 2618 meo
434 2565 657 2618 nomine
688 2563 976 2618 deferatur.
1008 2566 1228 2621 Abstine
1251 2567 1410 2635 igitur
1439 2569 1676 2635 epistolis
1701 2609 1716 2630 .
1751 2584 1870 2637 qua:

288 2667 405 2707 sunt
437 2656 616 2709 instar
643 2655 825 2710 edicti.
877 2656 1122 2713 Facessat
1147 2673 1307 2712 omne
1331 2660 1595 2712 fastidium
1621 2701 1636 2722 ,
1670 2675 1736 2714 ex
1765 2675 1872 2729 quo

289 2751 532 2803 nascitur
560 2764 689 2804 cura
730 2751 1047 2818 compendii.
1087 2752 1192 2807 Sed
1246 2754 1455 2822 longum
1485 2753 1551 2806 de
1601 2753 1682 2808 his
1727 2754 1869 2823 loqui

288 2841 470 2894 cautio
515 2854 632 2906 est,
677 2857 744 2894 ne
784 2841 880 2896 tibi
916 2842 1192 2896 molestior
1224 2843 1293 2897 sit
1323 2843 1596 2911 prolixitas
1637 2844 1871 2912 querelae

287 2938 517 2996 nostrae,
547 2946 704 3000 quam
733 2932 860 2986 mihi
884 2933 1116 2987 brevitas
1143 2934 1384 3003 epistolae
1413 2943 1536 2988 tum.
1586 2935 1736 3001 Quod
1784 2950 1873 2989 su-

287 3029 491 3088 perest,
523 3023 660 3076 deos
689 3037 894 3091 qumso,
926 3035 981 3077 ut
1011 3040 1108 3079 nos
1138 3026 1327 3094 plenus
1362 3026 1539 3095 gaudii
1564 3041 1720 3096 quam
1759 3028 1870 3095 pri-

288 3126 430 3167 mum
461 3113 693 3168 revisas.
723 3113 906 3168 Facile
932 3115 1052 3181 erit,
1083 3118 1384 3186 angustiam
1407 3119 1728 3188 scriptorum
1753 3129 1868 3175 tuo-
1894 3104 1940 3168 (ἶ

290 3216 405 3257 rum
435 3203 779 3273 multiloquio
807 3221 1114 3274 repensare.
1149 3207 1297 3264 Vale.

910 3339 1122 3395 EI’IST.
1163 3341 1248 3395 LI.

659 3462 968 3504 SYMIIIACIIUS
1004 3465 1192 3505 Αῦοιιιο
1230 3467 1512 3508 Ριιιετειτ.

353 3558 733 3614 Satueramus
789 3560 843 3615 in
889 3563 1122 3619 externis
1164 3565 1337 3621 adhuc
1379 3567 1603 3632 morari;
1652 3568 1746 3624 sed
1795 3570 1870 3625 la-

291 3646 468 3704 bantis
496 3651 683 3720 patria:
715 3653 930 3707 nuntius
954 3654 1214 3710 destinata
1238 3659 1452 3712 mutavit
1473 3675 1487 3724 ;
1507 3675 1627 3715 com
1658 3662 1784 3715 mihi
1817 3663 1870 3717 in

287 3742 546 3797 omnibus
574 3743 726 3797 malis
753 3745 971 3799 decolor
993 3747 1264 3802 videretur
1299 3750 1560 3806 securitas
1596 3767 1736 3808 mea.
1786 3754 1866 3810 Ad

291 3831 392 3888 hoc
425 3835 572 3888 sacri
606 3835 922 3903 pontificalis
950 3837 1340 3894 administratio
1365 3857 1549 3897 curam
1578 3844 1644 3898 de
1687 3861 1774 3900 me
1817 3855 1871 3900 et

290 3924 531 3980 officium
561 3927 682 3980 stati
708 3929 907 3984 mensis
931 3930 1114 3999 exigit.
1146 3932 1328 4003 Neque
1351 3936 1493 3989 enim
1523 3937 1622 3991 fert
1662 3939 1871 3992 animus

293 4018 344 4072 in
391 4029 544 4074 tanta
572 4022 907 4077 sacerdotum
941 4026 1260 4094 negligentia
1290 4029 1539 4084 suflicere
1587 4032 1868 4100 collegam.

294 4108 480 4165 Fuerit
508 4111 624 4164 haec
651 4112 775 4177 olim
812 4115 1038 4183 simplex
1063 4117 1258 4173 divina:
1289 4122 1363 4174 rei
1403 4121 1685 4190 delegatio.
1725 4123 1874 4180 Nunc

293 4200 402 4253 aris
427 4199 622 4257 deesse
649 4200 914 4259 Romanos
942 4221 1109 4275 genus
1138 4219 1222 4263 est
1260 4211 1547 4266 ambiendi.
1586 4213 1688 4266 Vos
1721 4215 1874 4268 Etru-

293 4290 368 4345 ria
413 4308 697 4363 quousque
735 4297 1017 4353 retinebit?
1055 4300 1170 4354 Jam
1210 4317 1484 4370 querimur
1511 4319 1630 4358 esse
1650 4306 1872 4374 aliquid,

294 4385 434 4449 quod
465 4386 648 4438 tandiu
695 4387 898 4441 civibus
929 4389 1260 4457 praeferatur.
1304 4393 1386 4448 Sit
1415 4395 1542 4449 licet
1581 4400 1720 4449 ruris
1761 4407 1872 4449 sta-

1971 477 2198 532 fruimur
2231 495 2244 532 :
2273 488 2398 533 tunc
2426 479 2736 548 adjumeuto
2759 480 2954 535 favoris
2985 493 3213 536 utemur.
3251 483 3399 539 v'ate.

2568 588 2787 644 EPIST.
2821 589 2951 646 LIII.

2335 691 2644 734 δικηλοιιυε
2682 694 2872 735 Αςοιιιο
2913 697 3196 736 ιδιιιετειτ.

2041 789 2161 844 Otio
2186 797 2241 844 et
2270 791 2545 846 venatibus
2567 792 2820 862 gloriare.
2847 794 2938 848 Est
2959 794 3072 850 lucc
3092 795 3553 868 quidemjucuuda

1965 881 2219 949 jactatio,
2269 883 2362 936 sed
2416 884 2540 939 ludo
2569 887 2737 956 magis
2765 900 2794 939 a
2825 895 2876 940 te
2901 888 3146 956 prolata,
3187 902 3344 956 quam
3382 891 3547 945 serio.

1971 972 2102 1026 Nam
2128 973 2349 1027 retuissa
2382 983 2621 1042 tempora
2651 987 2704 1031 et
2738 979 2804 1029 ab
2829 978 3054 1045 negotiis
3083 979 3307 1046 publicis
3333 981 3552 1049 feriata,

1973 1062 2123 1117 libris
2153 1073 2393 1118 veterum
2445 1065 2777 1120 ruminandis
2813 1066 3041 1121 libenter
3085 1070 3364 1138 expendis.
3418 1071 3551 1125 Aliis

1971 1153 2132 1221 igitur
2155 1154 2304 1208 dabis
2326 1155 2512 1222 verba,
2539 1157 2628 1223 qui
2661 1164 2712 1210 te
2741 1170 3028 1224 congressu
3055 1161 3287 1226 primore
3318 1175 3424 1213 non
3451 1175 3552 1214 no-

1972 1253 2181 1297 verunt.
2215 1243 2328 1313 Ego
2348 1256 2518 1309 actus,
2547 1261 2682 1314 quos
2715 1261 2912 1313 pernox
2942 1257 2995 1300 ct
3028 1249 3239 1315 perdius
3271 1250 3363 1304 tibi
3408 1265 3553 1306 cum

1973 1332 2156 1398 babes,
2187 1344 2295 1388 tum
2331 1335 2642 1404 quotidiana
2689 1336 2882 1405 ingenii
2915 1337 2986 1390 ttti
3021 1339 3209 1406 pabula
3254 1339 3322 1393 de
3351 1341 3552 1396 littera-

1971 1438 2110 1490 rum,
2136 1439 2268 1492 quas
2290 1425 2416 1478 tttilti
2445 1427 2651 1492 tribuis,
2683 1442 2874 1499 sapore
2897 1430 3160 1496 conjecto.
3191 1429 3300 1484 Nisi
3335 1431 3469 1486 forte
3500 1432 3552 1487 in

1972 1514 2139 1580 sylvis
2160 1515 2458 1582 Apollinem
2485 1505 2837 1583 continuaris,
2859 1527 2914 1572 tit
2937 1518 3023 1572 ille
3048 1529 3227 1587 pastor
3247 1520 3552 1584 Hesiodius,

1973 1620 2129 1673 quem
2183 1610 2387 1675 poetica
2438 1608 2587 1662 lauro
2646 1607 2968 1664 Cammnalis
3012 1612 3206 1665 familia
3250 1614 3549 1667 coronavit.

1976 1695 2105 1750 Nam
2129 1697 2266 1750 unde
2289 1708 2371 1751 est
2404 1698 2518 1753 haec
2547 1700 2596 1753 in
2628 1701 2862 1768 epistolis
2889 1705 2992 1755 tu's
3021 1717 3272 1756 sensuum
3309 1705 3551 1773 novitas,

1975 1789 2252 1843 verborum
2279 1801 2537 1853 vetustas,
2562 1792 2603 1843 si
2637 1799 2838 1845 tantum
2872 1794 3072 1846 nodosa
3100 1795 3230 1847 retia
3253 1835 3268 1860 ,
3300 1795 3383 1848 vel
3417 1811 3550 1864 pen-

1972 1897 2157 1935 narum
2191 1883 2525 1947 formidines,
2558 1892 2612 1937 et
2639 1897 2855 1950 sagaces
2877 1897 3058 1949 canes,
3090 1899 3410 1956 omnemque
3439 1902 3554 1943 rem

1970 1972 2270 2025 venalicatn
2327 1972 2602 2026 meliorum
2651 1973 2847 2026 oblitus
2892 1974 3154 2030 affectas?
3203 1975 3380 2040 Quare
3429 1991 3552 2033 cum

1971 2061 2180 2126 scribis,
2213 2073 2478 2118 memento
2507 2063 2765 2118 facundiae
2810 2074 2911 2118 tum
2942 2065 3154 2120 modum
3186 2081 3403 2135 ponere.
3449 2067 3553 2122 Ru-

1971 2153 2103 2206 stica
2145 2154 2251 2208 sint
2281 2161 2335 2208 et
2379 2154 2598 2220 inculta,
2626 2170 2743 2225 qua:
2784 2155 3038 2225 loqueris,
3082 2167 3140 2210 ut
3174 2167 3393 2212 venator
3433 2173 3552 2213 esse

1972 2243 2226 2299 credaris.
2263 2245 2409 2300 Vale.
2557 2314 2748 2370 EPIST
2812 2315 2924 2371 LW

2338 2421 2645 2461 εῐκιιΑειιυε
2684 2422 2872 2462 Αοοιιιο
2908 2423 3185 2463 ῐδιιιετιὶιτ.

2045 2521 2308 2577 Mmstitia:
2339 2538 2471 2577 mere
2510 2522 2754 2577 solatium
2786 2524 2986 2592 grande
3018 2525 3270 2580 tribuisti.
3321 2524 3451 2580 Nam
3496 2535 3552 2582 ιιι

1973 2609 2169 2664 dudum
2199 2612 2289 2666 tibi
2315 2614 2449 2687 fama
2495 2613 2615 2668 fecit
2645 2614 2927 2681 indicium,
2965 2616 3140 2670 fratris
3185 2617 3331 2670 obitu
3364 2621 3551 2671 vu’ne-

1973 2710 2141 2766 ratus,
2175 2705 2427 2758 continuo
2474 2707 2638 2758 animi
2694 2706 2881 2762 dolore
2928 2705 3241 2762 discrucior.
3284 2708 3398 2762 Non
3440 2724 3551 2763 me~

1974 2791 2158 2846 diocre
2195 2803 2370 2849 tamen
2404 2796 2541 2849 inter
2563 2805 2856 2863 prmscnles
2880 2811 3037 2850 curas
3071 2796 3309 2851 levamen
3333 2797 3548 2866 accepi,

1973 2883 2112 2950 quod
2141 2893 2191 2938 te
2215 2885 2450 2954 comperi
2476 2886 2767 2940 secundum
2790 2888 3092 2941 communia
3115 2897 3293 2957 optata
3318 2888 3547 2944 salvere.

1975 2973 2253 3042 Superest,
2286 2985 2340 3030 ut
2393 2977 2688 3031 istiusmodi
2731 2979 2920 3034 officiis
2969 2981 3298 3048 frequentem
3332 2995 3550 3050 Operam

1973 3066 2204 3134 digneris
2223 3059 2576 3135 impendere;
2607 3086 2724 3139 qua:
2749 3073 3002 3141 perspicis
3027 3073 3342 3128 medicinam
3365 3089 3552 3144 quam~

1974 3156 2094 3210 datu
2120 3156 2392 3212 infortunii
2419 3167 2468 3214 et
2495 3161 2746 3214 mereris
2769 3161 2978 3216 afferre.
3011 3163 3162 3218 Vale.

2583 3271 2794 3328 EPIST.
2835 3273 2945 3328 LV.

2346 3374 2648 3416 SYIIMACII‘US
2687 3379 2876 3418 AGON"
2911 3382 3172 3421 Ρδετειτ

2041 3472 2164 3528 Scio
2185 3476 2422 3542 germani
2447 3479 2647 3530 amoris
2669 3493 2788 3532 esse
2821 3480 2960 3548 quod
3003 3481 3220 3537 suades.
3241 3483 3346 3538 Sed
3371 3500 3554 3542 recono

1971 3565 2172 3619 ciliatio
2205 3584 2325 3621 eum
2353 3570 2574 3637 requirit
2608 3582 2912 3632 auctorem.
2944 3590 3102 3642 quem
3132 3575 3316 3630 habuit
3347 3579 3543 3646 injusta

1972 3653 2239 3709 dissensio
2281 3659 2573 3725 principem
2601 3676 2615 3712 :
2649 3675 2717 3714 ne
2752 3675 2944 3716 noxam
2976 3678 3234 3720 meruisse
3273 3667 3547 3732 videatur.

1972 3746 2062 3813 qui
2102 3745 2372 3814 abiuratas
2403 3749 2698 3813 amicitias,
2739 3752 2887 3819 quasi
2921 3753 3051 3806 nihil
3083 3769 3292 3821 passus,
3321 3756 3552 3810 affectat.

1972 3835 2148 3903 Quare
2175 3836 2406 3892 oblatam
2455 3839 2799 3893 concordiam
2831 3855 2937 3894 non
2973 3842 3169 3896 refuto.
3209 3845 3557 3913 Sequestrara
3599 3890 3601 3892 -

1973 3928 2404 3983 consideratione
2432 3929 2680 3996 fortuna},
2708 3931 2892 3985 redeat
2917 3934 2970 3986 in
2992 3936 3248 4002 gratiam,
3271 3936 3362 4004 qui
3388 3939 3556 3994 movit

1973 4016 2251 4072 offensam.
2299 4019 2416 4072 Tibi
2472 4035 2569 4088 pro
2615 4031 2794 4075 nostra
2842 4023 3078 4077 amicitia
3123 4025 3252 4078 satis
3295 4028 3556 4093 gratulor,

1974 4109 2127 4176 cujus
2159 4109 2307 4162 labor
2335 4110 2491 4163 saluti
2525 4111 2746 4179 publica:
2781 4113 3142 4168 commodabit
3170 4132 3181 4166 :
3219 4114 3288 4169 de
3317 4131 3422 4185 quo
3469 4117 3556 4170 itt-

1976 4200 2131 4252 terim
2159 4201 2365 4263 parcius
2391 4203 2595 4270 loquar.
2625 4204 2730 4257 fles
2750 4203 2916 4268 enim,
2949 4221 3068 4274 qua:
3095 4206 3161 4259 ad
3187 4220 3373 4260 omnes
3396 4209 3558 4274 perti-

1978 4300 2084 4352 net,
2116 4306 2384 4358 nunquam
2419 4308 2524 4345 uno
2557 4303 2690 4347 teste
2717 4306 2964 4349 contenta
3012 4306 3095 4350 est
3126 4315 3138 4348 :
3186 4306 3241 4350 et
3284 4297 3414 4351 mihi
3445 4313 3556 4350 ma-

1977 4393 2210 4447 gnopere
2231 4383 2514 4446 cnnvenit,
2547 4383 2958 4438 ita.nteminisse
2985 4385 3172 4453 gloriae
3204 4395 3337 4452 tute,
3369 4401 3437 4441 tte
3464 4400 3555 4442 ve-

297 4483 379 4527 tus
409 4475 615 4540 mitior,
647 4491 749 4538 non
788 4487 960 4542 potest
987 4481 1122 4534 bene
1143 4482 1313 4537 deft-ui
1340 4485 1483 4550 otio,
1512 4487 1602 4555 qui
1629 4488 1739 4540 suis
1774 4488 1867 4540 ab-

1973 4468 2238 4523 recundia:
2268 4469 2464 4523 oblitus
2491 4470 2786 4528 existimer.
2817 4473 2962 4528 Vale.

296 4577 324 4616 ς
357 4565 538 4618 utilius
559 4567 730 4621 timet.
762 4565 913 4626 Vale.

908 4659 1121 4716 EPIST.
1165 4662 1266 4719 LII.

662 4764 964 4806 δῐυιιιοιιυε
1004 4769 1193 4808 Αοοιιιο
1231 4771 1449 4810 ΡΒΕΤΕΧ
1460 4772 1515 4812 τ.

368 4835 677 4891 Orationem
705 4855 876 4893 meam
905 4842 995 4895 tibi
1026 4859 1144 4898 esse
1170 4848 1558 4916 complacitam,
1595 4848 1757 4903 nihilo
1785 4865 1870 4906 se-

299 4924 452 4992 quius
479 4926 707 4994 gaudeo,
731 4931 887 4999 quam
915 4933 1054 5001 quod
1084 4949 1200 4988 eam
1225 4938 1452 4990 secunda
1477 4939 1872 4994 existimatione

298 5027 424 5080 pars
444 5016 636 5070 melior
655 5018 870 5072 humani
893 5027 1101 5089 generis
1120 5035 1339 5080 senatus
1367 5028 1586 5084 audivit.
1617 5031 1872 5097 Adjecisti

299 5109 621 5161 sacramenti
648 5111 888 5176 pondus;
911 5122 964 5165 et
990 5113 1041 5166 in
1073 5115 1206 5168 bona
1239 5117 1398 5170 verba
1426 5119 1617 5184 jttrasti
1651 5137 1667 5175 :
1700 5133 1753 5174 ut
1781 5123 1871 5190 qui

299 5197 469 5251 scires
511 5199 561 5251 in
586 5203 938 5268 suspicionem
976 5206 1162 5272 gratiae
1196 5207 1378 5263 venire
1404 5214 1694 5264 amantium
1728 5213 1869 5280 judi-

297 5297 440 5338 cala.
471 5286 602 5341 Nam
627 5291 712 5342 ubi
735 5301 877 5345 certa
911 5302 994 5347 est
1013 5295 1266 5359 amicitia,
1316 5299 1386 5351 ibi
1425 5299 1558 5354 fides
1589 5301 1758 5355 laudis
1789 5305 1871 5357 in-

297 5379 520 5431 certior.
553 5379 690 5450 Evgo
718 5397 940 5438 securus
967 5387 1225 5440 examinis
1250 5389 1322 5441 ttti
1359 5390 1491 5442 nihil
1535 5406 1716 5446 maror
1743 5409 1869 5446 sett-

297 5470 501 5522 tentias
547 5480 882 5528 ceterorum.
945 5475 1080 5541 Quid
1132 5480 1176 5530 si
1235 5480 1494 5535 adfuisses
1551 5491 1656 5536 tam
1714 5483 1866 5540 bouce

295 5557 591 5614 voluntatis
641 5562 872 5628 auditor,
905 5581 988 5619 ttze
1025 5581 1125 5636 ego
1159 5567 1346 5639 digito,
1386 5584 1442 5626 ut
1480 5574 1648 5641 aiunt,
1679 5589 1869 5644 supera

294 5661 539 5705 convexa
560 5654 870 5724 tetigissem.
906 5658 1013 5714 Erit
1046 5659 1178 5716 alias
1204 5663 1426 5721 fortasse
1455 5667 1607 5725 nobis
1635 5671 1866 5741 Optatior

2566 4585 2779 4643 EPIST.
2825 4588 2953 4642 LVI.

2497 4694 2804 4734 SYMMACIIUS
2843 4696 3027 4735 PROBO.

2044 4765 2111 4822 Et
2134 4768 2225 4821 tibi
2251 4769 2474 4835 publicis
2498 4773 2724 4841 negotiis
2748 4782 3028 4841 occupato,
3050 4773 3239 4829 breves
3256 4775 3442 4830 littera:
3460 4777 3556 4834 de-

1911 4923 1913 4925 ι
1974 4869 2123 4912 munt
2140 4859 2408 4912 fastidium
2429 4861 2875 4926 lectionis,etntei
2891 4864 3051 4918 officii
3070 4865 3374 4935 a-siduitas,
3397 4869 3553 4938 quid-

1977 4951 2100 5020 qn'd
2115 4951 2450 5006 scribendum
2467 4953 2726 5021 videatur,
2742 4956 3014 5010 exhausit.
3030 4958 3220 5012 Merito
3233 4963 3553 5017 salutatione

1978 5044 2158 5110 libata,
2189 5043 2318 5112 frugi
2346 5045 2620 5112 epistolam
2639 5049 2944 5102 necessario
2975 5054 3179 5118 stringit
3206 5053 3546 5121 compendio.

1976 5133 2092 5188 Alia
2122 5147 2199 5188 εει
2229 5135 2369 5187 enim
2401 5138 2716 5199 proteslatio
2744 5139 2975 5204 amoris,
3013 5139 3113 5193 alia
3147 5141 3340 5210 lingua:
3369 5154 3552 5196 osten-

1977 5226 2106 5277 tatio
2133 5242 2144 5275 :
2168 5225 2456 5292 atqueideo
2473 5227 2741 5296 antiquior
2758 5229 2883 5282 milii
2909 5229 3544 5302 fuitobsequcndiopera,

1975 5330 2130 5381 quam
2164 5315 2436 5383 loquendi.
2468 5317 2678 5386 Copiosi
2709 5318 3038 5386 videbimur,
3064 5323 3108 5376 si
3137 5322 3350 5376 abunde
3377 5323 3549 5379 seduli

1977 5405 2289 5460 iudicemur.
2319 5406 2466 5461 Vale.

2557 5499 2769 5555 EPIST.
2814 5501 2967 5557 LVII.

2493 5602 2802 5648 svmucnvs
2839 5610 3024 5646 ranam.

2049 5679 2104 5732 In
2133 5679 2416 5748 praesentia
2436 5692 2688 5751 quantam
2714 5685 2842 5740 satis
2867 5685 3032 5739 visum
3061 5695 3136 5739 ρει
3172 5685 3424 5742 amicitia:
3443 5702 3550 5742 mu-
