4074 6176
477 331 573 390 167
1699 329 1765 396 ρ.
1806 327 2038 384 AUREL

2136 325 2202 384 ΒΥ
2213 327 2475 385 ΜΜΑΕΙῘΙ
3638 335 3739 393 168

469 444 749 513 nerandae,
781 457 902 499 eum
932 451 1052 497 tuas
1081 441 1476 508 occupationes,
1507 448 1619 495 tum
1649 439 2044 505 festinationem
2072 453 2124 508 Α

469 537 729 594 tabellarii
752 534 1140 604 contemplatus
1162 574 1178 600 ,
1210 533 1460 588 exhibeo.
1499 533 1643 588 Alias
1672 532 1800 586 mihi
1833 541 1888 587 et
1916 547 2043 586 usus

468 629 659 693 venia),
679 636 732 682 et
747 641 873 681 cura
893 641 996 679 non
1020 623 1191 678 deerit
1217 624 1458 693 epistolae
1475 623 1755 692 longioris.
1782 623 1864 677 Dii
1887 623 2044 676 modo

467 728 641 788 optata
661 717 948 777 fortunent,
968 716 1192 768 salutem
1221 715 1370 782 lteip.
1395 715 1448 767 in
1471 714 1642 767 solido
1664 713 1872 768 locent!
1906 713 2056 783 Tum,

465 812 708 864 voluntas
736 807 1034 877 promptior
1065 808 1189 870 erit,
1219 815 1272 859 et
1297 805 1363 859 ad
1392 805 1692 874 scribenda,
1720 821 1841 873 qua:
1869 805 2043 858 liben-

467 910 548 954 ter
568 899 830 967 accipias;
868 907 923 952 et
958 897 1026 952 ad
1053 897 1276 966 legenda
1302 935 1318 963 ,
1359 912 1478 965 qua:
1503 897 1681 950 aninto
1709 906 1930 951 vacante
1959 911 2045 951 re-

463 992 767 1061 scripseris.
799 989 945 1044 Vale.

1035 1080 1253 1136 EPIST.
1293 1079 1472 1135 LVIII.

981 1207 1286 1247 SHIMACIIUS
1323 1209 1512 1248 PROBO.

530 1307 610 1363 Sit
636 1307 730 1363 tibi
754 1307 960 1360 animus
986 1320 1190 1373 aequus,
1213 1313 1268 1359 et
1289 1305 1496 1373 patiens
1516 1305 1752 1361 muneris
1774 1305 2040 1376 imperati.

461 1399 616 1468 Smpe
648 1414 747 1451 usu
775 1395 920 1450 ve'nit
943 1437 958 1459 ,
992 1406 1048 1449 ut
1078 1397 1127 1448 itt
1160 1396 1423 1450 secundos
1471 1396 1681 1451 labores
1720 1399 1888 1451 virtus
1917 1412 2043 1466 pro-

462 1491 583 1543 bata
614 1497 908 1557 reparetur.
954 1487 1132 1553 Quid?
1172 1487 1278 1540 tui?
1297 1487 1539 1549 Jibenter
1566 1489 1626 1542 ϐ.
1658 1487 1820 1541 Atilio
1848 1488 2043 1542 factum

461 1580 651 1648 putas?
697 1579 838 1648 quod
878 1577 1111 1630 lasCtbus
1159 1587 1333 1631 aratra
1379 1579 1637 1645 mutavit,
1666 1589 1722 1633 et
1765 1581 1818 1633 itt
1869 1580 2046 1634 medio

461 1667 718 1723 sementis
747 1682 910 1734 opere
939 1666 1161 1743 anhelos
1191 1667 1353 1721 boves
1382 1669 1565 1721 statuit
1593 1669 1862 1723 rusticus?
1891 1670 2048 1736 Quis-

461 1761 580 1828 quis
613 1759 765 1812 bonaa
790 1757 954 1824 frugis
985 1765 1088 1824 est,
1123 1758 1175 1810 in
1204 1757 1470 1827 publicum
1502 1759 1841 1814 commodum
1870 1760 2046 1814 vindi-
2078 1778 2104 1828 .-

461 1859 633 1903 catur.
668 1849 814 1903 Pone
854 1848 973 1902 illas
1003 1847 1214 1901 interim
1243 1848 1590 1918 cogitationes
1620 1850 1790 1904 felicis
1819 1851 1912 1905 otii
1941 1852 2039 1906 tui.

455 1941 623 2006 Quam
658 1939 794 1993 bene
824 1939 1022 1992 urbana
1055 1953 1217 2007 opera
1247 1940 1402 1994 novis
1446 1941 1670 2011 fastigiis
1696 1945 1998 1998 excitabant
2027 1945 2040 1998 Ξ

461 2033 558 2087 υυὶ
589 2048 714 2101 ager
737 2032 950 2086 nOster?
979 2034 1060 2086 vel
1091 2033 1180 2088 ille
1205 2043 1460 2089 autumno
1482 2035 1654 2090 omnis
1676 2036 1843 2105 copiae
1873 2037 2040 2106 ferax,

457 2126 541 2180 vel
579 2125 668 2179 ille
717 2125 891 2179 hieme
918 2124 1166 2194 apricus?
1215 2131 1318 2182 Aut
1361 2127 1454 2197 qui
1499 2143 1624 2184 vere
1668 2130 1794 2184 anni
1842 2130 2045 2199 primas

459 2231 608 2270 rosas
639 2215 801 2270 ltumo
830 2215 996 2284 exuit,
1021 2226 1111 2270 aut
1135 2217 1223 2285 qui
1251 2218 1352 2272 sub
1377 2218 1564 2273 aestivo
1585 2219 1697 2274 sole
1725 2221 1793 2274 de
1823 2235 2044 2276 nemore

457 2316 514 2360 et
542 2306 687 2361 fonte
716 2306 993 2375 frigescit?
1023 2308 1128 2362 Sed
1149 2308 1278 2377 quid
1304 2323 1335 2361 a
1363 2309 1637 2378 proposito
1657 2311 1876 2365 excidi?
1906 2311 2042 2365 Dum

458 2398 774 2454 medicinam
831 2398 968 2454 facio
1017 2400 1251 2469 querelis
1308 2402 1452 2468 tuis,
1500 2401 1642 2457 ultro
1689 2403 2042 2464 desideranda

455 2492 715 2560 suggessi.
749 2493 878 2546 Esto
899 2535 912 2558 ,
946 2501 1004 2547 ut
1032 2508 1121 2559 es,
1153 2509 1403 2550 curarum
1429 2498 1668 2552 omnium
1695 2497 1960 2566 tolerans,
1989 2507 2045 2554 et

457 2580 695 2635 debitam
719 2597 936 2650 operam
968 2585 1118 2638 solve
1144 2585 1494 2655 principibus,
1521 2586 1609 2656 qui
1639 2589 1900 2643 rationem
1931 2604 2044 2644 nta-

453 2671 535 2740 gis
564 2674 739 2727 meriti
774 2674 870 2740 tui,
899 2690 1057 2745 quam
1087 2677 1374 2734 voluntatis
1401 2679 1720 2735 habuerunt.
1754 2681 1902 2736 Vale.

1055 2807 1271 2864 EPIST.
1313 2811 1450 2866 LIX.

974 2933 1280 2976 ενωιλοιιυε
1331 2939 1517 2978 Ριιοιιο.

522 3031 704 3086 Mones
734 3033 981 3089 amicitia:
1007 3035 1206 3092 bonum
1237 3040 1452 3108 scriptis
1484 3042 1849 3110 frequentibus
1874 3060 2038 3100 exco-

453 3123 646 3178 lamus.
693 3125 874 3180 Placet
916 3129 1144 3181 hortatio
1190 3130 1458 3185 invitatrix
1499 3135 1795 3202 religionis.
1845 3137 1948 3202 Et,
1983 3145 2042 3191 ut

452 3233 638 3273 verum
689 3219 894 3284 fatear,
943 3219 1107 3274 decus
1157 3221 1288 3275 tttilti
1335 3237 1418 3277 εει
1461 3224 1576 3280 ιιωο
1625 3236 1711 3280 tua
1759 3229 2035 3292 voluntas;

452 3325 605 3364 amor
635 3313 777 3365 cnim
808 3311 1024 3366 maximi
1073 3312 1192 3381 plus
1220 3316 1462 3384 requirit.
1518 3318 1622 3374 Sed
1653 3321 1793 3389 quod
1821 3323 1921 3388 ais,
1954 3338 2040 3378 me

452 3401 659 3470 potius,
689 3405 779 3471 qui
811 3402 913 3458 sim
946 3417 1148 3458 vacuus
1181 3407 1410 3474 publica:
1439 3410 1548 3477 rei,
1577 3410 1881 3466 istiusmodi
1911 3414 2042 3484 vigi-

453 3493 580 3548 liam
609 3492 813 3548 debere
843 3497 1056 3562 sortiri,
1086 3511 1295 3565 aequum
1325 3514 1446 3554 esse
1474 3501 1754 3556 dissentio.
1784 3502 1902 3558 Jam
1932 3506 2042 3574 pri-

450 3601 595 3641 mum
625 3587 766 3658 quod
811 3589 973 3642 homo
1021 3590 1232 3645 licentis
1283 3593 1378 3646 otii
1422 3596 1650 3650 scrutari
1697 3595 1843 3651 vices
1888 3613 2039 3653 cont-

453 3680 748 3733 meantium
797 3695 903 3734 non
935 3681 1118 3736 laboro
1150 3700 1163 3734 :
1195 3691 1317 3738 tuus
1349 3687 1518 3740 honor
1545 3696 1814 3743 vecturam
1846 3692 2038 3746 litteris

449 3771 552 3825 nisi
585 3770 808 3837 invenit,
840 3771 984 3825 facit.
1021 3772 1221 3828 Dehinc
1245 3775 1385 3842 qttod
1411 3777 1541 3831 tttilti
1569 3777 1715 3834 iners
1738 3782 2036 3840 desuetudo

447 3864 985 3934 oblimaringenium.
1029 3866 1148 3922 Tibi
1187 3870 1411 3940 impigro
1433 3872 1634 3941 jamdiu
1665 3879 1864 3947 negotii
1893 3882 2036 3936 leva-

450 3962 538 4008 tur
558 3971 685 4009 usus
712 3957 985 4025 loquendi.
1016 3957 1158 4029 Ergo
1179 3976 1284 4030 quo
1313 3973 1368 4015 tu
1396 3964 1462 4017 ad
1492 3967 1833 4024 scribendum
1863 3974 2036 4042 major

447 4045 623 4112 capia,
654 4046 758 4099 hoc
782 4063 882 4116 ego
909 4048 1118 4118 dignior
1146 4052 1300 4106 venia
1330 4055 1580 4113 raritatis.
1613 4057 1824 4115 Satisne
1849 4063 2036 4119 videor

446 4133 531 4189 Itis
576 4136 752 4190 causis
796 4140 1033 4192 munitus
1081 4141 1134 4194 in
1184 4147 1498 4210 posterum?
1549 4147 1854 4207 Memineris
1893 4156 2032 4223 volo,

446 4227 701 4298 quidquid
737 4243 767 4281 a
799 4245 884 4285 me
911 4232 1178 4287 sermonis
1234 4240 1508 4307 acceperis
1530 4279 1548 4307 ,
1597 4241 1836 4314 obsequii
1888 4261 2031 4315 esse,

446 4331 552 4372 non
583 4317 704 4372 otii.
744 4316 889 4373 Vale.

1061 4412 1276 4472 EPIST.
1320 4417 1429 4475 LX.

969 4541 1281 4585 δῑιιιιλοιιυε
1312 4547 1498 4589 PROBO.

511 4631 636 4688 Scio
663 4644 716 4690 te
741 4652 847 4692 non
878 4638 1212 4696 fortunarum
1256 4643 1455 4700 habere
1482 4645 1759 4718 dilectum,
1789 4652 1883 4709 sed
1913 4670 2028 4710 mc-

443 4727 685 4782 ritorum.
716 4729 988 4786 ltomanus
1015 4735 1291 4790 familiaris
1317 4754 1467 4795 meus
1494 4742 1678 4796 aulicis
1699 4744 1862 4799 etiam
1885 4762 2028 4803 nunc

443 4829 593 4888 paret
621 4820 814 4876 officiis
833 4862 849 4886 ,
881 4833 1059 4893 utpote
1085 4827 1220 4881 sacri
1247 4828 1562 4886 administer
1589 4835 1784 4889 mrarii.
1817 4836 1921 4892 Sed
1947 4841 2030 4894 in-

375 4922 387 4931 ‘
441 4921 731 4966 stramenta
765 4916 1041 4984 probitatis
1067 4919 1164 4970 sub
1191 4934 1289 4973 “all
1318 4919 1534 4976 honoris
1565 4926 1817 4980 excoluit.
1849 4928 2027 4994 Quare

441 5003 668 5072 dignitas
712 5007 797 5060 illa
844 5017 924 5060 est
967 5011 1263 5076 promiscua
1295 5028 1414 5068 cutn
1458 5005 2024 5085 pluritnis,‘honestas

440 5109 593 5164 aequa
620 5109 739 5148 cum
771 5113 971 5165 paucis.
1015 5103 1164 5165 Quod
1207 5118 1272 5157 eo
1304 5111 1704 5163 memorandum
1737 5113 1938 5180 putavi,
1969 5123 2026 5169 ut

440 5197 471 5236 a
501 5195 552 5240 te
581 5189 790 5255 quoque
821 5203 917 5256 pro
946 5202 1151 5246 ratione
1183 5195 1328 5262 vitm,
1362 5214 1466 5252 tton
1501 5215 1597 5268 pro
1621 5204 1786 5271 gradu
1818 5205 2022 5260 nt-litia:

439 5290 741 5333 censeatur.
796 5282 899 5336 Fac
934 5287 1230 5353 periculum
1269 5291 1515 5347 maximis
1547 5295 1598 5348 in
1629 5298 1892 5366 negotiis;
1940 5302 2022 5354 fac

440 5368 494 5424 in
526 5371 684 5426 seriis
713 5375 1036 5430 retnissisve.
1067 5376 1320 5464 lieperies
1353 5385 1584 5441 hominis
1615 5396 1804 5442 tectam
1834 5391 2015 5454 lident,

2068 3170 2114 3233 ἐ.

2754 441 2969 496 EPIST.
3010 441 3144 498 LXI.

2685 535 2991 587 svunttcuus
3035 547 3220 589 puoso.

2219 620 2314 675 Ais
2349 628 2400 676 te
2441 619 2733 691 multiiugis
2761 625 3170 678 necessitatibus
3201 622 3485 691 impediri,
3521 625 3736 694 quomi-

2149 726 2247 764 nus
2277 711 2516 779 gnaviter
2546 713 2838 766 amicorum
2877 713 3186 768 carissimos
3226 714 3532 784 alloquaris.
3585 714 3738 770 Nota

2147 803 2223 855 rei
2253 810 2429 856 cesset
2453 803 2700 856 assertio.
2726 802 2857 857 Nam
2886 814 2940 858 et
2963 807 3052 874 qui
3080 806 3259 872 procul
3283 806 3555 870 absumus,
3575 821 3737 861 curas

2145 907 2208 945 ac
2235 892 2443 962 vigilias
2470 901 2586 948 tuas
2611 895 2908 948 communis
2957 895 3140 962 patria:
3187 896 3356 964 copiis
3395 906 3448 950 et
3490 897 3737 952 satietate

2144 986 2429 1038 sentimus.
2461 985 2672 1039 Mutasti
2715 985 2873 1055 igitur
2897 985 3153 1054 officium,
3193 1003 3300 1040 non
3329 989 3550 1056 negasti.
3585 989 3738 1042 Anti-

2146 1075 2301 1143 quior
2339 1075 2482 1130 enim
2528 1076 2620 1130 tibi
2653 1079 2782 1145 fuit,
2835 1084 2894 1130 ut
2933 1092 3051 1131 esse
3080 1077 3300 1142 debuit,
3341 1081 3483 1132 salus
3513 1080 3728 1146 civium,

2146 1179 2304 1231 quam
2336 1165 2606 1220 salutatio.
2657 1166 2809 1220 Nunc
2845 1180 2975 1221 sane
2999 1176 3051 1221 et
3075 1167 3440 1222 desideramus
3483 1179 3538 1224 et
3562 1185 3732 1238 expo-

2146 1254 2344 1309 scimus
2373 1267 2489 1311 tuas
2519 1257 2721 1311 litteras
2744 1297 2758 1322 ,
2793 1257 3007 1326 largiter
3034 1269 3284 1328 congesta
3322 1259 3480 1329 'fruge
3529 1261 3580 1314 itt
3611 1278 3731 1329 pro-

2149 1348 2305 1402 xima:
2355 1347 2545 1402 hiemis
2591 1349 2959 1419 impendium:
2998 1365 3297 1420 quanquam
3347 1352 3460 1406 scio
3503 1353 3730 1408 necdum

2151 1441 2244 1493 tibi
2273 1441 2411 1496 hanc
2440 1452 2645 1511 partem
2678 1443 2836 1497 nimis
2867 1451 3031 1496 tutam
3065 1443 3246 1498 videri.
3283 1443 3558 1513 Nunquam
3587 1448 3732 1500 enim

2149 1541 2232 1584 est
2253 1547 2472 1587 securus
2505 1550 2656 1588 amor
2685 1534 2866 1602 patriae
2891 1551 2902 1586 :
2927 1546 2975 1588 et
3008 1535 3253 1604 quamvis
3281 1551 3468 1604 magna
3498 1539 3730 1593 remedia

2149 1625 2422 1692 conquirat
2445 1666 2461 1693 ,
2494 1641 2704 1696 semper
2732 1626 2862 1681 illud
2888 1635 3036 1696 putat
3066 1627 3342 1683 imminere
3369 1628 3509 1698 quod
3537 1629 3728 1685 timuit.

2152 1713 2302 1770 Vale.

2727 1785 2943 1841 EPIST.
2985 1787 3144 1843 LXII.

2403 1891 2708 1932 SYMMACIIUS
2752 1893 2974 1934 CBLSINO
3013 1895 3224 1936 TICIANO
3263 1897 3482 1938 FRATRI.

2214 1987 2377 2043 Bonas
2408 1988 2524 2058 spei
2554 1989 2740 2058 plenus
2759 2030 2776 2057 ,
2810 1999 3087 2060 postquam
3123 1990 3252 2045 mihi
3283 1991 3542 2047 adventus
3568 1993 3727 2049 vestri

2147 2082 2346 2137 fecistis
2377 2081 2653 2148 indicium,
2689 2081 2870 2136 calcar
2913 2083 3178 2152 quoddam
3220 2083 3482 2153 suppingo
3525 2100 3728 2154 prope-
3819 2079 3836 2100 '

2145 2175 2413 2238 rantibus;
2459 2182 2514 2229 et
2557 2173 2608 2228 in
2638 2188 2754 2228 eam
2791 2189 2903 2228 rem
2937 2185 3083 2228 tuum
3125 2188 3317 2228 munus
3361 2175 3625 2243 imploro,
3675 2187 3730 2231 ut

2145 2275 2422 2335 parentum
2458 2265 2632 2320 studia
2683 2265 2926 2320 hortator
2955 2265 3240 2320 acccleres.
3284 2265 3460 2321 Stabit
3480 2267 3616 2334 apud
3646 2282 3731 2322 me

2144 2358 2398 2411 memoria
2445 2355 2688 2412 beneficii
2743 2356 2858 2421 tui,
2904 2371 3003 2412 nec
3034 2372 3266 2426 unquam
3308 2357 3466 2413 tacita
3495 2358 3640 2424 erit;
3685 2357 3730 2413 si

2143 2448 2369 2502 fratrum
2396 2446 2636 2517 delegata
2666 2446 2960 2501 curaveris.
2995 2447 3146 2502 Vale.

2715 2557 2933 2614 EPIST.
2975 2557 3156 2614 LXIII.

2403 2661 2710 2703 εϊωιλειιυε
2750 2662 2969 2703 CELSINO
3012 2664 3224 2703 TICIANO
3261 2664 3476 2703 ι-ἰιΑτιιι.

2213 2758 2459 2829 Longum
2483 2759 2771 2830 loquantur
2797 2776 2896 2830 pro
2924 2760 3208 2832 incognitis
3235 2771 3328 2816 aut
3350 2761 3542 2818 alienis
3569 2761 3730 2818 verba

2141 2849 2354 2904 facturi.
2405 2849 2532 2906 Mihi
2574 2851 2690 2906 haec
2714 2866 2879 2921 opera
2906 2851 3200 2907 desinenda
3228 2862 3309 2907 est
3330 2893 3347 2920 ,
3379 2868 3500 2908 cum
3528 2853 3731 2907 litteras

2142 2956 2352 3001 nostras
2378 2943 2607 3001 Saturus
2639 2945 2804 3001 frater
2833 2946 3133 3000 communis
3161 2945 3388 3013 accipiat
3415 2985 3432 3012 ,
3463 2961 3593 3014 quas
3623 2961 3731 2999 non

2145 3037 2598 3092 commendationi
2647 3037 2761 3106 ejus
2808 3037 3071 3107 praestiti,
3102 3036 3197 3091 sed
3229 3047 3413 3092 noStra
3455 3038 3598 3092 circa
3635 3049 3730 3092 vos

2144 3143 2331 3184 amore
2359 3129 2525 3183 factas
2552 3123 2730 3183 emisi.
2758 3129 2909 3183 Vale.

2715 3220 2936 3276 EPIST.
2977 3220 3162 3276 LXIV.

2411 3325 2723 3367 SYMMACHUS
2751 3327 2968 3366 δειδιΝο
3003 3313 3216 3366 ’llCIANO
3245 3325 3458 3366 FRATRI.

2209 3423 2590 3478 Commendari
2619 3438 2649 3478 a
2679 3439 2766 3478 me
2791 3424 3102 3495 episcopum
3129 3426 3265 3479 forte
3290 3422 3523 3478 mireris.
3551 3422 3727 3477 Causa

2139 3512 2300 3577 istud,
2330 3529 2434 3568 non
2473 3523 2619 3569 secta
2656 3516 2940 3584 persuasit.
2982 3514 3115 3569 Nam
3162 3513 3410 3570 Clemens
3453 3513 3579 3568 boni
3625 3512 3727 3567 viri

2139 3603 2353 3661 functus
2381 3605 2637 3673 officium,
2665 3608 2994 3674 Caesareum,
3024 3622 3143 3676 quae
3175 3607 3248 3662 illi
3277 3608 3441 3677 patria
3469 3616 3571 3669 est,
3595 3620 3727 3661 con-

2137 3697 2316 3750 ciliata
2368 3697 2725 3752 maximorum
2773 3697 3070 3767 principum
3141 3712 3311 3767 pace,
3367 3705 3566 3752 tutatus
3617 3704 3722 3751 est.

2139 3788 2322 3842 Fando
2362 3803 2689 3860 acceperas,
2735 3789 3027 3844 rebellione
3083 3789 3364 3844 barbarica
3408 3797 3541 3858 quot
3583 3787 3719 3854 auri,

2136 3889 2264 3949 quot
2284 3881 2490 3950 argenti
2515 3881 2704 3946 privati
2733 3887 2825 3934 aut
2849 3880 3044 3950 publici
3073 3879 3210 3934 sacri
3240 3889 3293 3933 et
3321 3878 3552 3948 profani,
3577 3879 3724 3932 Mau-

2136 3974 2344 4026 ritania:
2372 3974 2468 4026 fuit
2492 3972 2792 4041 direptione
2815 3971 3048 4028 hostium
3072 3971 3417 4026 lancinatum.
3447 3969 3638 4024 Evenit
3659 3984 3720 4024 ca

2139 4071 2477 4133 tempestate,
2511 4073 2568 4116 ut
2597 4064 2757 4117 etiam
2787 4063 2900 4117 lisci
2929 4064 3229 4132 depositum
3262 4062 3382 4116 belli
3411 4062 3530 4129 jure
3560 4076 3714 4127 rape.

2137 4164 2282 4210 retur
2313 4172 2327 4209 :
2355 4154 2497 4225 quod
2528 4170 2556 4206 a
2587 4155 2940 4209 summatibus
2985 4152 3220 4207 civitatis
3242 4193 3261 4220 ,
3307 4166 3439 4222 quos
3487 4152 3717 4220 reliquos

2136 4247 2256 4318 fuga
2289 4248 2508 4313 fecerat,
2538 4246 2625 4316 jus
2651 4246 2826 4300 :crarii
2856 4245 3190 4316 reposcebat.
3222 4244 3414 4297 Misera
3445 4256 3498 4298 et
3523 4244 3714 4295 acerba

2134 4341 2413 4406 conditio,
2461 4339 2560 4393 nisi
2611 4339 2826 4393 tristitia
2870 4350 3166 4408 temporum
3215 4337 3504 4392 Clementis
3532 4348 3714 4389 curant

2136 4434 2425 4496 movisset;
2467 4447 2624 4502 quem
2655 4447 2754 4500 ego
2779 4446 2885 4485 non
2924 4433 3100 4485 minus
3129 4430 3282 4485 famae
3321 4429 3524 4494 saeculi,
3557 4440 3716 4497 quam

2054 4531 2104 4590 ι)
2131 4523 2322 4576 civium
2363 4522 2634 4576 securitati
2673 4521 3045 4576 commodasse
3091 4520 3337 4574 dixerint.
3389 4519 3527 4586 Quid
3572 4517 3714 4572 enim

2131 4626 2325 4684 praeter
2354 4616 2604 4669 invidiam
2653 4616 2876 4669 referret
2908 4617 3198 4682 aerarium,
3240 4617 3284 4669 si
3322 4631 3453 4685 opes
3477 4614 3545 4668 ab
3571 4613 3712 4682 inopi

2129 4707 2276 4759 curia
2305 4706 2696 4774 poscerentur?
2727 4707 2900 4762 Ilabes
2930 4708 3174 4761 ordinem
3207 4708 3303 4760 rei.
3354 4706 3504 4774 Quod
3550 4713 3715 4759 restat

2129 4800 2356 4866 enitere,
2389 4809 2448 4854 ut
2477 4800 2551 4854 tui
2581 4801 2841 4870 aspiratio
2869 4801 2985 4854 vela
3016 4800 3174 4854 faciat
3207 4799 3529 4869 impetratis.
3566 4799 3712 4855 \‘ale.

2711 4913 2928 4970 EPIST.
2968 4913 3127 4969 LXV.

2406 5021 2712 5062 SYHMACIIUS
2742 5022 2961 5062 CELSINO
2990 5022 3202 5062 TICIANO
3229 5021 3445 5060 FRATRI.

2199 5117 2350 5174 Scire
2399 5117 2633 5188 postulas
2660 5157 2676 5184 ,
2722 5118 2847 5188 quid
2877 5119 2944 5174 de
2975 5119 3363 5173 lacessentibus
3393 5118 3708 5172 sentiamus.

2125 5209 2258 5266 Nolo
2285 5212 2566 5266 consilium
2591 5213 2958 5266 succensentis
2981 5223 3281 5281 exspectes.
3310 5211 3490 5280 Neque
3520 5212 3572 5264 in
3595 5211 3712 5279 ejus

2126 5315 2319 5355 noxam
2352 5302 2562 5356 labores
2581 5342 2594 5368 ,
2625 5319 2784 5372 quem
2814 5306 2961 5357 vides
2989 5305 3261 5357 abundare
3290 5301 3544 5372 peccatis.
3594 5302 3713 5370 Ipse

2123 5409 2312 5448 causas
2339 5394 2510 5459 dabit,
2540 5411 2672 5464 quas
2703 5411 2808 5450 non
2839 5397 3070 5452 videaris
3110 5405 3343 5466 optasse.
3392 5397 3498 5450 Sed
3527 5395 3594 5449 de
3622 5396 3712 5449 illo

440 5473 708 5557 patentem
741 5466 1053 5536 religionem
1073 5508 1090 5534 ,
1114 5459 1454 5539 prudentiam
1484 5477 1726 5548 liberam,
1758 5497 2018 5538 verecun-
2114 5459 2255 5540 satis
2285 5487 2455 5540 habeo
2485 5459 2704 5539 dctum.
2761 5486 2981 5542 Veniam
3030 5459 3161 5557 quo'
3187 5503 3272 5542 tne
3301 5487 3447 5541 ducit
3477 5489 3709 5541 affectio.

437 5554 580 5608 diatn
611 5556 906 5613 liberalem.
959 5562 1054 5615 Cui
1086 5577 1185 5630 ego
1216 5576 1494 5635 prepterea
1544 5571 1739 5626 factum
1771 5575 1924 5640 volo,
1963 5584 2022 5630 ut

440 5644 543 5696 mei
573 5651 857 5705 testimonii
907 5652 1038 5707 fides
1085 5655 1284 5712 clareat
1311 5699 1328 5727 ,
1370 5667 1424 5714 et
1455 5659 1547 5717 tibi
1591 5663 1794 5720 amicus
1821 5664 2018 5723 limata:

441 5735 718 5806 probitatis
745 5743 981 5801 accedat.
1015 5744 1162 5804 Vale.

2124 5577 2358 5628 ltntnane
2387 5583 2640 5643 quantum
2664 5591 2693 5628 a
2721 5575 2910 5631 litteris
2939 5580 3218 5645 desidetis,
3247 5593 3423 5646 neque
3453 5577 3710 5644 metuitis,

2123 5680 2191 5720 ne
2220 5680 2312 5720 vos
2361 5669 2568 5722 ratione
2605 5669 2804 5724 silentii
2845 5673 3210 5726 murdeamus.
3262 5671 3397 5738 Quid
3429 5671 3601 5725 hiems
3628 5671 3711 5723 fa-

2120 5757 2248 5826 ciet,
2275 5769 2394 5826 quae
2415 5766 2558 5816 terra
2586 5770 2639 5817 et
2665 5761 2800 5818 mari
2829 5764 3125 5834 utorabitur
3150 5763 3523 5822 commeatus?
3551 5761 3711 5835 Cogi-
