4176 6184
332 206 428 262 I69

1567 242 2049 301 EPISTOLARUM
2094 245 2297 303 LIBER
2333 249 2369 304 I.

3552 269 3619 322 70

310 364 419 410 tate
447 366 611 408 νεδιτι
641 352 806 410 ofﬁcii
846 356 1219 412 necessitatem
1246 398 1259 423 ,
1295 366 1493 414 nostra:
1538 362 1910 417 sollicitudinis
1938 369 1984 424 Α
2016 365 2176 419 mium
2198 365 2439 434 judicum
2477 365 2729 435 prtesidio
2765 367 3071 427 fulciantur.
3098 369 3358 444 lntelligis
3383 388 3478 433 eas
3498 392 3620 436 esse
3647 378 3652 385 '

310 445 483 499 vicem
510 485 526 509 ,
555 460 783 515 eamque
809 447 1030 518 arripite
1057 446 1388 520 diligentiam
1414 491 1430 517 ,
1464 467 1625 522 quam
1656 454 1725 508 de
1754 455 1911 510 nobis

307 545 497 590 mutuo
521 535 798 605 ﬂagitatis.
831 536 979 592 Vale.

896 628 1111 685 EPIST.
1156 629 1337 685 LXVI.

590 732 898 775 SVHIACIIUS
928 735 1153 777 CELSINO
1181 738 1393 778 TICIANO
1423 739 1637 779 FRATRI.

379 810 653 879 Gclasius,
677 813 763 867 cui
794 815 990 868 factum
1018 815 1165 881 volo,
1188 816 1481 886 imperiaiis
1510 817 1703 873 domus
1724 831 1908 873 curam

307 905 515 973 terepit
537 945 554 969 ,
600 905 746 975 quod
791 907 1061 975 negotium
1101 908 1150 962 ei
1183 909 1382 979 aliquid
1409 909 1682 979 dignitatis
1706 911 1908 976 attulit,

300 998 401 1050 etsi
437 996 557 1065 plus
586 997 748 1053 habet
794 999 1014 1055 honoris
1040 1002 1093 1055 in
1122 1003 1384 1057 moribus.
1433 1002 1755 1059 Medicinam
1785 1019 1906 1059 cum

301 1092 497 1159 primis
536 1103 735 1149 nostra:
763 1095 935 1149 aetatis
973 1096 1237 1151 exercuit.
1279 1095 1405 1152 Inde
1434 1107 1516 1151 est
1542 1097 1621 1151 illi
1651 1098 1733 1152 via
1774 1098 1910 1153 facta

297 1186 647 1240 meritorum.
695 1185 827 1241 Nam
876 1198 1172 1243 summates
1211 1188 1386 1254 aulae,
1437 1190 1631 1259 quibus
1670 1190 1910 1259 juvanda

296 1278 475 1329 salute
497 1275 793 1346 profuerat,
822 1287 985 1332 testes
1009 1278 1184 1347 potius
1208 1280 1413 1344 habuit,
1437 1294 1598 1350 quam
1624 1293 1904 1350 patronos.

294 1368 482 1433 Absit,
515 1378 572 1423 ut
617 1370 712 1424 tibi
742 1368 920 1423 veniat
949 1385 1077 1425 usus
1102 1371 1234 1425 artis
1263 1372 1403 1441 ejus,
1435 1387 1557 1427 cum
1582 1384 1779 1429 caetera
1808 1376 1909 1429 ho-

294 1468 645 1523 nestamenta
675 1462 999 1516 sanctissimi
1032 1461 1130 1516 viri
1156 1464 1362 1531 possint
1394 1478 1490 1532 pro
1517 1464 1610 1519 illo
1635 1465 1772 1521 ferre
1798 1465 1911 1521 suf-

294 1551 554 1621 fragium.
606 1552 746 1621 Ergo
773 1568 893 1607 ama
924 1552 1199 1608 Gelasium
1227 1596 1243 1618 ,
1283 1555 1413 1609 mihi
1442 1555 1755 1625 jamdudum
1796 1557 1909 1627 pla-

293 1645 489 1711 citum,
516 1645 613 1701 tibi
642 1660 731 1702 me
756 1645 1058 1715 spondente
1088 1646 1433 1716 placiturum.
1467 1647 1616 1704 Vale.

877 1803 1090 1860 EPIST.
1134 1805 1339 1859 LXVII.

596 1911 907 1953 STIIIACHUS
935 1911 1152 1952 CELSINO
1182 1911 1395 1952 TICIANO
1420 1913 1634 1954 FRATRI.

363 2005 828 2063 Commendarem
876 2008 969 2064 tibi
1015 2008 1273 2081 Anysium
1301 2051 1317 2076 ,
1358 2011 1681 2067 laudabilem
1712 2012 1904 2079 virum,

297 2100 401 2154 nisi
435 2103 491 2154 in
525 2116 703 2155 meam
740 2100 1029 2155 amicitiam
1061 2111 1111 2156 te
1142 2112 1364 2157 auctore
1393 2103 1646 2158 venisset.
1680 2103 1909 2171 Quando

296 2193 462 2261 igitur
491 2192 630 2246 nihil
656 2202 738 2247 est
762 2233 777 2258 ,
808 2192 949 2261 quod
981 2192 1056 2247 illi
1105 2207 1256 2248 meus
1283 2208 1465 2249 sermo
1490 2195 1778 2265 conciliet,
1812 2197 1909 2253 be-

298 2283 483 2338 neﬁcii
513 2284 634 2338 loco
666 2283 841 2339 habeo
866 2324 883 2351 ,
914 2283 960 2339 si
986 2283 1039 2338 in
1070 2298 1193 2339 eum
1221 2287 1389 2340 sancti
1419 2287 1585 2341 animi
1618 2286 1693 2341 tui
1719 2287 1910 2358 gliscat

293 2373 537 2430 affectio.
588 2375 721 2430 Nam
750 2375 841 2430 ubi
880 2376 1080 2431 amoris
1107 2377 1408 2432 rudimenta
1441 2388 1713 2447 praeventa
1742 2390 1865 2434 sunt
1890 2389 1906 2439 ἱ

290 2466 556 2523 secunda:
603 2468 791 2538 gratia:
837 2468 986 2525 locus
1012 2478 1134 2537 est,
1177 2478 1236 2524 ut
1275 2478 1563 2540 augmenta
1594 2481 1904 2541 pascantur-

293 2554 362 2608 νε
373 2555 453 2612 le.

850 2627 1067 2685 EPIST.
1119 2627 1351 2685 LXVIII.

582 2733 895 2776 SYIIACRUS
918 2736 1137 2778 CELSINO
1163 2738 1378 2779 TICIANO
1403 2739 1622 2781 FRATRI.

363 2831 545 2887 Rufus
597 2834 915 2902 pontificalis
962 2836 1215 2893 Arcarins
1268 2841 1609 2910 prosequitur
1657 2842 1801 2912 apud
1855 2851 1906 2899 te

293 2924 558 2977 mandata
585 2925 819 2997 collegii,
846 2927 931 2982 cui
958 2943 1067 2996 prae
1097 2930 1308 2986 caeteris
1338 2933 1605 2989 retinendi
1625 2933 1907 3005 Vagaoen-

290 3012 364 3068 sis
394 3016 577 3069 saltus
602 3031 735 3071 cura
776 3017 949 3088 legata
974 3030 1078 3074 est.
1122 3020 1309 3088 Effice,
1341 3039 1437 3079 oro
1456 3034 1537 3094 te,
1570 3033 1628 3079 ut
1650 3026 1906 3098 divinitus

2019 472 2277 526 personas
2298 498 2315 525 ,
2347 460 2539 529 quibus
2588 460 2702 516 haec
2747 462 2917 531 gratia
2956 466 3127 536 magis
3156 480 3223 522 ex
3263 482 3365 523 suo
3395 469 3611 537 merito,

2016 565 2174 619 quam
2208 567 2274 605 ex
2303 553 2439 607 meis
2467 553 2659 609 litteris
2701 554 2978 613 debeatur.
3032 558 3141 615 Nec
3187 560 3401 617 mireris
3424 600 3442 627 ,
3472 561 3618 632 ipsos

2016 654 2181 706 super
2204 656 2267 696 ea
2296 644 2595 699 rescribere
2626 646 2884 712 noluisse,
2915 663 3039 704 cum
3071 652 3371 707 reverentia
3400 653 3510 710 mei
3539 652 3616 710 fc-

2014 731 2170 797 cerit,
2203 740 2261 786 ut
2290 742 2475 789 nostro
2513 734 2764 806 suffragio
2794 739 2971 808 potius
2998 750 3299 798 uterentur.
3326 743 3478 801 Vale.

2590 870 2805 926 EI’IS'I‘.
2851 872 3035 928 LXXI.

2273 972 2580 1013 SVIIMACIIUS
2616 974 2835 1017 CELSINO
2870 978 3084 1019 TICIANO
3123 979 3341 1020 FRATRI.

2084 1086 2427 1144 Cmcilianum
2463 1090 2637 1146 virum
2670 1094 2951 1151 honestum
2976 1137 2991 1161 ,
3046 1097 3391 1154 Laurentium
3446 1100 3610 1159 Lavi-

2016 1178 2226 1231 narium
2256 1178 2595 1238 defensorem
2639 1196 2946 1255 susceptum
2975 1190 3320 1262 commendat
3348 1192 3610 1251 officium.

2011 1267 2110 1325 Cui
2141 1271 2188 1326 si
2234 1272 2366 1328 nihil
2398 1276 2791 1333 conciliationis
2819 1288 3013 1336 caetera
3044 1283 3169 1338 vitte
3198 1284 3610 1346 honestztmenta

2012 1370 2330 1431 praestarent
2355 1404 2371 1430 ,
2406 1366 2741 1424 interventus
2768 1385 2919 1427 meus
2960 1375 3189 1443 gratiam
3215 1384 3359 1432 tuam
3388 1379 3612 1438 deberet

2010 1454 2311 1522 acquirere.
2343 1456 2477 1512 Ama
2507 1474 2637 1529 ergo
2666 1461 2939 1518 hominem
2972 1465 3223 1534 placitum
3254 1469 3405 1537 mihi,
3443 1481 3500 1527 et
3525 1488 3613 1529 re-

2011 1540 2198 1613 ligiose
2231 1546 2465 1603 civitatis
2494 1551 2792 1607 commodis
2820 1554 3230 1624 obsequentem.
3262 1561 3479 1618 Amoris
3506 1578 3609 1619 au-

2012 1643 2117 1689 tem
2164 1637 2238 1691 ttti
2270 1652 2547 1698 sumemus
2581 1642 2832 1698 indicium
2858 1689 2873 1713 ,
2916 1645 2961 1700 si
2991 1662 3086 1703 eos
3114 1650 3307 1720 quibus
3335 1654 3608 1725 negotium

1932 1741 1981 1802 Β
2009 1727 2270 1786 familiare
2300 1732 2595 1801 ntandavit,
2630 1735 2923 1806 adiuveris.
2967 1738 3117 1797 Vale.

2573 1870 2784 1927 EPIST.
2837 1873 3045 1929 LXXII.

2281 1974 2589 2019 SYMIIACRUS
2620 1980 2841 2021 CELSINO
2876 1982 3091 2024 TICIAIVO
3119 1984 3335 2027 FRATRI.

2084 2096 2391 2153 Amicorum
2439 2098 2722 2156 desideriis
2767 2116 2987 2172 operam
3030 2118 3137 2159 non
3169 2120 3447 2177 negamus,
3478 2108 3604 2169 dum

2007 2187 2151 2256 justa
2184 2190 2458 2244 credimus
2486 2231 2502 2256 ,
2551 2207 2669 2261 qua:
2700 2202 2951 2263 petuntur
2986 2213 2999 2249 :
3033 2204 3091 2250 ut
3141 2212 3282 2253 nunc
3327 2198 3459 2255 mihi
3505 2216 3606 2258 usu

2014 2280 2162 2335 venit
2188 2320 2203 2345 ,
2235 2282 2324 2350 qui
2356 2282 2577 2338 Bassum
2622 2284 2837 2355 optimis
2866 2287 2995 2342 viris
3041 2290 3418 2361 complacitum
3441 2334 3458 2359 ,
3500 2310 3606 2351 non

2012 2376 2191 2440 putavi
2235 2374 2488 2443 suffragio
2529 2377 2911 2435 deserendum.
2956 2380 3114 2439 Salva
3142 2382 3304 2453 igitur
3328 2400 3447 2443 mea
3489 2388 3605 2443 exi-

2011 2464 2340 2533 stimatione,
2374 2468 2461 2538 qui
2490 2468 2646 2525 bonis
2674 2471 2877 2527 credidi
2907 2514 2924 2539 ,
2974 2475 3223 2531 meritum
3251 2477 3347 2533 tibi
3375 2479 3605 2535 hominis

2009 2554 2126 2612 dies
2177 2556 2385 2629 longior
2428 2560 2703 2617 indicabit.
2737 2564 2862 2618 Mihi
2892 2566 3025 2621 satis
3052 2576 3136 2623 est
3161 2607 3178 2634 ,
3217 2569 3263 2623 si
3296 2569 3371 2624 illi
3401 2570 3605 2641 primus

2007 2647 2185 2703 aditus
2208 2663 2357 2717 spem
2384 2650 2593 2708 dederit
2615 2653 2926 2722 pleniorem.
2959 2656 3105 2713 Vale.

2563 2785 2779 2844 EPIST.
2824 2787 3057 2845 LXXIII.

2269 2890 2579 2932 ειηωειιυε
2616 2892 2834 2936 αειειιιο
2870 2897 3084 2938 TICIANO
3124 2900 3336 2942 FRATRI.

2078 3006 2306 3073 Quando
2331 3023 2449 3062 eam
2478 3008 2549 3063 dii
2592 3019 2909 3081 potestatem
2943 3012 3036 3070 tibi
3066 3015 3349 3088 dederunt,
3377 3031 3437 3077 ut
3462 3023 3602 3079 ami-

291 3104 550 3159 videatnr
572 3106 807 3161 oblatum
841 3109 914 3163 tui
962 3110 1182 3167 honoris
1210 3114 1468 3169 auxilium
1494 3155 1508 3179 ,
1542 3126 1597 3170 et
1628 3095 1901 3187 utriusque

2009 3095 2085 3150 eis
2135 3112 2200 3152 ac
2250 3100 2567 3154 necessariis
2612 3102 2747 3156 meis
2793 3105 2913 3158 usui
2953 3120 3074 3161 esse
3116 3109 3333 3177 possis;
3391 3115 3603 3171 confide

293 3194 596 3249 sacerdotii
628 3203 682 3250 te
706 3196 1003 3252 antistitem
1033 3201 1339 3257 recordare.
1369 3202 1636 3272 Quidquid
1659 3204 1906 3273 publicus

291 3287 468 3358 vigor,
503 3297 598 3342 aut
628 3289 829 3358 privata
861 3292 1034 3359 poscit
1064 3293 1347 3361 industria,
1371 3305 1555 3351 oratus
1582 3312 1898 3366 exsequere.

291 3379 519 3435 lultum
554 3380 606 3435 in
638 3382 865 3449 gratiam
897 3390 1043 3437 tuam
1078 3385 1283 3453 publica
1312 3386 1516 3441 utilitas
1546 3389 1900 3457 promovebit.

292 3473 476 3529 llabes
504 3489 773 3527 summam
805 3474 1077 3543 petitionis
1120 3491 1282 3532 meae.
1330 3477 1551 3547 Singula
1595 3490 1772 3535 autem
1805 3478 1900 3536 tibi

292 3568 372 3619 vel
425 3566 829 3620 commonitorii
860 3570 1029 3622 series
1076 3568 1330 3624 indicabit
1354 3610 1371 3637 ,
1404 3572 1488 3627 vel
1534 3571 1703 3629 Rufus
1734 3588 1899 3643 expe-

292 3658 435 3722 diet;
482 3658 574 3712 cui
608 3668 876 3713 maturum
905 3661 1185 3729 praestabis
1209 3662 1482 3729 effectum,
1508 3674 1568 3719 ut
1592 3675 1901 3735 sequestra-

293 3763 409 3806 tum
443 3752 724 3822 paulisper
752 3752 991 3808 officium
1021 3769 1298 3826 regressus
1327 3757 1574 3826 arripiat.
1608 3758 1758 3816 Vale.

882 3866 1101 3925 EPIST.
1136 3869 1320 3925 LXIX.

587 3976 905 4016 εγωιλειιυε
929 3977 1149 4017 CELSINO
1175 3978 1384 4019 TICIANO
1411 3980 1623 4020 FRATRI.

366 4075 553 4130 Potuit
600 4076 770 4130 frater
799 4091 949 4131 meos
988 4075 1280 4132 Acutianus
1314 4092 1413 4132 suo
1459 4079 1712 4144 nomine,
1756 4079 1899 4149 quod

294 4170 493 4237 poscit,
526 4166 771 4235 adipisci,
798 4177 856 4220 ut
879 4168 968 4236 qui
997 4169 1065 4221 sit
1094 4184 1199 4222 non
1229 4170 1404 4223 minus
1434 4170 1549 4236 tibi,
1577 4185 1736 4240 quam
1767 4171 1898 4226 mihi

293 4262 518 4315 familiai
534 4262 601 4315 is.
630 4259 735 4314 Sed
766 4259 1006 4314 interfuit
1034 4260 1196 4315 officii
1224 4261 1352 4327 mei,
1379 4274 1433 4315 ut
1466 4263 1512 4317 ei
1542 4263 1897 4317 voluntariam

292 4367 517 4421 cperam
549 4353 977 4406 commodarem.
1010 4351 1167 4407 Juvat
1194 4364 1373 4408 autem
1401 4353 1720 4409 desiderium
1754 4353 1899 4410 illius

294 4446 496 4514 iustitia
528 4444 807 4515 postulati.
839 4443 971 4498 Nam
1003 4460 1284 4515 germanos
1306 4460 1431 4501 suos
1453 4485 1471 4514 ,
1507 4444 1813 4501 Nichasium
1846 4454 1899 4501 et

296 4538 654 4605 Rogatianum
683 4578 697 4601 ,
728 4538 999 4605 negotium
1047 4552 1330 4591 commune
1376 4546 1627 4593 curantes
1649 4578 1666 4604 ,
1715 4538 1799 4592 vel
1830 4538 1896 4592 ad

293 4631 745 4699 disceptationem
776 4628 1040 4683 Numidici
1084 4630 1378 4684 consulatis
1407 4629 1606 4683 remitti
1640 4629 1893 4698 postulat,

295 4729 409 4793 vel,
437 4726 581 4796 quod
610 4724 658 4778 ei
690 4724 960 4793 antiquius
987 4730 1070 4778 est
1095 4764 1109 4787 ,
1159 4732 1210 4777 te
1244 4722 1575 4792 petissimum
1618 4723 1897 4792 cognitore

296 4822 497 4872 mavult
529 4832 688 4887 quam
722 4819 953 4887 primum
986 4817 1228 4870 molestia
1260 4816 1366 4870 litis
1396 4816 1620 4871 absolvi.
1651 4816 1828 4882 Quare
1848 4816 1893 4870 si

293 4923 347 4964 et
387 4912 525 4963 illius
552 4909 696 4977 apud
730 4919 782 4963 te
808 4908 1012 4979 grande
1044 4918 1369 4962 momentum
1399 4917 1480 4961 cst
1504 4947 1519 4973 ,
1550 4917 1605 4963 et
1635 4924 1660 4958 a
1691 4907 1894 4975 legibus

292 5018 457 5056 causa
486 5020 593 5056 non
619 5002 891 5071 discrepat
918 5046 933 5069 ,
968 5012 1019 5057 et
1051 5001 1385 5056 interventus
1414 5016 1568 5055 meus
1596 5000 1786 5054 libram
1820 4999 1894 5054 tui

295 5097 493 5150 favoris
523 5095 775 5158 inclinat;
808 5094 977 5147 anniti
1006 5109 1216 5162 tequnm
1244 5102 1346 5157 est,
1377 5104 1433 5148 ut
1457 5093 1661 5161 optimo
1690 5091 1805 5146 viro
1829 5106 1894 5146 ex

290 5185 562 5239 sententia
596 5185 850 5253 procedat
876 5194 1137 5253 optatum.
1172 5182 1327 5237 Vale.

891 5294 1109 5350 EPIST.
1149 5295 1311 5349 LXX.

568 5404 880 5444 STIlACRUS
914 5402 1134 5444 CELSINO
1160 5402 1370 5443 TIGIANO
1406 5404 1621 5443 FRATRI.

365 5499 620 5556 Fratrum
662 5510 966 5555 nostrorum
1006 5499 1230 5554 Romani
1259 5508 1419 5569 atque
1450 5500 1601 5572 Magn
1624 5501 1681 5557 lli
1712 5502 1895 5571 petitio

277 5596 435 5663 iusta
467 5604 554 5651 est
582 5636 597 5658 ,
641 5610 801 5663 quam
852 5594 1277 5663 prosequendam
1308 5594 1522 5662 recepi;
1570 5595 1764 5665 quibus
1796 5598 1895 5652 im-

281 5688 496 5757 pendio
526 5701 669 5741 cura:
695 5696 775 5739 est
802 5728 815 5749 ,
849 5696 905 5738 ut
935 5686 1178 5741 homines
1207 5686 1430 5742 Enticite
1460 5688 1773 5745 ρΙιιιείεδίιηω
1815 5691 1887 5747 fe-

590 5778 840 5837 I‘nnm.
913 5777 1142 5848 XVIII,

2011 3187 2254 3244 Romano
2282 3191 2485 3258 optimo
2512 3192 2658 3259 viro,
2689 3209 2795 3264 quo
2820 3211 2940 3251 eum
2968 3197 3096 3253 mihi
3116 3199 3228 3269 jam
3250 3201 3341 3258 diu
3370 3203 3602 3261 familia-

2009 3282 2142 3336 ritas
2172 3290 2276 3348 est,
2306 3283 2356 3338 in
2382 3292 2475 3339 tuo
2500 3285 2752 3355 praesidio
2777 3298 3012 3359 paratam
3045 3290 3200 3349 bona:
3226 3297 3341 3366 spei
3369 3300 3601 3369 copiam.

2008 3370 2226 3427 Duabus
2251 3375 2394 3429 enim
2418 3378 2991 3447 commendationibus,
3015 3397 3238 3452 quarum
3267 3386 3362 3444 tibi
3384 3392 3599 3462 antiqua

2005 3480 2134 3522 cura
2167 3480 2248 3524 est
2268 3509 2284 3534 ,
2314 3469 2597 3539 adjuvatur
2619 3512 2635 3537 ,
2668 3474 2772 3529 mei
2803 3474 3093 3533 testimonii
3125 3481 3477 3552 praerogativa
3498 3524 3516 3551 ,
3544 3497 3600 3544 et

2007 3559 2086 3612 sui
2127 3559 2303 3614 meriti
2343 3561 2693 3619 conscientia.
2741 3564 2872 3619 Nam
2911 3569 3099 3623 sedulo
3134 3572 3306 3629 audeo
3335 3574 3599 3645 judicare,

2004 3646 2220 3717 dignum
2247 3664 2403 3717 esse,
2434 3667 2590 3720 quem
2622 3655 2774 3721 pensi
2802 3656 3021 3725 habeas,
3054 3669 3142 3729 et,
3174 3679 3243 3719 ne
3278 3666 3491 3737 longum
3521 3670 3602 3725 lo~

2006 3752 2161 3808 quar,
2192 3740 2346 3810 cujus
2375 3743 2607 3799 amicitia
2640 3762 2744 3801 non
2775 3752 3035 3817 graveris.
3086 3753 3331 3823 Spectata
3361 3759 3490 3815 mihi
3518 3772 3599 3822 est

2006 3835 2058 3888 in
2081 3851 2146 3890 eo
2172 3838 2326 3906 quies
2351 3840 2545 3909 animi,
2579 3843 2743 3899 officii
2771 3845 3063 3917 diligentia.
3115 3850 3285 3908 Nemo
3314 3854 3367 3908 in
3395 3857 3599 3915 amicos

2006 3927 2110 3984 fide
2142 3929 2305 3984 utitur
2352 3934 2701 4003 promptiore.
2751 3937 2877 3994 flare
2920 3940 2990 3995 ita
3036 3956 3157 3999 esse
3184 3985 3199 4011 ,
3238 3947 3281 4000 si
3306 3948 3432 4017 quid
3467 3951 3597 4008 mihi

2005 4019 2217 4087 tribuis,
2247 4021 2403 4077 velim
2427 4025 2638 4081 credas.
2683 4028 2739 4084 Si
2770 4025 2940 4086 hieret
2976 4035 3217 4102 animus,
3250 4039 3438 4098 hortor
3469 4057 3598 4101 exa-

2004 4113 2196 4169 mines.
2228 4113 2376 4171 Vale.

2554 4190 2769 4246 EPIS'I'.
2815 4191 3048 4251 LXXIV.

2282 4292 2593 4334 εγιιιιΑοιιυε
2633 4297 2824 4336 Λῦοιιιο
2859 4299 3077 4340 ΡΒΛΕΤΕΧ
3086 4303 3151 4342 TA
3160 4302 3248 4342 το.

2078 4408 2173 4463 Est
2202 4409 2400 4479 aliquid
2436 4413 2485 4465 in
2515 4414 2748 4481 querelis
2777 4412 3071 4485 Fasgamitn
3104 4418 3223 4472 filia:
3252 4435 3422 4493 mete,
3452 4441 3593 4496 qttml

2296 4475 2306 4479 -
2532 4475 2544 4481 -
2881 4475 2910 4485 ν
3406 4475 3422 4493 ν

1929 4475 1980 4537 D
2005 4501 2131 4555 mihi
2171 4516 2236 4556 ex
2273 4514 2398 4558 voto
2434 4502 2605 4559 fateor
2633 4506 2911 4561 accidisse.
2947 4507 3075 4564 Nam
3108 4512 3209 4566 nisi
3256 4512 3463 4571 futuras
3487 4519 3591 4576 sibi

2005 4592 2122 4646 usui
2156 4594 2359 4647 litteras
2409 4598 2779 4665 poposcisset,
2833 4598 2898 4651 ad
2946 4600 3286 4658 scribendum
3336 4605 3593 4667 defuisset

2002 4685 2236 4740 occasio.
2294 4685 2519 4740 I‘rarlibo
2567 4687 2729 4757 igitur
2774 4690 3149 4748 salutationem
3178 4735 3193 4761 ,
3243 4711 3365 4767 qua:
3412 4715 3592 4756 meum

2000 4785 2204 4843 spectat
2230 4774 2489 4832 officium.
2515 4778 2733 4848 Reliqua
2764 4794 2888 4849 pars
2919 4783 3125 4852 paginae
3153 4785 3219 4840 ad
3242 4802 3456 4844 causam
3484 4792 3592 4845 ela-

2000 4867 2228 4919 rissinne
2261 4869 2469 4922 femina:
2517 4871 2804 4939 pertinebit
2830 4914 2843 4936 ,
2888 4887 3008 4941 qua:
3057 4876 3158 4931 sibi
3188 4877 3255 4931 ab
3283 4879 3592 4937 hominibus

2006 4959 2107 5013 tuis
2136 4976 2182 5012 n~
2204 4961 2316 5014 scio
2346 4961 2471 5030 quid
2502 4979 2748 5032 agrorum
2780 4978 3020 5033 ereptum
3051 4968 3233 5024 deflet.
3276 4970 3330 5025 Id
3362 4990 3461 5044 ego
3490 4978 3590 5033 loci

2002 5059 2058 5102 et
2087 5051 2261 5104 meriti
2310 5052 2383 5103 tui
2415 5053 2662 5106 conscius
2688 5092 2701 5115 ,
2753 5056 2929 5108 servili
2962 5071 3093 5110 ansn
3123 5058 3261 5113 clam
3307 5070 3358 5115 tc
3400 5064 3589 5133 opinor

2001 5140 2330 5207 admissum;
2379 5152 2538 5209 atque
2570 5141 2689 5196 ideo
2720 5144 2750 5195 fi
2779 5144 2843 5197 iac
2875 5161 3004 5199 mea:
3036 5151 3389 5207 correctionis
3415 5153 3586 5210 facili-

2002 5241 2163 5287 tatem
2198 5233 2496 5300 spopondi,
2525 5236 2568 5286 si
2599 5235 2664 5288 ad
2694 5246 2745 5289 te
2772 5235 3049 5292 familiaris
3078 5246 3392 5312 conquestio
3419 5263 3586 5317 genus

2002 5323 2210 5393 injuriae
2240 5324 2566 5393 pertulisset.
2599 5326 2793 5391 Quteso
2845 5328 3004 5396 igitur
3052 5341 3325 5389 temerata:
3369 5351 3585 5406 posses-

1999 5414 2165 5470 sionis
2209 5423 2404 5468 statum
2447 5413 2636 5482 jubcas
2666 5414 2966 5472 reformari.
3018 5418 3076 5475 Si
3100 5422 3229 5492 quid
3255 5433 3432 5480 autem
3459 5441 3583 5484 con-

2001 5504 2275 5560 troversia:
2300 5513 2385 5561 est
2408 5546 2422 5571 ,
2453 5505 2504 5559 in
2553 5506 2789 5576 pignoris
2828 5509 2995 5565 nostri
3039 5512 3314 5569 differatur
3343 5530 3586 5586 pmsen.

1998 5599 2124 5652 tiam
2152 5638 2165 5661 ,
2196 5612 2316 5666 qum
2343 5611 2529 5654 secura
2555 5598 2779 5670 jttstitim
2811 5610 2914 5657 tute
2945 5613 3154 5659 recuSat
3182 5606 3319 5662 alios
3343 5612 3581 5681 cognito.

2000 5708 2105 5749 res.
2142 5692 2283 5746 Vale.

3304 5797 3342 5855 6
