4074 6176
510 280 600 331 ιτι
1677 272 1740 339 Q.
1785 269 1858 324 At
1879 265 2128 324 nauus
2168 265 2601 324 SYilMACltIlS.

2110 388 2159 446 Α

1041 387 1253 444 ΕΡΙᾹΧΓ.
1303 389 1383 442 LX
1398 387 1508 442 XV.

985 495 1289 536 SVIMACHUS
1327 493 1599 534 ιιιερειιιο.

575 595 795 663 Quoties
837 594 965 648 viris
995 594 1198 646 militia:
1237 591 1378 645 notis
1415 588 1718 645 testimonia
1749 587 2084 650 deferuntur,

506 693 659 746 decet
685 703 900 759 Operam
931 687 1212 742 verborum
1257 683 1434 738 facere
1470 680 1807 750 compendii,
1839 679 1962 748 quia
2003 677 2086 731 ni-

509 785 578 838 hil
613 783 883 854 negotium
925 789 1008 836 est
1044 779 1202 836 rebus
1242 777 1471 848 cognitis
1503 773 1792 830 immorari.
1841 772 1943 826 Pro
1969 769 2084 825 Cas-

509 875 650 929 sario
679 875 816 928 nosti
845 872 1020 927 omnia
1067 871 1272 934 facere,
1315 882 1435 938 quas
1480 866 1788 940 probantur.
1833 861 1984 916 llunc
2029 867 2086 913 ut

510 970 658 1040 pensi
693 968 908 1036 habeas,
935 979 1155 1035 sperare
1182 961 1350 1030 magis
1376 958 1569 1024 debeo,
1602 971 1760 1028 quam
1791 967 1998 1023 rogare.
2030 950 2085 1006 Si

509 1062 632 1128 quid
664 1061 796 1114 ultra
823 1059 1048 1127 expetis,
1081 1057 1132 1108 in
1159 1054 1288 1108 alias
1317 1051 1523 1104 litteras
1551 1047 1908 1102 conferemus.
1938 1042 2088 1096 Nunc

511 1154 638 1207 mihi
670 1148 1002 1218 multiloquio
1031 1143 1433 1215 temperandum
1467 1150 1578 1204 est,
1612 1153 1731 1193 cum
1757 1134 2086 1190 satisfactum

510 1260 629 1300 esse
659 1242 920 1306 videatur,
949 1247 1002 1294 et
1042 1239 1186 1292 illius
1230 1233 1518 1298 voluntati,
1547 1240 1603 1287 et
1641 1239 1731 1284 tuo
1771 1226 1994 1291 honori,
2036 1236 2089 1280 et

510 1353 630 1392 meo
659 1332 885 1389 muneri.
915 1329 1064 1387 Vale.
1288 1380 1292 1384 .

1065 1419 1279 1477 EPIST.
1319 1417 1552 1473 LXXVI.

1013 1528 1147 1567 ειίιιι
1157 1525 1318 1567 Αειιυε
1344 1519 1623 1564 ιιεειδειιιο.

581 1613 780 1667 Natura
812 1622 991 1664 rerum
1022 1616 1134 1670 est,
1164 1611 1216 1656 ut
1241 1602 1329 1672 qui
1357 1599 1692 1661 balbutiunt,
1719 1593 1838 1664 plus
1863 1593 2088 1661 loquan-

513 1717 633 1769 tur;
677 1701 928 1755 alfectant
968 1695 1111 1751 enim
1161 1694 1370 1762 copiam
1422 1688 1622 1760 pudore
1667 1684 1928 1740 defectus.
1981 1681 2092 1736 Hoc

514 1793 822 1863 exemplum
854 1791 905 1844 in
946 1802 1032 1843 me
1069 1785 1304 1856 expetit,
1340 1780 1425 1838 cui
1466 1793 1656 1849 magna
1687 1773 1953 1832 scribendi
1995 1771 2094 1827 im-

514 1885 767 1960 patientia
811 1890 924 1946 est,
965 1893 1086 1934 cum
1117 1875 1250 1932 desit
1281 1873 1471 1930 oratio.
1519 1869 1736 1925 Duobus
1767 1866 1925 1937 igitur
1955 1863 2097 1934 pari-

514 1956 596 2038 ter
623 1973 1070 2037 commeantibus,
1104 1984 1212 2026 non
1257 1964 1435 2036 putavi
1464 1961 1642 2018 officio
1685 1956 1996 2020 convenire,
2039 1963 2097 2006 ut

515 2072 635 2129 unis
663 2069 852 2124 litteris
880 2063 1090 2135 gemina
1129 2059 1473 2128 expediretur
1506 2051 1737 2110 occasio.
1779 2049 1894 2104 Erit
1933 2060 2098 2115 super

516 2166 618 2220 hoc
638 2159 894 2234 judicatio
923 2167 1035 2220 tua,
1061 2149 1380 2224 garrulusne
1405 2145 1600 2218 justius
1628 2142 1801 2207 dicar,
1840 2155 1907 2195 an
1939 2135 2096 2192 sedu-

521 2259 622 2314 lus.
657 2253 806 2310 Vale.

1059 2332 1273 2392 EPIST.
1316 2329 1574 2388 LXXVII.

994 2439 1300 2482 εγιηιιιειιυε
1340 2432 1612 2476 ιιεειιειιιο.

592 2525 893 2586 Amicorum
925 2531 1073 2577 orata
1102 2531 1292 2574 curare
1321 2515 1474 2570 bonae
1513 2510 1681 2580 frugis
1709 2506 1946 2563 officium
1976 2509 2059 2557 est
2079 2543 2094 2568 ,

518 2619 786 2692 praecipue
811 2615 856 2670 si
887 2627 994 2668 non
1023 2609 1320 2678 refragetur
1347 2603 1570 2672 aequitas
1601 2596 1904 2670 postulatis.
1925 2592 2097 2660 Quor-

517 2682 637 2769 sum
685 2682 902 2778 spectet
950 2705 1052 2757 hoc
1098 2697 1460 2768 anteloquium
1514 2692 1749 2747 breviter
1796 2682 2098 2756 explicabo.

516 2802 866 2860 Sabinianum
906 2791 1266 2850 clarissimum
1318 2786 1493 2840 virum
1541 2783 1616 2836 ita
1676 2778 1990 2848 magniﬁco,
2043 2781 2103 2825 ut

517 2906 652 2962 quos
681 2888 915 2944 maxime
958 2884 1096 2940 colo.
1142 2879 1278 2935 Iluic
1317 2891 1412 2947 per
1443 2872 1853 2942 impressionem
1904 2879 2102 2932 nequa-

519 2954 676 3054 quam
709 2979 882 3049 patior
912 2973 1088 3030 fratris
1116 2971 1199 3026 sui
1228 2968 1411 3023 liberis
1440 2964 1619 3019 tutelae
1647 2973 1840 3014 munus
1875 2954 2096 3024 imponi.

521 3045 737 3128 lluobus
765 3069 907 3125 enim
957 3061 1246 3136 privilegiis
1279 3056 1527 3112 amolitur
1572 3051 1849 3122 injuriam,
1882 3045 2101 3100 maturi-

2737 380 2952 435 EI'IST.
2995 382 3227 436 LXXIX.

2667 487 2972 526 SXIIACIIUS
3011 487 3285 526 IIE‘I‘EIIIO.

2263 567 2646 634 Praesumptum
2670 574 2763 619 aut
2782 573 3108 632 compertum
3133 573 3301 626 tenes,
3330 543 3526 631 quanta
3551 557 3621 616 sit
3642 560 3773 615 mihi

2192 668 2296 713 tua
2345 659 2520 712 laudis
2555 659 2865 727 antiquitas.
2899 657 2974 710 Ea
3008 665 3223 726 pr0pter
3261 656 3390 709 nihil
3433 654 3550 709 fieri
3580 656 3771 725 patior,

2191 749 2330 818 quod
2359 760 2572 804 actuum
2602 759 2816 804 tuorum
2845 749 3068 819 gratiam
3104 748 3440 802 devenustet.
3469 746 3776 802 Priscianus

2191 840 2356 896 frater
2398 854 2568 904 meus,
2612 853 2732 894 cum
2781 838 2964 907 primis
3009 838 3444 907 philosophorum
3475 837 3775 891 litteratura

2189 939 2244 987 et
2270 930 2553 988 honestate
2589 929 2909 994 censendus,
2949 939 3135 984 senatu
3165 937 3384 984 auctore
3417 927 3599 982 salarii
3629 942 3779 981 emo-

2197 1021 2439 1078 lunieuta
2488 1011 2852 1089 consequitur.
2909 1019 3083 1088 Super
3137 1020 3255 1087 ejus
3303 1018 3533 1074 annonis
3576 1017 3777 1072 dicitur

2191 1124 2306 1172 orta
2329 1112 2611 1168 dubitatio.
2636 1111 2738 1166 Cui
2763 1112 2809 1166 si
2837 1111 2967 1166 nihil
2995 1111 3296 1179 compendii
3323 1110 3657 1180 optimatium
3685 1123 3778 1162 vo-

2193 1207 2369 1261 luntas
2397 1214 2520 1260 ante
2549 1204 2853 1268 tribuisset;
2878 1202 3109 1260 eruditio
3137 1213 3224 1257 tua
3257 1202 3486 1258 fructum
3515 1200 3657 1256 ferre
3679 1199 3777 1254 de-

2193 1298 2362 1354 beret.
2403 1296 2520 1351 Scis
2547 1293 2690 1350 enim
2733 1295 2900 1348 bonas
2941 1303 3087 1347 artes
3124 1294 3326 1346 honore
3371 1291 3584 1356 nutriri,
3611 1300 3774 1358 atque

2197 1389 2301 1443 hoc
2344 1385 2616 1457 specimen
2647 1399 2767 1440 e~se
2807 1383 3044 1438 florentis
3090 1383 3418 1451 ri-ipublcaa,
3448 1389 3503 1435 ut
3543 1378 3776 1447 discipli-

2197 1494 2382 1535 narum
2435 1475 2830 1547 professoribus
2887 1474 3104 1544 praemia
3149 1474 3399 1543 opulenta
3455 1471 3773 1540 penduntur.

2195 1575 2388 1641 Quaeso
2429 1571 2607 1641 igi'ur,
2639 1583 2708 1624 ne
2737 1569 2836 1622 hac
2867 1568 3254 1636 inquietudine,
3288 1575 3377 1620 aut
3402 1565 3546 1620 illius
3574 1563 3775 1618 minuan

2197 1675 2282 1720 tur
2313 1665 2545 1729 utilitas,
2577 1670 2668 1717 aut
2695 1659 3026 1730 amplissimo
3056 1659 3234 1714 ordini
3261 1655 3516 1714 censendi
3551 1654 3770 1710 auctori-

2127 1757 2173 1819 Β
2199 1766 2279 1812 tas
2304 1756 2607 1824 derogetur.
2641 1752 2861 1807 Interest
2894 1749 3047 1804 fama:
3068 1760 3121 1804 et
3144 1748 3329 1818 gloriae
3353 1757 3479 1813 tua},
3505 1755 3561 1799 ut
3585 1743 3775 1800 confir-

2197 1847 2378 1903 mandi
2408 1847 2577 1914 magis
2615 1857 2774 1912 quam
2807 1840 3030 1911 negandi
3071 1839 3337 1894 commodi
3359 1849 3541 1918 causa,
3570 1835 3636 1891 de
3665 1834 3773 1905 plri-

2146 1942 2149 1944 ’
2198 1938 2413 2007 Iosephi
2437 1935 2635 1992 salario
2650 1933 2925 1990 dubitasse
2945 1932 3193 1986 videaris.
3220 1930 3370 1986 Vale.

2757 2045 2974 2101 EPIST.
3018 2044 3229 2100 LXXX.

2677 2152 2987 2194 εῖιιιιλοιιυε
3025 2151 3300 2191 IlI-SSI‘EBIO.

2271 2235 2348 2289 En
2380 2232 2475 2287 tibi
2525 2229 2791 2286 secundas
2822 2228 3028 2283 litteras
3059 2242 3236 2293 meas,
3271 2233 3323 2282 et
3361 2224 3540 2280 adhuc
3576 2221 3777 2277 vicis-isi.

2199 2329 2328 2383 tudo
2367 2325 2635 2395 prioribus
2669 2323 2915 2378 debetur.
2960 2321 3118 2374 Dices
3147 2318 3326 2374 viandi
3369 2317 3584 2387 negotio
3613 2314 3776 2382 inpe-

2198 2417 2363 2473 ditam
2409 2417 2498 2469 diu
2529 2427 2747 2483 operam
2790 2408 3115 2479 scriptionis,
3145 2417 3201 2462 et
3247 2407 3350 2461 alia
3394 2405 3574 2460 forsan
3616 2406 3780 2459 inulta

2199 2509 2514 2564 causab'ero.
2546 2507 2657 2574 Ego
2687 2518 2782 2573 pro
2805 2503 2879 2556 tui
2903 2515 3091 2556 amore
3119 2503 3256 2554 hanc
3286 2499 3494 2554 veniam
3523 2512 3626 2552 non
3655 2511 3780 2566 gra-

2200 2596 2386 2656 vabor.
2413 2598 2522 2655 Sed
2547 2595 2734 2652 eodem
2765 2609 2949 2649 amore
2977 2592 3210 2664 postulo,
3235 2601 3295 2647 ut
3322 2606 3442 2646 cum
3463 2590 3564 2644 erit
3591 2591 3779 2654 otium,

2205 2705 2354 2746 niora
2382 2686 2670 2745 necessarii
2701 2683 2905 2741 silentii
2930 2684 3105 2740 officio
3129 2681 3432 2738 voluntario
3451 2682 3779 2751 supp'eatur.

2206 2779 2352 2836 Vale.

2744 2847 2959 2904 EPIS’I‘.
3001 2844 3237 2900 LXXXI.

2688 2951 2995 2995 svuutcuus
3029 2948 3303 2990 ussvnnto.

2275 3035 2600 3092 Vitalianum
2637 3031 2993 3088 clarissimum
3037 3029 3210 3083 virum
3257 3025 3363 3081 mei
3408 3025 3585 3095 potius
3621 3023 3783 3078 officii

523 3177 630 3221 tate
659 3164 793 3230 sevi,
817 3169 870 3216 ct
900 3113 1122 3215 nulmero
1147 3113 1400 3208 filiorum.
1425 3149 1498 3203 Ea
1528 3113 1866 3215 res'publicis
1894 3140 2100 3210 signata
2126 3113 2171 3174 C
2203 3129 2405 3201 gratia,
2449 3141 2610 3196 quam
2661 3125 2713 3180 in
2762 3124 3128 3194 adiumentum
3172 3134 3326 3174 suum
3372 3118 3536 3172 credo
3584 3118 3725 3172 litter
3744 3115 3822 3171 ις’

2409 3218 2419 3228 .
2589 3215 2631 3230 ιτ
2777 3228 2789 3230 _
3078 3209 3138 3230 -.ι
3194 3208 3599 3230 ,ημηημηω

523 3229 906 3317 monumentis,
935 3250 1160 3305 necdum
1191 3259 1219 3298 a
1249 3241 1520 3312 proposita
1550 3233 1908 3292 obstinatione
1936 3229 2101 3286 deduo

523 3351 594 3406 cit
647 3342 978 3417 pervicacem
1028 3338 1361 3410 petitionem.
1411 3333 1560 3386 Nunc
1609 3328 1731 3399 quia
1778 3322 2103 3381 secundante

523 3409 732 3495 fortuna
754 3435 808 3490 in
832 3447 892 3489 re
913 3409 1071 3500 hujus
1091 3426 1286 3498 negotii
1312 3437 1434 3494 spes
1455 3417 1746 3482 recumbit;
1770 3427 1950 3486 quarso
1970 3420 2028 3466 ut
2053 3409 2100 3465 ei

517 3532 742 3594 virtute,
773 3540 874 3595 qua
905 3521 1080 3577 celsus
1101 3533 1182 3586 cs,
1209 3518 1402 3571 factum
1425 3511 1588 3576 velis;
1622 3508 1707 3564 cui
1737 3505 1822 3562 vel
1845 3505 1896 3560 in
1929 3513 2101 3558 meum

523 3618 745 3694 gratiam
778 3613 1112 3688 prmstandns
1145 3621 1228 3666 cst
1273 3611 1441 3672 favor,
1481 3604 1561 3659 vel
1593 3603 1658 3658 ad
1694 3611 1838 3656 tuam
1879 3596 2101 3669 gloriam

524 3713 654 3786 juris
680 3708 1035 3780 praerogativa
1058 3702 1320 3759 servanda
1341 3708 1442 3753 est.
1477 3696 1621 3750 \‘ale.

1049 3837 1263 3894 EPIST.
1305 3831 1582 3888 LXXVIII.

1006 3945 1314 3989 δῑιιιιλοιιυε
1352 3938 1628 3982 ιιιεειιιειιιο.

599 4053 746 4110 Unus
785 4050 961 4106 adhuc
1003 4059 1225 4116 superas
1265 4058 1332 4099 ex
1368 4038 1635 4096 summati.
1659 4051 1722 4090 us
1766 4033 2064 4088 litterarum
2088 4067 2103 4094 ,

527 4145 612 4199 cui
651 4140 863 4212 probari
897 4137 1196 4194 orationem
1229 4146 1403 4187 meam
1431 4129 1602 4183 lauds
1632 4138 1826 4179 avarus
1855 4130 2104 4191 optarim.

529 4234 634 4290 lies
651 4208 855 4289 cecidit
882 4243 945 4283 ex
979 4235 1140 4281 voto:
1173 4234 1294 4278 utor
1325 4230 1484 4284 teete,
1519 4232 1626 4284 quo
1654 4215 1796 4270 volo.
1829 4211 1946 4267 Jam
1975 4208 2104 4264 mihi

527 4324 719 4380 comici
765 4317 1120 4376 adolescentis
1168 4329 1299 4369 voce
1335 4313 1471 4366 clam
1510 4309 1670 4364 udum
1707 4316 1790 4361 est
1819 4321 1833 4358 :
1863 4305 1986 4368 Quis
2031 4317 2108 4354 me

529 4415 680 4469 hodie
735 4411 1062 4483 fortunatior,
1110 4405 1478 4472 itemtstatisque
1521 4401 1651 4454 adeo
1705 4396 1949 4468 plenior?
1994 4391 2104 4446 Nisi

531 4509 668 4560 forte
695 4517 847 4557 amor
881 4500 985 4556 mei
1023 4501 1218 4570 stylum
1260 4507 1409 4550 tuum
1451 4493 1622 4563 coegit
1655 4492 1706 4546 in
1735 4493 1981 4560 gratiam.
2025 4485 2109 4540 Fit

531 4597 674 4651 enim
701 4608 867 4663 saepe,
898 4603 954 4645 ut
975 4589 1160 4661 iudicii
1195 4588 1532 4642 severitatem
1567 4585 1771 4650 fiaugat
1799 4580 2028 4640 affectio,
2059 4587 2110 4630 it

531 4687 823 4742 amicorum
856 4682 992 4737 facta
1019 4681 1264 4749 dictaque
1304 4693 1367 4731 ea
1408 4675 1732 4743 indulgentia
1773 4684 2108 4732 censeamus,

533 4793 636 4849 qua
668 4775 983 4846 plerumque
1011 4771 1204 4840 s’uguli
1235 4768 1395 4824 etiam
1424 4767 1550 4819 vitia
1597 4775 1777 4817 "Oau'a
1816 4763 2106 4833 diligimus.

533 4869 638 4927 Sed
665 4870 778 4925 hate
803 4863 993 4920 merito
1029 4861 1357 4926 dicerentur,
1397 4858 1452 4913 ni
1479 4869 1651 4912 tecum
1695 4856 1893 4910 faceret
1930 4853 2112 4909 existi-

537 4961 697 5016 matio
719 4956 1087 5027 Optimatium,
1109 4952 1299 5024 quibus
1328 4964 1507 5006 sermo
1539 4956 1720 5002 noster
1756 4947 1966 5003 auditus
1989 4956 2070 5002 est
2094 4961 2109 4998 :

537 5070 638 5108 non
665 5068 769 5123 quo
797 5047 1078 5104 sententia:
1104 5061 1204 5099 tua:
1233 5061 1297 5100 cx
1340 5043 1563 5097 aliorum
1593 5056 1860 5096 consensu
1905 5054 2108 5110 quaera-

538 5158 618 5201 tur
640 5144 960 5206 auctoritas;
987 5141 1078 5196 sed
1105 5141 1229 5209 quia
1258 5154 1361 5190 non
1391 5145 1534 5205 patet
1553 5134 1947 5203 suspicionibus
1967 5132 2108 5202 judi-

537 5247 733 5304 catunt,
773 5250 804 5291 a
841 5249 945 5304 quo
984 5249 1141 5286 nemo
1180 5231 1446 5284 dissentit.
1472 5227 1668 5282 Videro
1695 5237 1903 5290 tamen,
1931 5236 2108 5279 utrunt

539 5331 667 5388 fides
713 5338 827 5391 tua,
859 5341 927 5379 an
965 5340 1116 5379 amor
1161 5324 1276 5379 illas
1321 5323 1525 5377 litteras
1564 5319 1860 5390 scripserit.
1902 5318 2026 5374 Mihi
2059 5319 2110 5372 iu

534 5426 789 5481 alterutra
828 5418 1134 5476 conditione
1172 5431 1322 5487 tuque
1348 5429 1590 5470 summus
1630 5413 1844 5467 honor:
1895 5411 2008 5466 sive
2041 5412 2110 5464 ita

535 5515 817 5587 magnifice
836 5511 903 5567 de
928 5527 1014 5566 me
1039 5509 1268 5579 iudicas,
1293 5515 1348 5560 ut
1374 5505 1700 5577 gratificatus
1722 5503 1986 5559 videaris:
2020 5517 2114 5557 seu

536 5607 604 5661 ita
645 5589 704 5661 es
734 5605 836 5660 mei
877 5601 1120 5672 diligens,
1155 5605 1210 5652 ut
1239 5599 1456 5665 sequius
1483 5595 1720 5664 judicare
1767 5609 1870 5649 non
1915 5594 2107 5664 possis.

537 5695 681 5750 Vale.

2204 3218 2532 3288 poposcisse.
2588 3215 2720 3270 Nam
2766 3228 2887 3270 cum
2932 3212 3032 3282 ipsi
3073 3209 3141 3265 ad
3193 3208 3602 3278 promerendum
3641 3215 3790 3264 tuum

2203 3325 2443 3368 amorem
2479 3309 2613 3364 nihil
2644 3308 2780 3362 ultra
2811 3306 2982 3375 possit
3009 3302 3295 3366 accedere;
3324 3300 3377 3356 id
3405 3309 3608 3354 tantum
3640 3299 3788 3355 video

2207 3414 2292 3459 tur
2315 3403 2514 3471 egisse,
2547 3407 2605 3454 ut
2636 3395 2768 3452 mihi
2789 3411 2855 3450 ex
2880 3409 3104 3449 tonuere
3124 3391 3431 3448 conciliatio
3460 3390 3535 3444 tui
3568 3389 3789 3445 uberior

2204 3495 2534 3566 proveniret.
2565 3489 2706 3558 Cape
2736 3489 2895 3559 igitur
2939 3485 3228 3545 delibatam
3269 3483 3471 3540 cursim
3506 3482 3787 3539 salutatio-

2207 3601 2329 3643 nem
2355 3602 2368 3640 :
2398 3583 2483 3639 cui
2512 3582 2558 3638 si
2594 3581 2840 3635 facundia
2873 3581 3103 3649 largiore
3130 3577 3493 3648 responderis,
3524 3575 3578 3629 in
3605 3589 3789 3630 exem-

2207 3678 2350 3748 plum
2375 3675 2543 3744 c0piae
2564 3673 2760 3745 ingenii
2784 3674 2887 3728 mei
2915 3671 3137 3726 maciem
3160 3667 3494 3740 provocabis.
3526 3666 3676 3722 Vale.

2744 3802 2956 3860 EPIST.
2996 3802 3253 3858 LXXXII.

2693 3910 2999 3950 εγιιιιλοιιυε
3037 3908 3312 3950 ΙΙΕΜἚΒΙΟ.

2287 3990 2416 4046 Sum
2464 3987 2678 4059 quidem
2716 3987 2916 4041 silentii
2964 3986 3039 4040 tui
3088 3987 3433 4039 vrhemen'er
3473 3982 3784 4050 impatiens,

2208 4081 2347 4151 quod
2386 4094 2554 4152 genus
2598 4077 2831 4149 querela:
2876 4076 3182 4133 amantibus
3230 4074 3495 4130 familiare
3535 4082 3640 4129 est.
3679 4073 3786 4129 Sed

2210 4173 2469 4244 proximis
2490 4171 2684 4228 litteris
2707 4171 2808 4226 tuis
2829 4170 3154 4226 desiderium
3179 4183 3355 4222 meum
3377 4167 3644 4236 expletum
3665 4181 3788 4223 esse

2209 4267 2488 4320 confiteor.
2522 4263 2703 4333 Itaque
2731 4261 2906 4317 habeo
2950 4260 3208 4331 gratiam,
3246 4258 3516 4328 multoque
3545 4271 3706 4327 opere
3737 4267 3788 4311 te

2213 4357 2460 4431 obsecro,
2494 4354 2772 4425 scriptioni
2808 4353 3114 4422 frequenter
3157 4350 3451 4420 indulgeas.
3484 4349 3608 4404 Ilzec
3644 4349 3785 4402 enim

2135 4475 2188 4536 Ι)
2217 4449 2330 4505 sola
2359 4445 2536 4505 officia
2577 4445 2780 4500 nullum
2810 4444 3008 4497 faciunt
3050 4441 3117 4498 de
3154 4441 3354 4498 assidui
3379 4453 3464 4496 a'e
3495 4437 3785 4495 fastidium.

2216 4541 2364 4597 Vale.

2729 4603 2942 4660 EPIST.
2987 4602 3265 4658 LXXXIII.

2690 4710 2997 4754 ειῖιιιιΑειιυε
3033 4709 3306 4749 ιιιερειιιο.

2287 4787 2581 4860 Religionis
2611 4786 2864 4842 indicium
2890 4794 3004 4851 est,
3029 4785 3169 4855 quod
3202 4799 3286 4838 me
3315 4780 3688 4838 taciturnitatis
3717 4781 3790 4834 in-

2214 4884 2403 4939 cessis.
2449 4880 2553 4937 Scd
2583 4879 2740 4934 velim
2782 4877 2993 4948 credas,
3026 4875 3298 4932 infortunii
3341 4874 3533 4940 fuisse,
3564 4889 3669 4927 non
3694 4888 3792 4926 vo-

2219 4973 2461 5040 luntatis,
2501 4971 2642 5041 quod
2687 4969 2778 5026 diu
2813 4969 2995 5026 officio
3039 4967 3345 5036 scriptionis
3389 4965 3642 5020 abstinui.
3688 4964 3796 5019 Nec

2219 5077 2345 5134 puto
2381 5068 2628 5136 ignorare
2664 5073 2736 5131 te,
2764 5072 3025 5133 quatenus
3064 5061 3116 5114 in
3150 5075 3247 5115 nos
3278 5060 3484 5114 fortuna
3525 5059 3793 5124 smviorit,

2217 5175 2335 5228 qua:
2376 5173 2460 5212 me
2489 5155 2856 5210 amantissimo
2895 5162 3056 5222 atque
3100 5152 3304 5216 Optimo
3345 5151 3505 5204 fratre
3532 5144 3784 5219 privavit.

2221 5247 2467 5312 Proinde,
2497 5248 2540 5301 si
2568 5247 2683 5301 dies
2709 5245 2914 5313 longior
2942 5256 3158 5297 sensum
3191 5239 3322 5295 tanti
3348 5239 3544 5294 doloris
3565 5249 3791 5293 eamut.-

2221 5343 2320 5407 rit,
2354 5338 2703 5394 familiaribus
2742 5333 2930 5391 litteris
2971 5331 3228 5388 solemnis
3265 5346 3394 5386 cura
3437 5324 3783 5399 praestabitur

2228 5432 2378 5488 Vale.

2739 5496 2952 5553 EI‘IS'I‘.
2995 5493 3280 5551 LXXXIV.

2697 5602 3003 5646 ενιιιΑιιιυε
3038 5600 3310 5641 ﬂESI‘I-ZIIIO-

2289 5691 2507 5754 Quoties
2537 5695 2621 5740 tua
2664 5698 2816 5737 sumo
2846 5681 3136 5749 colloquia,
3173 5677 3418 5747 qumdatu
3447 5682 3570 5730 attte
3617 5676 3798 5734 oculos
