4074 6176
323 247 424 299 1ῗῖ

1560 241 1889 299 EPISTULA
1902 239 2044 296 RUM
2086 239 2288 296 LIBER
2331 258 2368 296 ι.

3505 245 3606 302 ιτι

321 357 621 428 praesentiae
660 366 769 412 tuae
800 357 975 428 imago
1021 364 1262 411 versatur
1291 375 1302 407 :
1337 365 1495 426 atque
1532 355 1652 409 ideo
1692 353 1906 408 uberio-
1941 360 1987 412 Α
2018 350 2106 416 hi,
2139 365 2368 420 quorum
2416 347 2650 405 Mtnerva
2682 352 2952 408 rancidior
2981 363 3094 418 est,
3137 367 3247 409 non
3276 363 3501 427 negant,
3533 359 3607 413 ta-

324 466 434 505 mn
479 447 635 518 capio
672 449 1033 518 voluptatem,
1080 450 1221 517 quod
1270 457 1324 503 et
1369 456 1444 502 tttt
1480 446 1670 511 ofﬁcii,
1703 456 1756 501 et
1806 446 1910 500 mei

321 539 498 594 meriti
528 539 703 594 sentio
731 540 911 610 vigere
941 550 1370 595 monumentum.
1395 538 1500 595 Sed
1534 547 1589 591 ttt
1617 537 1914 608 promptior

322 636 467 687 circa
500 647 584 686 me
623 631 784 700 hujus
815 632 1054 706 muneris
1083 632 1354 702 diligentia
1382 643 1719 701 perseveret,
1750 630 1910 684 etiam

323 724 438 792 ipse
478 737 661 776 curam
705 721 982 777 deferendi
1023 723 1286 778 sermonis
1325 720 1560 792 arripui,
1607 721 1914 791 frequenter

323 823 598 881 expertus,
624 813 878 868 dilectum
913 814 1147 883 religiosi
1186 814 1350 868 anitni
1390 813 1665 869 incentivo
1703 811 1912 868 vicissi-

326 905 529 959 tudinis
557 905 863 972 provocari.
892 904 1050 960 Vale.

865 998 1078 1054 EPIST.
1114 999 1372 1055 LXXXV.

808 1103 1121 1144 SYIIIIACHUS
1162 1103 1436 1145 HESPEIIIO.

396 1180 636 1236 Tandem
665 1181 818 1236 bonae
840 1182 1164 1237 valetudinis
1184 1197 1426 1251 compos,
1456 1195 1576 1254 quae
1605 1197 1635 1237 a
1669 1198 1754 1238 me
1780 1182 1917 1238 huc-

325 1287 498 1342 usque
539 1273 898 1340 disseuserat,
949 1288 1093 1328 nunc
1124 1283 1178 1329 te
1222 1273 1478 1329 societate
1522 1275 1918 1330 commoditatis

327 1364 602 1433 impertio,
647 1379 805 1434 quem
856 1367 1140 1436 prmteritte
1188 1365 1566 1421 sollicitudinis
1601 1367 1915 1436 participem

328 1457 529 1511 habere
558 1455 716 1512 vitavi
747 1474 759 1508 :
792 1457 891 1511 etsi
917 1459 1030 1511 scio
1058 1471 1124 1512 ne
1151 1457 1244 1512 illo
1273 1457 1491 1527 quidem
1520 1467 1782 1527 tempore,
1811 1469 1918 1528 quo

325 1548 568 1602 ofﬁcium
617 1563 794 1602 meum
847 1549 1065 1603 morbus
1116 1547 1426 1614 inhibebat,
1478 1547 1546 1603 ab
1615 1547 1920 1617 hujttstnodl

329 1655 555 1693 munere
601 1650 978 1708 temperatum.
1031 1640 1246 1706 ltestat,
1290 1647 1350 1694 ut
1393 1639 1788 1694 observantiam
1840 1642 1920 1693 vi—

327 1731 644 1785 cissitudine
691 1733 1007 1785 tuuncreris.
1045 1731 1120 1785 Ea
1165 1745 1396 1800 namque
1425 1745 1512 1786 res
1555 1741 1610 1785 et
1650 1743 1794 1786 luant
1822 1747 1918 1785 cu-
1951 1727 1997 1785 Β

329 1839 446 1878 rant
480 1824 744 1892 probabit,
773 1835 826 1878 et
853 1823 1131 1880 refectioni
1163 1838 1296 1878 mea:
1324 1821 1635 1893 adjumenta
1665 1823 1912 1880 sufﬁciet.

334 1916 487 1972 “'6'
855 1984 1074 2042 EPIST.
1116 1985 1403 2041 LXXXVI.

814 2085 1124 2132 SVIIACIIUS
1161 2093 1440 2134 ηεερειιιο.

402 2170 595 2226 Utrum
643 2170 924 2226 Mediolani
972 2173 1132 2225 etiam
1177 2187 1318 2225 nunc
1359 2171 1454 2225 tibi
1504 2171 1680 2240 posito
1728 2171 1918 2240 pagina

329 2263 430 2316 ista
477 2261 746 2317 reddenda
787 2262 889 2330 sit,
929 2262 980 2315 in
1011 2262 1265 2330 ambiguo
1303 2261 1535 2317 colloco.
1571 2261 1790 2317 Peccari
1838 2273 1918 2315 ta-

327 2369 451 2406 men
491 2354 544 2406 in
590 2353 841 2408 amicitia:
881 2353 1038 2408 tidem
1084 2353 1322 2418 credidi,
1351 2354 1396 2408 si
1429 2354 1621 2409 litteris
1654 2355 1760 2409 tuis
1803 2370 1921 2409 mu-

327 2453 479 2498 tuum
537 2444 795 2500 honorem
844 2445 1194 2500 destitissem.
1248 2443 1393 2500 Nihil
1448 2461 1578 2515 ergo
1636 2455 1919 2503 cunctatus

323 2535 571 2590 commisi
599 2537 812 2590 eventui
838 2537 1137 2591 solemnem
1167 2537 1305 2591 hanc
1325 2546 1381 2592 et
1403 2537 1702 2608 simplicem
1726 2538 1920 2594 dictio-

322 2641 450 2681 nem
490 2625 709 2692 salutis;
739 2641 860 2697 quae
898 2628 942 2682 si
982 2628 1036 2682 in
1074 2641 1266 2682 manus
1293 2629 1529 2691 venerit,
1563 2628 1668 2696 far,
1695 2644 1813 2694 oro,
1862 2641 1920 2685 ttt

322 2717 646 2785 pervenisse
687 2718 894 2774 litteras
922 2733 1072 2774 meas
1109 2720 1381 2775 sermonis
1412 2721 1488 2774 tui
1532 2733 1780 2776 recursus
1827 2739 1917 2774 03°

324 2811 537 2865 tendat.
567 2808 718 2866 Vale.

838 2881 1052 2937 EPIST.
1095 2881 1404 2942 LXXXVII.

807 2989 1112 3030 ειηιιιΑειιυε
1157 2989 1433 3033 Βεερειιιο.

2015 444 2263 497 cundiam
2296 453 2441 498 tuam
2480 444 2646 499 curiae
2678 448 2845 515 magis
2891 461 3052 518 quam
3087 461 3265 504 caveat
3293 449 3600 510 convenire.

2016 533 2087 589 At
2110 535 2218 601 illi,
2248 548 2382 605 quos
2410 535 2708 591 cothurnus
2739 537 2898 592 altior
2927 538 3105 608 vehit,
3136 548 3190 594 et
3212 546 3604 595 structurarum

2018 639 2260 698 pegmata
2289 629 2597 695 delectant,
2627 646 2800 701 neque
2831 633 3039 688 tristem
3061 632 3407 697 soliditatem,
3433 648 3607 704 neque

2019 720 2275 774 lascivum
2317 720 2555 789 leporem
2599 735 2832 776 consona
2885 722 3038 778 laude
3085 723 3445 780 celebrarunt.
3481 725 3606 782 [hec

2017 822 2140 865 sunt
2173 810 2317 864 enim
2346 812 2688 867 condimenta
2720 816 2829 868 oris
2862 825 2914 869 et
2942 818 3174 884 pectoris
3200 817 3304 882 tui,
3335 819 3477 887 quod
3507 832 3604 875 nec

2017 905 2279 972 gravitate
2311 903 2520 971 horres,
2546 919 2644 959 nec
2665 917 2947 961 venustate
2979 909 3243 974 luxurias;
3274 907 3368 965 sed
3397 909 3601 967 ratione

2021 993 2160 1046 ﬁxus
2213 1007 2275 1048 ac
2313 991 2521 1048 stabilis
2564 1011 2853 1064 germanus
2900 999 3110 1052 colores
3154 997 3316 1054 rebus
3360 1000 3602 1056 obducis.

2022 1085 2155 1140 Nolo
2182 1085 2344 1155 igitur
2370 1099 2649 1157 exspectes
2673 1089 2930 1156 judicium
2966 1105 3140 1145 meum
3157 1133 3172 1159 ,
3207 1107 3275 1147 ne
3301 1105 3486 1148 amore
3511 1093 3607 1150 de-

2020 1177 2280 1247 linquam.
2305 1178 2440 1246 Quid
2467 1179 2614 1233 varia
2649 1179 2856 1249 ingenia
2880 1181 3175 1247 senserint,
3203 1195 3291 1236 res
3319 1183 3603 1254 intimavit.

2023 1267 2144 1322 Fuit
2168 1270 2309 1323 enim
2334 1269 2386 1323 in
2411 1269 2496 1324 illa
2520 1271 2755 1338 ratione,
2781 1270 2920 1339 qmtd
2949 1271 3314 1342 unusquisque
3336 1272 3605 1343 diligeret,

2021 1368 2076 1413 et
2109 1371 2205 1426 pro
2236 1359 2434 1428 ingenii
2465 1361 2547 1415 sui
2579 1360 2834 1430 qualitate
2863 1361 3126 1417 laudaret.
3159 1362 3336 1430 Quare
3376 1377 3606 1433 sequere

2021 1457 2196 1519 empta
2225 1451 2430 1518 felicia,
2459 1462 2514 1505 et
2549 1461 2602 1506 te
2631 1452 2682 1506 iu
2723 1451 2973 1507 onmibus
3017 1453 3294 1509 tumulare.
3336 1455 3501 1510 Nobis
3541 1455 3607 1510 ad

2024 1543 2394 1596 testimonium
2423 1541 2698 1611 religionis
2725 1545 2856 1598 satis
2880 1554 2963 1600 est
3006 1559 3110 1600 non
3139 1546 3352 1602 sifuTsse
3390 1557 3604 1602 senten-

2023 1636 2148 1688 tiam
2179 1645 2522 1688 caeterorum.
2546 1633 2698 1689 Vale.

2632 1724 2847 1779 EPIST.
2889 1723 2999 1779 XC.

2508 1829 2813 1868 SYIHACIIUS
2841 1829 3093 1869 ANTONIO.

2097 1905 2207 1960 Etsi
2238 1917 2422 1961 amore
2453 1907 2780 1976 praevenior,
2811 1921 2878 1962 ne
2907 1908 3006 1961 sim
3039 1908 3180 1963 circa
3220 1916 3272 1964 te
3309 1922 3502 1964 avarus
3527 1909 3608 1967 of-

2022 1996 2157 2063 ﬁcit;
2191 2011 2332 2051 nunc
2362 2005 2542 2052 tamen
2586 1997 2870 2065 libentius,
2901 2013 3060 2068 quam
3099 2013 3246 2071 sa'pe
3273 2001 3404 2058 alias
3424 2044 3439 2068 ,
3473 2003 3607 2059 scri-

2021 2088 2183 2144 bendi
2238 2102 2433 2144 munus
2491 2089 2700 2144 insisto.
2758 2087 2969 2156 Primo,
3025 2093 3164 2162 quod
3223 2093 3391 2148 abitio
3426 2095 3610 2154 fratris

2021 2181 2191 2235 nostri
2223 2181 2395 2248 Marii,
2433 2181 2662 2251 quodam
2692 2181 2887 2238 viatico
2915 2197 3101 2238 carere
3126 2197 3232 2238 non
3261 2185 3462 2240 debuit.
3501 2187 3611 2244 De-

2022 2274 2179 2343 hinc,
2227 2275 2370 2345 quod
2427 2273 2635 2330 litteras
2682 2289 2830 2330 meas
2881 2276 3061 2346 putavi
3114 2276 3416 2346 plusculum
3464 2293 3614 2336 corn—

2021 2367 2382 2423 mendationis
2405 2367 2700 2435 habituras,
2728 2368 2773 2423 si
2807 2369 2901 2422 tibi
2932 2382 3026 2437 per
3053 2382 3210 2436 eum,
3240 2383 3400 2440 quem
3429 2380 3611 2430 sancte

2019 2465 2180 2529 atque
2217 2458 2417 2515 efﬁicte
2447 2459 2646 2530 diligis,
2693 2459 3064 2516 redderentur.
3093 2461 3178 2519 Fit
3203 2461 3348 2519 enim
3380 2465 3612 2534 plerum-

2019 2568 2144 2623 que,
2177 2563 2234 2608 ut
2277 2554 2410 2609 levia
2454 2567 2633 2609 rerum
2681 2554 2911 2623 portitor
2937 2554 3162 2611 festivus
3201 2567 3447 2613 exornet.
3493 2558 3609 2615 Alia

2021 2660 2232 2716 quoque
2260 2647 2328 2701 de
2374 2659 2534 2700 causa
2577 2647 2740 2703 sutdii
2784 2648 2889 2703 mei
2929 2648 3092 2704 ardor
3135 2649 3437 2716 incanduit;
3469 2651 3609 2722 quod

2023 2745 2195 2790 tecum
2224 2749 2388 2804 super
2425 2735 2542 2791 talis
2567 2737 2668 2791 viri
2698 2737 2852 2792 laude
2883 2738 3060 2806 putavi
3091 2740 3490 2808 gratulandum,
3520 2742 3609 2811 qui

2021 2842 2052 2883 e
2081 2828 2354 2896 provincia
2386 2827 2691 2883 suburbana
2725 2837 2930 2882 tantum
2964 2839 3205 2899 reportat
3245 2829 3440 2900 publici
3470 2831 3606 2888 desi-

2019 2920 2186 2987 derii,
2227 2931 2482 2990 quantum
2531 2920 2751 2991 reliquit
2793 2922 3045 2991 exempli.
3093 2922 3204 2976 Non
3234 2923 3412 2979 dicam
3451 2922 3600 2990 dolo,

2021 3023 2078 3067 ιιι
2109 3023 2230 3082 pote
2257 3006 2610 3082 subpalpaudi
2642 3013 2874 3067 nescius.
2907 3013 3062 3084 Viget
3105 3015 3157 3070 in
3203 3030 3269 3071 eo
3311 3032 3446 3072 vena
3494 3015 3606 3072 fra-

399 3064 819 3180 _S.l_fail_l_‘_l:i::l
866 3067 1988 3180 Ὗιξθΐῗξζλῗξο
2021 3064 2192 3160 terni.
2234 3064 2418 3175 I'lothe
2453 3064 2624 3176 Inagis
2669 3113 2865 3160 tactum
2893 3064 3007 3171 esto,
3047 3119 3102 3162 ιιι
3148 3108 3447 3164 discessum
3491 3112 3608 3180 ejus

326 3158 514 3211 luntas
553 3171 822 3224 nunquam
868 3156 1080 3213 deesset
1117 3157 1316 3218 ofﬁcio.
1358 3159 1524 3228 Hujus
1564 3161 1642 3215 rei
1693 3159 1914 3215 evidens

324 3257 644 3317 certumque
671 3247 1051 3307 documentum
1076 3258 1187 3313 est,
1219 3250 1359 3319 quod
1385 3252 1473 3305 ubi
1504 3252 1731 3320 primum
1757 3253 1914 3307 amici

326 3340 630 3398 communis
659 3338 762 3395 ﬁda
793 3339 994 3397 aﬁ'ulsit
1027 3343 1263 3406 occasio,
1296 3341 1468 3398 libens
1499 3343 1767 3398 scribendi
1799 3358 1916 3398 mu-

329 3451 434 3491 nus
458 3436 683 3506 arripui.
706 3437 950 3494 Intellesi
975 3438 1118 3494 enim
1139 3439 1492 3508 jucundiores
1516 3439 1610 3493 tibi
1637 3439 1751 3495 fore
1771 3441 1917 3494 litteo

327 3542 440 3596 ras,
469 3529 513 3583 si
542 3528 640 3582 bas
664 3529 756 3584 tibi
787 3529 1102 3585 familiarior
1124 3531 1430 3586 tabellarius
1453 3531 1802 3598 reddidisset;
1825 3533 1913 3602 qui

327 3634 438 3674 non
465 3620 641 3674 solum
667 3622 948 3690 epistolam
969 3664 984 3688 ,
1017 3622 1110 3676 sed
1140 3621 1554 3677 insinuationem
1586 3637 1799 3692 quoque
1821 3637 1916 3678 ac-

327 3720 481 3770 tuum
508 3726 750 3768 meorum
773 3712 1002 3768 ﬁdeliter
1019 3713 1314 3768 exhibeth
1343 3713 1490 3768 Vale.

839 3847 1051 3902 EPIST.
1095 3845 1428 3902 LXXXVIII.

810 3953 1117 3992 SYMIIACIIUS
1156 3953 1430 3992 lIESPtiIiIO.

403 4029 680 4099 Nunquam
724 4030 776 4084 in
827 4047 913 4085 me
955 4045 1200 4100 parcam,
1241 4032 1368 4100 quin
1415 4037 1506 4084 tuo
1550 4030 1730 4084 animo
1758 4030 1914 4086 obse-

327 4138 486 4191 quat.
513 4123 648 4178 Novi
688 4137 846 4192 quam
891 4123 965 4176 sis
1009 4123 1274 4177 sermonis
1313 4121 1418 4176 mei
1474 4132 1753 4191 exoptans.
1786 4120 1917 4176 Pro-

327 4231 518 4285 pterea
549 4217 759 4271 decrevi
787 4231 910 4270 cum
938 4217 1117 4270 animo
1157 4215 1288 4269 nihil
1342 4216 1692 4285 supersedere
1723 4215 1916 4270 litteris

328 4307 690 4375 porrigcndis,
725 4322 824 4362 nec
855 4316 1170 4376 exspectare
1203 4307 1657 4374 vicissitudinem,
1689 4322 1756 4363 ne
1782 4309 1919 4363 scri-

327 4400 492 4453 bendi
525 4400 722 4453 tardior
753 4400 896 4455 ﬁam.
922 4399 1028 4456 Sed
1061 4409 1117 4453 ut
1147 4400 1260 4470 ipse
1288 4401 1484 4468 metui,
1515 4416 1582 4456 ne
1612 4400 1740 4455 mihi
1777 4400 1914 4457 foret

2021 3201 2364 3271 impatienter
2414 3200 2665 3265 feramus,
2695 3204 2784 3270 qui
2817 3201 2867 3256 in
2900 3217 3004 3256 uno
3031 3202 3133 3258 frui
3168 3203 3484 3260 videbantur
3503 3219 3608 3260 am-
3639 3179 3658 3189 δ

2018 3291 2209 3348 bobus.
2239 3291 2442 3347 Vereor
2468 3292 2738 3363 protelare
2767 3293 3132 3348 testiinonium
3159 3309 3360 3359 meum,
3394 3309 3461 3351 ne
3498 3309 3608 3351 uta-

2017 3383 2100 3454 gis
2128 3382 2274 3438 laudi
2303 3382 2421 3453 ejus
2449 3382 2740 3440 obsecutus
2782 3383 3008 3453 iudicer,
3038 3399 3197 3453 quam
3231 3385 3440 3455 pudori.
3475 3384 3608 3443 Nam

2018 3485 2248 3544 quorum
2301 3489 2454 3529 mens
2497 3475 2721 3529 honesta
2755 3482 2870 3536 est,
2913 3485 3100 3529 earum
3148 3473 3413 3531 iutbeczlla
3461 3477 3608 3532 frons

2019 3573 2122 3618 est.
2151 3563 2232 3618 Tu
2261 3565 2328 3619 de
2353 3565 2535 3634 paucis
2561 3565 2770 3634 conjice
2805 3563 2977 3636 plura,
3008 3577 3126 3636 quae
3154 3579 3294 3622 nunc
3331 3565 3608 3625 insinuare

2021 3671 2128 3711 non
2149 3655 2358 3724 decuit,
2385 3657 2479 3712 sed
2508 3672 2607 3728 per
2630 3659 2791 3711 alium
2816 3654 3052 3714 scribere
3077 3671 3181 3714 non
3210 3660 3429 3732 pigebit.
3454 3659 3604 3717 Vale.

2622 3745 2840 3803 EPIST.
2881 3748 3018 3804 XCI.

2523 3855 2827 3896 ιςϊιιιιλοιιυε
2859 3853 3102 3896 ANTONIO.

2093 3933 2302 3988 Dudum
2333 3941 2406 3994 te.
2442 3933 2513 3987 mi
2553 3933 2735 3995 frater,
2768 3931 2986 3988 silentio
3025 3931 3304 4002 indulgere
3351 3933 3606 3994 mirabar.

2021 4022 2096 4079 Ea
2119 4039 2204 4080 res
2233 4023 2504 4092 impendio
2529 4024 2757 4094 augebat
2777 4025 3040 4089 dolorem,
3065 4025 3208 4094 quod
3245 4026 3359 4095 ipse
3385 4028 3606 4084 minime

2017 4117 2291 4173 scribendi
2319 4117 2713 4172 observantiam
2747 4116 3102 4189 negligebam.
3129 4119 3298 4173 Simul
3328 4129 3490 4189 atque
3519 4135 3608 4173 ac-

2019 4210 2136 4277 cepi
2160 4211 2370 4264 litteras
2409 4220 2542 4273 tuas,
2584 4210 2820 4263 animum
2854 4209 3016 4263 subiit
3049 4209 3251 4273 laetitia,
3274 4211 3490 4278 querela
3510 4210 3609 4264 de-

2018 4301 2211 4358 seruit.
2250 4299 2496 4354 Amicitia
2517 4299 2658 4353 enim
2688 4301 2796 4353 cito
2822 4308 3041 4352 sanatur
3068 4298 3267 4352 ofﬁcio.
3295 4299 3374 4352 'I‘u
3394 4313 3606 4370 quoque

2021 4391 2094 4445 ita
2122 4391 2365 4460 paginam
2397 4388 2554 4443 melle
2572 4387 2919 4442 eruditissimi
2936 4389 3047 4441 oris
3063 4387 3362 4456 obleveras,
3389 4395 3606 4458 utqux-

325 4490 552 4560 ﬂagitio,
574 4489 618 4544 si
653 4498 916 4555 tacerem;
937 4491 1014 4545 sic
1045 4490 1204 4545 velim
1238 4501 1290 4545 tu
1321 4506 1532 4557 caveas,
1564 4491 1776 4560 culpant
1806 4491 1916 4546 dis-

2021 4481 2150 4538 libet
2185 4481 2388 4536 offensa
2436 4489 2684 4548 tanquam
2737 4477 2955 4533 Lethaeo
3006 4479 3200 4550 poculo
3247 4491 3603 4550 mergeretur.

326 4580 594 4635 simulam
620 4580 993 4635 familiaritatis
1014 4582 1327 4637 accendere.
1355 4581 1504 4648 Quod
1529 4591 1580 4636 te
1600 4592 1912 4636 curaturum

329 4672 532 4740 liquido
557 4673 728 4726 habeo
759 4680 1125 4740 compertum;
1153 4671 1274 4742 quia
1304 4688 1410 4726 non
1438 4671 1615 4726 minus
1645 4673 1913 4742 ingenium

327 4771 476 4815 tuum
500 4776 658 4831 quam
683 4765 932 4817 meritum
955 4775 1132 4815 tneum
1157 4760 1416 4835 cogitans,
1443 4775 1651 4832 nequeo
1674 4762 1748 4816 tui
1765 4776 1912 4817 amo-

329 4851 409 4905 tis
429 4867 547 4906 esse
575 4853 848 4906 difﬁdens.

850 4939 1066 4995 EPIST.
1107 4939 1393 4996 LXXXIX.

829 5045 1133 5084 εῑηιιλοιιυε
1169 5045 1415 5084 ANTONIO.

405 5122 519 5176 Non
553 5121 825 5189 incognito
853 5121 1065 5189 quidem
1097 5120 1252 5174 nobis
1282 5120 1476 5190 eloquii
1506 5121 1792 5189 Splendore
1832 5122 1910 5174 tti-

331 5215 506 5278 tuisti;
538 5213 633 5269 sed
664 5215 867 5282 magnis
896 5214 1058 5268 rebus
1089 5213 1522 5278 accommodata,
1551 5223 1605 5268 et
1635 5215 1912 5281 majestate

285 5311 292 5322 '
329 5313 511 5377 scripti
548 5318 752 5379 aptata,
781 5309 1039 5379 gloriam,
1069 5324 1228 5378 quam
1259 5309 1567 5378 magisterio
1607 5319 1730 5362 ante
1759 5323 1910 5377 qua:-

328 5403 474 5467 sisti,
507 5419 699 5456 recens
727 5404 874 5456 auxit
899 5403 1091 5455 oratiu.
1124 5401 1254 5455 Nam
1288 5407 1483 5470 prteter
1510 5400 1758 5470 loquendi
1783 5401 1915 5469 plta-

330 5494 488 5559 leras,
517 5493 712 5564 quibus
746 5501 797 5547 te
824 5504 1014 5547 natura
1036 5491 1250 5558 ditavit,
1282 5492 1458 5547 simile
1488 5490 1762 5562 quiddam,
1797 5491 1913 5561 pla-

325 5605 498 5658 neque
541 5589 872 5644 conveniens
917 5587 1137 5643 auribus
1178 5596 1423 5658 patrum,
1477 5585 1739 5656 gravitate
1785 5600 1912 5640 scn-

324 5699 475 5736 suum
496 5722 511 5744 ,
537 5683 820 5739 verborum
849 5681 1174 5748 proprietate
1203 5680 1450 5738 sonuisti.
1481 5679 1717 5749 Denique
1743 5678 1905 5735 etiam

2018 4573 2188 4630 Verso
2206 4573 2364 4644 igitur
2385 4572 2524 4643 stylo
2547 4570 2772 4641 gratiam
2799 4569 2990 4639 fateor,
3014 4571 3104 4640 qui
3127 4572 3469 4639 expostulare
3489 4587 3604 4627 me-

2015 4666 2246 4733 ditabar,
2295 4664 2555 4734 adjiciens
2593 4661 2941 4733 postulatum,
2976 4677 3044 4718 ne
3084 4677 3312 4732 utiquam
3351 4677 3604 4734 superse-

2017 4757 2144 4813 dere
2168 4756 2361 4811 litteris
2388 4769 2720 4824 perseveres.
2753 4752 2905 4821 Quod
2935 4753 2980 4808 si
3009 4753 3292 4809 scribenda
3314 4754 3604 4822 defuerint,

2018 4850 2146 4905 mihi
2172 4865 2198 4906 s
2219 4850 2307 4904 itis
2331 4848 2454 4916 erit,
2479 4857 2537 4902 ut
2566 4847 2658 4902 tibi
2688 4845 2929 4916 gratuler
2947 4847 3240 4915 sospitatis.
3274 4845 3424 4902 Vale.

2598 4937 2813 4994 EPIST.
2863 4935 3018 4992 XCII.

2512 5043 2816 5085 εγιιιιλειιυε
2845 5041 3092 5083 ANTONIO.

2091 5127 2254 5180 Dulce
2279 5133 2549 5178 certamen
2577 5133 2658 5177 cst
2683 5121 2842 5176 ofﬁcii
2867 5138 2880 5174 :
2904 5127 2958 5174 et
2988 5119 3108 5173 ideo
3127 5118 3251 5189 jure
3275 5121 3434 5174 ambo
3459 5120 3605 5175 cavi-

2019 5231 2158 5279 mus,
2197 5231 2264 5269 ne
2294 5214 2516 5269 alternis
2557 5217 2913 5266 vinceremur.
2960 5209 3211 5264 Gratulor
3247 5213 3405 5280 igitur
3450 5223 3604 5279 pares

2022 5321 2118 5361 nos
2139 5320 2278 5370 esse,
2317 5319 2420 5358 non
2462 5303 2635 5356 solum
2677 5299 2959 5355 aff'ectione
3002 5303 3282 5364 tuentium,
3319 5303 3410 5355 sed
3440 5299 3601 5353 etiam

2022 5396 2388 5452 vicissitudine
2430 5394 2747 5447 litterarum.
2784 5391 2994 5447 Curabo
3027 5399 3203 5446 tamen
3247 5390 3491 5461 posthac,
3543 5398 3598 5444 ut

2014 5489 2258 5558 obsequii
2287 5485 2396 5542 mei
2422 5486 2645 5552 trutina,
2673 5491 2729 5541 et
2749 5485 2880 5540 libra
2912 5484 3302 5553 praeponderet,
3328 5497 3396 5537 ne
3423 5481 3598 5538 videa-

2015 5594 2098 5636 tur
2147 5578 2351 5634 inertiae
2399 5576 2663 5650 quoddam
2702 5592 2824 5632 esse
2856 5575 3169 5642 coliudium,
3205 5586 3419 5644 semper
3450 5590 3599 5647 aqua

2014 5673 2165 5729 lance
2185 5669 2416 5729 censeri.
2449 5669 2632 5741 Itaque
2671 5669 2901 5725 scribam
2929 5665 3147 5736 saepius.
3182 5663 3342 5721 modo
3375 5663 3602 5724 facultas
