4074 6176
448 232 553 290 IIS

1631 226 1694 294 ρ.
1737 222 2079 282 Αυιιιειλυδ
2115 218 2551 278 ΞΥΜΜΔΟΠΠΒ.

3623 213 3723 268 176

444 341 858 399 contttteantium
891 351 996 392 non
1026 334 1162 391 desu
1195 334 1418 404 optanti.
1466 334 1540 387 Ita
1580 333 1690 400 fiet,
1722 344 1779 388 ut
1819 343 1876 390 et
1911 333 2025 403 ipsc
2057 335 2101 391 Λ
2133 331 2294 392 veris.
2319 329 2530 384 creteris
2562 324 2890 381 ornamentis
2930 323 3090 380 animi
3121 323 3194 380 tui
3235 321 3516 394 adjicietur
3556 322 3722 380 decus

445 433 654 492 laudem
678 429 976 488 sedulitatis
1001 426 1269 492 affectam,
1295 435 1350 480 et
1375 431 1427 478 te
1446 424 1590 479 curis
1621 423 1846 494 publicis
1875 438 2037 479 occu-

445 534 652 592 patum,
681 523 748 577 ad
780 518 1119 592 rependenda
1159 515 1425 586 colloquia
1469 515 1787 570 assiduitate
1831 515 2028 571 sollici-

447 623 574 669 tcm.
613 613 760 669 Vale.

1027 677 1240 733 I.PIST.
1282 674 1459 731 XCIII.

945 781 1251 824 εγιιιιλειιυε
1277 780 1527 822 ANTONIO.

516 884 767 938 Sanctum
799 881 1068 935 Zenonem
1096 878 1474 934 commendare
1503 893 1610 932 non
1647 876 1842 945 debeo,
1869 893 2029 946 quem

449 975 562 1030 seio
588 975 653 1029 ad
681 976 981 1029 clientelam
1012 983 1154 1026 tuam
1179 981 1232 1026 et
1254 970 1514 1026 amicitias
1541 969 1830 1040 pertinere.
1851 970 1954 1027 Sed
1979 971 2031 1026 in

450 1086 514 1122 eo
544 1079 686 1123 tanta
730 1083 938 1121 morum
987 1067 1118 1134 prob
1144 1076 1225 1120 tas
1256 1073 1360 1131 est,
1385 1073 1439 1118 ut
1491 1062 1678 1118 laudes
1715 1062 1876 1119 silere
1923 1078 2032 1118 non

453 1162 672 1231 possim.
700 1161 877 1230 Itaque
903 1161 1074 1214 virum
1103 1158 1257 1212 bonis
1287 1156 1538 1212 omnibus
1578 1155 1770 1212 merito
1799 1170 1911 1212 sua:
1948 1170 2038 1212 se-

451 1255 694 1309 dulitat's
731 1261 1030 1322 acceptum,
1080 1265 1262 1320 qnazso
1300 1251 1459 1304 etiam
1494 1263 1580 1304 me
1617 1259 1871 1320 precante
1909 1263 2034 1318 pro-

452 1348 671 1419 pensius
712 1347 893 1401 fovere
939 1344 1209 1412 digneris;
1255 1349 1606 1411 prtestaturus
1637 1347 1694 1396 et
1723 1350 1830 1395 tua:
1859 1339 2032 1405 famae,

452 1454 572 1508 qua:
599 1438 752 1493 debet
777 1435 1016 1490 omnium
1043 1449 1136 1488 ore
1162 1430 1446 1495 celebrari,
1469 1439 1524 1486 et
1544 1430 1868 1486 interventui
1891 1444 2032 1496 meo,

456 1538 512 1586 ut
541 1528 641 1586 has
668 1529 874 1585 litteras
893 1526 994 1582 sibi
1025 1523 1293 1594 profuisse
1320 1521 1702 1592 subintelligat.
1737 1519 1888 1576 Vale.

1018 1656 1234 1714 EPIST.
1272 1653 1454 1711 XCIV.

965 1784 1273 1826 SVMMACHUS
1296 1781 1530 1824 SVAGRIO.

525 1891 831 1946 Laudentur
859 1887 1136 1956 incogniti,
1181 1890 1239 1937 ut
1275 1897 1463 1938 eorum
1503 1880 1694 1941 merita
1737 1880 1792 1936 in
1828 1880 2041 1936 occulto

458 1987 566 2041 sita
593 1979 882 2038 testimonii
922 1977 1174 2047 splendor
1203 1974 1444 2030 irradiet.
1486 1973 1614 2028 Mihi
1659 1971 2042 2042 impraesentia-

458 2097 576 2138 rum
635 2073 1095 2146 supersedendum
1141 2079 1226 2126 est
1272 2068 1575 2139 hujusmodi
1625 2067 1934 2138 scriptione,
1973 2080 2042 2120 ne

460 2169 655 2240 incepti
689 2169 885 2221 frustra
916 2163 1038 2229 sim,
1071 2163 1115 2217 si
1150 2162 1366 2216 fratrem
1395 2175 1571 2216 meum
1599 2158 1894 2215 Palladium
1920 2172 2044 2228 spe.

456 2272 657 2318 etatum
718 2256 872 2312 bonis
912 2255 1180 2319 omnibus,
1228 2251 1487 2308 facundia:
1524 2259 1684 2320 atque
1726 2248 2042 2307 eruditionis

459 2351 738 2422 astipuler.
786 2346 988 2417 Dehinc
1029 2353 1190 2398 cauto
1229 2357 1364 2412 Opus
1411 2351 1515 2410 est,
1559 2356 1626 2397 ne
1674 2340 1848 2409 impar
1891 2347 2042 2393 tanto

462 2444 579 2500 viro
605 2439 861 2511 precatio,
894 2450 1067 2506 neque
1089 2450 1212 2492 eum
1241 2433 1327 2489 cui
1353 2432 1617 2502 defertur,
1643 2433 1956 2501 mquiparet,
1987 2439 2044 2487 et

462 2548 636 2588 meam
664 2545 880 2602 operam
906 2527 1242 2583 devenustet.
1271 2524 1502 2592 Quiesce
1527 2523 1689 2593 igitur
1717 2521 1812 2577 has
1843 2532 2040 2590 partes,

459 2633 515 2678 et
541 2623 641 2677 hoc
672 2637 833 2676 unum
863 2619 957 2673 tibi
983 2632 1293 2688 persuasum
1333 2617 1482 2681 thlo;
1516 2614 1710 2670 mereri
1741 2613 1804 2669 fat
1827 2615 2042 2669 undiam

463 2712 704 2776 Palladii,
727 2719 788 2764 ut
811 2710 1109 2769 doleamus.
1137 2707 1279 2776 quod
1309 2707 1428 2761 urbi
1460 2716 1684 2777 negatus
1704 2717 1785 2761 est
1812 2725 1826 2761 :
1849 2707 2056 2762 mereri-

465 2806 853 2863 amabilitatem
885 2802 1019 2874 ejus,
1049 2811 1104 2856 ut
1138 2800 1278 2871 quod
1319 2800 1521 2855 accitus
1553 2808 1656 2866 est,
1694 2800 2038 2872 gaudeamus.

465 2897 614 2954 Vale.

1019 2963 1021 2968 “
1044 2961 1262 3018 EPIST.
1306 2960 1464 3017 XCV.

954 3067 1260 3110 ειιηιλειιυε
1297 3069 1537 3111 δησιιιο.

535 3169 686 3238 Quod
717 3167 889 3222 nullas
918 3166 1120 3234 sumpsi
1146 3166 1350 3220 litteras
1376 3174 1515 3235 tuas,
1547 3180 1670 3221 cum
1692 3164 1822 3221 mihi
1844 3179 1875 3221 a
1901 3165 2047 3238 prin-

463 3261 666 3330 cipibus
695 3258 913 3314 aeternis
942 3256 1162 3327 legenda
1195 3255 1246 3310 in
1275 3256 1504 3312 concilio
1531 3265 1742 3327 patrum
1771 3256 2048 3328 delegare-

467 3367 552 3412 tur
578 3354 782 3418 oratio;
815 3352 926 3405 scio
957 3364 1061 3404 non
1092 3349 1257 3403 fuisse
1288 3348 1482 3404 fastidii
1525 3347 1622 3405 tui.
1649 3347 1780 3403 Nam
1810 3347 1966 3405 bene
1993 3357 2051 3405 et

465 3445 754 3516 exploratae
785 3441 1056 3505 amicitite,
1086 3439 1171 3494 vel
1199 3439 1243 3492 si
1276 3447 1450 3493 cesset
1479 3437 1738 3506 officium,
1764 3439 1894 3494 satis
1923 3448 2050 3494 tuta:

465 3535 848 3594 aestimationes
869 3541 1015 3586 sunt.
1045 3531 1330 3600 Propterea
1355 3529 1607 3585 talionem
1643 3529 1845 3586 referre
1868 3529 2048 3596 vitavi,

465 3627 686 3688 veritus,
720 3639 787 3680 ne
816 3621 958 3691 quod
983 3633 1036 3676 ttt
1061 3620 1258 3675 invitus
1285 3618 1510 3683 feceras,
1534 3635 1633 3690 ego
1659 3619 1737 3674 off
1752 3634 1896 3676 usus
1924 3634 2048 3675 cre-

467 3717 626 3774 dercr
662 3714 981 3771 reddidisse.
1014 3711 1192 3781 Longe
1236 3712 1380 3766 enim
1422 3710 1632 3766 diversa
1682 3710 1921 3766 conditio
1969 3718 2054 3767 est

471 3807 700 3874 fortuiti,
727 3821 885 3877 quam
919 3803 1152 3860 affectati
1187 3801 1410 3859 silentii.
1445 3802 1550 3857 lies
1578 3803 1794 3873 quidem
1823 3817 1926 3858 una
1958 3817 2053 3858 ue-

466 3901 678 3971 gligitur
703 3916 718 3954 :
752 3897 1039 3969 plurimum
1071 3906 1243 3950 tamen
1273 3892 1460 3958 refert,
1488 3896 1607 3964 quis
1633 3910 1750 3948 eam
1780 3895 1931 3964 quasi
1963 3911 2056 3950 oc-

468 4003 715 4060 cupatus,
737 3991 858 4062 quis
883 3989 1034 4060 quasi
1065 3997 1250 4044 oratus
1279 3987 1539 4042 omiserit.
1564 3985 1670 4042 Sed
1698 3986 1763 4042 de
1795 3987 1896 4041 hoc
1924 3988 2055 4042 satis

471 4082 644 4138 habeo
675 4081 900 4136 dictum.
929 4079 1102 4144 Nunc,
1135 4077 1182 4133 si
1203 4093 1289 4132 me
1313 4092 1487 4143 amas,
1515 4077 1594 4131 vel
1624 4077 1746 4147 quia
1770 4093 1856 4132 me
1881 4093 2053 4147 amas,

470 4178 615 4238 (nam
649 4171 836 4227 referri
861 4169 1096 4234 confido,
1127 4168 1266 4238 quod
1290 4167 1496 4238 defero)
1527 4177 1779 4222 constare
1804 4168 1944 4238 apud
1977 4169 2057 4223 in-

469 4265 639 4319 victos
670 4263 942 4334 principes
975 4260 1224 4332 gaudium
1274 4275 1472 4326 meum,
1509 4259 1601 4332 qui
1645 4259 1892 4316 humana:
1940 4264 2054 4316 voci

469 4357 678 4411 divinas
701 4356 815 4411 litte
846 4369 906 4409 as
937 4352 1306 4415 crediderunt;
1335 4367 1560 4422 quorum
1584 4353 1830 4409 victorias
1853 4369 1922 4410 ex
1949 4357 2052 4410 mei

2143 421 2421 490 ptazsentis
2452 418 2632 472 officii.
2666 418 2811 472 Vale.
2839 466 2843 470 .

2710 508 2922 564 EPIST.
2964 507 3143 564 XCVI.

2633 614 2940 654 ευιιιλειιυε
2975 612 3216 654 εςΑοιιιο.

2209 692 2451 746 Studium
2497 693 2638 760 quod
2693 691 2992 746 scribendis
3033 686 3365 743 orationibus
3414 686 3718 755 exhibeam,

2139 785 2360 855 prmmio
2395 783 2568 839 laudis
2607 782 2824 836 auxisti.
2862 783 3021 836 Vetus
3059 782 3255 850 quippe
3295 779 3559 836 sententia
3597 792 3717 848 est,

2141 875 2298 929 Artes
2329 874 2536 929 honore
2566 872 2779 927 nutriri.
2802 871 2932 940 Quis
2953 881 3130 926 autem
3161 879 3266 924 tam
3290 870 3592 926 cumulatus
3622 871 3718 926 Ilo-

2139 983 2259 1035 nor,
2284 983 2442 1037 quam
2485 965 2655 1034 palma
2687 964 2933 1019 dicendi?
2981 964 3120 1034 Ergo
3147 963 3245 1018 etsi
3292 963 3546 1034 inte‘l'go,
3576 964 3722 1034 quod

2142 1061 2310 1114 nostri
2337 1074 2520 1113 amore
2551 1056 2785 1123 fallaris;
2819 1066 2995 1111 tamen
3035 1056 3246 1110 titulum
3296 1056 3539 1125 praeclari
3570 1056 3722 1112 testi-

2140 1152 2305 1206 monii
2337 1151 2458 1204 alho
2489 1149 2695 1204 calculo
2726 1157 2966 1202 veterum
2998 1161 3149 1201 more
3171 1146 3410 1216 signabo.
3435 1146 3551 1200 Non
3577 1147 3721 1201 enim

2139 1243 2269 1298 mihi
2297 1259 2360 1297 ex
2393 1255 2486 1297 ore
2511 1240 2697 1310 jejuno
2720 1241 2916 1294 tributa
2958 1237 3211 1303 laudatio,
3239 1237 3334 1293 sed
3363 1237 3432 1293 de
3465 1238 3725 1292 facundia:

2141 1351 2281 1405 penu
2318 1333 2445 1388 boni
2480 1332 2665 1402 judicii
2719 1330 2922 1387 fructus
2968 1331 3170 1386 arrisit.
3215 1329 3416 1386 Vereor
3451 1329 3726 1400 indulgere

2139 1425 2318 1480 verbis
2348 1423 2600 1494 praeconii
2631 1422 2730 1484 tui.
2762 1437 2832 1478 ne
2857 1420 3193 1493 gratificandi
3233 1435 3453 1491 operam
3482 1428 3724 1476 mutuam

2139 1516 2423 1574 credamur
2441 1514 2628 1572 adniti.
2660 1515 2816 1581 Vale,
2841 1525 2895 1572 et
2921 1522 2978 1569 nt
3007 1529 3068 1571 es
3099 1513 3269 1569 nostri
3305 1513 3558 1585 diligens.
3598 1513 3727 1571 reli-

2141 1609 2344 1682 giosam
2366 1608 2762 1666 observantiam
2791 1621 3103 1678 persevera.
3131 1605 3280 1663 Vale.

2697 1701 2910 1758 EPIST.
2951 1699 3156 1756 XCVII.

2646 1807 2954 1848 SVIIIACIIUS
2982 1805 3220 1848 SVAGRIO.

2213 1886 2344 1942 Mea:
2366 1885 2583 1950 litterae,
2613 1884 2868 1954 quoniam
2897 1893 3130 1952 accepta:
3173 1889 3301 1937 sunt
3327 1881 3445 1949 tibi,
3485 1881 3726 1938 crebrius

2143 1979 2539 2036 commeabunt.
2563 1978 2696 2034 Nam
2728 1986 2788 2033 ut
2813 1976 3163 2048 respondeas,
3193 1990 3302 2031 non
3323 1975 3529 2045 laboro,
3560 1972 3644 2045 siq
3667 1976 3727 2027 ti-

2144 2072 2266 2129 dem
2288 2072 2498 2128 videtur
2525 2071 2775 2142 injurium
2799 2071 3041 2141 flagitare
3065 2069 3266 2136 officia,
3289 2085 3408 2140 qua:
3433 2079 3624 2140 sponte
3641 2083 3727 2126 re-

2144 2165 2364 2234 ligiosus
2393 2164 2608 2219 animus
2638 2162 2942 2234 pollicetur.
2973 2161 3124 2216 Vale.

2699 2253 2914 2310 EPIST.
2947 2252 3172 2308 XCVIII.

2643 2359 2948 2400 SVHMACIIUS
2987 2358 3225 2398 H’AGBIO.

2221 2436 2429 2493 Dudum
2456 2437 2588 2493 mihi
2629 2435 2806 2491 nullus
2841 2435 3031 2490 litteris
3067 2433 3172 2489 tuis
3203 2433 3375 2488 honor
3414 2433 3586 2489 factus
3627 2444 3726 2490 est.

2146 2529 2416 2597 Quererer
2443 2529 2511 2585 de
2538 2528 2755 2584 silentio
2787 2536 2898 2592 tuo,
2927 2526 2972 2582 si
3012 2526 3080 2580 de
3118 2525 3380 2596 religione
3410 2524 3728 2583 dubitarem.

2146 2621 2253 2678 Sed
2279 2622 2402 2691 quia
2426 2619 2659 2675 amicitia
2696 2633 2800 2674 usu
2837 2617 3060 2685 credita,
3089 2626 3145 2674 et
3171 2631 3404 2686 expensa
3445 2618 3730 2672 documen.

2150 2710 2249 2776 tis;
2285 2709 2526 2780 periculo
2558 2707 2882 2778 suspicionis
2907 2706 3078 2762 aliena
3116 2714 3218 2760 est.
3252 2705 3493 2775 Intelligo
3517 2706 3732 2776 quidem

2150 2818 2244 2871 per
2263 2802 2643 2872 occupationes
2667 2799 2910 2870 publicas
2939 2798 3218 2854 inhibitam
3240 2798 3571 2870 diligentiam
3597 2801 3732 2854 scri-

2147 2893 2389 2962 ptionum
2418 2902 2630 2947 tuarum
2659 2909 2673 2944 :
2700 2882 2907 2955 verum,
2931 2903 3134 2958 quaeso,
3149 2889 3515 2945 intermissum
3541 2905 3736 2946 tnunus

2148 2984 2440 3039 instaures.
2468 2983 2643 3040 Stabit
2670 2980 2811 3052 apud
2846 2990 2935 3036 tne
2962 2980 3130 3051 gratia
3161 2981 3347 3038 tributi
3374 2980 3559 3049 officii,
3582 2983 3733 3052 quasi

2067 3058 2116 3138 ὁ
2149 3077 2294 3132 notia
2315 3075 2491 3146 negati
2517 3074 2672 3145 culpa
2702 3073 3055 3144 praecesserit.
3085 3072 3232 3129 Vale.

2721 3162 2936 3220 EPIST.
2983 3161 3170 3218 XCIX.

2649 3268 2954 3310 SVHIACHUS
2991 3267 3228 3312 εῑΑῦιιιο.

2219 3347 2275 3402 Si
2301 3345 2518 3418 quando
2548 3345 2680 3401 mihi
2701 3346 2840 3416 apud
2871 3347 3100 3402 amicum
3125 3345 3417 3401 testimon'i
3439 3345 3602 3403 dictio
3629 3357 3734 3412 cst,

2150 3437 2379 3494 cohibeo
2404 3451 2622 3507 operam
2652 3436 2770 3506 plus
2797 3437 3069 3506 loquendi.
3118 3437 3250 3492 Nam
3272 3437 3396 3508 quid
3435 3437 3622 3509 religio
3647 3439 3736 3495 ubi

2151 3533 2284 3601 agit,
2316 3529 2656 3586 desideratur
2683 3531 2894 3584 oratio?
2924 3529 3060 3585 Ftro
3089 3530 3246 3600 igitur
3272 3533 3336 3586 ad
3368 3542 3419 3586 te.
3449 3533 3648 3587 nudum
3669 3533 3738 3587 de

2153 3620 2403 3676 familiari
2433 3636 2554 3675 meo
2597 3621 2910 3691 Pontigano,
2942 3622 3036 3676 sed
3075 3622 3230 3677 ﬁdele
3260 3622 3544 3691 judicium;
3577 3640 3737 3694 quem

2154 3713 2256 3768 nisi
2300 3728 2486 3769 amore
2519 3723 2706 3768 nostro
2737 3714 2955 3783 dignum
2991 3715 3330 3785 probassem,
3383 3717 3604 3772 minime
3646 3729 3740 3772 tuo

2154 3803 2444 3858 traderem.
2487 3803 2633 3858 Mens
2671 3803 2790 3873 ejus
2833 3805 2883 3858 in
2927 3813 3114 3874 aperto
3152 3813 3255 3870 est,
3301 3806 3406 3860 vita
3434 3816 3640 3877 spectat
3669 3809 3738 3864 ad

2155 3893 2390 3950 laudem.
2427 3893 2550 3949 Scis
2586 3903 2757 3957 certe,
2811 3910 3078 3963 nunquam
3111 3911 3195 3950 me
3223 3896 3511 3952 faciliorem
3545 3899 3740 3954 favoris

2157 4001 2296 4052 esse,
2331 4001 2488 4055 quam
2521 3990 2654 4042 veri.
2679 3987 2878 4042 Horum
2906 3989 3143 4043 omnium
3185 3988 3340 4045 fidem
3369 3990 3736 4061 confirmabis,

2155 4091 2275 4132 cum
2308 4078 2361 4132 in
2388 4076 2482 4132 illo
2509 4077 2660 4147 plura
2683 4080 2969 4148 repereris.
3004 4077 3153 4134 Vale.

2796 4170 3006 4225 EPIST.
3045 4170 3104 4226 C.

2659 4275 2968 4315 SVMIACIIUS
3005 4277 3242 4316 SVAGIIIO.

2230 4349 2532 4404 Instaurant
2563 4350 2802 4404 dolorem
2837 4367 2955 4408 sera
2998 4353 3210 4418 solatia,
3246 4365 3300 4408 ct
3343 4355 3461 4409 ideo
3501 4365 3738 4410 mutuum

470 4448 581 4504 oris
613 4448 976 4516 promptuario
1004 4457 1221 4501 senatus
1250 4445 1470 4499 audivit.
1503 4445 1602 4499 lt‘ac
1627 4447 1804 4501 veniat
1827 4447 1878 4500 in
1908 4462 2053 4502 ωοη-
2081 4437 2130 4496 D
2159 4443 2424 4496 silentium
2456 4443 2848 4498 calamitatibus
2867 4446 3063 4498 nostris
3095 4457 3353 4514 praestare
3377 4447 3654 4512 debemus,
3675 4464 3742 4504 ne

473 4545 601 4600 tein,
633 4538 751 4606 quis
777 4536 869 4592 ille
890 4535 1004 4590 dies
1030 4535 1284 4598 illuxerit,
1313 4550 1420 4603 quo
1451 4535 1602 4603 quasi
1631 4551 1695 4590 ex
1731 4537 1903 4591 media
1935 4551 2052 4606 pro-

473 4632 642 4682 fectus
663 4627 776 4681 acie
807 4625 1024 4680 auribus
1045 4633 1097 4679 et
1121 4625 1316 4678 animis
1343 4626 1579 4677 omnium
1607 4626 1892 4680 salutarem
1917 4643 2052 4680 nuo-

473 4720 602 4773 tittm
647 4717 850 4787 primus
897 4713 1084 4770 infudi.
1113 4714 1250 4769 Olim
1291 4729 1411 4768 eum
1446 4729 1533 4768 res
1569 4714 1805 4769 Romana
1841 4717 2052 4771 adorta:

474 4810 718 4866 Inilitatis
764 4807 930 4877 potita
959 4816 1063 4874 est,
1099 4806 1342 4861 Polluces
1373 4807 1568 4876 gemini
1626 4809 1764 4878 apud
1811 4811 2052 4866 Jutut'uze

478 4903 649 4956 lacum
686 4899 852 4969 prtelii
883 4897 1116 4953 secunda
1154 4898 1455 4967 vulgarunt.
1485 4897 1588 4951 Eos
1621 4899 1814 4967 quippe
1853 4901 1931 4967 pri
1950 4917 2055 4956 »ευ-

476 5011 593 5050 rtnn
633 4992 962 5048 voluminum
1006 4989 1138 5046 fides
1181 4989 1358 5055 tradit,
1391 4990 1600 5046 anhelis
1646 4991 1816 5060 equis,
1867 4995 2054 5062 plenos

475 5085 689 5142 sudoris
730 5094 783 5139 et
816 5084 1073 5152 pulveris,
1109 5083 1246 5138 fama
1278 5082 1399 5137 belli
1437 5094 1558 5152 post
1598 5096 1802 5153 tergum
1844 5086 2050 5152 rel:eta,

479 5177 728 5234 indicium
757 5173 1036 5230 affectasse
1063 5175 1317 5228 victoriae.
1361 5172 1502 5228 Idem
1549 5191 1688 5229 nunc
1717 5175 1847 5229 mihi
1899 5191 2054 5230 sacro

449 5267 670 5376 ’judicio
697 5264 867 5332 factus
885 5275 977 5341 est
998 5265 1186 5321 honor.
1215 5265 1289 5321 lta
1312 5277 1565 5336 quantum
1596 5265 1781 5337 gratia:
1805 5266 2053 5322 Castores

477 5357 651 5428 adepti
684 5365 827 5418 sunt,
860 5363 1060 5410 tantum
1093 5357 1357 5426 principes
1383 5356 1764 5424 prmstitcrunt.
1801 5357 1926 5415 Haec
1957 5374 2054 5427 pro

479 5463 563 5502 tne
593 5447 863 5516 cepiosius
893 5453 947 5501 et
969 5447 1228 5510 ornatius,
1254 5457 1510 5514 quantum
1533 5461 1593 5502 es
1623 5447 1817 5517 lingua:
1839 5447 2054 5512 melior,

483 5541 614 5604 apud
639 5549 908 5595 auctorem
939 5537 1180 5594 beneficii
1211 5541 1564 5608 prosequeris.
1587 5540 1765 5594 [Iabes
1791 5555 2054 5596 summam

479 5629 954 5704 voluntatismem;
985 5626 1068 5682 cui
1095 5627 1137 5683 si
1170 5628 1291 5694 quid
1319 5629 1797 5682 ceu-mendationis
1834 5630 2056 5697 inspira-

2159 4533 2386 4589 furtuna:
2417 4535 2656 4598 vulnera,
2695 4551 2814 4604 quae
2845 4535 3148 4592 cicatricem
3184 4553 3434 4605 processu
3484 4542 3742 4610 temporis

2107 4617 2114 4624 ’
2159 4629 2379 4691 ducunt,
2406 4629 2780 4697 intempestive
2807 4637 3136 4683 contrectata
3167 4632 3502 4686 crudescant.
3540 4633 3596 4687 In
3635 4632 3740 4686 alia

2163 4719 2332 4787 potius
2355 4734 2534 4772 sermo
2557 4719 2843 4774 vertendus
2867 4729 2970 4783 est,
2996 4736 3115 4790 quas
3139 4729 3190 4776 te
3205 4722 3270 4774 ad
3294 4738 3474 4776 curam
3499 4723 3742 4779 sanitatis

2165 4812 2466 4865 itur-tentur.
2490 4811 2675 4866 Omnis
2697 4813 2894 4882 quippe
2910 4813 3149 4867 internus
3171 4813 3324 4868 dolor
3354 4815 3593 4884 corporis
3624 4817 3710 4872 hie
3727 4845 3739 4857 -

2165 4903 2284 4954 tuali
2329 4903 2524 4957 (rescit
2561 4901 2752 4972 injuria
2785 4921 2798 4958 :
2840 4918 2901 4958 ac
2943 4903 3042 4957 nist
3083 4903 3188 4958 iter
3229 4904 3423 4974 apricis
3471 4906 3660 4962 diebus
3685 4919 3742 4963 et

2160 5009 2204 5044 at
2231 4994 2306 5048 ris
2334 4995 2636 5050 salubribus
2665 4998 2862 5066 egeris,
2897 4998 3034 5050 male
3064 5005 3263 5062 metuo,
3302 5012 3370 5051 ne
3399 4999 3584 5052 vitium
3611 5013 3749 5053 con-

2164 5099 2391 5154 temptus
2415 5100 2718 5159 exaggeret.
2750 5091 2898 5144 Nunc
2919 5103 3004 5154 ea,
3027 5104 3148 5158 qua:
3174 5089 3412 5145 remedio
3439 5104 3695 5145 accommt
3714 5119 3744 5132 -

2159 5180 2288 5233 dare
2315 5180 2612 5245 credidisti,
2651 5181 2735 5236 vel
2787 5197 2908 5250 qua:
2953 5182 3106 5237 nobis
3134 5182 3524 5237 commendavit
3555 5183 3742 5240 u'eudt

2159 5271 2473 5339 exploratio,
2501 5271 2566 5323 ad
2601 5281 2648 5324 te
2679 5271 2828 5335 misi;
2860 5272 2994 5325 inter
3021 5285 3260 5328 vo'orutu
3305 5286 3510 5326 summa
3539 5273 3740 5326 consti-

2163 5372 2334 5414 tuens.
2369 5369 2424 5412 ut
2449 5360 2807 5414 remediorum
2838 5360 3019 5413 talium
3048 5361 3418 5414 necessitatem
3445 5369 3743 5431 spontanea

2159 5449 2299 5502 incol
2339 5449 2526 5503 mitate
2555 5448 2892 5516 praevenias:
2927 5460 3016 5504 aut
3047 5450 3090 5504 si
3131 5466 3250 5520 qua:
3288 5451 3461 5506 morbi
3501 5451 3744 5520 reliquie

2161 5539 2379 5603 fuerint,
2409 5537 2492 5592 his
2517 5537 2850 5594 orationibus
2876 5550 3205 5610 tergeantur.
3240 5541 3382 5596 Satis
3417 5550 3592 5597 autem
3627 5557 3746 5598 mu-

2166 5649 2176 5681 ι
2200 5631 2306 5682 eris
2331 5630 2599 5683 communi
2627 5631 2874 5687 amicitia!
2897 5632 3068 5696 dabis,
3094 5634 3138 5689 si
3167 5633 3601 5694 sollicitudinem.
3628 5648 3746 5703 qua:
