  <div class='ocr_page' id='page_1' title='image "/cluster/home/n/w/nwhite01/storage/ocr_20150623/18/hvd.32044023361694/098.png"; bbox 0 0 4074 6176; ppageno 0'>
   <div class='ocr_carea' id='block_1_1' title="bbox 276 349 376 408">
    <p class='ocr_par' dir='ltr' id='par_1_1' title="bbox 276 349 376 408">
     <span class='ocr_line' id='line_1_1' title="bbox 276 349 376 408; baseline -0.03 -1"><span class='ocrx_word' id='word_1_1' title='bbox 276 349 376 408; x_wconf 76' lang='lat' dir='ltr'><strong>I77</strong></span> 
     </span>
    </p>
   </div>
   <div class='ocr_carea' id='block_1_2' title="bbox 1504 323 2334 402">
    <p class='ocr_par' dir='ltr' id='par_1_2' title="bbox 1504 323 2334 402">
     <span class='ocr_line' id='line_1_2' title="bbox 1504 323 2334 402; baseline -0.004 -1"><span class='ocrx_word' id='word_1_2' title='bbox 1504 323 1987 402; x_wconf 77' lang='lat' dir='ltr'><strong>EPISTOLARUM</strong></span> <span class='ocrx_word' id='word_1_3' title='bbox 2030 339 2232 398; x_wconf 79' lang='lat' dir='ltr'><strong>LlBEll</strong></span> <span class='ocrx_word' id='word_1_4' title='bbox 2274 343 2334 398; x_wconf 86' lang='grc' dir='ltr'><strong>ιι.</strong></span> 
     </span>
    </p>
   </div>
   <div class='ocr_carea' id='block_1_3' title="bbox 3470 340 3572 402">
    <p class='ocr_par' dir='ltr' id='par_1_3' title="bbox 3470 340 3572 402">
     <span class='ocr_line' id='line_1_3' title="bbox 3470 340 3572 402; baseline 0.029 -4"><span class='ocrx_word' id='word_1_5' title='bbox 3470 340 3572 402; x_wconf 74' lang='grc' dir='ltr'><strong><em>ΠΒ</em></strong></span> 
     </span>
    </p>
   </div>
   <div class='ocr_carea' id='block_1_4' title="bbox 276 455 3569 534">
    <p class='ocr_par' dir='ltr' id='par_1_4' title="bbox 276 455 3569 534">
     <span class='ocr_line' id='line_1_4' title="bbox 276 455 3569 534; baseline -0.003 -13"><span class='ocrx_word' id='word_1_6' title='bbox 276 464 406 521; x_wconf 86' lang='lat' dir='ltr'><strong>mihi</strong></span> <span class='ocrx_word' id='word_1_7' title='bbox 435 479 500 519; x_wconf 79' lang='lat' dir='ltr'><strong>ex</strong></span> <span class='ocrx_word' id='word_1_8' title='bbox 523 462 841 534; x_wconf 74' lang='lat' dir='ltr'><strong>aegritudine</strong></span> <span class='ocrx_word' id='word_1_9' title='bbox 857 470 944 517; x_wconf 90' lang='lat' dir='ltr'><strong>tua</strong></span> <span class='ocrx_word' id='word_1_10' title='bbox 974 461 1161 518; x_wconf 87' lang='lat' dir='ltr'><strong>oborta</strong></span> <span class='ocrx_word' id='word_1_11' title='bbox 1184 469 1290 528; x_wconf 89' lang='lat' dir='ltr'><strong>est,</strong></span> <span class='ocrx_word' id='word_1_12' title='bbox 1315 461 1659 531; x_wconf 87' lang='lat' dir='ltr'><strong>prosperiore</strong></span> <span class='ocrx_word' id='word_1_13' title='bbox 1685 457 1872 515; x_wconf 89' lang='lat' dir='ltr'><strong>nuntio</strong></span> <span class='ocrx_word' id='word_1_14' title='bbox 1903 456 1946 516; x_wconf 86' lang='lat' dir='ltr'><strong>A</strong></span> <span class='ocrx_word' id='word_1_15' title='bbox 1981 455 2193 513; x_wconf 87' lang='lat' dir='ltr'><strong>videtur</strong></span> <span class='ocrx_word' id='word_1_16' title='bbox 2224 473 2344 515; x_wconf 87' lang='lat' dir='ltr'><strong>esse</strong></span> <span class='ocrx_word' id='word_1_17' title='bbox 2372 458 2630 514; x_wconf 88' lang='lat' dir='ltr'><strong>dc‘atum.</strong></span> <span class='ocrx_word' id='word_1_18' title='bbox 2683 459 2788 517; x_wconf 86' lang='lat' dir='ltr'><strong>Nos</strong></span> <span class='ocrx_word' id='word_1_19' title='bbox 2819 463 2907 532; x_wconf 85' lang='lat' dir='ltr'><strong>qui</strong></span> <span class='ocrx_word' id='word_1_20' title='bbox 2951 462 3249 518; x_wconf 71' lang='lat' dir='ltr'><strong>consulatui</strong></span> <span class='ocrx_word' id='word_1_21' title='bbox 3287 471 3378 516; x_wconf 89' lang='lat' dir='ltr'><strong>tuo</strong></span> <span class='ocrx_word' id='word_1_22' title='bbox 3425 461 3569 514; x_wconf 80' lang='lat' dir='ltr'><strong>varia</strong></span> 
     </span>
    </p>
   </div>
   <div class='ocr_carea' id='block_1_5' title="bbox 278 552 1173 612">
    <p class='ocr_par' dir='ltr' id='par_1_5' title="bbox 278 552 1173 612">
     <span class='ocr_line' id='line_1_5' title="bbox 278 552 1173 612; baseline -0.006 0"><span class='ocrx_word' id='word_1_23' title='bbox 278 560 347 612; x_wconf 86' lang='lat' dir='ltr'><strong>nit</strong></span> <span class='ocrx_word' id='word_1_24' title='bbox 371 556 409 612; x_wconf 87' lang='lat' dir='ltr'><strong>il</strong></span> <span class='ocrx_word' id='word_1_25' title='bbox 432 565 670 611; x_wconf 88' lang='lat' dir='ltr'><strong>moratus</strong></span> <span class='ocrx_word' id='word_1_26' title='bbox 694 552 984 610; x_wconf 76' lang='lat' dir='ltr'><strong>exemeris.</strong></span> <span class='ocrx_word' id='word_1_27' title='bbox 1016 552 1173 608; x_wconf 84' lang='lat' dir='ltr'><strong>Vale.</strong></span> 
     </span>
    </p>
   </div>
   <div class='ocr_carea' id='block_1_6' title="bbox 900 642 1250 699">
    <p class='ocr_par' dir='ltr' id='par_1_6' title="bbox 900 642 1250 699">
     <span class='ocr_line' id='line_1_6' title="bbox 900 642 1250 699; baseline -0.003 -1"><span class='ocrx_word' id='word_1_28' title='bbox 900 643 1120 699; x_wconf 80' lang='lat' dir='ltr'><strong>EPIST.</strong></span> <span class='ocrx_word' id='word_1_29' title='bbox 1160 642 1250 698; x_wconf 92' lang='lat' dir='ltr'><strong>CI.</strong></span> 
     </span>
    </p>
   </div>
   <div class='ocr_carea' id='block_1_7' title="bbox 777 720 1367 790">
    <p class='ocr_par' dir='ltr' id='par_1_7' title="bbox 777 720 1367 790">
     <span class='ocr_line' id='line_1_7' title="bbox 777 720 1367 790; baseline -0.002 0"><span class='ocrx_word' id='word_1_30' title='bbox 777 720 1084 790; x_wconf 69' lang='lat' dir='ltr'><strong>svuuxcuus</strong></span> <span class='ocrx_word' id='word_1_31' title='bbox 1126 748 1367 790; x_wconf 73' lang='lat' dir='ltr'><strong>susino.</strong></span> 
     </span>
    </p>
   </div>
   <div class='ocr_carea' id='block_1_8' title="bbox 353 823 1874 896">
    <p class='ocr_par' dir='ltr' id='par_1_8' title="bbox 353 823 1874 896">
     <span class='ocr_line' id='line_1_8' title="bbox 353 823 1874 896; baseline -0.005 -13"><span class='ocrx_word' id='word_1_32' title='bbox 353 829 544 896; x_wconf 86' lang='lat' dir='ltr'><strong>Video,</strong></span> <span class='ocrx_word' id='word_1_33' title='bbox 587 828 780 884; x_wconf 82' lang='lat' dir='ltr'><strong>consul</strong></span> <span class='ocrx_word' id='word_1_34' title='bbox 837 826 1194 895; x_wconf 82' lang='lat' dir='ltr'><strong>amplissime,</strong></span> <span class='ocrx_word' id='word_1_35' title='bbox 1237 834 1498 896; x_wconf 85' lang='lat' dir='ltr'><strong>quantum</strong></span> <span class='ocrx_word' id='word_1_36' title='bbox 1553 823 1681 878; x_wconf 84' lang='lat' dir='ltr'><strong>milii</strong></span> <span class='ocrx_word' id='word_1_37' title='bbox 1723 838 1874 877; x_wconf 82' lang='lat' dir='ltr'><strong>amor</strong></span> 
     </span>
    </p>
   </div>
   <div class='ocr_carea' id='block_1_9' title="bbox 283 914 1875 988">
    <p class='ocr_par' dir='ltr' id='par_1_9' title="bbox 283 914 1875 988">
     <span class='ocr_line' id='line_1_9' title="bbox 283 914 1875 988; baseline -0.009 -12"><span class='ocrx_word' id='word_1_38' title='bbox 283 936 409 978; x_wconf 88' lang='lat' dir='ltr'><strong>tuus</strong></span> <span class='ocrx_word' id='word_1_39' title='bbox 440 923 661 978; x_wconf 86' lang='lat' dir='ltr'><strong>honoris</strong></span> <span class='ocrx_word' id='word_1_40' title='bbox 690 921 954 988; x_wconf 90' lang='lat' dir='ltr'><strong>imponat.</strong></span> <span class='ocrx_word' id='word_1_41' title='bbox 988 917 1151 973; x_wconf 85' lang='lat' dir='ltr'><strong>Julres</strong></span> <span class='ocrx_word' id='word_1_42' title='bbox 1183 925 1234 970; x_wconf 91' lang='lat' dir='ltr'><strong>te</strong></span> <span class='ocrx_word' id='word_1_43' title='bbox 1257 915 1475 983; x_wconf 84' lang='lat' dir='ltr'><strong>adeam,</strong></span> <span class='ocrx_word' id='word_1_44' title='bbox 1500 925 1554 970; x_wconf 91' lang='lat' dir='ltr'><strong>et</strong></span> <span class='ocrx_word' id='word_1_45' title='bbox 1579 929 1761 970; x_wconf 88' lang='lat' dir='ltr'><strong>coram</strong></span> <span class='ocrx_word' id='word_1_46' title='bbox 1789 914 1875 967; x_wconf 75' lang='lat' dir='ltr'><strong>(Ie-</strong></span> 
     </span>
    </p>
   </div>
   <div class='ocr_carea' id='block_1_10' title="bbox 281 1007 1872 1086">
    <p class='ocr_par' dir='ltr' id='par_1_10' title="bbox 281 1007 1872 1086">
     <span class='ocr_line' id='line_1_10' title="bbox 281 1007 1872 1086; baseline -0.008 -14"><span class='ocrx_word' id='word_1_47' title='bbox 281 1018 432 1072; x_wconf 84' lang='lat' dir='ltr'><strong>l&#39;ruar</strong></span> <span class='ocrx_word' id='word_1_48' title='bbox 452 1014 799 1086; x_wconf 70' lang='lat' dir='ltr'><strong>magistratus</strong></span> <span class='ocrx_word' id='word_1_49' title='bbox 829 1011 902 1066; x_wconf 93' lang='lat' dir='ltr'><strong>tui</strong></span> <span class='ocrx_word' id='word_1_50' title='bbox 925 1008 1141 1080; x_wconf 87' lang='lat' dir='ltr'><strong>gaudio.</strong></span> <span class='ocrx_word' id='word_1_51' title='bbox 1176 1008 1292 1077; x_wconf 83' lang='lat' dir='ltr'><strong>Quo</strong></span> <span class='ocrx_word' id='word_1_52' title='bbox 1315 1019 1473 1077; x_wconf 85' lang='lat' dir='ltr'><strong>pacto</strong></span> <span class='ocrx_word' id='word_1_53' title='bbox 1503 1007 1643 1061; x_wconf 83' lang='lat' dir='ltr'><strong>istud</strong></span> <span class='ocrx_word' id='word_1_54' title='bbox 1676 1008 1872 1074; x_wconf 82' lang='lat' dir='ltr'><strong>possint</strong></span> 
     </span>
    </p>
   </div>
   <div class='ocr_carea' id='block_1_11' title="bbox 282 1099 1875 1181">
    <p class='ocr_par' dir='ltr' id='par_1_11' title="bbox 282 1099 1875 1181">
     <span class='ocr_line' id='line_1_11' title="bbox 282 1099 1875 1181; baseline -0.007 -16"><span class='ocrx_word' id='word_1_55' title='bbox 282 1125 505 1181; x_wconf 87' lang='lat' dir='ltr'><strong>negare,</strong></span> <span class='ocrx_word' id='word_1_56' title='bbox 536 1108 636 1162; x_wconf 88' lang='lat' dir='ltr'><strong>nisi</strong></span> <span class='ocrx_word' id='word_1_57' title='bbox 662 1121 722 1162; x_wconf 89' lang='lat' dir='ltr'><strong>ea</strong></span> <span class='ocrx_word' id='word_1_58' title='bbox 751 1106 1008 1173; x_wconf 71' lang='lat' dir='ltr'><strong>religione</strong></span> <span class='ocrx_word' id='word_1_59' title='bbox 1039 1103 1330 1174; x_wconf 86' lang='lat' dir='ltr'><strong>ignoveris,</strong></span> <span class='ocrx_word' id='word_1_60' title='bbox 1365 1117 1466 1170; x_wconf 89' lang='lat' dir='ltr'><strong>qua</strong></span> <span class='ocrx_word' id='word_1_61' title='bbox 1486 1101 1723 1156; x_wconf 78' lang='lat' dir='ltr'><strong>vocasti?</strong></span> <span class='ocrx_word' id='word_1_62' title='bbox 1743 1099 1875 1154; x_wconf 77' lang='lat' dir='ltr'><strong>Nam</strong></span> 
     </span>
    </p>
   </div>
   <div class='ocr_carea' id='block_1_12' title="bbox 179 1191 1878 1269">
    <p class='ocr_par' dir='ltr' id='par_1_12' title="bbox 179 1191 1878 1269">
     <span class='ocr_line' id='line_1_12' title="bbox 179 1191 1878 1269; baseline -0.005 -16"><span class='ocrx_word' id='word_1_63' title='bbox 179 1212 184 1217; x_wconf 85' lang='lat'>&#39;</span> <span class='ocrx_word' id='word_1_64' title='bbox 278 1199 412 1269; x_wconf 89' lang='lat' dir='ltr'><strong>qttid</strong></span> <span class='ocrx_word' id='word_1_65' title='bbox 433 1213 588 1268; x_wconf 86' lang='lat' dir='ltr'><strong>agam</strong></span> <span class='ocrx_word' id='word_1_66' title='bbox 619 1196 845 1251; x_wconf 71' lang='lat' dir='ltr'><strong>fortuna:</strong></span> <span class='ocrx_word' id='word_1_67' title='bbox 865 1195 1079 1260; x_wconf 90' lang='lat' dir='ltr'><strong>dubius,</strong></span> <span class='ocrx_word' id='word_1_68' title='bbox 1104 1209 1224 1248; x_wconf 91' lang='lat' dir='ltr'><strong>cum</strong></span> <span class='ocrx_word' id='word_1_69' title='bbox 1253 1195 1374 1248; x_wconf 88' lang='lat' dir='ltr'><strong>hinc</strong></span> <span class='ocrx_word' id='word_1_70' title='bbox 1396 1191 1574 1247; x_wconf 85' lang='lat' dir='ltr'><strong>invete</strong></span> <span class='ocrx_word' id='word_1_71' title='bbox 1605 1204 1696 1246; x_wconf 83' lang='lat' dir='ltr'><strong>ato</strong></span> <span class='ocrx_word' id='word_1_72' title='bbox 1721 1192 1878 1245; x_wconf 79' lang='lat' dir='ltr'><strong>obse-</strong></span> 
     </span>
    </p>
   </div>
   <div class='ocr_carea' id='block_1_13' title="bbox 280 1282 1876 1356">
    <p class='ocr_par' dir='ltr' id='par_1_13' title="bbox 280 1282 1876 1356">
     <span class='ocr_line' id='line_1_13' title="bbox 280 1282 1876 1356; baseline -0.006 -11"><span class='ocrx_word' id='word_1_73' title='bbox 280 1292 412 1356; x_wconf 88' lang='lat' dir='ltr'><strong>quio</strong></span> <span class='ocrx_word' id='word_1_74' title='bbox 433 1289 674 1353; x_wconf 86' lang='lat' dir='ltr'><strong>honoris,</strong></span> <span class='ocrx_word' id='word_1_75' title='bbox 702 1287 825 1341; x_wconf 88' lang='lat' dir='ltr'><strong>hinc</strong></span> <span class='ocrx_word' id='word_1_76' title='bbox 851 1287 992 1340; x_wconf 89' lang='lat' dir='ltr'><strong>luctu</strong></span> <span class='ocrx_word' id='word_1_77' title='bbox 1020 1284 1202 1338; x_wconf 89' lang='lat' dir='ltr'><strong>amissi</strong></span> <span class='ocrx_word' id='word_1_78' title='bbox 1229 1283 1405 1338; x_wconf 87' lang='lat' dir='ltr'><strong>fratris</strong></span> <span class='ocrx_word' id='word_1_79' title='bbox 1427 1282 1725 1352; x_wconf 83' lang='lat' dir='ltr'><strong>impediar?</strong></span> <span class='ocrx_word' id='word_1_80' title='bbox 1750 1282 1876 1336; x_wconf 72' lang='lat' dir='ltr'><strong>Dum</strong></span> 
     </span>
    </p>
   </div>
   <div class='ocr_carea' id='block_1_14' title="bbox 281 1372 1874 1447">
    <p class='ocr_par' dir='ltr' id='par_1_14' title="bbox 281 1372 1874 1447">
     <span class='ocr_line' id='line_1_14' title="bbox 281 1372 1874 1447; baseline -0.005 -12"><span class='ocrx_word' id='word_1_81' title='bbox 281 1380 416 1436; x_wconf 88' lang='lat' dir='ltr'><strong>trribi</strong></span> <span class='ocrx_word' id='word_1_82' title='bbox 458 1379 618 1435; x_wconf 81' lang='lat' dir='ltr'><strong>simul</strong></span> <span class='ocrx_word' id='word_1_83' title='bbox 657 1379 899 1447; x_wconf 85' lang='lat' dir='ltr'><strong>dispares</strong></span> <span class='ocrx_word' id='word_1_84' title='bbox 947 1390 1192 1445; x_wconf 70' lang='lat' dir='ltr'><strong>persona:</strong></span> <span class='ocrx_word' id='word_1_85' title='bbox 1237 1373 1553 1430; x_wconf 77' lang='lat' dir='ltr'><strong>olfernntnr.</strong></span> <span class='ocrx_word' id='word_1_86' title='bbox 1606 1373 1706 1440; x_wconf 89' lang='lat' dir='ltr'><strong>Qtti</strong></span> <span class='ocrx_word' id='word_1_87' title='bbox 1760 1372 1874 1428; x_wconf 86' lang='lat' dir='ltr'><strong>fieri</strong></span> 
     </span>
    </p>
   </div>
   <div class='ocr_carea' id='block_1_15' title="bbox 281 1465 1878 1544">
    <p class='ocr_par' dir='ltr' id='par_1_15' title="bbox 281 1465 1878 1544">
     <span class='ocr_line' id='line_1_15' title="bbox 281 1465 1878 1544; baseline -0.007 -16"><span class='ocrx_word' id='word_1_88' title='bbox 281 1490 318 1544; x_wconf 88' lang='lat' dir='ltr'><strong>p</strong></span> <span class='ocrx_word' id='word_1_89' title='bbox 344 1483 485 1538; x_wconf 58' lang='lat' dir='ltr'><strong>:tcst,</strong></span> <span class='ocrx_word' id='word_1_90' title='bbox 505 1485 560 1527; x_wconf 91' lang='lat' dir='ltr'><strong>ut</strong></span> <span class='ocrx_word' id='word_1_91' title='bbox 587 1487 648 1527; x_wconf 92' lang='lat' dir='ltr'><strong>os</strong></span> <span class='ocrx_word' id='word_1_92' title='bbox 671 1487 835 1524; x_wconf 91' lang='lat' dir='ltr'><strong>unum</strong></span> <span class='ocrx_word' id='word_1_93' title='bbox 859 1469 1146 1524; x_wconf 85' lang='lat' dir='ltr'><strong>contrariis</strong></span> <span class='ocrx_word' id='word_1_94' title='bbox 1169 1467 1344 1522; x_wconf 72' lang='lat' dir='ltr'><strong>allecti</strong></span> <span class='ocrx_word' id='word_1_95' title='bbox 1385 1467 1543 1521; x_wconf 89' lang='lat' dir='ltr'><strong>nibus</strong></span> <span class='ocrx_word' id='word_1_96' title='bbox 1566 1465 1878 1520; x_wconf 84' lang='lat' dir='ltr'><strong>induamus?</strong></span> 
     </span>
    </p>
   </div>
   <div class='ocr_carea' id='block_1_16' title="bbox 283 1559 1878 1634">
    <p class='ocr_par' dir='ltr' id='par_1_16' title="bbox 283 1559 1878 1634">
     <span class='ocr_line' id='line_1_16' title="bbox 283 1559 1878 1634; baseline -0.007 -11"><span class='ocrx_word' id='word_1_97' title='bbox 283 1568 521 1623; x_wconf 76' lang='lat' dir='ltr'><strong>Proinde</strong></span> <span class='ocrx_word' id='word_1_98' title='bbox 548 1565 711 1620; x_wconf 90' lang='lat' dir='ltr'><strong>animi</strong></span> <span class='ocrx_word' id='word_1_99' title='bbox 749 1579 935 1634; x_wconf 67' lang='lat' dir='ltr'><strong>aequus</strong></span> <span class='ocrx_word' id='word_1_100' title='bbox 973 1563 1133 1630; x_wconf 71' lang='lat' dir='ltr'><strong>liujus</strong></span> <span class='ocrx_word' id='word_1_101' title='bbox 1166 1562 1348 1616; x_wconf 90' lang='lat' dir='ltr'><strong>oneris</strong></span> <span class='ocrx_word' id='word_1_102' title='bbox 1397 1561 1558 1615; x_wconf 87' lang='lat' dir='ltr'><strong>facito</strong></span> <span class='ocrx_word' id='word_1_103' title='bbox 1597 1559 1723 1614; x_wconf 90' lang='lat' dir='ltr'><strong>tttilti</strong></span> <span class='ocrx_word' id='word_1_104' title='bbox 1754 1575 1878 1629; x_wconf 87' lang='lat' dir='ltr'><strong>gra-</strong></span> 
     </span>
    </p>
   </div>
   <div class='ocr_carea' id='block_1_17' title="bbox 286 1652 1880 1723">
    <p class='ocr_par' dir='ltr' id='par_1_17' title="bbox 286 1652 1880 1723">
     <span class='ocr_line' id='line_1_17' title="bbox 286 1652 1880 1723; baseline -0.006 -10"><span class='ocrx_word' id='word_1_105' title='bbox 286 1661 440 1714; x_wconf 86' lang='lat' dir='ltr'><strong>tiam.</strong></span> <span class='ocrx_word' id='word_1_106' title='bbox 477 1657 756 1714; x_wconf 80' lang='lat' dir='ltr'><strong>Fortunati</strong></span> <span class='ocrx_word' id='word_1_107' title='bbox 787 1655 972 1711; x_wconf 85' lang='lat' dir='ltr'><strong>sellam</strong></span> <span class='ocrx_word' id='word_1_108' title='bbox 1007 1664 1149 1709; x_wconf 90' lang='lat' dir='ltr'><strong>tuam</strong></span> <span class='ocrx_word' id='word_1_109' title='bbox 1175 1654 1297 1708; x_wconf 64' lang='lat' dir='ltr'><strong>Iacto</strong></span> <span class='ocrx_word' id='word_1_110' title='bbox 1317 1652 1530 1723; x_wconf 82' lang='lat' dir='ltr'><strong>agmine</strong></span> <span class='ocrx_word' id='word_1_111' title='bbox 1552 1665 1880 1722; x_wconf 80' lang='lat' dir='ltr'><strong>prose-ptan-</strong></span> 
     </span>
    </p>
   </div>
   <div class='ocr_carea' id='block_1_18' title="bbox 286 1745 1878 1821">
    <p class='ocr_par' dir='ltr' id='par_1_18' title="bbox 286 1745 1878 1821">
     <span class='ocr_line' id='line_1_18' title="bbox 286 1745 1878 1821; baseline -0.006 -14"><span class='ocrx_word' id='word_1_112' title='bbox 286 1763 397 1809; x_wconf 89' lang='lat' dir='ltr'><strong>tnr.</strong></span> <span class='ocrx_word' id='word_1_113' title='bbox 428 1751 699 1821; x_wconf 70' lang='lat' dir='ltr'><strong>Auspiciis</strong></span> <span class='ocrx_word' id='word_1_114' title='bbox 732 1750 835 1804; x_wconf 92' lang='lat' dir='ltr'><strong>tuis</strong></span> <span class='ocrx_word' id='word_1_115' title='bbox 863 1749 1036 1818; x_wconf 82' lang='lat' dir='ltr'><strong>quivis</strong></span> <span class='ocrx_word' id='word_1_116' title='bbox 1059 1747 1153 1802; x_wconf 88' lang='lat' dir='ltr'><strong>fati</strong></span> <span class='ocrx_word' id='word_1_117' title='bbox 1177 1747 1386 1816; x_wconf 78' lang='lat' dir='ltr'><strong>integer</strong></span> <span class='ocrx_word' id='word_1_118' title='bbox 1412 1745 1618 1800; x_wconf 87' lang='lat' dir='ltr'><strong>amicus</strong></span> <span class='ocrx_word' id='word_1_119' title='bbox 1649 1746 1878 1800; x_wconf 84' lang='lat' dir='ltr'><strong>intersit.</strong></span> 
     </span>
    </p>
   </div>
   <div class='ocr_carea' id='block_1_19' title="bbox 1976 555 3567 624">
    <p class='ocr_par' dir='ltr' id='par_1_19' title="bbox 1976 555 3567 624">
     <span class='ocr_line' id='line_1_19' title="bbox 1976 555 3567 624; baseline 0.001 -18"><span class='ocrx_word' id='word_1_120' title='bbox 1976 555 2330 624; x_wconf 85' lang='lat' dir='ltr'><strong>occupatione</strong></span> <span class='ocrx_word' id='word_1_121' title='bbox 2353 555 2642 622; x_wconf 82' lang='lat' dir='ltr'><strong>defuimus,</strong></span> <span class='ocrx_word' id='word_1_122' title='bbox 2667 559 2914 614; x_wconf 68' lang='lat' dir='ltr'><strong>amicitia:</strong></span> <span class='ocrx_word' id='word_1_123' title='bbox 2941 562 3142 616; x_wconf 85' lang='lat' dir='ltr'><strong>honore</strong></span> <span class='ocrx_word' id='word_1_124' title='bbox 3163 559 3336 614; x_wconf 73' lang='lat' dir='ltr'><strong>allecti</strong></span> <span class='ocrx_word' id='word_1_125' title='bbox 3363 573 3567 623; x_wconf 63' lang='lat' dir='ltr'><strong>sumus,</strong></span> 
     </span>
    </p>
   </div>
   <div class='ocr_carea' id='block_1_20' title="bbox 1977 646 3570 719">
    <p class='ocr_par' dir='ltr' id='par_1_20' title="bbox 1977 646 3570 719">
     <span class='ocr_line' id='line_1_20' title="bbox 1977 646 3570 719; baseline 0.003 -22"><span class='ocrx_word' id='word_1_126' title='bbox 1977 660 2083 698; x_wconf 88' lang='lat' dir='ltr'><strong>non</strong></span> <span class='ocrx_word' id='word_1_127' title='bbox 2129 646 2379 701; x_wconf 87' lang='lat' dir='ltr'><strong>mercede</strong></span> <span class='ocrx_word' id='word_1_128' title='bbox 2421 648 2744 715; x_wconf 66' lang='lat' dir='ltr'><strong>praesentiae.</strong></span> <span class='ocrx_word' id='word_1_129' title='bbox 2789 648 2904 719; x_wconf 84' lang='lat' dir='ltr'><strong>Ago</strong></span> <span class='ocrx_word' id='word_1_130' title='bbox 2956 650 3116 719; x_wconf 79' lang='lat' dir='ltr'><strong>igitur</strong></span> <span class='ocrx_word' id='word_1_131' title='bbox 3169 649 3260 705; x_wconf 88' lang='lat' dir='ltr'><strong>tibi</strong></span> <span class='ocrx_word' id='word_1_132' title='bbox 3300 649 3570 702; x_wconf 84' lang='lat' dir='ltr'><strong>oblatione</strong></span> 
     </span>
    </p>
   </div>
   <div class='ocr_carea' id='block_1_21' title="bbox 1975 737 3566 809">
    <p class='ocr_par' dir='ltr' id='par_1_21' title="bbox 1975 737 3566 809">
     <span class='ocr_line' id='line_1_21' title="bbox 1975 737 3566 809; baseline 0.002 -20"><span class='ocrx_word' id='word_1_133' title='bbox 1975 737 2242 791; x_wconf 80' lang='lat' dir='ltr'><strong>consulari</strong></span> <span class='ocrx_word' id='word_1_134' title='bbox 2275 739 2477 808; x_wconf 73' lang='lat' dir='ltr'><strong>gratias</strong></span> <span class='ocrx_word' id='word_1_135' title='bbox 2506 739 2719 805; x_wconf 79' lang='lat' dir='ltr'><strong>uberes,</strong></span> <span class='ocrx_word' id='word_1_136' title='bbox 2763 741 2856 796; x_wconf 90' lang='lat' dir='ltr'><strong>sed</strong></span> <span class='ocrx_word' id='word_1_137' title='bbox 2907 743 3042 795; x_wconf 76' lang='lat' dir='ltr'><strong>bona</strong></span> <span class='ocrx_word' id='word_1_138' title='bbox 3091 756 3270 797; x_wconf 84' lang='lat' dir='ltr'><strong>mente</strong></span> <span class='ocrx_word' id='word_1_139' title='bbox 3315 741 3566 809; x_wconf 83' lang='lat' dir='ltr'><strong>majores.</strong></span> 
     </span>
    </p>
   </div>
   <div class='ocr_carea' id='block_1_22' title="bbox 1982 826 3567 902">
    <p class='ocr_par' dir='ltr' id='par_1_22' title="bbox 1982 826 3567 902">
     <span class='ocr_line' id='line_1_22' title="bbox 1982 826 3567 902; baseline 0.004 -23"><span class='ocrx_word' id='word_1_140' title='bbox 1982 826 2048 880; x_wconf 90' lang='lat' dir='ltr'><strong>Et</strong></span> <span class='ocrx_word' id='word_1_141' title='bbox 2078 826 2180 881; x_wconf 83' lang='lat' dir='ltr'><strong>nisi</strong></span> <span class='ocrx_word' id='word_1_142' title='bbox 2209 829 2534 884; x_wconf 82' lang='lat' dir='ltr'><strong>verecundia</strong></span> <span class='ocrx_word' id='word_1_143' title='bbox 2573 841 2658 885; x_wconf 90' lang='lat' dir='ltr'><strong>tua</strong></span> <span class='ocrx_word' id='word_1_144' title='bbox 2686 833 2864 886; x_wconf 81' lang='lat' dir='ltr'><strong>verbis</strong></span> <span class='ocrx_word' id='word_1_145' title='bbox 2897 835 3028 888; x_wconf 83' lang='lat' dir='ltr'><strong>meis</strong></span> <span class='ocrx_word' id='word_1_146' title='bbox 3056 843 3280 902; x_wconf 81' lang='lat' dir='ltr'><strong>poneret</strong></span> <span class='ocrx_word' id='word_1_147' title='bbox 3327 833 3567 894; x_wconf 86' lang='lat' dir='ltr'><strong>modum,</strong></span> 
     </span>
    </p>
   </div>
   <div class='ocr_carea' id='block_1_23' title="bbox 1979 919 3570 996">
    <p class='ocr_par' dir='ltr' id='par_1_23' title="bbox 1979 919 3570 996">
     <span class='ocr_line' id='line_1_23' title="bbox 1979 919 3570 996; baseline 0.004 -23"><span class='ocrx_word' id='word_1_148' title='bbox 1979 919 2138 973; x_wconf 90' lang='lat' dir='ltr'><strong>latius</strong></span> <span class='ocrx_word' id='word_1_149' title='bbox 2176 935 2454 990; x_wconf 88' lang='lat' dir='ltr'><strong>evagarer.</strong></span> <span class='ocrx_word' id='word_1_150' title='bbox 2502 924 2676 992; x_wconf 82' lang='lat' dir='ltr'><strong>Atque</strong></span> <span class='ocrx_word' id='word_1_151' title='bbox 2726 924 2846 980; x_wconf 86' lang='lat' dir='ltr'><strong>ideo</strong></span> <span class='ocrx_word' id='word_1_152' title='bbox 2894 941 3076 981; x_wconf 82' lang='lat' dir='ltr'><strong>sermo</strong></span> <span class='ocrx_word' id='word_1_153' title='bbox 3116 928 3328 982; x_wconf 75' lang='lat' dir='ltr'><strong>interim</strong></span> <span class='ocrx_word' id='word_1_154' title='bbox 3379 940 3570 996; x_wconf 87' lang='lat' dir='ltr'><strong>parcus</strong></span> 
     </span>
    </p>
   </div>
   <div class='ocr_carea' id='block_1_24' title="bbox 1977 1009 3046 1082">
    <p class='ocr_par' dir='ltr' id='par_1_24' title="bbox 1977 1009 3046 1082">
     <span class='ocr_line' id='line_1_24' title="bbox 1977 1009 3046 1082; baseline 0.006 -17"><span class='ocrx_word' id='word_1_155' title='bbox 1977 1009 2102 1076; x_wconf 88' lang='lat' dir='ltr'><strong>erit,</strong></span> <span class='ocrx_word' id='word_1_156' title='bbox 2134 1011 2393 1067; x_wconf 86' lang='lat' dir='ltr'><strong>memoria</strong></span> <span class='ocrx_word' id='word_1_157' title='bbox 2429 1028 2557 1068; x_wconf 90' lang='lat' dir='ltr'><strong>vero</strong></span> <span class='ocrx_word' id='word_1_158' title='bbox 2587 1015 2862 1082; x_wconf 78' lang='lat' dir='ltr'><strong>prolixior.</strong></span> <span class='ocrx_word' id='word_1_159' title='bbox 2900 1016 3046 1071; x_wconf 93' lang='lat' dir='ltr'><strong>Vale.</strong></span> 
     </span>
    </p>
   </div>
   <div class='ocr_carea' id='block_1_25' title="bbox 2581 1105 2963 1161">
    <p class='ocr_par' dir='ltr' id='par_1_25' title="bbox 2581 1105 2963 1161">
     <span class='ocr_line' id='line_1_25' title="bbox 2581 1105 2963 1161; baseline 0 -1"><span class='ocrx_word' id='word_1_160' title='bbox 2581 1105 2796 1161; x_wconf 81' lang='lat' dir='ltr'><strong>EPIST.</strong></span> <span class='ocrx_word' id='word_1_161' title='bbox 2834 1108 2963 1161; x_wconf 77' lang='lat' dir='ltr'><strong>(ZIV.</strong></span> 
     </span>
    </p>
   </div>
   <div class='ocr_carea' id='block_1_26' title="bbox 2479 1213 3071 1260">
    <p class='ocr_par' dir='ltr' id='par_1_26' title="bbox 2479 1213 3071 1260">
     <span class='ocr_line' id='line_1_26' title="bbox 2479 1213 3071 1260; baseline 0 -6"><span class='ocrx_word' id='word_1_162' title='bbox 2479 1213 2791 1260; x_wconf 69' lang='lat' dir='ltr'><strong>BYIINACIIUS</strong></span> <span class='ocrx_word' id='word_1_163' title='bbox 2834 1215 3071 1255; x_wconf 72' lang='lat' dir='ltr'><strong>SYACRIO.</strong></span> 
     </span>
    </p>
   </div>
   <div class='ocr_carea' id='block_1_27' title="bbox 2050 1287 3569 1362">
    <p class='ocr_par' dir='ltr' id='par_1_27' title="bbox 2050 1287 3569 1362">
     <span class='ocr_line' id='line_1_27' title="bbox 2050 1287 3569 1362; baseline 0.002 -18"><span class='ocrx_word' id='word_1_164' title='bbox 2050 1287 2180 1345; x_wconf 71' lang='lat' dir='ltr'><strong>Tua:</strong></span> <span class='ocrx_word' id='word_1_165' title='bbox 2209 1290 2425 1360; x_wconf 89' lang='lat' dir='ltr'><strong>quidem</strong></span> <span class='ocrx_word' id='word_1_166' title='bbox 2451 1291 2666 1345; x_wconf 87' lang='lat' dir='ltr'><strong>virtutis</strong></span> <span class='ocrx_word' id='word_1_167' title='bbox 2695 1301 2802 1354; x_wconf 85' lang='lat' dir='ltr'><strong>est.</strong></span> <span class='ocrx_word' id='word_1_168' title='bbox 2838 1307 3024 1346; x_wconf 89' lang='lat' dir='ltr'><strong>omnes</strong></span> <span class='ocrx_word' id='word_1_169' title='bbox 3061 1294 3148 1362; x_wconf 89' lang='lat' dir='ltr'><strong>qui</strong></span> <span class='ocrx_word' id='word_1_170' title='bbox 3187 1291 3438 1347; x_wconf 62' lang='lat' dir='ltr'><strong>Palatinis</strong></span> <span class='ocrx_word' id='word_1_171' title='bbox 3475 1291 3569 1346; x_wconf 85' lang='lat' dir='ltr'><strong>sti-</strong></span> 
     </span>
    </p>
   </div>
   <div class='ocr_carea' id='block_1_28' title="bbox 1981 1380 3569 1453">
    <p class='ocr_par' dir='ltr' id='par_1_28' title="bbox 1981 1380 3569 1453">
     <span class='ocr_line' id='line_1_28' title="bbox 1981 1380 3569 1453; baseline 0.001 -19"><span class='ocrx_word' id='word_1_172' title='bbox 1981 1380 2190 1448; x_wconf 88' lang='lat' dir='ltr'><strong>pendiis</strong></span> <span class='ocrx_word' id='word_1_173' title='bbox 2219 1381 2545 1447; x_wconf 86' lang='lat' dir='ltr'><strong>euitescunt,</strong></span> <span class='ocrx_word' id='word_1_174' title='bbox 2581 1381 2772 1450; x_wconf 87' lang='lat' dir='ltr'><strong>jnvare</strong></span> <span class='ocrx_word' id='word_1_175' title='bbox 2809 1384 3084 1453; x_wconf 65' lang='lat' dir='ltr'><strong>praisidio.</strong></span> <span class='ocrx_word' id='word_1_176' title='bbox 3128 1385 3232 1439; x_wconf 88' lang='lat' dir='ltr'><strong>Sed</strong></span> <span class='ocrx_word' id='word_1_177' title='bbox 3268 1384 3516 1452; x_wconf 90' lang='lat' dir='ltr'><strong>specialis</strong></span> <span class='ocrx_word' id='word_1_178' title='bbox 3542 1399 3569 1435; x_wconf 91' lang='lat' dir='ltr'><strong>a</strong></span> 
     </span>
    </p>
   </div>
   <div class='ocr_carea' id='block_1_29' title="bbox 1983 1473 3570 1550">
    <p class='ocr_par' dir='ltr' id='par_1_29' title="bbox 1983 1473 3570 1550">
     <span class='ocr_line' id='line_1_29' title="bbox 1983 1473 3570 1550; baseline 0.001 -24"><span class='ocrx_word' id='word_1_179' title='bbox 1983 1486 2069 1527; x_wconf 88' lang='lat' dir='ltr'><strong>me</strong></span> <span class='ocrx_word' id='word_1_180' title='bbox 2097 1473 2214 1528; x_wconf 90' lang='lat' dir='ltr'><strong>viro</strong></span> <span class='ocrx_word' id='word_1_181' title='bbox 2239 1474 2443 1544; x_wconf 91' lang='lat' dir='ltr'><strong>optimo</strong></span> <span class='ocrx_word' id='word_1_182' title='bbox 2466 1473 2711 1550; x_wconf 66' lang='lat' dir='ltr'><strong>Bnmano</strong></span> <span class='ocrx_word' id='word_1_183' title='bbox 2743 1489 2868 1528; x_wconf 89' lang='lat' dir='ltr'><strong>cura</strong></span> <span class='ocrx_word' id='word_1_184' title='bbox 2901 1475 3146 1538; x_wconf 81' lang='lat' dir='ltr'><strong>debetur,</strong></span> <span class='ocrx_word' id='word_1_185' title='bbox 3179 1476 3426 1528; x_wconf 77' lang='lat' dir='ltr'><strong>amicitite</strong></span> <span class='ocrx_word' id='word_1_186' title='bbox 3448 1490 3536 1542; x_wconf 86' lang='lat' dir='ltr'><strong>gra</strong></span> <span class='ocrx_word' id='word_1_187' title='bbox 3555 1503 3570 1514; x_wconf 68' lang='grc' dir='ltr'><strong>ε</strong></span> 
     </span>
    </p>
   </div>
   <div class='ocr_carea' id='block_1_30' title="bbox 1983 1565 3573 1634">
    <p class='ocr_par' dir='ltr' id='par_1_30' title="bbox 1983 1565 3573 1634">
     <span class='ocr_line' id='line_1_30' title="bbox 1983 1565 3573 1634; baseline -0.001 -15"><span class='ocrx_word' id='word_1_188' title='bbox 1983 1565 2078 1628; x_wconf 89' lang='lat' dir='ltr'><strong>tia,</strong></span> <span class='ocrx_word' id='word_1_189' title='bbox 2118 1580 2238 1634; x_wconf 69' lang='lat' dir='ltr'><strong>qua:</strong></span> <span class='ocrx_word' id='word_1_190' title='bbox 2280 1567 2420 1621; x_wconf 90' lang='lat' dir='ltr'><strong>inter</strong></span> <span class='ocrx_word' id='word_1_191' title='bbox 2458 1580 2556 1620; x_wconf 87' lang='lat' dir='ltr'><strong>nos</strong></span> <span class='ocrx_word' id='word_1_192' title='bbox 2600 1566 2756 1634; x_wconf 81' lang='lat' dir='ltr'><strong>longa</strong></span> <span class='ocrx_word' id='word_1_193' title='bbox 2806 1567 3037 1621; x_wconf 77' lang='lat' dir='ltr'><strong>adolevit</strong></span> <span class='ocrx_word' id='word_1_194' title='bbox 3089 1577 3267 1622; x_wconf 66' lang='lat' dir='ltr'><strong>aetate.</strong></span> <span class='ocrx_word' id='word_1_195' title='bbox 3307 1566 3484 1633; x_wconf 81' lang='lat' dir='ltr'><strong>Quare</strong></span> <span class='ocrx_word' id='word_1_196' title='bbox 3531 1566 3573 1618; x_wconf 84' lang='lat' dir='ltr'><strong>si</strong></span> 
     </span>
    </p>
   </div>
   <div class='ocr_carea' id='block_1_31' title="bbox 1982 1658 3572 1729">
    <p class='ocr_par' dir='ltr' id='par_1_31' title="bbox 1982 1658 3572 1729">
     <span class='ocr_line' id='line_1_31' title="bbox 1982 1658 3572 1729; baseline 0 -18"><span class='ocrx_word' id='word_1_197' title='bbox 1982 1658 2111 1729; x_wconf 88' lang='lat' dir='ltr'><strong>quid</strong></span> <span class='ocrx_word' id='word_1_198' title='bbox 2153 1660 2461 1714; x_wconf 79' lang='lat' dir='ltr'><strong>testimon&#39;o</strong></span> <span class='ocrx_word' id='word_1_199' title='bbox 2493 1674 2613 1714; x_wconf 90' lang='lat' dir='ltr'><strong>meo</strong></span> <span class='ocrx_word' id='word_1_200' title='bbox 2657 1659 2871 1724; x_wconf 78' lang='lat' dir='ltr'><strong>tribuis,</strong></span> <span class='ocrx_word' id='word_1_201' title='bbox 2913 1660 3037 1714; x_wconf 90' lang='lat' dir='ltr'><strong>nolo</strong></span> <span class='ocrx_word' id='word_1_202' title='bbox 3078 1660 3312 1729; x_wconf 79' lang='lat' dir='ltr'><strong>dubites,</strong></span> <span class='ocrx_word' id='word_1_203' title='bbox 3355 1661 3572 1726; x_wconf 70' lang='lat' dir='ltr'><strong>tlzgntttn</strong></span> 
     </span>
    </p>
   </div>
   <div class='ocr_carea' id='block_1_32' title="bbox 1983 1728 3574 1821">
    <p class='ocr_par' dir='ltr' id='par_1_32' title="bbox 1983 1728 3574 1821">
     <span class='ocr_line' id='line_1_32' title="bbox 1983 1728 3574 1821; baseline 0 -15"><span class='ocrx_word' id='word_1_204' title='bbox 1983 1766 2126 1816; x_wconf 85' lang='lat' dir='ltr'><strong>esse,</strong></span> <span class='ocrx_word' id='word_1_205' title='bbox 2157 1766 2317 1820; x_wconf 88' lang='lat' dir='ltr'><strong>quem</strong></span> <span class='ocrx_word' id='word_1_206' title='bbox 2347 1750 2552 1821; x_wconf 80' lang='lat' dir='ltr'><strong>diligas.</strong></span> <span class='ocrx_word' id='word_1_207' title='bbox 2584 1762 2638 1804; x_wconf 93' lang='lat' dir='ltr'><strong>et</strong></span> <span class='ocrx_word' id='word_1_208' title='bbox 2666 1769 2822 1820; x_wconf 77' lang='lat' dir='ltr'><strong>quem</strong></span> <span class='ocrx_word' id='word_1_209' title='bbox 2853 1753 3108 1806; x_wconf 88' lang='lat' dir='ltr'><strong>maximis</strong></span> <span class='ocrx_word' id='word_1_210' title='bbox 3145 1728 3336 1806; x_wconf 80' lang='lat' dir='ltr'><strong>ofliciis</strong></span> <span class='ocrx_word' id='word_1_211' title='bbox 3385 1767 3574 1806; x_wconf 83' lang='lat' dir='ltr'><strong>tttnne-</strong></span> 
     </span>
    </p>
   </div>
   <div class='ocr_carea' id='block_1_33' title="bbox 286 1829 3574 1912">
    <p class='ocr_par' dir='ltr' id='par_1_33' title="bbox 286 1829 3574 1912">
     <span class='ocr_line' id='line_1_33' title="bbox 286 1829 3574 1912; baseline -0.001 -14"><span class='ocrx_word' id='word_1_212' title='bbox 286 1847 370 1903; x_wconf 72' lang='lat' dir='ltr'><strong>ne</strong></span> <span class='ocrx_word' id='word_1_213' title='bbox 394 1845 558 1900; x_wconf 79' lang='lat' dir='ltr'><strong>sinito</strong></span> <span class='ocrx_word' id='word_1_214' title='bbox 580 1841 793 1898; x_wconf 89' lang='lat' dir='ltr'><strong>interim</strong></span> <span class='ocrx_word' id='word_1_215' title='bbox 817 1850 1056 1912; x_wconf 90' lang='lat' dir='ltr'><strong>tempore</strong></span> <span class='ocrx_word' id='word_1_216' title='bbox 1078 1849 1170 1894; x_wconf 85' lang='lat' dir='ltr'><strong>aut</strong></span> <span class='ocrx_word' id='word_1_217' title='bbox 1198 1840 1407 1892; x_wconf 80' lang='lat' dir='ltr'><strong>ratione</strong></span> <span class='ocrx_word' id='word_1_218' title='bbox 1433 1836 1738 1906; x_wconf 83' lang='lat' dir='ltr'><strong>decoquere</strong></span> <span class='ocrx_word' id='word_1_219' title='bbox 1759 1853 1878 1891; x_wconf 71' lang='lat' dir='ltr'><strong>crtt-</strong></span> <span class='ocrx_word' id='word_1_220' title='bbox 1910 1829 1958 1888; x_wconf 85' lang='grc' dir='ltr'><strong>Β</strong></span> <span class='ocrx_word' id='word_1_221' title='bbox 1984 1856 2092 1898; x_wconf 89' lang='lat' dir='ltr'><strong>res.</strong></span> <span class='ocrx_word' id='word_1_222' title='bbox 2117 1841 2279 1898; x_wconf 87' lang='lat' dir='ltr'><strong>Certe</strong></span> <span class='ocrx_word' id='word_1_223' title='bbox 2309 1843 2353 1897; x_wconf 91' lang='lat' dir='ltr'><strong>si</strong></span> <span class='ocrx_word' id='word_1_224' title='bbox 2381 1858 2606 1898; x_wconf 90' lang='lat' dir='ltr'><strong>examen</strong></span> <span class='ocrx_word' id='word_1_225' title='bbox 2631 1843 2697 1898; x_wconf 91' lang='lat' dir='ltr'><strong>de</strong></span> <span class='ocrx_word' id='word_1_226' title='bbox 2719 1858 2784 1897; x_wconf 89' lang='lat' dir='ltr'><strong>eo</strong></span> <span class='ocrx_word' id='word_1_227' title='bbox 2809 1843 3008 1899; x_wconf 85' lang='lat' dir='ltr'><strong>habere</strong></span> <span class='ocrx_word' id='word_1_228' title='bbox 3037 1843 3301 1912; x_wconf 79' lang='lat' dir='ltr'><strong>digneris;</strong></span> <span class='ocrx_word' id='word_1_229' title='bbox 3342 1859 3574 1910; x_wconf 88' lang='lat' dir='ltr'><strong>pronun-</strong></span> 
     </span>
    </p>
   </div>
   <div class='ocr_carea' id='block_1_34' title="bbox 286 1929 1902 2002">
    <p class='ocr_par' dir='ltr' id='par_1_34' title="bbox 286 1929 1902 2002">
     <span class='ocr_line' id='line_1_34' title="bbox 286 1929 1902 2002; baseline -0.006 -10"><span class='ocrx_word' id='word_1_230' title='bbox 286 1939 415 1992; x_wconf 75' lang='lat' dir='ltr'><strong>(I-tm</strong></span> <span class='ocrx_word' id='word_1_231' title='bbox 448 1937 535 1990; x_wconf 90' lang='lat' dir='ltr'><strong>dol</strong></span> <span class='ocrx_word' id='word_1_232' title='bbox 561 1950 713 1990; x_wconf 61' lang='lat' dir='ltr'><strong>vrem.</strong></span> <span class='ocrx_word' id='word_1_233' title='bbox 744 1933 905 2000; x_wconf 84' lang='lat' dir='ltr'><strong>Quid,</strong></span> <span class='ocrx_word' id='word_1_234' title='bbox 951 1931 1092 2002; x_wconf 91' lang='lat' dir='ltr'><strong>quod</strong></span> <span class='ocrx_word' id='word_1_235' title='bbox 1136 1930 1298 1986; x_wconf 88' lang='lat' dir='ltr'><strong>etiam</strong></span> <span class='ocrx_word' id='word_1_236' title='bbox 1355 1938 1605 2000; x_wconf 89' lang='lat' dir='ltr'><strong>parentes</strong></span> <span class='ocrx_word' id='word_1_237' title='bbox 1653 1930 1780 1984; x_wconf 88' lang='lat' dir='ltr'><strong>milti</strong></span> <span class='ocrx_word' id='word_1_238' title='bbox 1822 1929 1902 1983; x_wconf 79' lang='lat' dir='ltr'><strong>in&#39;</strong></span> 
     </span>
    </p>
   </div>
   <div class='ocr_carea' id='block_1_35' title="bbox 288 2024 1882 2094">
    <p class='ocr_par' dir='ltr' id='par_1_35' title="bbox 288 2024 1882 2094">
     <span class='ocr_line' id='line_1_35' title="bbox 288 2024 1882 2094; baseline -0.006 -11"><span class='ocrx_word' id='word_1_239' title='bbox 288 2027 562 2083; x_wconf 82' lang='lat' dir='ltr'><strong>communi</strong></span> <span class='ocrx_word' id='word_1_240' title='bbox 591 2041 824 2082; x_wconf 75' lang='lat' dir='ltr'><strong>mmrore</strong></span> <span class='ocrx_word' id='word_1_241' title='bbox 855 2024 1066 2080; x_wconf 83' lang='lat' dir='ltr'><strong>solandi</strong></span> <span class='ocrx_word' id='word_1_242' title='bbox 1093 2025 1254 2078; x_wconf 83' lang='lat' dir='ltr'><strong>sunt?</strong></span> <span class='ocrx_word' id='word_1_243' title='bbox 1279 2038 1508 2094; x_wconf 90' lang='lat' dir='ltr'><strong>quorum</strong></span> <span class='ocrx_word' id='word_1_244' title='bbox 1530 2037 1768 2076; x_wconf 63' lang='lat' dir='ltr'><strong>atrumna</strong></span> <span class='ocrx_word' id='word_1_245' title='bbox 1790 2037 1882 2092; x_wconf 86' lang='lat' dir='ltr'><strong>ge-</strong></span> 
     </span>
    </p>
   </div>
   <div class='ocr_carea' id='block_1_36' title="bbox 291 2115 1882 2186">
    <p class='ocr_par' dir='ltr' id='par_1_36' title="bbox 291 2115 1882 2186">
     <span class='ocr_line' id='line_1_36' title="bbox 291 2115 1882 2186; baseline -0.005 -9"><span class='ocrx_word' id='word_1_246' title='bbox 291 2122 601 2184; x_wconf 84' lang='lat' dir='ltr'><strong>minabitur,</strong></span> <span class='ocrx_word' id='word_1_247' title='bbox 622 2119 666 2174; x_wconf 89' lang='lat' dir='ltr'><strong>si</strong></span> <span class='ocrx_word' id='word_1_248' title='bbox 690 2118 791 2172; x_wconf 89' lang='lat' dir='ltr'><strong>illis</strong></span> <span class='ocrx_word' id='word_1_249' title='bbox 810 2125 918 2171; x_wconf 87' lang='lat' dir='ltr'><strong>tam</strong></span> <span class='ocrx_word' id='word_1_250' title='bbox 944 2117 1242 2172; x_wconf 75' lang='lat' dir='ltr'><strong>immatura:</strong></span> <span class='ocrx_word' id='word_1_251' title='bbox 1272 2115 1717 2186; x_wconf 82' lang='lat' dir='ltr'><strong>peregrinationis</strong></span> <span class='ocrx_word' id='word_1_252' title='bbox 1748 2129 1882 2169; x_wconf 76' lang='lat' dir='ltr'><strong>mea:</strong></span> 
     </span>
    </p>
   </div>
   <div class='ocr_carea' id='block_1_37' title="bbox 291 2205 1883 2280">
    <p class='ocr_par' dir='ltr' id='par_1_37' title="bbox 291 2205 1883 2280">
     <span class='ocr_line' id='line_1_37' title="bbox 291 2205 1883 2280; baseline -0.003 -16"><span class='ocrx_word' id='word_1_253' title='bbox 291 2226 416 2264; x_wconf 84' lang='lat' dir='ltr'><strong>cura</strong></span> <span class='ocrx_word' id='word_1_254' title='bbox 447 2209 721 2280; x_wconf 87' lang='lat' dir='ltr'><strong>jungatur.</strong></span> <span class='ocrx_word' id='word_1_255' title='bbox 754 2207 884 2263; x_wconf 83' lang='lat' dir='ltr'><strong>Esto</strong></span> <span class='ocrx_word' id='word_1_256' title='bbox 899 2207 1058 2279; x_wconf 86' lang='lat' dir='ltr'><strong>igitur</strong></span> <span class='ocrx_word' id='word_1_257' title='bbox 1084 2215 1363 2276; x_wconf 80' lang='lat' dir='ltr'><strong>promptus</strong></span> <span class='ocrx_word' id='word_1_258' title='bbox 1381 2206 1448 2261; x_wconf 91' lang='lat' dir='ltr'><strong>ad</strong></span> <span class='ocrx_word' id='word_1_259' title='bbox 1476 2205 1706 2260; x_wconf 82' lang='lat' dir='ltr'><strong>veniam.</strong></span> <span class='ocrx_word' id='word_1_260' title='bbox 1725 2206 1883 2260; x_wconf 83' lang='lat' dir='ltr'><strong>Certe</strong></span> 
     </span>
    </p>
   </div>
   <div class='ocr_carea' id='block_1_38' title="bbox 289 2297 1881 2372">
    <p class='ocr_par' dir='ltr' id='par_1_38' title="bbox 289 2297 1881 2372">
     <span class='ocr_line' id='line_1_38' title="bbox 289 2297 1881 2372; baseline -0.003 -15"><span class='ocrx_word' id='word_1_261' title='bbox 289 2304 336 2357; x_wconf 79' lang='lat' dir='ltr'><strong>si</strong></span> <span class='ocrx_word' id='word_1_262' title='bbox 375 2312 534 2372; x_wconf 88' lang='lat' dir='ltr'><strong>putas</strong></span> <span class='ocrx_word' id='word_1_263' title='bbox 569 2300 923 2372; x_wconf 82' lang='lat' dir='ltr'><strong>arguentium,</strong></span> <span class='ocrx_word' id='word_1_264' title='bbox 962 2299 1102 2370; x_wconf 88' lang='lat' dir='ltr'><strong>quod</strong></span> <span class='ocrx_word' id='word_1_265' title='bbox 1142 2297 1404 2366; x_wconf 84' lang='lat' dir='ltr'><strong>desimus,</strong></span> <span class='ocrx_word' id='word_1_266' title='bbox 1459 2299 1688 2353; x_wconf 67' lang='lat' dir='ltr'><strong>fortuna:</strong></span> <span class='ocrx_word' id='word_1_267' title='bbox 1747 2312 1881 2354; x_wconf 70' lang='lat' dir='ltr'><strong>mea:</strong></span> 
     </span>
    </p>
   </div>
   <div class='ocr_carea' id='block_1_39' title="bbox 292 2391 1886 2463">
    <p class='ocr_par' dir='ltr' id='par_1_39' title="bbox 292 2391 1886 2463">
     <span class='ocr_line' id='line_1_39' title="bbox 292 2391 1886 2463; baseline -0.001 -17"><span class='ocrx_word' id='word_1_268' title='bbox 292 2395 475 2463; x_wconf 82' lang='lat' dir='ltr'><strong>potius</strong></span> <span class='ocrx_word' id='word_1_269' title='bbox 504 2393 759 2447; x_wconf 85' lang='lat' dir='ltr'><strong>irascere.</strong></span> <span class='ocrx_word' id='word_1_270' title='bbox 791 2392 888 2446; x_wconf 87' lang='lat' dir='ltr'><strong>Illa</strong></span> <span class='ocrx_word' id='word_1_271' title='bbox 931 2391 1116 2461; x_wconf 87' lang='lat' dir='ltr'><strong>injecit</strong></span> <span class='ocrx_word' id='word_1_272' title='bbox 1152 2405 1390 2455; x_wconf 88' lang='lat' dir='ltr'><strong>manum,</strong></span> <span class='ocrx_word' id='word_1_273' title='bbox 1433 2391 1520 2444; x_wconf 88' lang='lat' dir='ltr'><strong>illa</strong></span> <span class='ocrx_word' id='word_1_274' title='bbox 1552 2391 1775 2444; x_wconf 84' lang='lat' dir='ltr'><strong>invitum</strong></span> <span class='ocrx_word' id='word_1_275' title='bbox 1806 2405 1886 2445; x_wconf 91' lang='lat' dir='ltr'><strong>re-</strong></span> 
     </span>
    </p>
   </div>
   <div class='ocr_carea' id='block_1_40' title="bbox 291 2481 1886 2551">
    <p class='ocr_par' dir='ltr' id='par_1_40' title="bbox 291 2481 1886 2551">
     <span class='ocr_line' id='line_1_40' title="bbox 291 2481 1886 2551; baseline -0.003 -13"><span class='ocrx_word' id='word_1_276' title='bbox 291 2486 483 2539; x_wconf 79' lang='lat' dir='ltr'><strong>traxit.</strong></span> <span class='ocrx_word' id='word_1_277' title='bbox 511 2483 587 2540; x_wconf 87' lang='lat' dir='ltr'><strong>Ita</strong></span> <span class='ocrx_word' id='word_1_278' title='bbox 615 2483 708 2538; x_wconf 89' lang='lat' dir='ltr'><strong>tibi</strong></span> <span class='ocrx_word' id='word_1_279' title='bbox 738 2497 844 2538; x_wconf 90' lang='lat' dir='ltr'><strong>non</strong></span> <span class='ocrx_word' id='word_1_280' title='bbox 875 2483 1219 2551; x_wconf 86' lang='lat' dir='ltr'><strong>persuadeat,</strong></span> <span class='ocrx_word' id='word_1_281' title='bbox 1247 2490 1306 2535; x_wconf 89' lang='lat' dir='ltr'><strong>ut</strong></span> <span class='ocrx_word' id='word_1_282' title='bbox 1333 2491 1416 2536; x_wconf 89' lang='lat' dir='ltr'><strong>est</strong></span> <span class='ocrx_word' id='word_1_283' title='bbox 1440 2481 1628 2538; x_wconf 88' lang='lat' dir='ltr'><strong>eadem</strong></span> <span class='ocrx_word' id='word_1_284' title='bbox 1653 2482 1750 2537; x_wconf 87' lang='lat' dir='ltr'><strong>dea</strong></span> <span class='ocrx_word' id='word_1_285' title='bbox 1788 2482 1886 2534; x_wconf 88' lang='lat' dir='ltr'><strong>im-</strong></span> 
     </span>
    </p>
   </div>
   <div class='ocr_carea' id='block_1_41' title="bbox 293 2571 1386 2644">
    <p class='ocr_par' dir='ltr' id='par_1_41' title="bbox 293 2571 1386 2644">
     <span class='ocr_line' id='line_1_41' title="bbox 293 2571 1386 2644; baseline -0.003 -16"><span class='ocrx_word' id='word_1_286' title='bbox 293 2585 513 2644; x_wconf 80' lang='lat' dir='ltr'><strong>potens,</strong></span> <span class='ocrx_word' id='word_1_287' title='bbox 543 2589 632 2630; x_wconf 88' lang='lat' dir='ltr'><strong>me</strong></span> <span class='ocrx_word' id='word_1_288' title='bbox 653 2572 888 2628; x_wconf 88' lang='lat' dir='ltr'><strong>uoluisse</strong></span> <span class='ocrx_word' id='word_1_289' title='bbox 917 2571 1206 2643; x_wconf 80' lang='lat' dir='ltr'><strong>proﬁcisci.</strong></span> <span class='ocrx_word' id='word_1_290' title='bbox 1237 2571 1386 2626; x_wconf 83' lang='lat' dir='ltr'><strong>Vale.</strong></span> 
     </span>
    </p>
   </div>
   <div class='ocr_carea' id='block_1_42' title="bbox 916 2684 1288 2742">
    <p class='ocr_par' dir='ltr' id='par_1_42' title="bbox 916 2684 1288 2742">
     <span class='ocr_line' id='line_1_42' title="bbox 916 2684 1288 2742; baseline 0 0"><span class='ocrx_word' id='word_1_291' title='bbox 916 2685 1138 2742; x_wconf 79' lang='lat' dir='ltr'><strong>EPIST.</strong></span> <span class='ocrx_word' id='word_1_292' title='bbox 1177 2684 1288 2742; x_wconf 86' lang='lat' dir='ltr'><strong>Cll.</strong></span> 
     </span>
    </p>
   </div>
   <div class='ocr_carea' id='block_1_43' title="bbox 792 2790 1751 2838">
    <p class='ocr_par' dir='ltr' id='par_1_43' title="bbox 792 2790 1751 2838">
     <span class='ocr_line' id='line_1_43' title="bbox 792 2790 1751 2838; baseline 0.008 -8"><span class='ocrx_word' id='word_1_293' title='bbox 792 2790 1096 2832; x_wconf 69' lang='lat' dir='ltr'><strong>SYHIACHUS</strong></span> <span class='ocrx_word' id='word_1_294' title='bbox 1146 2792 1387 2834; x_wconf 71' lang='lat' dir='ltr'><strong>SVACBIO.</strong></span> <span class='ocrx_word' id='word_1_295' title='bbox 1739 2828 1751 2838; x_wconf 94' lang='lat'><strong>.</strong></span> 
     </span>
    </p>
   </div>
   <div class='ocr_carea' id='block_1_44' title="bbox 366 2867 1888 2940">
    <p class='ocr_par' dir='ltr' id='par_1_44' title="bbox 366 2867 1888 2940">
     <span class='ocr_line' id='line_1_44' title="bbox 366 2867 1888 2940; baseline 0 -16"><span class='ocrx_word' id='word_1_296' title='bbox 366 2867 658 2924; x_wconf 74' lang='lat' dir='ltr'><strong>Mediolani</strong></span> <span class='ocrx_word' id='word_1_297' title='bbox 689 2878 740 2923; x_wconf 92' lang='lat' dir='ltr'><strong>te</strong></span> <span class='ocrx_word' id='word_1_298' title='bbox 765 2883 925 2938; x_wconf 80' lang='lat' dir='ltr'><strong>agere</strong></span> <span class='ocrx_word' id='word_1_299' title='bbox 947 2879 1072 2924; x_wconf 83' lang='lat' dir='ltr'><strong>ante</strong></span> <span class='ocrx_word' id='word_1_300' title='bbox 1104 2868 1309 2924; x_wconf 87' lang='lat' dir='ltr'><strong>litteras</strong></span> <span class='ocrx_word' id='word_1_301' title='bbox 1341 2879 1460 2924; x_wconf 89' lang='lat' dir='ltr'><strong>tuas</strong></span> <span class='ocrx_word' id='word_1_302' title='bbox 1491 2871 1627 2924; x_wconf 82' lang='lat' dir='ltr'><strong>fama</strong></span> <span class='ocrx_word' id='word_1_303' title='bbox 1654 2871 1888 2940; x_wconf 89' lang='lat' dir='ltr'><strong>pertule-</strong></span> 
     </span>
    </p>
   </div>
   <div class='ocr_carea' id='block_1_45' title="bbox 301 2957 1885 3030">
    <p class='ocr_par' dir='ltr' id='par_1_45' title="bbox 301 2957 1885 3030">
     <span class='ocr_line' id='line_1_45' title="bbox 301 2957 1885 3030; baseline 0.003 -21"><span class='ocrx_word' id='word_1_304' title='bbox 301 2973 405 3024; x_wconf 86' lang='lat' dir='ltr'><strong>tat,</strong></span> <span class='ocrx_word' id='word_1_305' title='bbox 457 2975 575 3029; x_wconf 68' lang='lat' dir='ltr'><strong>qua:</strong></span> <span class='ocrx_word' id='word_1_306' title='bbox 614 2959 747 3014; x_wconf 84' lang='lat' dir='ltr'><strong>nihil</strong></span> <span class='ocrx_word' id='word_1_307' title='bbox 786 2960 1017 3030; x_wconf 86' lang='lat' dir='ltr'><strong>ignorari</strong></span> <span class='ocrx_word' id='word_1_308' title='bbox 1057 2957 1128 3015; x_wconf 90' lang='lat' dir='ltr'><strong>de</strong></span> <span class='ocrx_word' id='word_1_309' title='bbox 1163 2961 1466 3029; x_wconf 72' lang='lat' dir='ltr'><strong>cott~picuis</strong></span> <span class='ocrx_word' id='word_1_310' title='bbox 1499 2961 1624 3016; x_wconf 91' lang='lat' dir='ltr'><strong>viris</strong></span> <span class='ocrx_word' id='word_1_311' title='bbox 1669 2961 1885 3030; x_wconf 86' lang='lat' dir='ltr'><strong>patitur.</strong></span> 
     </span>
    </p>
   </div>
   <div class='ocr_carea' id='block_1_46' title="bbox 295 3049 1889 3122">
    <p class='ocr_par' dir='ltr' id='par_1_46' title="bbox 295 3049 1889 3122">
     <span class='ocr_line' id='line_1_46' title="bbox 295 3049 1889 3122; baseline 0.001 -17"><span class='ocrx_word' id='word_1_312' title='bbox 295 3051 403 3105; x_wconf 81' lang='lat' dir='ltr'><strong>Sed</strong></span> <span class='ocrx_word' id='word_1_313' title='bbox 434 3049 559 3121; x_wconf 82' lang='lat' dir='ltr'><strong>quid</strong></span> <span class='ocrx_word' id='word_1_314' title='bbox 591 3051 736 3120; x_wconf 89' lang='lat' dir='ltr'><strong>juvat</strong></span> <span class='ocrx_word' id='word_1_315' title='bbox 766 3049 1158 3116; x_wconf 87' lang='lat' dir='ltr'><strong>desiderantes,</strong></span> <span class='ocrx_word' id='word_1_316' title='bbox 1187 3052 1326 3118; x_wconf 81' lang='lat' dir='ltr'><strong>quod</strong></span> <span class='ocrx_word' id='word_1_317' title='bbox 1369 3063 1650 3119; x_wconf 73' lang='lat' dir='ltr'><strong>jervectus</strong></span> <span class='ocrx_word' id='word_1_318' title='bbox 1683 3052 1734 3106; x_wconf 90' lang='lat' dir='ltr'><strong>in</strong></span> <span class='ocrx_word' id='word_1_319' title='bbox 1765 3067 1889 3122; x_wconf 86' lang='lat' dir='ltr'><strong>pro-</strong></span> 
     </span>
    </p>
   </div>
   <div class='ocr_carea' id='block_1_47' title="bbox 299 3141 1884 3214">
    <p class='ocr_par' dir='ltr' id='par_1_47' title="bbox 299 3141 1884 3214">
     <span class='ocr_line' id='line_1_47' title="bbox 299 3141 1884 3214; baseline 0.001 -18"><span class='ocrx_word' id='word_1_320' title='bbox 299 3144 450 3197; x_wconf 86' lang='lat' dir='ltr'><strong>xima</strong></span> <span class='ocrx_word' id='word_1_321' title='bbox 481 3143 632 3197; x_wconf 90' lang='lat' dir='ltr'><strong>nobis</strong></span> <span class='ocrx_word' id='word_1_322' title='bbox 660 3142 906 3213; x_wconf 59' lang='lat' dir='ltr'><strong>negaris?</strong></span> <span class='ocrx_word' id='word_1_323' title='bbox 935 3141 1165 3213; x_wconf 62' lang='lat' dir='ltr'><strong>IEquius</strong></span> <span class='ocrx_word' id='word_1_324' title='bbox 1195 3143 1430 3198; x_wconf 83' lang='lat' dir='ltr'><strong>fet-ebant</strong></span> <span class='ocrx_word' id='word_1_325' title='bbox 1456 3145 1792 3214; x_wconf 82' lang='lat' dir='ltr'><strong>longinquam</strong></span> <span class='ocrx_word' id='word_1_326' title='bbox 1811 3143 1884 3198; x_wconf 93' lang='lat' dir='ltr'><strong>tui</strong></span> 
     </span>
    </p>
   </div>
   <div class='ocr_carea' id='block_1_48' title="bbox 1987 1933 3575 2006">
    <p class='ocr_par' dir='ltr' id='par_1_48' title="bbox 1987 1933 3575 2006">
     <span class='ocr_line' id='line_1_48' title="bbox 1987 1933 3575 2006; baseline 0 -17"><span class='ocrx_word' id='word_1_327' title='bbox 1987 1934 2146 1990; x_wconf 87' lang='lat' dir='ltr'><strong>tiabis</strong></span> <span class='ocrx_word' id='word_1_328' title='bbox 2194 1935 2332 1990; x_wconf 91' lang='lat' dir='ltr'><strong>meis</strong></span> <span class='ocrx_word' id='word_1_329' title='bbox 2363 1935 2564 1990; x_wconf 87' lang='lat' dir='ltr'><strong>litter&#39;s</strong></span> <span class='ocrx_word' id='word_1_330' title='bbox 2592 1935 2848 2001; x_wconf 75' lang='lat' dir='ltr'><strong>defui~se,</strong></span> <span class='ocrx_word' id='word_1_331' title='bbox 2877 1951 2995 2006; x_wconf 83' lang='lat' dir='ltr'><strong>quae</strong></span> <span class='ocrx_word' id='word_1_332' title='bbox 3019 1935 3070 1990; x_wconf 88' lang='lat' dir='ltr'><strong>itt</strong></span> <span class='ocrx_word' id='word_1_333' title='bbox 3100 1935 3244 1992; x_wconf 86' lang='lat' dir='ltr'><strong>illius</strong></span> <span class='ocrx_word' id='word_1_334' title='bbox 3274 1933 3480 1991; x_wconf 90' lang='lat' dir='ltr'><strong>meritis</strong></span> <span class='ocrx_word' id='word_1_335' title='bbox 3498 1935 3575 1990; x_wconf 87' lang='lat' dir='ltr'><strong>in-</strong></span> 
     </span>
    </p>
   </div>
   <div class='ocr_carea' id='block_1_49' title="bbox 1985 2027 2702 2082">
    <p class='ocr_par' dir='ltr' id='par_1_49' title="bbox 1985 2027 2702 2082">
     <span class='ocr_line' id='line_1_49' title="bbox 1985 2027 2702 2082; baseline 0.004 -4"><span class='ocrx_word' id='word_1_336' title='bbox 1985 2028 2171 2082; x_wconf 77' lang='lat' dir='ltr'><strong>venies</strong></span> <span class='ocrx_word' id='word_1_337' title='bbox 2199 2027 2518 2082; x_wconf 90' lang='lat' dir='ltr'><strong>redundare.</strong></span> <span class='ocrx_word' id='word_1_338' title='bbox 2553 2027 2702 2081; x_wconf 85' lang='lat' dir='ltr'><strong>Vale.</strong></span> 
     </span>
    </p>
   </div>
   <div class='ocr_carea' id='block_1_50' title="bbox 2597 2117 2958 2173">
    <p class='ocr_par' dir='ltr' id='par_1_50' title="bbox 2597 2117 2958 2173">
     <span class='ocr_line' id='line_1_50' title="bbox 2597 2117 2958 2173; baseline 0 -1"><span class='ocrx_word' id='word_1_339' title='bbox 2597 2117 2812 2173; x_wconf 81' lang='lat' dir='ltr'><strong>EPIST.</strong></span> <span class='ocrx_word' id='word_1_340' title='bbox 2853 2117 2958 2173; x_wconf 88' lang='lat' dir='ltr'><strong>CV.</strong></span> 
     </span>
    </p>
   </div>
   <div class='ocr_carea' id='block_1_51' title="bbox 2503 2221 3076 2266">
    <p class='ocr_par' dir='ltr' id='par_1_51' title="bbox 2503 2221 3076 2266">
     <span class='ocr_line' id='line_1_51' title="bbox 2503 2221 3076 2266; baseline -0.005 -1"><span class='ocrx_word' id='word_1_341' title='bbox 2503 2224 2816 2266; x_wconf 74' lang='lat' dir='ltr'><strong>SVIIIIACIIUS</strong></span> <span class='ocrx_word' id='word_1_342' title='bbox 2837 2221 3076 2266; x_wconf 69' lang='lat' dir='ltr'><strong>SVAGRIO.</strong></span> 
     </span>
    </p>
   </div>
   <div class='ocr_carea' id='block_1_52' title="bbox 2057 2298 3582 2372">
    <p class='ocr_par' dir='ltr' id='par_1_52' title="bbox 2057 2298 3582 2372">
     <span class='ocr_line' id='line_1_52' title="bbox 2057 2298 3582 2372; baseline -0.002 -16"><span class='ocrx_word' id='word_1_343' title='bbox 2057 2301 2134 2358; x_wconf 84' lang='lat' dir='ltr'><strong>Ne</strong></span> <span class='ocrx_word' id='word_1_344' title='bbox 2159 2301 2393 2356; x_wconf 91' lang='lat' dir='ltr'><strong>otiosum</strong></span> <span class='ocrx_word' id='word_1_345' title='bbox 2426 2302 2642 2372; x_wconf 78' lang='lat' dir='ltr'><strong>penitus</strong></span> <span class='ocrx_word' id='word_1_346' title='bbox 2665 2301 2965 2366; x_wconf 86' lang='lat' dir='ltr'><strong>arbitreris,</strong></span> <span class='ocrx_word' id='word_1_347' title='bbox 2991 2299 3274 2355; x_wconf 77' lang='lat' dir='ltr'><strong>committo</strong></span> <span class='ocrx_word' id='word_1_348' title='bbox 3299 2298 3582 2355; x_wconf 89' lang='lat' dir='ltr'><strong>eruditioni</strong></span> 
     </span>
    </p>
   </div>
   <div class='ocr_carea' id='block_1_53' title="bbox 1989 2390 3585 2463">
    <p class='ocr_par' dir='ltr' id='par_1_53' title="bbox 1989 2390 3585 2463">
     <span class='ocr_line' id='line_1_53' title="bbox 1989 2390 3585 2463; baseline -0.002 -15"><span class='ocrx_word' id='word_1_349' title='bbox 1989 2403 2094 2448; x_wconf 63' lang='lat' dir='ltr'><strong>tum</strong></span> <span class='ocrx_word' id='word_1_350' title='bbox 2115 2390 2414 2463; x_wconf 75' lang='lat' dir='ltr'><strong>vigiliarum</strong></span> <span class='ocrx_word' id='word_1_351' title='bbox 2461 2407 2700 2447; x_wconf 89' lang='lat' dir='ltr'><strong>mearum</strong></span> <span class='ocrx_word' id='word_1_352' title='bbox 2744 2401 2934 2447; x_wconf 87' lang='lat' dir='ltr'><strong>testem</strong></span> <span class='ocrx_word' id='word_1_353' title='bbox 2981 2391 3238 2457; x_wconf 80' lang='lat' dir='ltr'><strong>libellum,</strong></span> <span class='ocrx_word' id='word_1_354' title='bbox 3270 2407 3380 2461; x_wconf 92' lang='lat' dir='ltr'><strong>quo</strong></span> <span class='ocrx_word' id='word_1_355' title='bbox 3417 2405 3585 2460; x_wconf 66' lang='lat' dir='ltr'><strong>nuper</strong></span> 
     </span>
    </p>
   </div>
   <div class='ocr_carea' id='block_1_54' title="bbox 1988 2482 3588 2553">
    <p class='ocr_par' dir='ltr' id='par_1_54' title="bbox 1988 2482 3588 2553">
     <span class='ocr_line' id='line_1_54' title="bbox 1988 2482 3588 2553; baseline -0.004 -13"><span class='ocrx_word' id='word_1_356' title='bbox 1988 2486 2042 2541; x_wconf 88' lang='lat' dir='ltr'><strong>itt</strong></span> <span class='ocrx_word' id='word_1_357' title='bbox 2070 2492 2260 2539; x_wconf 87' lang='lat' dir='ltr'><strong>senatu</strong></span> <span class='ocrx_word' id='word_1_358' title='bbox 2297 2483 2486 2537; x_wconf 90' lang='lat' dir='ltr'><strong>sustuli</strong></span> <span class='ocrx_word' id='word_1_359' title='bbox 2516 2483 2718 2538; x_wconf 84' lang='lat' dir='ltr'><strong>civium</strong></span> <span class='ocrx_word' id='word_1_360' title='bbox 2737 2484 2972 2538; x_wconf 87' lang='lat' dir='ltr'><strong>secunda</strong></span> <span class='ocrx_word' id='word_1_361' title='bbox 3001 2482 3273 2553; x_wconf 68' lang='lat' dir='ltr'><strong>sttll‘ragia.</strong></span> <span class='ocrx_word' id='word_1_362' title='bbox 3303 2482 3460 2537; x_wconf 87' lang='lat' dir='ltr'><strong>Vides</strong></span> <span class='ocrx_word' id='word_1_363' title='bbox 3482 2497 3588 2550; x_wconf 90' lang='lat' dir='ltr'><strong>quo</strong></span> 
     </span>
    </p>
   </div>
   <div class='ocr_carea' id='block_1_55' title="bbox 1989 2575 3584 2648">
    <p class='ocr_par' dir='ltr' id='par_1_55' title="bbox 1989 2575 3584 2648">
     <span class='ocr_line' id='line_1_55' title="bbox 1989 2575 3584 2648; baseline -0.004 -16"><span class='ocrx_word' id='word_1_364' title='bbox 1989 2575 2302 2648; x_wconf 63' lang='lat' dir='ltr'><strong>prejudicio</strong></span> <span class='ocrx_word' id='word_1_365' title='bbox 2328 2585 2661 2631; x_wconf 86' lang='lat' dir='ltr'><strong>antevertam</strong></span> <span class='ocrx_word' id='word_1_366' title='bbox 2691 2576 2991 2646; x_wconf 78' lang='lat' dir='ltr'><strong>gravissimi</strong></span> <span class='ocrx_word' id='word_1_367' title='bbox 3014 2575 3276 2629; x_wconf 82' lang='lat' dir='ltr'><strong>examinis</strong></span> <span class='ocrx_word' id='word_1_368' title='bbox 3307 2575 3381 2627; x_wconf 92' lang='lat' dir='ltr'><strong>ttti</strong></span> <span class='ocrx_word' id='word_1_369' title='bbox 3430 2587 3584 2626; x_wconf 84' lang='lat' dir='ltr'><strong>seve-</strong></span> 
     </span>
    </p>
   </div>
   <div class='ocr_carea' id='block_1_56' title="bbox 1989 2664 3586 2740">
    <p class='ocr_par' dir='ltr' id='par_1_56' title="bbox 1989 2664 3586 2740">
     <span class='ocr_line' id='line_1_56' title="bbox 1989 2664 3586 2740; baseline -0.004 -16"><span class='ocrx_word' id='word_1_370' title='bbox 1989 2669 2225 2724; x_wconf 87' lang='lat' dir='ltr'><strong>ritatem.</strong></span> <span class='ocrx_word' id='word_1_371' title='bbox 2254 2667 2371 2724; x_wconf 83' lang='lat' dir='ltr'><strong>Non</strong></span> <span class='ocrx_word' id='word_1_372' title='bbox 2411 2669 2534 2740; x_wconf 84' lang='lat' dir='ltr'><strong>sty&#39;i</strong></span> <span class='ocrx_word' id='word_1_373' title='bbox 2566 2669 2670 2724; x_wconf 92' lang='lat' dir='ltr'><strong>ntei</strong></span> <span class='ocrx_word' id='word_1_374' title='bbox 2701 2671 2950 2722; x_wconf 89' lang='lat' dir='ltr'><strong>meritum</strong></span> <span class='ocrx_word' id='word_1_375' title='bbox 2984 2666 3276 2736; x_wconf 72' lang='lat' dir='ltr'><strong>praetende,</strong></span> <span class='ocrx_word' id='word_1_376' title='bbox 3307 2665 3400 2719; x_wconf 87' lang='lat' dir='ltr'><strong>sed</strong></span> <span class='ocrx_word' id='word_1_377' title='bbox 3438 2664 3586 2718; x_wconf 87' lang='lat' dir='ltr'><strong>ordi-</strong></span> 
     </span>
    </p>
   </div>
   <div class='ocr_carea' id='block_1_57' title="bbox 1989 2753 3588 2830">
    <p class='ocr_par' dir='ltr' id='par_1_57' title="bbox 1989 2753 3588 2830">
     <span class='ocr_line' id='line_1_57' title="bbox 1989 2753 3588 2830; baseline -0.005 -12"><span class='ocrx_word' id='word_1_378' title='bbox 1989 2763 2074 2818; x_wconf 88' lang='lat' dir='ltr'><strong>nis</strong></span> <span class='ocrx_word' id='word_1_379' title='bbox 2112 2761 2429 2830; x_wconf 88' lang='lat' dir='ltr'><strong>judieatum.</strong></span> <span class='ocrx_word' id='word_1_380' title='bbox 2458 2761 2773 2816; x_wconf 82' lang='lat' dir='ltr'><strong>Communis</strong></span> <span class='ocrx_word' id='word_1_381' title='bbox 2826 2760 2955 2815; x_wconf 82' lang='lat' dir='ltr'><strong>milii</strong></span> <span class='ocrx_word' id='word_1_382' title='bbox 2997 2769 3052 2815; x_wconf 88' lang='lat' dir='ltr'><strong>et.</strong></span> <span class='ocrx_word' id='word_1_383' title='bbox 3087 2757 3401 2812; x_wconf 86' lang='lat' dir='ltr'><strong>auctoribus</strong></span> <span class='ocrx_word' id='word_1_384' title='bbox 3452 2753 3588 2810; x_wconf 83' lang='lat' dir='ltr'><strong>nteis</strong></span> 
     </span>
    </p>
   </div>
   <div class='ocr_carea' id='block_1_58' title="bbox 1990 2843 3588 2918">
    <p class='ocr_par' dir='ltr' id='par_1_58' title="bbox 1990 2843 3588 2918">
     <span class='ocr_line' id='line_1_58' title="bbox 1990 2843 3588 2918; baseline -0.006 -10"><span class='ocrx_word' id='word_1_385' title='bbox 1990 2866 2149 2908; x_wconf 87' lang='lat' dir='ltr'><strong>causa</strong></span> <span class='ocrx_word' id='word_1_386' title='bbox 2175 2860 2279 2908; x_wconf 89' lang='lat' dir='ltr'><strong>est.</strong></span> <span class='ocrx_word' id='word_1_387' title='bbox 2305 2851 2492 2908; x_wconf 87' lang='lat' dir='ltr'><strong>Scient</strong></span> <span class='ocrx_word' id='word_1_388' title='bbox 2527 2866 2738 2918; x_wconf 87' lang='lat' dir='ltr'><strong>omnes,</strong></span> <span class='ocrx_word' id='word_1_389' title='bbox 2770 2861 2862 2904; x_wconf 88' lang='lat' dir='ltr'><strong>aut</strong></span> <span class='ocrx_word' id='word_1_390' title='bbox 2900 2863 3221 2904; x_wconf 87' lang='lat' dir='ltr'><strong>consensum</strong></span> <span class='ocrx_word' id='word_1_391' title='bbox 3265 2854 3374 2901; x_wconf 66' lang='lat' dir='ltr'><strong>tua:</strong></span> <span class='ocrx_word' id='word_1_392' title='bbox 3406 2843 3472 2900; x_wconf 93' lang='lat' dir='ltr'><strong>de</strong></span> <span class='ocrx_word' id='word_1_393' title='bbox 3499 2857 3588 2898; x_wconf 82' lang='lat' dir='ltr'><strong>no-</strong></span> 
     </span>
    </p>
   </div>
   <div class='ocr_carea' id='block_1_59' title="bbox 1991 2939 3590 3007">
    <p class='ocr_par' dir='ltr' id='par_1_59' title="bbox 1991 2939 3590 3007">
     <span class='ocr_line' id='line_1_59' title="bbox 1991 2939 3590 3007; baseline -0.005 -9"><span class='ocrx_word' id='word_1_394' title='bbox 1991 2942 2076 2999; x_wconf 89' lang='lat' dir='ltr'><strong>bis</strong></span> <span class='ocrx_word' id='word_1_395' title='bbox 2105 2942 2409 3007; x_wconf 68' lang='lat' dir='ltr'><strong>sententias,</strong></span> <span class='ocrx_word' id='word_1_396' title='bbox 2445 2952 2536 2996; x_wconf 90' lang='lat' dir='ltr'><strong>aut</strong></span> <span class='ocrx_word' id='word_1_397' title='bbox 2573 2941 2954 2997; x_wconf 85' lang='lat' dir='ltr'><strong>contumeliam</strong></span> <span class='ocrx_word' id='word_1_398' title='bbox 2996 2955 3128 2996; x_wconf 69' lang='lat' dir='ltr'><strong>suae.</strong></span> <span class='ocrx_word' id='word_1_399' title='bbox 3153 2939 3301 2995; x_wconf 88' lang='lat' dir='ltr'><strong>Vale.</strong></span> <span class='ocrx_word' id='word_1_400' title='bbox 3587 2939 3590 2944; x_wconf 84' lang='lat'>&#39;</span> 
     </span>
    </p>
   </div>
   <div class='ocr_carea' id='block_1_60' title="bbox 2597 3031 2986 3087">
    <p class='ocr_par' dir='ltr' id='par_1_60' title="bbox 2597 3031 2986 3087">
     <span class='ocr_line' id='line_1_60' title="bbox 2597 3031 2986 3087; baseline 0 -1"><span class='ocrx_word' id='word_1_401' title='bbox 2597 3031 2811 3086; x_wconf 81' lang='lat' dir='ltr'><strong>EI’IS&#39;I&#39;.</strong></span> <span class='ocrx_word' id='word_1_402' title='bbox 2851 3031 2986 3087; x_wconf 83' lang='lat' dir='ltr'><strong>CVI.</strong></span> 
     </span>
    </p>
   </div>
   <div class='ocr_carea' id='block_1_61' title="bbox 2504 3139 3077 3180">
    <p class='ocr_par' dir='ltr' id='par_1_61' title="bbox 2504 3139 3077 3180">
     <span class='ocr_line' id='line_1_61' title="bbox 2504 3139 3077 3180; baseline -0.003 0"><span class='ocrx_word' id='word_1_403' title='bbox 2504 3139 2811 3180; x_wconf 66' lang='grc' dir='ltr'><strong>εγωιλςιιινε</strong></span> <span class='ocrx_word' id='word_1_404' title='bbox 2841 3139 3077 3180; x_wconf 73' lang='grc' dir='ltr'><strong>ετΑσιιιο.</strong></span> 
     </span>
    </p>
   </div>
   <div class='ocr_carea' id='block_1_62' title="bbox 297 3203 1886 3306">
    <p class='ocr_par' dir='ltr' id='par_1_62' title="bbox 297 3235 1886 3306">
     <span class='ocr_line' id='line_1_62' title="bbox 297 3235 1886 3306; baseline 0.001 -17"><span class='ocrx_word' id='word_1_405' title='bbox 297 3238 721 3302; x_wconf 82' lang='lat' dir='ltr'><strong>separationetn.</strong></span> <span class='ocrx_word' id='word_1_406' title='bbox 752 3235 886 3305; x_wconf 89' lang='lat' dir='ltr'><strong>Spes</strong></span> <span class='ocrx_word' id='word_1_407' title='bbox 916 3236 1058 3291; x_wconf 90' lang='lat' dir='ltr'><strong>enim</strong></span> <span class='ocrx_word' id='word_1_408' title='bbox 1099 3238 1396 3306; x_wconf 64' lang='lat' dir='ltr'><strong>pra&#39;sentizc</strong></span> <span class='ocrx_word' id='word_1_409' title='bbox 1434 3246 1536 3291; x_wconf 74' lang='lat' dir='ltr'><strong>tute</strong></span> <span class='ocrx_word' id='word_1_410' title='bbox 1576 3253 1766 3306; x_wconf 83' lang='lat' dir='ltr'><strong>magno</strong></span> <span class='ocrx_word' id='word_1_411' title='bbox 1805 3237 1886 3290; x_wconf 83' lang='lat' dir='ltr'><strong>itt-</strong></span> 
     </span>
    </p>
   </div>
   <div class='ocr_carea' id='block_1_63' title="bbox 1991 3203 3585 3306">
    <p class='ocr_par' dir='ltr' id='par_1_63' title="bbox 2065 3211 3585 3286">
     <span class='ocr_line' id='line_1_63' title="bbox 2065 3211 3585 3286; baseline -0.006 -11"><span class='ocrx_word' id='word_1_412' title='bbox 2065 3219 2231 3275; x_wconf 87' lang='lat' dir='ltr'><strong>Posse</strong></span> <span class='ocrx_word' id='word_1_413' title='bbox 2258 3216 2460 3286; x_wconf 88' lang='lat' dir='ltr'><strong>aliquid</strong></span> <span class='ocrx_word' id='word_1_414' title='bbox 2490 3217 2742 3271; x_wconf 88' lang='lat' dir='ltr'><strong>amicitiis</strong></span> <span class='ocrx_word' id='word_1_415' title='bbox 2766 3216 3028 3270; x_wconf 73' lang='lat' dir='ltr'><strong>testimor.</strong></span> <span class='ocrx_word' id='word_1_416' title='bbox 3067 3214 3199 3269; x_wconf 81' lang='lat' dir='ltr'><strong>lline</strong></span> <span class='ocrx_word' id='word_1_417' title='bbox 3232 3227 3357 3282; x_wconf 90' lang='lat' dir='ltr'><strong>spes</strong></span> <span class='ocrx_word' id='word_1_418' title='bbox 3393 3211 3585 3279; x_wconf 91' lang='lat' dir='ltr'><strong>oritur,</strong></span> 
     </span>
    </p>
   </div>
   <div class='ocr_carea' id='block_1_64' title="bbox 301 3327 1888 3397">
    <p class='ocr_par' dir='ltr' id='par_1_64' title="bbox 301 3327 1888 3397">
     <span class='ocr_line' id='line_1_64' title="bbox 301 3327 1888 3397; baseline 0.003 -19"><span class='ocrx_word' id='word_1_419' title='bbox 301 3339 336 3378; x_wconf 84' lang='grc' dir='ltr'>ιι</span> <span class='ocrx_word' id='word_1_420' title='bbox 357 3327 527 3380; x_wconf 86' lang='lat' dir='ltr'><strong>rvallo</strong></span> <span class='ocrx_word' id='word_1_421' title='bbox 557 3335 744 3397; x_wconf 86' lang='lat' dir='ltr'><strong>negata</strong></span> <span class='ocrx_word' id='word_1_422' title='bbox 780 3327 1046 3382; x_wconf 86' lang='lat' dir='ltr'><strong>cessabat.</strong></span> <span class='ocrx_word' id='word_1_423' title='bbox 1092 3327 1244 3383; x_wconf 80' lang='lat' dir='ltr'><strong>Nunc</strong></span> <span class='ocrx_word' id='word_1_424' title='bbox 1282 3330 1734 3396; x_wconf 85' lang='lat' dir='ltr'><strong>exspectationem</strong></span> <span class='ocrx_word' id='word_1_425' title='bbox 1793 3345 1888 3382; x_wconf 90' lang='lat' dir='ltr'><strong>no-</strong></span> 
     </span>
    </p>
   </div>
   <div class='ocr_carea' id='block_1_65' title="bbox 301 3417 1891 3475">
    <p class='ocr_par' dir='ltr' id='par_1_65' title="bbox 301 3417 1891 3475">
     <span class='ocr_line' id='line_1_65' title="bbox 301 3417 1891 3475; baseline 0.001 -3"><span class='ocrx_word' id='word_1_426' title='bbox 301 3432 469 3472; x_wconf 83' lang='lat' dir='ltr'><strong>stram</strong></span> <span class='ocrx_word' id='word_1_427' title='bbox 490 3417 703 3473; x_wconf 76' lang='lat' dir='ltr'><strong>viciniae</strong></span> <span class='ocrx_word' id='word_1_428' title='bbox 727 3417 980 3474; x_wconf 82' lang='lat' dir='ltr'><strong>facilitate</strong></span> <span class='ocrx_word' id='word_1_429' title='bbox 997 3420 1277 3475; x_wconf 90' lang='lat' dir='ltr'><strong>sollicitas.</strong></span> <span class='ocrx_word' id='word_1_430' title='bbox 1302 3419 1409 3474; x_wconf 81' lang='lat' dir='ltr'><strong>Nec</strong></span> <span class='ocrx_word' id='word_1_431' title='bbox 1433 3429 1484 3475; x_wconf 90' lang='lat' dir='ltr'><strong>te</strong></span> <span class='ocrx_word' id='word_1_432' title='bbox 1502 3434 1763 3475; x_wconf 84' lang='lat' dir='ltr'><strong>excusare</strong></span> <span class='ocrx_word' id='word_1_433' title='bbox 1780 3419 1891 3474; x_wconf 89' lang='lat' dir='ltr'><strong>col-</strong></span> 
     </span>
    </p>
   </div>
   <div class='ocr_carea' id='block_1_66' title="bbox 305 3509 1888 3581">
    <p class='ocr_par' dir='ltr' id='par_1_66' title="bbox 305 3509 1888 3581">
     <span class='ocr_line' id='line_1_66' title="bbox 305 3509 1888 3581; baseline 0.001 -18"><span class='ocrx_word' id='word_1_434' title='bbox 305 3509 441 3579; x_wconf 72' lang='lat' dir='ltr'><strong>legis</strong></span> <span class='ocrx_word' id='word_1_435' title='bbox 461 3512 795 3566; x_wconf 80' lang='lat' dir='ltr'><strong>interventus</strong></span> <span class='ocrx_word' id='word_1_436' title='bbox 822 3511 1036 3580; x_wconf 81' lang='lat' dir='ltr'><strong>Alpium</strong></span> <span class='ocrx_word' id='word_1_437' title='bbox 1079 3521 1283 3580; x_wconf 78' lang='lat' dir='ltr'><strong>potest;</strong></span> <span class='ocrx_word' id='word_1_438' title='bbox 1313 3525 1379 3566; x_wconf 90' lang='lat' dir='ltr'><strong>eo</strong></span> <span class='ocrx_word' id='word_1_439' title='bbox 1409 3511 1550 3580; x_wconf 82' lang='lat' dir='ltr'><strong>quod</strong></span> <span class='ocrx_word' id='word_1_440' title='bbox 1575 3510 1767 3581; x_wconf 88' lang='lat' dir='ltr'><strong>justior</strong></span> <span class='ocrx_word' id='word_1_441' title='bbox 1797 3527 1888 3564; x_wconf 89' lang='lat' dir='ltr'><strong>tto-</strong></span> 
     </span>
    </p>
   </div>
   <div class='ocr_carea' id='block_1_67' title="bbox 303 3601 1889 3674">
    <p class='ocr_par' dir='ltr' id='par_1_67' title="bbox 303 3601 1889 3674">
     <span class='ocr_line' id='line_1_67' title="bbox 303 3601 1889 3674; baseline 0.001 -18"><span class='ocrx_word' id='word_1_442' title='bbox 303 3604 382 3656; x_wconf 87' lang='lat' dir='ltr'><strong>bis</strong></span> <span class='ocrx_word' id='word_1_443' title='bbox 421 3601 486 3656; x_wconf 86' lang='lat' dir='ltr'><strong>ad</strong></span> <span class='ocrx_word' id='word_1_444' title='bbox 526 3603 800 3671; x_wconf 89' lang='lat' dir='ltr'><strong>querelam</strong></span> <span class='ocrx_word' id='word_1_445' title='bbox 847 3603 981 3658; x_wconf 85' lang='lat' dir='ltr'><strong>facta</strong></span> <span class='ocrx_word' id='word_1_446' title='bbox 1020 3614 1104 3658; x_wconf 89' lang='lat' dir='ltr'><strong>est</strong></span> <span class='ocrx_word' id='word_1_447' title='bbox 1148 3605 1254 3672; x_wconf 88' lang='lat' dir='ltr'><strong>via,</strong></span> <span class='ocrx_word' id='word_1_448' title='bbox 1289 3619 1394 3674; x_wconf 85' lang='lat' dir='ltr'><strong>quo</strong></span> <span class='ocrx_word' id='word_1_449' title='bbox 1427 3603 1518 3658; x_wconf 88' lang='lat' dir='ltr'><strong>t-bi</strong></span> <span class='ocrx_word' id='word_1_450' title='bbox 1573 3603 1640 3658; x_wconf 90' lang='lat' dir='ltr'><strong>ad</strong></span> <span class='ocrx_word' id='word_1_451' title='bbox 1679 3603 1889 3659; x_wconf 86' lang='lat' dir='ltr'><strong>veniam</strong></span> 
     </span>
    </p>
   </div>
   <div class='ocr_carea' id='block_1_68' title="bbox 304 3692 1890 3752">
    <p class='ocr_par' dir='ltr' id='par_1_68' title="bbox 304 3692 1890 3752">
     <span class='ocr_line' id='line_1_68' title="bbox 304 3692 1890 3752; baseline 0.003 -6"><span class='ocrx_word' id='word_1_452' title='bbox 304 3709 460 3747; x_wconf 71' lang='lat' dir='ltr'><strong>caua</strong></span> <span class='ocrx_word' id='word_1_453' title='bbox 508 3692 765 3749; x_wconf 75' lang='lat' dir='ltr'><strong>deterior.</strong></span> <span class='ocrx_word' id='word_1_454' title='bbox 819 3694 922 3752; x_wconf 87' lang='lat' dir='ltr'><strong>Sed</strong></span> <span class='ocrx_word' id='word_1_455' title='bbox 973 3693 1149 3750; x_wconf 85' lang='lat' dir='ltr'><strong>dolori</strong></span> <span class='ocrx_word' id='word_1_456' title='bbox 1192 3710 1313 3750; x_wconf 89' lang='lat' dir='ltr'><strong>meo</strong></span> <span class='ocrx_word' id='word_1_457' title='bbox 1357 3695 1630 3750; x_wconf 65' lang='lat' dir='ltr'><strong>faciendus</strong></span> <span class='ocrx_word' id='word_1_458' title='bbox 1677 3697 1890 3751; x_wconf 72' lang='lat' dir='ltr'><strong>modus.</strong></span> 
     </span>
    </p>
   </div>
   <div class='ocr_carea' id='block_1_69' title="bbox 305 3783 1889 3856">
    <p class='ocr_par' dir='ltr' id='par_1_69' title="bbox 305 3783 1889 3856">
     <span class='ocr_line' id='line_1_69' title="bbox 305 3783 1889 3856; baseline 0.003 -20"><span class='ocrx_word' id='word_1_459' title='bbox 305 3786 503 3838; x_wconf 68' lang='lat' dir='ltr'><strong>Saltem</strong></span> <span class='ocrx_word' id='word_1_460' title='bbox 548 3783 769 3853; x_wconf 70' lang='lat' dir='ltr'><strong>posthac</strong></span> <span class='ocrx_word' id='word_1_461' title='bbox 811 3785 1054 3853; x_wconf 75' lang='lat' dir='ltr'><strong>epistola:</strong></span> <span class='ocrx_word' id='word_1_462' title='bbox 1099 3795 1206 3840; x_wconf 61' lang='lat' dir='ltr'><strong>tua:</strong></span> <span class='ocrx_word' id='word_1_463' title='bbox 1251 3785 1474 3842; x_wconf 81' lang='lat' dir='ltr'><strong>Romam</strong></span> <span class='ocrx_word' id='word_1_464' title='bbox 1529 3787 1889 3856; x_wconf 82' lang='lat' dir='ltr'><strong>frequentem,</strong></span> 
     </span>
    </p>
   </div>
   <div class='ocr_carea' id='block_1_70' title="bbox 307 3875 1891 3948">
    <p class='ocr_par' dir='ltr' id='par_1_70' title="bbox 307 3875 1891 3948">
     <span class='ocr_line' id='line_1_70' title="bbox 307 3875 1891 3948; baseline 0.003 -20"><span class='ocrx_word' id='word_1_465' title='bbox 307 3875 498 3943; x_wconf 61' lang='grc' dir='ltr'><strong>ιιγιιιςρ</strong></span> <span class='ocrx_word' id='word_1_466' title='bbox 520 3886 609 3931; x_wconf 91' lang='lat' dir='ltr'><strong>aut</strong></span> <span class='ocrx_word' id='word_1_467' title='bbox 639 3875 873 3946; x_wconf 81' lang='lat' dir='ltr'><strong>Hymetti</strong></span> <span class='ocrx_word' id='word_1_468' title='bbox 901 3875 1032 3931; x_wconf 82' lang='lat' dir='ltr'><strong>favis</strong></span> <span class='ocrx_word' id='word_1_469' title='bbox 1055 3877 1430 3945; x_wconf 88' lang='lat' dir='ltr'><strong>jucundiores;</strong></span> <span class='ocrx_word' id='word_1_470' title='bbox 1465 3893 1692 3948; x_wconf 86' lang='lat' dir='ltr'><strong>quarum</strong></span> <span class='ocrx_word' id='word_1_471' title='bbox 1721 3893 1807 3933; x_wconf 81' lang='lat' dir='ltr'><strong>tne</strong></span> <span class='ocrx_word' id='word_1_472' title='bbox 1837 3878 1891 3934; x_wconf 89' lang='lat' dir='ltr'><strong>iu</strong></span> 
     </span>
    </p>
   </div>
   <div class='ocr_carea' id='block_1_71' title="bbox 307 3967 1890 4042">
    <p class='ocr_par' dir='ltr' id='par_1_71' title="bbox 307 3967 1890 4042">
     <span class='ocr_line' id='line_1_71' title="bbox 307 3967 1890 4042; baseline 0.005 -24"><span class='ocrx_word' id='word_1_473' title='bbox 307 3967 536 4023; x_wconf 73' lang='lat' dir='ltr'><strong>maximo</strong></span> <span class='ocrx_word' id='word_1_474' title='bbox 581 3967 768 4025; x_wconf 86' lang='lat' dir='ltr'><strong>fenore</strong></span> <span class='ocrx_word' id='word_1_475' title='bbox 829 3969 1104 4040; x_wconf 89' lang='lat' dir='ltr'><strong>perceptio</strong></span> <span class='ocrx_word' id='word_1_476' title='bbox 1140 3970 1308 4038; x_wconf 84' lang='lat' dir='ltr'><strong>juvat,</strong></span> <span class='ocrx_word' id='word_1_477' title='bbox 1359 3969 1558 4025; x_wconf 89' lang='lat' dir='ltr'><strong>solutio</strong></span> <span class='ocrx_word' id='word_1_478' title='bbox 1606 3969 1890 4042; x_wconf 78' lang='lat' dir='ltr'><strong>defatigat.</strong></span> 
     </span>
    </p>
   </div>
   <div class='ocr_carea' id='block_1_72' title="bbox 307 4058 457 4115">
    <p class='ocr_par' dir='ltr' id='par_1_72' title="bbox 307 4058 457 4115">
     <span class='ocr_line' id='line_1_72' title="bbox 307 4058 457 4115; baseline 0.027 -4"><span class='ocrx_word' id='word_1_479' title='bbox 307 4058 457 4115; x_wconf 64' lang='lat' dir='ltr'><strong>Vale.</strong></span> 
     </span>
    </p>
   </div>
   <div class='ocr_carea' id='block_1_73' title="bbox 911 4131 1297 4190">
    <p class='ocr_par' dir='ltr' id='par_1_73' title="bbox 911 4131 1297 4190">
     <span class='ocr_line' id='line_1_73' title="bbox 911 4131 1297 4190; baseline 0.003 -3"><span class='ocrx_word' id='word_1_480' title='bbox 911 4131 1122 4189; x_wconf 81' lang='lat' dir='ltr'><strong>EPIST.</strong></span> <span class='ocrx_word' id='word_1_481' title='bbox 1166 4133 1297 4190; x_wconf 86' lang='lat' dir='ltr'><strong>CIII.</strong></span> 
     </span>
    </p>
   </div>
   <div class='ocr_carea' id='block_1_74' title="bbox 805 4238 1393 4282">
    <p class='ocr_par' dir='ltr' id='par_1_74' title="bbox 805 4238 1393 4282">
     <span class='ocr_line' id='line_1_74' title="bbox 805 4238 1393 4282; baseline 0.005 -4"><span class='ocrx_word' id='word_1_482' title='bbox 805 4238 1116 4281; x_wconf 67' lang='lat' dir='ltr'><strong>SYIIIACIIUS</strong></span> <span class='ocrx_word' id='word_1_483' title='bbox 1155 4238 1393 4282; x_wconf 73' lang='lat' dir='ltr'><strong>SYACRIO.</strong></span> 
     </span>
    </p>
   </div>
   <div class='ocr_carea' id='block_1_75' title="bbox 371 4314 1897 4388">
    <p class='ocr_par' dir='ltr' id='par_1_75' title="bbox 371 4314 1897 4388">
     <span class='ocr_line' id='line_1_75' title="bbox 371 4314 1897 4388; baseline 0.005 -21"><span class='ocrx_word' id='word_1_484' title='bbox 371 4314 643 4384; x_wconf 77' lang='lat' dir='ltr'><strong>Quidquid</strong></span> <span class='ocrx_word' id='word_1_485' title='bbox 673 4319 911 4372; x_wconf 89' lang='lat' dir='ltr'><strong>muneris</strong></span> <span class='ocrx_word' id='word_1_486' title='bbox 959 4319 1009 4372; x_wconf 90' lang='lat' dir='ltr'><strong>itt</strong></span> <span class='ocrx_word' id='word_1_487' title='bbox 1049 4329 1346 4388; x_wconf 68' lang='lat' dir='ltr'><strong>praesentes</strong></span> <span class='ocrx_word' id='word_1_488' title='bbox 1381 4319 1677 4386; x_wconf 86' lang='lat' dir='ltr'><strong>contulisti,</strong></span> <span class='ocrx_word' id='word_1_489' title='bbox 1719 4321 1897 4375; x_wconf 68' lang='lat' dir='ltr'><strong>officio</strong></span> 
     </span>
    </p>
   </div>
   <div class='ocr_carea' id='block_1_76' title="bbox 1936 4417 3264 4444">
    <p class='ocr_par' dir='ltr' id='par_1_76' title="bbox 1936 4417 3264 4444">
     <span class='ocr_line' id='line_1_76' title="bbox 1936 4417 3264 4444; baseline -0.003 -2"><span class='ocrx_word' id='word_1_490' title='bbox 1936 4417 3264 4444; x_wconf 82' lang='lat'><strong>-——————-————_</strong></span> 
     </span>
    </p>
   </div>
   <div class='ocr_carea' id='block_1_77' title="bbox 1995 3306 3592 3382">
    <p class='ocr_par' dir='ltr' id='par_1_77' title="bbox 1995 3306 3592 3382">
     <span class='ocr_line' id='line_1_77' title="bbox 1995 3306 3592 3382; baseline -0.005 -15"><span class='ocrx_word' id='word_1_491' title='bbox 1995 3327 2116 3382; x_wconf 78' lang='lat' dir='ltr'><strong>qua:</strong></span> <span class='ocrx_word' id='word_1_492' title='bbox 2152 3310 2456 3378; x_wconf 89' lang='lat' dir='ltr'><strong>Tlteophilo</strong></span> <span class='ocrx_word' id='word_1_493' title='bbox 2479 3308 2782 3364; x_wconf 87' lang='lat' dir='ltr'><strong>clarissimo</strong></span> <span class='ocrx_word' id='word_1_494' title='bbox 2810 3307 2927 3362; x_wconf 87' lang='lat' dir='ltr'><strong>viro</strong></span> <span class='ocrx_word' id='word_1_495' title='bbox 2968 3317 3110 3362; x_wconf 89' lang='lat' dir='ltr'><strong>tuam</strong></span> <span class='ocrx_word' id='word_1_496' title='bbox 3147 3322 3304 3376; x_wconf 89' lang='lat' dir='ltr'><strong>opem</strong></span> <span class='ocrx_word' id='word_1_497' title='bbox 3344 3306 3412 3361; x_wconf 89' lang='lat' dir='ltr'><strong>de</strong></span> <span class='ocrx_word' id='word_1_498' title='bbox 3469 3317 3592 3360; x_wconf 91' lang='lat' dir='ltr'><strong>meo</strong></span> 
     </span>
    </p>
   </div>
   <div class='ocr_carea' id='block_1_78' title="bbox 1997 3394 3588 3471">
    <p class='ocr_par' dir='ltr' id='par_1_78' title="bbox 1997 3394 3588 3471">
     <span class='ocr_line' id='line_1_78' title="bbox 1997 3394 3588 3471; baseline -0.006 -16"><span class='ocrx_word' id='word_1_499' title='bbox 1997 3417 2252 3458; x_wconf 80' lang='lat' dir='ltr'><strong>sermone</strong></span> <span class='ocrx_word' id='word_1_500' title='bbox 2281 3400 2566 3471; x_wconf 87' lang='lat' dir='ltr'><strong>promittit.</strong></span> <span class='ocrx_word' id='word_1_501' title='bbox 2595 3399 2731 3466; x_wconf 90' lang='lat' dir='ltr'><strong>Quid</strong></span> <span class='ocrx_word' id='word_1_502' title='bbox 2781 3399 2942 3468; x_wconf 88' lang='lat' dir='ltr'><strong>igitur</strong></span> <span class='ocrx_word' id='word_1_503' title='bbox 2979 3398 3098 3469; x_wconf 90' lang='lat' dir='ltr'><strong>ejus</strong></span> <span class='ocrx_word' id='word_1_504' title='bbox 3135 3396 3422 3452; x_wconf 88' lang='lat' dir='ltr'><strong>commodo</strong></span> <span class='ocrx_word' id='word_1_505' title='bbox 3457 3394 3588 3448; x_wconf 79' lang='lat' dir='ltr'><strong>veli-</strong></span> 
     </span>
    </p>
   </div>
   <div class='ocr_carea' id='block_1_79' title="bbox 2001 3485 3588 3561">
    <p class='ocr_par' dir='ltr' id='par_1_79' title="bbox 2001 3485 3588 3561">
     <span class='ocr_line' id='line_1_79' title="bbox 2001 3485 3588 3561; baseline -0.008 -13"><span class='ocrx_word' id='word_1_506' title='bbox 2001 3510 2142 3559; x_wconf 88' lang='lat' dir='ltr'><strong>mus,</strong></span> <span class='ocrx_word' id='word_1_507' title='bbox 2179 3494 2232 3548; x_wconf 93' lang='lat' dir='ltr'><strong>in</strong></span> <span class='ocrx_word' id='word_1_508' title='bbox 2278 3501 2466 3561; x_wconf 85' lang='lat' dir='ltr'><strong>aperto</strong></span> <span class='ocrx_word' id='word_1_509' title='bbox 2512 3487 2618 3546; x_wconf 87' lang='lat' dir='ltr'><strong>est.</strong></span> <span class='ocrx_word' id='word_1_510' title='bbox 2666 3489 2852 3557; x_wconf 81' lang='lat' dir='ltr'><strong>Efﬁce,</strong></span> <span class='ocrx_word' id='word_1_511' title='bbox 2884 3504 2982 3543; x_wconf 93' lang='lat' dir='ltr'><strong>oro</strong></span> <span class='ocrx_word' id='word_1_512' title='bbox 3027 3499 3100 3553; x_wconf 91' lang='lat' dir='ltr'><strong>te,</strong></span> <span class='ocrx_word' id='word_1_513' title='bbox 3141 3497 3202 3544; x_wconf 92' lang='lat' dir='ltr'><strong>ut</strong></span> <span class='ocrx_word' id='word_1_514' title='bbox 3228 3502 3349 3542; x_wconf 90' lang='lat' dir='ltr'><strong>cum</strong></span> <span class='ocrx_word' id='word_1_515' title='bbox 3399 3485 3588 3542; x_wconf 74' lang='lat' dir='ltr'><strong>l’ducia</strong></span> 
     </span>
    </p>
   </div>
   <div class='ocr_carea' id='block_1_80' title="bbox 2000 3579 3158 3642">
    <p class='ocr_par' dir='ltr' id='par_1_80' title="bbox 2000 3579 3158 3642">
     <span class='ocr_line' id='line_1_80' title="bbox 2000 3579 3158 3642; baseline -0.004 -2"><span class='ocrx_word' id='word_1_516' title='bbox 2000 3585 2108 3642; x_wconf 92' lang='lat' dir='ltr'><strong>mei</strong></span> <span class='ocrx_word' id='word_1_517' title='bbox 2137 3600 2242 3640; x_wconf 92' lang='lat' dir='ltr'><strong>non</strong></span> <span class='ocrx_word' id='word_1_518' title='bbox 2273 3583 2524 3639; x_wconf 88' lang='lat' dir='ltr'><strong>videatur</strong></span> <span class='ocrx_word' id='word_1_519' title='bbox 2549 3595 2672 3636; x_wconf 86' lang='lat' dir='ltr'><strong>esse</strong></span> <span class='ocrx_word' id='word_1_520' title='bbox 2701 3581 2975 3635; x_wconf 88' lang='lat' dir='ltr'><strong>frustrata.</strong></span> <span class='ocrx_word' id='word_1_521' title='bbox 3006 3579 3158 3636; x_wconf 88' lang='lat' dir='ltr'><strong>Vale.</strong></span> 
     </span>
    </p>
   </div>
   <div class='ocr_carea' id='block_1_81' title="bbox 2599 3671 3011 3728">
    <p class='ocr_par' dir='ltr' id='par_1_81' title="bbox 2599 3671 3011 3728">
     <span class='ocr_line' id='line_1_81' title="bbox 2599 3671 3011 3728; baseline -0.015 -1"><span class='ocrx_word' id='word_1_522' title='bbox 2599 3671 2817 3727; x_wconf 81' lang='lat' dir='ltr'><strong>EPIST.</strong></span> <span class='ocrx_word' id='word_1_523' title='bbox 2859 3671 3011 3728; x_wconf 88' lang='lat' dir='ltr'><strong>CVII.</strong></span> 
     </span>
    </p>
   </div>
   <div class='ocr_carea' id='block_1_82' title="bbox 2495 3777 3076 3820">
    <p class='ocr_par' dir='ltr' id='par_1_82' title="bbox 2495 3777 3076 3820">
     <span class='ocr_line' id='line_1_82' title="bbox 2495 3777 3076 3820; baseline -0.003 0"><span class='ocrx_word' id='word_1_524' title='bbox 2495 3777 2805 3820; x_wconf 70' lang='lat' dir='ltr'><strong>SYIIIIACRUS</strong></span> <span class='ocrx_word' id='word_1_525' title='bbox 2835 3777 3076 3820; x_wconf 68' lang='lat' dir='ltr'><strong>SYAGBIO.</strong></span> 
     </span>
    </p>
   </div>
   <div class='ocr_carea' id='block_1_83' title="bbox 2068 3849 3589 3918">
    <p class='ocr_par' dir='ltr' id='par_1_83' title="bbox 2068 3849 3589 3918">
     <span class='ocr_line' id='line_1_83' title="bbox 2068 3849 3589 3918; baseline -0.009 -2"><span class='ocrx_word' id='word_1_526' title='bbox 2068 3857 2373 3916; x_wconf 79' lang='lat' dir='ltr'><strong>Alexander</strong></span> <span class='ocrx_word' id='word_1_527' title='bbox 2425 3857 2508 3911; x_wconf 91' lang='lat' dir='ltr'><strong>vir</strong></span> <span class='ocrx_word' id='word_1_528' title='bbox 2556 3854 2937 3909; x_wconf 91' lang='lat' dir='ltr'><strong>ornatissimus</strong></span> <span class='ocrx_word' id='word_1_529' title='bbox 2985 3852 3206 3908; x_wconf 89' lang='lat' dir='ltr'><strong>sortitus</strong></span> <span class='ocrx_word' id='word_1_530' title='bbox 3261 3849 3589 3918; x_wconf 87' lang='lat' dir='ltr'><strong>provinciam</strong></span> 
     </span>
    </p>
   </div>
   <div class='ocr_carea' id='block_1_84' title="bbox 1997 3943 3588 4023">
    <p class='ocr_par' dir='ltr' id='par_1_84' title="bbox 1997 3943 3588 4023">
     <span class='ocr_line' id='line_1_84' title="bbox 1997 3943 3588 4023; baseline -0.008 -14"><span class='ocrx_word' id='word_1_531' title='bbox 1997 3950 2380 4023; x_wconf 74' lang='lat' dir='ltr'><strong>praesidialem,</strong></span> <span class='ocrx_word' id='word_1_532' title='bbox 2413 3955 2566 4019; x_wconf 84' lang='lat' dir='ltr'><strong>putat</strong></span> <span class='ocrx_word' id='word_1_533' title='bbox 2607 3946 2799 4001; x_wconf 90' lang='lat' dir='ltr'><strong>honori</strong></span> <span class='ocrx_word' id='word_1_534' title='bbox 2817 3961 2916 4001; x_wconf 91' lang='lat' dir='ltr'><strong>suo</strong></span> <span class='ocrx_word' id='word_1_535' title='bbox 2950 3945 3280 4000; x_wconf 84' lang='lat' dir='ltr'><strong>incrementa</strong></span> <span class='ocrx_word' id='word_1_536' title='bbox 3319 3943 3588 4012; x_wconf 62' lang='lat' dir='ltr'><strong>praestari,</strong></span> 
     </span>
    </p>
   </div>
   <div class='ocr_carea' id='block_1_85' title="bbox 1997 4037 3597 4115">
    <p class='ocr_par' dir='ltr' id='par_1_85' title="bbox 1997 4037 3597 4115">
     <span class='ocr_line' id='line_1_85' title="bbox 1997 4037 3597 4115; baseline -0.007 -12"><span class='ocrx_word' id='word_1_537' title='bbox 1997 4050 2042 4104; x_wconf 92' lang='lat' dir='ltr'><strong>si</strong></span> <span class='ocrx_word' id='word_1_538' title='bbox 2067 4057 2159 4103; x_wconf 91' lang='lat' dir='ltr'><strong>tuo</strong></span> <span class='ocrx_word' id='word_1_539' title='bbox 2180 4061 2364 4101; x_wconf 86' lang='lat' dir='ltr'><strong>amore</strong></span> <span class='ocrx_word' id='word_1_540' title='bbox 2395 4045 2646 4115; x_wconf 89' lang='lat' dir='ltr'><strong>potiatur.</strong></span> <span class='ocrx_word' id='word_1_541' title='bbox 2671 4042 2848 4109; x_wconf 90' lang='lat' dir='ltr'><strong>Quare</strong></span> <span class='ocrx_word' id='word_1_542' title='bbox 2868 4039 3118 4096; x_wconf 89' lang='lat' dir='ltr'><strong>desiderii</strong></span> <span class='ocrx_word' id='word_1_543' title='bbox 3147 4039 3229 4094; x_wconf 92' lang='lat' dir='ltr'><strong>sui</strong></span> <span class='ocrx_word' id='word_1_544' title='bbox 3279 4053 3366 4093; x_wconf 90' lang='lat' dir='ltr'><strong>me</strong></span> <span class='ocrx_word' id='word_1_545' title='bbox 3407 4037 3597 4092; x_wconf 84' lang='lat' dir='ltr'><strong>ascivit</strong></span> 
     </span>
    </p>
   </div>
   <div class='ocr_carea' id='block_1_86' title="bbox 2001 4127 3594 4207">
    <p class='ocr_par' dir='ltr' id='par_1_86' title="bbox 2001 4127 3594 4207">
     <span class='ocr_line' id='line_1_86' title="bbox 2001 4127 3594 4207; baseline -0.009 -12"><span class='ocrx_word' id='word_1_546' title='bbox 2001 4140 2372 4207; x_wconf 83' lang='lat' dir='ltr'><strong>interpretem,</strong></span> <span class='ocrx_word' id='word_1_547' title='bbox 2402 4135 2580 4190; x_wconf 87' lang='lat' dir='ltr'><strong>sciens</strong></span> <span class='ocrx_word' id='word_1_548' title='bbox 2605 4136 2744 4202; x_wconf 92' lang='lat' dir='ltr'><strong>apud</strong></span> <span class='ocrx_word' id='word_1_549' title='bbox 2779 4142 2831 4188; x_wconf 89' lang='lat' dir='ltr'><strong>te</strong></span> <span class='ocrx_word' id='word_1_550' title='bbox 2861 4139 3069 4186; x_wconf 89' lang='lat' dir='ltr'><strong>tantum</strong></span> <span class='ocrx_word' id='word_1_551' title='bbox 3100 4129 3204 4185; x_wconf 91' lang='lat' dir='ltr'><strong>loci</strong></span> <span class='ocrx_word' id='word_1_552' title='bbox 3235 4144 3358 4185; x_wconf 88' lang='lat' dir='ltr'><strong>esse</strong></span> <span class='ocrx_word' id='word_1_553' title='bbox 3399 4127 3594 4182; x_wconf 88' lang='lat' dir='ltr'><strong>litteris</strong></span> 
     </span>
    </p>
   </div>
   <div class='ocr_carea' id='block_1_87' title="bbox 2005 4218 3594 4292">
    <p class='ocr_par' dir='ltr' id='par_1_87' title="bbox 2005 4218 3594 4292">
     <span class='ocr_line' id='line_1_87' title="bbox 2005 4218 3594 4292; baseline -0.008 -9"><span class='ocrx_word' id='word_1_554' title='bbox 2005 4229 2160 4292; x_wconf 90' lang='lat' dir='ltr'><strong>meis,</strong></span> <span class='ocrx_word' id='word_1_555' title='bbox 2190 4239 2248 4282; x_wconf 90' lang='lat' dir='ltr'><strong>ut</strong></span> <span class='ocrx_word' id='word_1_556' title='bbox 2276 4229 2390 4280; x_wconf 66' lang='lat' dir='ltr'><strong>haec</strong></span> <span class='ocrx_word' id='word_1_557' title='bbox 2419 4221 2820 4279; x_wconf 88' lang='lat' dir='ltr'><strong>commendatio</strong></span> <span class='ocrx_word' id='word_1_558' title='bbox 2857 4221 3074 4276; x_wconf 84' lang='lat' dir='ltr'><strong>maximi</strong></span> <span class='ocrx_word' id='word_1_559' title='bbox 3104 4219 3393 4275; x_wconf 90' lang='lat' dir='ltr'><strong>testimonii</strong></span> <span class='ocrx_word' id='word_1_560' title='bbox 3427 4218 3594 4272; x_wconf 88' lang='lat' dir='ltr'><strong>instar</strong></span> 
     </span>
    </p>
   </div>
   <div class='ocr_carea' id='block_1_88' title="bbox 2011 4314 2477 4373">
    <p class='ocr_par' dir='ltr' id='par_1_88' title="bbox 2011 4314 2477 4373">
     <span class='ocr_line' id='line_1_88' title="bbox 2011 4314 2477 4373; baseline -0.013 0"><span class='ocrx_word' id='word_1_561' title='bbox 2011 4319 2293 4373; x_wconf 86' lang='lat' dir='ltr'><strong>habeatur.</strong></span> <span class='ocrx_word' id='word_1_562' title='bbox 2326 4314 2477 4370; x_wconf 85' lang='lat' dir='ltr'><strong>Vale.</strong></span> 
     </span>
    </p>
   </div>
   <div class='ocr_carea' id='block_1_89' title="bbox 1230 4494 2622 4611">
    <p class='ocr_par' dir='ltr' id='par_1_89' title="bbox 1230 4494 2622 4611">
     <span class='ocr_line' id='line_1_89' title="bbox 1230 4494 2622 4611; baseline -0.006 -1"><span class='ocrx_word' id='word_1_563' title='bbox 1230 4503 1711 4611; x_wconf 88' lang='lat' dir='ltr'><strong>LIBER</strong></span> <span class='ocrx_word' id='word_1_564' title='bbox 1781 4494 2622 4610; x_wconf 83' lang='lat' dir='ltr'><strong>SECUNDUS.</strong></span> 
     </span>
    </p>
   </div>
   <div class='ocr_carea' id='block_1_90' title="bbox 805 4663 1412 4721">
    <p class='ocr_par' dir='ltr' id='par_1_90' title="bbox 805 4663 1412 4721">
     <span class='ocr_line' id='line_1_90' title="bbox 805 4663 1412 4721; baseline 0.002 -2"><span class='ocrx_word' id='word_1_565' title='bbox 805 4663 1134 4721; x_wconf 63' lang='lat' dir='ltr'><strong>EPISTOLA</strong></span> <span class='ocrx_word' id='word_1_566' title='bbox 1177 4664 1412 4720; x_wconf 75' lang='lat' dir='ltr'><strong>PRIMA.</strong></span> 
     </span>
    </p>
   </div>
   <div class='ocr_carea' id='block_1_91' title="bbox 542 4767 1664 4811">
    <p class='ocr_par' dir='ltr' id='par_1_91' title="bbox 542 4767 1664 4811">
     <span class='ocr_line' id='line_1_91' title="bbox 542 4767 1664 4811; baseline 0.002 -3"><span class='ocrx_word' id='word_1_567' title='bbox 542 4767 855 4809; x_wconf 63' lang='grc' dir='ltr'><strong>δῑιιλςιιυε</strong></span> <span class='ocrx_word' id='word_1_568' title='bbox 884 4769 1148 4809; x_wconf 69' lang='grc' dir='ltr'><strong>ι-ἰΑνιΑΝο</strong></span> <span class='ocrx_word' id='word_1_569' title='bbox 1177 4771 1372 4810; x_wconf 68' lang='lat' dir='ltr'><strong>FRATRI</strong></span> <span class='ocrx_word' id='word_1_570' title='bbox 1400 4769 1664 4811; x_wconf 74' lang='lat' dir='ltr'><strong>SALUTEM.</strong></span> 
     </span>
    </p>
   </div>
   <div class='ocr_carea' id='block_1_92' title="bbox 378 4832 1898 4915">
    <p class='ocr_par' dir='ltr' id='par_1_92' title="bbox 378 4832 1898 4915">
     <span class='ocr_line' id='line_1_92' title="bbox 378 4832 1898 4915; baseline 0.001 -17"><span class='ocrx_word' id='word_1_571' title='bbox 378 4843 476 4898; x_wconf 87' lang='lat' dir='ltr'><strong>llic</strong></span> <span class='ocrx_word' id='word_1_572' title='bbox 499 4842 590 4899; x_wconf 90' lang='lat' dir='ltr'><strong>ille</strong></span> <span class='ocrx_word' id='word_1_573' title='bbox 617 4853 701 4899; x_wconf 86' lang='lat' dir='ltr'><strong>est</strong></span> <span class='ocrx_word' id='word_1_574' title='bbox 727 4832 1011 4911; x_wconf 80' lang='lat' dir='ltr'><strong>Paralius,</strong></span> <span class='ocrx_word' id='word_1_575' title='bbox 1028 4846 1114 4898; x_wconf 91' lang='lat' dir='ltr'><strong>cui</strong></span> <span class='ocrx_word' id='word_1_576' title='bbox 1153 4853 1436 4899; x_wconf 85' lang='lat' dir='ltr'><strong>accusator</strong></span> <span class='ocrx_word' id='word_1_577' title='bbox 1463 4856 1615 4915; x_wconf 89' lang='lat' dir='ltr'><strong>pater</strong></span> <span class='ocrx_word' id='word_1_578' title='bbox 1642 4855 1898 4915; x_wconf 91' lang='lat' dir='ltr'><strong>quantum</strong></span> 
     </span>
    </p>
   </div>
   <div class='ocr_carea' id='block_1_93' title="bbox 300 4935 1898 5006">
    <p class='ocr_par' dir='ltr' id='par_1_93' title="bbox 300 4935 1898 5006">
     <span class='ocr_line' id='line_1_93' title="bbox 300 4935 1898 5006; baseline 0.001 -16"><span class='ocrx_word' id='word_1_579' title='bbox 300 4935 632 4991; x_wconf 81' lang='lat' dir='ltr'><strong>discriminis</strong></span> <span class='ocrx_word' id='word_1_580' title='bbox 653 4935 840 5004; x_wconf 84' lang='lat' dir='ltr'><strong>movit,</strong></span> <span class='ocrx_word' id='word_1_581' title='bbox 871 4944 1074 4990; x_wconf 88' lang='lat' dir='ltr'><strong>tantum</strong></span> <span class='ocrx_word' id='word_1_582' title='bbox 1101 4935 1274 4991; x_wconf 89' lang='lat' dir='ltr'><strong>laudis</strong></span> <span class='ocrx_word' id='word_1_583' title='bbox 1303 4937 1526 5006; x_wconf 89' lang='lat' dir='ltr'><strong>paravit.</strong></span> <span class='ocrx_word' id='word_1_584' title='bbox 1556 4937 1735 4993; x_wconf 77' lang='lat' dir='ltr'><strong>Multis</strong></span> <span class='ocrx_word' id='word_1_585' title='bbox 1756 4939 1898 4992; x_wconf 89' lang='lat' dir='ltr'><strong>enim</strong></span> 
     </span>
    </p>
   </div>
   <div class='ocr_carea' id='block_1_94' title="bbox 304 5027 1901 5098">
    <p class='ocr_par' dir='ltr' id='par_1_94' title="bbox 304 5027 1901 5098">
     <span class='ocr_line' id='line_1_94' title="bbox 304 5027 1901 5098; baseline 0.004 -18"><span class='ocrx_word' id='word_1_586' title='bbox 304 5028 727 5098; x_wconf 58' lang='lat' dir='ltr'><strong>quaistionibus,</strong></span> <span class='ocrx_word' id='word_1_587' title='bbox 759 5040 812 5082; x_wconf 92' lang='lat' dir='ltr'><strong>et</strong></span> <span class='ocrx_word' id='word_1_588' title='bbox 841 5027 983 5097; x_wconf 88' lang='lat' dir='ltr'><strong>quod</strong></span> <span class='ocrx_word' id='word_1_589' title='bbox 1013 5037 1097 5082; x_wconf 91' lang='lat' dir='ltr'><strong>est</strong></span> <span class='ocrx_word' id='word_1_590' title='bbox 1125 5029 1493 5096; x_wconf 82' lang='lat' dir='ltr'><strong>potissimum,</strong></span> <span class='ocrx_word' id='word_1_591' title='bbox 1526 5029 1780 5098; x_wconf 90' lang='lat' dir='ltr'><strong>principis</strong></span> <span class='ocrx_word' id='word_1_592' title='bbox 1807 5044 1901 5086; x_wconf 87' lang='lat' dir='ltr'><strong>ore</strong></span> 
     </span>
    </p>
   </div>
   <div class='ocr_carea' id='block_1_95' title="bbox 307 5122 1900 5192">
    <p class='ocr_par' dir='ltr' id='par_1_95' title="bbox 307 5122 1900 5192">
     <span class='ocr_line' id='line_1_95' title="bbox 307 5122 1900 5192; baseline 0.003 -20"><span class='ocrx_word' id='word_1_593' title='bbox 307 5129 565 5192; x_wconf 82' lang='lat' dir='ltr'><strong>purgatus</strong></span> <span class='ocrx_word' id='word_1_594' title='bbox 605 5129 851 5186; x_wconf 85' lang='lat' dir='ltr'><strong>senator,</strong></span> <span class='ocrx_word' id='word_1_595' title='bbox 881 5128 1109 5188; x_wconf 81' lang='lat' dir='ltr'><strong>arguere</strong></span> <span class='ocrx_word' id='word_1_596' title='bbox 1152 5136 1256 5175; x_wconf 92' lang='lat' dir='ltr'><strong>non</strong></span> <span class='ocrx_word' id='word_1_597' title='bbox 1305 5130 1479 5189; x_wconf 84' lang='lat' dir='ltr'><strong>potest</strong></span> <span class='ocrx_word' id='word_1_598' title='bbox 1523 5122 1762 5191; x_wconf 85' lang='lat' dir='ltr'><strong>parentis</strong></span> <span class='ocrx_word' id='word_1_599' title='bbox 1800 5122 1900 5177; x_wconf 88' lang='lat' dir='ltr'><strong>im-</strong></span> 
     </span>
    </p>
   </div>
   <div class='ocr_carea' id='block_1_96' title="bbox 305 5211 1900 5280">
    <p class='ocr_par' dir='ltr' id='par_1_96' title="bbox 305 5211 1900 5280">
     <span class='ocr_line' id='line_1_96' title="bbox 305 5211 1900 5280; baseline 0.004 -20"><span class='ocrx_word' id='word_1_600' title='bbox 305 5213 448 5280; x_wconf 75' lang='lat' dir='ltr'><strong>piam</strong></span> <span class='ocrx_word' id='word_1_601' title='bbox 476 5211 826 5278; x_wconf 79' lang='lat' dir='ltr'><strong>voluntatem,</strong></span> <span class='ocrx_word' id='word_1_602' title='bbox 855 5225 973 5280; x_wconf 65' lang='lat' dir='ltr'><strong>quae</strong></span> <span class='ocrx_word' id='word_1_603' title='bbox 1001 5211 1074 5264; x_wconf 88' lang='lat' dir='ltr'><strong>illi</strong></span> <span class='ocrx_word' id='word_1_604' title='bbox 1113 5212 1363 5277; x_wconf 68' lang='lat' dir='ltr'><strong>prtestitit</strong></span> <span class='ocrx_word' id='word_1_605' title='bbox 1393 5212 1751 5267; x_wconf 90' lang='lat' dir='ltr'><strong>innocentiam</strong></span> <span class='ocrx_word' id='word_1_606' title='bbox 1789 5213 1900 5268; x_wconf 85' lang='lat' dir='ltr'><strong>cla-</strong></span> 
     </span>
    </p>
   </div>
   <div class='ocr_carea' id='block_1_97' title="bbox 301 5301 1896 5374">
    <p class='ocr_par' dir='ltr' id='par_1_97' title="bbox 301 5301 1896 5374">
     <span class='ocr_line' id='line_1_97' title="bbox 301 5301 1896 5374; baseline 0.003 -21"><span class='ocrx_word' id='word_1_607' title='bbox 301 5303 519 5357; x_wconf 89' lang='lat' dir='ltr'><strong>riorem.</strong></span> <span class='ocrx_word' id='word_1_608' title='bbox 550 5301 704 5357; x_wconf 77' lang='lat' dir='ltr'><strong>Hunc</strong></span> <span class='ocrx_word' id='word_1_609' title='bbox 742 5303 787 5356; x_wconf 88' lang='lat' dir='ltr'><strong>si</strong></span> <span class='ocrx_word' id='word_1_610' title='bbox 821 5316 1003 5356; x_wconf 91' lang='lat' dir='ltr'><strong>amare</strong></span> <span class='ocrx_word' id='word_1_611' title='bbox 1041 5311 1317 5371; x_wconf 84' lang='lat' dir='ltr'><strong>postulas,</strong></span> <span class='ocrx_word' id='word_1_612' title='bbox 1351 5303 1688 5374; x_wconf 86' lang='lat' dir='ltr'><strong>imperatoris</strong></span> <span class='ocrx_word' id='word_1_613' title='bbox 1729 5303 1896 5358; x_wconf 91' lang='lat' dir='ltr'><strong>nostri</strong></span> 
     </span>
    </p>
   </div>
   <div class='ocr_carea' id='block_1_98' title="bbox 299 5391 1894 5462">
    <p class='ocr_par' dir='ltr' id='par_1_98' title="bbox 299 5391 1894 5462">
     <span class='ocr_line' id='line_1_98' title="bbox 299 5391 1894 5462; baseline 0.001 -12"><span class='ocrx_word' id='word_1_614' title='bbox 299 5392 668 5450; x_wconf 77' lang='lat' dir='ltr'><strong>testimonium</strong></span> <span class='ocrx_word' id='word_1_615' title='bbox 693 5393 840 5462; x_wconf 86' lang='lat' dir='ltr'><strong>lege,</strong></span> <span class='ocrx_word' id='word_1_616' title='bbox 872 5401 930 5446; x_wconf 88' lang='lat' dir='ltr'><strong>ut</strong></span> <span class='ocrx_word' id='word_1_617' title='bbox 964 5391 1212 5448; x_wconf 89' lang='lat' dir='ltr'><strong>advertas</strong></span> <span class='ocrx_word' id='word_1_618' title='bbox 1239 5393 1464 5448; x_wconf 79' lang='lat' dir='ltr'><strong>feliciter</strong></span> <span class='ocrx_word' id='word_1_619' title='bbox 1493 5394 1690 5450; x_wconf 89' lang='lat' dir='ltr'><strong>factum</strong></span> <span class='ocrx_word' id='word_1_620' title='bbox 1719 5409 1894 5460; x_wconf 87' lang='lat' dir='ltr'><strong>reum,</strong></span> 
     </span>
    </p>
   </div>
   <div class='ocr_carea' id='block_1_99' title="bbox 303 5485 1315 5554">
    <p class='ocr_par' dir='ltr' id='par_1_99' title="bbox 303 5485 1315 5554">
     <span class='ocr_line' id='line_1_99' title="bbox 303 5485 1315 5554; baseline 0.002 -18"><span class='ocrx_word' id='word_1_621' title='bbox 303 5501 463 5554; x_wconf 84' lang='lat' dir='ltr'><strong>quem</strong></span> <span class='ocrx_word' id='word_1_622' title='bbox 492 5488 572 5544; x_wconf 83' lang='lat' dir='ltr'><strong>sic</strong></span> <span class='ocrx_word' id='word_1_623' title='bbox 600 5486 785 5543; x_wconf 84' lang='lat' dir='ltr'><strong>videas</strong></span> <span class='ocrx_word' id='word_1_624' title='bbox 808 5486 1132 5543; x_wconf 84' lang='lat' dir='ltr'><strong>absolutum.</strong></span> <span class='ocrx_word' id='word_1_625' title='bbox 1165 5485 1315 5542; x_wconf 84' lang='lat' dir='ltr'><strong>Vale.</strong></span> 
     </span>
    </p>
   </div>
   <div class='ocr_carea' id='block_1_100' title="bbox 937 5572 1261 5630">
    <p class='ocr_par' dir='ltr' id='par_1_100' title="bbox 937 5572 1261 5630">
     <span class='ocr_line' id='line_1_100' title="bbox 937 5572 1261 5630; baseline -0.006 -1"><span class='ocrx_word' id='word_1_626' title='bbox 937 5572 1156 5630; x_wconf 82' lang='lat' dir='ltr'><strong>EPIST.</strong></span> <span class='ocrx_word' id='word_1_627' title='bbox 1195 5574 1261 5628; x_wconf 91' lang='lat' dir='ltr'><strong>II.</strong></span> 
     </span>
    </p>
   </div>
   <div class='ocr_carea' id='block_1_101' title="bbox 688 5681 1519 5726">
    <p class='ocr_par' dir='ltr' id='par_1_101' title="bbox 688 5681 1519 5726">
     <span class='ocr_line' id='line_1_101' title="bbox 688 5681 1519 5726; baseline -0.006 -1"><span class='ocrx_word' id='word_1_628' title='bbox 688 5683 994 5726; x_wconf 66' lang='grc' dir='ltr'><strong>εἴκεις-οε</strong></span> <span class='ocrx_word' id='word_1_629' title='bbox 1021 5681 1281 5722; x_wconf 68' lang='grc' dir='ltr'><strong>ῖιΑνιΑΝο</strong></span> <span class='ocrx_word' id='word_1_630' title='bbox 1309 5683 1519 5722; x_wconf 72' lang='lat' dir='ltr'><strong>FRATRI.</strong></span> 
     </span>
    </p>
   </div>
   <div class='ocr_carea' id='block_1_102' title="bbox 366 5757 1897 5834">
    <p class='ocr_par' dir='ltr' id='par_1_102' title="bbox 366 5757 1897 5834">
     <span class='ocr_line' id='line_1_102' title="bbox 366 5757 1897 5834; baseline -0.007 -10"><span class='ocrx_word' id='word_1_631' title='bbox 366 5763 571 5824; x_wconf 63' lang='grc' dir='ltr'><strong>τηου</strong></span> <span class='ocrx_word' id='word_1_632' title='bbox 632 5762 849 5834; x_wconf 67' lang='grc' dir='ltr'><strong>ιποάῖςδ</strong></span> <span class='ocrx_word' id='word_1_633' title='bbox 892 5760 1067 5818; x_wconf 87' lang='lat' dir='ltr'><strong>laudis</strong></span> <span class='ocrx_word' id='word_1_634' title='bbox 1108 5769 1380 5826; x_wconf 86' lang='lat' dir='ltr'><strong>vetustas,</strong></span> <span class='ocrx_word' id='word_1_635' title='bbox 1447 5775 1568 5825; x_wconf 85' lang='lat' dir='ltr'><strong>qua:</strong></span> <span class='ocrx_word' id='word_1_636' title='bbox 1619 5757 1897 5829; x_wconf 83' lang='lat' dir='ltr'><strong>Apellem,</strong></span> 
     </span>
    </p>
   </div>
   <div class='ocr_carea' id='block_1_103' title="bbox 1922 4656 3598 4727">
    <p class='ocr_par' dir='ltr' id='par_1_103' title="bbox 1922 4656 3598 4727">
     <span class='ocr_line' id='line_1_103' title="bbox 1922 4656 3598 4727; baseline -0.005 -8"><span class='ocrx_word' id='word_1_637' title='bbox 1922 4667 1974 4727; x_wconf 87' lang='lat' dir='ltr'><strong><em>D</em></strong></span> <span class='ocrx_word' id='word_1_638' title='bbox 2000 4663 2219 4718; x_wconf 82' lang='lat' dir='ltr'><strong>Zeuxim</strong></span> <span class='ocrx_word' id='word_1_639' title='bbox 2239 4701 2252 4724; x_wconf 93' lang='lat'><strong>,</strong></span> <span class='ocrx_word' id='word_1_640' title='bbox 2285 4662 2370 4715; x_wconf 89' lang='lat' dir='ltr'><strong>vel</strong></span> <span class='ocrx_word' id='word_1_641' title='bbox 2402 4659 2595 4715; x_wconf 79' lang='lat' dir='ltr'><strong>homin</strong></span> <span class='ocrx_word' id='word_1_642' title='bbox 2632 4659 2869 4722; x_wconf 87' lang='lat' dir='ltr'><strong>similes,</strong></span> <span class='ocrx_word' id='word_1_643' title='bbox 2900 4665 2957 4710; x_wconf 82' lang='grc' dir='ltr'><strong>ιιι</strong></span> <span class='ocrx_word' id='word_1_644' title='bbox 2992 4671 3258 4726; x_wconf 75' lang='lat' dir='ltr'><strong>quemque</strong></span> <span class='ocrx_word' id='word_1_645' title='bbox 3287 4665 3417 4710; x_wconf 78' lang='lat' dir='ltr'><strong>mtas</strong></span> <span class='ocrx_word' id='word_1_646' title='bbox 3449 4656 3598 4718; x_wconf 85' lang='lat' dir='ltr'><strong>tulit,</strong></span> 
     </span>
    </p>
   </div>
   <div class='ocr_carea' id='block_1_104' title="bbox 2009 4746 3602 4819">
    <p class='ocr_par' dir='ltr' id='par_1_104' title="bbox 2009 4746 3602 4819">
     <span class='ocr_line' id='line_1_104' title="bbox 2009 4746 3602 4819; baseline -0.003 -13"><span class='ocrx_word' id='word_1_647' title='bbox 2009 4751 2341 4806; x_wconf 90' lang='lat' dir='ltr'><strong>voluminum</strong></span> <span class='ocrx_word' id='word_1_648' title='bbox 2367 4752 2570 4804; x_wconf 88' lang='lat' dir='ltr'><strong>honore</strong></span> <span class='ocrx_word' id='word_1_649' title='bbox 2589 4749 2802 4819; x_wconf 89' lang='lat' dir='ltr'><strong>dignata</strong></span> <span class='ocrx_word' id='word_1_650' title='bbox 2821 4757 2926 4803; x_wconf 91' lang='lat' dir='ltr'><strong>est.</strong></span> <span class='ocrx_word' id='word_1_651' title='bbox 2957 4747 3077 4801; x_wconf 75' lang='lat' dir='ltr'><strong>Mitti</strong></span> <span class='ocrx_word' id='word_1_652' title='bbox 3101 4762 3225 4817; x_wconf 88' lang='lat' dir='ltr'><strong>erga</strong></span> <span class='ocrx_word' id='word_1_653' title='bbox 3251 4746 3434 4801; x_wconf 85' lang='lat' dir='ltr'><strong>Lucilli</strong></span> <span class='ocrx_word' id='word_1_654' title='bbox 3469 4762 3602 4815; x_wconf 70' lang='lat' dir='ltr'><strong>prae-</strong></span> 
     </span>
    </p>
   </div>
   <div class='ocr_carea' id='block_1_105' title="bbox 2007 4839 3602 4910">
    <p class='ocr_par' dir='ltr' id='par_1_105' title="bbox 2007 4839 3602 4910">
     <span class='ocr_line' id='line_1_105' title="bbox 2007 4839 3602 4910; baseline -0.004 -12"><span class='ocrx_word' id='word_1_655' title='bbox 2007 4843 2328 4898; x_wconf 84' lang='lat' dir='ltr'><strong>dicationetn</strong></span> <span class='ocrx_word' id='word_1_656' title='bbox 2359 4857 2539 4898; x_wconf 88' lang='lat' dir='ltr'><strong>sermo</strong></span> <span class='ocrx_word' id='word_1_657' title='bbox 2565 4842 2794 4910; x_wconf 89' lang='lat' dir='ltr'><strong>parcior,</strong></span> <span class='ocrx_word' id='word_1_658' title='bbox 2821 4841 2952 4895; x_wconf 86' lang='lat' dir='ltr'><strong>titles</strong></span> <span class='ocrx_word' id='word_1_659' title='bbox 2973 4839 3142 4908; x_wconf 82' lang='lat' dir='ltr'><strong>major</strong></span> <span class='ocrx_word' id='word_1_660' title='bbox 3166 4849 3271 4893; x_wconf 78' lang='lat' dir='ltr'><strong>est.</strong></span> <span class='ocrx_word' id='word_1_661' title='bbox 3296 4839 3431 4905; x_wconf 89' lang='lat' dir='ltr'><strong>Quid</strong></span> <span class='ocrx_word' id='word_1_662' title='bbox 3459 4839 3602 4892; x_wconf 90' lang='lat' dir='ltr'><strong>enim</strong></span> 
     </span>
    </p>
   </div>
   <div class='ocr_carea' id='block_1_106' title="bbox 2004 4927 3605 4999">
    <p class='ocr_par' dir='ltr' id='par_1_106' title="bbox 2004 4927 3605 4999">
     <span class='ocr_line' id='line_1_106' title="bbox 2004 4927 3605 4999; baseline -0.003 -13"><span class='ocrx_word' id='word_1_663' title='bbox 2004 4937 2147 4999; x_wconf 81' lang='lat' dir='ltr'><strong>juvat</strong></span> <span class='ocrx_word' id='word_1_664' title='bbox 2183 4933 2460 4994; x_wconf 70' lang='lat' dir='ltr'><strong>indulgere</strong></span> <span class='ocrx_word' id='word_1_665' title='bbox 2482 4931 2690 4996; x_wconf 86' lang='lat' dir='ltr'><strong>verbis,</strong></span> <span class='ocrx_word' id='word_1_666' title='bbox 2728 4947 2848 4983; x_wconf 84' lang='lat' dir='ltr'><strong>curn</strong></span> <span class='ocrx_word' id='word_1_667' title='bbox 2878 4945 2991 4982; x_wconf 84' lang='lat' dir='ltr'><strong>rem</strong></span> <span class='ocrx_word' id='word_1_668' title='bbox 3037 4930 3190 4983; x_wconf 76' lang='lat' dir='ltr'><strong>liceat</strong></span> <span class='ocrx_word' id='word_1_669' title='bbox 3221 4927 3490 4997; x_wconf 80' lang='lat' dir='ltr'><strong>experiri?</strong></span> <span class='ocrx_word' id='word_1_670' title='bbox 3522 4927 3605 4984; x_wconf 91' lang='lat' dir='ltr'><strong>Sit</strong></span> 
     </span>
    </p>
   </div>
   <div class='ocr_carea' id='block_1_107' title="bbox 2009 5019 3603 5093">
    <p class='ocr_par' dir='ltr' id='par_1_107' title="bbox 2009 5019 3603 5093">
     <span class='ocr_line' id='line_1_107' title="bbox 2009 5019 3603 5093; baseline -0.004 -15"><span class='ocrx_word' id='word_1_671' title='bbox 2009 5025 2168 5093; x_wconf 83' lang='lat' dir='ltr'><strong>igitur</strong></span> <span class='ocrx_word' id='word_1_672' title='bbox 2195 5024 2266 5079; x_wconf 87' lang='lat' dir='ltr'><strong>de</strong></span> <span class='ocrx_word' id='word_1_673' title='bbox 2298 5023 2400 5077; x_wconf 89' lang='lat' dir='ltr'><strong>hoc</strong></span> <span class='ocrx_word' id='word_1_674' title='bbox 2442 5033 2530 5075; x_wconf 90' lang='lat' dir='ltr'><strong>tua</strong></span> <span class='ocrx_word' id='word_1_675' title='bbox 2577 5021 2938 5085; x_wconf 51' lang='lat' dir='ltr'><strong>existimatio,</strong></span> <span class='ocrx_word' id='word_1_676' title='bbox 2971 5021 3061 5089; x_wconf 88' lang='lat' dir='ltr'><strong>qui</strong></span> <span class='ocrx_word' id='word_1_677' title='bbox 3105 5020 3364 5072; x_wconf 81' lang='lat' dir='ltr'><strong>bonarum</strong></span> <span class='ocrx_word' id='word_1_678' title='bbox 3408 5019 3603 5073; x_wconf 88' lang='lat' dir='ltr'><strong>artium</strong></span> 
     </span>
    </p>
   </div>
   <div class='ocr_carea' id='block_1_108' title="bbox 2007 5107 3607 5184">
    <p class='ocr_par' dir='ltr' id='par_1_108' title="bbox 2007 5107 3607 5184">
     <span class='ocr_line' id='line_1_108' title="bbox 2007 5107 3607 5184; baseline -0.004 -16"><span class='ocrx_word' id='word_1_679' title='bbox 2007 5122 2280 5184; x_wconf 83' lang='lat' dir='ltr'><strong>spectator</strong></span> <span class='ocrx_word' id='word_1_680' title='bbox 2299 5127 2515 5180; x_wconf 90' lang='lat' dir='ltr'><strong>semper</strong></span> <span class='ocrx_word' id='word_1_681' title='bbox 2535 5109 2703 5165; x_wconf 90' lang='lat' dir='ltr'><strong>fuisti.</strong></span> <span class='ocrx_word' id='word_1_682' title='bbox 2727 5110 2838 5178; x_wconf 83' lang='lat' dir='ltr'><strong>Ego</strong></span> <span class='ocrx_word' id='word_1_683' title='bbox 2859 5108 3122 5163; x_wconf 86' lang='lat' dir='ltr'><strong>Lucillum</strong></span> <span class='ocrx_word' id='word_1_684' title='bbox 3145 5107 3422 5163; x_wconf 74' lang='lat' dir='ltr'><strong>modestia:</strong></span> <span class='ocrx_word' id='word_1_685' title='bbox 3445 5121 3607 5163; x_wconf 62' lang='lat' dir='ltr'><strong>mera:</strong></span> 
     </span>
    </p>
   </div>
   <div class='ocr_carea' id='block_1_109' title="bbox 2003 5200 3606 5277">
    <p class='ocr_par' dir='ltr' id='par_1_109' title="bbox 2003 5200 3606 5277">
     <span class='ocr_line' id='line_1_109' title="bbox 2003 5200 3606 5277; baseline -0.004 -17"><span class='ocrx_word' id='word_1_686' title='bbox 2003 5217 2164 5277; x_wconf 87' lang='lat' dir='ltr'><strong>atque</strong></span> <span class='ocrx_word' id='word_1_687' title='bbox 2228 5204 2532 5260; x_wconf 87' lang='lat' dir='ltr'><strong>honestatis</strong></span> <span class='ocrx_word' id='word_1_688' title='bbox 2605 5203 2882 5272; x_wconf 84' lang='lat' dir='ltr'><strong>astipulor.</strong></span> <span class='ocrx_word' id='word_1_689' title='bbox 2936 5201 3222 5274; x_wconf 79' lang='lat' dir='ltr'><strong>Videturne</strong></span> <span class='ocrx_word' id='word_1_690' title='bbox 3275 5201 3369 5256; x_wconf 91' lang='lat' dir='ltr'><strong>tibi</strong></span> <span class='ocrx_word' id='word_1_691' title='bbox 3412 5200 3606 5270; x_wconf 82' lang='lat' dir='ltr'><strong>dignus</strong></span> 
     </span>
    </p>
   </div>
   <div class='ocr_carea' id='block_1_110' title="bbox 2004 5291 3643 5378">
    <p class='ocr_par' dir='ltr' id='par_1_110' title="bbox 2004 5291 3643 5378">
     <span class='ocr_line' id='line_1_110' title="bbox 2004 5291 3643 5378; baseline -0.007 -24"><span class='ocrx_word' id='word_1_692' title='bbox 2004 5313 2158 5365; x_wconf 87' lang='lat' dir='ltr'><strong>esse,</strong></span> <span class='ocrx_word' id='word_1_693' title='bbox 2189 5313 2346 5369; x_wconf 91' lang='lat' dir='ltr'><strong>quem</strong></span> <span class='ocrx_word' id='word_1_694' title='bbox 2373 5296 2591 5366; x_wconf 88' lang='lat' dir='ltr'><strong>diligas,</strong></span> <span class='ocrx_word' id='word_1_695' title='bbox 2622 5295 2774 5363; x_wconf 84' lang='lat' dir='ltr'><strong>cujus</strong></span> <span class='ocrx_word' id='word_1_696' title='bbox 2803 5294 3041 5362; x_wconf 79' lang='lat' dir='ltr'><strong>gravitas</strong></span> <span class='ocrx_word' id='word_1_697' title='bbox 3068 5307 3333 5364; x_wconf 88' lang='lat' dir='ltr'><strong>sponsore</strong></span> <span class='ocrx_word' id='word_1_698' title='bbox 3363 5307 3450 5346; x_wconf 92' lang='lat' dir='ltr'><strong>me</strong></span> <span class='ocrx_word' id='word_1_699' title='bbox 3479 5291 3605 5345; x_wconf 86' lang='lat' dir='ltr'><strong>niti-</strong></span> <span class='ocrx_word' id='word_1_700' title='bbox 3635 5312 3643 5378; x_wconf 51' lang='grc' dir='ltr'><strong>ἱ</strong></span> 
     </span>
    </p>
   </div>
   <div class='ocr_carea' id='block_1_111' title="bbox 2006 5380 3606 5456">
    <p class='ocr_par' dir='ltr' id='par_1_111' title="bbox 2006 5380 3606 5456">
     <span class='ocr_line' id='line_1_111' title="bbox 2006 5380 3606 5456; baseline -0.006 -13"><span class='ocrx_word' id='word_1_701' title='bbox 2006 5399 2114 5456; x_wconf 88' lang='lat' dir='ltr'><strong>tur,</strong></span> <span class='ocrx_word' id='word_1_702' title='bbox 2140 5403 2229 5445; x_wconf 88' lang='lat' dir='ltr'><strong>ars</strong></span> <span class='ocrx_word' id='word_1_703' title='bbox 2250 5398 2306 5443; x_wconf 89' lang='lat' dir='ltr'><strong>et</strong></span> <span class='ocrx_word' id='word_1_704' title='bbox 2331 5387 2563 5442; x_wconf 89' lang='lat' dir='ltr'><strong>eruditio</strong></span> <span class='ocrx_word' id='word_1_705' title='bbox 2596 5395 2648 5440; x_wconf 91' lang='lat' dir='ltr'><strong>te</strong></span> <span class='ocrx_word' id='word_1_706' title='bbox 2685 5385 2856 5452; x_wconf 89' lang='lat' dir='ltr'><strong>ipsum</strong></span> <span class='ocrx_word' id='word_1_707' title='bbox 2881 5383 3116 5454; x_wconf 89' lang='lat' dir='ltr'><strong>judicem</strong></span> <span class='ocrx_word' id='word_1_708' title='bbox 3150 5381 3428 5440; x_wconf 72' lang='lat' dir='ltr'><strong>meretur?</strong></span> <span class='ocrx_word' id='word_1_709' title='bbox 3456 5380 3606 5435; x_wconf 81' lang='lat' dir='ltr'><strong>Vale.</strong></span> 
     </span>
    </p>
   </div>
   <div class='ocr_carea' id='block_1_112' title="bbox 2627 5474 2972 5530">
    <p class='ocr_par' dir='ltr' id='par_1_112' title="bbox 2627 5474 2972 5530">
     <span class='ocr_line' id='line_1_112' title="bbox 2627 5474 2972 5530; baseline -0.003 -1"><span class='ocrx_word' id='word_1_710' title='bbox 2627 5474 2842 5530; x_wconf 78' lang='lat' dir='ltr'><strong>EI’IS&#39;I&#39;.</strong></span> <span class='ocrx_word' id='word_1_711' title='bbox 2885 5474 2972 5529; x_wconf 91' lang='lat' dir='ltr'><strong>III.</strong></span> 
     </span>
    </p>
   </div>
   <div class='ocr_carea' id='block_1_113' title="bbox 2379 5580 3224 5626">
    <p class='ocr_par' dir='ltr' id='par_1_113' title="bbox 2379 5580 3224 5626">
     <span class='ocr_line' id='line_1_113' title="bbox 2379 5580 3224 5626; baseline -0.007 -1"><span class='ocrx_word' id='word_1_712' title='bbox 2379 5583 2687 5626; x_wconf 70' lang='lat' dir='ltr'><strong>SYIIACIIUS</strong></span> <span class='ocrx_word' id='word_1_713' title='bbox 2719 5580 2979 5622; x_wconf 70' lang='lat' dir='ltr'><strong>FLAVIANO</strong></span> <span class='ocrx_word' id='word_1_714' title='bbox 3007 5581 3224 5622; x_wconf 72' lang='lat' dir='ltr'><strong>FRATRI.</strong></span> 
     </span>
    </p>
   </div>
   <div class='ocr_carea' id='block_1_114' title="bbox 2081 5653 3608 5732">
    <p class='ocr_par' dir='ltr' id='par_1_114' title="bbox 2081 5653 3608 5732">
     <span class='ocr_line' id='line_1_114' title="bbox 2081 5653 3608 5732; baseline -0.006 -11"><span class='ocrx_word' id='word_1_715' title='bbox 2081 5667 2327 5721; x_wconf 78' lang='lat' dir='ltr'><strong>Fratrum</strong></span> <span class='ocrx_word' id='word_1_716' title='bbox 2367 5663 2577 5732; x_wconf 86' lang='lat' dir='ltr'><strong>negotia</strong></span> <span class='ocrx_word' id='word_1_717' title='bbox 2603 5662 2742 5718; x_wconf 87' lang='lat' dir='ltr'><strong>velle</strong></span> <span class='ocrx_word' id='word_1_718' title='bbox 2783 5669 3116 5730; x_wconf 84' lang='lat' dir='ltr'><strong>cognoscere</strong></span> <span class='ocrx_word' id='word_1_719' title='bbox 3166 5658 3250 5727; x_wconf 88' lang='lat' dir='ltr'><strong>pia</strong></span> <span class='ocrx_word' id='word_1_720' title='bbox 3288 5664 3342 5710; x_wconf 93' lang='lat' dir='ltr'><strong>et</strong></span> <span class='ocrx_word' id='word_1_721' title='bbox 3381 5653 3608 5712; x_wconf 68' lang='lat' dir='ltr'><strong>honesta</strong></span> 
     </span>
    </p>
   </div>
   <div class='ocr_carea' id='block_1_115' title="bbox 2009 5746 3607 5822">
    <p class='ocr_par' dir='ltr' id='par_1_115' title="bbox 2009 5746 3607 5822">
     <span class='ocr_line' id='line_1_115' title="bbox 2009 5746 3607 5822; baseline -0.006 -8"><span class='ocrx_word' id='word_1_722' title='bbox 2009 5756 2212 5814; x_wconf 86' lang='lat' dir='ltr'><strong>curatio</strong></span> <span class='ocrx_word' id='word_1_723' title='bbox 2253 5765 2358 5814; x_wconf 75' lang='lat' dir='ltr'><strong>est.</strong></span> <span class='ocrx_word' id='word_1_724' title='bbox 2404 5755 2620 5812; x_wconf 72' lang='lat' dir='ltr'><strong>Lubens</strong></span> <span class='ocrx_word' id='word_1_725' title='bbox 2659 5753 2818 5822; x_wconf 88' lang='lat' dir='ltr'><strong>igitur</strong></span> <span class='ocrx_word' id='word_1_726' title='bbox 2844 5749 3185 5818; x_wconf 84' lang='lat' dir='ltr'><strong>respondebo</strong></span> <span class='ocrx_word' id='word_1_727' title='bbox 3211 5749 3473 5818; x_wconf 72' lang='lat' dir='ltr'><strong>quaesitis.</strong></span> <span class='ocrx_word' id='word_1_728' title='bbox 3503 5746 3607 5804; x_wconf 83' lang='lat' dir='ltr'><strong>Ctt-</strong></span> 
     </span>
    </p>
   </div>
   <div class='ocr_carea' id='block_1_116' title="bbox 3630 5392 3648 5550">
    <p class='ocr_par' dir='ltr' id='par_1_116' title="bbox 3630 5392 3648 5550">
     <span class='ocr_line' id='line_1_116' title="bbox 3630 5392 3648 5550; baseline 0 0"><span class='ocrx_word' id='word_1_729' title='bbox 3630 5392 3648 5550; x_wconf 64' lang='grc' dir='ltr'><em>Ι</em></span> 
     </span>
    </p>
   </div>
  </div>
