4074 6176
465 315 568 376 179

1635 317 1699 384 ο.
1743 314 2085 374 AURELIUS
2120 314 2558 374 svuuacnus.

3646 316 3745 374 litt)

464 441 624 499 puam
647 424 819 486 multo
839 425 1012 484 imbre
1034 428 1390 498 pervenimus.
1421 428 1520 483 llic
1547 429 1779 483 triduum
1805 441 2048 482 commo-
2081 433 2130 490 Α
2157 425 2327 496 majus
2374 427 2650 484 habeatur.
2698 428 2849 486 Adde
2893 429 3035 501 quod
3080 430 3284 501 integer
3327 431 3538 484 animus
3591 442 3742 500 putat

459 520 562 575 rati
584 518 650 574 ad
674 518 958 576 levandum
985 519 1248 588 laborem,
1277 519 1620 576 Terracinam
1645 517 1813 588 prius,
1836 527 1888 573 et
1909 527 2056 587 pust-

461 610 599 666 ridie
643 609 886 666 Formias
931 609 1244 666 continuato
1287 609 1571 679 petivimus
1619 622 1869 664 excursu.
1915 606 2048 662 Fors

461 699 596 765 fuat,
624 713 694 756 an
721 703 893 771 possit
921 699 1085 754 biduo
1113 709 1269 755 tenus
1299 697 1540 768 ejusdem
1589 712 1686 753 nos
1726 696 1911 766 praedii
1951 711 2049 749 an-

459 807 600 852 nona
629 793 880 848 retinere.
906 790 1016 847 Vos
1038 791 1266 855 interea,
1289 797 1506 860 peracto
1526 789 1666 858 quod
1693 788 1874 842 Roma:
1895 801 2052 856 agere

453 883 774 952 destinatis,
804 883 1029 953 Appiam
1073 882 1176 938 diis
1213 881 1516 954 auspicibus
1555 880 1834 948 inclinate,
1872 894 1934 934 ea
1966 878 2050 934 di-

462 971 762 1039 mensione,
785 981 842 1028 ut
857 973 959 1029 iter
976 982 1221 1030 nostrum
1251 973 1506 1042 proximis
1530 970 1767 1044 vestigiis
1789 971 2046 1042 urgentis.

462 1060 610 1120 Vale.

1082 1133 1297 1190 EPIST.
1338 1133 1426 1190 Ν.

833 1238 1144 1280 εηκλςιῐυε
1172 1240 1431 1280 ΡιΑγιΑΝο
1461 1240 1674 1281 FRATRI.

529 1311 666 1368 Volo
704 1314 982 1385 quiescas,
1026 1327 1077 1371 et
1118 1332 1364 1372 curarum
1410 1333 1610 1372 vacuus
1656 1317 1863 1374 otieris.
1912 1315 2045 1372 Nam

457 1403 592 1459 mihi
621 1405 703 1460 vir
731 1406 986 1462 banestus
1013 1408 1278 1463 Antonius
1303 1409 1429 1464 fecit
1458 1410 1735 1473 indicium,
1766 1409 2046 1480 legationis

456 1496 724 1554 Africana:
745 1501 1026 1555 consilium
1052 1504 1332 1569 torpuisse.
1363 1503 1601 1557 Accessit
1627 1503 1696 1557 ad
1723 1501 1879 1558 fidem
1909 1519 2046 1557 nun-

457 1588 515 1644 tii
537 1629 552 1654 ,
584 1589 724 1659 quod
765 1591 959 1646 similia
1003 1608 1164 1662 super
1201 1593 1302 1648 hoc
1336 1593 1548 1663 negotio
1576 1605 1819 1650 recentes
1847 1596 2045 1649 amico-

457 1694 574 1734 rum
613 1680 804 1736 litteran
843 1683 1194 1752 pertulerunt.
1234 1684 1366 1738 Num
1405 1695 1488 1739 est
1526 1686 1664 1739 aliud
1688 1727 1702 1751 ,
1733 1687 1874 1754 quod
1903 1688 2046 1742 scire

2159 520 2516 576 innocentiam
2548 537 2697 575 suam
2737 523 2934 592 minui,
2966 526 3011 578 si
3049 522 3301 593 periculis
3329 537 3548 576 suorum
3580 521 3736 574 desit.

2159 609 2281 664 llaec
2306 625 2424 678 ego,
2460 626 2563 664 non
2596 619 2654 664 ut
2681 612 2915 667 celerem
2948 613 3179 668 reditum
3213 611 3306 665 tibi
3333 611 3584 665 suadeam
3605 649 3622 674 ,
3645 610 3739 664 sed

2156 709 2213 754 ut
2261 704 2482 755 nover's
2527 701 2578 756 in
2617 705 2991 760 communibus
3031 704 3183 758 malis
3233 702 3362 756 nihil
3411 716 3566 768 esse,
3595 699 3739 770 quod

2154 793 2428 859 prteferas.
2446 793 2581 861 Quid
2602 795 2743 850 enim
2763 795 2979 864 juvares
3001 794 3408 862 rempublicam,
3433 807 3736 861 quanquam

2153 884 2390 940 omnium
2438 886 2921 955 prudentissimus,
2971 889 3014 940 si
3057 885 3295 941 redires?
3333 885 3450 940 Jam
3508 884 3734 951 primum

2152 975 2379 1030 consilio
2417 977 2566 1032 locus
2595 977 2772 1032 nullus
2813 987 2930 1045 est,
2962 977 3086 1030 dum
3129 975 3182 1029 in
3226 973 3576 1029 deliberando
3613 988 3736 1042 per-

2151 1083 2280 1123 sona
2308 1069 2640 1124 censentium
2670 1070 2875 1138 pondus
2903 1067 3183 1123 sententiis
3220 1067 3365 1121 facit.
3397 1064 3620 1132 Quando
3648 1079 3736 1118 re-

2149 1160 2355 1217 sistitur
2380 1161 2594 1232 potiori,
2613 1161 2825 1230 quando
2849 1160 3056 1216 ceditur
3086 1157 3240 1228 pari?
3268 1156 3466 1211 Dehinc
3497 1169 3730 1222 praesens

2149 1261 2320 1307 Status
2350 1267 2454 1306 non
2485 1251 2834 1318 sapientiam,
2867 1251 2962 1306 sed
2997 1251 3258 1304 fortunam
3300 1246 3545 1316 requirit.
3575 1246 3740 1301 Defe—

2147 1353 2292 1398 ctum
2319 1343 2570 1398 timemus
2592 1358 2843 1404 annonm,
2875 1341 3040 1411 pulsis
3069 1339 3350 1408 omnibus,
3381 1353 3516 1406 quos
3546 1346 3733 1392 exerto

2147 1444 2198 1489 et
2233 1435 2391 1504 pleno
2421 1435 2585 1490 ubere
2628 1433 2793 1488 Roma
2832 1440 3163 1500 susceperat.
3197 1429 3330 1485 Fors
3366 1429 3517 1496 fuat,
3561 1436 3620 1482 ut
3652 1429 3734 1481 liis

2146 1524 2397 1580 remediis
2430 1526 2888 1580 conva'escamus.
2918 1523 3128 1590 Quanto
3164 1522 3314 1576 nobis
3354 1521 3478 1575 odio
3520 1520 3732 1589 provin-

2143 1618 2346 1672 ciarum
2363 1626 2570 1672 constat
2594 1619 2678 1673 illa
2696 1616 2988 1673 securitas?
3015 1616 3095 1669 Dii
3122 1613 3300 1684 patrii,
3329 1614 3484 1668 facite
3505 1613 3731 1682 gratiam

2145 1706 2510 1776 neglecturum
2566 1707 2909 1762 sanctorum!
2970 1704 3214 1760 Miseram
3275 1703 3468 1758 famem
3529 1702 3730 1771 pellite.

458 1771 732 1842 posmles?
779 1773 894 1829 lmo
935 1789 1086 1842 vero,
1110 1784 1170 1830 nt
1197 1792 1310 1830 mea
1341 1777 1438 1831 fert
1470 1777 1672 1845 Opinio,
1699 1780 1778 1832 vel
1812 1779 2029 1846 primum

2147 1798 2552 1868 Quamprimum
2582 1809 2799 1854 revocc-t
2827 1799 2953 1852 urbs
2985 1807 3189 1861 nosua,
3218 1810 3353 1866 quos
3381 1795 3542 1848 invita
3571 1793 3731 1846 dimi-

457 1863 559 1917 hoc
591 1862 685 1919 tibi
714 1861 896 1920 debuit
927 1864 1172 1920 indicari.
1209 1865 1306 1921 Ubi
1345 1881 1375 1920 e
1418 1865 1658 1921 Cumano
1703 1882 1890 1922 navem
1933 1868 2042 1923 sol-

457 1955 648 2026 vimus,
677 1971 814 2025 pene
833 1956 1048 2014 albente
1069 1957 1206 2014 coelo
1228 1960 1429 2028 majore
1450 1975 1551 2030 ope
1577 1963 1857 2031 remigum,
1885 1977 2042 2032 quam

455 2061 736 2103 ventorum
789 2051 1009 2115 favore,
1067 2051 1406 2107 Formianum
1459 2054 1604 2107 ιίιιιις
1656 2057 1875 2110 accessi.
1925 2057 2040 2109 Jam

456 2139 535 2193 sol
569 2139 845 2195 meridiem
876 2141 1105 2212 fregerat
1134 2161 1146 2194 :
1177 2145 1491 2211 amicorum,
1522 2160 1658 2214 quos
1693 2145 1867 2201 minor
1895 2148 2043 2201 navis

458 2232 694 2300 accepit,
735 2231 936 2287 tardior
974 2234 1240 2303 navigatio
1284 2235 1408 2301 fuit;
1447 2237 1706 2292 incertum
1749 2248 1910 2293 vento
1946 2241 2041 2292 ob-

454 2331 650 2389 stan'e,
666 2337 736 2376 an
755 2338 848 2392 per
870 2325 1246 2395 negligentiam
1271 2327 1654 2386 ministrorum.
1683 2327 1805 2382 ll:ec
1826 2329 2040 2384 interim

455 2412 592 2466 ratio
647 2414 928 2468 scribenda
984 2417 1268 2485 suggessit.
1308 2416 1522 2471 Curabo
1565 2427 1625 2472 ut
1677 2418 2041 2490 frequentibus

454 2502 645 2559 litteris
675 2514 885 2561 merear
913 2505 982 2561 de
1009 2516 1061 2562 te
1086 2507 1275 2562 similis
1313 2507 1475 2563 officii
1503 2509 1852 2580 diligentiam.
1887 2510 2036 2566 \‘ale.

1085 2619 1302 2677 EPIST.
1340 2619 1410 2676 V.

821 2725 1131 2766 εγκιιΑοηυε
1159 2728 1419 2769 ηΑνιΑΝο
1448 2730 1661 2770 FRATRI.

462 2860 468 2865 ,
523 2797 695 2858 Delati
725 2800 973 2860 Formias
1002 2812 1122 2873 post
1152 2806 1374 2860 multam
1405 2815 1611 2876 partem
1641 2807 1767 2876 diei,
1797 2823 1916 2864 cum
1944 2823 2039 2863 vos

448 2889 566 2962 ejus
603 2895 680 2948 rei
725 2893 982 2950 sollicitos
1021 2897 1395 2963 crederemus,
1438 2899 1897 2968 percontationem
1946 2916 2041 2955 vc-

447 2994 617 3039 stram
647 2985 942 3054 scriptione
970 2988 1359 3057 praevertimus.
1392 2989 1501 3046 Nec
1528 2990 1699 3060 magis
1727 2989 1795 3046 de
1821 2992 2038 3060 naviga-

447 3073 594 3129 tione
625 3074 796 3130 fuistis
819 3077 985 3142 anxii,
1010 3094 1168 3148 quam
1199 3080 1617 3150 trepidabamus,
1635 3096 1703 3136 ne
1728 3082 1818 3136 diu
1845 3083 2035 3138 essetis

2144 1891 2235 1945 sit.
2269 1889 2427 1945 Plura
2457 1897 2630 1945 tecum
2659 1891 2824 1961 loqui,
2849 1904 3007 1959 quam
3034 1902 3253 1942 necesse
3276 1896 3377 1951 est,
3400 1885 3467 1940 de
3493 1884 3732 1939 adversis

2143 1980 2518 2036 communibus
2549 1997 2654 2036 non
2695 1981 2844 2037 libet.
2886 1979 3024 2036 Cura
3063 1989 3120 2035 ut
3145 1979 3353 2043 valeas,
3383 1985 3438 2032 et
3477 1975 3731 2047 quidquid

2145 2072 2376 2127 humana
2424 2085 2529 2144 ope
2577 2071 2750 2143 majus
2794 2082 2910 2140 est,
2953 2072 3057 2127 diis
3113 2069 3363 2142 permitte
3409 2068 3731 2126 curandum.

2146 2162 2296 2220 Vale.

2721 2232 2938 2292 EPIST.
2982 2232 3116 2289 Vill.

2510 2339 2822 2382 εηκλσηυε
2854 2338 3113 2380 ηΑνιΑκο
3142 2338 3357 2379 FRATRI.

2212 2438 2459 2497 Reddita:
2495 2448 2622 2497 sunt
2650 2440 2780 2494 mihi
2813 2438 2999 2510 prima:
3027 2439 3218 2495 litterae
3247 2447 3350 2492 tua:
3381 2444 3487 2492 tam
3518 2435 3728 2502 breves,

2143 2538 2250 2584 tam
2293 2530 2590 2598 festinatas,
2627 2541 2684 2585 ut
2711 2531 2816 2586 iter
2853 2543 3000 2585 tuum
3037 2529 3346 2584 viderentur
3373 2528 3587 2582 imitari.
3625 2527 3729 2584 Sed

2141 2622 2187 2678 si
2215 2622 2344 2678 mihi
2370 2623 2568 2692 credis,
2603 2639 2707 2678 non
2740 2633 2824 2678 est
2866 2624 2916 2677 in
2959 2623 3066 2678 illis
3093 2621 3393 2678 desiderata
3431 2620 3728 2690 prolixitas.

2141 2712 2330 2767 Omnia
2380 2715 2558 2781 enim,
2612 2730 2732 2784 quae
2779 2714 2848 2770 de
2894 2712 3258 2783 amplitudinis
3311 2721 3414 2766 tute
3463 2715 3730 2782 proSperIs

2143 2819 2306 2860 nosse
2336 2805 2617 2874 cupiebam
2638 2847 2654 2871 ,
2685 2807 2954 2860 succincta
2983 2803 3390 2859 enumeratione
3418 2805 3730 2872 complexus

2141 2912 2201 2952 es
2221 2937 2234 2962 ,
2263 2907 2459 2968 quanta
2489 2897 2795 2952 valetudine
2830 2898 3070 2967 vigeres,
3101 2911 3201 2966 qua
3234 2895 3508 2950 celeritate
3537 2910 3728 2963 perve-

2138 2999 2260 3045 Ctus
2286 2990 2383 3055 sis,
2411 2991 2537 3060 quid
2581 2991 2633 3044 in
2669 2997 2872 3044 aeterno
2908 2988 3147 3058 principe
3182 2986 3487 3042 serenitatis
3515 2988 3728 3041 invene-

2139 3084 2234 3138 ris.
2280 3082 2467 3138 Ausim
2516 3083 2729 3151 dicere,
2772 3083 3072 3138 uberiorem
3115 3081 3310 3145 rebus,
3351 3094 3510 3149 quam
3551 3079 3726 3134 verba

452 3167 662 3226 incerti.
687 3169 837 3234 Quod
869 3170 1029 3240 igitur
1059 3173 1372 3241 responderi
1397 3183 1578 3242 posset
1602 3176 1792 3228 litteris
1814 3177 2028 3241 vestris,
2059 3155 2107 3219 (ἶ
2138 3170 2303 3229 fuisse
2353 3174 2494 3229 illius
2541 3173 2782 3243 epistola:
2831 3173 3099 3243 paginam.
3164 3170 3296 3225 Nam
3365 3171 3525 3224 multa
3575 3177 3724 3224 erant

447 3259 597 3332 prior
625 3275 806 3316 sermo
843 3265 1193 3332 consumpsit.
1226 3264 1377 3319 Nunc
1412 3267 1674 3320 a-stimate
1704 3274 1901 3336 quanto
1937 3282 2030 3321 no-

444 3360 556 3406 stra
583 3351 651 3406 de
675 3350 828 3408 vobis
853 3351 1046 3407 melior
1073 3353 1235 3408 fuerit
1258 3353 1538 3422 ,‘udicatio,
1564 3369 1722 3422 quam
1748 3366 1926 3410 vestra
1964 3356 2031 3412 de

445 3443 623 3503 nobis.
657 3444 1019 3516 Contemplati
1047 3447 1190 3505 enim
1222 3461 1408 3502 sumus
1438 3447 1858 3516 magnitudinem
1883 3448 2033 3503 solli-

445 3537 695 3592 citudinis
724 3547 950 3605 vestrae,
983 3538 1288 3610 priusquam
1315 3539 1519 3595 litteras
1549 3540 1832 3596 mitteretis
1860 3557 1872 3593 :
1905 3555 2027 3594 cum

443 3626 568 3682 ideo
594 3628 906 3692 mitteretis,
938 3629 1063 3698 quia
1095 3645 1194 3685 nos
1217 3630 1551 3702 scripturos,
1584 3629 1686 3685 nisi
1725 3630 2028 3687 admonitos

443 3731 549 3772 non
574 3717 818 3788 putastis.
853 3717 1000 3775 Vale.

825 3875 841 3890 ρ,
1059 3813 1275 3872 EPIST.
1319 3815 1407 3871 Vl.

815 3921 1122 3964 εἴιιιιΑειιυε
1151 3923 1410 3963 ηΑνιΑΝο
1440 3925 1651 3964 FRATRI.

510 3993 730 4054 Emensi
764 3996 882 4054 haec
910 4013 1122 4069 quoque
1158 3999 1368 4064 littora,
1401 4014 1520 4068 quae
1549 4007 1667 4068 post
1693 3998 1936 4054 Formias
1969 4001 2022 4054 in

438 4087 698 4142 Anxurim
733 4089 1098 4159 porriguntur,
1130 4105 1317 4145 navem
1355 4105 1421 4146 ac
1457 4091 1686 4160 remiges
1715 4104 1819 4143 nou
1847 4106 2019 4144 mora-

437 4193 578 4232 mur.
611 4179 717 4234 Sed
752 4178 857 4234 diis
893 4195 1028 4250 opus
1065 4191 1178 4248 est,
1212 4189 1269 4236 ut
1311 4181 1398 4236 hic
1435 4180 1638 4236 reditus
1673 4191 1858 4236 noster
1889 4181 2020 4236 nihil

436 4270 672 4340 reperiat
713 4273 1105 4340 ptenitendum.
1153 4272 1426 4343 Frequens
1472 4273 1614 4328 enim
1660 4287 1838 4327 sermo
1885 4282 1966 4326 est
2001 4314 2016 4338 ,

436 4364 584 4418 tenui
611 4363 754 4418 victu
794 4364 846 4419 in
887 4365 1068 4420 turbas
1107 4365 1315 4434 plebem
1357 4364 1583 4419 moveri.
1612 4363 1723 4419 Nec
1751 4363 1853 4418 ulla
1895 4378 2018 4433 spes

433 4452 612 4517 datur,
633 4453 982 4520 praesentibus
1001 4454 1262 4522 angustiis
1286 4455 1495 4523 copiam
1518 4468 1675 4522 posse
1702 4453 2012 4509 succedere.

431 4542 621 4597 Annus
662 4542 858 4612 ubique
895 4542 960 4596 ad
998 4541 1192 4598 famem
1239 4545 1532 4611 proximus.
1567 4544 1767 4600 Classis
1795 4545 1850 4600 in
1878 4544 2014 4600 alios

431 4643 691 4686 conversa
736 4645 948 4685 cursus.
999 4631 1181 4687 Estas
1233 4649 1398 4702 prope
1453 4633 1688 4689 decessit
1732 4643 2010 4690 autumno.

431 4721 574 4788 Diis,
612 4736 699 4777 me
743 4721 991 4779 hercule!
1022 4725 1094 4778 uti
1128 4725 1380 4792 praefatus
1418 4741 1536 4781 sum
1557 4765 1573 4792 ,
1613 4727 1904 4798 deleganda
1931 4736 2016 4785 est

433 4808 590 4883 hujus
610 4813 796 4869 incerti
816 4813 1226 4870 administratio.
1249 4813 1535 4869 llominum
1557 4824 1733 4870 autem
1754 4815 2009 4886 remedia,

428 4901 518 4962 diu
543 4903 901 4970 dissimulata,
918 4903 1029 4974 jam
1055 4919 1176 4960 sera
1203 4914 1347 4960 sunt.
1373 4903 1482 4960 Vos
1507 4905 1700 4971 valete,
1725 4914 1780 4960 et
1809 4906 2014 4962 litteras

427 5007 641 5068 sperate
670 4998 949 5064 meliores,
987 5001 1034 5053 si
1076 4997 1286 5054 fortuna
1329 4999 1477 5055 tubis
1519 5007 1716 5055 nostra:
1758 4999 2010 5056 secundis

426 5105 606 5146 amara
636 5091 938 5147 mutaverit.
969 5089 1121 5146 Vale.

1038 5181 1248 5238 EPIST.
1296 5181 1400 5236 VII.

792 5287 1103 5330 ηκιιΑςιιυε
1131 5289 1394 5330 ηΑνιΑκο
1424 5290 1636 5330 FRATRI.

493 5359 842 5422 Fortunatam
870 5375 922 5421 te
954 5367 1266 5436 cumprimis
1301 5367 1400 5445 hoc
1439 5367 1491 5420 in
1532 5378 1771 5438 tempore
1795 5367 2001 5436 julica-

422 5471 570 5524 rem,
607 5458 751 5530 quod
795 5469 1074 5529 exemptus
1123 5459 1307 5528 patriai
1354 5459 1707 5514 incommodis
1754 5460 1939 5514 otiaris
1980 5476 1995 5513 :

422 5549 523 5604 nisi
553 5552 744 5608 scirem
771 5551 940 5607 honos
978 5553 1122 5606 cives
1158 5560 1216 5606 et
1246 5553 1317 5605 tui
1365 5551 1570 5608 similes
1619 5551 1833 5621 gravius
1861 5551 2000 5606 ferre

419 5639 674 5707 adversa,
709 5658 829 5702 ante
865 5657 971 5697 non
1009 5641 1210 5697 vident.
1253 5643 1324 5697 Ea
1362 5641 1558 5713 quippe
1596 5657 1777 5698 rerum
1809 5653 1994 5698 natura

421 5738 539 5796 est,
580 5739 638 5788 ut
671 5733 923 5802 quidquid
958 5733 1030 5792 ab
1066 5733 1239 5791 altero
1277 5727 1636 5801 cognoscitur,
1665 5735 1904 5804 asperius
1943 5743 1998 5792 et

2133 3281 2252 3335 qua:
2279 3265 2512 3336 gaudere
2539 3265 2815 3331 deberem,
2843 3279 2964 3319 cum
2995 3272 3175 3320 essent
3226 3278 3391 3333 pauca
3432 3277 3552 3332 qute
3585 3261 3726 3330 lege-

2132 3372 2269 3412 rem.
2301 3355 2378 3412 Tu
2409 3365 2586 3410 tamen
2615 3365 2736 3422 post
2772 3358 2885 3412 haec
2911 3364 3201 3420 memento,
3232 3357 3394 3410 etiam
3426 3354 3721 3410 familiares

2131 3446 2349 3502 chartas
2385 3445 2561 3518 rigare
2595 3444 2859 3500 facundiae
2897 3454 3003 3500 ttue
3041 3445 3230 3515 cepiis.
3263 3443 3448 3515 Neque
3485 3444 3627 3499 enim
3672 3455 3725 3500 te

2133 3538 2417 3606 exhaurit,
2444 3539 2586 3610 quod
2613 3539 2926 3595 adeuntium
2958 3554 3144 3608 preces
3179 3539 3446 3595 indefesso
3481 3537 3722 3594 absolvis

2128 3629 2289 3684 affatu
2309 3667 2329 3697 ,
2357 3631 2500 3700 quod
2525 3629 2820 3685 venerandi
2857 3629 3111 3700 principis
3145 3639 3378 3685 mentem
3407 3628 3642 3700 loqueris
3665 3637 3722 3684 et

2128 3721 2368 3776 oracula.
2408 3721 2528 3777 Sint
2565 3723 2666 3776 ista
2705 3722 2908 3792 prima;
2955 3735 3055 3776 nec
3099 3731 3272 3776 tamen
3313 3721 3449 3780 sola.
3484 3721 3712 3776 Tantum

2128 3828 2360 3884 namque
2401 3813 2620 3882 publico
2656 3813 2778 3868 usui
2815 3829 2844 3867 a
2890 3823 2942 3868 te
2983 3813 3158 3884 patior
3194 3812 3453 3884 impendi,
3479 3821 3539 3868 ut
3576 3812 3712 3868 nihil

2125 3904 2332 3960 solatiis
2359 3903 2494 3960 meis
2520 3903 2792 3960 detrahas.
2816 3902 2966 3957 Vale.

2745 3994 2964 4050 EPIST.
3007 3994 3096 4050 IX.

2495 4101 2803 4142 εωιίλοηυε
2831 4101 3090 4141 FLAVIANO
3119 4100 3331 4141 FRATRI.

2197 4179 2264 4233 Et
2293 4180 2365 4234 tui
2391 4179 2590 4244 cultus,
2621 4187 2677 4234 et
2706 4178 2808 4233 mei
2837 4177 2996 4233 cilicii
3020 4178 3185 4249 gratia
3211 4175 3463 4246 quaslibet
3486 4175 3551 4231 ad
3575 4177 3709 4232 scri-

2123 4271 2354 4326 bendum
2398 4270 2768 4338 amplectenda
2817 4279 2961 4324 esset
3008 4269 3256 4336 occasio,
3295 4277 3497 4322 tantum
3535 4267 3708 4335 abest,

2123 4371 2182 4416 ut
2228 4372 2346 4417 eam
2395 4363 2670 4431 praeterire
2711 4360 3028 4426 debuerim,
3074 4376 3231 4429 quam
3284 4359 3414 4414 civis
3464 4358 3703 4428 ingessit.

2123 4453 2383 4520 Agnoscis
2417 4454 2560 4508 enim
2600 4453 2667 4506 de
2701 4461 2904 4520 septem
2943 4451 3212 4505 montibus
3241 4450 3441 4515 virum;
3479 4457 3533 4503 et
3561 4449 3706 4503 domi

2118 4549 2389 4616 cognitum
2429 4545 2668 4600 bonitate
2707 4541 2954 4612 generis,
2985 4551 3040 4596 et
3078 4541 3207 4596 foris
3247 4549 3405 4596 astate
3443 4541 3646 4595 militia:
3683 4558 3698 4594 :

2118 4651 2214 4706 pro
2243 4652 2348 4706 quo
2375 4635 2502 4690 mihi
2533 4634 2672 4701 apud
2713 4645 2763 4688 te
2799 4633 2941 4702 loqui
2971 4633 3182 4701 longum
3210 4647 3314 4686 non
3343 4639 3426 4686 est
3456 4645 3699 4686 necesse.

2117 4726 2525 4783 Commendatiu
2559 4707 2701 4780 enim
2750 4727 2989 4794 przestari
3028 4723 3191 4780 debet
3231 4723 3532 4792 incngnitis.
3568 4723 3704 4778 lluic

2116 4835 2245 4874 vero
2272 4819 2339 4873 ad
2375 4817 2803 4873 conciliationem
2834 4817 3020 4887 gratiae
3063 4824 3169 4871 tua:
3210 4813 3440 4883 sufficit,
3471 4814 3613 4884 quod
3642 4823 3698 4873 et

2117 4911 2392 4966 Romanus
2432 4919 2486 4965 et
2505 4910 2708 4964 amicus
2734 4918 2836 4963 est.
2866 4908 3016 4963 Vale.

2743 4997 2960 5053 EPIST.
3002 4995 3071 5051 X.

2481 5108 2794 5149 εγυειλςιιιιε
2825 5106 3084 5146 ηΑνιΑΝο
3113 5104 3326 5144 FRATRI.

2183 5187 2394 5242 iustitia
2423 5186 2637 5256 quidem
2669 5185 2981 5254 sull‘ragium
3011 5198 3114 5237 non
3146 5181 3404 5251 requirit;
3431 5180 3525 5234 sed
3567 5175 3670 5232 anni

2115 5278 2360 5334 citiarum
2397 5278 2707 5347 plerumque
2736 5285 2980 5345 respectu
3007 5289 3288 5330 causarum
3316 5272 3564 5328 celeritas
3594 5275 3694 5324 ad-

2105 5370 2341 5438 juvatur.
2369 5368 2635 5435 Quorsum
2672 5365 2811 5420 istud
2833 5407 2846 5429 ,
2877 5363 3120 5433 inquies?
3152 5362 3218 5418 Ut
3256 5362 3466 5417 noverit
3502 5361 3699 5416 eximia

2108 5460 2344 5528 dignatio
2372 5468 2482 5523 tua,
2510 5472 2726 5528 Sperare
2754 5458 2966 5527 quidem
2997 5456 3167 5509 virutn
3209 5452 3530 5508 laudabilem
3573 5451 3698 5525 (Ca-

2105 5552 2361 5605 rissimum
2407 5567 2471 5604 ea:
2510 5548 2832 5616 comitibus),
2871 5547 2938 5602 de
2989 5545 3184 5617 negotii
3231 5543 3508 5614 qualitate,
3551 5543 3694 5609 quod

2106 5651 2346 5711 optatum
2375 5641 2577 5696 exitum
2609 5641 2779 5708 possit
2801 5639 3020 5708 adipisci
3051 5653 3069 5695 :
3101 5637 3195 5694 sed
3226 5637 3549 5706 intelligere,
3575 5649 3692 5689 ces-

2106 5752 2289 5793 surum
2319 5735 2421 5793 sibi
2452 5733 2649 5805 aliquid
2690 5733 2756 5790 ad
2798 5733 3214 5805 promerendum
3241 5732 3477 5789 studium
3506 5729 3696 5800 cogni-
