4074 6176
282 302 374 357 ιει

1503 295 1987 354 εινιετυιλιιυιι
2029 298 2227 354 LIBER
2273 267 2331 357 η.

3460 308 3561 363 189

282 419 433 483 toris,
462 418 504 474 si
534 417 672 472 meis
702 414 895 469 litteris
925 413 1196 469 fulciatur.
1229 413 1421 481 Quaeso
1444 411 1629 482 igitur,
1654 420 1714 464 ut
1735 407 1874 477 ejus,
1908 412 1954 468 Α
1983 412 2258 474 astrinxit,
2289 412 2376 480 qui
2407 426 2620 482 semper
2653 414 2823 468 bonus
2849 423 2900 470 et
2932 413 3134 484 integer
3166 413 3399 468 moribus
3442 413 3560 472 fuit.

283 527 442 581 quem
481 510 711 564 fraterna
752 508 1033 564 affectione
1071 507 1429 577 complector,
1462 513 1610 559 orata
1655 518 1868 572 promo-

283 617 434 658 veas.
463 602 592 671 Quae
622 600 745 656 ideo
773 600 1196 654 commendanda
1233 599 1486 667 suscepi,
1529 596 1653 667 quia
1696 606 1872 647 mores

289 693 513 766 petentis
536 692 863 764 expendens,
895 707 1044 761 aequa
1069 706 1191 747 esse
1220 689 1553 761 praesumpsi.
1579 686 1728 741 Vale.

905 825 1125 883 EPIST.
1168 825 1259 880 XI.

358 945 440 999 Ad
487 943 609 998 idus
649 941 974 998 Novembres
1019 940 1244 996 Romam
1290 951 1570 1009 regressus
1615 937 1772 1010 (nam
1824 944 1877 990 te

283 1051 504 1107 quoque
532 1035 676 1090 idem
695 1048 821 1089 esse
858 1034 1119 1088 facturum
1155 1030 1381 1102 putavi),
1407 1031 1694 1085 adventum
1727 1037 1874 1082 tuum

288 1130 638 1198 impatienter
665 1127 940 1198 opperior.
971 1125 1040 1180 Et
1066 1140 1196 1180 sane
1222 1125 1336 1179 scio
1366 1124 1568 1178 litteras
1601 1138 1747 1177 ineas
1785 1121 1878 1175 tibi

292 1221 436 1276 haud
469 1221 627 1290 longe
657 1221 724 1274 ab
753 1218 886 1273 urbe
918 1217 1241 1272 reddendas.
1281 1215 1414 1270 Nam
1452 1223 1672 1270 sanctus
1702 1212 1876 1267 Patri-

289 1314 432 1374 cius,
463 1326 625 1380 quem
652 1308 934 1374 praesulem
971 1307 1177 1362 itineris
1207 1307 1283 1361 tui
1312 1320 1432 1363 esse
1458 1304 1699 1369 voluisti,
1731 1304 1876 1358 b-cvi

288 1411 343 1456 te
380 1402 549 1456 affore
598 1399 883 1456 nuntiavit.
923 1399 1000 1455 Dii
1039 1407 1250 1455 vertant
1290 1399 1454 1456 bene!
1488 1397 1594 1452 Pro
1639 1407 1881 1466 tempore

287 1505 462 1560 pauca
485 1491 799 1554 iibavimus;
826 1489 921 1545 sed
949 1488 1138 1544 fabulis
1162 1489 1314 1558 plura
1333 1501 1631 1543 servamus.
1654 1485 1809 1542 Vale.

906 1601 1120 1659 EPIST.
1161 1599 1277 1656 ΧΗ.

677 1710 979 1751 εῖιηιιιειιυε
1009 1708 1266 1750 ηεινιλκο
1297 1710 1505 1750 FRATRI.

364 1809 597 1878 Spatiari
635 1809 686 1862 in
721 1809 837 1862 foro
864 1807 1025 1864 Urbis
1065 1818 1281 1863 aeterna:
1318 1815 1438 1878 post
1469 1819 1712 1876 acceptas
1738 1822 1766 1861 a
1798 1822 1884 1864 me
1914 1779 1962 1840 Β

293 1901 502 1954 litteras
531 1902 816 1970 plerosque
841 1900 1092 1969 eugnovi,
1117 1901 1215 1956 etsi
1242 1900 1401 1954 nimis
1428 1915 1636 1965 vereor,
1661 1915 1728 1954 ne
1757 1898 1882 1970 quid

294 1991 502 2045 fraudis
543 1990 821 2045 admiserit
858 1989 1104 2043 simulata
1153 1991 1480 2059 pr0peratio.
1525 1989 1711 2043 Merito
1757 2006 1888 2056 apo—

295 2085 496 2154 grapha
526 2081 874 2153 epistularum
905 2097 1164 2146 mearum,
1193 2083 1460 2152 simulque
1491 2080 1764 2135 hominum
1789 2098 1884 2135 no-

299 2176 440 2228 mina
496 2173 780 2242 relcgenda
827 2173 918 2226 tibi
964 2171 1187 2238 subjeci.
1238 2171 1314 2226 Tu
1360 2172 1593 2226 vicissim
1648 2171 1776 2225 mihi
1819 2170 1887 2227 de

299 2265 528 2335 singulis
567 2275 654 2318 aut
695 2263 894 2331 impleti
940 2262 1099 2318 officii
1145 2262 1302 2317 fidem
1344 2265 1559 2328 nuntia,
1589 2274 1680 2317 aut
1707 2263 1885 2319 violati

300 2360 469 2426 prode
499 2356 797 2425 perfidiam.
822 2354 936 2409 Non
966 2356 1168 2408 minore.
1199 2370 1329 2410 sane
1354 2371 1476 2409 cura
1506 2355 1662 2419 Cupio
1689 2372 1884 2426 cogno~

293 2463 474 2511 scere,
505 2464 570 2502 an
594 2463 781 2502 omnes
803 2447 1107 2516 obsignatas
1131 2446 1424 2517 sumpseris
1449 2462 1513 2501 eo
1537 2448 1757 2512 annulo,
1781 2464 1886 2516 quo

301 2557 502 2595 nomen
535 2555 712 2594 meum
746 2539 913 2608 magis
953 2539 1209 2609 intelligi,
1240 2554 1398 2608 quam
1441 2539 1538 2608 legi
1583 2549 1886 2609 promptum

295 2641 400 2684 est.
423 2631 573 2687 Nihil
593 2639 770 2684 autem
801 2629 996 2698 fuisse,
1028 2628 1169 2699 quod
1200 2639 1429 2683 metuam
1463 2631 1716 2699 publicari
1743 2675 1756 2697 ,
1789 2632 1885 2686 de-

297 2722 481 2776 (ιλιι-εἰς
498 2721 899 2789 exemplaribus
920 2721 1200 2791 iudicabis.
1232 2721 1340 2776 Nec
1376 2731 1458 2777 est
1488 2721 1593 2774 ulla
1624 2724 1760 2776 inter
1789 2738 1887 2776 nos

292 2831 463 2867 causa
495 2817 710 2867 secreti.
745 2817 945 2882 Aperte
974 2824 1189 2882 pectore
1213 2813 1384 2866 officia
1422 2828 1548 2882 pura
1580 2813 1883 2870 miscemus.

299 2906 444 2960 Nhil
478 2905 531 2958 in
563 2906 892 2959 conscientia
923 2904 1076 2968 latet,
1112 2903 1251 2974 quod
1277 2904 1597 2973 scriptorum
1626 2903 1888 2959 cuniculis

296 2995 598 3049 nccu'atur.
634 2994 736 3050 Sed
771 3010 979 3062 a‘quum
1013 3009 1119 3047 non
1151 3003 1232 3048 est
1263 3005 1318 3048 ιιι
1339 2993 1660 3064 simplicitati
1690 3001 1888 3049 nstrae

298 3090 542 3141 sinamus
573 3085 748 3140 illudi.
778 3085 960 3155 Neque
984 3087 1126 3140 enim
1163 3083 1359 3155 diligen
1388 3084 1434 3140 ia
1473 3101 1586 3140 mea
1613 3085 1770 3140 debet
1795 3085 1889 3140 ad-

296 3179 518 3233 mittere
539 3179 889 3250 proditorem,
911 3179 1032 3248 quia
1053 3177 1230 3235 cautio
1252 3178 1497 3248 pratstitit
1532 3194 1598 3234 ne
1621 3179 1883 3234 timerem.
1914 3146 1962 3211 ε

301 3270 457 3326 Vale.

896 3339 1109 3395 EPIST.
1149 3336 1289 3394 Xlll.

677 3446 983 3487 εγειιλοιιυθ
1011 3448 1271 3487 ΡιΛὝΙΔΝΟ
1299 3447 1511 3488 FRATRI.

372 3526 509 3578 Cum
541 3522 728 3578 civiles
750 3534 804 3579 et
828 3524 1044 3579 bellicas
1077 3525 1262 3579 laudes
1287 3522 1487 3577 domini
1512 3521 1678 3577 nostri
1704 3521 1887 3578 Theo-

302 3614 442 3669 dosii
483 3614 608 3686 styli
650 3613 850 3669 honrre
889 3629 1120 3683 percurri
1142 3629 1255 3668 rem
1303 3613 1494 3683 (magis
1535 3615 1678 3668 en'm
1713 3612 1888 3666 corui-

301 3707 444 3775 gisse
474 3721 561 3759 me
595 3705 772 3760 omnia
791 3747 807 3771 ,
837 3721 997 3776 quam
1039 3706 1168 3761 satis
1198 3705 1391 3760 fecis-e
1418 3705 1640 3774 singulis
1669 3703 1888 3774 fateor),

302 3797 462 3851 etiam
493 3796 639 3865 leges
665 3796 782 3866 ejus
814 3795 966 3851 bonis
996 3796 1140 3863 pacis
1165 3809 1196 3851 s
1219 3795 1459 3858 lmiscui;
1492 3808 1623 3865 quas
1648 3805 1706 3850 ut
1729 3809 1892 3853 note-

303 3903 419 3943 ram
460 3889 654 3959 priscis
687 3889 954 3944 ademisse
993 3889 1398 3944 admirationem
1421 3931 1434 3951 ,
1469 3890 1543 3944 ita
1584 3902 1890 3945 reservasse

305 3981 462 4034 novis
499 3981 680 4048 paretlt
717 3979 945 4048 gloriam
987 3995 1088 4032 non
1137 3979 1405 4048 putabam.
1434 3979 1631 4034 Verum
1664 3978 1780 4035 haec
1807 3995 1893 4034 rc-

300 4085 432 4128 cens
480 4073 694 4125 sanctio
738 4070 804 4124 de
871 4069 1295 4126 fideicommissis
1331 4112 1346 4135 ,
1411 4083 1464 4126 et
1523 4071 1889 4126 codicillorum

300 4163 604 4219 commodis
632 4163 702 4217 ab
733 4162 937 4232 epeimo
978 4163 1216 4233 principe
1252 4163 1306 4216 in
1348 4175 1605 4218 aeternum
1643 4163 1893 4233 repudia-

307 4259 411 4321 tis,
445 4267 651 4309 tantum
684 4255 1000 4310 claritudine
1034 4256 1303 4325 egreditur
1329 4256 1500 4310 luvem
1532 4257 1886 4325 superiorum,

305 4360 568 4418 quantum
607 4349 880 4412 augustius
921 4356 1003 4400 cst
1046 4347 1248 4415 regenti
1293 4347 1424 4411 sibi,
1467 4361 1626 4417 quam
1666 4347 1892 4402 subditis

307 4441 528 4494 modum
559 4453 776 4508 ponere.
808 4441 984 4507 Atque
1013 4440 1212 4492 utinam
1246 4439 1449 4508 privata
1486 4439 1706 4494 avaritia
1737 4455 1888 4493 men-

1983 501 2126 556 Vale.

2577 573 2784 631 EPIST.
2836 573 2974 629 XIV.

2472 701 2781 743 SYIMACBUS
2822 701 3062 744 εγλσιιιο.

2050 819 2396 874 Aurelianum
2429 820 2599 879 lilium
2630 837 2809 878 meum
2831 867 2848 890 ,
2876 823 2964 892 qui
3012 837 3154 878 nunc
3191 823 3442 878 cohortes
3467 837 3564 880 ur-

1981 909 2145 964 bauas
2188 911 2479 981 gubernat,
2525 914 2578 968 in
2627 915 2916 969 amicitiam
2969 924 3019 970 te
3059 915 3284 984 jubeute
3330 915 3562 984 suscepi.

1979 1002 2131 1059 Unde
2147 1002 2340 1058 factum
2366 1013 2470 1067 est,
2492 1014 2550 1058 ut
2579 1007 2631 1062 ei
2661 1007 3208 1073 commendationem,
3233 1023 3392 1077 quam
3421 1008 3566 1076 prius

1979 1094 2047 1149 de
2067 1105 2119 1150 te
2150 1097 2375 1162 meruit,
2410 1112 2514 1150 non
2546 1111 2823 1166 negarem.
2853 1098 3038 1167 Neque
3066 1100 3210 1154 enim
3238 1099 3333 1153 tibi
3357 1101 3565 1154 videtur

1979 1186 2128 1240 oneri
2160 1185 2295 1253 fore,
2320 1186 2459 1256 quod
2489 1187 2604 1255 ipse
2644 1187 2836 1243 fecisti.
2863 1188 3053 1243 Petitio
3076 1199 3255 1244 autem
3285 1190 3565 1259 pudentis-

1980 1278 2101 1332 simi
2121 1278 2336 1346 juvenis
2363 1279 2432 1333 de
2460 1278 2753 1334 infortunio
2779 1280 2954 1334 soceri
2995 1280 3076 1334 sui
3112 1292 3238 1340 nata
3268 1292 3384 1342 est.
3413 1281 3566 1350 cujus

1983 1371 2085 1425 iste
2116 1371 2310 1424 factum
2342 1387 2446 1424 non
2477 1381 2656 1426 tuetur
2679 1411 2697 1436 ,
2727 1371 2823 1426 sed
2857 1373 3060 1440 lapsum
3099 1371 3368 1426 desiderat
3393 1373 3569 1426 suble-

1986 1463 2118 1514 vari.
2165 1461 2352 1516 Facito
2381 1463 2521 1530 quod
2561 1463 2706 1516 soles
2741 1477 2907 1531 rogan
2935 1464 2981 1521 is
3022 1463 3217 1518 intuitu
3250 1481 3261 1514 :
3288 1474 3342 1518 et
3369 1464 3412 1518 si
3441 1463 3567 1532 quid

1984 1556 2200 1626 negotio
2224 1555 2443 1625 iustitia?
2472 1555 2644 1619 deest,
2677 1555 2890 1610 remitte
2921 1556 3127 1624 pietati.
3158 1555 3309 1610 Vale.

2592 1689 2807 1746 EPIST.
2854 1687 2966 1744 XV.

2487 1819 2798 1859 εγιιιιιεηιτε
2837 1819 3070 1859 εῑΑοιιιο.

2061 1933 2474 1990 Modestissimis
2513 1944 2566 1990 et
2610 1935 2684 1988 tui
2721 1935 3026 1990 nutantibus
3063 1935 3197 1990 virts
3241 1934 3490 1996 Marcello
3521 1943 3585 1991 et.

1989 2029 2267 2095 Romano,
2323 2031 2493 2099 magis
2520 2047 2584 2085 ex
2621 2045 2722 2085 usu
2751 2032 3031 2098 amicitiae,
3058 2046 3216 2100 quam
3249 2031 3300 2084 in
3325 2029 3572 2085 clfectum

1987 2121 2471 2179 commendationis
2495 2122 2702 2177 litteras
2730 2123 2874 2190 dedi,
2901 2123 3108 2185 nequid
3137 2121 3276 2190 apud
3309 2132 3360 2176 te
3380 2121 3574 2190 adjice-

1989 2227 2104 2268 γεω
2127 2213 2236 2282 jam
2267 2213 2529 2282 probatis.
2558 2213 2709 2268 Nosti
2741 2213 3017 2269 hominum
3055 2213 3459 2275 verecundiam,
3490 2213 3572 2268 di-

1991 2301 2164 2372 ligens
2192 2303 2428 2356 studium
2453 2344 2467 2364 .
2501 2303 2570 2358 de
2597 2303 2898 2360 officiorum
2927 2306 3184 2361 varietate
3213 2321 3317 2360 non
3342 2305 3572 2359 dubias.

1988 2393 2121 2460 Quis
2161 2408 2292 2464 ergo
2323 2395 2476 2448 locus
2509 2395 2818 2450 testimonio
2858 2411 2980 2451 meo
3012 2407 3295 2465 superest,
3329 2411 3448 2450 cum
3487 2408 3575 2450 tun

1990 2488 2060 2542 de
2086 2485 2194 2541 illis
2234 2486 2436 2556 judicio
2480 2487 2610 2541 nihil
2644 2487 2811 2556 possit
2847 2487 3142 2544 accedere?
3183 2488 3248 2543 Et
3282 2499 3457 2545 tamen
3483 2525 3500 2548 ,
3530 2486 3575 2542 si

1989 2579 2261 2634 cumulum
2289 2577 2388 2632 sibi
2417 2578 2542 2631 addi
2579 2579 2733 2647 plena
2767 2578 3069 2648 patiuntur,
3103 2592 3289 2648 quarso
3314 2577 3576 2632 subintel-

1992 2673 2156 2741 ligant
2204 2670 2341 2725 meis
2369 2670 2620 2740 precibus
2649 2678 2856 2724 auctam
2883 2671 3029 2726 circa
3059 2684 3118 2724 se
3150 2678 3297 2724 tuam
3326 2669 3572 2738 gratiam.

1989 2764 2066 2818 lta
2096 2763 2206 2825 fiet.
2231 2770 2290 2815 ut
2320 2761 2450 2815 mibi
2478 2776 2692 2831 quoque
2713 2770 2992 2830 acet-ptum
3024 2760 3277 2828 referant,
3303 2759 3444 2829 quod
3475 2757 3576 2828 ipsi
3642 2769 3647 2773 ‘

1992 2870 2018 2908 a
2044 2862 2097 2908 te
2129 2853 2246 2908 sine
2268 2851 2614 2922 astipulatore
2643 2852 2984 2906 meruissent.
3019 2850 3166 2912 Vale.

2577 2979 2792 3035 EPIST.
2836 2979 2974 3035 XVI.

2347 3105 2660 3149 δικωςιιυε
2698 3105 2960 3146 ηΑγιΑδο
2999 3108 3208 3146 FRATRI.

2063 3223 2120 3280 Si
2147 3221 2378 3278 necdum
2409 3222 2501 3277 lilii
2531 3222 2636 3278 mei
2664 3221 2859 3278 Nicasii
2890 3223 3184 3280 laudabiles
3205 3237 3382 3279 mores
3405 3234 3458 3278 et
3481 3222 3576 3277 lto-

1991 3325 2201 3371 nestmu
2245 3315 2544 3369 institutum
2574 3313 2843 3380 didicisti;
2883 3316 3066 3386 accipe
3101 3315 3574 3384 locupletissimum

1992 3407 2354 3461 vadimonium
2376 3447 2390 3469 ,
2423 3422 2600 3461 meum
2646 3407 2954 3461 Promotum
2980 3451 2994 3474 ,
3027 3406 3222 3468 virtute
3250 3418 3304 3462 ct
3331 3407 3578 3462 humani-

1994 3485 2100 3553 tate
2123 3500 2467 3567 consp'cuum
2485 3514 2500 3552 :
2521 3497 2605 3551 cui
2627 3497 2828 3564 jamdiu
2852 3498 3044 3554 natalis
3068 3499 3423 3554 familiaritate
3445 3499 3578 3552 otia«

1995 3598 2112 3653 tur,
2138 3599 2192 3644 et
2217 3589 2353 3642 bona
2387 3588 2576 3658 optimi
2597 3587 2811 3658 juvenis
2841 3589 2907 3644 de
2930 3589 3072 3645 illius
3093 3591 3336 3660 expende
3357 3589 3576 3659 judicio.

1993 3679 2141 3736 iusta
2168 3679 2310 3735 enim
2332 3680 2640 3748 cerijectura
2661 3690 2766 3746 est,
2793 3695 2913 3751 qua
2933 3681 3002 3737 de
3022 3686 3314 3737 amicorum
3343 3681 3580 3752 pondere

1993 3781 2049 3828 et
2099 3771 2456 3828 aestimatione
2496 3772 2785 3843 colligitur.
2839 3775 2971 3829 Nam
3013 3789 3149 3830 mea:
3189 3773 3580 3843 astipulationis

1994 3865 2170 3920 minor
2200 3879 2360 3920 causa
2383 3872 2499 3928 est,
2525 3880 2645 3918 cum
2675 3867 2971 3934 superioris
3003 3881 3229 3939 persona
3261 3867 3580 3937 praeponde-

1995 3966 2097 4012 ret.
2125 3955 2291 4026 Cujus
2317 3957 2506 4012 honori
2534 3956 2875 4012 tribuendum
2908 3968 3012 4023 est,
3035 3971 3143 4012 uta
3169 3967 3242 4024 te,
3269 3974 3374 4014 non
3404 3967 3463 4013 ut
3483 3976 3580 4014 no-

1993 4063 2092 4104 vus
2117 4047 2428 4105 subdendus
2451 4048 2691 4104 examini
2718 4089 2732 4114 ,
2772 4048 2866 4105 sed
2890 4059 2949 4106 ut
2966 4051 3078 4120 jam
3109 4052 3366 4121 probatus
3385 4051 3576 4108 habea-

1997 4150 2100 4194 tur.
2131 4139 2280 4195 Vale.

2579 4209 2796 4268 EPIST.
2841 4212 3002 4268 XVII.

2352 4338 2668 4379 SYIIIACHUS
2708 4340 2964 4379 FLAVIANO
3004 4341 3209 4380 ηιΑτιιι.

2067 4458 2217 4513 Solet
2232 4457 2542 4527 generalem
2564 4457 2938 4512 salutationem
2966 4456 3241 4513 familiaris
3262 4473 3438 4513 sermo
3455 4474 3579 4528 pra:-

299 4541 414 4588 'tr.m
459 4534 646 4587 latoris
687 4534 985 4602 intelligat,
1016 4546 1067 4589 et
1109 4548 1288 4588 mores
1327 4534 1395 4589 de
1445 4533 1649 4604 legibus
1688 4535 1888 4603 trahat!

2001 4551 2233 4606 mittere.
2265 4551 2338 4604 lla
2353 4561 2562 4620 ncergo
2585 4551 2876 4621 impensius
2899 4552 2990 4606 tibi
3018 4559 3141 4607 voto
3162 4561 3346 4622 optare
3367 4554 3577 4623 studeo,

311 4625 494 4691 Neque
528 4625 670 4678 enim
713 4623 873 4692 latet,
905 4624 1029 4692 quid
1061 4632 1251 4691 sponte
1281 4631 1504 4678 cteteros
1532 4624 1660 4678 velit
1694 4623 1892 4688 facere,

309 4715 400 4783 qui
432 4725 680 4784 suscepta
711 4715 1024 4782 compendia
1058 4715 1261 4780 primus
1287 4715 1584 4769 exhorruit.
1609 4715 1721 4783 Ego
1749 4725 1893 4770 certe

307 4819 525 4869 vereor,
553 4821 622 4860 ne
652 4805 1014 4874 improborum
1038 4806 1151 4860 sitis
1184 4805 1249 4858 ad
1281 4821 1394 4861 rem
1421 4807 1692 4861 existimet
1725 4805 1891 4876 perti.

309 4911 441 4950 nere
479 4911 582 4966 qua
598 4906 738 4951 stum
777 4896 1067 4963 caducum;
1101 4898 1300 4967 fiatque
1337 4899 1695 4952 innocentium
1731 4913 1889 4953 causa

311 4987 359 5040 de
382 4989 582 5056 terior,
613 4990 658 5044 si
695 4989 760 5043 ad
791 5002 884 5044 eos
911 5000 1114 5044 tantum
1149 4990 1264 5045 falsi
1304 4992 1488 5046 redeat
1523 4991 1764 5057 occa-io,
1799 4991 1888 5060 qui

311 5093 487 5148 neque
533 5081 690 5150 lege,
732 5095 907 5150 neque
947 5083 1152 5150 pudore
1193 5083 1531 5138 euhibeutur.
1585 5083 1723 5152 Ergo
1768 5082 1888 5153 quia

308 5172 650 5227 dominorum
692 5173 928 5228 conditio
966 5175 1262 5228 restrictior
1287 5184 1397 5239 est,
1431 5177 1648 5244 privatis
1687 5175 1891 5243 cupidi-

314 5265 510 5318 tatibus
535 5264 798 5319 medicina
825 5263 962 5334 juris
989 5273 1256 5320 occurrat.
1283 5266 1501 5334 Frigent
1524 5267 1725 5333 jamdiu
1751 5269 1890 5334 apud

315 5350 560 5408 homines
600 5353 920 5409 crimittosos
959 5365 1139 5410 Vetera
1181 5356 1433 5422 decreta,
1474 5373 1698 5426 quorum
1743 5359 1892 5425 vigor

309 5456 434 5498 cum
477 5445 738 5500 latoribus
775 5446 884 5501 suis
939 5447 1153 5502 occidit.
1192 5448 1422 5502 Tantum
1469 5448 1647 5503 denuo
1686 5449 1890 5520 legibus

305 5536 609 5591 severitatis
635 5536 936 5592 addendum
962 5547 1066 5604 est,
1096 5546 1351 5608 quantum
1380 5538 1572 5610 flagitia
1599 5543 1889 5596 creverint.

303 5626 598 5695 Aloquin,
653 5627 697 5681 si
747 5627 965 5695 majoris
1011 5629 1174 5696 partis
1229 5629 1496 5686 deseritur
1539 5635 1890 5696 emendatio;

303 5717 504 5775 frustra
569 5735 628 5775 se
687 5725 892 5790 asperis
956 5724 1318 5780 sanctionibus
1375 5727 1532 5781 solus
1606 5729 1893 5797 imperator

1997 4655 2155 4713 quam
2182 4653 2225 4695 st
2240 4641 2329 4713 ylo
2355 4640 2557 4698 dicere.
2594 4643 2733 4713 Ergo
2761 4642 2827 4697 ad
2861 4644 3030 4699 vicem
3061 4645 3340 4700 verborum
3384 4647 3582 4699 solem.

1997 4735 2141 4789 nium
2165 4737 2308 4790 scitu
2333 4735 2491 4806 digna
2523 4736 2874 4806 complectar.
2905 4737 3018 4792 Filii
3041 4739 3205 4791 nostri
3235 4740 3283 4791 in
3309 4739 3427 4792 sinu
3449 4739 3582 4793 avia:

2001 4827 2159 4881 etiam
2188 4841 2334 4882 nunc
2365 4837 2656 4883 morantur.
2685 4827 2758 4882 Da
2787 4829 2994 4884 veniam
3016 4871 3031 4894 ,
3055 4835 3099 4889 si
3124 4830 3275 4884 annis
3297 4832 3496 4900 gravis,
3529 4840 3584 4886 et

1999 4919 2221 4974 interim
2265 4920 2460 4975 solatio
2504 4928 2596 4975 tuo
2631 4935 2820 4975 carens
2855 4920 3078 4986 femina,
3106 4921 3364 4976 tenaciter
3389 4921 3583 4976 retinet

1995 5011 2292 5064 secundum
2326 5011 2566 5065 levamen
2587 5010 2685 5065 avi
2709 5025 2771 5065 ac
2792 5010 3094 5066 solitudinis
3115 5027 3246 5066 sure.
3275 5013 3378 5066 Nos
3403 5021 3581 5068 tamen

1999 5100 2152 5154 a’teri
2199 5114 2391 5155 eorum
2436 5101 2541 5154 vite
2581 5101 2954 5167 instrumenta,
2981 5101 3134 5156 alteri
3179 5101 3230 5156 in
3273 5103 3581 5157 societatem

1999 5191 2208 5247 consilii
2241 5192 2498 5246 comitem
2534 5205 2917 5262 [imperamus
2951 5193 3071 5247 Tibi
3103 5193 3580 5263 peregrinationem

1999 5275 2153 5340 senio
2181 5297 2333 5348 esse,
2359 5283 2559 5338 invitus
2581 5283 2779 5350 audivi,
2802 5285 2882 5340 vel
2908 5285 3049 5355 quod
3074 5294 3156 5340 est
3180 5286 3322 5341 dictu
3347 5285 3580 5354 dignius,

1999 5390 2184 5445 parum
2209 5373 2440 5440 credidi;
2465 5389 2594 5430 cum
2630 5376 2816 5446 patriae
2842 5375 2976 5431 bona
3010 5389 3062 5432 et
3085 5377 3361 5448 pignorum
3391 5373 3580 5445 gaudia

1997 5465 2052 5518 in
2079 5465 2265 5533 optimi
2291 5465 2554 5534 principis
2579 5464 2884 5536 dignatione
2907 5467 3196 5535 possideas.
3222 5467 3398 5534 Quare
3412 5465 3583 5532 abjice

2001 5552 2226 5607 Baianas
2255 5553 2640 5621 cogitationes,
2680 5563 2736 5610 et
2777 5556 2960 5610 virtuti
3003 5555 3379 5610 infructuosam
3427 5555 3579 5626 quie-

2001 5655 2126 5698 tem.
2147 5645 2303 5698 Omni
2325 5646 2432 5699 otio
2457 5645 2612 5702 labor
2635 5647 2718 5704 hic
2742 5655 2862 5703 tuus
2881 5649 3051 5703 laetior
3063 5658 3161 5701 est.
3183 5649 3580 5717 Amplectamur

1989 5747 2197 5791 moueo
2227 5735 2512 5793 amabilem
2539 5740 2638 5795 sub
2661 5748 2873 5796 amante
2894 5737 3158 5794 militiam.
3194 5737 3340 5801 Vale.
3547 5751 3550 5754 ’
