4046 6170
519 274 626 333 ιω

1087 383 1305 440 ΕΡΙΞΤ.
1346 382 1530 440 XVIII.

880 492 1194 534 ςγιιιιιειιυε
1231 493 1330 532 Πολ
1340 491 1500 532 ἾΙΛἿΟ
1537 491 1754 530 FRATRI.

705 569 991 644 (Conjunge
1017 585 1135 622 cum
1162 567 1261 621 hac
1283 569 1433 639 epist.
1467 566 1537 622 54
1564 577 1612 621 et
1642 565 1713 624 55
1741 567 1830 622 lib.
1857 567 1936 638 ν.)

591 665 670 721 Ita
698 665 839 720 votis
869 663 922 718 in
952 671 1003 718 te
1045 663 1178 717 meis
1211 659 1334 717 felix
1358 671 1585 716 eventus
1606 659 1877 724 arrideat,
1923 667 1983 712 ut
2017 673 2118 728 ego

521 759 757 834 graviter
783 756 920 820 fero,
944 753 1164 810 fratrem
1190 752 1626 824 Hephtestionem
1657 766 1752 821 per
1779 757 1834 806 te
1864 748 1999 804 mihi
2021 764 2118 804 co-

521 853 722 922 gnitum
746 891 761 916 ,
787 865 888 922 per
907 863 969 904 se
993 848 1275 918 probatum
1295 886 1310 911 ,
1356 845 1543 900 nescio
1579 842 1708 912 quid
1740 840 2118 898 amaritudinis

521 943 795 999 incidisse.
825 941 1024 1010 thuia
1048 939 1532 992 virtutumtuarnm
1554 932 1944 1004 contemplatio
1969 931 2117 1002 facit,

522 1044 580 1090 ιιι
603 1034 747 1089 illius
769 1033 996 1088 fortuna:
1024 1027 1289 1098 applicem
1306 1071 1321 1097 ,
1346 1025 1489 1098 quod
1514 1024 1656 1095 apud
1681 1033 1733 1080 te
1755 1023 1964 1080 minore
1993 1039 2115 1079 mo-

521 1130 704 1179 mento
733 1131 848 1188 est;
893 1119 959 1174 ad
1003 1134 1193 1190 preces
1215 1131 1433 1184 versus,
1461 1125 1518 1170 ut
1547 1115 1640 1173 tibi
1665 1113 2016 1183 re5pondeas,
2043 1113 2122 1167 fa-

521 1228 774 1284 mamque
792 1211 1016 1284 cogites.
1032 1226 1183 1281 rogo.
1207 1209 1404 1266 Praesta
1419 1209 1519 1264 hoc
1532 1207 1907 1270 contubernio,
1923 1216 2117 1277 praesta

521 1305 722 1376 judicio
745 1314 838 1360 tuo
862 1344 878 1372 ,
902 1311 962 1359 ut
1005 1303 1099 1358 tibi
1130 1317 1239 1358 non
1272 1302 1411 1358 desit
1440 1299 1722 1372 patientia,
1748 1300 1790 1354 si
1820 1297 1896 1353 illi
1928 1297 2118 1353 modus

521 1397 713 1452 defuit.
743 1397 880 1452 Nolo
919 1396 1154 1452 videaris
1184 1395 1443 1465 deSpectu
1465 1394 1621 1448 amici
1659 1390 1976 1447 satisfacere
2005 1391 2118 1445 cui-

523 1491 644 1546 dam
675 1504 850 1560 nuper
873 1489 1100 1544 Romam
1130 1501 1407 1558 regresso,
1433 1486 1586 1555 cujus
1615 1483 1756 1554 apud
1778 1497 1876 1538 nos
1897 1483 2115 1553 querela

523 1585 673 1640 auxit
711 1582 938 1654 gloriam
964 1593 1128 1638 tuam.
1167 1580 1327 1638 Certe
1371 1580 1638 1636 Eusebius
1663 1579 1994 1634 medicorum
2025 1591 2120 1647 po-

1685 273 1752 342 Q.
1794 267 2146 329 AURELIUS
2181 267 2615 333 SYMMACBUS.

1788 355 1792 358 i
2139 385 2190 444 Α
2217 384 2411 454 quibus
2451 386 2710 444 beneﬁcia
2754 387 2956 446 domini
2987 395 3155 448 nostri
3186 391 3473 449 Theodosii
3500 391 3805 460 frequenter

3699 275 3802 340 184

2220 489 2530 542 enumeras,
2546 488 2599 531 et
2616 478 2800 549 augeri
2830 481 3026 537 merita
3058 491 3144 538 tua
3169 483 3378 554 magnis
3401 483 3637 553 prtcmiis
3657 499 3803 544 asse-

2220 579 2396 620 veras.
2441 567 2506 622 Et
2539 568 2614 623 illi
2659 569 2878 640 quidem
2926 571 2990 625 ad
3022 572 3258 652 agendas
3279 575 3480 642 gratias
3509 574 3686 644 lingua
3714 583 3804 632 tua

2218 656 2472 711 sufﬁciet.
2528 657 2641 729 Ego
2697 675 2796 730 pro
2853 662 3228 718 mediocritate
3279 663 3478 733 ingenii
3537 665 3642 721 mei
3691 667 3808 724 viro

2221 748 2701 817 excellentissimo,
2743 755 3020 824 nostrique
3067 756 3119 809 in
3152 755 3465 811 Flavianum
3504 761 3610 812 voti
3634 758 3806 829 socio,

2220 839 2391 895 vicem
2419 840 2592 896 laudis
2613 843 2836 899 exsolvi.
2863 844 2968 901 Sed
2995 845 3156 901 etlam
3188 857 3399 916 tempus
3420 855 3522 916 est,
3551 858 3608 903 ut
3632 850 3808 919 ipsum

2221 935 2368 990 illum
2391 936 2565 994 redire
2583 939 2802 1006 patiaris
2824 954 2921 1009 pro
2936 955 3045 1011 quo
3060 940 3274 1012 obligati
3292 957 3496 998 sumus.
3519 943 3809 1013 Quousque

2221 1028 2587 1098 magistratum
2632 1028 2935 1100 longinqua:
2965 1032 3257 1102 provincia:
3286 1034 3480 1088 solatio
3512 1043 3604 1088 tuo
3634 1034 3810 1090 vindi-

2220 1119 2348 1174 cas?
2373 1119 2526 1175 Nulla
2557 1120 2627 1176 de
2672 1122 2858 1176 uxoris
2900 1132 3056 1179 utero
3089 1124 3332 1180 causatio
3361 1134 3446 1180 est
3468 1167 3484 1192 ,
3525 1127 3684 1198 cujus
3707 1143 3808 1183 ex-

2221 1217 2611 1286 spectationem
2638 1227 2880 1274 maturus
2907 1229 3094 1288 partus
3122 1220 3373 1276 absolvit.
3408 1220 3554 1277 Vale.

2801 1311 3014 1367 EPIST.
3048 1311 3238 1366 XXIII.

2575 1416 2885 1459 SYHACHUS
2925 1419 3185 1459 FLAVIANO
3222 1420 3439 1459 ιιίιΑτιιι.

2295 1493 2554 1550 Putabam
2602 1502 2682 1550 tot
2723 1494 2945 1550 monitis
2987 1505 3152 1564 atque
3186 1496 3649 1553 exhortationibus
3678 1497 3813 1552 meis

2221 1585 2424 1653 aliquid
2450 1585 2633 1640 animo
2661 1593 2754 1641 tuo
2769 1588 3067 1642 accessisse
3091 1586 3413 1643 tolerantiae.
3447 1588 3741 1644 Enimvero
3761 1599 3812 1643 tu

525 1675 767 1732 tissimus
791 1675 1052 1744 obsequio
1079 1683 1172 1729 tuo
1192 1689 1222 1728 a
1261 1689 1350 1729 me
1378 1673 1605 1728 traditus
1623 1713 1637 1737 ,
1669 1679 1727 1728 et
1750 1671 1814 1726 ad
1841 1669 2118 1726 leniendas

2236 1675 2383 1732 aliam
2415 1677 2740 1734 rererendas
2781 1678 3212 1734 necessitudines
3241 1687 3455 1734 nostras
3503 1679 3810 1749 j'eregrina-

526 1777 863 1840 οιιροηιιηιιε
883 1767 1141 1834 mensas.
1163 1767 1272 1836 iam
1300 1765 1499 1836 poterit
1537 1778 1722 1819 amara
1760 1762 1981 1818 condire
2008 1777 2024 1816 :
2051 1760 2120 1817 de
2153 1749 2200 1811 Β
2227 1769 2387 1823 tionis
2406 1769 2685 1824 sollicitas.
2714 1768 2820 1824 Sed
2843 1769 2970 1838 quid
3002 1780 3282 1840 promovet
3321 1773 3419 1824 ista
3459 1770 3815 1838 conquestio?

525 1859 674 1930 cujus
697 1857 906 1914 facetiis
934 1857 1043 1914 duo
1065 1857 1335 1928 spondeo,
1363 1871 1464 1912 nec
1507 1853 1873 1926 Hephtestioni
1916 1863 2122 1922 tempe-

526 1960 862 2017 ramentum,
894 1963 997 2007 nec
1039 1950 1134 2007 tibi
1160 1948 1468 2005 defuturum
1511 1963 1632 2005 esse
1669 1947 1940 2004 solatium.
1969 1945 2118 2001 Vale.

1119 2039 1338 2096 EPIST.
1381 2039 1524 2094 XIX.

889 2145 1200 2188 ειιιιιλοιιιιε
1237 2146 1506 2187 ηΑγιΑιιο
1544 2146 1763 2186 Ριιιτιιι.

598 2226 680 2284 En
702 2226 799 2282 tibi
838 2226 1005 2282 illium
1037 2235 1282 2281 nostrum
1302 2269 1318 2294 ,
1342 2238 1501 2296 quem
1531 2223 1726 2279 solatio
1751 2223 2123 2293 decerpsimus

527 2326 737 2386 nostro,
779 2318 908 2374 dum
937 2317 1210 2374 desiderio
1252 2326 1344 2371 tuo
1383 2317 1643 2372 cedimus.
1687 2314 1928 2370 Tandem
1959 2313 2123 2368 fultus

529 2424 658 2468 caro
694 2409 962 2466 levamine
1005 2409 1120 2464 redi
1151 2407 1204 2463 in
1233 2407 1459 2479 gratiam
1488 2405 1680 2477 prioris
1703 2404 1926 2462 Itetitize.
1949 2403 2056 2460 Sed
2077 2404 2122 2459 si

527 2503 742 2562 accedis
779 2503 1070 2560 sententia
1112 2515 1283 2568 mete;
1322 2501 1411 2556 ubi
1445 2501 1676 2570 primum
1701 2508 1986 2571 paternum
2009 2497 2124 2552 ani-

526 2609 675 2651 mum
717 2593 833 2650 visu
857 2593 1098 2665 pignoris
1125 2591 1325 2648 foveris
1345 2633 1361 2658 ,
1389 2591 1539 2647 utilia
1564 2601 1831 2659 antepone
1849 2589 2121 2659 jucundis,

528 2689 883 2758 iuvenemque
905 2685 970 2740 ad
995 2683 1184 2740 eiviles
1211 2683 1386 2740 fasces
1406 2681 1674 2738 contende
1701 2681 1992 2736 dimittere.
2009 2680 2126 2746 Quo

527 2779 622 2835 tibi
652 2776 710 2835 in
739 2779 932 2836 castris
954 2790 1136 2832 coram
1160 2775 1408 2831 duobus?
1432 2775 1559 2831 llaec
1587 2774 1799 2830 consilii
1824 2772 1928 2826 mei
1957 2771 2125 2826 forma

529 2879 634 2926 est.
663 2868 853 2926 Facies
898 2872 1048 2938 ipse,
1081 2867 1225 2939 quod
1267 2867 1550 2938 prudentia
1593 2866 1801 2935 majore
1837 2863 2124 2934 delegeris.

531 2961 689 3018 Plura
713 2961 857 3017 enim
879 2961 1065 3028 videt,
1090 2961 1182 3033 qui
1211 2976 1397 3017 coram
1425 2960 1494 3016 de
1525 2975 1702 3015 rerum
1729 2956 2130 3014 conditionibus

2224 1858 2340 1916 Non
2370 1857 2548 1915 ferunt
2569 1860 2953 1930 impatientiam
2981 1863 3356 1932 tuam,quibus
3381 1862 3584 1917 reditus
3617 1861 3670 1915 in
3689 1870 3818 1916 voto

2223 1961 2328 2008 est.
2352 1951 2549 2008 Vident
2579 1952 2722 2007 enim
2749 1952 2850 2007 sub
2875 1953 3196 2020 quibusdam
3241 1953 3450 2009 aemulis
3478 1953 3688 2008 civibus
3718 1968 3814 2007 ex-

2225 2058 2439 2100 cessum
2465 2045 2697 2100 celerem
2726 2044 2856 2098 nihil
2888 2043 3061 2101 laudis
3086 2045 3408 2099 habiturnm.
3439 2043 3576 2112 Quin
3600 2058 3818 2098 assume

2225 2137 2606 2204 constantiam,
2632 2145 2688 2192 et
2705 2136 2830 2207 quid
2859 2136 3045 2191 deceat
3074 2138 3262 2206 magis,
3286 2151 3445 2206 quam
3477 2135 3604 2206 quid
3629 2135 3818 2201 libeat,

2225 2230 2470 2298 expende
2502 2246 2515 2282 :
2543 2229 2948 2298 pracipuecum
2978 2229 3092 2298 ipse
3123 2228 3374 2295 fatearis,
3407 2229 3460 2283 in
3493 2244 3675 2284 amore
3717 2230 3815 2281 do-

2227 2320 2357 2376 mini
2389 2321 2558 2376 nostri
2589 2319 2876 2377 Theodosii
2902 2319 3228 2375 venerabilis
3257 2318 3514 2390 principis
3537 2359 3552 2385 ,
3575 2323 3816 2375 omnium

2229 2422 2284 2470 te
2327 2413 2730 2470 carissimorum
2781 2413 3064 2482 pignorum
3099 2411 3323 2482 gratiam
3351 2408 3819 2481 reperisse.Vale.

2798 2503 3016 2559 EPIST.
3056 2502 3247 2558 XXIV.

2585 2610 2899 2652 διιιιιιιοιιυιι
2939 2609 3197 2650 PLAVIANO
3235 2609 3451 2649 FRATRI.

2299 2686 2632 2756 Simplicium
2666 2696 2912 2758 agentem
2942 2687 2994 2741 in
3038 2687 3200 2742 rebus
3249 2701 3384 2754 pene
3430 2687 3482 2740 in
3513 2695 3669 2756 porta
3704 2683 3822 2743 Fla-

2230 2779 2393 2834 minia
2437 2779 2697 2833 retentavi
2723 2820 2739 2843 ,
2769 2788 2824 2832 ut
2859 2777 2927 2832 ad
2955 2787 3006 2832 te
3035 2793 3198 2846 pauca
3229 2818 3244 2843 ,
3275 2788 3328 2832 et
3365 2793 3471 2832 non
3513 2779 3818 2834 omittenda

2231 2869 2516 2924 dictarem.
2549 2868 2717 2923 Filius
2749 2876 2934 2925 uoster
2965 2867 3255 2922 Flavianus
3277 2867 3500 2922 Romam
3521 2868 3698 2936 pridie
3729 2883 3817 2923 ca-

2233 2961 2420 3017 lendas
2449 2959 2667 3017 Martias
2691 2961 2868 3026 venit,
2896 2968 2952 3016 et
2974 2959 3120 3015 brevi
3148 2960 3200 3014 in
3233 2959 3412 3014 Asiam
3441 2960 3698 3014 secundis
3723 2973 3819 3013 an.

530 3052 751 3124 iudicat.
779 3053 890 3124 Ego
917 3053 1060 3126 quod
1093 3054 1304 3125 loquor,
1327 3063 1512 3110 votum
1539 3061 1655 3109 est:
1687 3060 1745 3107 tu
1767 3053 1835 3108 de
1865 3050 2128 3122 appositis
2168 3121 2200 3126 _
2233 3055 2418 3123 Spitriis
2445 3054 2718 3121 ordietur,
2750 3054 2890 3125 quod
2917 3054 3038 3109 ideo
3064 3070 3160 3125 par
3183 3053 3280 3108 fuit
3311 3054 3556 3122 inchari,
3587 3063 3645 3108 ut
3676 3055 3817 3110 Solli-

531 3159 746 3203 assume
770 3145 1060 3216 judicium.
1084 3146 1239 3202 Vale.

1135 3234 1356 3291 EPIST.
1398 3234 1519 3295 XX.

897 3340 1211 3384 δτιιιιιιοιιιιδ
1248 3341 1510 3382 ηΑνιΑκο
1548 3341 1764 3382 νιιΑτιιι.

604 3421 871 3478 Succurre
900 3420 1060 3488 fidei,
1105 3435 1226 3492 qnte
1257 3419 1451 3474 offleiis
1499 3419 1793 3474 amicorum
1823 3418 2125 3475 debitorem

535 3529 624 3572 me
644 3514 845 3571 diutius
872 3529 980 3569 non
1002 3513 1221 3583 patitur.
1248 3513 1464 3568 Fratres
1492 3511 1597 3566 mei
1623 3554 1640 3581 ,
1663 3511 1936 3565 Romanus
1965 3518 2126 3578 atque

534 3605 838 3676 Magnillus,
867 3601 1148 3660 clarissimi
1178 3603 1312 3669 viri,
1349 3603 1459 3674 jam
1493 3602 1693 3658 dudum
1723 3617 1810 3656 tne
1849 3600 2127 3670 religionis

537 3698 747 3754 meritis
768 3706 1091 3753 nexuerunt.
1111 3695 1177 3750 Et
1193 3696 1438 3766 quamvis
1455 3696 1670 3764 prtemia
1688 3711 1796 3750 non
1820 3707 2123 3763 reposcan',

534 3805 657 3863 quae
699 3792 836 3848 solet
878 3791 1054 3847 minor
1096 3799 1411 3860 exspectare
1453 3791 1663 3846 fortuna
1691 3831 1707 3854 ,
1743 3791 1922 3846 acrius
1946 3800 2125 3845 tamen

535 3884 772 3939 animum
816 3898 994 3938 meum
1037 3882 1235 3952 saepius
1265 3883 1545 3937 honestate
1586 3881 1940 3936 conveniunt.
1980 3882 2128 3936 Men-

538 3975 672 4040 tiar,
697 3975 742 4030 si
774 3974 904 4029 milti
927 3974 992 4028 ad
1021 3973 1383 4044 praestandum
1415 3972 1610 4028 deesse
1640 3984 1853 4043 tempus
1874 3971 2126 4042 allegem,

537 4067 663 4134 quia
693 4067 930 4138 potentia
961 4081 1080 4123 mea
1120 4066 1189 4122 de
1211 4065 1286 4121 tui
1329 4065 1548 4120 honoris
1578 4064 1782 4120 viribus
1811 4065 2124 4118 aestimatur.

541 4157 650 4213 Fac
671 4173 802 4224 oro,
828 4168 885 4213 ut
907 4157 1102 4214 effectu
1133 4158 1354 4214 honoris
1377 4157 1459 4212 sui
1487 4158 1755 4223 sentiant,
1785 4171 1886 4226 pro
1906 4171 2132 4211 concor-

539 4249 646 4315 dia,
691 4265 814 4320 qua:
850 4249 979 4305 mihi
1010 4259 1186 4306 tecum
1216 4261 1300 4306 est
1323 4292 1339 4314 ,
1365 4247 1622 4321 quidquid
1644 4247 1887 4305 defertur
1909 4249 2034 4316 uni,
2063 4248 2133 4304 ab

542 4351 768 4412 utroque
796 4340 1004 4398 deberi.
1038 4341 1186 4396 Vale.

1133 4433 1352 4490 EPIST.
1395 4431 1534 4489 XXI.

903 4540 1214 4584 SYIIUACIIUS
1243 4541 1502 4582 FLAVIANO
1541 4542 1755 4581 ιἰιΑτιιι.

613 4615 784 4672 Ofﬁcii
831 4617 936 4671 mei
984 4617 1120 4671 ratio
1160 4617 1362 4681 suasit,
1386 4616 1793 4682 utsi-riberem,
1822 4616 2037 4688 quando
2065 4630 2129 4672 ea

543 4717 626 4764 est
653 4722 877 4774 persona
901 4708 1107 4764 litteras
1135 4708 1428 4774 redditura,
1456 4720 1508 4762 ut
1537 4709 1656 4778 plus
1683 4707 1751 4763 de
1781 4716 1874 4763 tuo
1897 4708 2126 4778 judicio,

543 4813 702 4869 quam
730 4798 798 4854 de
823 4813 944 4855 meo
967 4809 1148 4868 speret
1170 4798 1384 4854 auxilio.
1422 4798 1606 4868 Itaque
1626 4800 1806 4854 omnia
1825 4840 1841 4866 ,
1871 4815 1992 4868 qum
2017 4813 2133 4854 mos

544 4901 629 4949 est
657 4891 850 4948 litteris
875 4891 1148 4962 explicare
1167 4932 1184 4959 ,
1215 4891 1314 4963 ipsi
1344 4893 1522 4964 potius
1546 4892 1813 4948 narranda
1841 4891 2032 4962 delego
2056 4911 2072 4949 :
2101 4909 2132 4947 a

547 4997 651 5054 quo
679 4984 975 5054 amplitudo
1011 4993 1098 5039 tua
1122 5027 1140 5052 ,
1164 4993 1219 5041 et
1238 5000 1359 5054 quae
1388 4985 1456 5042 de
1481 5000 1568 5040 tne
1589 4983 1805 5055 cognitu
1828 4983 1986 5054 digna
2013 4999 2134 5040 cre-

549 5070 780 5143 diderit,
803 5083 858 5130 et
876 5088 997 5148 qua:
1024 5076 1191 5147 ipsius
1214 5074 1426 5133 fortuna
1477 5076 1673 5144 poscit,
1705 5076 1951 5146 accipiet.
1983 5075 2130 5133 Vale.

1133 5168 1347 5225 EPIST.
1391 5168 1557 5226 XXII.

1020 5272 1325 5320 SYIIIACIIL'S
1365 5276 1648 5316 FLAVIANO.

615 5351 972 5424 Reparassem
1013 5351 1220 5420 jamdiu
1261 5353 1572 5424 corpusculi
1605 5354 1712 5410 mei
1739 5355 2135 5423 valetudinem,

541 5445 590 5504 si
616 5443 718 5500 frui
741 5457 996 5516 agrorum
1017 5441 1383 5501 salubritatem
1409 5447 1727 5516 potuissem.
1755 5445 1860 5504 Sed
1890 5463 2031 5503 nunc
2056 5449 2138 5503 in-

546 5543 658 5596 tuta
684 5544 770 5593 est
809 5534 1106 5597 latrociniis
1135 5537 1514 5593 suburbanitas
1541 5557 1555 5592 :
1579 5550 1740 5609 atque
1766 5540 1887 5596 ideo
1917 5548 2140 5612 praestat

545 5630 806 5685 macerari
831 5628 944 5686 otio
965 5627 1197 5687 civitatis
1213 5669 1230 5694 ,
1263 5643 1422 5699 quam
1447 5630 1682 5700 pericula
1707 5633 1847 5687 ruris
1875 5633 2133 5690 incidere.

557 5714 680 5780 l‘uis
707 5729 884 5784 tamen
908 5720 1118 5800 litteris
1134 5722 1398 5787 proficere
1425 5723 1711 5782 sanitatem
1737 5739 1913 5784 meam
1934 5726 2131 5790 sentio.

2159 4492 2216 4553 D

2153 3121 2203 3186 ο
2230 3121 2521 3202 citudinem
2549 3187 2565 3209 ,
2609 3121 2871 3215 quamde
2913 3121 3079 3200 mora—
3095 3145 3210 3215 ejus
3240 3147 3514 3216 hucusque
3555 3143 3822 3212 tolerasti,

2227 3253 2353 3309 spes
2379 3237 2643 3308 promissa
2674 3235 2936 3306 detergat.
2967 3235 3121 3291 Vale.

2807 3326 3026 3384 EI’IST.
3069 3325 3236 3382 XXV.

2656 3433 2968 3475 SYIIACBUS
3008 3435 3265 3476 FLAVIANO
3288 3434 3501 3476 FRATRI.

2301 3507 2558 3565 Abundas
2604 3509 2822 3580 quidem
2861 3511 3102 3567 consiliis
3136 3529 3150 3566 :
3184 3513 3238 3566 in
3268 3526 3483 3567 omnem
3529 3511 3609 3567 rei
3668 3527 3829 3571 usum

2230 3607 2448 3668 paratus
2473 3639 2488 3663 ,
2517 3609 2572 3654 et
2602 3598 2881 3670 sapientiae
2908 3602 3087 3657 cultus
3124 3601 3330 3658 artibus
3352 3643 3370 3668 ,
3411 3602 3684 3657 monitore
3722 3619 3827 3658 non

2233 3691 2453 3762 indiges.
2489 3690 2598 3747 Sed
2628 3691 2706 3747 fas
2735 3702 2816 3747 est
2840 3735 2856 3760 ,
2883 3703 2940 3748 ut
2965 3709 3114 3748 meas
3139 3708 3350 3764 qurque
3377 3695 3586 3764 vigilias
3616 3695 3825 3764 aliquid

2231 3785 2454 3853 privatis
2485 3784 2717 3852 negotiis
2756 3785 2862 3839 tuis
2882 3786 3129 3841 conferre
3158 3787 3398 3856 patiaris.
3421 3786 3599 3853 Quare
3627 3786 3675 3842 si
3700 3785 3827 3855 quid

2231 3876 2661 3946 prmmediatum
2695 3878 2909 3945 utrique
2941 3887 3185 3932 nostrum
3232 3878 3402 3948 stylus
3440 3878 3718 3932 fraternus
3751 3878 3830 3931 in-

2230 3966 2498 4036 gesserit,
2554 3971 2890 4023 constantius
2929 3982 3268 4039 exsequere,
3323 3980 3577 4040 tanquam
3615 3969 3831 4024 duobus

2233 4059 2538 4130 probatum.
2572 4059 2628 4114 Si
2665 4060 2791 4130 quid
2825 4060 2896 4116 ibi
2924 4061 3104 4116 adhuc
3135 4077 3326 4116 novum
3346 4062 3577 4130 le‘geris,
3609 4078 3640 4114 a
3669 4071 3722 4116 te
3751 4062 3833 4116 in-

2231 4163 2451 4207 ventum
2505 4162 2668 4222 puta,
2702 4153 2842 4220 quod
2876 4153 2943 4207 ab
2982 4164 3196 4210 amante
3239 4153 3568 4224 suggeritur.
3611 4153 3833 4222 Subjeci

2231 4247 2403 4318 capita
2429 4263 2634 4314 rerum,
2666 4248 2790 4318 quia
2825 4249 3111 4318 complecti
3140 4247 3334 4303 litteris
3360 4247 3563 4303 fastidii
3591 4248 3710 4316 fuga
3734 4263 3834 4301 no-

2233 4339 2328 4394 lui.
2380 4339 2553 4395 Tuum
2585 4340 2691 4394 erit
2717 4340 2983 4394 insinuata
3013 4340 3297 4395 trutinare.
3331 4338 3401 4392 Ita
3430 4338 3574 4394 enim
3605 4354 3729 4395 meo
3757 4337 3835 4390 of-

2239 4430 2362 4487 ficio
2392 4431 2604 4490 functus
2634 4445 2775 4496 sum,
2800 4440 2857 4484 ut
2882 4431 2976 4486 tibi
3003 4431 3263 4500 judicium
3296 4446 3654 4486 reservarem.
3683 4430 3836 4486 Vale.

2808 4521 3028 4578 EPIST.
3074 4521 3263 4577 XXVI.

2709 4629 3020 4671 ειιιιιιοιιυε
3060 4630 3340 4673 ηΑνιΑΝιτ.

2317 4709 2564 4764 Baiarum
2591 4708 2882 4764 solitudine
2909 4707 3262 4764 vehementer
3293 4706 3530 4761 t-ﬁelhlls
3555 4747 3570 4771 ,
3603 4704 3844 4760 Puteolis

2241 4801 2409 4855 malui
2444 4799 2791 4859 commorari.
2824 4798 2982 4855 Juvat
2998 4799 3140 4854 enim
3171 4813 3270 4854 nos
3298 4799 3452 4852 istius
3477 4797 3579 4851 loci
3602 4797 3845 4851 salubris

2243 4893 2526 4949 habitatio.
2561 4891 2765 4946 Dehinc
2794 4891 2838 4946 si
2880 4891 3067 4962 adjutu
3108 4890 3202 4946 Dei
3229 4898 3412 4958 optata
3444 4891 3847 4958 processerint,

2243 4985 2479 5053 Capuam
2510 4997 2760 5051 paramus
2777 4997 3091 5048 excurrere,
3120 4991 3398 5052 totumque
3427 4979 3568 5035 hiinc.
3593 4996 3847 5035 mensem

2241 5079 2602 5136 Noventbrem
2626 5075 2858 5131 diversis
2900 5073 3209 5144 Campanite
3259 5074 3390 5130 locis
3427 5083 3587 5140 atque
3616 5073 3850 5129 urbibus

2241 5173 2583 5244 deputamus.
2624 5169 2752 5225 [late
2779 5177 2863 5226 est
2899 5169 3072 5224 nostri
3099 5182 3307 5222 summa
3338 5168 3618 5236 propositi.
3647 5166 3760 5223 Sed
3794 5176 3851 5221 ut

2241 5265 2454 5319 animus
2489 5265 2722 5318 a'acrlor
2763 5259 3030 5315 destinata
3075 5266 3429 5329 promoveat,
3479 5257 3675 5312 vestris
3707 5257 3851 5312 allo-

2244 5355 2386 5425 quiis
2423 5351 2708 5423 erigendus
2739 5360 2824 5406 est
2863 5367 2878 5403 ε
2909 5348 3345 5418 quandoquidem
3378 5347 3622 5402 sanitatis
3647 5357 3853 5403 vestrae

2245 5458 2301 5504 ct
2331 5447 2598 5504 felicitatis
2632 5446 2830 5501 indicio
2867 5444 2999 5499 nihil
3047 5444 3320 5515 antiquius
3349 5443 3706 5498 aestimamus.
3743 5442 3856 5498 Ve-

2246 5556 2365 5595 rum
2392 5540 2492 5595 hoc
2517 5554 2614 5608 pro
2651 5538 2846 5608 insigni
2880 5537 3142 5607 religione
3173 5549 3364 5607 sponte
3407 5535 3637 5590 facietis.
3665 5538 3856 5602 Atque

2248 5633 2369 5688 ideo
2391 5648 2494 5686 non
2526 5638 2608 5686 est
2631 5644 2854 5685 necesse
2895 5629 3214 5684 voluntariis
3253 5628 3447 5684 ciliciis
3487 5628 3712 5683 aculeos
3755 5642 3854 5681 ex-

2249 5724 2566 5785 hortationis
2586 5722 2869 5782 adhibere.
2893 5723 3103 5783 Interea
3127 5723 3268 5796 quod
3296 5734 3367 5792 te,
3401 5722 3472 5779 mi
3495 5722 3684 5787 frater.
3713 5721 3853 5779 affo-
