4074 6176
280 298 374 355 183

1501 299 1922 358 EI’ISTOLARU
1933 303 1978 358 Μ
2019 301 2220 362 LIBER
2261 309 2326 365 11.

3445 312 3554 378 I36

273 425 330 463 re
377 405 690 478 polliceris.
718 404 1073 489 Yehemenlef
1106 406 1422 477 ampleclor-
1455 409 1629 479 Atque
1661 411 1862 464 utinam
1892 418 1937 472 Α
1966 416 2108 470 cium
2149 420 2234 474 vel
2276 420 2526 477 invidiam
2572 425 2930 493 possessionis
2973 439 3106 481 meae
3138 426 3284 495 parvi
3333 427 3549 494 agelluli

273 509 324 554 te
351 499 546 555 domus
573 506 682 554 tota
711 488 1028 552 comitetur!
1056 505 1114 551 ut
1138 506 1194 552 et
1214 498 1369 553 nobis
1400 499 1638 554 lmtitiam
1664 496 1860 570 ple'nio.

277 607 390 646 rem
424 590 619 644 tribuat
648 588 910 642 adventus
937 588 1177 652 omnium
1197 628 1212 652 ,
1243 598 1297 643 et
1327 588 1423 643 libi
1451 604 1611 644 causa
1654 606 1759 644 non
1788 593 1860 644 sit

274 682 436 737 citius
455 682 684 750 patriam
708 678 1020 734 recurrendi
1043 719 1060 744 ,
1106 678 1375 735 desiderio
1394 689 1448 734 et
1473 696 1659 737 amore
1686 697 1860 737 rema-

275 774 540 829 nentium.
571 771 723 826 Vale.

836 839 1050 896 EPIST.
1091 838 1303 894 XXVII.

626 947 938 989 δικιηειιυε
977 949 1236 989 ειΑνιΑΝο
1276 950 1487 990 FRATRI.

340 1023 597 1092 Quamvis
627 1023 832 1079 litteras
861 1039 1009 1078 meas
1049 1025 1184 1077 fama
1214 1024 1536 1092 praevenerit
1556 1066 1572 1091 ,
1609 1039 1728 1094 quae
1770 1040 1860 1080 ex-

269 1125 554 1174 oneratam
575 1125 629 1170 te
658 1115 884 1184 publicis
909 1114 1316 1170 necessitatibus
1338 1116 1604 1170 nuntiavit
1628 1133 1643 1171 :
1677 1127 1853 1171 tamen

266 1223 377 1280 quo
408 1208 618 1263 ﬁdelior
656 1216 801 1264 esset
842 1209 1070 1262 assertio
1090 1248 1106 1274 ,
1135 1207 1349 1275 scriptis
1387 1208 1650 1262 confirmo
1672 1224 1854 1264 rumo-

264 1315 411 1356 rem.
440 1299 549 1355 Sed
591 1300 714 1354 licet
740 1299 965 1369 publica:
991 1298 1068 1354 rei
1093 1298 1436 1354 absolutione
1478 1299 1700 1365 lane-ris,
1731 1300 1855 1354 volo

264 1403 319 1448 te
346 1394 639 1448 adversum
677 1392 880 1448 incerta
921 1392 1116 1446 muniri
1150 1411 1163 1444 :
1197 1391 1447 1447 videlicet
1477 1401 1536 1446 ut
1563 1393 1663 1447 sub
1693 1395 1855 1448 Acto-

261 1499 386 1539 rum
417 1482 756 1538 confectione
768 1483 1066 1544 tuorum.si
1089 1481 1264 1537 adhuc
1285 1483 1486 1538 retines
1506 1493 1848 1553 potestatem,

262 1575 350 1630 vel
387 1575 607 1630 vicaria:
636 1574 999 1643 praefectum,
1029 1588 1148 1643 quae
1177 1573 1270 1628 tibi
1294 1576 1533 1641 poscenti
1562 1589 1712 1645 aqua
1743 1589 1848 1628 non

263 1665 462 1732 deerit,
501 1665 793 1736 diligentia:
838 1674 940 1719 tua:
987 1665 1126 1720 ratio
1171 1665 1484 1736 digeratur:
1534 1682 1652 1736 quae
1681 1667 1848 1734 possit

264 1755 582 1820 ostendere,
611 1764 740 1824 quot
768 1769 993 1809 numero
1030 1755 1276 1809 animalia
1307 1756 1618 1821 collocaris,
1651 1765 1705 1811 et
1742 1772 1849 1826 quo
1880 1775 1926 1835 Β

265 1855 526 1915 apparatu
553 1846 870 1900 instruxeris
896 1846 1232 1912 mansiones,
1265 1856 1320 1902 et
1341 1856 1598 1916 quantum
1623 1847 1674 1900 in
1721 1848 1845 1902 titu-

265 1936 329 1990 lis
350 1935 910 2006 f‘tscalibusexigendis
927 1944 1013 1988 tua
1039 1951 1164 1990 cura
1190 1938 1538 2006 promoverit.
1567 1937 1676 1992 Hoc
1701 1938 1845 1992 enim

265 2029 576 2084 testimonio
620 2027 902 2083 adversum
951 2042 1140 2084 omnes
1185 2031 1266 2084 vel
1298 2029 1547 2086 fortuitas
1575 2031 1844 2102 querelas_

264 2123 346 2175 vel
376 2118 654 2176 aﬂ‘cctatas
681 2118 901 2174 insidias
930 2121 1243 2190 protegeris.
1270 2121 1420 2178 Vale.

777 2230 994 2286 EPIST.
1037 2231 1270 2286 XXVIII.

628 2303 940 2378 δῐιιίιΑςιιυε
978 2339 1236 2380 FLAVIANO
1277 2341 1488 2379 FRATRI.

333 2420 536 2486 Argue,
566 2425 623 2471 ut
651 2416 756 2482 vis,
785 2431 964 2471 rerum
987 2417 1208 2472 consilia
1241 2428 1361 2486 post
1383 2419 1608 2485 exitum,
1635 2426 1692 2475 et
1715 2417 1848 2474 mihi

259 2507 395 2562 vitio
422 2519 578 2563 verte
602 2548 618 2574 ,
646 2506 790 2576 quod
829 2516 1196 2577 contemptum
1239 2509 1322 2563 sui
1366 2507 1680 2579 prmfectura
1719 2525 1849 2565 con-

259 2609 451 2669 questa
495 2609 597 2654 est.
628 2597 810 2654 Facile
836 2607 1118 2654 accusatur
1138 2599 1387 2655 desertus
1414 2600 1644 2655 auxilio.
1674 2600 1848 2671 Atque

259 2694 387 2750 ideo
432 2696 486 2748 in
519 2709 607 2749 me
633 2694 878 2762 recipere
906 2694 1049 2748 malo
1078 2695 1278 2749 erroris
1305 2694 1700 2750 confessionem
1726 2738 1742 2763 ,
1782 2710 1849 2749 ne

257 2797 354 2842 aut
380 2787 590 2842 amicos
627 2785 1000 2856 negligentiae,
1049 2795 1144 2842 aut
1179 2786 1516 2842 adversarios
1544 2787 1850 2857 asperitatis

258 2879 554 2934 insessam.
596 2877 782 2934 Fuerit
811 2877 1067 2942 fortunaz,
1101 2893 1206 2932 non
1233 2879 1581 2933 conscientiae
1605 2893 1769 2944 mete,
1794 2887 1850 2932 ut

259 2971 438 3026 victus
481 2968 733 3036 viderer,
774 2971 864 3038 qui
912 2971 1141 3024 necdum
1181 2984 1451 3040 cmperam
1505 2972 1734 3040 litigare.
1781 2975 1851 3025 At

259 3064 432 3118 etiam
459 3061 650 3117 scribis
672 3101 688 3128 ,
727 3064 904 3117 causis
946 3062 1210 3118 similibus
1259 3063 1655 3119 abstinendum.
1691 3063 1850 3120 Vides

1965 511 2324 566 retentionem
2352 515 2534 579 cessit,
2566 529 2688 571 cum
2719 517 2792 570 illi
2824 529 2934 572 tota
2969 518 3300 574 mulierculae
3331 521 3547 588 promit-

1964 610 2166 658 teretur
2196 605 2519 660 hmreditas?
2547 608 2678 664 Nam
2701 610 2969 666 referendi
2997 611 3112 667 haec
3145 613 3256 666 sola
3295 614 3548 682 prmfecto

1964 694 2121 750 Urbis
2160 697 2298 751 ratio
2345 699 2477 765 fuit;
2511 714 2614 754 non
2656 710 2714 755 ut
2752 717 3085 772 receptarum
3126 705 3544 772 appellationum

1961 799 2173 854 poenam
2202 788 2399 844 Sicilia:
2439 799 2616 846 rector
2659 793 2998 857 exsnlveret,
3048 794 3140 849 sed
3186 806 3242 848 ut
3290 795 3537 861 iniuriam

1957 893 2108 932 suam
2138 879 2275 932 sacri
2306 880 2554 935 auditorii
2577 882 2822 953 cognitor
2845 884 3154 940 vindicaret.
3181 886 3330 939 Nunc
3347 887 3540 940 rescri-

1959 968 2175 1024 bentur
2203 970 2253 1023 in
2277 985 2516 1035 causam,
2549 984 2666 1041 post
2691 974 2968 1028 victoriam
2993 989 3185 1036 meam.
3211 985 3391 1030 contra
3415 991 3538 1031 sen-

1957 1062 2177 1117 tentiam
2202 1063 2564 1131 prmfecturaa,
2606 1067 2692 1119 cui
2731 1080 2854 1134 pars
2891 1068 3117 1122 adversa
3159 1070 3446 1122 consentit.
3479 1068 3537 1124 Si

1959 1154 2144 1206 telatio
2183 1152 2248 1206 ad
2291 1156 2554 1208 fortunam
2605 1157 2802 1225 negotii
2857 1160 3168 1224 pertineret,
3219 1168 3272 1212 et
3315 1159 3536 1227 supple-

1958 1257 2159 1310 menta,
2203 1246 2286 1301 vel
2335 1246 2682 1301 refutatorios
2721 1248 2998 1317 jurgantes
3043 1248 3348 1314 dedissent;
3383 1265 3535 1316 rogo,

1954 1336 2022 1392 de
2042 1337 2237 1420 quibus
2262 1337 2563 1392 actionibus
2591 1339 2935 1407 iudicabitur,
2967 1353 3098 1408 quas
3128 1339 3180 1392 in
3210 1339 3389 1394 Sicilia
3419 1351 3538 1406 ιοςι.

1953 1429 2366 1498 appellationem
2401 1445 2571 1483 meam
2608 1444 2730 1497 pars
2773 1445 2874 1484 una
2921 1429 3291 1499 deprompsit,
3341 1431 3535 1500 quibus

1956 1519 2350 1588 tyrannicorum
2378 1529 2673 1588 temporum
2698 1528 2845 1588 gesta
2873 1521 3072 1574 sociata
3092 1522 3253 1574 sunt?
3274 1520 3365 1574 Ta:
3393 1524 3425 1575 ti
3455 1532 3537 1576 est

1955 1609 2149 1665 invidia
2198 1609 2331 1673 mei,
2383 1623 2427 1662 c:
2476 1618 2624 1677 grata
2664 1609 2927 1677 aliquibus
2968 1610 3335 1675 reprehensio.
3392 1610 3534 1662 Cede

1952 1703 2350 1758 adversantium
2373 1702 2654 1768 voluntati,
2671 1714 2725 1756 et
2743 1702 2961 1756 domino
2977 1714 3162 1757 nostro
3183 1702 3536 1757 invictissituo

2209 1796 2517 1852 Theodosio
2559 1811 2774 1865 semper
2815 1806 3039 1864 augusto
3079 1795 3302 1864 dignare
3342 1810 3533 1863 sugge-

1949 1905 2090 1956 rere,
2123 1905 2231 1945 uou
2259 1890 2426 1959 pluris
2453 1873 2591 1958 apud
2627 1903 2713 1942 me
2760 1887 2974 1942 divitias
3005 1886 3215 1954 valere,
3261 1901 3419 1952 quam
3455 1885 3531 1938 Ia-

2008 1998 2112 2040 am.
2145 1987 2350 2039 Bonum
2381 1982 2451 2038 de
2472 1997 2557 2037 me
2580 1970 2840 2052 judicium
2874 1980 3112 2049 parentis
3139 1978 3331 2047 publici
3356 2020 3371 2041 ,
3402 1993 3530 2032 con-

1947 2076 2242 2133 servatoris
2263 2075 2389 2140 mei,
2407 2075 2576 2130 cuivis
2597 2084 2867 2144 antepono
2888 2072 3229 2144 patrimonio.
3253 2071 3310 2127 Si
3335 2071 3532 2140 platct,

1948 2178 2008 2224 ut
2035 2169 2179 2224 omni
2207 2182 2325 2223 mea
2358 2166 2696 2221 haereditatia
2739 2166 3081 2236 possessione
3121 2163 3377 2218 decedam
3397 2203 3411 2226 ,
3444 2163 3528 2217 lex

1951 2259 2083 2316 mibi
2113 2260 2237 2327 erit,
2265 2257 2522 2329 quidquid
2548 2257 2786 2313 omnium
2822 2258 3074 2313 dominus
3103 2257 3310 2326 placata
3342 2264 3531 2310 aucto-

1950 2353 2110 2408 ritate
2136 2353 2426 2408 censuerit.
2457 2351 2608 2407 Vale.

2511 2464 2731 2520 EPIST.
2771 2464 2964 2520 XXXI.
3061 2473 3064 2476 ’

2304 2594 2614 2635 δγιιηλειωε
2647 2593 2908 2635 Ριλνιλιςο
2942 2593 3156 2633 FRATRI.

2020 2711 2146 2770 Scio
2177 2721 2230 2768 te
2249 2713 2479 2768 amicum
2497 2713 2750 2782 justitiaa,
2787 2723 2840 2766 et
2869 2721 3138 2767 amantem
3171 2710 3308 2774 mei,
3357 2718 3412 2764 et
3447 2723 3534 2766 ve-

1953 2821 2078 2860 reor
2111 2820 2182 2861 nc
2225 2805 2485 2874 suscipias
2523 2804 2690 2859 ullum
2734 2820 2828 2872 pro
2860 2803 3097 2857 absentis
3129 2801 3531 2856 existimatione

1953 2903 2250 2960 certamen,
2279 2905 2440 2966 atque
2469 2897 2524 2948 in
2565 2905 2616 2950 te
2646 2895 2820 2963 aliqua
2857 2895 2978 2949 odia
3019 2895 3360 2962 detorqueas.
3405 2893 3534 2948 Peto

1956 2989 2116 3057 igitur
2144 2989 2412 3056 quiescas.
2469 2989 2583 3042 Erit
2619 2987 2846 3042 fortasse
2879 2987 3031 3054 copia
3076 2985 3203 3039 mibi
3249 2984 3534 3040 afferenda:

1956 3082 2278 3152 quandoque
2306 3081 2547 3136 veritatis
2569 3079 2710 3148 apud
2741 3090 3000 3134 aeternum
3034 3078 3326 3146 principem
3365 3077 3535 3131 domi-

259 3164 527 3221 quantum
559 3156 720 3210 liceat
745 3156 980 3210 eventui.
1010 3156 1219 3210 Oblitus
1246 3171 1306 3212 es
1338 3172 1548 3212 morum
1584 3173 1848 3214 meorum.
1877 3143 1925 3206 Ο
1956 3143 2082 3229 lium
2129 3143 2370 3228 no'stmm
2419 3172 2780 3228 τιιθοάηςίυιη
2801 3216 2817 3238 ,
2871 3172 3025 3239 cuius
3064 3187 3185 3240 "sa
3242 3186 3328 3225 me
3387 3171 3536 3223 tam,

261 3244 379 3314 Ego
405 3259 455 3298 vi
479 3257 540 3298 ro
565 3245 737 3298 solita:
761 3245 1097 3299 verecundia:
1119 3249 1602 3320 ignavumquoque
1625 3247 1847 3317 jungam

263 3334 521 3389 timorem
541 3377 559 3402 ,
585 3345 640 3390 et
672 3335 864 3390 litteris
893 3338 996 3390 tuis
1033 3351 1188 3405 agam
1237 3339 1466 3406 gratias,
1493 3353 1610 3407 qua
1639 3352 1723 3392 me
1751 3337 1848 3391 de-

263 3428 440 3496 posita
482 3427 622 3495 juris
665 3435 718 3483 et
768 3428 1064 3483 amicorum
1096 3429 1310 3493 fiducia,
1339 3431 1405 3485 ad
1434 3432 1672 3486 omnium
1713 3431 1850 3500 inju-

265 3520 471 3573 riarum
498 3518 774 3574 silentium
810 3520 1178 3576 cohortantur.
1209 3522 1356 3579 Vale.

836 3631 1048 3688 EPIS'I‘.
1088 3633 1283 3689 XXIX.

631 3737 939 3780 εῖιιιιιειιυς
976 3741 1236 3780 ηΑνιΑιιι
1276 3743 1489 3784 FRATRI.

333 3811 448 3868 Pro
478 3812 699 3884 optlmis
729 3814 860 3869 viris
907 3816 1152 3886 quisquis
1194 3818 1514 3887 intervenit,
1548 3833 1653 3875 non
1681 3821 1852 3892 magis

260 3911 481 3965 illorum
504 3908 716 3965 videtur
730 3910 921 3980 juvare
947 3916 1312 3981 commodum,
1343 3930 1500 3985 quam
1523 3930 1676 3970 suum
1698 3932 1847 3972 com-

261 4001 527 4056 mendare
555 4001 839 4070 judicium.
885 4002 1063 4069 Quare
1110 4005 1162 4059 in
1195 4020 1290 4072 eo,
1333 4007 1474 4075 quod
1519 4007 1699 4064 fratris
1745 4010 1850 4064 mei

260 4092 484 4148 Itasimi
513 4093 777 4149 desideria
801 4095 994 4151 litteris
1012 4111 1326 4168 prosequor,
1346 4115 1450 4153 non
1481 4111 1586 4153 tam
1611 4101 1684 4155 illi
1709 4103 1848 4166 usui,

261 4198 427 4251 quam
460 4182 593 4237 mihi
617 4184 759 4238 laudi
791 4193 893 4239 est.
919 4186 1018 4240 Est
1035 4189 1179 4242 enim
1202 4190 1305 4242 vita
1330 4198 1384 4243 et
1397 4192 1698 4245 eruditione
1715 4191 1850 4246 libe-

262 4273 458 4328 talium
482 4272 885 4343 disciplinarum
913 4276 1376 4347 pariterinsignis,
1407 4296 1577 4350 neque
1600 4282 1694 4336 ulli
1717 4297 1851 4353 prm-

261 4366 524 4420 stantium
564 4367 1003 4438 phil050phorum
1042 4373 1340 4436 secundus,
1369 4387 1432 4428 ac
1455 4384 1739 4442 propterea
1764 4384 1851 4431 tua

265 4456 634 4512 familiaritate
657 4456 1024 4526 dignissimus.
1063 4460 1231 4530 Cujus
1263 4463 1357 4518 tibi
1403 4465 1610 4534 negotia
1635 4480 1758 4520 cum
1801 4469 1853 4522 in

264 4561 379 4602 rem
404 4548 608 4604 missus
655 4549 972 4619 absolverit,
1014 4567 1202 4623 quaeso
1247 4567 1304 4609 ut
1345 4556 1701 4623 humanitate,
1745 4575 1850 4629 qua

264 4640 445 4694 clarus
473 4654 569 4705 es,
594 4639 770 4710 justas
803 4642 1092 4712 petitiones
1120 4645 1400 4716 ingravato
1437 4648 1639 4704 auxilio
1665 4665 1851 4720 prose.

263 4731 470 4800 quaris.
510 4729 661 4788 Vale.

851 4804 1066 4863 EPIST.
1105 4807 1277 4864 XXX.

639 4909 951 4967 SYIIACIIUS
981 4912 1247 4954 FLAVIANO
1277 4916 1494 4956 FRATRI.

339 4982 455 5048 Quo
478 4985 660 5040 animo
699 4987 999 5057 acceperim
1039 4988 1323 5046 Sicilieuse
1357 4995 1628 5063 negotium
1667 4996 1853 5052 vulneo

265 5089 466 5142 ratum,
509 5079 666 5136 facile
699 5081 1006 5152 coniectas,
1050 5082 1141 5155 qui
1179 5101 1265 5141 me
1303 5089 1521 5144 noveris
1565 5091 1616 5144 in
1661 5091 1854 5148 alienis

265 5189 480 5244 quoque
504 5176 864 5246 iudicatorum
895 5180 1180 5250 iniquitate
1222 5183 1476 5240 morderi.
1517 5186 1656 5253 Quin
1691 5187 1851 5242 etiam

261 5266 472 5321 consilii
515 5267 872 5337 imprudentis
919 5286 947 5323 a
989 5281 1042 5326 te
1077 5287 1276 5343 arguor
1308 5274 1380 5329 ob
1412 5277 1634 5332 amissa.
1685 5277 1854 5333 Recte

263 5356 402 5424 agis.
429 5354 539 5410 Cur
566 5357 709 5412 enim
738 5361 951 5427 speravi
991 5365 1378 5419 contumeliam
1421 5365 1562 5421 sacri
1600 5366 1851 5422 auditorii

264 5446 682 5504 vindicandam?
723 5451 833 5506 Cur
861 5455 929 5507 de
956 5455 1148 5510 amicis
1186 5456 1426 5525 legitima
1464 5468 1521 5512 et
1545 5457 1684 5528 justa
1718 5475 1854 5528 βηρ-

260 5540 517 5604 sumpsi?
567 5541 634 5595 Et
668 5559 775 5611 quo
801 5545 1002 5599 redacti
1031 5549 1261 5602 sumus?
1299 5548 1569 5605 Justitiam
1623 5551 1850 5620 perdidi,

260 5630 389 5685 dum
423 5644 676 5703 exspecto
706 5637 1018 5693 vindictam.
1065 5637 1181 5695 Jam
1220 5640 1380 5710 illud,
1422 5659 1530 5712 quo
1574 5656 1727 5713 pacto
1768 5645 1847 5699 di-

262 5720 432 5788 luam.
466 5726 602 5792 quod
627 5726 830 5786 Probus
855 5731 1036 5787 mitior
1051 5731 1346 5802 iudicatur,
1372 5738 1462 5803 qui
1494 5736 1546 5791 in
1583 5736 1840 5806 prtejudi-

1887 4517 1938 4577 D

1953 3262 2101 3330 fecit,
2136 3273 2192 3317 ut
2221 3263 2423 3332 aliquid
2456 3263 2670 3318 interim
2698 3262 2979 3317 moliretur
3001 3263 3220 3316 invidia.
3262 3261 3378 3316 Non
3407 3272 3536 3331 puto
3622 3315 3629 3321 ,

1954 3355 2108 3409 bonis
2132 3355 2461 3424 temporibus
2485 3369 2602 3409 eam
2629 3369 2806 3409 causm
2836 3369 2971 3409 meae
3001 3353 3366 3409 conditionem
3397 3355 3536 3407 futuo

1953 3461 2098 3511 ram;
2122 3461 2242 3516 qua:
2262 3446 2364 3501 sub
2391 3456 2618 3517 tyranno
2641 3446 2769 3510 fuit,
2812 3448 2964 3516 cujus
2990 3446 3182 3501 litteris
3211 3446 3275 3500 ad
3309 3446 3535 3501 Marcel-

1955 3538 2046 3592 lini
2075 3540 2474 3608 suggestionem
2504 3538 2642 3593 datis
2672 3540 2914 3594 homines
2939 3554 3089 3594 meos
3116 3540 3220 3594 scis
3244 3553 3363 3594 esse
3394 3539 3533 3592 mul-

1956 3638 2115 3685 tatos.
2154 3628 2306 3697 Quod
2337 3629 2390 3685 in
2413 3630 2719 3700 panegyrici
2741 3630 3057 3686 defensione
3079 3646 3183 3685 non
3202 3629 3533 3686 tacui.Va|e.

2508 3764 2720 3821 EPIST.
2765 3764 2982 3824 XXXII.

2323 3891 2636 3934 SYIIACIIUS
2664 3895 2922 3936 FLAVIANO
2946 3895 3156 3936 FRATRI.

2028 4006 2235 4064 Reddet
2272 4008 2367 4062 tibi
2408 4009 2614 4064 litteras
2652 4026 2838 4077 meas,
2884 4016 2973 4081 qui
3011 4021 3129 4068 tuas
3176 4010 3308 4066 mihi
3353 4010 3539 4065 debuit

1954 4097 2235 4154 exhibere.
2266 4096 2449 4167 Neque
2469 4100 2612 4153 enim
2633 4100 2820 4154 eadem
2845 4103 2996 4158 nobis
3024 4101 3220 4157 silentii
3238 4103 3537 4165 excusatio,

1954 4202 2074 4261 quae
2102 4186 2196 4241 tibi
2224 4187 2482 4255 suppetit.
2521 4187 2600 4242 'l‘e
2645 4191 2921 4260 multiplex
2957 4202 3171 4246 actuum
3200 4192 3535 4261 publicorum

1955 4256 2107 4332 turba
2136 4278 2529 4344 circumsonat;
2553 4293 2654 4348 ego
2677 4279 2744 4333 ab
2762 4256 3013 4335 omnibus
3041 4256 3268 4350 negotiis
3296 4281 3534 4340 feriatus,

1957 4372 2109 4425 triste
2139 4369 2309 4425 otium
2358 4377 2494 4423 tero.
2551 4369 2618 4422 Et
2659 4370 2798 4436 quod
2838 4370 2910 4424 tui
2955 4371 3176 4425 honoris
3213 4371 3382 4440 gratia
3412 4381 3538 4426 ante

1969 4464 2253 4528 faciebam,
2284 4478 2428 4518 nunc
2457 4477 2577 4517 meo
2603 4477 2822 4516 assumo
2847 4463 3060 4517 solatio.
3096 4464 3323 4518 Levatur
3340 4466 3537 4533 quippe

1960 4554 2277 4626 a‘gritudine
2305 4535 2763 4624 animus,quotii-s
2790 4553 2844 4608 in
2869 4554 3045 4610 officia
3069 4555 3240 4609 amica
3270 4554 3536 4627 dirigitur.

1957 4647 2040 4702 Me
2064 4662 2129 4702 ex
2157 4661 2316 4712 vero,
2347 4661 2452 4700 non
2489 4646 2554 4699 ad
2583 4646 2807 4716 gloriam
2835 4647 3010 4718 loqui,
3056 4648 3288 4704 secessio
3318 4663 3434 4704 mea
3463 4658 3540 4704 te-

1957 4741 2054 4795 stis
2082 4748 2189 4795 est.
2215 4738 2346 4794 Nam
2374 4755 2495 4794 cum
2525 4739 2714 4795 dolore
2743 4741 2960 4796 saueius
2989 4751 3272 4796 :estuarem
3302 4782 3316 4805 ,
3354 4741 3537 4797 sedem

1957 4830 2192 4885 dominae
2221 4831 2523 4885 communis
2552 4834 2789 4902 parentis
2818 4833 2970 4902 quasi
3007 4831 3184 4887 fanum
3210 4832 3420 4901 aliquod
3448 4832 3538 4886 Dei

1957 4921 2208 4978 salutaris
2250 4923 2474 4977 accessi.
2517 4922 2668 4977 Nunc
2705 4923 2824 4990 ejus
2863 4923 3091 4976 consilio
3126 4923 3322 4976 vulnus
3361 4938 3539 4977 meum

1957 5014 2010 5069 in
2037 5015 2340 5070 ciCatrircm
2364 5018 2636 5070 convenit.
2663 5015 2808 5070 Illius
2828 5015 3110 5086 acquiesco
3134 5015 3371 5078 monitis,
3399 5015 3541 5069 illius

1955 5120 2057 5174 ope
2082 5107 2313 5175 reSpiro.
2341 5105 2546 5160 Adsunt
2572 5107 2735 5160 etiam
2762 5115 2974 5161 caetera:
2992 5105 3329 5160 venerabiles
3357 5121 3541 5160 neces—-

1957 5195 2221 5250 situdiues
2263 5205 2412 5250 tum:
2461 5205 2517 5250 et
2564 5196 2704 5265 quod
2743 5212 2829 5252 me
2871 5212 2982 5266 prae
3016 5197 3230 5252 caeteris
3255 5197 3427 5264 juvat,
3465 5195 3539 5248 tui

1957 5287 2198 5356 quotidie
2246 5287 2496 5344 blandam
2537 5288 3106 5344 commemorationem
3144 5304 3325 5344 sermo
3361 5297 3538 5341 nosth

1957 5387 2196 5432 exercet.
2230 5378 2344 5445 Qua
2375 5378 2443 5433 de
2473 5393 2534 5433 re
2561 5379 2702 5432 inter
2728 5378 3037 5448 Campania!
3077 5381 3335 5434 terminos
3371 5377 3542 5442 major

1958 5483 2082 5538 pars
2105 5469 2308 5524 aestatis
2329 5470 2662 5540 agitabatur;
2693 5470 2908 5540 quando
2933 5480 2988 5526 et
3021 5469 3302 5540 prmsentia
3346 5468 3542 5534 placet,

1956 5567 2012 5614 et
2040 5575 2102 5614 ea
2129 5559 2368 5616 conditio
2389 5569 2472 5616 est
2493 5562 2702 5629 patriae,
2728 5563 2895 5632 utqui
2919 5563 3132 5618 excludi
3153 5576 3248 5628 per
3268 5557 3542 5627 improbos

1959 5664 2262 5718 possumus,
2317 5652 2507 5709 abesse
2547 5653 2762 5710 interim
2802 5652 2948 5710 velut
2987 5668 3052 5708 ex
3088 5659 3274 5708 nostro
3317 5647 3542 5707 arbitrio

1959 5739 2268 5795 debeamus.
2304 5740 2450 5796 Vale.
