4046 6170
469 253 573 317 I87

1021 367 1234 423 EPIST.
1265 366 1503 422 XXXIII.

853 475 1156 516 εγιιιιιοιιιιε
1186 475 1285 514 ηΑ
1294 474 1451 514 νιΑΝο
1483 472 1676 512 FRATRI
1685 494 1702 511 .

545 551 755 610 Relatio
789 555 884 609 viri
928 554 1237 625 spectabilis
1278 553 1459 608 fratris
1494 551 1661 606 nostti
1700 549 1884 605 vicarii
1922 548 2061 603 iudi-

469 648 729 714 gnitatem
760 644 1084 714 deprehensi
1120 644 1341 700 sceleris
1385 645 1688 712 eloquetur.
1736 641 1910 710 Atque
1941 641 2060 695 ideo

471 752 578 792 non
624 747 709 792 est
753 753 995 802 necesse,
1043 745 1103 792 ut
1130 737 1274 791 dictu
1306 745 1360 791 et
1403 735 1584 790 auditu
1633 733 1834 788 nefaria
1878 746 2061 787 noster

467 843 650 883 sermo
673 838 968 886 recenseat.
996 830 1167 884 Unum
1206 836 1292 883 est
1330 827 1470 898 quod
1495 841 1611 882 mea
1641 825 1848 896 petitio,
1877 834 1930 880 et
1957 839 2062 878 ca:-

471 932 708 976 terorum
739 930 858 976 vota
882 921 1211 989 desiderant,
1241 933 1297 976 ut
1329 938 1424 990 pro
1450 921 1656 992 iustitia
1708 931 1794 974 tua
1824 921 2056 974 inultum

470 1027 592 1067 esse
619 1029 722 1068 non
755 1017 922 1081 sinas,
956 1016 1096 1085 quod
1123 1015 1375 1084 exemplo
1403 1013 1775 1084 gravissimum
1801 1011 1923 1076 erit,
1952 1011 2056 1066 nisi

470 1121 634 1160 ausus
663 1107 890 1162 aliorum
921 1108 1214 1162 vehemens
1246 1121 1402 1174 ptena
1445 1106 1845 1174 compresserit.
1893 1104 2058 1159 Fama

469 1207 572 1266 est,
609 1200 909 1268 Ampeliutn
938 1209 992 1254 et
1017 1198 1274 1268 quosdam
1305 1199 1442 1253 alios
1471 1198 1537 1251 de
1561 1195 1810 1252 Sardinia
1835 1239 1847 1257 ,
1880 1205 1936 1249 ut
1973 1209 2060 1248 as-

467 1288 688 1354 seritur,
715 1301 995 1344 senatores
1027 1290 1078 1343 in
1109 1290 1308 1344 crimen
1332 1289 1609 1352 adductos,
1646 1287 2058 1355 forumcompe-

471 1391 591 1433 tens
619 1379 910 1435 observare
933 1381 1277 1449 praeceperis.
1315 1380 1423 1434 Hos
1450 1393 1589 1432 nunc
1620 1377 1779 1432 audio
1809 1378 1872 1429 ad
1911 1377 2056 1430 aliud

469 1474 721 1543 iudicium
751 1489 870 1530 esse
902 1475 1206 1530 translatos.
1237 1475 1413 1541 Quare
1444 1473 1487 1528 si
1518 1474 1632 1540 ipse
1665 1474 1731 1524 ita
1757 1487 1785 1524 τι
1813 1480 1867 1526 te
1897 1471 2057 1525 remi-

473 1565 695 1620 nisceris
717 1566 1012 1637 judicatnm
1038 1585 1052 1632 ;
1085 1582 1296 1636 tequnm
1327 1581 1446 1622 esse
1470 1565 1737 1632 arbitror,
1764 1575 1819 1620 ut
1844 1565 2056 1620 statutis

472 1663 578 1718 tuis
600 1643 790 1719 adesse
819 1663 1074 1733 digneris.
1103 1663 1254 1719 Vale.

1013 1753 1230 1810 EPIST.
1271 1751 1510 1814 XXXIV.

841 1860 1153 1901 εγιιιυιειιυε
1181 1860 1442 1900 FLAVIANO
1470 1858 1685 1898 FRATRI.

542 1937 820 1992 Adoruare
853 1947 903 1991 te
935 1937 1187 2002 reditum,
1211 1938 1352 2006 quod
1383 1951 1534 1992 sacra
1563 1937 1730 1990 Deum
1759 1938 1945 1990 matris
1967 1951 2056 2007 ap«

471 2040 732 2099 peterent,
765 2029 1084 2085 arbitrabar.
1117 2030 1195 2083 'l'u
1226 2029 1278 2083 in
1308 2029 1414 2084 diei
1435 2029 1590 2084 unius
1619 2031 1719 2083 iter
1743 2043 2050 2100 promoves,

472 2137 674 2192 uosque
719 2130 774 2176 et
815 2122 1038 2191 patriam
1068 2129 1188 2189 post
1221 2131 1424 2185 tergum
1454 2120 1733 2190 relinquis.
1765 2120 1964 2186 lllude,
1995 2129 2056 2174 ut

469 2213 572 2278 vis,
595 2213 889 2267 amicorum
919 2212 1154 2266 facilitati
1179 2229 1192 2264 :
1231 2227 1366 2283 quos
1392 2213 1435 2266 si
1468 2212 1582 2267 hsce
1612 2212 1883 2267 morderet
1912 2213 2055 2280 inju-

466 2304 570 2369 ria,
593 2306 646 2358 in
674 2307 844 2360 vicem
873 2305 1027 2359 mala:
1052 2305 1240 2374 gratia:
1267 2305 1460 2360 saltem
1487 2306 1677 2360 litteris
1699 2305 2050 2360 abstinerent.

467 2391 622 2448 Nunc
662 2407 790 2448 vero
832 2393 1026 2448 officiis
1065 2398 1366 2449 mulcemus
1405 2395 1720 2460 abeuntem,
1770 2406 1823 2449 et
1860 2394 2052 2450 blanda

467 2486 652 2540 animo
701 2496 798 2542 tuo
839 2487 1080 2544 fomenta
1124 2491 1478 2558 suggerimus,
1531 2503 1653 2544 cum
1704 2499 1758 2542 tu
1806 2489 2053 2544 omnibus

456 2592 648 2632 curam
678 2577 757 2633 rei
795 2578 1073 2634 familiaris
1100 2581 1390 2634 anteferas.
1449 2579 1582 2634 Nam
1621 2581 1921 2635 recordaris
1953 2582 2053 2635 hoc

461 2677 525 2722 te
570 2668 881 2737 prtefamine
929 2671 1211 2736 epistolam
1271 2670 1553 2724 texuisse:
1609 2668 1760 2723 Nihil
1787 2671 1880 2723 hac
1903 2681 2053 2724 (etate

465 2759 784 2812 tractandum
809 2759 1014 2829 pensius
1040 2760 1304 2814 domestici
1316 2785 1328 2808 ς
1360 2761 1529 2814 rebus.
1574 2760 1726 2827 Qttod
1764 2775 1884 2830 ego,
1925 2761 2050 2814 dum

464 2852 801 2921 contemplor
831 2868 1019 2906 venam
1064 2865 1272 2905 morum
1328 2861 1562 2914 tuorum,
1611 2852 1723 2904 scio
1766 2851 1894 2906 ludo
1932 2867 2053 2906 esse

464 2953 803 3012 conceptum.
874 2943 1100 3009 Quando
1165 2944 1308 2998 enim
1376 2942 1675 2997 sublimitas
1723 2942 1918 3011 ingenii
1977 2943 2051 2996 tui

466 3036 611 3090 curis
639 3038 917 3092 vilioribus
945 3036 1288 3092 ﬂecteretur?
1335 3036 1544 3091 Censeo
1585 3037 1744 3104 igitur
1771 3036 1890 3090 aliis
1921 3035 2051 3090 dare

465 3126 626 3181 verba
671 3127 980 3195 mt-diteris,
1027 3127 1116 3196 qui
1168 3138 1408 3181 sanctum
1459 3127 1737 3194 penetrale
1767 3127 1930 3181 animi
1975 3128 2047 3181 ιιιί
2077 3104 2122 3166 C

391 3231 394 3234 ‘
465 3217 727 3272 nesciunt.
788 3217 913 3272 Mihi
968 3232 1074 3271 uno
1119 3231 1319 3287 genere
1365 3216 1683 3280 satisfacies,
1739 3215 1784 3270 sl
1835 3217 2055 3272 remotis

461 3307 814 3378 cpistolarum
837 3309 1236 3364 defensionibus
1268 3310 1383 3377 ipse
1410 3309 1756 3365 remeaveris.
1787 3307 1940 3363 Vale.

1023 3443 1242 3498 EPIST.
1282 3443 1497 3498 XXXV.

840 3574 1148 3616 δῖιιιιιοιιοδ
1175 3575 1435 3615 ειιιγυιιιο
1457 3576 1676 3616 FRATRI.

537 3672 653 3743 Ego
688 3686 904 3744 quoque
941 3673 996 3728 in
1042 3673 1328 3730 scribendo
1370 3672 1594 3728 formam
1625 3674 1905 3728 vetustatis
1930 3688 2049 3728 am-

463 3763 698 3833 plector,
745 3764 1011 3836 nimisque
1061 3765 1256 3828 miror,
1309 3765 1449 3834 quod
1487 3763 1617 3818 mihi
1659 3763 1857 3818 lbrarii
1895 3779 2050 3819 error

457 3857 794 3925 obrepserit;
839 3859 928 3928 qui
976 3857 1165 3912 solitus
1212 3856 1456 3926 epistolis
1502 3857 1635 3910 meis
1673 3857 1890 3911 nomina
1935 3858 2046 3912 sola

459 3961 778 4016 praeponere
799 3988 812 4010 ,
852 3961 1004 4002 usum
1033 3948 1332 4016 simplicem
1358 3947 1570 4003 novella
1599 3947 1903 4018 adjectione
1932 3963 2048 4003 mu-

456 4039 615 4094 savit.
639 4039 745 4096 Sed
773 4039 822 4094 id
853 4043 1027 4110 potius
1054 4056 1181 4095 casu
1202 4083 1216 4107 ,
1255 4056 1414 4110 quam
1453 4041 1702 4096 consulto
1745 4040 1944 4096 factum
1985 4043 2048 4096 li-

455 4130 664 4199 quebit,
689 4132 729 4184 si
761 4132 1078 4197 recorderis,
1101 4148 1248 4202 δίψει
1265 4135 1407 4186 iores
1423 4147 1696 4202 nunquam
1725 4133 1878 4187 istius
1901 4134 2046 4211 modi

457 4223 616 4276 titulo
646 4223 941 4276 sorduisse.
979 4223 1040 4277 Et
1063 4234 1238 4278 tamen
1274 4233 1541 4293 utcunque
1567 4238 1654 4278 res
1680 4223 1894 4290 accidit,
1927 4240 2046 4294 gra-

457 4315 605 4368 tulor
628 4315 748 4369 novi
775 4315 973 4384 aliquid
997 4316 1257 4382 oblatum,
1289 4318 1428 4388 quod
1460 4334 1544 4373 me
1567 4335 1595 4374 a
1619 4320 1779 4373 solito
1820 4335 2043 4391 respon-

458 4404 621 4458 dendi
653 4421 850 4474 genere
890 4407 1207 4462 vindicaret.
1245 4409 1536 4479 Quousque
1579 4411 1720 4464 enim
1762 4411 1952 4465 danda:
1983 4426 2045 4465 ac

456 4495 750 4552 reddenda:
794 4497 1099 4554 salutationi
1132 4499 1294 4554 verba
1326 4500 1741 4567 hlatcrabimus,
1778 4517 1898 4556 cum
1939 4505 2042 4557 alia

455 4587 601 4656 stylo
629 4588 847 4642 materia
877 4603 982 4642 non
1014 4589 1298 4659 suppetat?
1325 4592 1394 4643 At
1433 4591 1559 4644 olim
1601 4602 1850 4660 parentes
1883 4593 2041 4647 etiam

457 4680 645 4749 patriae
675 4683 908 4752 negotia,
937 4699 1055 4751 que
1083 4699 1227 4736 nunc
1253 4697 1495 4749 angnsm,
1527 4687 1614 4739 vel
1639 4686 1782 4739 nulla
1813 4695 1957 4751 sunt,
1991 4688 2042 4740 in

457 4775 750 4830 familiares
775 4775 993 4846 paginas
1017 4775 1384 4831 conferebant.
1412 4777 1464 4830 ld
1490 4779 1613 4846 quia
1634 4779 1772 4833 versi
1791 4779 1855 4832 ad
1877 4780 2043 4833 Otium

458 4866 622 4921 rebus
647 4867 952 4934 omisimus,
995 4867 1257 4936 captanda
1283 4879 1407 4922 sunt
1440 4870 1595 4923 nobis
1623 4869 1934 4940 plerumque
1961 4873 2044 4924 in-

460 4966 660 5013 tentata
712 4960 984 5016 scribendi
1030 4961 1256 5026 semina,
1310 4977 1431 5030 quae
1481 4963 1751 5018 fastidium
1803 4972 2045 5034 tergeant

457 5051 788 5122 generalium
820 5051 1140 5108 litterarum.
1174 5053 1318 5108 Juvit
1347 5055 1506 5124 igitur
1537 5069 1624 5109 me
1660 5056 1836 5123 culpa,
1882 5071 2042 5126 quam

455 5140 624 5207 delui,
654 5147 708 5195 et
729 5141 773 5195 si
803 5158 909 5197 non
933 5144 1086 5198 fallor
1107 5184 1122 5208 ,
1159 5144 1250 5198 tibi
1279 5160 1491 5214 quoque
1519 5148 1658 5200 viam
1687 5147 1838 5202 dedit
1879 5147 2042 5203 inusi-

455 5245 564 5293 tata
589 5235 881 5293 referendi.
920 5235 1069 5291 Vale.

997 5328 1212 5385 EPIST.
1260 5329 1498 5385 XXXVI.

809 5435 1118 5478 εῑιιιιιιοιιυε
1157 5439 1418 5478 ηλνιλιιο
1465 5441 1682 5480 FRATRI.

529 5515 673 5589 Ergo
701 5513 837 5572 adeo
865 5514 1243 5584 complacitum
1271 5525 1354 5570 est
1395 5519 1667 5572 communi
1704 5519 1908 5586 parenti
1934 5562 1946 5584 ,
1983 5527 2042 5572 ut

455 5613 512 5662 te
543 5607 770 5676 longius,
827 5623 984 5678 quam
1016 5606 1208 5662 vellem
1237 5647 1252 5671 ,
1305 5621 1529 5663 necesse
1559 5612 1629 5664 sit
1654 5610 1927 5665 detineri?
1958 5614 2037 5665 Att

457 5697 559 5756 tibi
585 5701 908 5756 urbanorum
939 5712 1081 5757 tanta
1115 5699 1294 5756 vitatio
1327 5710 1431 5763 est.
1474 5712 1529 5756 ut
1571 5705 2037 5774 exstiectatiunem

1643 255 1706 323 ρ.
1751 247 2106 308 AURELIUS
2142 248 2580 308 SYMMACHUS.

2090 361 2138 418 Α
2168 373 2342 413 meam
2373 360 2456 430 pia
2478 362 2800 418 causatione
2826 361 3145 420 frustreris?
3189 364 3250 421 Et
3283 380 3470 424 revera
3501 370 3630 425 mihi
3663 374 3748 431 hic

3649 259 3752 322 183

2165 453 2363 522 agitur,
2411 463 2503 508 aut
2541 453 2775 522 dicitur,
2819 457 2962 525 quod
2991 457 3163 512 bonus
3183 461 3412 525 animus,
3449 473 3502 517 et
3537 464 3746 522 sincera

2167 552 2355 597 natura
2383 545 2552 610 possit
2583 547 2855 614 amplet-ti.
2895 546 3002 603 Sed
3049 558 3312 618 utcunque
3355 552 3453 606 ista
3500 565 3653 620 sunt,
3701 557 3746 612 si

2164 633 2349 688 Romae
2379 651 2592 704 ageres,
2651 637 2799 691 aditu
2830 638 2969 691 inter
2999 653 3094 692 nos
3116 649 3298 694 mutuo
3329 642 3557 699 fortasse
3592 646 3746 702 mite.

2163 735 2398 779 soerent.
2432 726 2585 780 Nunc
2608 728 2887 796 graviores
2913 744 3087 782 rerum
3121 733 3359 785 omnium
3397 734 3745 805 offensiones,

2163 828 2224 870 ut
2250 826 2375 886 pote
2400 819 2567 881 solus,
2593 822 2864 889 experior.
2894 821 3132 892 Exempli
3159 837 3317 878 causa
3343 842 3507 881 unum
3537 832 3745 900 accipe,

2162 910 2230 965 de
2260 925 2365 978 quo
2396 911 2606 978 reliqua
2643 911 2938 980 conjectes.
2976 913 3300 969 Pru'textato
3332 927 3516 974 nostro
3546 937 3740 976 tuonu-

2163 1012 2401 1056 mentum
2426 1011 2617 1057 statua:
2642 1002 2823 1057 dicare
2848 1003 3119 1060 destinant
3139 1007 3370 1076 virgines
3392 1010 3530 1065 sacri
3557 1011 3738 1068 Vesta-

2165 1092 2229 1145 lis
2257 1093 2547 1148 antistites.
2600 1094 2844 1150 Consulti
2896 1096 3192 1162 pontifices,
3241 1101 3550 1170 priusquam
3595 1119 3746 1159 reve-

2162 1185 2386 1238 rentiam
2417 1185 2664 1239 sublimis
2697 1185 3008 1255 sacerdotii,
3041 1197 3133 1242 aut
3157 1189 3329 1257 longze
3359 1194 3537 1246 aetatis
3567 1209 3741 1263 usum,

2161 1276 2243 1332 vel
2293 1276 2658 1332 conditionem
2713 1277 2972 1348 temporis
3023 1283 3301 1349 praesentis
3341 1285 3745 1354 expenderent;

2159 1368 2361 1439 absque
2395 1370 2594 1439 paucis,
2628 1371 2716 1442 qui
2742 1387 2828 1427 me
2856 1373 3027 1428 secuti
3058 1382 3182 1428 sunt
3203 1416 3218 1440 ,
3259 1386 3318 1430 ut
3346 1377 3464 1446 ejus
3508 1379 3742 1434 officium

2160 1473 2478 1527 statuerent,
2507 1474 2830 1519 annuerunt.
2872 1467 3002 1535 Ego,
3031 1467 3121 1536 qui
3159 1467 3516 1536 adverterem,
3568 1488 3744 1540 neque

2161 1551 2428 1608 honestati
2464 1553 2729 1623 virginum
2762 1554 2884 1608 talia
2913 1557 2965 1609 in
2995 1556 3143 1611 viros
3161 1559 3412 1628 obsequia
3431 1563 3744 1627 convenire,

2161 1659 2335 1716 neque
2366 1660 2520 1700 more
2543 1645 2680 1712 fieri,
2712 1646 2853 1714 quod
2878 1646 3045 1702 Numa
3077 1659 3286 1718 auctor,
3333 1650 3582 1707 Metellus
3610 1668 3746 1708 con-

2083 1734 2403 1792 Bservator
2455 1737 2796 1806 religionum,
2848 1752 3146 1809 omnesque
3196 1740 3474 1809 pontifices
3524 1745 3742 1798 maximi

2157 1842 2429 1898 nunquam
2479 1837 2606 1882 ante
2655 1839 3015 1885 meruerunt:
3069 1831 3184 1888 haec
3222 1833 3438 1902 quidem
3484 1834 3626 1901 silui,
3677 1855 3747 1893 ne

2157 1933 2432 1974 sacrorum
2464 1920 2671 1975 aemulis
2697 1922 2969 1976 enuntiata
2999 1938 3190 1977 noxam
3222 1934 3492 1993 crearent,
3522 1928 3742 1982 inusita-

2157 2020 2264 2064 tum
2291 2012 2636 2065 censentibus.
2671 2012 2986 2082 Exemplum
3018 2014 3180 2069 modo
3201 2014 3478 2071 vitandum
3510 2032 3631 2074 esse
3663 2035 3745 2074 re-

2157 2103 2374 2172 scripsi,
2403 2120 2467 2158 ne
2495 2104 2745 2171 resjusto
2765 2117 2879 2159 orta
2905 2106 3192 2176 principio,
3215 2108 3366 2163 brevi
3386 2109 3453 2164 ad
3471 2109 3745 2181 indignos,

2157 2211 2254 2266 per
2274 2197 2530 2252 ambitum
2550 2197 2850 2252 deveniret.
2874 2197 2950 2253 Ne
2976 2199 3193 2268 longum
3216 2201 3421 2271 loquar,
3447 2201 3560 2270 ipsa
3577 2206 3746 2259 verl-a

2155 2285 2223 2340 ad
2256 2296 2306 2340 te
2338 2286 2455 2340 misi
2487 2288 2641 2342 bonis
2672 2289 2926 2356 probata,
2971 2292 3064 2345 sed
3109 2307 3336 2347 numero
3366 2293 3588 2348 fortasse
3620 2297 3746 2350 via-

2155 2379 2359 2446 cenda;
2416 2381 2537 2435 licet
2576 2381 2628 2434 in
2670 2381 2903 2436 decretis
2941 2383 3250 2448 pontificum
3291 2400 3394 2439 non
3434 2387 3504 2440 sit
3549 2388 3742 2442 eadem

2159 2468 2347 2535 forma,
2382 2485 2502 2539 quze
2538 2473 2704 2525 curia:
2727 2480 2830 2527 est.
2876 2471 2982 2528 Sed
3025 2473 3128 2528 hoc
3165 2489 3380 2545 quoque
3409 2478 3553 2543 parvi
3585 2477 3746 2533 faciet

2159 2562 2460 2618 inscientia.
2491 2564 2644 2631 Quod
2674 2565 2717 2617 si
2761 2574 2815 2618 tu
2846 2566 3068 2621 adesses
3089 2607 3105 2631 ,
3139 2568 3364 2622 multum
3391 2569 3619 2624 duorum
3652 2585 3742 2622 sa-

2156 2652 2297 2708 nitas
2347 2664 2715 2722 promoveret.
2767 2657 2944 2721 Quare
2993 2656 3082 2711 ubi
3137 2659 3365 2726 primum
3416 2674 3479 2713 ex
3533 2660 3745 2715 incerto

2156 2744 2328 2799 morbi
2359 2758 2554 2813 parens
2581 2748 2892 2802 communis
2919 2748 3224 2812 emerserit,
3272 2750 3440 2805 redde
3476 2761 3532 2804 te
3581 2751 3736 2814 mihi,

2157 2844 2215 2889 ut
2245 2837 2400 2892 nobis
2431 2838 2723 2908 aequiorem
2766 2841 2890 2894 vitae
2927 2854 3146 2897 cursum
3181 2839 3378 2896 faciant
3426 2841 3744 2913 participat:

2155 2927 2366 2982 solatia.
2403 2928 2551 2984 Vale.

2698 3001 2912 3057 El‘lS'I‘.
2957 2995 3220 3056 XXXVII.

2529 3100 2840 3148 εῖιιιιλειιυδ
2868 3091 3130 3148 suavium
3160 3109 3372 3151 suum.

2227 3181 2444 3252 Nequeo
2469 3182 2718 3250 definire,
2748 3199 2867 3252 quas
2887 3185 3223 3252 potissimum
3247 3185 3376 3239 mihi
3399 3184 3742 3240 describendi

2158 3273 2330 3327 forma
2358 3275 2668 3329 conveniat.
2726 3274 2800 3328 Ea
2836 3275 3037 3345 quippe
3061 3274 3172 3343 jam
3206 3275 3297 3328 diu
3328 3275 3744 3343 intemperantia

2154 3363 2429 3420 variorum
2456 3382 2768 3432 rumorum;
2800 3376 2860 3422 ut
2889 3383 3065 3436 neque
3087 3368 3342 3437 decipere
3367 3368 3531 3435 falsis,
3567 3385 3746 3439 neque

2155 3455 2450 3511 sollicitare
2487 3459 2632 3514 veris
2680 3459 3083 3514 amantissimos
3125 3461 3232 3516 mei
3284 3460 3533 3527 debeam.
3599 3461 3744 3530 Spes

2155 3555 2355 3612 tamen,
2406 3563 2528 3618 qua:
2573 3564 2752 3603 rerum
2794 3564 3012 3618 semper
3036 3550 3383 3605 adversarum
3428 3552 3744 3620 patientiam

2151 3638 2367 3701 suadet,
2401 3640 2452 3693 in
2481 3647 2595 3694 tuto
2624 3650 2729 3694 est.
2762 3639 2827 3693 Et
2857 3640 2903 3695 si
2930 3640 3130 3711 aliquid
3165 3644 3564 3698 commoditatis
3599 3653 3745 3699 attu-

2155 3730 2297 3798 Ict‘it,
2321 3747 2656 3804 nequaquam
2681 3734 2934 3790 morabor
2957 3735 3116 3790 index
3135 3749 3258 3792 esse
3275 3735 3741 3794 meiiorutn.Vale.

2667 3865 2882 3922 EPIS'I‘.
2929 3865 3216 3922 xxxvnt.
3330 3928 3345 3939 ,

2505 3971 2818 4012 δῑιιιλοιιιιε
2857 3971 3115 4014 ΡιΛνΙΔΠΟ
3155 3973 3374 4012 FRATRI.

2225 4069 2341 4125 Filii
2373 4070 2476 4126 mei
2512 4069 2784 4126 Parthenii
2810 4071 3070 4126 adventus
3114 4072 3276 4126 nullis
3319 4072 3557 4139 postulat
3587 4085 3742 4126 eom-

2154 4160 2560 4217 mendationum
2604 4162 2888 4217 lenociniis
2920 4162 3186 4232 adjuvari.
3243 4161 3349 4218 Sed
3399 4176 3743 4219 accessurum

2150 4260 2339 4323 gratia:
2367 4253 2649 4318 existimo,
2689 4253 2833 4323 quod
2869 4254 2989 4321 ejus
3030 4254 3340 4322 praesentiae
3390 4255 3553 4309 etiam
3589 4269 3743 4308 meus

2149 4365 2330 4404 sermo
2363 4349 2728 4420 coniungitur.
2779 4349 2856 4404 Ex
2904 4349 3021 4416 ipso
3064 4349 3248 4403 Ποτιιῖῠ
3289 4359 3435 4418 gesta
3479 4351 3743 4411 noscet's,

2077 4446 2277 4541 l)lit-et
2316 4446 2577 4514 scriptum
2627 4445 2770 4498 fama
2827 4444 3167 4514 prmvenerit.
3221 4443 3406 4512 Neque
3453 4443 3597 4497 enim
3654 4458 3742 4496 ris

2152 4555 2358 4609 magnae
2398 4548 2457 4595 et
2491 4539 2775 4607 insperata:
2816 4538 2870 4592 in
2911 4547 3122 4593 secreto
3172 4551 3231 4590 se
3274 4551 3396 4591 esse
3442 4535 3742 4604 patiuntur.

2152 4631 2205 4684 ln
2232 4629 2425 4685 bonam
2459 4638 2665 4699 partem
2692 4629 2844 4699 plebs
2867 4639 3050 4683 nostra
3084 4637 3252 4682 mutat
3281 4644 3294 4679 :
3329 4626 3460 4680 adeo
3497 4635 3552 4679 ut
3587 4624 3744 4694 jngi-

2151 4731 2233 4778 ter
2263 4721 2642 4777 seditiosorum
2671 4736 2829 4790 prima
2852 4730 3139 4791 poscatur,
3178 4728 3232 4774 et
3253 4718 3360 4787 jam
3391 4728 3537 4786 terga
3567 4717 3748 4770 dede-

2152 4813 2264 4866 rint
2307 4811 2623 4866 insolentes.
2670 4813 2847 4866 Multis
2888 4827 2992 4865 non
3035 4824 3169 4880 opus
3208 4817 3309 4864 est.
3361 4807 3543 4877 Neque
3591 4809 3746 4861 enim

2151 4904 2442 4974 quidquam
2490 4905 2779 4958 narrandis
2827 4904 2999 4957 debeo
3047 4903 3350 4972 derogare,
3401 4901 3490 4970 qui
3551 4914 3749 4953 rerum

2151 4995 2536 5065 plenitudinem
2569 5005 2796 5050 venturo
2824 4994 2889 5050 ad
2931 5009 3025 5049 vos
3050 4993 3210 5048 indici
3249 4990 3540 5047 reservavi.
3581 4989 3752 5046 νη-

2691 5131 2905 5187 EPIST.
2947 5129 3190 5185 XXXIX.

2524 5239 2832 5278 SYIIACIIUS
2859 5238 3124 5278 FLAVIANO
3150 5236 3358 5276 FRATRI.

2219 5337 2393 5392 Ilorus
2422 5335 2798 5407 philosOphus,
2834 5333 2940 5390 vita
2985 5345 3144 5404 atque
3194 5331 3499 5387 eruditione
3543 5330 3726 5399 praei

2149 5443 2304 5498 pnus,
2351 5427 2461 5498 jam
2497 5428 2585 5482 diu
2617 5427 2748 5482 mihi
2791 5440 2948 5481 carus
3001 5437 3053 5479 et
3093 5425 3299 5478 amicos
3340 5432 3456 5486 est;
3489 5429 3547 5475 et
3600 5421 3765 5478 inter

2150 5521 2317 5589 prima
2351 5530 2595 5574 numerat
2626 5520 2764 5574 dona
2799 5517 3024 5572 fortuna:
3046 5560 3059 5581 ,
3092 5516 3136 5570 si
3177 5514 3394 5584 optimis
3432 5513 3766 5582 quibusque

2142 5613 2413 5684 jungatur.
2447 5612 2676 5669 Studens
2705 5613 2863 5682 igitur
2893 5613 2958 5666 ad
2986 5610 3233 5666 effectum
3263 5605 3600 5663 desiderium
3623 5607 3767 5673 eius

2145 5704 2431 5764 adducere.
2489 5718 2672 5767 quatso
2715 5713 2788 5764 te,
2835 5711 2892 5756 ut
2943 5711 2996 5756 et
3043 5700 3124 5756 sui
3168 5699 3344 5757 meriti
3367 5697 3569 5762 gratia,
3603 5703 3659 5753 et
3698 5699 3769 5755 in
