4046 6170
245 306 345 364 I89

1464 305 1941 364 EPISTOLARUM
1981 307 2183 366 LIBER
2226 315 2262 368 lt
2275 352 2287 369 .

3443 335 3542 392 illo

246 419 505 476 honorem
550 417 1036 475 commendationis
1077 433 1234 485 mea,
1286 416 1428 476 inter
1485 419 1833 511 familiarium
1863 418 1916 479 Δ
1943 421 2091 491 ipsos
2117 443 2299 483 coram
2327 427 2546 486 datores
2590 433 2876 504 bonorum,
2922 443 3110 511 gratiae
3154 443 3322 500 instar
3350 447 3539 504 existi-

245 521 463 568 tuorum
495 513 797 583 pracipuos
817 521 978 582 atque
999 510 1347 568 honorabiles
1367 521 1673 568 censeatur.
1695 510 1843 566 Vale.

863 644 1077 701 EPIST.
1118 644 1232 701 XL.

624 752 934 792 δηιλειιυε
965 752 1225 792 FLAVIANO
1257 752 1467 792 PRATRI.

313 827 526 896 Ignatio
554 843 676 884 meo
701 829 945 899 gratulor
983 829 1122 895 quod
1157 838 1340 884 nostra
1383 829 1436 884 in
1468 845 1588 884 eum
1617 829 1842 902 diligen-

244 921 313 973 tia
344 931 440 972 tuo
467 933 659 974 amore
684 920 948 974 vincatur.
976 919 1201 974 Factum
1226 929 1342 982 est,
1373 920 1516 991 quod
1547 921 1792 976 volebam
1819 939 1834 974 :

235 1025 361 1066 nam
392 1013 692 1080 parciorem
728 1011 796 1065 de
825 1011 915 1064 illo
945 1011 1240 1064 testimonii
1269 1012 1574 1067 cautionem
1617 1014 1835 1081 prmmi-

234 1115 438 1165 serant,
468 1118 628 1171 quam
655 1104 856 1157 sentire
883 1101 1119 1169 capisti.
1165 1101 1318 1157 Nunc
1356 1102 1402 1158 si
1442 1118 1546 1173 qua
1590 1119 1831 1158 nieorum

233 1205 456 1248 actuum
486 1198 628 1251 seire
658 1197 917 1266 postulas,
944 1195 1257 1265 explicabit.
1300 1197 1468 1250 Tanta
1510 1197 1584 1252 illi
1616 1207 1700 1252 est
1724 1198 1834 1252 vir-

235 1296 340 1350 tus,
394 1297 450 1340 et
502 1287 784 1354 utriusque
824 1297 1065 1342 nostrum
1103 1302 1167 1341 ex
1199 1287 1562 1342 familiaritate
1606 1289 1828 1354 fiducia;

231 1385 287 1431 ut
327 1387 385 1430 et
439 1376 509 1431 de
557 1393 648 1432 me
691 1377 824 1432 nihil
857 1377 1024 1448 possit
1057 1377 1339 1448 ignorare,
1372 1387 1428 1434 et
1450 1378 1590 1449 apud
1619 1388 1672 1436 te
1699 1380 1830 1434 nihil

229 1466 513 1523 occulere.
545 1466 701 1524 Vale.

838 1538 1050 1596 EPIST.
1100 1539 1237 1594 XLI.

615 1647 922 1689 STIIACRUS
951 1649 1218 1691 ι-ἰΑνιΑιιο
1247 1651 1460 1690 FRATRI.

296 1723 623 1778 Voluntaria
674 1725 936 1780 benellcia
976 1735 1064 1781 tua
1117 1727 1319 1797 petitio.
1345 1743 1375 1783 e
1416 1729 1724 1797 prtevenio,
1768 1738 1826 1783 ut

226 1832 346 1886 quae
391 1829 485 1872 tua
517 1827 709 1886 sponte
751 1817 971 1881 tribuis,
1023 1833 1125 1889 ego
1172 1819 1356 1875 videar
1404 1823 1716 1889 impetrare,
1769 1831 1825 1877 et

226 1911 426 1964 bonum
461 1921 670 1968 naturae
695 1921 800 1965 tute
830 1911 883 1964 in
917 1912 1145 1980 gratiam
1176 1926 1350 1967 meam
1379 1920 1634 1966 transeat.
1669 1913 1820 1966 Nica-

225 2017 412 2070 geram
439 2002 802 2056 claris~imum
829 2003 1002 2056 virum
1047 2004 1247 2059 Siciliae
1291 2003 1524 2059 fascibus
1557 2004 1818 2068 functum,

229 2095 325 2148 sub
352 2092 664 2148 custodiam
691 2094 884 2150 adesse
911 2095 1068 2159 jussi.
1114 2095 1268 2150 llunc
1306 2096 1400 2150 tibi
1444 2105 1500 2151 et
1543 2109 1657 2151 suae
1697 2097 1822 2150 vitae

227 2182 535 2253 integritas,
574 2194 630 2238 et
654 2185 844 2238 merita
877 2185 1117 2240 fraterna
1156 2186 1558 2241 commendant.
1598 2186 1822 2241 Accedit

226 2275 301 2329 illi
337 2275 406 2329 ad
440 2277 856 2345 przcrogativam
905 2279 1145 2346 precatio
1187 2292 1304 2333 mea
1335 2294 1350 2336 :
1385 2279 1474 2349 qui
1526 2279 1627 2333 ezsi
1659 2292 1820 2348 spero

223 2369 484 2440 probitati
508 2370 625 2440 ejus
647 2385 1026 2440 responsuram
1057 2371 1466 2427 beneficen=iam
1513 2382 1687 2435 tuam;
1727 2386 1814 2427 se-

218 2463 352 2517 dulo
381 2473 560 2516 tamen
589 2462 827 2531 postulo,
854 2473 909 2516 ut
934 2464 1275 2519 sanctissimo
1311 2464 1492 2533 juveni
1526 2464 1577 2518 in
1617 2463 1816 2519 bonum

218 2562 401 2610 vertat
429 2553 781 2610 exhibitionis
813 2556 1044 2609 occasio.
1088 2556 1237 2611 Vale.

804 2689 1020 2745 EPIST.
1065 2688 1224 2744 XLII.

581 2796 894 2837 sumentis
931 2797 1193 2837 rmvmo
1236 2797 1450 2837 ruunt.
1525 2771 1529 2776 ’

286 2870 807 2927 Commendaveram
848 2871 944 2927 tibi
983 2872 1186 2928 dudum
1220 2871 1526 2931 Macedonii
1557 2871 1658 2927 viri
1696 2871 1809 2929 cla-

215 2963 416 3019 rissimi
444 2962 634 3030 filium,
673 2978 794 3018 eum
839 2961 956 3018 foro
987 2972 1079 3019 tuo
1106 2979 1302 3019 nomen
1331 2952 1593 3019 dedisset.
1635 2963 1810 3018 Credo

217 3068 338 3109 eam
380 3069 494 3108 rem
534 3068 633 3124 pro
660 3055 838 3108 studio
881 3069 1002 3110 meo
1035 3055 1218 3124 juveni
1258 3055 1649 3110 commodasse.
1699 3054 1806 3111 Sed

216 3145 338 3215 quia
373 3146 686 3214 parentibus
715 3146 847 3201 nihil
877 3149 1009 3202 satis
1035 3156 1150 3214 est,
1194 3157 1248 3202 et
1282 3147 1551 3203 efficacior
1581 3148 1802 3218 quibus-

215 3235 336 3290 dam
359 3236 572 3290 videtur
593 3237 861 3305 petitionis
888 3238 1099 3292 iteratio
1124 3254 1138 3290 ε
1173 3247 1390 3307 rogatus
1413 3238 1590 3294 denuo
1622 3250 1804 3307 postu-

214 3325 380 3382 latum
412 3337 631 3394 retexo,
674 3342 782 3382 non
826 3337 882 3383 ut
922 3344 1114 3382 novam
1159 3329 1434 3384 causidico
1474 3328 1803 3384 benevolen-

212 3419 343 3472 tiam
371 3429 616 3487 praestes,
657 3419 752 3474 sed
794 3432 846 3474 ut
887 3421 996 3489 jam
1037 3421 1288 3476 tributam
1318 3421 1555 3492 digneris
1584 3436 1800 3491 augere.

212 3511 331 3567 ﬂeo
353 3523 534 3566 autem
559 3515 776 3568 nomine
798 3528 984 3583 quaeso
1007 3525 1082 3578 te,
1107 3530 1174 3569 ne
1195 3514 1274 3569 sic
1295 3514 1615 3569 desiderimn
1647 3529 1799 3584 repe-

211 3604 365 3658 titum
395 3617 520 3659 esse
551 3603 829 3674 conjicias,
874 3612 1124 3675 tanquam
1169 3621 1254 3661 me
1293 3606 1443 3676 prius
1484 3606 1802 3676 impetrasse

206 3693 474 3749 difﬁdam.
501 3692 654 3750 Vale.

778 3763 991 3822 EPIST.
1043 3764 1222 3821 XLIII.

570 3871 880 3912 SYIHIACIIUS
920 3874 1182 3914 FLAVIANO
1221 3873 1439 3914 FRATRI.

274 3946 474 4002 Merita
523 3946 806 4014 Sexionis,
857 3949 948 4020 qui
993 3951 1220 4006 antehac
1266 3948 1568 4007 Calabriam
1618 3952 1793 4018 rexit,

198 4038 362 4094 multi
403 4040 461 4093 in
501 4039 696 4095 bonam
737 4050 940 4111 partem
975 4043 1297 4112 loquuntur;
1343 4057 1512 4112 eaque
1552 4053 1790 4112 promer,

197 4142 261 4187 ut
301 4131 562 4202 suffragio
601 4143 692 4187 tuo
732 4148 761 4186 a
803 4149 890 4188 me
927 4136 1375 4200 committeretur,
1408 4144 1649 4189 orarunt.
1703 4136 1798 4189 Est

200 4223 560 4278 humanitatis
601 4234 657 4278 et
693 4224 1100 4280 consuetudinis
1127 4230 1253 4286 tua),
1287 4225 1407 4280 aliis
1434 4240 1643 4296 quoque
1678 4229 1792 4297 pla-

197 4315 340 4370 citos
368 4329 560 4370 amore
585 4314 814 4385 dignari.
866 4316 1004 4387 Ergo
1034 4317 1078 4371 si
1109 4317 1241 4371 nihil
1270 4326 1375 4382 est,
1403 4319 1542 4388 quod
1581 4321 1796 4374 resistat

199 4406 542 4475 precantium
593 4409 889 4474 voluntati,
945 4408 1132 4472 effice,
1182 4425 1279 4465 oro
1329 4422 1414 4476 te,
1473 4419 1528 4464 ttt
1575 4411 1792 4466 Sexioni

1949 529 2130 586 mant,
2178 531 2236 576 ut
2277 539 2419 580 nunc
2456 523 2621 582 frater
2650 544 2800 584 meus
2825 530 3074 588 Paconius
3100 534 3325 592 vadatus
3353 538 3535 608 opimo

1947 614 2242 670 testimonii
2271 617 2344 671 tui
2376 633 2598 674 munere
2622 622 2808 678 audire
2830 626 3135 695 properavit
3155 630 3288 698 parti
3313 629 3536 689 honoris

1947 713 2245 760 auctorem.
2299 705 2744 768 Commendarem
2790 715 2884 769 tibi
2926 716 3184 784 Optimum
3232 723 3440 788 civem;
3485 722 3534 780 si

1946 811 2136 865 posses
2177 800 2323 866 parvi
2358 800 2564 868 facere,
2605 819 2763 875 quem
2803 807 3002 862 dudum
3039 811 3201 868 altius
3236 815 3526 884 protulisti.

1939 891 2416 960 Supersedendum
2447 907 2530 951 est
2558 898 2715 967 igitur
2744 901 2828 955 bis
2857 903 3066 970 verbis,
3098 922 3220 976 qua:
3246 908 3527 980 suffragari

1942 984 2404 1055 proficiscentibus
2444 989 2642 1045 solent.
2695 991 2877 1062 Neque
2919 995 3060 1052 enim
3100 1013 3233 1052 vana
3278 1016 3402 1070 spes
3441 1012 3525 1058 est

1938 1077 2195 1134 validiora
2226 1079 2339 1135 fore
2367 1082 2508 1150 apud
2539 1091 2592 1137 te
2621 1087 2807 1138 merita
2840 1091 3138 1156 praesentis,
3171 1106 3292 1147 cum
3324 1094 3519 1150 absen-

1938 1179 2044 1226 tem
2073 1170 2252 1227 favore
2277 1176 2601 1243 respexeris.
2628 1175 2778 1230 Vale.

2511 1266 2722 1322 EPIST.
2767 1269 2948 1325 XLVI.

2297 1372 2607 1414 SYIHACIIUS
2645 1376 2907 1416 FLAVIANO
2947 1380 3161 1419 FRATRI.

2005 1446 2207 1502 Ferunt
2237 1447 2548 1516 Socratem,
2587 1453 2632 1506 si
2674 1455 2894 1522 quando
2922 1457 3120 1511 excidit
3157 1457 3378 1527 cupitis,
3425 1470 3518 1515 aut

1929 1536 2236 1604 destinatis,
2271 1540 2324 1594 id
2357 1541 2454 1596 sibi
2485 1543 2644 1607 utile,
2687 1545 2830 1614 quod
2871 1559 3155 1617 evenerat,
3199 1551 3516 1607 aestimasse.

1929 1629 2012 1686 Nil
2043 1631 2218 1686 meriti
2253 1633 2332 1686 sui
2363 1648 2586 1690 securus
2613 1636 2896 1706 interpres,
2928 1653 2989 1692 ea
3018 1640 3356 1708 conjectabat
3394 1658 3518 1699 esse

1929 1721 2151 1776 meliora
2181 1737 2298 1791 qua:
2325 1737 2484 1778 casus
2512 1724 2692 1790 dabat,
2723 1743 2880 1794 quam
2912 1745 3031 1798 qua:
3060 1731 3272 1786 animus
3298 1741 3515 1801 appete-

1931 1813 2040 1867 bat.
2073 1813 2282 1882 Sequor
2303 1817 2559 1885 sapientis
2588 1819 2914 1886 exemplum,
2939 1829 2992 1873 et
3014 1821 3067 1873 in
3090 1821 3282 1875 bonam
3307 1834 3512 1890 partem

1930 1905 2105 1972 traho,
2152 1907 2291 1974 quod
2339 1908 2610 1962 Saxonum
2661 1925 2916 1964 nmnerus
2963 1922 3135 1966 morte
3180 1922 3511 1979 contractus,

1927 1996 2066 2050 intra
2100 2011 2363 2050 summam
2403 1997 2672 2052 decretam
2713 2001 2892 2068 populi
2932 2001 3296 2069 voluptatibus
3339 2005 3506 2068 stetit,

1926 2103 1994 2142 ne
2025 2098 2224 2143 nostra:
2251 2088 2497 2152 editioni,
2529 2090 2572 2141 si
2606 2091 2729 2156 quid
2759 2091 3144 2155 redundasset.
3173 2094 3505 2150 abscederet.

1923 2179 2054 2234 Nam
2081 2179 2297 2250 quando
2325 2180 2680 2248 prohibuisset
2707 2183 2910 2250 privata
2942 2183 3182 2238 custodia
3210 2185 3509 2255 desperata:

1921 2272 2098 2340 gentis
2128 2271 2318 2340 impias
2347 2289 2558 2340 manus,
2588 2289 2710 2327 cum
2739 2274 2918 2343 viginti
2951 2290 3141 2330 novem
3173 2275 3364 2331 fractas
3391 2277 3510 2333 sine

1923 2361 2114 2431 laqueo
2145 2363 2327 2418 fauces
2369 2365 2574 2433 primus
2619 2363 2727 2418 ludi
2773 2365 3069 2434 gladiatorii
3112 2366 3228 2423 dies
3270 2368 3508 2422 viderit?

1920 2454 2064 2510 Nihil
2107 2456 2268 2526 igitur
2311 2472 2492 2511 moror
2535 2456 2792 2511 familiam
2843 2459 3103 2527 Spartaco
3151 2459 3502 2529 nequiorem;

1920 2546 2187 2616 velimque
2215 2547 2257 2600 si
2288 2555 2393 2600 tam
2426 2546 2582 2620 facile
2607 2545 2748 2602 factu
2777 2557 2881 2615 est,
2916 2548 3055 2602 hinc
3086 2549 3502 2606 munificentiam

1919 2637 2195 2707 principis,
2229 2638 2550 2707 Libycarum
2583 2640 2864 2708 largitione
2890 2641 3107 2694 mutari.
3145 2638 3276 2694 Nam
3301 2641 3506 2710 gladia-
3555 2653 3562 2658 '

1916 2742 2051 2788 torte
2090 2733 2312 2789 idoneos
2351 2733 2623 2788 communi
2667 2748 2794 2789 cura
2844 2734 3165 2803 prospiciet;
3212 2749 3334 2802 qua:
3382 2749 3502 2802 pars

1916 2826 1972 2880 in
2014 2835 2271 2896 apparatu
2311 2827 2604 2896 quaestorio
2647 2827 2794 2894 prior
2832 2837 2948 2889 est,
2995 2833 3056 2881 ut
3098 2835 3502 2881 auctoramento

1914 2916 2083 2972 lectos
2129 2917 2319 2985 longus
2360 2931 2492 2972 usus
2532 2916 2794 2971 instituat.
2845 2915 3088 2984 Nostros,
3121 2917 3318 2986 quibus
3346 2934 3500 2973 urso-

1913 3025 2033 3065 rum
2079 3009 2242 3064 lectio
2286 3019 2341 3064 et
2385 3011 2716 3080 comparatio
2753 3010 2863 3077 jam
2908 3010 3112 3079 pridem
3151 3012 3354 3068 credita
3392 3021 3496 3080 cst,

1914 3113 2194 3170 pervectos
2238 3103 2304 3157 ad
2349 3111 2402 3156 te
2445 3102 2703 3172 temporis
2739 3103 3094 3157 testimatione
3123 3118 3230 3158 non
3259 3105 3496 3174 ambigo.

1830 3154 1877 3218 Ο
2041 3192 2086 3246 si
2109 3192 2437 3246 cursualium
2463 3154 2869 3261 praepositorum
2891 3193 3112 3248 avaritia
3135 3154 3495 3262 retardantur,

1912 3283 2018 3338 erit
2045 3283 2412 3340 beneficentia:
2444 3292 2546 3338 tute
2574 3298 2774 3349 moras,
2801 3284 2996 3353 quibus
3023 3293 3293 3351 tenentur,
3319 3287 3498 3342 absol-

1911 3389 2058 3429 vere.
2086 3374 2235 3430 Vale.

2467 3445 2682 3502 EPIST.
2725 3446 2932 3502 XLVII.

2277 3551 2586 3592 SYMIIACIIUS
2625 3554 2884 3594 FLAVIANO
2922 3555 3135 3595 FRATRI.

1977 3631 2091 3700 Ope
2131 3628 2288 3686 deum
2336 3631 2574 3690 secunda
2633 3631 2974 3702 navigatione
3023 3641 3078 3688 et
3119 3631 3260 3687 facili
3306 3631 3497 3688 itinere

1905 3720 1970 3775 ad
1993 3721 2261 3776 destinata
2285 3721 2646 3790 pervenimus.
2674 3723 2971 3792 Appetebat
2995 3723 3336 3778 commodum
3360 3734 3496 3779 tem-

1907 3816 2108 3884 pestiva
2139 3813 2266 3868 hora
2297 3815 2548 3868 convivii.
2581 3813 2680 3870 Ubi
2712 3831 2905 3872 curare
2930 3832 3153 3884 corpora
3181 3817 3303 3871 cibo
3326 3818 3496 3885 ca-pi-

1904 3922 2053 3971 mus;
2086 3907 2316 3961 accurrit
2341 3907 2428 3977 qui
2458 3906 2586 3960 mihi
2612 3907 2870 3961 amabiles
2899 3907 3106 3961 litteras
3148 3917 3284 3972 tuas,
3308 3907 3494 3961 simul-

1901 4013 2007 4068 que
2035 4011 2064 4050 a
2097 4007 2151 4053 te
2174 4007 2359 4066 captas
2389 4012 2420 4053 e
2451 3997 2586 4052 mari
2625 4000 2808 4067 copias
2837 3998 3144 4064 exhiberet,
3187 4013 3307 4066 qua:
3337 3997 3496 4079 nobis“,

1901 4092 2017 4146 esui
2047 4105 2168 4144 mox
2199 4089 2370 4145 fuere.
2426 4090 2558 4144 Nam
2607 4091 2762 4145 libuit
2806 4089 3087 4158 indulgere
3115 4089 3300 4158 genio,
3343 4097 3491 4159 post-

1899 4197 2060 4250 quam
2112 4183 2391 4250 parvulum
2438 4195 2683 4236 nostrum
2735 4182 2972 4249 periculo
3014 4191 3320 4250 exemptum
3365 4195 3491 4247 spes

1900 4282 2080 4341 optata
2106 4276 2362 4342 respexit.
2399 4273 2573 4328 llabcs
2597 4289 2811 4327 omnem
2843 4289 2958 4327 rem
2985 4290 2998 4326 :
3029 4287 3180 4336 cura,
3205 4282 3262 4326 ut
3287 4273 3485 4336 valeas,

1901 4375 1953 4420 et
1981 4365 2206 4436 patriam
2237 4366 2309 4419 tui
2345 4375 2615 4419 amantem
2643 4365 3036 4432 quamprimum
3068 4363 3303 4429 revisas,
3346 4362 3484 4416 bona

1901 4456 2172 4524 parentis,
2228 4463 2288 4508 ut
2316 4470 2497 4524 spero,
2539 4453 2724 4520 venia,
2765 4454 2852 4510 cui
2882 4467 3005 4509 mox
3036 4461 3250 4524 peracta
3277 4452 3486 4508 lustrali

200 4499 344 4566 apud
389 4509 444 4553 te
483 4499 695 4567 prosint
733 4508 788 4554 et
828 4516 947 4555 mea
988 4502 1178 4567 verba,
1223 4513 1277 4558 et
1311 4514 1435 4558 vcta
1475 4505 1788 4560 multorum.
1817 4532 1871 4593 Β
1898 4499 2710 4604 ξ”ίυνῐξξξιὲιξξέὲιῑέξῖξ.*ἧςίέ

203 4589 356 4643 Vale.

783 4661 994 4717 EPIST.
1037 4663 1224 4719 XLIV.

575 4769 883 4811 δῐιηιλοηυε
921 4772 1181 4812 FLAVIANO
1219 4774 1440 4818 FRATRI.

271 4841 548 4899 Palatinos
578 4837 790 4916 injuria:
821 4863 965 4914 reos,
997 4866 1132 4918 quos
1171 4851 1365 4908 Brutiis
1405 4852 1671 4909 celsitudo
1701 4863 1792 4909 tua

195 4934 460 5003 praecepit
489 4937 684 5000 exciri,
728 4938 884 4993 miles
908 4939 975 4995 de
1002 4944 1254 5009 praetorio
1282 4943 1495 5003 missus.
1524 4946 1786 5003 exhibuit.

192 5023 306 5079 Sed
337 5039 462 5080 cum
501 5041 655 5082 sacro
695 5031 961 5087 auditorio
998 5034 1186 5089 eadem
1229 5050 1387 5090 causa
1419 5049 1786 5106 competeret,

191 5116 454 5171 dominus
481 5133 651 5185 meus,
673 5136 869 5188 parens
901 5134 1101 5189 noster,
1123 5126 1409 5194 praefectus
1428 5128 1578 5191 Urbi.
1605 5141 1788 5186 aucto-

189 5204 362 5261 ritate
388 5207 522 5275 juris
549 5219 603 5264 et
631 5209 826 5268 fiducia
853 5215 958 5278 tui,
994 5229 1254 5285 personas
1283 5218 1381 5272 sibi
1421 5235 1484 5274 ac
1518 5223 1785 5291 negotium

186 5298 512 5356 vindicavit.
558 5303 711 5371 Quod
757 5321 824 5362 eo
870 5309 1082 5374 scribo.
1131 5319 1192 5365 ut
1233 5313 1447 5368 noveris
1493 5317 1785 5385 apparitori

186 5391 399 5462 iustam
421 5397 640 5454 subesse
665 5400 950 5468 rationem,
976 5403 1067 5474 qui
1092 5413 1146 5461 et
1172 5409 1378 5476 parenti
1408 5417 1499 5464 tuo
1522 5408 1704 5477 cessit,
1731 5419 1784 5465 ct

186 5482 426 5556 legibus.
458 5488 604 5545 Va'e.

787 5563 996 5622 EPIST.
1038 5567 1200 5623 XLV.

552 5666 858 5712 εικιιλειιυε
897 5674 1160 5716 ηΑγιΑιιο
1198 5677 1410 5718 FRATRI.

254 5739 366 5806 Qui
411 5739 570 5799 deum
613 5745 875 5806 beneﬂcio
936 5753 1212 5821 potiuntur
1249 5757 1481 5826 optatis,
1530 5760 1775 5815 venerari

2451 4660 2664 4715 EPIST.
2708 4660 2931 4715 XLVIII.

2265 4768 2580 4810 εςιωλειιυς
2615 4769 2875 4809 ηΑνιΑΝο
2914 4769 3128 4810 FRATRI.

1966 4843 2048 4897 Ad
2103 4845 2318 4900 tertium
2364 4861 2536 4901 nonas
2566 4846 2826 4902 Octobres
2869 4845 3045 4917 primo
3073 4847 3206 4902 lucis
3233 4847 3482 4915 respondi

1895 4935 2087 4991 litteris
2117 4937 2222 4992 tuis
2247 4980 2262 5003 ,
2308 4952 2440 5005 quas
2472 4953 2568 5006 pro
2598 4937 2878 5005 interjct-tu
2910 4937 3146 5003 itineris,
3194 4953 3302 5006 quo
3343 4953 3484 4992 nunc

1891 5027 2241 5093 distinemur,
2275 5036 2400 5082 ante
2430 5028 2709 5082 meridiem
2737 5043 2954 5083 sumere
2984 5028 3234 5082 debuisti.
3287 5029 3393 5084 Sed
3424 5037 3481 5084 ut

1889 5120 2086 5187 scripta
2113 5119 2178 5173 ad
2205 5134 2485 5186 vrsperam
2511 5119 2641 5173 mihi
2669 5120 2874 5174 reddita
2899 5119 3273 5189 prodiderunt,
3300 5137 3477 5176 meum

1889 5211 2148 5276 officium,
2177 5226 2456 5279 meamque
2477 5227 2660 5265 curam
2686 5212 2944 5267 tabellarii
2967 5213 3226 5268 lentitudo
3250 5229 3477 5290 suspeny

1889 5304 1986 5359 dit.
2033 5304 2145 5374 Ego
2176 5313 2353 5358 tamen
2394 5305 2516 5359 huic
2545 5319 2711 5359 mora:
2741 5319 3058 5361 succensere
3095 5322 3200 5362 non
3233 5321 3476 5377 possunt.

1896 5393 2160 5449 Defu'sset
2185 5395 2329 5449 enim
2363 5394 2456 5448 tibi
2487 5408 2647 5448 causa
2676 5397 2944 5450 sermonis
2973 5397 3236 5465 iterandi,
3281 5395 3328 5451 si
3359 5409 3475 5447 ma-

1891 5497 2010 5541 ture
2037 5500 2290 5555 responsa
2320 5496 2498 5542 nostra
2533 5489 2783 5558 legisses;
2825 5505 2946 5558 qua:
2975 5490 3188 5545 confido
3219 5493 3328 5557 jam
3369 5500 3476 5541 Ira-

1887 5579 2034 5631 dita:
2082 5578 2181 5631 nisi
2225 5577 2361 5634 forte
2401 5579 2577 5633 denuo
2617 5581 2808 5648 aliquis
2851 5598 2914 5634 ex
2957 5580 3180 5635 urbanis
3215 5577 3471 5636 divitibus
3517 5603 3524 5620 ο

1887 5671 2124 5725 inscssor
2174 5671 2378 5725 viarum
2432 5673 2631 5739 scri,ta
2689 5685 2868 5728 nostra
2923 5675 3144 5726 t‘uretnr.
3217 5671 3295 5727 liii
3352 5672 3473 5730 illos

1887 5759 2156 5816 mentibus
2185 5761 2296 5818 suis
2325 5764 2584 5833 puniant!
2635 5763 2784 5819 Nunc
2814 5777 2876 5817 ac
2904 5761 3125 5832 iguznsita
3155 5763 3462 5823 redeamus.
