4046 6170
465 320 561 378 I9!

1628 303 1692 370 ρ.
1736 293 2080 357 sumamus
2121 291 2561 350 sumamus.

461 433 687 498 llumor,
721 429 810 499 qui
852 425 1058 498 parvuli
1100 422 1268 478 nostri
1300 429 1484 490 pectus
1540 413 1827 470 obsederat
1877 418 2040 480 atque
2068 404 2121 465 Δ
2147 406 2428 469 mandari;
2464 406 2592 461 mihi
2618 414 2767 460 tuum
2797 419 2992 462 munus
3018 405 3270 476 injungis.
3301 404 3506 460 Fruere
3530 404 3736 460 deliciis

462 527 823 597 importunam
849 521 1034 575 tussim
1057 517 1250 579 ciebat,
1275 525 1464 580 magna
1487 517 1637 576 parte
1659 513 1910 560 tenuatus
1929 510 2043 557 est:

464 595 645 687 itaque
667 615 988 685 spiramenta
1018 608 1250 662 faucium
1279 603 1444 658 libera
1473 600 1601 654 nihil
1625 599 1735 668 jam
1762 595 2045 652 stridulum

463 715 678 763 sonant.
729 702 899 758 Deum
940 700 1242 769 benignitas
1282 695 1410 750 velit
1451 705 1758 761 processum
1801 687 2048 742 sanita‘is

465 798 586 870 ejus
614 799 667 852 in
699 795 874 851 solido
903 793 1192 849 collocare.
1241 788 1346 844 Nos
1371 797 1433 842 ut
1467 801 1497 840 a
1525 793 1670 840 metu
1701 781 2046 852 prresentium

465 888 866 961 respiravimus,
896 886 966 940 ita
993 891 1119 937 voto
1148 881 1325 935 futura
1351 877 1650 932 munimus.

1043 992 1260 1048 EPIST.
1300 988 1488 1045 XLIX.

967 1100 1272 1141 SYIIIACRUS
1317 1095 1553 1138 SYAGRIO.

536 1180 786 1237 Scribere
817 1178 1093 1245 hucusque
1128 1191 1234 1229 non
1264 1174 1453 1238 libuit,
1485 1167 1924 1239 obstrepentibus
1951 1167 2056 1221 im-

469 1269 818 1326 becillitatum
861 1251 1144 1336 querelis,
1173 1279 1308 1331 quas
1352 1263 1590 1316 indicare
1619 1261 1864 1314 vitamus.
1918 1258 2051 1312 llinc

470 1361 668 1416 factum
704 1369 820 1421 est,
863 1369 921 1412 ut
960 1357 1196 1412 ofﬁcium
1229 1362 1473 1409 nostrum
1517 1364 1605 1407 tua
1649 1352 1882 1420 alloquia
1914 1365 2052 1420 prae-

471 1451 737 1506 vcnirent.
787 1449 1075 1519 Postquam
1106 1447 1283 1501 divina
1329 1460 1433 1515 ope
1477 1443 1724 1498 sanitatis
1769 1443 1913 1497 bono
1951 1439 2056 1496 frui

472 1540 755 1608 capimus,
788 1539 928 1594 redit
955 1553 1083 1592 cura
1113 1537 1396 1592 sermonis.
1442 1535 1608 1590 Sume
1639 1534 1796 1603 igitur
1823 1533 2054 1602 litteras,

473 1644 622 1686 seras
643 1629 881 1698 quidem,
903 1627 997 1684 sed
1023 1637 1148 1682 voto
1172 1638 1261 1682 tuo
1287 1635 1341 1682 et
1365 1624 1640 1696 proposito
1664 1632 2054 1693 congruentes:

474 1738 592 1790 qua:
625 1732 681 1776 ut
708 1722 800 1776 diu
834 1722 1010 1775 dilatae
1041 1729 1192 1784 sunt,
1244 1719 1316 1774 ita
1359 1717 1684 1774 desiderium
1729 1717 1813 1772 sui
1858 1716 2057 1772 indicio

478 1817 617 1874 melit
641 1832 699 1873 re
728 1817 1046 1885 pensabunt.
1076 1814 1224 1868 Vale.

1104 1906 1323 1963 EPIST.
1365 1907 1424 1961 L.

830 2013 1142 2054 εϊιιιιλειιυε
1181 2015 1278 2052 FLA
1289 2014 1314 2048 ν
1324 2011 1448 2052 ιΑΝο
1483 2009 1701 2050 FRATRI.

551 2093 657 2148 Iter
692 2093 744 2147 in
793 2093 1018 2161 patriam
1066 2091 1171 2146 diis
1217 2089 1522 2160 auspicibus
1567 2088 1865 2154 ordiemur,
1914 2086 2058 2157 quod

478 2184 575 2240 tibi
620 2193 674 2240 et
720 2196 844 2239 ante
890 2193 1223 2252 compertum
1272 2193 1375 2236 est.
1430 2180 1537 2237 Sed
1585 2180 1773 2250 religio
1820 2180 2058 2245 monuit,

480 2285 538 2331 ut
566 2276 672 2332 diei
705 2291 916 2346 quoque
944 2275 1143 2330 certior
1181 2272 1507 2328 reddereris.
1557 2269 1689 2326 Cras
1730 2269 1892 2339 igitur
1922 2271 2057 2324 tiam

481 2367 634 2422 nobis
663 2368 810 2422 disce
842 2365 1198 2436 relegendam.
1245 2365 1308 2418 Et
1333 2362 1453 2432 quia
1487 2360 1733 2428 promi~si
1764 2361 2062 2416 servantis--

482 2462 652 2516 simus
677 2475 767 2524 es,
812 2459 894 2514 fac
925 2457 1235 2514 memineris
1264 2456 1329 2510 ad
1357 2454 1626 2526 publicum
1654 2452 1899 2509 solemne
1926 2467 2059 2508 con-

482 2553 724 2610 tendere.
751 2552 902 2607 Vale.

1092 2617 1311 2674 EPIST.
1351 2618 1440 2676 Ll.

842 2728 1152 2770 ειιιιιλοιιυε
1189 2727 1452 2768 ηλνιλιιο
1491 2727 1702 2767 FRATRI.

555 2805 848 2860 Emiseram
881 2807 1026 2876 prior
1049 2807 1326 2874 scripturn,
1349 2805 1489 2873 quod
1522 2806 1576 2858 in
1606 2818 1794 2858 manus
1821 2812 1937 2857 tuas
1960 2801 2060 2855 du-

483 2897 608 2950 dum
634 2911 898 2966 prms:=mo
919 2897 1154 2952 venisse.
1181 2894 1332 2949 [liud
1357 2896 1581 2950 multum
1606 2881 1866 2963 processit
1890 2893 2060 2959 horm,

483 3001 604 3040 cum
629 2987 834 3049 aderat,
859 2988 946 3056 qui
974 3001 1004 3040 a
1033 2994 1085 3041 te
1110 2986 1239 3040 mihi
1269 2985 1474 3040 litteras
1498 2984 1798 3039 exhiberet.
1832 2983 2060 3038 Decursa

483 3079 654 3132 oculis
689 3079 880 3148 pagina
923 3080 1121 3147 requiri
1155 3093 1184 3130 a
1215 3094 1300 3132 me
1329 3078 1567 3147 comperi
1597 3077 1737 3131 diem
1778 3077 2063 3146 cmptando

2087 1769 2136 1828 Β

2147 498 2400 567 copiosis.
2429 497 2537 552 Nos
2561 498 2810 553 mandata
2833 499 3070 554 curaturi
3094 513 3301 552 sumus.
3329 496 3443 552 Sed
3463 508 3735 552 memento

2149 593 2354 647 exactis
2377 585 2527 645 feriis
2553 590 2841 664 participes
2863 589 3041 643 facere
3064 589 3286 642 luxuria:
3309 596 3434 652 ture,
3456 602 3592 658 quos
3615 597 3730 641 tan-

2151 692 2336 753 topere
2357 674 2616 737 laborasti
2644 689 2925 736 consortes
2954 679 3150 734 habere
3171 676 3386 748 jejuuii.
3412 678 3563 733 Vale.

2750 793 2966 850 EPIST.
3009 792 3141 847 LIV.

2517 902 2820 943 SYRIACIIUS
2855 900 3116 941 FLAVIANO
3154 900 3370 939 FRATRI.

2226 979 2471 1035 Cratiosa
2513 989 2597 1033 est
2637 977 3002 1048 expostulatio
3047 992 3166 1045 quae
3212 973 3439 1044 requirit
3476 973 3736 1029 ofﬁcium.

2153 1074 2258 1128 Sed
2291 1088 2411 1126 cum
2457 1073 2510 1126 in
2557 1070 2844 1126 scribendo
2887 1085 3158 1139 nunquam
3199 1068 3428 1122 residem
3475 1071 3736 1138 gesserim

2155 1165 2513 1227 voluntatem,
2547 1163 2744 1216 frusrra
2788 1161 3045 1230 neglecta:
3077 1158 3453 1213 familiaritatis
3490 1173 3734 1212 accusor.

2160 1257 2292 1313 Utor
2321 1257 2371 1309 in
2402 1270 2463 1309 ea
2497 1268 2553 1309 re
2584 1252 2893 1308 testimonio
2936 1251 3210 1304 hominum
3254 1258 3491 1313 tuorum,
3518 1249 3607 1317 qui
3637 1248 3739 1301 du~

2156 1350 2283 1404 dum
2315 1349 2412 1403 sibi
2456 1346 2737 1416 epistolam
2778 1342 3025 1397 traditam
3066 1341 3326 1397 tabellarii
3356 1339 3488 1394 vitio
3509 1338 3735 1392 diStule-

2159 1448 2301 1494 runt.
2351 1438 2484 1492 Volo
2532 1436 2695 1506 igitur
2733 1434 2872 1505 apud
2929 1445 2982 1489 te
3037 1439 3261 1487 servata:
3306 1431 3554 1485 amicitia:
3609 1428 3736 1483 mihi

2159 1543 2406 1588 constare
2435 1531 2720 1586 rationem.
2769 1526 2901 1582 Nam
2947 1524 3294 1580 vehementer
3338 1522 3588 1588 iniurium
3631 1528 3735 1585 est,

2160 1641 2226 1679 ex
2254 1625 2427 1679 alieno
2458 1631 2706 1691 peccato,
2751 1633 2960 1673 naevum
3001 1616 3213 1674 violata:
3255 1613 3530 1684 religionis
3571 1620 3736 1665 attra-

2164 1718 2310 1773 here.
2335 1715 2488 1770 Vale.

3748 652 3755 701 ι

2762 1781 2980 1837 EPIST.
3025 1778 3135 1834 LV.

2527 1886 2832 1928 δνιιιιΑοιιυε
2869 1885 2999 1926 ηΑν
3008 1885 3128 1923 IANO
3165 1881 3376 1922 FRATRI.

2233 1966 2345 2036 Spe
2372 1965 2528 2022 bona:
2553 1964 2872 2020 valetudinis
2902 1963 3034 2018 mari
3064 1961 3236 2016 vicina
3272 1946 3583 2025 delegimus.
3632 1957 3740 2012 Sed

2163 2074 2264 2114 nec
2289 2059 2413 2114 dmn
2443 2072 2600 2112 auras
2627 2055 2870 2111 salubres
2899 2054 3070 2110 ventis
3099 2051 3494 2108 obluctantibus
3523 2050 3733 2118 experi-

2163 2165 2304 2205 mur.
2324 2149 2458 2204 llinc
2478 2147 2674 2218 pigrior
2689 2153 2774 2202 est
2795 2154 3053 2200 matronae
3073 2144 3136 2197 ad
3157 2143 3436 2196 sanitatem
3461 2154 3742 2194 recursus:

2163 2245 2248 2301 cui
2278 2244 2324 2299 si
2348 2242 2476 2314 quid
2502 2240 2808 2297 refectionis
2837 2239 2955 2294 dies
2985 2237 3181 2292 melior
3205 2235 3480 2304 adjecerit,
3503 2241 3745 2301 optatum

2161 2337 2231 2391 de
2263 2351 2326 2391 ea
2364 2333 2617 2390 indicium
2662 2347 2768 2386 non
2801 2331 3076 2386 morabor.
3124 2327 3356 2384 Urbanis
3386 2325 3645 2395 negotiis,
3689 2333 3748 2377 ut

2164 2429 2436 2484 insinuare
2459 2428 2702 2498 dignatus
2716 2441 2797 2492 es,
2815 2425 3041 2493 inquies,
3057 2421 3291 2477 monitor
3309 2434 3529 2475 securus
3552 2418 3741 2474 illudit.

2165 2521 2358 2575 Alieno
2393 2518 2535 2575 enim
2565 2517 2804 2588 periculo
2833 2523 2924 2571 res
2950 2513 3194 2570 inefficax
3221 2523 3274 2567 et
3302 2512 3471 2582 copias
3500 2511 3743 2565 nocitura

2166 2619 2430 2674 tentatur;
2480 2619 2538 2662 ut
2596 2622 2716 2662 tum
2773 2605 2991 2661 vilitatis
3031 2613 3205 2658 metus
3248 2603 3300 2658 in
3339 2602 3611 2673 angustias
3649 2614 3746 2655 co-

2163 2704 2337 2772 egerit
2360 2702 2660 2766 civitatem,
2685 2707 2810 2754 tun‘c
2848 2712 3008 2766 opum
3038 2696 3226 2752 validis
3255 2707 3513 2767 questum
3555 2703 3748 2762 augeat

2165 2811 2322 2850 avara
2352 2793 2607 2849 venditio.
2651 2791 2883 2846 IIosrine
2908 2789 3154 2844 homines
3180 2785 3474 2843 arbitreris.
3508 2787 3594 2854 qui
3628 2785 3749 2853 plus

2165 2887 2350 2942 amicis
2396 2885 2620 2940 consilio
2666 2880 2891 2948 nocenti,
2933 2897 3094 2950 quam
3125 2879 3358 2934 inimicis
3386 2878 3510 2932 odio
3547 2880 3744 2934 obesse

2167 2977 2509 3048 poluissent?
2541 2976 2644 3033 Sed
2676 2991 2774 3030 nos
2805 2975 3016 3049 publico
3042 2973 3240 3028 dudum
3269 2986 3430 3040 opere
3461 2968 3747 3040 perfuncti,

2166 3071 2339 3126 aliena
2373 3070 2647 3125 sileamus.
2680 3067 2760 3121 Dii
2791 3065 3014 3121 meliora
3045 3064 3366 3133 procurent!
3402 3075 3574 3130 neque
3601 3061 3746 3115 enim

485 3169 662 3224 itinei
691 3170 1038 3224 destinatum.
1091 3169 1196 3223 Sed
1231 3170 1367 3222 hanc
1396 3183 1578 3222 curam
1608 3177 1906 3236 spootaneo
1943 3184 2061 3223 ser-
2089 3135 2136 3200 Ο
2165 3161 2398 3233 gaudere
2422 3161 2639 3231 dignum
2668 3168 2772 3226 est,
2803 3158 2849 3213 si
2879 3171 2982 3227 qua
3009 3155 3142 3211 mihi
3171 3156 3286 3210 laus
3311 3170 3377 3210 ex
3405 3153 3624 3208 alterius
3651 3166 3749 3207 er-

485 3273 644 3313 mone
663 3273 1046 3327 pra-veneram.
1066 3259 1206 3329 Ergo
1227 3257 1596 3327 respondenda
1613 3259 2062 3326 consumps'mus.

487 3349 622 3416 Quid
655 3357 919 3418 superest,
947 3349 1048 3403 nisi
1072 3359 1127 3403 ut
1148 3349 1387 3419 gratuler
1418 3347 1571 3402 nobis
1599 3348 1807 3403 animos
1830 3363 1950 3403 esse
1975 3363 2066 3402 co-

487 3441 712 3511 gnatos?
746 3442 876 3497 Nam
916 3459 1033 3512 qtne
1071 3449 1123 3497 te
1159 3441 1301 3496 scire
1329 3441 1470 3497 velle
1507 3441 1850 3511 praesumpsi,
1893 3439 2068 3510 prius-

490 3550 645 3604 quam
676 3550 949 3606 quzereres
980 3533 1230 3590 indicavi.
1265 3533 1416 3590 Vale.

1090 3645 1308 3702 EPIST.
1358 3645 1467 3700 LIII

855 3753 1169 3792 SYRIACRUS
1205 3751 1463 3792 FLAVIANO
1500 3750 1712 3790 FRATRI.

562 3829 786 3885 Rcditus
813 3843 878 3885 ac
904 3842 1154 3884 recursus
1182 3829 1234 3882 in
1264 3827 1509 3898 patriam,
1535 3826 1624 3896 qui
1654 3839 1870 3894 semper
1893 3823 2070 3880 omni-

493 3920 591 3976 bus
607 3931 789 3990 gratus
813 3929 915 3985 est,
939 3920 1259 3974 festinationi
1288 3927 1483 3974 nostrae
1505 3932 1837 3988 nequaquam
1867 3931 1964 3988 pro
1985 3931 2072 3972 ex-

494 4012 824 4079 spectatione
852 4011 1146 4080 respondit.
1178 4009 1378 4066 Causas
1398 4009 1442 4064 si
1460 4008 1797 4071 desideratis,
1822 4007 2070 4077 accipite.

495 4101 610 4156 Iam
643 4103 870 4172 primum
918 4112 976 4156 ut
1016 4102 1319 4158 communia
1355 4098 1666 4156 domesticis
1700 4098 2069 4168 praeferamus,

496 4211 609 4250 rem
641 4195 1039 4250 frumentaiam
1069 4203 1264 4248 nostra:
1291 4192 1438 4247 urbis
1465 4192 1608 4246 nulla
1637 4201 1793 4261 auget
1818 4190 2070 4246 invectio.

497 4289 634 4359 Spes
662 4288 796 4358 ipsa,
825 4303 944 4357 quze
975 4287 1028 4342 in
1054 4286 1295 4341 adversis
1323 4285 1470 4340 alere
1494 4283 1703 4338 animos
1732 4283 1889 4346 δοιοί,
1921 4297 2074 4337 recu-

495 4388 578 4434 sat
600 4377 849 4449 elfugium
882 4375 1157 4446 polliceri,
1188 4390 1310 4430 eum
1339 4373 1541 4429 sterilis
1570 4385 1744 4426 annus
1774 4387 1841 4426 ne
1869 4373 2072 4426 semina

491 4471 708 4541 quidem
739 4469 895 4523 terris
924 4468 1210 4522 commissa
1251 4465 1562 4521 reddiderit.
1617 4463 1819 4518 Dehinc
1849 4473 1905 4516 ut
1932 4461 2072 4532 apud

497 4574 593 4616 vos
620 4558 934 4614 familiarem
955 4572 1138 4612 curam
1167 4557 1469 4626 loquamur,
1499 4565 1652 4626 urget
1671 4555 1920 4610 Ostiense
1949 4569 2078 4624 prae-

497 4653 644 4705 dium
673 4659 914 4703 nostrutn
944 4647 1190 4702 militaris
1220 4647 1523 4717 impressio.
1574 4646 1678 4702 Nos
1705 4646 1883 4716 legum
1917 4647 2076 4702 inane

500 4756 694 4796 nomen
725 4754 994 4794 vocamus.
1033 4738 1114 4792 Dii
1147 4737 1377 4792 viderint
1403 4738 1604 4793 exitum
1632 4751 1829 4791 causae.
1870 4737 2075 4793 Interea

504 4833 812 4889 mordcmur
841 4847 946 4884 non
991 4841 1138 4884 metu
1177 4829 1393 4895 damni,
1445 4827 1539 4882 sed
1585 4829 1815 4882 civitatis
1861 4828 2075 4897 injuria.

498 4925 833 4997 Collegarutn
866 4934 1120 4979 tractatus
1145 4924 1232 4993 qui
1265 4937 1350 4976 me
1371 4921 1663 4985 exciverat,
1690 4920 1907 4975 aeternis
1934 4920 2080 4990 priu-

501 5018 706 5080 ei,ibus
757 5015 1104 5085 legandorum
1164 5017 1217 5068 in
1271 5013 1505 5068 Africam
1556 5011 1794 5066 virorum
1849 5011 2082 5066 reddidit

501 5113 794 5177 opt;onetn.
842 5105 1102 5161 Cessante
1139 5119 1269 5175 ergo
1309 5115 1518 5174 patrum
1548 5102 1937 5159 deliberatioite
1974 5117 2080 5157 non

505 5213 777 5255 vocamur.
808 5196 956 5250 Vale.

1092 5264 1306 5320 EPIST.
1349 5262 1482 5318 LIII.

875 5369 1186 5412 εῑιιιιλςιιυε
1223 5368 1485 5409 FLAVIANO
1511 5367 1725 5407 FRATRI.

575 5449 835 5520 Fungeris
864 5447 991 5502 boni
1015 5447 1046 5500 ft
1063 5447 1194 5500 atris
1215 5444 1413 5501 ofﬁcio.
1444 5443 1549 5499 Sed
1575 5442 1763 5498 desine
1787 5456 2082 5500 memorem

506 5555 872 5599 cormponere.
927 5537 1078 5594 Notae
1107 5536 1262 5592 nobis
1305 5548 1431 5592 sunt
1459 5535 1796 5591 caeremouite
1822 5534 2043 5590 deorum
2063 5575 2080 5603 ,

506 5648 560 5691 et
589 5636 716 5689 festa
743 5631 1038 5688 divinitatis
1065 5630 1345 5699 imperata.
1377 5627 1487 5684 Nisi
1519 5629 1653 5684 forte
1681 5644 1767 5685 me
1793 5629 1963 5683 solum
1992 5644 2084 5682 ex-

511 5729 658 5793 sequi
684 5727 849 5782 vicem
890 5735 1034 5782 tuam
1070 5721 1330 5792 postulas,
1354 5730 1406 5776 et
1449 5731 1505 5778 ut
1546 5722 1745 5777 assolet
1787 5736 1873 5778 res
1908 5721 2083 5777 divina

2169 3268 2290 3310 rore
2317 3251 2618 3324 proveniat.
2649 3250 2798 3310 Vale.

2765 3338 2982 3396 EPIST.
3021 3336 3156 3394 LVI.

2523 3446 2831 3489 SYIMACIIUS
2869 3444 3128 3486 FLAVIANO
3166 3442 3388 3483 FRATRI.

2240 3525 2298 3580 In
2329 3525 2574 3580 maximis
2604 3524 2818 3594 quidem
2847 3523 3034 3587 rebus,
3065 3522 3191 3592 quid
3232 3521 3361 3575 mihi
3401 3517 3560 3573 studii
3589 3526 3758 3586 atque

2169 3618 2371 3672 amoris
2418 3613 2719 3685 impendas,
2765 3613 3075 3692 frequenter
3102 3611 3329 3666 adverti.
3380 3608 3489 3665 Sed
3535 3622 3755 3677 quoque

2169 3709 2344 3764 crebri
2388 3707 2650 3763 sermonis
2689 3705 2863 3760 ofﬁcia
2887 3744 2904 3772 ,
2949 3713 3009 3760 ut
3049 3714 3173 3772 pote
3207 3716 3278 3758 ex
3321 3701 3510 3755 intimo
3551 3697 3746 3752 allecto

2170 3801 2486 3870 deprompta
2529 3801 2898 3869 complector:
2943 3813 3171 3868 quorum
3216 3794 3502 3850 assiduitas
3541 3793 3746 3847 cultum

2170 3889 2314 3946 circa
2361 3901 2415 3945 te
2463 3906 2640 3945 meum
2687 3889 2800 3958 pari
2849 3889 2999 3944 lance
3050 3897 3382 3957 compensat.
3438 3885 3757 3942 Jucunditas

2174 3996 2302 4036 vero
2335 3990 2477 4035 tanta
2504 3989 2689 4046 est,.ut
2718 3979 2887 4034 fatear
2916 3994 3002 4035 me
3028 3978 3263 4048 alloquio
3293 3987 3384 4033 tuo
3415 3977 3593 4047 potius
3620 3978 3757 4031 inci-

2175 4073 2274 4127 tari
2304 4071 2371 4127 ad
2401 4070 2749 4136 desiderium,
2779 4085 2939 4139 quam
2980 4069 3197 4140 repleri.
3247 4069 3321 4124 Ea
3351 4068 3550 4138 quippe
3577 4082 3759 4121 rerum

2176 4163 2417 4218 omnium
2461 4162 2598 4216 ratio
2643 4172 2803 4228 atque
2850 4169 3037 4214 natura
3085 4169 3192 4226 est,
3244 4167 3304 4213 ut
3344 4173 3468 4228 quae
3512 4157 3763 4211 humanis

2176 4253 2426 4311 sensibus
2471 4251 2848 4315 blandiuntur,
2904 4258 3171 4320 nequeant
3213 4250 3411 4305 offerre
3460 4248 3757 4303 fastidium.

2178 4348 2362 4419 Itaque
2388 4361 2509 4402 cum
2539 4346 2809 4402 solvendis
2837 4355 2997 4417 atque
3032 4345 3252 4416 agendis
3289 4345 3474 4415 gratiis
3517 4359 3612 4413 par
3637 4358 3762 4400 esse

2182 4460 2287 4499 non
2325 4444 2566 4513 possim;
2616 4442 2754 4499 facio
2796 4443 2935 4513 quod
2979 4445 3151 4498 solent
3195 4441 3423 4509 improbi
3465 4439 3763 4504 debitores,

2182 4535 2272 4602 qui
2301 4533 2477 4589 adhuc
2503 4534 2679 4590 alieno
2705 4547 2811 4588 aere
2837 4533 3076 4603 depressi
3103 4531 3324 4600 cupiunt
3347 4529 3583 4585 secundo
3612 4543 3764 4583 nexu

2187 4626 2389 4680 fenoris
2432 4624 2677 4696 obligari.
2727 4625 2906 4690 Quare
2943 4623 3042 4678 etsi
3080 4635 3383 4677 numerosa:
3423 4619 3532 4674 sint
3568 4619 3765 4672 litterae

2186 4723 2325 4780 tum;
2375 4731 2480 4769 non
2523 4712 2882 4784 ut'ingratus,
2925 4713 3021 4768 sed
3063 4721 3124 4767 ut
3163 4711 3400 4766 muneris
3431 4711 3504 4764 tui
3534 4707 3767 4778 cupidus

2187 4809 2402 4878 postulo
2454 4806 2775 4860 crebriores.
2844 4805 3024 4860 Facile
3068 4811 3249 4858 autem
3300 4801 3494 4872 eanjici
3542 4809 3764 4870 potest,

2187 4915 2346 4971 quam
2367 4898 2541 4953 vicem
2569 4897 2818 4966 colloquii
2855 4896 3062 4950 otiosus
3088 4895 3202 4964 ipse
3231 4891 3508 4963 pollicear,
3541 4905 3663 4945 cum
3697 4889 3767 4943 ab

2185 5003 2231 5044 οι
2251 4996 2446 5057 cupato
2475 4986 2779 5058 hujusmodi
2807 4985 3042 5040 ofﬁcium
3086 4983 3764 5054 impatienterexposcam.

2187 5078 2334 5134 Vale.

2763 5164 2974 5222 EPIST.
3015 5163 3171 5220 LVII.

2541 5273 2850 5315 εγιιιιλοιιυε
2887 5271 3152 5314 FLAVIANO
3193 5270 3404 5311 FRATRI.

2261 5355 2357 5409 Diu
2384 5353 2545 5409 domo
2569 5353 2757 5408 abesse
2780 5352 3145 5416 decreveram,
3170 5347 3574 5422 jucundumque
3601 5347 3785 5402 otium

2187 5463 2308 5503 cum
2336 5446 2681 5501 familiaribus
2707 5446 2904 5500 nostris
2931 5447 2983 5499 in
3012 5444 3323 5498 suburbano
3342 5441 3628 5496 Arabianzc
3664 5441 3769 5494 exi

2188 5542 2399 5609 gebam.
2449 5538 2554 5594 Sed
2583 5539 2705 5607 quia
2739 5538 2874 5592 Fors
2902 5545 3084 5593 versat
3126 5535 3381 5599 humana,
3410 5547 3509 5587 nec
3558 5547 3784 5599 semp”

2190 5645 2253 5684 ex
2282 5637 2408 5683 voto
2436 5628 2699 5683 destinata
2727 5627 3055 5682 succedunt:
3090 5625 3334 5682 Praefecti
3378 5624 3573 5678 littera:
3607 5639 3750 5688 rupe

2191 5729 2314 5777 runt
2332 5720 2498 5778 otium
2521 5735 2723 5788 meum,
2746 5735 2867 5789 qua:
2889 5721 3042 5776 bona:
3061 5719 3176 5787 spei
3200 5717 3424 5776 sollicita
3447 5713 3785 5771 miscebant.
