4046 6170
186 216 220 238 ἢ

235 274 332 331 195

1440 264 1920 323 EPISTOLARUM
1963 263 2167 320 LIBER
2210 266 2272 322 ll.

3413 273 3516 327 IIII

235 386 514 458 Speciatitu
545 382 882 455 praesentiam
911 394 1086 435 meam
1111 391 1204 448 per
1226 378 1531 448 ambiguum
1556 391 1808 446 poposce-
1844 382 1894 439 Α
1922 386 2192 432 exsortem
2220 417 2235 441 ,
2267 392 2536 446 nunquam
2569 378 2901 450 philosophis
2930 390 3314 450 congruentvm
3364 391 3516 433 sunt-

235 489 370 534 rnnt.
415 476 532 532 Non
563 474 752 531 dilI'ero
781 473 1237 543 ex3pcctationem
1271 481 1437 524 tuam.
1469 469 1810 538 Collegarum

235 577 456 624 tractatu
486 579 732 623 senatum
760 564 1113 631 commoveri,
1161 563 1256 617 sed
1298 573 1353 617 et
1373 563 1699 620 oblationem
1735 561 1812 616 fa-

232 661 469 715 ciendam
499 660 715 725 scriptis
741 657 1120 714 secretioribus
1153 656 1424 712 indicavit.
1457 656 1603 711 Nihil
1638 659 1812 726 publi-

231 761 427 817 catum,
461 751 590 804 nihil
619 750 815 804 lectum
844 763 948 803 est.
991 748 1272 815 Quantitas
1301 748 1580 814 postulatae
1612 750 1688 804 rei
1720 766 1813 804 ex-

231 842 389 898 cessit
447 841 777 912 opulentiam
844 842 1191 909 ret-ognitatn.
1264 839 1478 896 Vastum
1540 842 1812 897 silentium

231 935 432 988 cunctis
461 944 650 1002 stupor
678 932 886 986 subitus
913 930 1214 1000 imperavit.
1245 931 1362 998 Quo
1390 933 1600 1003 longius
1639 935 1803 1002 prod-

229 1035 384 1076 eunte
435 1021 634 1091 placuit
665 1021 716 1074 in
763 1031 973 1090 tempus
1008 1019 1150 1074 aliud
1179 1020 1526 1078 deliberanda
1556 1024 1806 1094 produci,

229 1130 289 1168 ne
335 1114 716 1168 omitterentur
757 1112 1053 1166 absentes:
1103 1114 1348 1181 quamvis
1395 1113 1509 1183 ipse
1556 1117 1810 1185 dixerim,

226 1209 432 1273 nonne,
463 1218 554 1260 aut
593 1205 646 1260 in
689 1205 945 1276 proximis
973 1203 1197 1274 positos,
1229 1205 1312 1260 vel
1341 1207 1552 1260 evocari
1584 1206 1806 1277 debere,

224 1303 298 1356 vel
326 1301 561 1362 consuli.
593 1301 922 1369 reliquorum
953 1299 1192 1364 nomine,
1215 1299 1283 1355 de
1303 1300 1584 1357 oblatione
1607 1302 1808 1371 futura,

221 1405 272 1446 ut
321 1395 543 1448 statutis
591 1392 798 1447 ordinis
849 1391 1204 1461 polliceantur
1265 1407 1567 1447 assensmn.
1634 1395 1812 1450 Habes

216 1501 434 1538 onmem
468 1499 601 1548 rem,
634 1483 703 1539 de
730 1497 833 1554 qua
863 1483 990 1553 quid
1021 1485 1248 1538 sentiam
1297 1484 1430 1537 satis
1475 1484 1639 1540 nosti.
1688 1485 1809 1542 Tibi

216 1577 428 1630 etiamsi
457 1591 617 1630 causa
645 1576 947 1631 communis
967 1584 1077 1642 est,
1098 1573 1282 1643 procul
1306 1583 1482 1629 tamen
1507 1577 1722 1644 abesse,
1743 1576 1810 1632 ad

215 1669 466 1723 solatium
496 1666 725 1739 prolicit.
753 1667 903 1723 Vale.

802 1757 1016 1815 EPIST.
1046 1757 1224 1812 LVIII.

693 1867 1001 1908 εγιιιιλοιιιιε
1031 1867 1314 1909 FLAVIANO.

277 1951 454 2005 Paulo
494 1959 621 2007 ante
662 1951 870 2005 litteras
911 1949 1056 2004 dedi.
1104 1950 1254 2003 Nunc
1298 1949 1468 2005 reddo
1515 1963 1807 2020 response,

213 2045 334 2114 quia
386 2045 495 2099 illis
531 2043 834 2100 necessaria
862 2043 1194 2097 continentut
1233 2057 1249 2095 :
1293 2041 1377 2098 his
1418 2042 1666 2098 salutatio
1693 2041 1810 2098 sola

213 2137 627 2206 perstringitur.
663 2136 916 2192 Valemus
937 2178 953 2203 ,
984 2144 1039 2188 ut
1067 2150 1254 2189 verum
1283 2143 1388 2191 est.
1419 2134 1477 2192 Si
1506 2136 1600 2191 tibi
1629 2134 1811 2191 omnia

213 2243 473 2297 prospere
489 2228 1003 2298 llunnt,scriptionis
1030 2228 1132 2283 lide
1163 2243 1452 2286 commune
1479 2228 1677 2286 bonum
1700 2246 1812 2286 me-

210 2333 327 2371 cum
369 2318 655 2389 participe.
691 2317 844 2372 Vale.

812 2408 1026 2464 EPIST.
1070 2409 1208 2464 LIX.

692 2515 1001 2558 SVHIIACIIUS
1034 2517 1315 2556 FLAVIANO.

269 2590 663 2648 Suburbanum
708 2591 966 2662 praedium
991 2635 1006 2657 ,
1051 2595 1191 2660 quod
1219 2592 1320 2646 vite
1351 2593 1536 2662 Appia:
1564 2592 1804 2664 adjacet,

205 2684 551 2748 incoiebam,
599 2700 723 2739 cum
769 2685 897 2739 mihi
943 2685 1150 2740 litteras
1199 2694 1316 2740 tuas
1361 2685 1414 2739 in
1463 2686 1563 2739 hoc
1612 2685 1807 2743 missus

199 2777 479 2831 exhibuit.
511 2777 661 2832 Nosti
692 2793 816 2857 rura
844 2795 961 2846 quae
994 2779 1282 2850 loquimur,
1309 2780 1396 2833 ubi
1422 2795 1641 2850 magnas
1661 2782 1806 2836 aedes

203 2870 251 2923 in
283 2873 540 2940 angustis
573 2872 765 2926 ﬁnibus
787 2872 1069 2928 collocavi.
1104 2871 1200 2926 IIic
1222 2872 1379 2926 dulce
1399 2873 1566 2926 otium
1592 2874 1658 2946 (si
1679 2874 1805 2944 qttid

198 2961 408 3028 absque
464 2969 514 3014 te
540 2961 695 3016 dulce
742 2963 849 3028 est)
880 2961 1152 3030 paulisper
1189 2961 1482 3031 exegimus.
1514 2961 1666 3017 Nunc
1700 2962 1803 3019 Ve-

199 3051 352 3105 stalis
386 3049 515 3106 festi
538 3051 727 3120 gratia,
758 3051 974 3105 domum
1005 3060 1213 3122 repeto,
1233 3051 1470 3106 incertus
1488 3067 1804 3109 maneamne

1921 470 2117 538 psisset
2163 480 2430 524 ornatum.
2468 470 2570 525 Sed
2603 473 2668 525 de
2699 471 2801 526 hoc
2847 482 3023 527 vestra
3057 475 3386 528 existimatio
3414 478 3507 542 sit,

1919 565 2008 629 qui
2038 563 2222 617 talium
2255 578 2431 616 rerum
2459 565 2778 632 proﬁtemini
2811 565 3109 620 notionem.
3148 565 3273 620 Mihi
3320 566 3510 636 religio

1922 653 2040 722 fuit,
2075 671 2270 723 negare
2322 657 2482 710 verba
2517 659 2778 726 poscenti.
2816 658 3006 714 Facies
3037 659 3218 728 itaque
3247 675 3359 714 rem
3393 676 3506 713 tno-

1919 761 2036 798 rutn
2065 757 2300 814 tuorum,
2333 750 2374 800 si
2401 764 2502 816 ope
2524 760 2681 818 atque
2718 753 2916 805 human
2941 759 3048 807 tate
3087 751 3352 808 fortunam
3383 766 3504 821 per-

1916 836 2208 907 egrinantis
2236 841 2524 909 adjuvet-is.
2563 843 2708 898 Vale.

2510 933 2722 987 EI‘ISI‘.
2758 933 2916 989 LXII.

2268 1037 2587 1086 §V§llIACIIUS
2631 1042 2892 1080 FLAVIANII
2930 1043 3116 1080 ιἰιλτιιι
3128 1065 3142 1079 ο

1989 1114 2273 1182 Postquam
2298 1100 2909 1186 Gaudentioapparitori
2937 1129 3025 1172 tuo
3051 1119 3277 1172 indicem
3301 1120 3501 1189 peracti

1913 1222 1943 1260 a
1974 1222 2059 1260 me
2100 1207 2313 1262 itineris
2340 1209 2620 1274 epistolam
2671 1210 2830 1276 dedi,
2874 1226 3039 1279 agens
3078 1212 3130 1266 in
3173 1212 3334 1268 rebus
3371 1213 3502 1267 tnilti

1913 1301 2218 1368 apportavit
2241 1314 2422 1354 sacras
2457 1301 2662 1356 litteras
2690 1303 2803 1370 spei
2832 1312 2888 1356 et
2916 1302 3130 1356 desider
3149 1317 3184 1357 ο
3203 1319 3502 1373 congruen-

1913 1402 2014 1456 tes,
2045 1392 2239 1461 quibus
2267 1407 2652 1462 cognoscerem
2683 1395 2830 1451 clare
2855 1395 2907 1448 in
2939 1410 3096 1450 aures
3127 1397 3366 1464 publicas
3404 1398 3500 1452 de-

1913 1481 2269 1552 signationem
2320 1487 2629 1541 consulatus
2681 1488 2785 1542 mei
2824 1488 3020 1543 dobere
3065 1488 3310 1558 proferri.
3362 1490 3500 1557 Quid

1911 1574 2072 1644 igttur
2092 1579 2289 1630 eximio
2319 1593 2499 1631 animo
2523 1588 2613 1636 tuo
2647 1579 2843 1632 laetitiae
2874 1580 3060 1646 plenus
3090 1589 3364 1648 exoptem,
3393 1579 3499 1634 nisi

1912 1673 1970 1719 ttt
1991 1666 2150 1720 simili
2175 1683 2295 1721 mox
2327 1667 2565 1722 fruamur
2580 1669 2739 1723 etiam
2759 1670 2825 1723 de
2849 1678 2900 1724 le
2917 1669 3141 1739 gaudio;
3167 1669 3308 1738 quod
3335 1684 3498 1739 spero

1835 1754 1884 1815 B
1911 1757 2183 1814 dominum
2215 1771 2454 1816 nostrum
2485 1761 2867 1825 Theodosium,
2897 1761 3493 1816 venerablem-cunctis

1914 1857 1967 1902 et
1993 1851 2260 1919 prmcipne
2289 1851 2464 1917 bonis,
2495 1854 2665 1908 solida
2691 1854 2740 1907 in
2771 1854 2975 1908 amicos
2997 1852 3306 1921 dignatione
3330 1853 3500 1908 lactu-

1911 1955 2064 1994 rum:
2091 1941 2352 2010 siquidem
2385 1943 2602 2014 dignum
2622 1953 2723 2010 est,
2742 1944 3204 2014 utaugustissimis
3233 1945 3496 2000 honorum

1912 2041 2218 2086 nostrorum
2271 2043 2526 2102 patronus
2571 2045 2748 2106 aquet
2791 2035 3169 2106 dignitatibus,
3218 2049 3354 2104 quos
3397 2035 3500 2092 scit

1913 2121 2182 2179 utentibus
2209 2125 2518 2180 convenire.
2555 2111 2707 2182 vate.

2487 2217 2703 2274 EPIST.
2735 2218 2919 2277 LXIII.

2279 2325 2586 2367 SYIIIIACIIUS
2613 2329 2878 2368 FLAVIANO
2911 2328 3128 2369 FRATRI.

1983 2397 2272 2456 Cresconio
2299 2403 2476 2457 amico
2513 2419 2636 2458 meo
2677 2419 2914 2460 amorem
2947 2413 3096 2464 tuum
3132 2408 3294 2462 multa
3320 2407 3496 2464 conci-

1911 2488 2060 2543 liant.
2097 2490 2277 2545 Primo
2298 2492 2438 2562 quod
2467 2509 2650 2549 sacras
2692 2495 2933 2564 litteras,
2963 2498 3157 2568 quibus
3187 2499 3497 2554 consulatus

1909 2580 2017 2635 mei
2058 2582 2359 2652 designatio
2392 2595 2619 2652 tenetur,
2653 2588 2926 2652 exhibuit;
2975 2589 3171 2644 dehinc
3197 2589 3341 2659 quod
3371 2605 3495 2644 eum

1910 2675 2078 2741 patria
2119 2676 2294 2731 Africa
2336 2693 2440 2731 ttott
2474 2678 2647 2732 ntiuus
2687 2680 2814 2744 tibi,
2847 2696 3004 2749 qttam
3037 2681 3168 2734 mihi
3196 2696 3317 2736 cara
3348 2696 3496 2734 com-

1908 2765 2146 2819 mcudat.
2193 2764 2357 2834 Cujus
2411 2781 2588 2822 mores
2633 2783 2759 2823 cum
2822 2770 3058 2837 primore
3107 2768 3224 2823 loco
3271 2784 3496 2824 censere

1906 2853 2206 2923 debuerim,
2256 2858 2418 2912 malui
2448 2868 2537 2912 tuo
2565 2854 2797 2914 examini
2829 2875 3124 2915 reservare.
3151 2861 3374 2929 Suscipe
3398 2861 3495 2932 ig-

1909 2955 2012 3012 tur,
2043 2962 2141 3001 oro
2167 2958 2240 3014 te,
2273 2960 2458 3003 natum
2492 2951 2696 3005 militia:
2725 2952 2918 3018 virum,
2943 2953 3113 3021 quise
3139 2953 3345 3022 apicem
3377 2953 3496 3007 Μ’·
3581 3011 3584 3016 _

1906 3037 2082 3092 citatis
2103 3039 2278 3093 credit
2307 3039 2634 3106 habiturum,
2666 3041 2710 3096 si
2739 3056 2862 3096 eum
2905 3042 3186 3111 patrocinii
3217 3043 3290 3097 tui
3314 3045 3495 3112 splen-

197 3157 316 3196 cum
349 3141 592 3207 civibus,
623 3152 692 3195 an
724 3156 909 3196 rursus
936 3144 988 3195 in
1023 3143 1197 3196 vicina
1225 3141 1538 3197 concedam.
1569 3142 1651 3197 'I'u
1676 3143 1802 3213 quid
1831 3133 1878 3196 C
1908 3127 2006 3183 σοι’
2036 3128 2322 3186 "luminel-
2351 3131 2503 3186 Vale.

196 3247 360 3301 agere
414 3232 678 3288 decernas
728 3232 881 3304 (nam
928 3246 1078 3289 certe
1117 3233 1264 3303 justo
1311 3232 1513 3289 diutius
1558 3232 1801 3305 abfuisu)

195 3323 375 3379 debeo
401 3338 562 3394 cogor
585 3337 758 3379 scere.
786 3323 952 3378 Vocat
979 3326 1122 3379 enim
1164 3335 1216 3379 te
1247 3325 1297 3379 in
1327 3325 1532 3380 curiam
1565 3333 1802 3380 nostram

195 3416 300 3470 diis
329 3416 655 3471 auctoribus
692 3417 1083 3486 quamprimum
1113 3416 1380 3472 candidati
1409 3419 1513 3474 mei
1553 3418 1803 3489 designa-

196 3508 303 3571 tio;
337 3507 435 3561 cui
473 3521 638 3578 supra
681 3522 869 3562 ontnes
915 3505 1238 3563 ornamento
1279 3508 1387 3563 eris
1414 3550 1430 3576 ,
1479 3510 1570 3578 qui
1600 3523 1700 3564 nos
1719 3509 1804 3564 vel

195 3599 488 3654 afﬁnitatis
516 3599 604 3654 vel
628 3599 878 3654 amicitia:
907 3598 1102 3654 ol‘ticiis
1130 3608 1543 3669 prosequentur.
1578 3599 1730 3656 Vale.

835 3709 1048 3766 EPIST.
1081 3711 1192 3767 LX.

591 3818 898 3858 εγιιὶιλοιιυε
930 3819 1186 3860 FLAVIANO
1215 3820 1429 3860 FRATRI.

270 3893 451 3948 Vacui
473 3893 613 3962 apud
641 3893 913 3964 Neapolim
947 3894 1068 3961 soli,
1101 3895 1240 3965 quod
1273 3896 1401 3950 'IIIIII
1431 3911 1497 3951 ex
1536 3905 1628 3950 tuo
1656 3895 1806 3967 adja-

191 3997 301 4051 cet,
339 3997 407 4039 ut
454 3985 599 4040 aedes
639 4000 806 4040 novas
852 3987 1103 4052 tnolirer,
1133 3995 1472 4056 optaveram,
1506 3995 1561 4041 tu
1593 4002 1802 4043 mecum

188 4093 366 4149 opera
415 4077 698 4133 Lucellana
746 4079 979 4147 partiris.
1024 4077 1092 4133 Et
1136 4094 1204 4134 ne
1249 4079 1572 4136 verecundia
1606 4080 1805 4136 retinet

193 4172 480 4237 oblatum,
514 4186 675 4241 negas
704 4171 778 4225 tui
822 4171 964 4240 juris
1009 4171 1198 4236 videri,
1226 4171 1365 4241 quod
1388 4187 1487 4242 ego
1517 4188 1694 4228 meum
1723 4172 1806 4228 fa-

192 4270 317 4316 teor
351 4272 467 4315 nun
494 4261 680 4318 fuisse.
729 4261 958 4330 Patere,
1008 4272 1066 4316 ut
1090 4262 1266 4318 saltim
1309 4263 1536 4332 gratiam
1581 4265 1674 4320 tibi
1711 4264 1804 4321 de-

192 4355 386 4410 beam.
414 4353 600 4424 Neque
629 4355 771 4409 enim
802 4355 879 4409 las
909 4361 1013 4419 est,
1048 4353 1186 4408 mala
1218 4354 1321 4408 Iide
1348 4369 1434 4410 me
1459 4369 1800 4426 recuperare,

191 4447 346 4517 quod
383 4461 607 4516 possum
639 4446 774 4500 bona
804 4460 1039 4500 sumere.
1070 4445 1274 4515 Adjicis
1314 4454 1573 4515 praeterea
1605 4447 1803 4502 lenoci-

2485 3222 2702 3279 EPIST.
2727 3223 2911 3279 LXIV.

2281 3328 2595 3371 SYIIACHUS
2625 3332 2885 3372 γυνηΝο
2899 3333 3118 3380 ,Πιλτιιμ

1978 3425 2205 3482 Exercet
2241 3443 2327 3484 me
2365 3429 2582 3500 quidem
2624 3425 2817 3486 votivis
2862 3447 2925 3488 ac
2974 3433 3216 3490 felicibus
3261 3435 3495 3507 negotiis

1906 3520 2232 3588 praeparatio
2257 3522 2588 3578 consulatus.
2621 3523 2726 3580 Sed
2751 3531 2808 3578 ιιι
2834 3525 3026 3581 littera:
3054 3535 3160 3580 tute
3184 3527 3494 3597 lrequenter

1905 3611 2104 3668 indicio
2131 3623 2276 3679 sunt,
2302 3623 2390 3670 tua
2418 3631 2512 3685 pro
2541 3631 2625 3671 me
2650 3625 2777 3671 citra
2797 3618 3192 3688 praeponderat.
3228 3619 3492 3689 Ilortaris,

1905 3718 2117 3761 mones.
2147 3706 2318 3776 Cogis,
2343 3716 2402 3760 ttt
2441 3707 2698 3777 quidquid
2725 3710 2983 3778 potissimi
3012 3711 3354 3780 magistratus
3377 3711 3494 3766 qu-

1905 3795 2012 3847 etio
2038 3798 2250 3864 quaerit,
2279 3797 2612 3862 accelercm;
2664 3807 2719 3853 et
2740 3815 2862 3855 cum
2892 3801 2966 3854 sis
2998 3817 3130 3856 mere
3157 3814 3375 3856 exactor
3403 3803 3489 3857 in-

1905 3885 2145 3954 dustrire,
2172 3888 2516 3946 nihilominus
2537 3891 2717 3946 omnia
2734 3892 3080 3948 sollicitudini
3104 3887 3488 3952 tuat'vindicas.

1908 3975 2091 4032 Eritne
2133 3986 2342 4049 tempus
2376 3989 2610 4048 Optatum
2636 4024 2652 4048 ,
2683 3996 2792 4052 quo
2821 3984 2976 4038 istam
3009 3992 3240 4040 tuentem
3270 3986 3490 4054 paribus

1906 4081 2004 4134 pro
2033 4077 2086 4121 te
2130 4067 2322 4124 officiis
2360 4069 2638 4127 districtus
2669 4073 2992 4144 mqniparem
3011 4075 3034 4128 Ἰ
3056 4075 3224 4145 Spero
3252 4085 3489 4132 actutum

1908 4157 2130 4214 ﬂorente
2155 4161 2368 4230 repnbl.
2396 4172 2449 4217 et
2477 4174 2771 4236 propagato
2801 4167 2854 4220 in
2886 4181 3058 4220 aevum
3090 4167 3290 4221 domini
3321 4171 3490 4222 nostri

1905 4248 2191 4305 Theodosii
2242 4253 2566 4323 principatu,
2598 4257 2822 4311 virtutes
2872 4267 2990 4311 tuas
3041 4257 3272 4312 fascibus
3303 4273 3490 4312 mune-

1906 4340 2121 4396 randas.
2169 4341 2320 4398 'I‘unc
2356 4345 2706 4414 epistolarum
2751 4348 2998 4402 stimulos
3045 4361 3148 4401 non
3192 4347 3486 4415 requiram,

1908 4448 2007 4490 nec
2033 4436 2357 4505 exspectabo
2384 4439 2725 4494 monitorem.
2764 4441 2809 4495 Α
2836 4449 2887 4495 te
2913 4441 3056 4496 enim
3104 4440 3264 4497 didici
3293 4453 3486 4510 sponte

196 4499 290 4592 nia
310 4578 334 4604 ,
365 4499 856 4606 quibusmorbum
895 4499 1230 4591 fabricatoris
1252 4499 1501 4593 iir'rites”:
1530 4499 1798 4608 geminant

1908 4499 2180 4596 suscipere
2218 4527 2474 4598 quidquid
2517 4545 2612 4599 pro
2647 4528 2811 4586 fratre
2851 4533 3145 4587 curandum
3175 4542 3279 4589 est.
3325 4499 3486 4590 Vale.

197 4632 503 4698 porticum,
517 4630 690 4685 solido
709 4637 764 4684 et
785 4629 1094 4697 incorrupto
1113 4643 1278 4698 opere
1300 4639 1598 4696 curvatam,
1623 4630 1802 4685 multis

196 4725 252 4778 in
287 4723 689 4792 longitudinem
723 4722 967 4791 passibus
1000 4721 1294 4791 explicari;
1336 4723 1500 4777 vicina
1533 4737 1655 4778 esse
1681 4737 1802 4793 quae

194 4829 498 4879 constt-uo,
528 4825 582 4872 et
610 4829 772 4899 parvo
810 4814 1182 4870 :edilicationis
1218 4814 1432 4884 negetio
1460 4815 1603 4886 quod
1631 4815 1802 4870 inter-

191 4912 360 4967 venit
390 4927 548 4981 posse
587 4910 824 4966 misceri.
850 4911 984 4978 Quid
1023 4911 1235 4966 laboras
1259 4911 1515 4967 adversus
1546 4927 1804 4967 verecun-

191 5003 354 5055 diam
384 5001 593 5054 meam?
619 5001 729 5068 Ego
749 5014 964 5070 quoque
988 5000 1146 5067 iacio,
1171 5001 1311 5068 quod
1335 5015 1570 5056 recusas.
1603 5001 1802 5058 Gratus

188 5110 330 5149 sum
367 5094 574 5148 muneri
602 5103 692 5147 tuo
723 5111 738 5148 :
770 5092 864 5147 sed
893 5107 1084 5147 vereor
1109 5107 1200 5158 ne,
1229 5093 1520 5148 accedente
1561 5104 1799 5165 sumptu,

189 5186 337 5237 dum
393 5194 570 5238 vetera
619 5185 771 5238 novis
819 5183 1045 5238 nitimur
1096 5184 1378 5250 annulari,
1431 5184 1722 5255 intelligam
1751 5195 1804 5241 te

187 5279 422 5344 majora
466 5277 602 5332 velle
650 5277 976 5345 concedere,
1018 5292 1177 5348 quam
1210 5293 1296 5335 me
1327 5293 1486 5348 posse
1530 5292 1802 5349 reparare.

194 5367 377 5424 Vale.

811 5439 1026 5497 EPIST.
1072 5440 1204 5495 LXI.

587 5544 900 5585 SYIIACBUS
929 5547 1190 5586 FLAVIANO
1219 5547 1431 5586 νηλτιιι.

266 5620 350 5680 Ut
389 5621 599 5676 habitus
625 5631 680 5676 et
707 5621 874 5676 crinis
900 5621 1098 5678 indic;o
1135 5631 1239 5687 est,
1267 5622 1531 5691 Serapam
1564 5635 1670 5676 non
1714 5621 1807 5676 lit-

183 5725 455 5772 terarum
481 5715 728 5778 peritiam
755 5712 1075 5780 pollicetur:
1107 5713 1259 5783 cujus
1286 5714 1330 5770 si
1370 5727 1431 5769 se
1471 5711 1806 5772 meminisset

2485 4661 2701 4719 EPIST.
2736 4663 2897 4718 LXV.

2386 4794 2693 4838 SVIIACIIUS
2721 4797 3002 4837 FLAVIANO.

1977 4887 2423 4958 Astipulationem
2476 4891 2732 4960 praeclara
2780 4895 2971 4948 merita
3014 4909 3119 4948 non
3167 4897 3489 4965 requirunt:

1910 4979 2173 5048 siquidem
2219 4983 2390 5036 virtus
2419 4998 2514 5037 sua
2547 4984 2665 5038 luce
2691 4988 2979 5052 consp‘cna
3027 4995 3308 5040 aversatur
3342 4989 3490 5042 auxi-

1913 5071 2039 5141 lium
2073 5072 2554 5127 commendationis
2599 5074 2811 5129 alienre.
2864 5074 3007 5144 Ergo
3046 5089 3168 5129 cum
3215 5075 3490 5132 dominum

1911 5173 1967 5218 et
1999 5165 2216 5219 fratrem
2260 5179 2435 5218 meum
2480 5163 2739 5219 Licinium
2767 5167 3036 5222 celebrem
3067 5167 3253 5223 fecerit
3273 5169 3340 5224 ad
3365 5185 3491 5225 nor-

1915 5268 2054 5308 mam
2086 5255 2282 5310 veteris
2316 5255 2612 5323 disciplina:
2640 5257 2936 5326 gubernata
2967 5271 3132 5326 reSp.,
3166 5259 3292 5328 quid
3321 5269 3492 5329 potest

1913 5346 1961 5401 ei
2007 5345 2280 5416 dignitatis
2323 5346 2556 5415 adjicere
2606 5347 2808 5415 privata
2861 5347 3126 5404 laudatio?
3173 5351 3284 5404 Hac
3335 5350 3488 5419 igitur

1916 5438 2190 5508 pra-missa
2217 5446 2389 5508 parte,
2419 5439 2635 5507 optima:
2665 5437 2718 5492 in
2744 5438 2948 5493 amicos
2977 5439 3098 5495 lidei
3120 5455 3185 5496 ac
3213 5440 3494 5510 diligentia

1911 5530 2106 5594 virum,
2138 5528 2393 5598 prmeeISo
2423 5528 2604 5582 animo
2649 5537 2741 5583 tuo
2772 5538 2900 5599 opto
2926 5530 3137 5585 sociare
3170 5547 3184 5584 :
3216 5545 3321 5584 non
3351 5533 3493 5602 quod

1905 5621 2162 5692 judicium
2211 5629 2357 5674 tuum
2388 5635 2569 5676 serum
2611 5635 2676 5676 ac
2718 5620 2933 5676 diﬂicile
2983 5621 3054 5676 sit
3096 5619 3161 5674 ad
3192 5621 3489 5691 colligenda

1913 5713 2124 5782 ingenia
2161 5720 2216 5768 et
2257 5713 2610 5783 explorandas
2637 5715 2940 5770 voluntates
2971 5714 3260 5780 bonorum,
3291 5714 3384 5770 sed
3430 5730 3498 5771 nr-
