4074 6176
539 307 635 364 I95

539 510 731 582 lusmm
760 517 970 576 tempus
998 499 1253 558 examini.
1281 495 1430 550 Vale.

1143 585 1356 644 EPIST.
1387 580 1573 638 LXVI.

909 693 1215 739 SHIMACIIUS
1241 688 1500 731 FLAVIA‘NO
1526 683 1733 724 FRATRI.

612 779 668 834 Si
695 776 943 832 amicitiae
969 786 1182 840 semper
1210 767 1345 822 ratio
1381 765 1624 833 deposct
1644 800 1660 824 ,
1691 773 1789 813 cur
1819 764 2003 810 mutua
2037 768 2129 806 ne-

542 873 684 944 gatia
735 869 954 924 alterius
989 865 1240 934 juventus
1300 856 1528 919 officiis,
1577 861 1777 922 quanto
1831 845 2130 916 impensior

545 961 862 1018 utilitatibus
887 956 1306 1028 propinquorum
1333 961 1462 1002 cura
1492 945 1740 1007 debetur,
1772 953 1998 1008 quorum
2028 950 2128 988 no-

546 1058 626 1112 bis
649 1057 787 1110 bona
817 1061 872 1106 et
894 1049 1119 1103 adversa
1144 1040 1449 1099 communia
1479 1035 1640 1092 sunt?
1662 1032 1798 1100 Quid
1821 1029 1962 1099 quod
1989 1044 2052 1079 sa-
2067 1040 2131 1094 pe

547 1147 755 1202 bonitas
795 1156 972 1198 causa;
1001 1138 1337 1198 cohortatur,
1371 1141 1430 1184 ut
1459 1127 1602 1196 quod
1633 1127 1896 1178 debemus
1923 1117 2129 1188 generi,

547 1240 846 1294 tribuamus
866 1229 1162 1302 promptius
1184 1223 1417 1294 aequitati
1431 1221 1454 1273 ’ἒ
1476 1221 1604 1285 Qua:
1621 1232 1704 1269 me
1723 1228 1826 1266 non
1848 1210 2022 1264 minus
2038 1221 2134 1275 pro

549 1329 664 1393 illo,
691 1341 850 1396 quam
875 1317 1210 1376 necessitudo
1235 1310 1547 1376 commovit,
1571 1315 1627 1360 ut
1657 1307 1772 1375 ipse
1799 1302 1961 1356 etiam
1989 1313 2138 1353 com-

552 1393 722 1493 perto—
752 1435 818 1475 ex
871 1416 1126 1472 relatione
1178 1407 1407 1463 Victoris
1439 1401 1748 1472 spectabilis
1786 1397 1885 1450 viri
1927 1393 2138 1462 negotio

553 1482 832 1584 iudicabis.
859 1507 987 1562 Nam
1004 1518 1113 1574 quo
1138 1516 1224 1556 res
1251 1498 1428 1554 notior
1452 1496 1625 1559 fieret,
1657 1489 1882 1560 publica:
1901 1482 2141 1555 epistolae

556 1579 723 1658 malui
771 1599 1014 1666 exempla
1059 1594 1265 1648 sociare
1288 1629 1303 1656 ,
1356 1603 1422 1642 ne
1451 1585 1577 1656 quid
1620 1580 1813 1637 ﬁducia
1837 1579 2018 1634 dicere
2049 1587 2143 1644 per

555 1693 781 1766 gratiam
826 1664 1116 1760 judicarer.
1145 1683 1318 1748 Nunc,
1347 1681 1389 1733 si
1421 1678 1514 1732 tibi
1560 1675 1808 1729 voluntas
1833 1683 1952 1724 mea
1989 1664 2140 1722 cordi

1684 287 1745 351 ρ.
1792 275 2137 337 AURELIUS
2175 271 2610 329 SVMMACIIUS.

537 417 712 476 brevis
759 417 898 470 inter
953 426 1049 468 vos
1098 422 1225 465 usus
1281 415 1335 460 et
1367 402 1612 458 festinata
1649 395 1908 452 discessio
1958 400 2115 457 neget
2145 390 2197 447 Α

3706 252 3805 305 I96

2794 381 3006 436 EPIST.
3032 378 3238 434 LXXII.

2705 487 3015 528 SYlIIACIIUS
3039 482 3316 526 FLAVIANO.

2303 589 2393 642 Vir
2427 587 2756 642 clarissimus
2798 584 3103 640 Honoratus
3145 579 3464 653 cumprimis
3511 577 3642 633 mihi
3688 579 3817 634 vita

2229 680 2634 748 honestatisque
2657 678 3011 749 complacitus
3031 684 3132 730 est.
3159 671 3610 742 Credojndicinm
3633 686 3815 726 meum

2232 771 2324 827 tibi
2369 771 2706 840 aspernabile
2737 784 2842 825 non
2874 768 3070 824 videri.
3121 768 3174 820 Id
3204 767 3247 821 si
3277 769 3347 820 ita
3377 775 3494 828 est.
3526 780 3700 835 neque
3731 779 3819 820 me

2231 865 2414 935 opinio
2456 863 2648 919 frustra
2696 864 2768 918 tui
2796 861 2979 929 habet,
3005 861 3238 916 futurum
3267 876 3413 929 reor,
3437 868 3495 914 ut
3513 873 3581 914 ex
3612 871 3819 926 prtere-

2233 959 2408 1027 gativa
2440 957 2594 1012 istius
2631 955 2922 1012 testimonii
2962 953 3028 1008 ad
3078 951 3494 1006 familiaritatem
3548 949 3821 1019 pra-clarae

2237 1048 2599 1102 unanimitatis
2642 1056 2745 1100 tute
2765 1087 2781 1113 ,
2807 1045 2961 1116 quasi
3014 1045 3104 1099 tibi
3137 1043 3301 1098 etiam
3333 1041 3525 1098 sedqu
3551 1048 3824 1111 spectatus

2236 1140 2476 1193 accedat.
2513 1137 2662 1192 Vale.

2791 1225 3008 1281 EPIST.
3039 1224 3272 1279 LXXIII.

2723 1332 3027 1372 SYMMACIIUS
3058 1329 3336 1372 FLAVIANO.

2315 1409 2554 1465 Delectat
2590 1423 2683 1464 eos
2728 1409 3037 1478 frequenter
3074 1407 3223 1461 affari
3251 1449 3267 1474 ,
3312 1420 3542 1475 quorum
3589 1404 3827 1460 animum

2245 1503 2351 1558 mei
2379 1513 2644 1558 amantem
2670 1503 3005 1556 documentis
3038 1501 3209 1555 habeo
3235 1499 3660 1567 comprobatum.
3685 1499 3830 1565 Cape

2247 1594 2405 1664 igitur
2433 1594 2638 1648 litteras
2680 1608 2848 1659 ineas,
2889 1607 3022 1659 quas
3050 1593 3170 1645 ideo
3216 1591 3445 1645 libenter
3471 1587 3677 1654 emitto,
3707 1589 3829 1658 quia

2251 1688 2527 1756 religionis
2573 1695 2678 1740 tua:
2720 1685 2955 1740 vicissim
3015 1697 3205 1752 pascor
3251 1682 3519 1750 alloquiis.
3568 1681 3697 1748 Quae
3745 1693 3834 1733 res

556 1797 668 1853 cst,
722 1792 915 1853 praesta
966 1778 1088 1833 huic
1134 1771 1414 1846 qumstioni
1466 1777 1728 1824 maturant
1759 1762 2143 1823 securitatem,

2264 1795 2447 1834 tenere
2494 1794 2590 1832 nos
2640 1777 2798 1830 debet
2845 1776 2913 1828 ad
2953 1773 3129 1828 ofﬁcia
3176 1772 3541 1841 promptiora,
3585 1785 3706 1826 cum
3737 1769 3836 1823 tibi

560 1890 717 1939 quam
751 1868 1070 1944 projuStitia
1095 1869 1254 1922 etiam
1285 1876 1371 1916 tne
1399 1860 1592 1914 silente
1617 1855 1881 1912 defert-es.

1124 1955 1343 2012 EPIST.
1374 1951 1581 2007 LXVII.

925 2060 1235 2106 BYMIACBUS
1267 2056 1533 2099 FLAVIANO
1561 2053 1778 2094 ιηιΑτιιι.

633 2155 802 2209 Parva
847 2151 932 2199 est
977 2136 1379 2196 commendatio
1428 2134 1752 2202 scriptorum
1797 2140 2074 2192 meorum,
2106 2139 2153 2180 st

564 2237 848 2296 Leontium
880 2231 1197 2286 familiarem
1240 2228 1498 2282 innocens
1539 2223 1644 2278 vita
1675 2223 1826 2277 bonis
1852 2221 2154 2290 quibusque

561 2330 839 2387 conciliat.
867 2325 977 2381 Suo
1007 2325 1167 2394 igitur
1197 2319 1451 2390 praeditus
1484 2317 1707 2382 merito,
1757 2310 2154 2382 astipulationis

563 2418 890 2477 adminicula
923 2430 1030 2470 non
1060 2412 1315 2482 requirit;
1342 2420 1398 2465 et
1423 2420 1602 2464 tamen
1631 2408 1902 2461 abstinere
1927 2417 2032 2458 non
2062 2402 2156 2456 de-

565 2516 669 2572 beo
699 2515 788 2570 tali
819 2523 1017 2583 genere
1045 2507 1367 2569 litterarum,
1419 2502 1588 2572 magis
1620 2509 1678 2554 ttt
1715 2496 1972 2552 amicitiae
2000 2494 2158 2549 satis-

567 2609 792 2672 faciam,
838 2616 997 2674 quam
1023 2601 1073 2654 ei
1118 2596 1320 2668 aliquid
1360 2595 1479 2665 epis
1504 2592 1800 2648 conferam.
1839 2590 1918 2644 Tu
1949 2595 2155 2642 tantum

565 2711 666 2769 pro
687 2693 1017 2766 dignatione,
1046 2703 1151 2760 qua
1179 2687 1360 2742 clarus
1384 2699 1464 2750 es,
1499 2682 1658 2737 facito
1686 2679 1896 2734 noverit
1931 2678 2156 2748 gratiam

567 2791 647 2844 sui
685 2801 807 2843 meo
833 2797 1046 2856 quoque
1074 2781 1293 2837 nomine
1322 2792 1444 2834 esse
1473 2775 1814 2846 geminatam.
1846 2770 2001 2827 Vale.

1131 2871 1350 2928 EPIST.
1380 2867 1608 2924 LXVIII.

930 2983 1030 3023 εἴη
1040 2980 1247 3022 ΜΑΟΙΙΠΒ
1278 2974 1540 3018 ῖιΔνΙΔκο
1575 2971 1766 3014 ΓΒΔΤΠΙ
1777 2996 1789 3011 ι

639 3063 867 3119 Brevem
894 3073 1119 3115 necesse
1143 3064 1227 3112 est
1247 3067 1372 3110 esse
1391 3065 1720 3115 sermonem,
1743 3048 1834 3119 qui
1853 3045 2159 3117 properanti

569 3162 792 3226 repente
837 3150 1212 3207 committitur.
1245 3147 1422 3213 Quare
1476 3153 1530 3197 et
1573 3116 1774 3196 officiet
1800 3116 2060 3194 satisiest
2104 3147 2158 3192 et
2188 3116 2238 3178 C

574 3246 823 3302 brevitati
882 3240 1140 3311 temporis
1171 3236 1453 3305 congruit,
1485 3242 1541 3287 ut
1569 3235 1712 3288 circa
1743 3240 1796 3285 te
1824 3229 2158 3283 salutat-onis

576 3341 782 3395 honore
824 3335 1138 3406 perfungar.
1194 3325 1630 3384 Vicissitudinem
1691 3336 1819 3378 vero
1867 3319 2160 3389 efﬂagitare

576 3448 680 3489 non
734 3429 935 3494 debeo,
981 3437 1142 3495 quam
1186 3420 1316 3475 mihi
1375 3418 1610 3473 arbitror
1663 3430 1693 3468 a
1745 3414 1862 3470 viro
1908 3410 2160 3467 amicitia:

578 3517 986 3577 servantissime
1027 3514 1192 3570 etiam
1223 3512 1340 3568 sine
1381 3507 1752 3564 admonitione
1795 3503 2158 3561 referendam.

581 3612 727 3669 Vale.

1151 3672 1367 3730 EPIST.
1399 3669 1587 3726 LXIX.

1063 3779 1370 3822 SYIIIIACIIUS
1401 3777 1680 3818 FLAVIANO.

649 3865 720 3923 Ut
743 3865 904 3921 silere
931 3876 1034 3917 non
1066 3874 1283 3930 possum
1307 3897 1324 3924 ,
1377 3857 1586 3926 quoties
1625 3851 1822 3924 stylum
1855 3851 2042 3906 invitat
2068 3864 2162 3906 oc-

578 3959 756 4022 casio;
808 3957 878 4010 ita
919 3954 964 4008 si
1012 3952 1153 4007 desit
1191 3964 1350 4003 causa
1403 3945 1659 4017 longioris
1690 3944 1933 4013 alloquii,
1965 3944 2162 3998 seriem

582 4049 789 4120 pagina:
828 4046 1035 4114 stringo
1075 4039 1415 4110 compendio.
1449 4037 1666 4108 Loquax
1695 4035 1841 4090 enim
1869 4036 2022 4103 cupia
2063 4042 2166 4099 est,

581 4158 699 4214 qua:
746 4141 800 4194 in
832 4153 890 4192 re
914 4137 1108 4192 usitata
1128 4145 1288 4203 atque
1315 4132 1541 4187 solemni
1571 4130 1861 4185 verborum
1906 4126 2172 4183 redundat

582 4233 785 4288 eluvie.
814 4231 961 4286 llave
990 4228 1148 4298 igitur
1175 4224 1320 4290 dico,
1349 4232 1404 4277 et
1425 4223 1655 4278 vicissim
1679 4229 1829 4291 peto,
1861 4229 1916 4273 ut
1940 4234 2024 4273 nte
2045 4233 2170 4288 pro-

582 4339 859 4397 speroruin
887 4333 1098 4376 tuorum
1131 4316 1328 4373 indicio
1355 4312 1680 4370 munereris.
1710 4311 1863 4368 Vale.

1176 4428 1392 4484 EPIST.
1416 4426 1579 4482 LXX.

955 4537 1264 4580 smmum-5
1288 4534 1554 4575 ηινωίο
1575 4532 1790 4574 FRATRI.

655 4616 1014 4672 Humanitatis
1039 4614 1262 4667 interest
1289 4609 1814 4666 commendationem
1844 4609 2060 4664 deferre
2081 4623 2128 4678 pr
2148 4637 2178 4651 -

586 4709 880 4765 scentibus.
913 4706 972 4760 ln
1015 4703 1254 4757 Zenobio
1297 4711 1474 4755 autem
1519 4701 1637 4756 talis
1664 4700 1827 4754 officii
1854 4715 2014 4755 causa
2047 4716 2174 4768 pro-

587 4803 804 4870 pensior
833 4807 948 4863 est,
978 4809 1102 4849 cum
1133 4795 1204 4848 sit
1242 4792 1516 4846 familiaris
1545 4806 1725 4858 meus,
1753 4803 1914 4862 atque
1933 4793 2069 4846 adeo
2097 4791 2174 4846 illi

587 4891 844 4947 debeatur
869 4886 1044 4957 potius
1066 4899 1226 4955 quam
1256 4891 1542 4952 praestetur
1569 4882 1805 4938 aﬂ‘ectio.
1837 4883 1973 4938 llinc
1996 4893 2176 4951 patro-

588 4985 784 5040 cinium
808 4982 881 5037 tui
908 4979 1066 5049 cupio
1091 4976 1394 5048 provenire.
1424 4977 1556 5029 Nam
1575 4977 1804 5046 primum
1837 4987 1936 5039 est.
1967 4988 2020 5029 ut
2051 4993 2173 5032 meo

589 5075 842 5144 suffragia
875 5073 1128 5140 diligatur
1157 5085 1174 5136 ς
1216 5067 1510 5124 secundum
1539 5069 1674 5137 erit,
1713 5083 1764 5122 u:
1786 5069 1868 5122 sui
1897 5069 2174 5123 honestate

588 5190 630 5226 cu
657 5188 704 5225 Ill
714 5170 940 5237 placeat.
970 5165 1120 5222 Vale.

1162 5253 1376 5309 EPIST.
1410 5253 1600 5308 LXXI.

1064 5363 1376 5404 SYKIACHUS
1407 5363 1682 5402 FLAVMNO.

657 5444 1044 5506 Considerans,
1066 5441 1192 5510 quid
1211 5440 1340 5494 mihi
1362 5441 1563 5494 amoris
1591 5435 2175 5509 dignerisimpend.~rc,

590 5539 823 5594 arbitror
847 5533 1074 5606 (Syriaco
1102 5533 1399 5587 domestico
1421 5548 1540 5586 meo
1571 5533 1668 5586 has
1701 5533 1906 5588 litteras
1928 5531 2175 5601 profutu-

594 5646 706 5698 ras,
739 5627 931 5698 quibus
973 5637 1155 5694 quaeso
1199 5631 1257 5676 ut
1291 5623 1728 5680 commoditatem
1758 5623 1877 5695 ejus
1921 5633 2170 5694 prompto

598 5723 772 5776 fac-re
801 5721 1074 5786 respicias.
1111 5715 1259 5770 Vale.

2254 1875 2379 1928 hinc
2433 1869 2700 1926 commodi
2750 1867 2952 1922 fenoris
3020 1867 3218 1936 largior
3265 1879 3426 1921 usura
3483 1864 3836 1934 respondeat.

2254 1964 2405 2021 Vale.

2799 2029 3013 2084 EPIST.
3049 2027 3287 2084 LXXIV.

2724 2133 3032 2176 SYIIIACIIUS
3073 2132 3352 2174 FLAVIANO.

2327 2213 2732 2271 Valentinianus
2754 2221 3024 2280 protector
3049 2212 3247 2265 dudum
3273 2209 3571 2280 patrocinio
3590 2207 3841 2262 culminis

2257 2311 2331 2364 tui
2355 2324 2451 2379 per
2479 2323 2564 2368 me
2594 2305 2819 2361 traditus
2847 2317 3008 2373 atque
3029 2302 3370 2366 commissus,
3404 2300 3714 2354 domesticis
3741 2313 3840 2353 oc—

2255 2401 2633 2472 cupationibus
2676 2397 2934 2452 attinetur
2967 2413 2984 2450 :
3016 2406 3178 2464 atque
3229 2394 3349 2448 ideo
3396 2405 3720 2462 magnopere
3749 2402 3846 2457 po-

2261 2497 2432 2564 poscit
2475 2493 2544 2547 ob
2565 2490 2814 2546 eumdetn
2843 2489 2942 2543 sibi
2972 2487 3189 2556 aliquod
3215 2484 3484 2554 negotium
3519 2497 3613 2552 per
3650 2481 3848 2535 subur-

2261 2589 2425 2642 banas
2480 2583 2781 2654 provincias
2830 2579 3126 2650 impetraui.
3184 2580 3360 2645 Quare
3410 2576 3576 2631 decus
3602 2583 3846 2629 nostrum

2260 2677 2509 2732 familiari
2558 2690 2680 2729 meo
2708 2672 3072 2729 desideratum
3106 2684 3300 2723 munus
3327 2668 3558 2722 exclude
3583 2705 3599 2732 ,
3627 2672 3722 2719 aut
3748 2664 3848 2717 im-

2265 2780 2415 2839 petra
2456 2774 2844 2829 commeatum,
2881 2778 2989 2834 quo
3025 2761 3193 2832 possit
3243 2774 3275 2814 a
3316 2757 3538 2814 militari
3585 2765 3712 2812 nota
3748 2753 3850 2808 sub

2191 2925 2200 2934 ,ξ
2265 2861 2761 2932 hacintpetratione
2788 2857 3026 2913 defcndi.
3061 2855 3208 2910 Vale.

2837 2988 3049 3046 EPIST.
3071 2986 3282 3044 LXXV.

2751 3098 3063 3142 SVHHACHUS
3085 3094 3364 3139 FLAVIANO.

2333 3208 2466 3263 Cum
2495 3207 2548 3262 in
2575 3205 2779 3275 judicio
2804 3201 3138 3273 prmfecturm
3154 3198 3361 3253 famosa
3381 3209 3542 3252 causa
3566 3193 3848 3264 penderet,

2264 3299 2556 3360 Discolius,
2589 3297 2680 3366 qui
2725 3294 2854 3350 furti
2891 3293 3160 3348 detulerat
3199 3290 3504 3349 actionem.
3546 3285 3856 3354 multosque

2263 3392 2434 3447 nostri
2463 3389 2666 3445 ordinis
2721 3387 2866 3441 viros
2892 3385 3268 3440 criminatione
3319 3380 3729 3450 perstrinxerat,
3761 3391 3858 3432 oc-

2264 3485 2407 3540 culte
2433 3498 2556 3538 cum
2585 3483 2690 3537 reis
2720 3481 2849 3536 inita
2882 3480 3146 3548 pactione,
3181 3490 3288 3531 non
3331 3476 3449 3540 sine
3477 3471 3858 3541 disceptatoris

2269 3576 2464 3632 invidia
2491 3575 2657 3632 elusit
2673 3587 2922 3628 examen.
2949 3569 3029 3623 Ad
3059 3568 3216 3637 hujus
3240 3565 3703 3634 investigationem
3728 3560 3862 3616 niis-

2265 3685 2356 3724 sus
2389 3667 2684 3738 apparitor,
2704 3667 2749 3718 si
2777 3663 3222 3734 prattorianorum
3253 3655 3636 3711 adminiculum
3664 3650 3860 3706 sortia-

2269 3773 2354 3818 tur
2377 3802 2392 3824 ,
2443 3757 2730 3830 proclivior
2774 3755 2998 3810 facultas
3046 3747 3353 3806 retrahendi
3382 3744 3709 3800 accusatoris
3736 3756 3863 3798 eve-

2270 3853 2400 3907 niet.
2428 3851 2656 3905 lnterest
2683 3845 2908 3917 publica:
2937 3840 3258 3910 disciplinac,
3291 3837 3558 3906 simulque
3580 3834 3647 3890 ad
3661 3833 3861 3887 famam

2270 3943 2504 4012 pertinet
2550 3936 2876 4008 cognitoris,
2916 3943 2974 3990 ut
3007 3947 3130 3988 eum
3169 3943 3380 3984 summo
3417 3926 3594 3982 studio
3637 3924 3862 3994 conqui-

2271 4034 2433 4089 situm
2474 4029 2658 4086 reduci
2695 4032 2748 4084 in
2777 4025 3036 4098 judicium
3073 4023 3174 4080 sub
3202 4022 3424 4077 custode
3447 4019 3759 4092 praecipias,
3793 4032 3864 4072 ne

2274 4126 2640 4180 innocentiam
2671 4131 2980 4178 senatorum
3027 4119 3260 4178 obnoxia
3293 4116 3599 4172 rumoribus
3623 4109 3864 4179 suspicio

2274 4215 2569 4272 decoloret.
2605 4215 2753 4270 Vale.

2831 4308 3048 4373 EPIST.
3081 4305 3316 4363 LXXVI.

2757 4416 3068 4458 SYIIIIACBUS
3106 4413 3390 4455 ηΑνιΔΝο.

2199 4486 2256 4549 D
2355 4522 2521 4577 Amor
2566 4529 2689 4574 tuus
2743 4518 2796 4571 in
2829 4515 3114 4570 Domitium
3152 4523 3312 4569 notus
3341 4520 3397 4566 et
3425 4508 3633 4564 validus
3663 4503 3868 4560 ademit

2284 4615 2415 4671 mihi
2435 4611 2845 4670 comtnendandi
2868 4612 2986 4678 ejus
3017 4608 3255 4663 laborem
3274 4621 3400 4674 :pro
3420 4619 3526 4671 quo
3544 4604 3644 4656 hoc
3658 4609 3866 4653 tantum

2283 4710 2486 4764 dixisse
2513 4707 2802 4771 suffecerit,
2829 4704 2958 4758 mihi
2986 4715 3199 4774 quoque
3227 4699 3476 4754 eumdem
3507 4695 3676 4764 pri-ca
3705 4691 3866 4745 fami-

2283 4800 2514 4854 liaritate
2539 4796 2808 4866 conjungi.
2839 4795 2969 4862 Quae
3000 4807 3088 4847 res
3117 4790 3193 4846 illi
3213 4790 3605 4845 incrementum
3633 4784 3870 4855 patroci-

2286 4890 2358 4946 nii
2392 4891 2497 4957 tui,
2548 4897 2610 4945 ut
2651 4901 2837 4958 spero,
2871 4884 3148 4956 praestabit
3178 4903 3190 4937 :
3223 4880 3638 4952 probabiliorem
3667 4877 3869 4946 quippe

2280 4997 2402 5037 eum
2427 4980 2522 5036 tibi
2553 4979 2711 5035 faciet
2741 4977 3041 5033 communis
3089 4973 3384 5030 similitudo
3409 4968 3614 5038 iudicii.
3658 4966 3866 5021 Interea

2280 5091 2379 5130 nos
2425 5075 2564 5129 ursis
2590 5087 2736 5140 saepe
2779 5070 3090 5140 promissis,
3123 5076 3177 5123 et
3207 5067 3296 5120 diu
3337 5064 3593 5132 speratis,
3622 5061 3724 5117 sub
3751 5061 3870 5128 ipso

2280 5165 2509 5221 articulo
2533 5163 2772 5219 muneris
2793 5162 3108 5229 indigemus.
3138 5157 3235 5210 Vix
3265 5154 3406 5209 enim
3441 5167 3639 5222 paucos
3657 5153 3872 5205 catulos

2285 5265 2583 5312 maceratus
2604 5253 2780 5309 inedia
2800 5260 2856 5305 et
2883 5251 3060 5305 labore
3083 5247 3428 5316 suscipimus.
3450 5245 3516 5299 Et
3534 5244 3601 5298 de
3623 5243 3874 5298 leonibus

2288 5349 2426 5402 fama
2454 5345 2710 5402 conticuit
2739 5361 2751 5395 :
2786 5356 3015 5413 quorum
3038 5340 3300 5395 adventus
3332 5346 3512 5408 posset
3539 5336 3784 5401 efllcere,
3813 5341 3873 5388 ut

2289 5453 2532 5492 ursorum
2591 5435 2857 5489 deiectum
2915 5431 3248 5497 congressio
3283 5429 3478 5500 Libyca
3529 5433 3871 5496 repensaret.

2289 5529 2510 5584 Unciam
2561 5526 2714 5597 panis
2759 5524 3022 5580 malitiose
3061 5534 3117 5580 et
3145 5532 3350 5578 temere
3380 5521 3678 5576 restitutam
3707 5531 3876 5587 spon-

2289 5632 2442 5675 tauea
2484 5619 2733 5675 voluntas
2778 5618 2960 5689 pepuli
2989 5617 3195 5688 redegit
3233 5616 3285 5669 in
3321 5614 3473 5685 copia
3505 5610 3873 5668 conditorum.

2289 5714 2422 5770 Tuta
2461 5714 2619 5784 igitur
2647 5714 2822 5770 omnia
2864 5724 3022 5778 atque
3049 5724 3234 5770 secura
3283 5716 3441 5774 sunt,
3487 5719 3604 5776 quae
3631 5705 3872 5759 animum
