4074 6176
310 286 408 336 ten

1520 277 2004 335 EPISTOLARUII
2045 275 2248 330 LIBER
2292 274 2350 328 ll.

3496 281 3596 336 I98

308 411 457 452 tuum
494 412 617 467 jure
661 394 996 450 incidebant.
1048 394 1224 462 Atque
1263 393 1465 447 utinam
1512 390 1900 446 sollit-itudines
1927 394 1974 449 Α
2005 388 2156 453 mini,
2189 385 2280 456 qui
2311 386 2590 456 apparatni
2614 386 2730 456 ejus
2761 387 2912 457 plura
2939 396 2994 444 et
3016 387 3271 458 praeclara
3299 390 3486 444 tribuis
3509 395 3596 448 tis.

307 490 623 559 umwrias
645 503 740 559 par
755 499 1100 543 successuutu
1124 484 1352 540 felicitas
1381 483 1714 552 mitigasset!
1752 481 1897 537 \‘ale.

752 620 758 626 '
843 601 1056 654 EPIS'I'.
1099 597 1361 652 LXXVII.

661 706 974 747 SYMIACIIUS
1015 705 1280 746 ηΑνιΑκο
1318 705 1535 744 FRATRI.

387 784 624 840 Editioni
654 785 896 839 muneris
929 784 1093 838 nostri
1124 792 1180 836 et
1209 785 1404 836 usitata
1433 793 1489 836 et
1539 783 1753 836 insolita
1788 795 1819 835 a
1851 789 1902 837 te

213 905 230 912 ι
305 875 692 940 conferuntur;
721 880 790 928 ita
812 877 993 928 omnia
1020 875 1086 928 ad
1107 875 1501 929 conciliandum
1522 875 1773 942 quaestori
1801 888 1901 927 no-

307 977 422 1021 stro
451 966 624 1035 plebis
653 966 894 1019 favorem
923 977 976 1019 et
999 966 1319 1020 solemniutn
1377 981 1553 1018 rerum
1602 964 1781 1034 largus
1847 973 1902 1018 et

309 1072 572 1112 novarqu
603 1069 847 1125 repertor
875 1057 1147 1124 excogitas
1180 1074 1193 1108 :
1230 1065 1288 1109 ut
1314 1071 1456 1110 nunc
1481 1064 1685 1123 septem
1729 1055 1902 1111 Scoti-

305 1164 497 1204 eorum
527 1164 718 1203 canum
748 1149 991 1218 probavit
1012 1148 1249 1212 oblatio;
1279 1163 1412 1217 quos
1444 1148 1783 1216 prtelusimtis
1813 1147 1902 1203 die

307 1242 383 1294 ita
409 1243 576 1296 Roma
606 1241 795 1295 mirata
825 1248 928 1304 est,
954 1251 1010 1293 ut
1040 1241 1226 1294 ferreis
1256 1241 1440 1296 caveis
1482 1249 1702 1308 putaret
1731 1239 1898 1295 adve-

305 1345 447 1386 ctos.
478 1333 619 1402 Ergo
649 1341 703 1386 et
733 1330 892 1400 hujus
922 1331 996 1384 rei
1034 1346 1192 1384 causa
1225 1342 1280 1386 et
1314 1341 1569 1399 praeterea
1618 1345 1899 1386 munerum

304 1439 652 1488 ceterorum,
695 1433 921 1493 quantas
967 1437 1218 1491 possum,
1267 1424 1529 1478 maximas
1565 1424 1767 1493 gratias
1802 1422 1897 1478 tibi

304 1531 414 1585 ago
443 1533 458 1568 :
487 1516 614 1569 licet
641 1516 694 1570 in
727 1517 827 1578 his,
861 1529 980 1584 qua:
1010 1514 1250 1568 studiose
1282 1514 1541 1568 fratribus
1571 1528 1666 1584 pro
1696 1514 1901 1582 magni-

305 1607 500 1662 tudine
519 1608 682 1661 animi
713 1610 786 1662 tui
806 1608 1016 1673 tribuis,
1043 1607 1361 1662 beneficium
1387 1620 1437 1662 te
1458 1622 1564 1662 non
1587 1616 1741 1676 putes
1769 1621 1901 1676 prte-

306 1712 481 1769 stare,
507 1703 601 1758 sed
626 1717 860 1758 sumere.
898 1702 1046 1756 Vale.

836 1793 1054 1849 EPIST.
1097 1791 1380 1849 LXXVIII.

797 1899 890 1940 SYI
900 1900 1108 1940 ιιΑειιυε
1145 1899 1422 1940 ηλνωηο.

387 1978 524 2033 Pars
554 1979 832 2032 hominum
861 1978 1193 2047 compendiis
1223 1988 1275 2032 et
1303 1978 1598 2048 quaestibus
1625 1975 1859 2048 gaudent
1885 1992 1901 2042 ;

323 2087 413 2126 me
439 2073 619 2125 votiva
646 2072 882 2126 delectat
917 2071 1194 2140 expensio.
1249 2070 1435 2140 Itaque
1481 2070 1670 2124 avidus
1715 2070 1904 2125 civicte

311 2165 834 2234 gratiae,quamtoris
865 2163 954 2219 lilii
991 2164 1097 2218 tnei
1119 2163 1422 2233 sumptibus
1443 2165 1633 2217 studeo
1653 2162 1796 2217 aliud
1813 2179 1906 2232 ge-

311 2272 412 2310 nus
466 2255 728 2324 largitatis
759 2255 993 2325 adjicere
1020 2299 1035 2322 ,
1073 2265 1129 2308 ut
1167 2256 1447 2310 curulibus
1490 2255 1715 2310 stabulis
1745 2254 1904 2310 Urbis

313 2360 533 2403 eterna:
564 2351 726 2403 etiam
758 2351 916 2417 quina
947 2347 1212 2417 mancipia
1241 2349 1547 2418 largiamur.
1567 2349 1632 2404 Et
1652 2351 1902 2418 quoniam

312 2454 596 2493 serviirnm
628 2456 723 2508 per
753 2440 971 2494 limitem
1001 2440 1170 2495 facilis
1199 2439 1459 2505 inventio,
1483 2451 1536 2494 et
1566 2441 1790 2509 pretiutn
1818 2452 1906 2494 so-

315 2533 391 2586 let
425 2547 550 2585 esse
582 2531 891 2596 tolerabile;
939 2547 1100 2602 quam
1151 2532 1388 2586 maxime
1427 2541 1476 2586 te
1521 2532 1802 2600 deprecor,
1850 2541 1905 2586 nt

315 2641 415 2694 per
444 2625 691 2679 homines
723 2634 974 2679 strenuos
1000 2625 1183 2694 viginti
1202 2625 1428 2694 juvenes
1461 2627 1715 2694 praedicto
1745 2641 1908 2698 nego-

314 2715 394 2769 tio
423 2725 786 2783 congruentes
812 2715 1004 2784 jubeas
1033 2716 1359 2784 comparari.
1392 2715 1447 2769 In
1480 2730 1640 2786 qnam
1669 2731 1783 2770 rem
1818 2732 1906 2771 so-

316 2807 462 2861 lidos
489 2806 554 2860 ad
586 2814 636 2860 te
667 2807 812 2871 misi,
844 2804 1019 2861 habita
1049 2807 1410 2861 mstimatione
1442 2808 1740 2874 hominum,
1773 2823 1908 2878 Quo-

317 2911 435 2954 rum
471 2913 579 2954 non
602 2897 796 2963 forma,
831 2897 925 2954 sed
966 2906 1190 2958 atlas.et
1232 2898 1436 2955 sanitas
1476 2897 1760 2970 deligenda
1800 2909 1901 2955 est.

321 2986 474 3047 Vale.
753 3018 772 3027 ο

856 3058 1073 3115 EPIST.
1116 3060 1326 3115 LXXIX
1339 3100 1353 3115 .

789 3164 1100 3206 εηιιιιειιυε
1137 3167 1418 3208 ηλνιιικο.

393 3246 573 3301 Fratri
598 3257 782 3300 nostro
806 3246 1178 3300 Andromacho
1199 3261 1387 3301 omnes
1407 3247 1560 3303 home
1585 3256 1732 3302 artes
1755 3247 1904 3301 iami-

325 3341 490 3394 lini-es
521 3346 668 3403 sunt,
698 3340 792 3395 sed
838 3353 946 3406 prae
978 3338 1189 3393 caneris
1222 3339 1375 3405 fides,
1409 3355 1511 3409 qna
1560 3349 1907 3410 exspectatus

324 3431 455 3482 mihi
486 3441 638 3484 tuum
679 3443 891 3499 quoque
929 3429 1189 3498 judicium
1219 3439 1368 3498 Optat
1398 3431 1687 3486 demereri.
1725 3432 1907 3502 Itaque

318 3522 448 3575 dum
497 3530 553 3575 te
593 3523 829 3590 expetit,
880 3522 983 3576 iter
1031 3521 1316 3576 imbecillis
1360 3538 1542 3594 grave,
1597 3525 1908 3595 gracilitatis

320 3628 436 3667 sua:
462 3613 664 3667 oblitus
693 3613 928 3667 intravit.
959 3614 1081 3669 llaec
1122 3615 1198 3668 illi
1227 3616 1458 3671 maxime
1487 3632 1645 3673 causa
1684 3617 1781 3673 fuit
1811 3637 1909 3688 pro

324 3705 564 3770 viribus,
615 3715 672 3758 ut
702 3705 836 3760 solet
875 3706 1190 3776 plerumque
1237 3708 1446 3762 animus
1475 3722 1570 3778 spe
1618 3718 1674 3765 et
1716 3713 1910 3780 gaudio

322 3800 574 3856 morbum
605 3800 807 3855 levare.
862 3800 1110 3856 Advenis
1157 3802 1317 3871 igitur
1356 3817 1516 3873 quam
1568 3813 1818 3874 prompto
1857 3813 1912 3860 et

325 3891 508 3959 patulo
537 3891 785 3945 amicitia:
815 3891 935 3946 sinu
966 3892 1323 3961 receptandus
1349 3893 1451 3961 sit,
1483 3894 1574 3963 qui
1600 3896 1673 3948 tui
1699 3895 1911 3950 deside-

331 3985 470 4035 rium
493 3995 607 4036 sua:
631 3980 924 4036 valetudini
956 3981 1209 4050 prauulit.
1256 3982 1392 4049 Quid
1434 3985 1625 4053 plura?
1654 3993 1912 4054 appeten-

321 4074 424 4128 dos
453 4074 550 4128 tibi
577 4073 735 4140 foret,
772 4073 873 4128 nisi
905 4084 955 4128 te
980 4085 1170 4143 Spoiite
1201 4085 1538 4145 sequeretur.
1570 4077 1711 4146 Ergo
1726 4092 1912 4133 accur-

325 4167 468 4221 reuti
503 4166 810 4236 religiosam
835 4183 1049 4221 manum
1077 4169 1317 4238 porrige;
1345 4179 1402 4223 ut
1430 4171 1521 4240 qtti
1552 4179 1601 4224 te
1627 4173 1776 4226 novit
1805 4173 1914 4227 vir-

325 4259 535 4312 tutibus
583 4259 950 4326 superiorem,
1007 4260 1394 4352 communitate
1446 4277 1628 4330 parent
1693 4263 1910 4319 sentiat.

329 4351 485 4406 Vale.

887 4419 1102 4477 EPIST.
1144 4421 1358 4476 LXXX.

693 4523 998 4565 SYIIACIIUS
1036 4526 1299 4567 ΓΙΛἾΙΔΝΟ
1337 4524 1553 4568 FRATRI.

399 4601 844 4659 Commendatum
879 4601 1009 4656 mihi
1037 4618 1063 4654 a
1105 4603 1271 4658 fratre
1316 4619 1437 4660 meo
1489 4605 1690 4662 Hilario
1735 4607 1911 4667 vier

327 4693 739 4750 devotissimum
765 4691 1068 4756 Titianum;
1100 4709 1208 4763 quo
1249 4694 1357 4748 alio
1389 4710 1605 4764 possum
1645 4698 1912 4753 beneficio

329 4785 625 4849 munerari,
656 4799 819 4853 quam
851 4794 906 4838 ut
937 4799 1059 4840 eum
1091 4796 1278 4841 sancto
1311 4788 1511 4855 pectori
1555 4804 1644 4843 tuo
1689 4804 1794 4844 non
1826 4805 1912 4845 as-

332 4875 639 4943 pernandus
670 4884 917 4944 precator
941 4875 1246 4932 insinuent?
1292 4877 1360 4933 Et
1407 4878 1519 4949 jam
1569 4894 1729 4951 spero
1779 4883 1912 4952 peti-

329 4967 463 5020 tioni
492 4980 626 5021 mea:
654 4980 925 5020 ces~uram
981 4967 1289 5025 felicitatem
1312 5014 1327 5038 ,
1376 4971 1592 5040 quando
1629 4989 1694 5028 eo
1729 4975 1912 5029 studio

326 5068 497 5126 atque
521 5059 795 5128 proposito
821 5073 899 5124 es,
935 5067 992 5112 ut
1036 5061 1203 5115 instar
1244 5063 1429 5131 gratia
1468 5064 1706 5133 habeas,
1743 5067 1788 5121 si
1819 5066 1912 5122 tibi

335 5148 629 5217 probabilis
652 5151 860 5205 amicus
885 5151 1128 5206 accedat.
1162 5151 1316 5208 Vale.

867 5263 1084 5320 EPIST.
1129 5264 1362 5320 LXXXI.

802 5370 1108 5410 SYIIACBUS
1145 5371 1425 5413 ηινιηο.

404 5445 576 5503 Filius
594 5457 776 5504 noster
795 5447 1172 5518 Symmachus,
1187 5462 1403 5521 peracto
1417 5467 1640 5508 munere
1662 5454 1917 5510 candida-

333 5541 389 5606 ti,
420 5536 582 5594 offert
605 5538 703 5594 tibi
727 5539 867 5596 dona
889 5542 1202 5611 quaestoria,
1228 5550 1284 5596 et
1310 5551 1534 5598 czeteras
1563 5546 1915 5602 necessitudi-

332 5646 428 5686 nes
452 5641 666 5686 nostras
694 5631 807 5701 pari
835 5632 1038 5688 honore
1060 5633 1365 5702 participat.
1414 5635 1611 5702 Quaeso
1653 5635 1817 5706 igitur
1857 5646 1916 5692 ut

332 5725 448 5780 eius
477 5726 696 5782 nomine
723 5727 932 5798 dyptica
958 5739 1010 5784 et
1032 5725 1364 5798 apophoreta
1413 5732 1689 5789 suscipere
1715 5735 1909 5803 digne-

1941 4491 1995 4554 D

2005 478 2278 534 Prmterea
2303 479 2524 534 domino
2551 490 2605 534 et
2646 479 2872 549 principi
2912 488 3100 534 nostro
3139 479 3206 534 ad
3251 479 3587 539 referendam

2005 571 2233 642 largitati
2263 571 2380 641 ejus
2405 571 2646 627 sedulam
2678 574 2878 640 magis,
2910 589 3070 641 quam
3115 587 3299 640 parem
3329 573 3580 639 gratiam,

2003 677 2134 716 auro
2159 663 2860 733 circumdatumdypticum
2917 664 3060 718 misi.
3104 664 3345 720 Caeteros
3373 678 3588 734 quoque

2003 752 2207 806 amicos
2231 752 2485 808 eburneis
2517 754 2868 823 pugillaribus
2899 765 2952 807 et
2980 753 3273 808 canistellis
3317 755 3588 823 argenteis

2003 841 2285 897 honorari.
2317 843 2445 898 Tuae
2473 843 2637 914 igitur
2663 846 2936 913 potestati,
2986 854 3078 899 tuo
3124 860 3336 915 quoque
3365 845 3588 900 arbitrio

2005 935 2308 1002 committo,
2331 945 2699 1006 utopportune
2722 937 2970 1007 singulis,
2993 952 3114 1008 qua:
3129 939 3293 992 missa
3313 946 3441 994 sunt
3459 936 3589 993 offe-

2003 1039 2208 1083 rantur.
2243 1028 2388 1085 Vale.

2539 1120 2757 1177 EPIS'I‘.
2797 1120 3056 1178 LXXXII.

2487 1226 2794 1267 SYMMACIIUS
2834 1228 3110 1267 FLAVIANO.

2076 1301 2223 1356 Multi
2267 1317 2295 1354 a
2342 1318 2426 1358 me
2476 1304 2908 1360 conciliationem
2963 1305 3274 1360 litterariam
3326 1321 3592 1376 peposce-

2009 1403 2167 1459 runt;
2197 1394 2290 1448 sed
2317 1395 2665 1464 quorumdam
2699 1398 2925 1463 meritis,
2960 1397 3185 1452 aliorum
3215 1400 3466 1468 precibus
3496 1415 3588 1467 pa-

2007 1501 2117 1540 rem
2146 1486 2371 1555 gratiam
2401 1488 2525 1542 dedi
2555 1505 2570 1543 :
2602 1504 2702 1544 nec
2733 1499 2908 1544 tamen
2937 1505 3153 1558 vereor,
3185 1506 3253 1547 ne
3277 1491 3368 1546 tibi
3397 1492 3591 1546 civium

2004 1579 2180 1648 ignota
2211 1578 2483 1635 distinctio
2509 1581 2579 1634 sit
2609 1623 2626 1648 ,
2669 1580 2925 1649 judicium
2954 1582 3021 1636 de
3056 1585 3138 1638 his
3185 1598 3472 1639 commune
3505 1601 3589 1641 re-

2004 1672 2220 1726 Colenti.
2254 1671 2414 1726 Dabis
2437 1673 2596 1742 igitttr
2627 1673 2677 1726 in
2719 1673 3036 1743 quibusdam
3082 1676 3420 1730 verecundia:
3459 1693 3593 1730 mea:

1931 1759 1979 1819 B
2010 1762 2240 1826 veniam,
2264 1777 2384 1830 quae
2413 1765 2574 1817 cessit
2599 1765 2900 1819 orantibus.
2934 1765 3008 1820 Se
3027 1767 3191 1834 jueris
3223 1779 3427 1831 autem,
3449 1767 3592 1836 quod

2008 1853 2115 1906 scis
2144 1853 2210 1907 dc
2239 1853 2465 1923 singulis
2496 1867 2781 1924 utrumque
2821 1857 3044 1912 sentire.
3092 1858 3228 1911 Puto
3276 1874 3340 1912 ex
3371 1858 3454 1912 his
3475 1875 3593 1914 ver-

2008 1943 2111 2012 bis,
2143 1962 2249 2013 quo
2283 1951 2330 1998 in
2360 1961 2586 2001 numero
2610 1946 2777 2002 filium
2811 1959 3054 2003 nostrum
3102 1949 3340 2004 Attalum
3382 1959 3593 2019 specta-

2008 2035 2167 2090 bilem
2207 2039 2382 2090 virum
2423 2051 2674 2094 censeam
2718 2039 2874 2095 facile
2910 2040 3172 2109 dignosci.
3212 2039 3454 2110 Namque
3490 2040 3591 2095 ista

2008 2128 2177 2183 libera
2208 2138 2263 2183 et
2286 2139 2471 2196 aperta
2494 2130 2750 2186 discretio
2778 2131 2826 2185 ei
2856 2140 2970 2186 tuto
2995 2134 3195 2188 credita
3228 2141 3333 2199 est,
3362 2135 3451 2202 qui
3483 2149 3593 2189 non

2005 2219 2102 2273 fuit
2125 2221 2176 2274 in
2209 2231 2413 2289 partem
2442 2233 2747 2291 cogentum.
2800 2222 2978 2290 Quare
3016 2231 3109 2277 tuo
3135 2237 3196 2278 ac
3229 2238 3348 2278 meo
3376 2225 3593 2278 nomine

2006 2312 2270 2368 amicitias
2300 2315 2626 2369 accurrentis
2655 2317 3008 2384 amplectere;
3035 2325 3091 2370 ut
3113 2315 3237 2372 huic
3265 2317 3315 2370 in
3334 2319 3504 2371 fructu
3526 2319 3594 2372 sit

2005 2403 2181 2458 cultus
2206 2404 2490 2473 bonormn,
2516 2409 2694 2477 pravis
2715 2409 2908 2479 dolori,
2941 2409 3081 2479 quod
3108 2409 3358 2466 similiter
3383 2427 3490 2465 noti
3511 2410 3593 2465 dio

2010 2495 2265 2565 liguntur.
2295 2496 2442 2553 Vale.

2525 2589 2740 2648 EPIS'I‘.
2783 2592 3067 2650 LXXXIII.

2482 2699 2799 2739 SYIIMACHUS
2841 2701 3116 2741 FLAVIANO.

2075 2771 2194 2825 Jam
2221 2773 2422 2841 pridem
2441 2774 2660 2830 domino
2683 2785 2736 2831 et
2763 2776 2913 2830 fratri
2940 2792 3061 2831 meo
3083 2776 3260 2847 Alipio
3279 2778 3590 2834 comitatum

2010 2878 2218 2919 sacrum
2251 2865 2428 2921 visere
2453 2876 2612 2936 atque
2641 2870 2791 2923 adire
2819 2869 3076 2938 cupienti,
3105 2884 3223 2924 sera
3251 2870 3469 2940 quidem
3501 2888 3593 2928 oc-

2006 2957 2174 3026 casio,
2205 2958 2298 3012 sed
2329 2958 2447 3012 lana
2478 2962 2757 3026 successit,
2785 2972 2840 3016 nt
2864 2978 2984 3016 eum
3007 2964 3194 3017 con~ul
3226 2965 3450 3032 accires,
3474 2967 3594 3022 ideo

2009 3049 2060 3102 in
2091 3059 2434 3116 conspectum
2465 3058 2614 3106 tuum
2643 3056 2820 3109 alacer
2845 3055 3102 3122 occurrit,
3124 3066 3178 3110 ut
3205 3056 3481 3112 beneficiis
3502 3073 3596 3111 vo-

1931 3121 1975 3182 Ο
2012 3143 2116 3196 tiva
2148 3141 2335 3197 reddat
2362 3143 2536 3197 ofiicia
2565 3152 2619 3198 et
2661 3145 2829 3198 sancti
2885 3147 3047 3200 animi
3099 3147 3173 3201 tui
3224 3148 3361 3202 fretu
3400 3149 3597 3205 nubem

2007 3231 2219 3286 invidia:
2268 3234 2560 3304 superioris
2605 3234 2923 3306 abstergeat.
2957 3238 3113 3306 Quod
3159 3238 3234 3293 illi
3266 3239 3499 3295 arbitror
3529 3256 3594 3294 cx

2008 3332 2133 3380 voto
2167 3339 2291 3380 esse
2333 3336 2636 3382 cessurum.
2679 3327 2866 3398 Neque
2895 3331 3039 3384 enim
3084 3331 3236 3386 fama:
3265 3333 3381 3402 ejus
3409 3334 3599 3389 deesse

2008 3415 2225 3485 aliquod
2279 3417 2536 3488 patieris,
2595 3420 2684 3490 qui
2754 3423 3056 3478 securitatis
3102 3436 3294 3480 cuncta
3346 3425 3598 3481 tribuisti.

2010 3505 2163 3564 Vale.
2249 3529 2252 3533 ι

2539 3603 2751 3661 EPiST.
2795 3606 3078 3667 LXXXIV.

2490 3706 2800 3754 εςωιιιοιιυε
2837 3717 3118 3756 ι-ῚρΑνιΑΝο.

2087 3784 2251 3841 Recte
2279 3797 2333 3841 et
2376 3790 2729 3856 probabiliter
2761 3793 3045 3863 judicasti,
3092 3795 3310 3850 fratrem
3353 3809 3593 3852 nostum

2014 3875 2286 3932 Titianum
2316 3883 2664 3948 spectabilem
2695 3885 2865 3939 virum
2892 3889 3191 3941 consulatui
3216 3896 3307 3943 tuo
3334 3889 3599 3947 interesse

2014 3967 2212 4024 debere
2244 3987 2256 4022 :
2286 3972 2546 4041 siquidem
2576 3977 2798 4044 aequitas
2824 3979 3141 4046 postulabat,
3169 3987 3226 4034 ut
3255 3980 3360 4035 voti
3391 3983 3472 4037 sui
3501 3998 3600 4038 vo-

2017 4059 2220 4132 luptate
2245 4061 2533 4120 frueretur.
2579 4065 2719 4122 Nulli
2769 4085 2999 4140 unquam
3041 4082 3284 4126 nostrum
3315 4074 3390 4129 tui
3413 4090 3599 4132 amore

2015 4155 2217 4220 cessit;
2258 4156 2499 4225 quinitno
2547 4175 2760 4228 semper
2797 4166 2995 4231 primas
3032 4165 3131 4220 sibi
3173 4182 3295 4236 erga
3335 4178 3386 4222 te
3415 4179 3600 4237 partes

2016 4248 2374 4304 observantia
2408 4251 2719 4308 vindicavit.
2750 4255 2931 4324 itaque
2959 4267 3146 4311 testem
3187 4260 3350 4311 alium
3377 4274 3484 4312 non
3514 4274 3601 4315 re-

2017 4340 2199 4411 quirit.
2221 4341 2338 4397 Scit
2360 4344 2503 4398 enim
2535 4345 2636 4400 sibi
2669 4346 2786 4415 plus
2813 4360 2934 4401 esse
2981 4348 3082 4401 loci
3124 4348 3262 4418 apud
3293 4359 3440 4405 tuum
3475 4355 3596 4406 ani-

2021 4449 2190 4500 tnnm,
2220 4449 2377 4504 quam
2407 4445 2590 4505 posset
2611 4453 2733 4492 meo
2755 4452 3007 4495 sermone
3030 4445 3371 4512 conquirere.
3415 4443 3599 4501 Relin-

1997 4543 2128 4598 ‘quo
2157 4529 2316 4597 igitur
2341 4543 2464 4583 eum
2496 4528 2704 4588 ﬁduciae
2731 4546 2843 4587 suae
2868 4573 2883 4598 ,
2917 4535 3038 4603 quia
3082 4537 3214 4590 nihil
3256 4548 3431 4606 potest
3475 4554 3602 4598 esse

2019 4621 2362 4676 cumulatius.
2392 4621 2502 4676 lloc
2526 4633 2728 4678 tantum
2757 4625 3023 4692 subjicere
3039 4632 3345 4697 contentus,
3363 4645 3448 4686 me
3467 4648 3602 4702 quo-

2018 4728 2121 4782 que
2145 4713 2236 4767 tibi
2259 4713 2374 4782 ejus
2403 4715 2638 4783 nomine,
2662 4715 2706 4770 si
2736 4716 2860 4786 quid
2890 4722 3078 4789 gratiae
3105 4722 3329 4793 ceperit,
3359 4722 3603 4794 obligan-

2017 4807 2162 4859 dum.
2187 4805 2337 4861 Vale.

2556 4901 2770 4957 EPIST.
2804 4901 3068 4957 LXXXV.

2376 5009 2684 5048 SYMIIACIIUS
2723 5009 2986 5049 ηΑνΙΑΝυ
3028 5010 3241 5049 FRATRI.

2095 5079 2273 5135 Facile
2294 5082 2514 5137 fratrem
2541 5091 2782 5137 nostrum
2832 5085 3098 5153 Elpitiinm
3133 5086 3199 5138 ad
3252 5086 3596 5155 proficiscen-

2020 5173 2148 5227 dum
2182 5174 2428 5228 traxisset
2456 5174 2691 5239 affectio,
2719 5173 2819 5229 nisi
2852 5189 2973 5229 enm
3007 5174 3147 5230 unici
3173 5191 3300 5231 cura
3324 5180 3578 5233 retineret

2021 5263 2252 5320 Tantum
2277 5265 2472 5333 quippe
2499 5274 2583 5318 est
2609 5266 2660 5318 in
2692 5280 2758 5319 eo
2806 5264 3133 5321 sinceritatis
3173 5277 3334 5337 atque
3363 5268 3600 5322 dulcedi-

2024 5358 2129 5425 nis,
2161 5365 2218 5410 ut
2249 5357 2326 5412 illi
2355 5359 2454 5413 soli
2484 5355 2908 5434 necessitudines
2937 5357 3311 5426 prmferantur.
3345 5358 3494 5412 Hunc
3526 5360 3595 5412 ita

2023 5460 2320 5521 spectatum
2352 5450 2480 5504 mihi
2502 5450 3060 5519 atqueconjnnctum,
3078 5449 3245 5519 jussis
3269 5449 3372 5502 tuis
3403 5463 3598 5518 negare

2023 5559 2130 5598 non
2161 5542 2346 5613 potui:
2376 5542 2500 5612 quia
2526 5541 2579 5595 in
2608 5541 2801 5598 talibus
2821 5542 2996 5597 causis
3019 5541 3190 5610 major
3224 5537 3361 5609 apud
3393 5554 3479 5594 nte
3513 5553 3606 5595 ce-

2021 5636 2183 5692 dendi
2205 5635 2447 5706 voluptas
2462 5643 2543 5691 est
2561 5650 2720 5706 quam
2747 5635 2975 5690 fruendi.
2997 5633 3219 5701 Suscipe
3237 5632 3392 5701 igitur
3413 5647 3602 5688 ainan-

2021 5731 2284 5786 tissimum
2309 5731 2474 5788 nostri
2506 5743 2571 5785 eo
2615 5729 2795 5786 animo
2827 5745 2933 5794 quo
2967 5726 3158 5785 rogasti
3208 5739 3222 5771 :
3277 5724 3480 5782 aestima
3530 5725 3596 5780 de
