4074 6176
497 311 593 366 I129

497 429 693 504 gaudio
719 423 1108 482 adventorum,
1139 427 1323 481 negari
1350 423 1380 464 a
1419 416 1472 463 te
1513 420 1618 460 non
1655 409 1910 472 oportere
1959 395 2095 452 resi-

497 495 767 582 dentibu-,
797 511 938 584 quod
963 513 1248 580 praestatur
1275 501 1480 557 accitis.
1513 495 1666 551 Vale.

1025 615 1238 673 EPIST.
1281 607 1567 667 LXXXVI.

980 717 1291 763 εῑιιιιλοιιυς
1331 712 1608 755 ηΑνΙΑΝο.

573 805 909 878 I’eregiinari
940 801 1068 858 mihi
1100 808 1274 852 tecum
1310 792 1526 854 videor,
1559 787 1602 840 si
1649 783 1866 854 quando
1896 794 2090 834 cursus

502 915 663 971 atque
691 873 939 953 recursus
973 903 1090 947 tuos
1118 888 1416 941 luculentus
1447 891 1690 934 narrator
1717 876 1978 930 insinuas.
2017 873 2089 926 Ita

503 969 836 1064 cognitiones
857 995 1066 1040 nostras
1093 980 1347 1048 religione
1377 973 1567 1035 allicis,
1593 981 1646 1024 et
1672 969 1848 1022 nitore
1878 980 2091 1020 sermu-

505 1055 597 1143 nis
619 1089 764 1139 illum
790 1097 914 1144 uas,
938 1089 996 1133 ut
1035 1071 1291 1145 quidquid
1327 1067 1563 1138 explicat
1599 1061 1792 1116 affatus
1835 1067 1956 1113 tuus
1980 1098 1994 1120 ,
2039 1055 2090 1110 id

507 1189 689 1234 uoter
715 1170 1110 1244 quodammodo
1132 1167 1269 1218 visat
1298 1157 1734 1223 allectusQuare
1765 1153 1974 1206 ﬁrmam
2003 1163 2096 1202 va-

509 1242 800 1326 le.udinem
829 1275 972 1318 tuam
1016 1270 1294 1320 tenemus,
1336 1252 1672 1317 reditumque
1703 1245 1914 1300 felicem
1953 1242 2094 1296 votis

507 1367 704 1435 jugiter
733 1367 1165 1428 comprecantur.
1191 1348 1321 1404 Nam
1353 1346 1442 1414 qui
1467 1355 1709 1396 amorem
1740 1340 1794 1393 in
1821 1351 1930 1430 nos
1947 1345 2096 1389 tuum

511 1427 843 1524 ieqtnparare
866 1427 977 1502 non
1004 1454 1304 1514 possumus,
1336 1436 1594 1490 solvimus
1626 1433 1798 1494 votis,
1833 1427 1976 1498 quad
2007 1441 2100 1480 ne-

511 1518 725 1615 quimus
746 1539 955 1595 oiﬁciis.
981 1536 1140 1590 Salve
1167 1532 1347 1601 igitur,
1371 1528 1441 1581 mi
1475 1523 1692 1578 domine
1730 1518 2096 1584 inimitabilis,

514 1609 720 1703 nosque
749 1641 804 1685 et
833 1625 1156 1698 generaliter
1187 1635 1306 1674 cum
1332 1614 1564 1680 caeteris,
1595 1621 1654 1667 ut
1683 1626 1822 1664 nunc
1846 1609 1978 1663 facis
1998 1648 2013 1671 ,
2048 1616 2103 1661 et

514 1700 791 1795 speciatim
813 1734 935 1773 cum
959 1711 1292 1776 clarissimis,
1316 1717 1375 1763 ut
1405 1707 1638 1768 solebas,
1676 1704 1758 1757 his
1788 1700 2102 1756 muneribus

515 1793 628 1872 oris
655 1827 720 1869 ac
748 1809 984 1881 pectoris
1015 1805 1090 1859 tui
1120 1802 1380 1871 benignos
1410 1798 1638 1852 illustra.
1663 1793 1819 1848 Vale.

1013 1915 1235 1973 EPIST.
1276 1909 1589 1967 LXXXVII.

989 2023 1298 2064 εῐιιιιιλοιιυε
1339 2017 1622 2059 ιιίΑνιΑΝο.

593 2107 704 2163 Vox
725 2105 860 2176 juris
887 2119 949 2157 ac
976 2104 1149 2169 legum
1181 2098 1464 2153 estzbona:
1487 2093 1607 2148 ﬁdei
1637 2098 1970 2147 contractum
2001 2102 2108 2142 non

526 2217 683 2273 posso
709 2197 958 2254 rescindi.
993 2195 1158 2261 llujus
1189 2189 1473 2245 sententiae
1502 2186 1910 2242 exsecutionem
1943 2183 2110 2236 frater

530 2303 713 2347 noster
746 2289 986 2356 Elpidius
1009 2291 1158 2352 optat
1185 2281 1439 2349 adipisci;
1465 2278 1552 2332 cui
1587 2284 1707 2347 post
1747 2274 2108 2328 venditionem

531 2379 896 2452 Hispaniensis
921 2375 1104 2447 pra‘dii
1129 2374 1210 2428 sui
1243 2380 1448 2441 partem
1473 2380 1685 2436 emptor
1712 2366 1918 2434 adiurat
1942 2382 1957 2430 ;
1989 2379 2110 2418 cum

527 2475 592 2528 ad
617 2471 938 2529 soliditatem
973 2465 1306 2533 transcripta:
1343 2464 1397 2516 in
1434 2477 1633 2515 novum
1674 2459 1946 2515 dominum
1980 2457 2111 2524 ’μυε-

529 2562 788 2619 sessionis
815 2567 1006 2614 cuncta
1028 2574 1092 2612 ex
1123 2572 1270 2611 more
1298 2554 1566 2609 celebrata
1595 2555 1722 2606 sint.
1753 2551 1876 2604 llaic
1904 2563 2113 2602 summa

529 2666 612 2709 est
646 2651 892 2722 postulati
916 2692 929 2712 ,
977 2664 1095 2716 qua:
1132 2647 1268 2701 meis
1301 2646 1513 2715 quidem
1553 2644 1768 2706 verbis,
1825 2644 1920 2696 sed
1975 2642 2115 2694 illius

531 2742 739 2798 meritis
769 2741 1071 2808 adjuvatur.
1100 2738 1315 2804 Quaeso,
1349 2745 1405 2789 ut
1433 2737 1683 2804 a'quitate
1702 2775 1717 2799 ,
1761 2751 1864 2804 qua
1899 2733 2118 2803 pra'cla-

532 2856 624 2895 rus
651 2855 733 2904 es,
764 2846 815 2891 ut
847 2837 1104 2908 pudorem
1137 2833 1453 2903 refragantis
1507 2833 1709 2901 privata
1749 2830 2119 2900 objurgatione

531 2931 847 2996 confundas,
879 2939 969 2984 aut
998 2925 1390 2982 contumaciam
1421 2923 1634 2996 frangas
1672 2924 1887 2995 publica
1929 2932 2119 2977 aucto-

535 3030 694 3082 t‘ilale
719 3023 932 3097 iudicii.
958 3021 1108 3077 Vale.

447 3108 460 3120 ’
1028 3112 1248 3168 EPIST.
1289 3109 1623 3166 LXXXVIII.

1021 3222 1326 3262 εγιιιιλειιυε
1365 3219 1641 3259 ῖιΑγιΑΝο.

609 3305 678 3360 Et
703 3305 921 3360 honoris
950 3301 1048 3367 tui,
1071 3314 1178 3371 quo
1207 3313 1346 3352 nunc
1370 3305 1557 3351 auctus
1586 3311 1647 3352 es
1669 3337 1684 3361 ,
1715 3305 1770 3351 et
1795 3294 2036 3352 continui
2070 3294 2122 3349 iu

541 3414 629 3454 me
651 3399 848 3454 amoris
871 3396 1128 3450 delector.
1151 3390 1478 3461 Voloigitur,
1500 3399 1556 3443 ut
1572 3389 1881 3444 communia
1903 3386 2124 3458 pignora

539 3506 686 3545 cura:
717 3488 846 3544 tuibi
874 3502 996 3543 esse
1026 3501 1130 3541 non
1161 3485 1396 3551 dubites,
1429 3497 1549 3552 quae
1593 3482 1759 3553 magis
1811 3498 1884 3534 Illt
1899 3480 1999 3534 rita
2035 3491 2122 3534 tua

538 3599 702 3650 quam
722 3581 917 3651 scripta
945 3579 1348 3635 commendant.
1373 3578 1663 3647 Supererat
1688 3617 1704 3642 ,
1751 3585 1810 3630 ut
1850 3575 2125 3630 assiduum

540 3673 664 3744 styli
709 3673 784 3728 tni
831 3686 1029 3726 munus
1073 3685 1442 3740 exposcerem.
1486 3667 1595 3724 Sed
1648 3667 1998 3722 redundantis
2049 3675 2134 3722 est

539 3782 740 3836 opt-ra},
773 3767 910 3821 bona
939 3773 1232 3834 spontanea
1261 3763 1548 3834 postulare,
1576 3777 1643 3816 ne
1675 3776 1826 3816 meus
1847 3761 2018 3832 stylns
2037 3775 2134 3815 ex-

547 3869 802 3930 torquere
831 3859 1097 3924 videatur,
1139 3857 1280 3928 quod
1324 3857 1396 3910 tui
1428 3856 1591 3910 animi
1635 3855 1863 3924 spondet
1893 3857 2134 3914 humani-

544 3963 649 4007 tas.
686 3952 836 4006 Vale.
1485 3963 1487 3965 ί

1061 4019 1276 4076 EPIST.
1319 4017 1604 4073 LXXXIX.

1021 4125 1333 4167 SYIIMACIIUS
1372 4128 1468 4166 ΗΛ
1478 4127 1632 4166 ΠΛΝο

616 4207 780 4262 Paulo
804 4217 927 4262 ante
959 4206 1166 4260 litteras
1189 4203 1470 4273 dederam,
1501 4204 1595 4259 scd
1627 4203 1863 4258 debitam
1911 4205 2000 4261 tibi
2048 4222 2137 4261 sa-

1651 289 1717 356 Q.
1758 281 2104 342 AUREIJUS
2139 270 2583 334 SYMMACIIUS.

2120 397 2168 456 Α
2201 390 2520 447 lntationern
2549 385 2823 456 geminare
2847 395 2955 436 non
2985 377 3170 449 piguit.
3194 373 3436 447 Namque
3477 387 3630 468 amor
3662 367 3809 468 οιιη

2059 3223 2061 3225 ι
2150 3136 2197 3201 C

3677 253 3779 311 200

2192 484 2400 538 ciorum
2443 479 2662 533 modum
2694 491 2800 529 non
2843 483 3014 528 tenet.
3075 471 3343 526 Praeterea
3397 465 3590 521 notitia
3637 479 3787 520 eom-

2193 573 2489 630 meantium
2522 568 2833 640 postulavit,
2875 575 2934 620 ut
2968 560 3436 618 commendatione
3468 573 3658 613 eorum
3689 556 3776 610 ad-

2191 669 2330 737 jecta
2359 664 2550 735 pagina
2575 659 2842 731 proﬁciat.
2876 657 3151 724 Responsa
3177 668 3282 708 non
3321 650 3532 720 postulo
3557 661 3786 705 securus

2198 779 2208 826 ι
2231 757 2438 814 ιἐιιοιιιιοὶ
2465 755 2630 808 animi
2658 751 2755 814 tui,
2781 753 2869 820 qui
2894 749 3023 803 mihi
3042 747 3164 803 sine
3189 743 3560 800 admonitione
3586 753 3787 798 sermo-

2194 866 2320 906 nem
2343 846 2704 904 voluntarium
2733 843 3067 914 polliceatur.
3106 838 3252 894 Vale.

2789 996 3006 1054 EPIST.
3049 995 3160 1052 XC.

2685 1125 2999 1169 SYIIACIIUS
3037 1121 3320 1164 FLAVIANO.

2270 1254 2496 1322 Semper
2519 1249 2647 1305 mihi
2671 1257 2859 1303 auctor
2907 1262 2968 1302 es
2998 1244 3295 1316 ingentium
3342 1241 3679 1314 gaudiorum.
3725 1243 3796 1298 At

2203 1360 2347 1401 nunc
2377 1359 2538 1410 supra
2567 1350 2690 1395 vota
2717 1338 2997 1409 processit,
3029 1337 3170 1407 quod
3203 1349 3289 1390 me
3318 1333 3603 1404 expetendi
3639 1331 3795 1402 plane
3845 1378 3849 1382 .

2203 1446 2258 1492 et
2285 1432 2556 1489 ambiendi
2585 1432 2684 1486 viri
2718 1429 3078 1484 familiaritate
3128 1425 3417 1480 decorasti.
3462 1421 3648 1492 Neque
3685 1422 3788 1476 hoc

2207 1524 2516 1596 suspicione
2543 1521 2812 1591 conjecto.
2857 1519 2987 1574 Nam
3022 1517 3228 1588 patricii
3267 1529 3448 1569 sermo
3487 1513 3613 1568 fecit
3652 1511 3796 1567 indi-

2206 1622 2372 1688 cium,
2403 1617 2734 1686 diligentiam
2762 1613 2816 1667 in
2848 1626 2935 1666 me
2978 1626 3129 1664 suam
3173 1620 3224 1664 te
3263 1607 3489 1676 praesule
3537 1620 3798 1677 provoca-

2209 1723 2347 1774 tam;
2379 1726 2481 1781 qua
2509 1718 2654 1764 recte
2682 1709 2889 1760 ueteris
2921 1702 3214 1758 benefactis
3248 1702 3352 1754 tuis
3397 1701 3560 1754 etiam
3608 1698 3696 1753 hic
3732 1695 3800 1752 ti-

2137 1773 2185 1832 Β
2213 1809 2354 1859 tnlus
2380 1773 2630 1869 procedet
2660 1803 2710 1852 in
2739 1811 3020 1850 numerum
3043 1840 3058 1863 ,
3085 1795 3174 1863 qui
3194 1793 3342 1848 solus
3366 1791 3661 1863 quamlibet
3689 1790 3800 1846 voti

2207 1894 2485 1950 avaritiam
2520 1892 2693 1962 possit
2719 1890 2957 1959 explere.
2993 1886 3143 1941 Vale.

2797 2047 3017 2104 EPIST.
3057 2043 3195 2100 XCI.

2690 2174 2998 2218 εῑιιιιλειιυε
3038 2171 3317 2213 ηΑνιΑΝο.

2293 2278 2522 2348 Quoties
2573 2287 2850 2347 parentum
2884 2272 3162 2328 beneﬁciis
3199 2270 3534 2339 obligantur,
3587 2281 3804 2323 necesse

2212 2371 2386 2447 estad
2419 2369 2660 2423 haeredes
2712 2380 2905 2420 nexum
2949 2363 3114 2418 debiti
3155 2361 3456 2432 pervenire.
3507 2360 3588 2416 Ad
3640 2361 3804 2414 ﬁlium

2215 2479 2393 2518 meum
2417 2471 2717 2516 senatorem
2745 2458 3062 2526 prmclarum
3085 2464 3248 2524 atque
3277 2452 3681 2509 ornatissimum
3729 2451 3806 2505 vi-

2217 2572 2336 2610 rum
2377 2571 2467 2623 pra
2490 2555 2590 2606 [ita
2625 2551 2854 2620 pertinet
2879 2548 3204 2621 generalitas
3236 2565 3247 2599 :
3275 2546 3428 2615 cujus
3463 2556 3616 2614 pater
3637 2545 3804 2599 omni-

2219 2649 2316 2703 bus
2344 2647 2504 2701 rebus
2532 2646 2758 2700 illustris
2785 2652 2842 2700 et
2875 2643 3004 2698 mihi
3036 2641 3233 2698 eximia
3269 2639 3621 2695 veneratione
3657 2651 3807 2692 reco-

2222 2737 2432 2802 lendus,
2468 2736 2754 2805 p'urimum
2789 2734 2971 2788 domui
3014 2748 3147 2787 mea:
3182 2729 3604 2785 honoriﬁcentia:
3641 2737 3696 2782 et
3727 2742 3809 2782 re-

2223 2828 2435 2898 ligionis
2461 2827 2728 2882 exhibuit.
2766 2825 2931 2896 Cujus
2977 2840 3077 2894 ego
3118 2823 3399 2878 devinctus
3434 2820 3665 2886 ofﬁciis,
3701 2819 3813 2874 ﬁlo

2223 2934 2351 2984 npto
2378 2918 2704 2988 persolvere,
2738 2917 2880 2986 quod
2907 2917 2976 2970 de
3005 2926 3227 2986 parente
3255 2915 3520 2968 contraxi.
3549 2912 3673 2966 Sola
3720 2926 3805 2964 au-

2227 3023 2332 3070 tem
2364 3011 2753 3082 magnificentia
2787 3021 2874 3064 tua
2899 3021 3073 3080 potest
3105 3024 3192 3064 tne
3211 3017 3491 3062 contractu
3523 3009 3708 3076 gratia;
3751 3004 3815 3058 li~

2229 3106 2440 3171 beiare,
2467 3105 2512 3158 si
2537 3117 2707 3173 poste.
2727 3105 2910 3159 itatem
2940 3103 3058 3172 ejus
3085 3099 3358 3170 adiuverit
3384 3141 3399 3164 ,
3445 3101 3716 3168 praecipue
3762 3098 3816 3152 in

2239 3202 2304 3256 iis
2329 3202 2512 3265 rebus,
2547 3217 2664 3267 qua:
2689 3197 2908 3268 ju;titia2
2941 3196 3240 3266 patrocinio
3289 3193 3578 3247 fulciuntur
3608 3205 3625 3247 :
3653 3188 3821 3258 siqui-

2231 3293 2356 3348 dem
2386 3295 2651 3364 queritur,
2686 3305 2843 3362 agros
2877 3303 3005 3343 suos
3028 3297 3213 3342 contra
3242 3285 3540 3356 judicatutn
3582 3291 3821 3338 vestrum

2235 3402 2479 3456 magnam
2515 3395 2721 3454 partem
2766 3383 3024 3437 mutilari.
3071 3380 3246 3436 Grave
3287 3381 3391 3436 hoc
3425 3387 3481 3433 et
3523 3374 3824 3446 itnpetibile

2240 3477 2435 3540 vidi-ri,
2463 3475 2566 3529 ni.~i
2606 3477 2767 3529 etiam
2794 3487 3090 3529 consensus
3121 3471 3348 3543 partium
3391 3468 3826 3526 frustrationibus

2239 3569 2532 3624 Ittdctetur.
2559 3569 2731 3622 Minus
2760 3575 2845 3622 est
2869 3567 3016 3622 enim
3040 3567 3275 3620 alienam
3303 3563 3627 3620 sententiam
3668 3575 3824 3631 sper-

2237 3674 2385 3727 nere,
2413 3675 2573 3728 quam
2599 3675 2626 3711 a
2652 3659 2867 3729 pr0pria
2889 3658 3222 3727 discrepare.
3253 3657 3348 3711 Est
3374 3655 3535 3726 igitur
3562 3655 3616 3708 in
3658 3667 3825 3707 itianu

2240 3762 2348 3818 tua,
2384 3753 2434 3805 in
2470 3764 2574 3805 tam
2609 3751 2854 3806 absoluto
2889 3761 3053 3820 atque
3107 3749 3370 3818 probabili
3423 3746 3699 3818 petitionis
3733 3759 3831 3814 ge-

2239 3845 2640 3905 neri-,scrvatis
2670 3843 2895 3912 legibus,
2938 3853 2995 3897 et
3037 3841 3304 3912 aequitatis
3345 3839 3574 3904 intuitu,
3630 3834 3831 3906 aliquid

2239 3934 2397 3986 etiam
2430 3948 2564 3988 mea:
2589 3933 2802 3987 deferre
2830 3947 3075 4002 persona:
3109 3949 3122 3986 :
3173 3931 3326 4002 cujus
3367 3933 3721 3984 interventum
3755 3928 3834 3978 la-

2242 4023 2402 4080 stidia
2429 4024 2599 4094 longa:
2631 4024 2760 4090 litis,
2796 4039 2903 4080 non
2939 4022 3237 4080 difﬁdentia
3279 4021 3474 4093 negotii
3524 4019 3832 4092 postulavit.

2245 4117 2394 4173 Vale.

1545 4474 2024 4583 LIBER
2114 4473 2860 4582 TERTIUS.
2960 4591 2968 4597 ι

1040 4639 1370 4696 EPISTULA
1414 4639 1647 4694 PRIMA.

918 4767 1224 4808 εῖιιιιλειιυε
1263 4765 1477 4805 ιυιιΑΝο
1517 4765 1758 4805 ιιυετιοο.

627 4889 754 4944 Ruri
784 4889 1060 4956 hucusque
1087 4886 1424 4948 observatos,
1457 4891 1738 4953 postquam
1771 4899 1856 4938 me
1885 4883 1950 4938 ad
1980 4885 2140 4939 urba-

553 4998 676 5040 nam
709 4981 888 5036 sedem
937 4979 1138 5049 recepi,
1181 4979 1477 5048 reperimus
1518 4977 1802 5044 optabilem
1844 4977 2138 5031 litterarum

555 5085 765 5131 tuarum
798 5074 1048 5126 salutem.
1098 5071 1227 5138 Quae
1263 5079 1380 5140 post
1409 5069 1670 5124 diutinum
1701 5068 1996 5133 silentimn,
2032 5077 2138 5122 tam

557 5169 782 5224 multum
813 5166 951 5235 apud
979 5179 1078 5220 nos
1102 5163 1286 5234 gratiae
1313 5173 1366 5220 et
1395 5163 1615 5217 honoris
1647 5161 1943 5216 habuerunt
1968 5203 1982 5228 ,
2009 5175 2064 5215 ut
2093 5163 2146 5216 in

561 5262 644 5316 his
663 5259 776 5316 sola
804 5258 1036 5314 brevitas
1062 5256 1389 5326 disyliceret.
1424 5255 1556 5310 Nam
1582 5254 1796 5325 jejunas
1819 5269 1978 5310 aures
2001 5269 2150 5309 meas

559 5367 612 5412 et
644 5351 882 5425 praeclari
913 5351 1108 5421 eloquii
1136 5351 1208 5404 tui
1231 5351 1360 5406 satis
1375 5363 1641 5419 superque
1670 5348 1931 5415 sitientes,
1960 5348 2152 5402 ali-itus

561 5444 758 5517 largior
783 5443 967 5499 debuit
998 5443 1242 5498 uber-are.
1271 5442 1394 5496 Mihi
1417 5456 1628 5511 quoque
1650 5455 1797 5494 cura:
1821 5439 1921 5494 fuit
1939 5450 2153 5495 arctare

566 5538 808 5608 paginam
845 5536 1009 5591 limite
1047 5539 1309 5604 parciore,
1343 5543 1401 5588 ut
1434 5543 1504 5600 te,
1537 5535 1607 5589 mi
1637 5533 1834 5600 frater,
1877 5534 2145 5590 scribendi

566 5626 766 5683 taline
793 5629 1118 5682 morderem.
1159 5625 1418 5692 Quamvis
1451 5624 1525 5679 ita
1551 5625 1800 5682 conscius
1820 5626 1921 5681 sint
1945 5627 2149 5682 arentis

571 5715 845 5787 infantia;
878 5730 936 5776 ut
969 5730 1224 5788 quantum
1271 5718 1476 5775 doloris
1519 5719 1745 5789 accipio,
1790 5735 1913 5776 cum
1963 5719 2154 5776 breves

2171 4646 2226 4706 ι)
2251 4639 2506 4708 epi~tolas
2532 4653 2708 4703 sumo,
2736 4646 2940 4692 tantum
2965 4637 3194 4692 tribuam
3224 4637 3492 4704 beneﬁcii,
3523 4653 3650 4692 cum
3672 4652 3838 4708 pauca

2251 4729 2580 4798 respondeo.
2609 4727 2763 4782 Vale.

2895 4811 3110 4870 EPIST.
3137 4813 3197 4871 II.

2621 4945 2928 4987 εγιιιιλοιιυε
2959 4946 3178 4986 ιυιιλῐιο
3218 4944 3460 4985 RUSTICO.

2324 5066 2453 5139 Ruri
2475 5068 2678 5138 positus
2698 5067 2924 5136 vectigal
2951 5067 3191 5121 solemne
3223 5065 3312 5120 tibi
3327 5063 3597 5135 dependo.
3629 5065 3843 5120 Nullum

2253 5161 2396 5216 enim
2428 5171 2637 5228 tempus
2667 5161 2838 5228 patior
2865 5160 2931 5212 ab
2977 5159 3078 5211 huc
3111 5173 3332 5211 nmnere
3360 5158 3606 5211 leiiatum
3629 5173 3644 5219 ;
3671 5171 3848 5228 neque

2258 5259 2495 5306 locorum
2520 5251 2888 5306 intercedente
2917 5249 3148 5303 divortio
3175 5249 3228 5302 in
3259 5249 3586 5304 oblivionem
3616 5247 3838 5303 familia.

2260 5344 2433 5397 ritatis
2459 5342 2722 5395 adducor.
2760 5340 2883 5407 Qui,
2915 5341 2960 5394 si
2987 5355 3072 5394 me
3103 5338 3488 5395 vicissitudinis
3515 5339 3735 5395 stimqu
3769 5340 3836 5396 fas

2259 5451 2411 5493 ceres
2433 5435 2660 5502 prompti
2703 5450 2849 5499 rem;
2884 5450 3153 5503 nunquam
3185 5434 3428 5505 profecto
3461 5435 3693 5505 linguam
3767 5436 3858 5490 de.

2263 5529 2432 5584 sidetu
2462 5526 2822 5585 coutinerem.
2845 5527 2910 5582 Et
2933 5536 3109 5582 tamen
3131 5529 3288 5582 enixe
3311 5543 3485 5582 meum
3516 5527 3708 5597 fungor
3743 5528 3864 5580 olli-

2259 5623 2426 5688 cimu,
2455 5634 2556 5675 uec
2589 5621 2908 5675 cessationis
2955 5621 3206 5675 traducor
3226 5620 3496 5689 exemplo.
3522 5622 3698 5689 Atque
3754 5615 3870 5670 hm.

2264 5713 2536 5771 silentium
2569 5721 2718 5768 tuum
2772 5714 3176 5770 difﬁcultatibus
3219 5716 3447 5786 publieae
3473 5721 3827 5787 occupationi
