4074 6176
279 275 373 328 10!

1483 271 1958 330 I'IPISTOLARUM
1997 272 2208 329 LIBER
2248 275 2328 330 ll'.

3425 284 3536 343 πω.

281 386 508 451 ascribo,
537 384 660 454 quia
701 386 832 441 satis
879 395 963 442 est
1012 386 1142 440 mihi
1183 386 1250 441 ad
1277 388 1525 443 amicitiae
1575 390 1844 451 fiduciam,
1877 392 1927 447 Δ
1954 389 2231 445 delictum.
2263 392 2458 447 Videre
2487 408 2605 462 qua:
2630 405 2718 448 tua
2747 395 2919 450 futura
2942 396 3013 452 sit
3037 396 3090 452 in
3116 397 3396 456 referendo
3419 417 3528 458 ser.

280 477 418 544 quod
457 491 544 532 me
571 477 735 532 credo
767 477 1054 532 redamari.
1081 477 1226 533 Vale.

897 587 1110 642 EPIST.
1153 588 1242 644 III.

639 693 944 732 ειῑωιιιεηυε
980 694 1200 732 ιυιιλκο
1238 693 1482 734 RUSTICO.

349 768 502 822 ilunc
525 768 796 822 scribendi
836 783 1038 822 nto.etn
1086 771 1393 836 superstitio
1436 777 1640 824 vetusta
1670 769 1859 822 consti-

281 860 400 915 tuit.
433 868 491 911 ut
520 859 584 911 ad
612 860 892 928 peregrina
924 859 1146 928 digressi
1170 859 1400 928 priorem
1427 860 1527 914 sibi
1550 861 1720 914 locum
1745 860 1861 912 vin-

281 951 461 1004 dicent
481 966 601 1003 cum
619 950 928 1004 absentibus
948 950 1310 1020 colloquendi.
1332 951 1436 1007 Sed
1455 951 1675 1007 allectus
1697 967 1861 1006 ιιιοτιε

284 1044 587 1108 impatiens,
624 1042 893 1096 scribendi
923 1043 1068 1096 vices
1109 1042 1367 1111 religione
1399 1044 1643 1097 mutavit.
1680 1042 1863 1111 Itaque

280 1140 437 1199 rupta
470 1133 587 1200 lege
631 1132 913 1194 reticeudi,
971 1147 1280 1187 sermonem
1324 1142 1474 1188 tuum
1525 1133 1864 1187 festinatione

278 1223 595 1291 pra-venio;
631 1223 888 1292 adjiciens
917 1223 1121 1278 sedula:
1151 1223 1482 1279 salutationis
1499 1225 1690 1279 ofﬁciis
1718 1240 1864 1280 com-

278 1313 685 1367 mendationem
714 1315 810 1367 viri
837 1315 978 1370 inter
1000 1317 1234 1385 optimos
1257 1330 1498 1386 quosque
1529 1318 1862 1383 numerandi,

277 1418 443 1470 quem
477 1405 673 1458 dudum
702 1419 730 1457 a
764 1407 1071 1474 parentibus
1094 1408 1319 1472 clarum,
1346 1418 1398 1460 et
1425 1408 1615 1462 aulica:
1637 1407 1866 1478 dignita-

283 1495 354 1548 tis
385 1495 643 1563 splendor
665 1496 916 1561 excoluit,
944 1507 998 1551 et
1026 1497 1353 1565 amplissima
1400 1498 1546 1552 curia
1579 1513 1686 1551 non
1717 1511 1870 1552 acce-

285 1585 363 1652 pit
389 1595 442 1638 ut
475 1602 692 1652 novum,
718 1589 811 1641 sed
842 1589 1045 1657 recepit
1071 1600 1127 1642 ut
1148 1589 1407 1646 debitum.
1437 1590 1567 1657 Quae
1607 1603 1784 1643 tamen
1815 1591 1868 1644 in

284 1672 458 1728 fratre
483 1687 662 1730 nostro
689 1677 952 1746 Philippo,
987 1679 1224 1733 secundo
1251 1678 1370 1733 loco
1407 1691 1462 1734 et
1498 1679 1705 1735 honore
1742 1695 1870 1734 cen-

290 1766 460 1817 senda
493 1775 657 1821 sunt:
686 1769 807 1836 quia
836 1769 954 1836 plus
985 1769 1142 1824 habet
1172 1769 1343 1828 laudis
1382 1771 1433 1824 in
1469 1770 1727 1834 moribus,
1760 1785 1870 1824 ma-
1900 1757 1948 1816 Β

285 1859 481 1925 gisque
505 1859 767 1925 probitate
799 1864 1118 1927 conspicuus
1147 1872 1248 1926 est,
1279 1877 1437 1930 quam
1487 1861 1716 1916 fortunae
1757 1878 1872 1916 mu-

287 1951 509 2001 neribus
533 1950 808 2017 gloriatur.
845 1951 1000 2003 Plura
1053 1951 1287 2005 dicerem
1314 1992 1328 2015 ,
1355 1951 1400 2005 si
1444 1962 1536 2006 aut
1569 1952 1738 2022 pudor
1758 1954 1874 2023 ejus

287 2039 512 2101 sineret,
562 2048 654 2092 aut
698 2040 900 2110 prolixa
954 2041 1188 2096 laudatio
1234 2043 1476 2112 epistolze
1535 2045 1870 2102 conveniret.

287 2127 449 2181 Certe
479 2128 606 2182 illud
641 2131 905 2198 spondeo,
938 2140 1080 2184 tuam
1103 2134 1462 2188 eximietatem
1495 2134 1545 2188 in
1578 2150 1757 2189 coram
1786 2151 1873 2190 re-

292 2234 471 2285 perire
516 2233 673 2287 posse
727 2222 914 2287 multa,
963 2238 1080 2291 quze
1130 2225 1308 2288 tacui;
1343 2225 1489 2278 nulla
1542 2225 1871 2291 desiderare,

291 2330 408 2378 qua:
437 2314 650 2382 scripsi.
685 2312 837 2368 Vale.

915 2407 1129 2462 EPIST.
1176 2409 1263 2462 IV.

735 2509 1040 2550 SYMMACHUS
1077 2512 1294 2551 JULIANO
1332 2513 1575 2552 RUSTICO.

363 2587 526 2640 Decet
574 2598 627 2639 ut
660 2587 862 2640 litteras
919 2601 1066 2641 meas
1111 2587 1420 2657 frequenter
1460 2589 1740 2659 efﬁagites,
1774 2605 1874 2644 uec

292 2689 474 2732 tamen
503 2681 751 2733 convenit
790 2689 846 2733 ut
873 2681 942 2734 de
967 2682 1183 2738 silentio
1215 2697 1376 2750 grave
1404 2682 1672 2752 quippiam
1702 2685 1876 2752 suspi-

289 2773 452 2825 ceris.
479 2773 714 2826 Oblitum
743 2788 830 2826 me
858 2773 953 2837 tui,
979 2774 1119 2841 quod
1168 2773 1220 2826 in
1253 2775 1390 2829 hanc
1436 2775 1576 2828 diem
1611 2775 1872 2842 siluerim,

291 2864 574 2916 censuisti.
607 2871 687 2917 An
716 2863 786 2916 ita
820 2863 901 2917 vel
924 2863 1026 2917 mei
1055 2863 1219 2918 animi
1265 2865 1398 2919 fides
1427 2865 1624 2919 iuclara
1650 2875 1754 2931 est,
1794 2866 1877 2920 vel

295 2954 367 3005 tui
392 2953 572 3008 meriti
602 2965 822 3021 augusta
851 2964 1142 3019 momenta,
1172 2965 1230 3008 ut
1262 2955 1384 3010 huic
1417 2956 1484 3010 de
1528 2971 1614 3009 me
1639 2955 1877 3024 opinioni

297 3048 444 3100 locus
474 3061 593 3100 esse
620 3047 894 3100 debuerit?
920 3047 1094 3113 Quare
1134 3048 1370 3102 amicitia
1417 3049 1716 3102 cunununis
1760 3049 1877 3117 plus

295 3141 505 3206 accepit
531 3140 671 3207 iojor
692 3155 738 3193 aa
767 3156 832 3194 ex
861 3151 948 3194 tua
975 3141 1298 3206 suspicione,
1342 3156 1498 3209 quant
1542 3156 1607 3195 ex
1652 3156 1772 3195 meo
1807 3143 1879 3195 si-

301 3231 486 3284 lentio.
521 3231 690 3284 Minus
712 3241 790 3284 est
819 3232 982 3294 enim,
1012 3232 1327 3286 necessitate
1344 3229 1581 3286 ofﬁcium
1608 3231 1880 3295 deserere,

302 3335 466 3388 quam
497 3323 767 3375 voluntate
792 3335 1130 3390 pra-propera
1151 3321 1413 3390 judicare.
1451 3321 1610 3375 Putas
1655 3321 1879 3375 solemni

297 3427 502 3480 genere
525 3411 852 3466 defensionis
877 3413 1055 3467 levare
1084 3412 1396 3481 peccatum?
1425 3412 1520 3465 Diu
1552 3412 1700 3477 affui,
1725 3413 1881 3480 longa

303 3503 417 3555 otia
450 3503 506 3554 in
535 3516 750 3555 secessu
774 3502 912 3556 ruris
931 3503 1104 3571 exegi,
1131 3502 1392 3558 tabellarii
1420 3502 1726 3557 defuerunt.
1757 3506 1882 3558 Hace

293 3595 398 3645 etsi
431 3607 556 3645 vera
587 3593 898 3660 plerumque
921 3601 1063 3657 sunt,
1111 3603 1286 3648 tamen
1332 3593 1646 3649 assiduitate
1684 3596 1882 3649 detrita

297 3684 350 3734 in
387 3681 644 3734 invidiam
677 3682 938 3735 mendacii
970 3683 1299 3737 reciderunt.
1333 3683 1465 3738 Mea:
1494 3685 1881 3752 occupationes

295 3773 367 3825 ab
395 3787 494 3826 usu
543 3782 788 3838 tertioue,
837 3773 968 3826 nihil
1021 3773 1290 3828 mediocre
1333 3773 1678 3842 protendunt,
1727 3775 1882 3843 cujus

297 3879 412 3916 rem
444 3863 763 3917 familiarem
794 3878 929 3918 nova
957 3863 1176 3919 incessit
1205 3863 1463 3933 afﬁnitas,
1504 3874 1693 3919 contra
1721 3866 1878 3919 ratio-

297 3972 423 4009 nem
456 3955 655 4025 legum,
703 3955 1010 4011 felicitatem
1067 3967 1387 4026 temporum,
1435 3971 1754 4012 consensum
1787 3968 1882 4014 υθέ

296 4064 536 4112 remum,
570 4058 722 4116 pacta
754 4049 1038 4117 majorum.
1073 4049 1179 4103 Sed
1231 4051 1519 4118 reprimam
1551 4065 1656 4115 me,
1705 4066 1881 4120 neque

298 4141 383 4194 his
409 4143 647 4207 querelis
678 4142 900 4195 ulterius
935 4142 1277 4204 immorabor,
1312 4157 1445 4211 quas
1475 4141 1807 4208 tabellarius,
1835 4142 1880 4196 si

301 4228 512 4284 veritaii
548 4234 744 4283 anticus
771 4243 872 4296 est,
921 4231 1222 4298 eXpIicabit.
1272 4232 1344 4285 Ila
1385 4233 1477 4286 ﬁet
1502 4240 1558 4284 ut
1584 4242 1637 4286 et
1667 4233 1757 4286 tibi
1791 4248 1881 4285 co-

297 4323 467 4392 guiliu
487 4334 756 4392 gestorum
783 4323 933 4390 plena
953 4324 1317 4392 proveniat,et
1345 4338 1444 4391 ego
1473 4324 1877 4376 excusationem

1961 495 2119 535 mone
2145 482 2372 536 curatio.
2403 483 2516 554 Ego
2559 484 2612 540 in
2641 487 2781 540 viam
2821 487 3008 542 reduxi
3045 489 3295 546 amicitiae
3337 503 3534 550 nostra

1961 569 2238 625 fortuitum
2269 583 2581 639 stuporem;
2623 591 2795 647 neque
2823 593 2889 634 ex
2913 594 2975 634 ea
2994 595 3051 634 re
3071 580 3262 636 affecto
3281 584 3529 652 gratiam.

1961 658 2103 715 Satis
2129 662 2256 716 mihi
2281 662 2451 718 laudis
2478 676 2581 731 est,
2615 667 2862 722 invidiam
2896 670 3088 725 silentii
3111 673 3348 730 diluisse.
3379 674 3530 734 Vale.

2575 777 2784 833 EPlST.
2830 781 2917 834 Vl.

2334 879 2636 920 SVMIIACIIIIS
2672 885 2885 925 JULlANO
2926 887 3160 927 RUSTICO.

2035 971 2185 1026 Solet
2206 973 2416 1041 quidem
2447 969 2787 1044 aegritudines
2806 981 2966 1034 animi
2989 983 3122 1036 ratio
3147 985 3388 1054 mitigare
3403 1027 3416 1050 ,
3439 987 3534 1042 sed

1965 1060 2194 1117 fortuna:
2224 1077 2420 1120 nostr-te
2449 1077 2651 1122 tantum
2684 1071 2873 1126 vulnus
2905 1085 3008 1139 est,
3031 1085 3088 1128 ut
3119 1078 3166 1130 ei
3197 1091 3264 1131 ne
3301 1087 3386 1131 tua
3423 1081 3540 1148 qui-

1969 1151 2086 1206 dem
2113 1153 2391 1208 deleniﬁca
2437 1167 2490 1211 et
2533 1159 2695 1212 suada
2737 1161 2976 1216 facundia
3032 1165 3336 1220 cicatricem
3369 1168 3542 1237 possit

1968 1241 2258 1298 obducere.
2282 1244 2414 1299 Fors
2436 1244 2534 1300 fuit
2563 1264 2630 1301 an
2660 1249 2776 1304 dies
2803 1250 2959 1321 longa
2983 1254 3302 1324 quandoque
3331 1258 3544 1313 hebetet

1971 1333 2208 1389 laxatum
2237 1337 2477 1392 dolorem
2506 1357 2520 1393 :
2561 1341 2822 1410 siquidem
2861 1344 3015 1398 malis
3040 1349 3286 1402 omnibus
3319 1349 3436 1404 ﬁnis
3474 1350 3544 1406 de

1973 1433 2214 1494 tempore
2251 1429 2418 1484 venit.
2456 1430 2668 1485 interim
2699 1432 2890 1502 frigent
2935 1435 3097 1491 verba
3119 1439 3428 1505 solantium,
3453 1458 3544 1497 ne-

1971 1533 2073 1585 que
2093 1534 2250 1574 aures
2279 1522 2510 1588 appliCat
2535 1525 2772 1578 consiliis
2817 1526 2968 1582 bonis
2997 1531 3190 1584 surdus
3237 1547 3303 1586 ex
3352 1532 3542 1602 tttjuria

1973 1608 2202 1662 aninms.
2234 1610 2444 1664 Tertius
2473 1613 2555 1664 hic
2583 1614 2710 1666 mihi
2742 1615 2810 1668 de
2847 1617 3064 1685 optimis
3089 1619 3343 1675 fratribus
3369 1621 3546 1677 luctus

1975 1707 2075 1751 est.
2112 1699 2235 1753 Post
2273 1711 2350 1756 tot
2380 1704 2622 1757 miserias
2651 1704 2768 1771 quis
2795 1722 2901 1760 non
2929 1717 3075 1775 putet
3109 1726 3195 1764 me.
3223 1711 3545 1767 dedidicisse

1977 1791 2326 1856 patientiam?
2369 1797 2437 1848 At
2475 1796 2689 1861 quando
2720 1797 3098 1854 imbecilliores
3131 1816 3229 1854 nos
3252 1803 3365 1871 ipse
3391 1818 3548 1860 casus

1975 1879 2260 1946 invenerit,
2283 1890 2430 1937 tanto
2457 1888 2625 1952 magis
2650 1887 2825 1940 doleo.
2854 1888 3001 1943 Nunc
3023 1899 3076 1944 et
3095 1891 3177 1944 illa
3201 1893 3544 1964 crudescunt,

1973 1969 2164 2036 quibus
2195 1983 2469 2041 stuporem
2510 1975 2828 2032 diuturnitas
2862 1980 3078 2035 fecerat.
3113 1981 3250 2037 lctus
3278 1986 3420 2039 enini
3452 2002 3548 2040 no-

1975 2061 2221 2117 vissimus
2249 2065 2407 2118 etiam
2444 2075 2652 2121 veteres
2693 2068 2874 2136 plagas
2900 2069 3085 2124 dolore
3116 2073 3390 2128 rescindit.
3442 2075 3550 2129 Nec

1975 2151 2161 2219 ignoro
2205 2156 2366 2208 multa
2413 2155 2595 2210 invicti
2631 2159 2795 2212 animi
2835 2161 3080 2229 exempla
3133 2176 3292 2229 posse
3337 2163 3549 2219 referri.

1974 2239 2211 2298 Pericles
2235 2244 2446 2299 amissis
2474 2261 2659 2301 recens
2690 2248 2872 2304 liberis
2914 2253 3058 2305 venit
3094 2252 3147 2306 in
3177 2255 3380 2308 curiam
3407 2273 3420 2308 :
3450 2257 3543 2310 sed

1977 2333 2163 2402 patriae
2185 2349 2341 2390 causa
2361 2339 2601 2406 cogebat.
2627 2342 2996 2410 Anaxagoram
3030 2343 3404 2414 pliilOSOphum
3431 2362 3550 2416 gra-

1981 2426 2063 2480 vis
2089 2426 2156 2481 de
2188 2429 2296 2481 ﬁlio
2324 2431 2546 2484 nuntius
2585 2445 2614 2483 a
2645 2433 3096 2501 disputationibus
3143 2451 3248 2489 non
3300 2439 3548 2501 retraxit,

1977 2519 2072 2572 sed
2103 2518 2454 2590 philosophim
2487 2522 2764 2578 deferebat
2797 2527 3117 2581 calamitatis
3145 2544 3254 2583 sua:
3282 2531 3548 2600 negligen-

1979 2609 2127 2664 tiam.
2164 2613 2228 2665 Μ.
2276 2613 2523 2669 lloratius
2571 2627 2742 2670 morte
2783 2617 3022 2687 pignoris
3069 2621 3279 2687 cognita
3325 2622 3552 2677 cadaver

1979 2700 2158 2754 eﬂ'erri
2184 2703 2373 2766 jussit:
2405 2706 2498 2758 sed
2531 2707 2627 2760 hac
2651 2710 2948 2762 constantia
2967 2723 3089 2764 esse
3104 2711 3307 2776 debuit,
3337 2713 3425 2782 qui
3452 2712 3550 2766 Ca-

1980 2790 2222 2858 pitolium
2246 2793 2546 2848 dedicabat.
2576 2795 2733 2850 Vides
2777 2799 2894 2864 quis
2931 2799 3060 2851 mihi
3093 2800 3164 2852 sit
3187 2801 3402 2856 animus
3445 2819 3462 2857 :
3501 2815 3552 2857 et

1983 2890 2158 2935 tamen
2192 2884 2294 2936 vita
2325 2885 2566 2939 ducenda
2594 2896 2696 2943 est.
2729 2891 2893 2940 Amor
2917 2893 3059 2942 enim
3100 2890 3234 2944 lucis
3285 2907 3312 2944 a
3363 2903 3550 2947 natura

1979 2973 2134 3026 datus
2161 2975 2680 3029 ft‘tlcitinﬁrmitatem
2701 2976 2919 3031 doloris.
2957 2979 3097 3034 Peue
3135 2981 3386 3050 praeterii,
3411 2989 3552 3052 quod

1982 3064 2150 3118 fuerat
2216 3065 2354 3120 inter
2415 3083 2582 3135 prima
2627 3069 3018 3124 collocandum.
3085 3072 3555 3128 Cumulatissimas

1983 3157 2176 3226 gratias
2231 3174 2362 3227 ago,
2420 3161 2558 3228 quod
2608 3161 2907 3230 Projectum
2954 3163 3268 3221 familiarem
3314 3177 3553 3223 nostrum

1983 3251 2226 3305 avulsum
2258 3254 2609 3307 contubernio
2641 3263 2752 3321 tuo,
2785 3270 2906 3309 meo
2931 3257 3119 3310 solatio
3143 3258 3431 3326 deputasti.
3475 3262 3554 3316 Ex

1987 3344 2085 3396 hoc
2108 3343 2363 3412 intelligo,
2407 3355 2600 3412 quanta
2651 3348 2941 3400 necessitas
2991 3348 3176 3403 fecerit
3206 3365 3274 3404 ne
3319 3354 3549 3409 venires.

1987 3434 2096 3501 Ego
2115 3443 2292 3488 tamen
2306 3437 2394 3505 qui
2416 3436 2640 3505 teipsum
2675 3454 2778 3490 non
2806 3439 2966 3506 potui,
2990 3440 3093 3494 vidi
3123 3442 3360 3498 animum
3381 3452 3550 3506 tuum;

1983 3524 2067 3576 cui
2090 3525 2219 3576 satis
2242 3538 2344 3578 non
2367 3525 2467 3578 fuit
2497 3526 2812 3580 medicinam
2838 3527 3063 3584 fortuna:
3092 3539 3286 3586 nostra:
3315 3549 3410 3602 per
3436 3537 3555 3604 epi-

1982 3613 2171 3668 stolam
2205 3615 2396 3671 facere.
2423 3617 2683 3672 Addidisti
2712 3620 2852 3673 enim
2887 3621 3166 3689 quamdam
3213 3625 3552 3694 legationem,

1982 3719 2102 3772 qua:
2131 3708 2210 3759 sui
2241 3708 2550 3761 assiduitate
2572 3712 2676 3763 vim
2702 3712 2823 3763 mali
2863 3709 3149 3781 frangeret,
3182 3715 3300 3781 quia
3324 3731 3548 3770 noveras

1984 3796 2170 3849 solatia
2202 3797 2495 3852 litterarum
2535 3814 2656 3853 cum
2703 3799 2934 3855 lectione
2963 3802 3123 3856 ﬁniri.
3176 3803 3449 3872 Progressi
3499 3807 3548 3859 in

1983 3887 2168 3942 laude.
2197 3898 2310 3942 tuas
2339 3890 2730 3956 c0ucludimus,
2761 3906 2881 3945 cum
2909 3891 3020 3962 ipse
3049 3894 3355 3962 religionem
3387 3901 3554 3965 magis

1983 3979 2051 4033 ad
2101 3981 2480 4035 conscientiam
2532 3997 2689 4050 quam
2748 3982 2813 4035 ad
2862 3984 3086 4052 gloriam
3138 3984 3359 4040 referas.
3415 3990 3554 4058 Erga

1984 4067 2174 4123 habeat
2200 4071 2412 4124 modmn
2443 4086 2643 4136 sermo,
2669 4088 2824 4142 quem
2859 4087 3127 4144 nunquam
3149 4076 3292 4131 circa
3317 4091 3366 4135 te
3392 4079 3552 4136 habe-

1983 4161 2062 4214 bit
2087 4159 2315 4215 all'ectio.
2351 4161 2495 4217 Vale.

2584 4252 2798 4308 EPIST.
2843 4254 2948 4308 Vll.

2345 4357 2655 4396 εῖιωΑειιυε
2688 4360 2905 4401 ωιιΑΝο
2943 4361 3184 4403 RUSTICO.

299 4431 475 4469 meatu
513 4418 687 4483 potius
719 4415 979 4469 indicasse
1010 4415 1191 4468 videar
1223 4430 1382 4483 quant
1415 4415 1680 4470 dolorem.
1722 4414 1875 4469 Vale.
1907 4465 1960 4524 Β
2056 4430 2329 4485 Arbitrum
2365 4439 2415 4485 ιθ
2456 4446 2670 4486 assumo
2717 4435 3061 4499 ερεδιυιπυω
3108 4453 3369 4497 mearum.
3409 4439 3556 4510 cape

937 4547 1152 4602 EPISI‘.
1179 4546 1239 4600 V.

676 4653 981 4692 SYRIACBUS
1008 4654 1226 4692 λιιι-ωηο
1264 4653 1502 4692 RUSTICO.

373 4747 541 4801 Aiunt
592 4747 681 4816 qui
723 4749 920 4801 callent
961 4748 1281 4802 rhetoricam
1328 4748 1704 4818 disciplinam,
1749 4750 1882 4804 nihil

304 4851 428 4890 esse
479 4839 885 4902 controversizn,
933 4838 1021 4891 ubi
1080 4837 1270 4891 eadem
1316 4847 1543 4904 partium
1584 4839 1705 4908 jura
1736 4850 1879 4893 sunt.

307 4929 596 4997 imaginem
622 4930 908 4997 propositae
945 4930 1021 4983 rei
1057 4929 1330 4998 postulas?
1376 4930 1526 4983 Mitto
1575 4931 1884 4985 decantatas

308 5023 634 5086 iudicialium
664 5022 1063 5076 meditationum
1096 5024 1360 5086 ﬁctiones,
1400 5032 1454 5077 et
1490 5024 1666 5077 inania
1709 5027 1878 5077 simu-

309 5115 452 5166 lacra
503 5127 806 5167 causarum.
851 5112 946 5166 Vel
978 5114 1091 5168 hanc
1120 5114 1316 5168 silentii
1350 5115 1518 5167 nostri
1563 5114 1885 5168 diuturnitas

310 5205 546 5258 materia
571 5205 691 5257 talis
717 5206 1018 5274 exemplum
1044 5214 1145 5260 est.
1174 5205 1408 5275 Objicies
1447 5206 1576 5258 mihi
1631 5205 1884 5260 dissimu-

307 5301 400 5352 lati
431 5300 590 5354 officii
622 5301 994 5370 negligentiam
1026 5319 1037 5352 :
1073 5303 1124 5354 iu
1167 5311 1218 5356 te
1247 5304 1358 5353 inec
1389 5300 1657 5353 referetur
1685 5299 1879 5352 oratio.

305 5393 447 5460 Ergo
475 5393 598 5460 quia
631 5407 788 5458 pares
819 5408 1020 5457 sumus,
1052 5392 1209 5446 dulce
1235 5391 1526 5445 colludium
1550 5399 1652 5454 est,
1687 5401 1742 5442 ut
1762 5404 1882 5443 cum

303 5483 475 5536 altero
497 5494 688 5537 neuter
715 5483 1034 5551 expostulat.
1068 5482 1310 5547 Veniam,
1334 5497 1490 5549 quam
1522 5481 1754 5548 dederis,
1780 5481 1886 5533 im-

305 5576 564 5645 petrabis.
617 5575 720 5630 Sed
767 5589 860 5629 cur
888 5577 1057 5645 aequis
1084 5585 1256 5629 tecum
1308 5573 1703 5628 conditionibus
1743 5573 1887 5641 ago?

305 5669 420 5722 lant
444 5682 563 5722 mea
599 5682 756 5722 causa
800 5669 1012 5731 melior,
1059 5669 1146 5736 oui
1179 5668 1323 5740 prior
1345 5667 1578 5724 emendo
1609 5665 1888 5738 utriusque

587 5761 856 5821 PATRHL.
908 5760 1134 5821 XVIII.

1987 4525 2028 4575 si
2058 4524 2183 4591 quid
2206 4525 2273 4576 ab
2295 4523 2501 4592 republ.
2518 4539 2695 4589 vacas,
2715 4527 3102 4582 oratiunculam
3127 4541 3383 4598 nostrain,
3400 4533 3556 4602 cujus

1988 4613 2206 4667 edenda:
2235 4614 2480 4668 ﬁduciam
2512 4616 2660 4670 favor
2683 4617 2876 4673 civium
2906 4620 3070 4674 dedit.
3095 4621 3226 4676 Nam
3257 4639 3380 4692 spes
3412 4640 3556 4693 stepe

1988 4707 2147 4760 ali:ur
2201 4707 2484 4776 exemplis,
2535 4718 2590 4763 et
2630 4710 2942 4778 placiturum
2992 4728 3111 4769 esse
3165 4718 3554 4785 praesumimus,

1989 4798 2127 4863 quod
2169 4799 2290 4852 aliis
2329 4800 2438 4866 jam
2482 4800 2746 4869 placuisse
2788 4804 3103 4871 gaudemus.
3150 4805 3299 4862 Nunc
3347 4817 3555 4862 tuarum

1993 4891 2219 4956 partium
2248 4892 2370 4954 erit,
2401 4890 2752 4958 respondere,
2790 4909 2912 4947 cum
2954 4895 3167 4964 legeris,
3199 4912 3266 4951 an
3315 4898 3560 4953 debuerit

1993 4996 2077 5034 me
2095 4992 2316 5034 senatus
2336 4982 2592 5036 animare.
2613 4982 2770 5037 Certe
2793 4986 2918 5038 mihi
2938 4986 3055 5039 duci
3081 4991 3206 5041 vitio
3233 5004 3339 5044 non
3360 5003 3558 5058 potest,

1986 5071 2125 5140 quod
2157 5083 2261 5126 tam
2293 5073 2429 5127 bene
2454 5072 2522 5127 de
2545 5075 2648 5127 tuis
2669 5075 2889 5129 auribus
2911 5081 3142 5146 speravi,
3173 5095 3330 5148 quam
3359 5082 3559 5152 simpli-

1987 5162 2120 5218 citer
2141 5166 2374 5232 priorutn
2399 5162 2663 5232 suffragiis
2691 5166 2909 5220 credidi.
2943 5166 3094 5222 Vale.

2579 5277 2789 5330 EPIST.
2825 5277 2958 5334 Vlll.

2287 5359 2297 5371 ’
2353 5381 2657 5421 δνιιιίλςιιυε
2694 5383 2910 5422 inuno
2950 5386 3191 5428 RUSTICO.

2063 5480 2314 5535 Nuntiqu
2340 5481 2542 5535 reditus
2569 5481 2695 5549 inci,
2728 5497 2849 5536 cum
2886 5485 3113 5552 primum
3150 5485 3248 5540 ﬁda
3279 5486 3440 5554 patuit
3468 5501 3560 5541 oc-

1995 5573 2160 5638 casio,
2188 5571 2441 5626 exhibere
2470 5588 2577 5626 non
2600 5572 2808 5629 dilIcro.
2860 5573 2985 5630 Scio
3015 5576 3156 5630 enim
3206 5585 3259 5630 te
3306 5590 3559 5647 prOSpera

1995 5678 2220 5736 quaeque
2239 5663 2306 5719 de
2332 5664 2482 5720 nobis
2509 5665 2647 5722 velle
2675 5681 3020 5737 cognoscere.
3053 5667 3177 5722 Mihi
3206 5683 3418 5739 quoque
3469 5688 3561 5742 par

3286 5759 3325 5818 Ἰ
