4046 6170
429 263 534 318 105

1606 255 1669 321 ρ.
1711 249 2053 307 AURELIUS
2093 247 2526 305 SYMMACHUS.

3605 237 3721 297 ωδ

434 393 560 437 cura
580 387 662 432 est
689 376 755 431 de
782 375 956 430 salute
980 380 1140 442 atque
1168 370 1379 426 actibus
1427 377 1530 421 tuis
1556 368 1676 421 laeta
1727 375 1781 420 et
1827 372 2007 434 optata
2039 365 2083 422 Α
2114 362 2398 432 descripsi,
2430 362 2587 417 simul
2619 361 2737 418 misi
2765 381 2775 414 :
2806 369 2863 415 ut
2905 361 3171 416 correctio
3197 358 3415 424 utrique
3435 372 3465 411 a
3497 367 3551 412 te
3574 372 3715 425 prat-

435 470 710 528 noscendi.
744 468 914 536 Atque
937 464 1059 520 ideo
1086 461 1412 532 dignaberis,
1441 458 1652 527 quoties
1699 455 1811 511 fors
1854 454 2016 508 dede-

435 566 501 618 rit
542 558 877 622 facultatem,
929 553 1109 610 ofﬁcia
1155 552 1297 606 circa
1330 563 1427 603 nos
1482 557 1680 602 mutua:
1718 543 2015 601 affectionis

438 654 683 721 implere.
721 648 870 703 Vale.

1059 732 1273 789 EPIST.
1314 731 1407 786 lx.

804 840 1113 884 ηιυιλοιιυε
1149 838 1372 880 ιυιιλιιο
1409 835 1651 877 RUSTICO.

507 924 678 981 Tanta
725 922 891 978 animi
932 921 1202 989 t-oluptate
1230 916 1435 986 sumpsi
1482 915 1847 978 litterasutas,
1887 926 2018 983 quas

438 1016 571 1072 mihi
601 1023 726 1084 post
762 1012 981 1080 longum
1026 1009 1295 1064 silentium
1344 1005 1607 1068 detulisti,
1640 1013 1698 1057 ut
1727 1019 1813 1058 me
1848 1001 2017 1056 fatear

437 1106 669 1177 quereize
708 1102 907 1175 prioris
934 1101 1158 1157 oblitum
1186 1117 1197 1152 :
1225 1100 1346 1166 quia
1388 1095 1701 1151 memoriam
1731 1092 2017 1164 praeterita:

440 1195 853 1255 intermissionis
881 1191 1168 1263 antiquavit
1202 1193 1367 1260 gratia
1393 1191 1622 1244 recentis
1644 1186 1824 1242 officii.
1862 1185 2014 1240 Dein-

439 1307 569 1362 ceps
598 1291 644 1346 si
672 1290 766 1347 tibi
793 1288 942 1345 cordi
962 1302 1103 1355 smn,
1134 1285 1444 1355 frequenter
1470 1297 1688 1353 operam
1710 1278 2021 1348 scriptionis

440 1383 687 1450 admitte,
718 1379 1086 1436 vicissitudine
1123 1374 1544 1432 remunerandus
1587 1381 1641 1426 et
1666 1371 1929 1429 sermonis
1969 1379 2022 1422 ct

440 1477 657 1532 amoris.
683 1474 838 1531 Vale.
1806 1464 1809 1467 ’

1070 1560 1287 1617 EPIST.
1323 1557 1391 1613 X.

893 1670 1206 1711 εῑιιιυιοιιυς
1244 1665 1559 1707 Μινοιξιωο.

2122 464 2308 521 stetur,
2333 463 2387 510 et
2407 455 2656 519 aliorum,
2687 468 2807 522 qua:
2833 466 2976 505 nunc
3021 452 3231 519 pangis,
3263 448 3524 519 ailjectio.
3555 448 3708 505 Vale.

2718 584 2933 641 EPIST.
2972 582 3089 639 XII.

2581 713 2891 755 SYIHIACIIUS
2929 710 3244 753 Μυεειιιο.

2192 812 2247 864 Si
2296 811 2389 866 tibi
2441 810 2555 867 hinc
2598 826 2721 872 una,
2752 820 2809 865 ut
2837 811 2936 878 ais,
2970 808 3347 880 frequentandi
3390 808 3515 880 styli
3548 823 3712 864 causa

2122 913 2226 967 est,
2255 912 2312 957 ut
2343 918 2372 956 a
2397 917 2482 956 me
2503 904 2672 956 vicem
2725 900 2992 956 sermonis
3020 900 3305 967 excludas,
3337 915 3591 970 magnum
3640 905 3714 955 si-

2123 993 2269 1049 lentii
2295 993 2462 1049 nostri
2510 992 2562 1048 in
2606 992 2793 1047 litteris
2834 993 2938 1046 tuis
2965 992 3197 1060 pretium
3236 1002 3340 1046 est.
3372 990 3712 1062 Videigitur,

2123 1102 2192 1142 ne
2220 1101 2306 1141 me
2332 1086 2562 1141 validius
2592 1100 2622 1139 a
2650 1083 2938 1139 scribendo
2966 1092 3192 1139 revocet
3218 1081 3427 1137 fructus
3456 1083 3670 1138 tacendi
3696 1099 3711 1146 ;

2120 1179 2242 1246 quia
2265 1176 2310 1231 si
2346 1190 2488 1245 saepe
2514 1174 2890 1242 respondeam,
2922 1174 3169 1228 fertassis
3217 1186 3401 1227 curam
3443 1175 3711 1234 remittes.

2123 1284 2173 1323 ιιι
2200 1270 2310 1338 jam
2341 1270 2511 1324 vietor
2532 1269 2723 1338 optati.
2751 1268 2905 1322 Mane
2933 1281 3063 1336 ergo
3094 1265 3148 1320 in
3178 1264 3457 1336 proposito
3478 1264 3715 1320 assidua!

2122 1361 2454 1429 scriptionis,
2506 1363 2668 1415 etiam
2702 1368 2823 1429 post
2873 1359 3156 1427 epistolam
3208 1373 3417 1422 meam;
3463 1357 3713 1426 quamvis

2126 1455 2304 1508 malim
2330 1453 2592 1509 creditum
2627 1462 2774 1507 tuum
2796 1466 2954 1520 quam
2977 1450 3201 1521 paginas
3230 1450 3540 1519 impetrare.
3574 1449 3713 1506 Sunt

2123 1547 2340 1615 quidem
2372 1546 2476 1600 illa:
2497 1545 2744 1600 Tulliano
2772 1550 3124 1614 segmentatas
3159 1557 3324 1596 auro:
3348 1542 3443 1597 sed
3473 1541 3544 1596 de
3575 1557 3712 1610 pra:—

2126 1638 2368 1694 seutibus
2394 1636 2583 1691 amicis
2621 1636 2760 1690 bona
2805 1634 2960 1703 plura
3009 1640 3318 1687 sumuntur.
3380 1632 3500 1700 Ipsa
3547 1629 3712 1686 etiam

512 1752 804 1819 Exspectas
830 1763 857 1800 a
884 1762 969 1801 me
991 1746 1199 1800 litteras
1227 1743 1488 1812 largiores
1513 1759 1526 1792 ε
1561 1740 1797 1794 delector
1819 1736 2020 1806 judicio
2054 1733 2098 1795 Β
2127 1730 2286 1784 verba
2310 1725 2502 1781 melius
2522 1740 2588 1781 ex
2623 1724 2735 1780 oris
2766 1722 3002 1779 fontibus
3030 1721 3222 1787 fluunt,
3261 1736 3423 1790 quam
3452 1722 3713 1775 mandau-

439 1855 550 1899 tuo.
583 1841 721 1896 Laus
749 1848 836 1895 est
861 1838 1004 1892 enim
1036 1834 1234 1905 ingenii
1266 1848 1388 1887 cum
1418 1830 1753 1886 desideratur
1783 1828 2018 1883 ubertas.

434 1935 540 1991 Sed
572 1934 731 1990 velim
757 1932 852 1989 tibi
872 1930 1159 1986 verborum
1184 1927 1390 1996 copiam
1413 1924 1717 1993 displicere.
1740 1920 1870 1976 Nam
1894 1920 2019 1989 quid

439 2037 583 2096 agat,
639 2040 745 2095 quo
803 2038 866 2079 se
913 2033 1123 2090 vertat,
1166 2020 1254 2075 ubi
1300 2022 1613 2072 inniteretur
1654 2028 1807 2069 cassa
1860 2012 2022 2067 rebus

434 2120 641 2199 oratio?
667 2117 766 2174 Odi
789 2118 842 2171 in
872 2130 1036 2186 parvo
1056 2126 1285 2180 corpore
1312 2112 1467 2178 longa
1496 2108 1782 2165 velamina.
1818 2104 1909 2159 Illa
1930 2120 2020 2159 ve-

435 2216 532 2271 stis
559 2215 817 2270 decenter
847 2207 1059 2264 indutui
1087 2216 1188 2268 est,
1217 2221 1338 2274 qua:
1385 2218 1490 2258 non
1514 2202 1680 2256 trahit
1721 2199 2016 2269 pulverem,

438 2321 537 2361 ncc
567 2306 619 2359 in
662 2304 879 2358 humum
903 2301 1139 2355 demissa
1171 2298 1425 2352 calcatur.
1456 2292 1644 2350 Scribe
1665 2305 1794 2360 ergo
1820 2287 2018 2358 aliquid

435 2398 577 2467 quod
627 2392 1005 2466 respondendo
1044 2388 1337 2461 producam
1370 2402 1386 2438 :
1418 2396 1720 2454 quanquam
1762 2379 2019 2449 religione

435 2493 696 2562 decipior,
727 2489 816 2561 qui
866 2487 964 2543 tibi
1015 2485 1207 2541 uberes
1255 2480 1513 2551 epistolas
1552 2478 1729 2533 audeo
1754 2476 2016 2546 polliceri.

434 2586 632 2643 Videre
654 2586 775 2655 quis
798 2583 869 2637 sit
896 2583 1102 2637 futurus
1126 2585 1351 2634 eventus
1372 2574 1650 2629 sententia:
1668 2580 1793 2625 ιιιςιε.
1816 2569 2017 2624 Tamen

433 2687 705 2737 memento
736 2690 842 2728 non
867 2674 1185 2730 electionem
1219 2684 1305 2723 me
1350 2665 1442 2720 tibi
1491 2661 1878 2734 spopondisse,
1921 2661 2015 2714 sed

429 2769 661 2841 capiam.
689 2766 842 2822 Vale.

1053 2850 1272 2906 EPIST.
1316 2847 1407 2904 XI.

744 2996 751 3003 .
883 2958 1192 2999 ετκιιλοιιυε
1231 2955 1549 2995 Μυοειωθ.

498 3041 712 3110 Sumpsi
739 3040 941 3109 pariter
961 3040 1202 3108 geminas
1226 3035 1431 3089 litteras
1452 3043 1591 3095 tuas,
1630 3030 1922 3093 Nestorea,
1958 3036 2015 3081 ut

430 3140 500 3194 ita
528 3135 775 3197 dixerim,
801 3147 963 3189 manu
985 3131 1234 3197 scriptas.
1263 3142 1485 3196 quarum
1510 3125 1659 3191 sequi
1689 3122 1973 3192 gravitatet

428 3230 634 3285 laboro.
662 3225 847 3281 Trahit
876 3228 1019 3278 enim
1052 3236 1149 3275 nos
1193 3233 1323 3272 usus
1369 3217 1626 3283 temporis
1671 3215 1724 3267 in
1773 3212 2009 3282 argutias

428 3317 723 3389 plausibilis
749 3313 1032 3371 sermonis.
1071 3311 1246 3377 Quare
1266 3310 1472 3377 aequius
1509 3304 1734 3359 admitte
1773 3303 2005 3372 linguam

426 3410 610 3467 sa‘culi
640 3409 832 3475 nostri,
862 3417 920 3462 et
946 3405 1139 3461 deesse
1171 3401 1294 3457 huic
1320 3399 1562 3468 epistolae
1595 3397 1823 3450 Atticam
1863 3396 2007 3449 sani-

427 3513 591 3558 tatem
614 3501 737 3557 boni
759 3498 1001 3555 consule.
1036 3496 1262 3565 Dignum
1292 3501 1375 3545 est
1404 3498 1460 3545 ut
1490 3491 1601 3543 haec
1644 3489 1753 3556 ipsa
1785 3486 1921 3556 apud
1955 3497 2008 3541 te

425 3596 599 3665 culpa:
630 3590 903 3649 confessio
932 3589 1101 3658 prosit
1125 3586 1192 3641 ad
1221 3584 1392 3640 venia:
1423 3582 1749 3637 facilitatem.
1774 3577 1925 3647 Quod
1961 3579 2004 3631 si

427 3686 681 3742 novitatis
711 3684 1000 3752 impatiens
1020 3695 1101 3741 es,
1134 3692 1285 3731 sume
1312 3674 1380 3730 de
1417 3673 1535 3728 foro
1578 3671 1838 3726 arbitros:
1873 3669 2003 3723 ntihi

424 3794 490 3834 an
518 3777 611 3833 tibi
642 3776 764 3847 styli
794 3773 947 3829 venia
975 3769 1239 3841 poscenda
1278 3767 1368 3821 sit.
1407 3764 1599 3828 Crede,
1621 3761 1856 3817 calculos
1884 3760 2004 3829 plu-

425 3888 513 3928 res
535 3873 806 3933 tnerebor,
834 3882 940 3920 non
975 3878 1130 3933 aquo
1156 3871 1212 3916 et
1241 3861 1402 3926 bono,
1443 3856 1538 3913 sed
1564 3857 1683 3926 quia
1715 3855 1900 3924 plures
1924 3852 2004 3905 vi.

425 3963 512 4019 liis
537 3960 915 4017 eomtnuuibus
945 3956 1144 4009 favent.
1169 3955 1351 4020 Itaque
1373 3959 1433 4003 ut
1461 3950 1576 4017 ipse
1623 3960 2002 4014 nonnunquam

424 4054 704 4125 praedicas,
747 4058 1018 4117 spectator
1039 4044 1237 4100 veteris
1263 4050 1491 4096 moneta:
1520 4039 1665 4092 solus
1691 4051 2000 4106 supersum;

423 4154 648 4201 caeteros
668 4139 1012 4197 deliuimenta
1036 4151 1244 4190 aurium
1275 4133 1514 4202 capiunt.
1538 4130 1656 4186 Stet
1687 4130 1848 4196 igitur
1867 4129 2005 4181 inter

423 4252 521 4291 nos
548 4233 647 4289 ista
680 4230 885 4302 pactio:
915 4239 971 4283 ιιι
1002 4243 1088 4281 me
1118 4225 1332 4295 quidem
1356 4222 1505 4292 juvet
1521 4224 1800 4276 vetustatis
1821 4232 2004 4273 exem-

423 4330 539 4399 plar
567 4328 634 4382 de
656 4322 987 4394 autographo
1019 4330 1109 4374 tuo
1136 4331 1373 4380 sumere.
1409 4326 1461 4371 te
1484 4324 1660 4369 autem
1699 4329 1803 4366 non
1833 4311 2003 4381 pteni-

424 4429 533 4474 teat
556 4417 878 4485 scriptorum
908 4424 1146 4466 meorum
1178 4407 1317 4462 ferre
1344 4407 1659 4460 novitatem.
1693 4402 1807 4457 Non
1829 4402 2001 4457 silebo

422 4512 650 4567 alterum
695 4522 888 4562 munus
934 4502 1178 4572 opusculi
1233 4504 1329 4567 tui,
1375 4514 1481 4568 quo
1519 4497 1692 4566 prisca
1739 4496 2000 4564 cujusque

386 4602 729 4674 .ieipublicte
754 4615 819 4655 ex
867 4598 1007 4653 libro
1050 4596 1241 4651 ϐιωοο
1282 4594 1335 4647 in
1378 4593 1626 4646 Latinum
1658 4587 1994 4643 transtulisti.

424 4701 585 4750 Arma
612 4708 642 4747 a
671 4690 1023 4755 Samnitibus,
1074 4684 1300 4755 insignia
1324 4699 1354 4738 a
1389 4682 1600 4748 Tuscis,
1626 4682 1771 4751 leges
1800 4679 1866 4735 de
1892 4679 2003 4733 lare

424 4787 652 4860 Lycurgi
680 4794 737 4840 et
763 4782 979 4839 Solonis
1025 4789 1452 4846 sumpseramus.
1487 4774 1634 4826 Tuus
1683 4771 1839 4825 nobis
1883 4779 2003 4839 pust

423 4884 536 4936 haec.
561 4877 763 4933 addidit
793 4875 945 4929 labor
991 4866 1273 4940 peregrina
1324 4873 1694 4926 monumenta,
1732 4875 1852 4930 quas
1888 4860 1999 4930 jam

420 4972 501 5028 sui
532 4968 796 5026 nesciunt.
832 4965 983 5020 Nunc
1024 4973 1152 5014 vere
1201 4956 1389 5012 civitas
1449 4961 1630 5008 nostra
1681 4951 1997 5021 populorum

422 5061 661 5118 omnium
674 5070 870 5129 parens
891 5055 1028 5108 facta
1042 5060 1125 5107 est
1143 5090 1159 5111 .
1184 5051 1379 5103 docere
1409 5055 1586 5116 potest
1603 5044 1839 5114 singulos
1862 5042 2000 5097 anti-

419 5157 654 5229 quitates
668 5164 911 5206 suorum.
930 5149 1045 5217 Ipsa
1060 5157 1188 5200 vero
1203 5156 1325 5210 pars
1337 5142 1577 5195 materiae
1596 5138 1753 5208 digna
1771 5135 1997 5200 laudari,

418 5257 621 5321 quanto
648 5232 933 5299 verborum
972 5237 1219 5294 stellatur
1262 5233 1433 5289 auro?
1480 5231 1699 5287 Nescias
1745 5229 1887 5285 cultu
1927 5244 1997 5283 an

418 5320 580 5396 rebus
606 5334 778 5407 magis
805 5329 1091 5387 voluminis
1104 5326 1274 5383 honor
1301 5323 1549 5395 gaudeat.
1581 5322 1658 5376 De
1684 5336 1800 5376 mea
1841 5320 1998 5391 egri-

421 5432 606 5489 tudine
633 5438 971 5498 nequaquam
1017 5432 1070 5477 te
1096 5433 1281 5475 rumor
1312 5416 1537 5482 fefellit;
1586 5414 1681 5470 sed
1710 5414 1822 5483 jam
1864 5413 1998 5468 mihi

421 5524 606 5596 (modo
633 5521 791 5579 venia
817 5516 945 5574 dicti
974 5515 1067 5577 sit)
1110 5507 1556 5566 convalescentiae
1597 5517 1783 5576 portus
1816 5504 1997 5575 aperi-

424 5629 529 5674 tur.
555 5617 864 5673 Carminum
896 5621 1108 5667 tuorum
1135 5605 1375 5662 codicem
1418 5601 1799 5668 reportandum
1830 5612 1997 5670 puero

446 5707 641 5771 radidi,
676 5716 728 5762 et
753 5705 876 5776 quia
914 5703 1220 5771 eclogarum
1252 5697 1386 5754 ordo
1411 5693 1665 5751 Confusus
1695 5702 1805 5756 est;
1834 5706 1993 5761 quem

2128 1831 2212 1875 tur
2242 1819 2406 1874 textis
2427 1816 2635 1889 papyri.
2666 1816 2807 1883 Quin
2834 1830 2987 1886 ergo,
3018 1815 3289 1870 eluctatus
3310 1813 3454 1884 longi
3485 1814 3580 1868 otii
3614 1828 3712 1869 ca-

2123 1914 2282 1974 riem,
2302 1910 2534 1967 Caelium
2570 1917 2812 1963 nostrum
2842 1909 3070 1962 revisas.
3100 1905 3197 1962 Sat
3225 1906 3484 1976 temporis
3522 1904 3715 1975 Spole-

2130 2002 2202 2056 tio
2224 2001 2430 2066 datum,
2474 2000 2627 2054 honre
2671 1998 2786 2054 urbi
2834 2007 2888 2052 et
2935 1997 3260 2064 optimorum
3300 1996 3498 2051 civium
3528 1996 3711 2064 matri,

2130 2092 2446 2162 intelligenti
2474 2101 2677 2153 tamen,
2723 2089 2863 2160 quod
2888 2097 3088 2143 nostra:
3132 2088 3298 2142 curiae
3330 2088 3476 2142 viros
3504 2102 3603 2142 usu
3625 2101 3714 2142 Ca-

2123 2199 2249 2253 pere
2275 2197 2378 2239 non
2405 2182 2589 2252 possit.
2621 2181 2770 2236 Vale.

2722 2273 2938 2329 EPIST.
2978 2273 3089 2327 XIII

2577 2380 2883 2420 SYMMACIIUS
2921 2378 3235 2419 NAL‘CELLIO.

2193 2459 2353 2513 Binas
2372 2458 2438 2511 ad
2467 2472 2551 2512 me
2576 2458 2781 2511 litteras
2805 2455 3156 2525 pedisseqnus
3179 2464 3305 2509 tuus
3320 2453 3531 2509 detulit.
3547 2453 3717 2508 Frau-

2119 2551 2203 2606 dis
2246 2566 2523 2621 argnerer,
2570 2551 2671 2604 nisi
2714 2548 2935 2603 totidem
2968 2547 3346 2603 reddidissem.
3380 2546 3637 2618 Utrisque
3663 2560 3720 2603 te

2124 2641 2420 2696 rediturum
2450 2641 2709 2705 Romam,
2752 2639 2797 2694 si
2841 2654 2934 2708 per
2973 2654 3142 2693 annos
3182 2639 3376 2703 liceat,
3422 2641 3715 2706 spopondi-

2120 2732 2188 2785 sti
2220 2745 2633 2800 :szepenumero
2684 2729 2824 2784 idem
2859 2727 3172 2798 scripseras.
3214 2728 3354 2782 Nihil
3382 2730 3492 2798 jam
3529 2746 3717 2784 moror

2118 2825 2451 2892 syngraphas
2478 2830 2619 2877 tuas.
2654 2823 2853 2877 lterare
2881 2821 3199 2889 promissum
3219 2861 3235 2884 ,
3278 2820 3503 2876 fallacias
3540 2823 3714 2876 medi-

2119 2916 2253 2970 tatio
2279 2925 2383 2969 est.
2408 2915 2533 2971 Scio
2564 2914 2739 2968 lentos
2767 2913 2833 2967 ad
2862 2912 3252 2982 capessendum
3280 2912 3519 2966 laborem
3548 2927 3714 2968 senes

2120 3006 2255 3062 ﬁeri.
2297 3006 2402 3062 Sed
2433 3006 2556 3076 quia
2584 3015 2837 3061 crescunt
2866 3005 2996 3060 vitia
3025 3020 3147 3061 cum
3178 3014 3441 3072 tempore,
3469 3005 3712 3073 ingratus

1976 3136 2007 3173 η
2037 3100 2084 3162 C
2116 3098 2245 3151 mihi
2295 3097 2647 3152 attrahendus
2690 3112 2749 3150 es
2771 3138 2787 3162 ,
2839 3096 3149 3165 priusquam
3177 3091 3461 3165 juStiorem
3492 3096 3708 3151 veniant

2113 3188 2277 3244 faciat
2303 3189 2514 3259 longior
2542 3188 2678 3244 dies.
2711 3189 2917 3243 Nullam
2947 3187 3145 3243 Nestor
3174 3189 3332 3242 tertio
3362 3190 3461 3242 aevi
3491 3189 3573 3243 sui
3603 3206 3710 3244 sa:-

2110 3280 2234 3336 culo
2262 3281 2468 3335 militia:
2496 3280 2829 3335 vacationem
2863 3281 3136 3349 poposcit;
3176 3295 3277 3335 nec
3306 3281 3500 3334 Achilli
3537 3296 3711 3335 exeu-

2108 3374 2245 3427 s:tvit
2272 3372 2445 3427 aetatis
2491 3380 2603 3428 Sua:
2657 3374 2824 3441 frigus
2860 3371 3086 3428 Phanis
3135 3373 3390 3426 monitor.
3440 3371 3509 3427 Et
3554 3384 3712 3429 certe

2111 3464 2249 3517 haud
2299 3452 2522 3518 multum
2568 3464 2777 3519 itineris
2823 3463 3124 3532 interjacet.
3166 3461 3464 3531 Spoletium
3506 3464 3712 3519 subur-

2110 3557 2316 3610 banitas
2344 3566 2524 3611 nostra
2555 3564 2655 3610 est.
2698 3556 2833 3610 Dum
2861 3555 3104 3610 carmina
3136 3563 3226 3609 tua
3267 3552 3527 3623 ruminas,
3575 3558 3708 3611 dum

2106 3656 2492 3724 epigrammata
2537 3654 2735 3708 oblatis
2764 3654 2898 3708 lucis
2925 3697 2940 3722 ,
2987 3660 3080 3707 aut
3106 3652 3355 3706 amnibus
3398 3652 3709 3717 componis,

2109 3746 2311 3802 fallitur
2333 3747 2508 3804 doctis
2538 3748 2949 3818 cogitationibus
2976 3760 3169 3803 sensus
3194 3746 3409 3803 laboris.
3440 3743 3589 3799 Vale.
3690 3737 3731 3763 “

2698 3863 2914 3920 EPIST.
2955 3860 3096 3917 XIV.

2571 3968 2876 4012 SVMHACIIUS
2912 3968 3118 4009 NAUCEL
3128 3967 3231 4009 ιιο.

2176 4075 2230 4128 ιιι
2278 4087 2388 4128 aere
2429 4086 2549 4128 meo
2575 4070 2734 4130 duco.
2763 4068 2905 4139 quod
2936 4077 2987 4124 te
3013 4066 3278 4123 adornare
3324 4071 3568 4134 optatum
3602 4079 3691 4117 ηις

2103 4166 2272 4223 ditum
2297 4164 2574 4222 nuntiasti.
2608 4162 2716 4219 Sed
2748 4162 2892 4217 male
2931 4171 3114 4215 metuo
3140 4201 3155 4226 ,
3207 4172 3276 4214 ne
3316 4156 3420 4213 hoc
3459 4155 3705 4212 studium

2106 4264 2215 4326 tui,
2243 4260 2458 4331 negatio
2492 4255 2839 4313 habitationis
2871 4252 3154 4323 impediat,
3186 4265 3347 4321 quam
3380 4260 3526 4319 peto,
3554 4257 3615 4302 ut
3645 4264 3703 4301 in

2104 4353 2295 4408 bonam
2328 4364 2532 4422 partem
2565 4350 2671 4405 voti
2702 4364 2827 4417 erga
2851 4356 2902 4401 te
2930 4345 3032 4401 mei
3061 4354 3242 4401 certus
3273 4343 3525 4412 accipias.
3560 4343 3703 4397 Deos

2031 4468 2079 4527 ι)
2102 4448 2244 4502 enim
2278 4446 2413 4501 facio
2444 4454 2639 4509 testes,
2688 4443 2784 4497 has
2811 4442 3041 4508 domus‘,
3082 4455 3309 4509 quarum
3340 4438 3565 4493 alteram
3594 4453 3701 4508 po-

2106 4539 2316 4593 stulasti
2341 4578 2356 4601 ,
2400 4538 2714 4607 jamdudum
2748 4550 2776 4588 a
2809 4549 2894 4588 me
2927 4531 3227 4601 hospitibus
3257 4545 3380 4585 esse
3422 4530 3697 4585 decretas.

2106 4630 2299 4695 Qmeso
2343 4629 2525 4697 igitur,
2569 4635 2626 4683 ut
2670 4632 3011 4681 sacramento
3037 4621 3352 4676 commodes
3395 4619 3578 4683 fidem,
3605 4621 3700 4687 qni

2109 4723 2189 4776 vel
2219 4704 2401 4775 animo
2430 4729 2632 4773 tantum
2667 4732 2788 4773 meo
2813 4716 3035 4771 credere
3065 4714 3362 4779 debuisses,
3388 4722 3445 4768 et
3471 4715 3525 4767 in
3551 4713 3697 4766 aedes

2105 4822 2225 4867 tuas
2270 4812 2494 4868 festinus
2541 4824 2789 4866 recurras
2828 4824 2844 4864 :
2887 4807 3150 4877 siquidem
3182 4807 3376 4860 domus
3399 4844 3415 4870 ,
3448 4820 3568 4875 qua:
3599 4804 3697 4858 titu

2106 4905 2253 4975 prius
2277 4906 2562 4959 ambitiose
2588 4919 2685 4973 per
2727 4910 2936 4956 aetatem
2968 4901 3169 4954 viventi
3198 4906 3254 4953 et
3288 4896 3544 4952 habitanti
3569 4911 3696 4949 cum

2105 4998 2288 5055 liberis
2331 4997 2629 5061 satisfecit,
2674 4994 2899 5050 senilem
2931 4990 3357 5049 moderationem
3389 4989 3702 5045 distributis

2104 5092 2157 5144 in
2185 5090 2317 5145 alias
2344 5090 2537 5145 domus
2568 5088 2694 5142 filiis
2722 5102 2827 5140 non
2857 5086 3018 5140 debet
3043 5083 3340 5139 offendere.
3370 5081 3524 5138 Vale.

2700 5199 2918 5255 EPIST.
2959 5198 3079 5253 XV.

2561 5305 2869 5346 ξῑιηιιιοηιιε
2906 5303 3220 5344 Μιεειιιο.

2172 5409 2315 5465 Petis
2345 5415 2404 5463 ut
2430 5402 2784 5475 respondeam
2814 5403 3004 5457 litteris
3029 5411 3151 5456 tuis.
3202 5400 3326 5454 llaec
3350 5396 3693 5453 denuntiatio

2099 5501 2411 5559 certaminis
2435 5507 2540 5554 est.
2573 5495 2680 5552 Sed
2707 5493 2850 5550 unde
2879 5490 3010 5548 milii
3035 5504 3339 5562 quanquam
3370 5488 3687 5557 procedenti

2104 5596 2155 5648 iu
2186 5607 2356 5648 annos
2383 5603 2603 5661 graves,
2651 5589 2823 5644 senile
2852 5586 2983 5642 illud
3012 5596 3069 5640 et
3093 5582 3396 5638 comicum?
3432 5581 3551 5651 Quo
3572 5580 3688 5649 jam

2102 5699 2156 5743 tu
2186 5695 2396 5744 veteres
2424 5681 2738 5740 aemularis?
2778 5681 2887 5739 Nec
2934 5690 3112 5737 tamen
3140 5676 3392 5734 defendet
3438 5677 3688 5730 volunta-
