4074 6176
326 270 433 325 ἐπ

1547 255 2026 314 ΕΡΙΞΤΟΙΛΚΠΜ
2069 256 2269 312 LIBER
2308 257 2394 313 III.

3498 252 3604 311 ς.δό

330 398 433 441 tem
461 395 604 437 tuam
631 381 759 453 styli
789 381 896 435 utci
929 380 1255 444 deSperatto.
1281 375 1418 442 Quis
1446 373 1587 428 enim
1623 373 1789 442 pudor
1813 380 1917 438 est,
1953 371 1995 430 Α
2030 371 2091 425 Et
2119 383 2267 428 certe
2293 371 2532 429 interfuit
2563 371 2938 427 sollicitudinis
2977 381 3079 427 tuae
3114 386 3366 429 exercere
3404 374 3605 445 aliquid

329 478 463 532 vinci
479 484 596 545 post
610 473 1004 528 confessionem
1016 471 1038 524 ’ἶ
1050 469 1181 524 Illud
1203 482 1418 538 quoque
1431 482 1516 522 me
1533 466 1599 521 ad
1620 466 1888 521 rescriben
1899 494 1917 504 -

328 571 454 624 dntn
472 567 667 636 coegit,
681 565 823 634 quod
850 562 1004 618 timui
1023 560 1345 619 cessationis
1366 558 1615 629 exemplo
1634 557 1916 626 quamdam

328 661 427 715 tibi
454 658 651 714 silentii
696 657 976 710 formulam
1004 653 1139 710 dare
1189 670 1204 706 :
1255 652 1481 723 plusque
1524 648 1725 705 fraudis
1751 648 1802 702 in
1833 663 1919 702 me

326 754 628 808 rediturum
654 749 880 814 adverti,
922 749 966 801 si
1000 756 1086 800 tua
1140 745 1369 800 offensio
1409 744 1710 798 imitaretur
1738 750 1914 795 tacen-

328 858 482 910 tem,
528 857 688 912 quam
732 841 775 894 si
819 855 983 895 ausus
1028 852 1180 892 meus
1210 836 1573 905 superiorem.
1601 830 1921 886 Esriuiabis

328 940 469 1008 ipse,
500 945 699 1006 quanto
737 932 842 987 hoc
891 931 967 986 tui
1011 944 1196 984 amore
1240 926 1499 982 adversus
1541 921 1917 978 verecundiam

327 1045 508 1085 meam
537 1027 775 1082 fecerim.
806 1024 1015 1079 Interea
1043 1020 1185 1089 quod
1216 1020 1382 1082 vales,
1405 1016 1562 1071 dulce
1589 1024 1671 1069 est
1696 1030 1709 1065 :
1734 1028 1918 1082 quam-

326 1124 415 1177 vis
441 1119 728 1190 adjeceris,
756 1126 916 1171 cauto
941 1129 1063 1170 esse
1091 1127 1227 1181 opus
1253 1151 1270 1177 ,
1296 1126 1366 1165 ne
1393 1109 1530 1164 forte
1560 1106 1793 1162 reditum
1827 1120 1922 1157 nn-

323 1222 505 1267 strum
529 1209 629 1264 a'vi
659 1208 735 1263 tui
759 1206 933 1261 subita
961 1209 1307 1273 pratvortant.
1339 1199 1477 1255 Nolo
1504 1213 1676 1253 annos
1713 1196 1779 1250 ad
1810 1195 1920 1250 cal-

321 1302 515 1357 culum
560 1312 743 1353 voces.
792 1295 1011 1349 Fiducia
1060 1292 1252 1347 salutis
1298 1292 1351 1345 in
1399 1289 1601 1343 viribus
1644 1296 1747 1342 est.
1778 1285 1921 1352 Quas

323 1407 456 1449 eum
488 1389 636 1447 videt
671 1386 980 1456 expendere
1025 1384 1190 1439 tutela
1242 1395 1453 1435 morum
1483 1389 1725 1442 tuorum;
1765 1388 1921 1444 spera

322 1485 676 1541 confecturos
702 1481 863 1545 deos,
896 1489 954 1533 ut
990 1491 1213 1531 maneas
1240 1475 1363 1528 vitae
1391 1473 1596 1541 integer
1623 1470 1677 1525 in
1728 1477 1920 1535 metas,

323 1595 469 1650 quas
498 1585 739 1633 veterum
768 1571 1013 1630 definitio
1039 1569 1190 1625 dedit
1219 1566 1439 1623 saeculo.
1473 1564 1622 1619 Vale.

928 1683 1146 1740 EPIST.
1186 1679 1328 1736 XVI.

796 1790 1108 1830 SYIHACHUS
1146 1783 1459 1827 NAUCELLIO.

406 1896 663 1951 Fortasse
707 1905 902 1961 arguas
946 1887 1214 1942 diutinum
1258 1883 1531 1939 silentium
1562 1894 1760 1934 meum.
1792 1876 1923 1930 Nolo

332 1986 578 2056 applices
608 1984 746 2037 banc
779 1994 983 2035 moram
1014 1978 1371 2047 negligentiae.
1408 1971 1753 2028 Continuatio
1780 1968 1922 2022 enim

335 2078 487 2148 longi
521 2074 728 2131 itineris
770 2073 911 2144 stylo
941 2070 1166 2125 obstitit.
1191 2067 1431 2122 Tandem
1465 2063 1809 2119 Formianum
1840 2060 1925 2113 lit-

337 2180 425 2223 tus
472 2165 797 2222 accessimus
821 2205 836 2227 ,
883 2160 1025 2232 quod
1056 2159 1186 2214 mihi
1218 2167 1365 2213 esset
1390 2155 1661 2223 acceptius
1684 2193 1700 2217 ,
1744 2152 1788 2206 si
1821 2165 1921 2205 una

336 2259 443 2312 loci
493 2256 648 2309 istius
690 2254 965 2321 voluptate
1014 2250 1338 2305 frueremur.
1392 2244 1499 2301 Sed
1542 2245 1666 2314 quia
1698 2243 1800 2296 hoc
1831 2256 1923 2308 per

332 2364 511 2405 annos
529 2355 585 2403 et
606 2346 968 2401 valetudinem
992 2353 1135 2398 tuam
1166 2355 1271 2397 non
1298 2340 1452 2405 licet;
1492 2338 1706 2394 edoceri
1732 2336 1923 2390 saltem

335 2443 539 2497 mutuis
563 2440 751 2497 litteris
782 2447 907 2509 peto
932 2479 946 2502 ,
983 2447 1239 2506 quantum
1264 2431 1581 2503 corpusculo
1607 2430 1805 2500 vigoris
1829 2429 1924 2483 ad-

332 2534 556 2605 jeceris.
604 2532 784 2588 Ines$e
839 2530 985 2585 enim
1036 2528 1134 2583 tibi
1176 2524 1582 2595 temperantiam
1624 2532 1923 2591 caeteraqne

336 2626 555 2685 tuendae
584 2623 876 2681 senectutis
904 2621 1174 2692 pra'sidia,
1204 2633 1309 2673 non
1337 2616 1573 2687 ambigo.
1604 2613 1753 2669 Vale.

921 2731 1138 2788 EI’IST.
1180 2728 1341 2785 XVII.

821 2838 1128 2881 SYIIACHUS
1165 2836 1447 2878 GBEGOBIO.

412 2924 599 2980 Habeo
665 2917 1037 2990 expostulandi
1110 2924 1281 2973 tecum
1352 2914 1656 2984 probabiles
1698 2926 1919 2975 causas;

334 3015 771 3086 quandoquidem
798 3011 1069 3081 pontificio
1097 3009 1317 3065 litterati
1347 3008 1565 3062 honoris
1591 3012 1779 3060 auctus
1808 3006 1923 3059 hul-

2021 464 2307 517 verburum
2358 462 2736 528 familiarium,
2784 477 2906 518 cum
2948 463 3079 518 mihi
3123 463 3191 518 de
3241 463 3455 518 scriniis
3500 465 3605 518 tuis

2023 552 2260 623 profecta
2287 553 2625 624 delegaretur
2653 554 2825 609 oratio
2850 573 2861 609 :
2887 555 2956 610 de
3001 570 3103 626 qua
3153 555 3365 611 interim
3395 563 3446 612 te
3479 570 3604 611 sus—

2022 662 2243 714 pensum
2302 647 2525 706 tenebo;
2583 657 2693 701 tum
2744 646 2956 702 demum
3011 648 3104 702 tibi
3158 647 3345 715 judicii
3407 646 3604 717 publici

2021 737 2258 793 facturus
2287 739 2537 793 indicium
2570 783 2583 804 ,
2616 756 2736 794 cum
2767 742 3077 796 exoraveris
3102 783 3116 807 ,
3149 756 3269 796 cum
3298 742 3564 798 merueris
3587 784 3603 807 ,

2021 840 2075 885 et
2100 830 2221 900 quia
2253 832 2382 885 tanti
2409 831 2543 886 duco
2571 832 2780 888 litteras
2809 840 2948 897 luas,
2979 847 3101 887 cum
3130 833 3432 904 scripseris.
3457 831 3608 890 Vale.

2621 967 2834 1023 EPIST.
2876 968 3017 1025 XIX.

2524 1074 2840 1116 SYMIACBUS
2875 1076 3157 1117 GREGOBIO.

2097 1167 2509 1224 Diuturni'atem
2554 1168 2753 1226 silentii
2805 1172 3024 1241 rnpisti,
3078 1173 3212 1241 sed,
3260 1173 3605 1232 mehercule!

2023 1258 2395 1327 frequentibus
2442 1259 2709 1328 impulsus
2750 1261 2967 1318 officiis.
3001 1263 3112 1333 Ego
3150 1273 3328 1319 tamen
3375 1280 3480 1320 non
3507 1269 3607 1321 mi-

2025 1364 2157 1403 nore
2205 1349 2418 1404 afficior
2465 1352 2845 1421 gratulatione,
2878 1369 3036 1422 quam
3076 1354 3121 1408 si
3171 1356 3374 1413 litteras
3420 1370 3611 1426 sponte

2027 1441 2325 1495 tribuisses.
2357 1441 2612 1497 Germani
2670 1444 2773 1499 mei
2820 1444 3015 1500 vicaria
3050 1454 3316 1515 pmestate
3360 1451 3570 1518 gaudeo
3593 1494 3606 1513 ,

2027 1541 2281 1598 tanquam
2313 1532 2444 1585 mihi
2477 1534 2641 1588 decus
2670 1534 2887 1588 honoris
2917 1539 3223 1592 accesserit.
3263 1537 3452 1593 Vestro
3479 1554 3612 1609 quo-

2025 1637 2130 1693 que
2178 1623 2228 1677 in
2271 1640 2393 1679 eum
2441 1624 2624 1679 favore
2666 1624 2907 1681 delector
2955 1637 3203 1696 tanquam
3252 1630 3451 1699 aliquid
3500 1632 3613 1700 ipse

1956 1738 2005 1799 Β
2032 1718 2346 1783 praestiteris
2370 1733 2383 1770 ε
2411 1731 2531 1772 cum
2558 1732 2664 1786 quo
2691 1719 2950 1773 illustrem
2981 1720 3150 1774 virum
3168 1721 3448 1792 Syagrium
3481 1724 3612 1779 fides

2028 1818 2173 1864 certa
2204 1818 2286 1864 est
2314 1822 2532 1877 Operam
2576 1808 2730 1865 bona:
2762 1810 2927 1881 frugis
2971 1811 3235 1867 adnisum.
3268 1814 3421 1881 Quod
3451 1829 3519 1869 eo
3545 1816 3613 1871 ad

2030 1909 2083 1956 te
2107 1901 2447 1956 scribendum
2482 1902 2659 1968 putavi
2686 1943 2701 1966 ,
2754 1911 2808 1957 ut
2846 1903 3070 1973 gratiam
3114 1914 3352 1962 nostram
3378 1915 3613 1963 assertor

2027 1990 2245 2046 sedulus
2274 1994 2606 2061 exsequaris.
2644 1992 2794 2048 Vale.

2631 2104 2846 2160 EPIST.
2889 2106 3010 2162 XX.

2546 2213 2811 2252 SYMMACIII
2830 2214 2856 2253 8
2894 2215 3173 2256 οιιεεοιιιο.

2100 2289 2320 2358 Elegiin
2350 2290 2625 2345 materiam
2658 2293 2957 2359 proniorem
2993 2310 3008 2347 :
3053 2296 3506 2351 accommodatior
3531 2308 3613 2353 est

2026 2382 2168 2437 enim
2216 2384 2449 2449 querela:
2492 2382 2666 2436 oratio
2709 2384 2982 2453 humana,
3032 2402 3191 2451 quam
3240 2387 3447 2455 gratiae.
3497 2391 3610 2457 Qua

2025 2486 2187 2526 causa
2235 2473 2430 2526 factum
2480 2482 2646 2541 puto,
2694 2483 2752 2527 ut
2778 2489 2867 2530 me
2898 2476 3275 2532 taciturnitatis
3301 2478 3610 2541 incesseris.

2025 2582 2149 2622 Cum
2172 2578 2443 2636 perpetem
2471 2582 2655 2621 curam
2684 2566 2874 2622 dandae
2904 2575 2960 2622 et
2989 2568 3275 2622 reddendae
3300 2570 3488 2625 salutis
3514 2571 3609 2623 ad—

2027 2661 2188 2715 nitar.
2213 2661 2365 2726 Quod
2387 2661 2601 2730 quidem
2632 2676 2718 2714 me
2746 2660 2949 2715 libente
2974 2662 3167 2716 fe'cisti.
3198 2661 3328 2716 Nam
3350 2666 3438 2733 qui
3460 2663 3611 2716 alteri

2025 2752 2198 2821 culpa:
2228 2753 2375 2807 ducit
2399 2752 2561 2806 officii
2589 2751 2986 2821 negligentiam,
3016 2752 3298 2821 pollicetur
3316 2754 3382 2807 de
3400 2767 3460 2807 se
3484 2766 3613 2822 Ope-

2027 2862 2140 2900 ram
2172 2846 2580 2915 promptiorem.
2616 2844 2986 2913 Expostulatio
3018 2854 3106 2899 tua
3137 2847 3304 2899 instar
3332 2855 3415 2900 est
3450 2862 3612 2916 spon-

2025 2940 2213 2994 sionis.
2262 2938 2377 2992 Non
2428 2936 2732 2992 meditabor
2780 2946 2867 2991 tua
2899 2938 3061 2991 verba
3087 2978 3103 3003 ,
3148 2952 3255 2992 non
3294 2940 3612 3008 excogitabo

2026 3030 2342 3085 sententias.
2374 3028 2431 3084 Si
2459 3036 2733 3096 peccatum
2757 3027 2966 3084 silendo
2987 3028 3343 3094 cautiaxeris,
3369 3032 3472 3085 tuis
3499 3040 3613 3084 tan-

333 3113 451 3163 lum
480 3107 607 3162 mihi
636 3105 891 3160 indicium
922 3103 1227 3160 communis
1259 3102 1439 3171 gaudii
1472 3098 1788 3170 prtestitiSti.
1811 3092 1915 3153 Sed
1944 3113 1988 3173 υ
2024 3135 2134 3179 tum
2165 3124 2354 3180 “ueris
2383 3092 2643 3193 argueris.
2676 3123 2825 3178 val...

335 3202 467 3257 nolo
490 3202 690 3271 primas
710 3199 912 3253 litteras
938 3211 1086 3252 meas
1108 3195 1230 3251 felle
1250 3194 1636 3264 objurgationis
1658 3192 1917 3254 imbuere,

335 3310 409 3349 ne
465 3293 703 3348 animum
768 3298 914 3344 tuum
972 3287 1292 3344 contrahant
1352 3300 1533 3341 amara
1592 3298 1921 3339 sermonum.

333 3391 520 3453 Quare
561 3383 766 3439 decedo
813 3380 1168 3451 querimoniis
1191 3421 1206 3445 ,
1243 3388 1298 3433 et
1342 3391 1516 3434 tecum
1546 3379 1682 3432 hanc
1714 3378 1922 3431 veniam

335 3478 418 3532 sic
446 3475 712 3547 paciscor,
742 3473 796 3528 iu
828 3476 1089 3545 reliquum
1122 3474 1271 3544 pensi
1303 3473 1499 3528 habeas
1526 3468 1776 3526 amicitia:
1802 3471 1924 3525 dili-

335 3570 598 3639 gentiam.
645 3566 727 3621 Sit
770 3567 911 3622 iuter
958 3581 1056 3620 nos
1105 3565 1355 3635 frequens
1387 3566 1559 3620 honor
1586 3564 1703 3634 ejus
1739 3563 1921 3631 officii,

335 3662 448 3715 sint
494 3659 724 3714 assidua:
770 3659 1090 3728 scriptorum
1138 3658 1476 3712 familiarium
1522 3658 1689 3711 vices.
1720 3655 1927 3725 Quippe

336 3754 503 3808 tacita
528 3751 812 3806 concordia
842 3751 1011 3805 instar
1052 3749 1297 3804 odiorum
1329 3759 1432 3805 est.
1467 3749 1589 3803 Ideo
1618 3749 1824 3803 litteras
1851 3748 1927 3801 af-

336 3843 491 3897 fabra
540 3858 720 3897 rerum
751 3843 834 3896 vel
883 3854 1099 3907 natura,
1149 3842 1232 3896 vel
1281 3841 1545 3896 industria
1595 3841 1836 3910 peperit,
1870 3848 1929 3895 ut

336 3950 615 4005 nunquam
646 3947 789 3989 muta
816 3946 963 3990 esset
989 3934 1237 3990 affectio:
1262 3943 1315 3988 et
1342 3936 1385 3989 si
1408 3935 1623 4005 quando
1651 3933 1924 3998 absumus,

339 4027 544 4096 lingua.-
569 4034 628 4080 ut
651 4040 868 4093 operam
897 4026 1243 4096 fungerentur
1283 4027 1432 4096 signa
1464 4025 1769 4081 verborum.
1805 4025 1929 4080 Haec

338 4121 396 4174 in
444 4119 732 4187 praesentia
779 4119 910 4173 satis
955 4119 1097 4173 dicta
1124 4120 1253 4173 sint.
1287 4120 1426 4188 Opto
1468 4118 1722 4188 deinceps
1762 4128 1929 4172 mate-

339 4209 481 4264 riam
529 4208 659 4263 mibi
706 4209 771 4263 ad
824 4195 1266 4276 respondendum,
1301 4210 1438 4276 dari,
1470 4211 1641 4279 gratia
1692 4209 1929 4265 muneris

341 4301 444 4365 tui,
478 4316 586 4355 non
613 4300 803 4357 dolore
832 4299 1054 4355 fastidii.
1086 4299 1239 4355 Vale.

909 4413 1126 4470 EPIST.
1168 4414 1354 4471 XVIII.

825 4522 1130 4564 δῖιιιιιςιιυε
1168 4524 1447 4565 σκεϐοιιιο.

413 4599 673 4654 Abundas
707 4599 922 4668 quidem
969 4609 1174 4653 natura:
1206 4600 1356 4654 bonis
1384 4609 1440 4654 et
1477 4600 1669 4669 ingenii
1703 4597 1924 4653 faculta-

344 4694 517 4758 tibus;
555 4692 650 4746 sed
680 4691 917 4746 continui
958 4691 1158 4747 silentii
1189 4692 1398 4761 culpam
1431 4690 1524 4744 tibi
1552 4705 1765 4760 quoque
1797 4704 1923 4758 pur-

343 4797 475 4851 gare
518 4781 741 4835 difficile
785 4789 889 4835 est.
916 4780 1051 4849 Quid
1082 4781 1223 4836 enim
1252 4797 1318 4836 ex
1347 4798 1474 4836 vero
1495 4821 1510 4846 ,
1558 4781 1641 4836 vel
1686 4797 1749 4834 ex
1781 4795 1927 4834 com-

349 4881 586 4926 mentata
613 4870 720 4926 dici
756 4874 968 4941 potest?
1004 4872 1197 4927 ltiuera
1230 4888 1338 4941 me,
1372 4873 1580 4942 inquies
1602 4911 1618 4937 ,
1662 4871 1817 4942 longa
1851 4884 1926 4926 te-

349 4972 585 5019 nuerunt
623 4979 639 5018 :
680 4964 774 5017 sed
804 4978 948 5032 πρε
986 4974 1276 5029 cessatum,
1309 4972 1364 5018 et
1390 4963 1674 5033 aliquando
1705 4978 1927 5033 pervcn-

351 5063 463 5109 tum
493 5063 596 5108 est.
626 5053 853 5122 Vigilem
897 5067 1116 5122 operam
1165 5053 1390 5122 publicis
1433 5052 1593 5107 rebus
1635 5050 1923 5122 impendo;

349 5143 446 5200 sed
478 5144 682 5199 vicibus
703 5145 797 5197 otii
828 5156 987 5198 omne
1018 5144 1291 5213 negotium
1322 5143 1684 5212 distinguitur.
1720 5142 1927 5208 Restat,

350 5236 493 5303 quod
520 5236 741 5290 minime
760 5236 907 5305 volo,
932 5245 990 5290 ut
1009 5233 1228 5289 fatearis
1257 5234 1503 5289 amicitiae
1529 5233 1929 5305 negligentiam.

347 5326 485 5382 Nam
515 5327 689 5382 ofﬁcia
717 5328 762 5383 si
790 5326 1106 5397 plerumque
1144 5327 1393 5387 deseras,
1434 5325 1713 5395 occupatio
1741 5334 1825 5381 est
1847 5341 1862 5383 :
1881 5324 1927 5380 si

347 5435 586 5491 seraper,
604 5420 894 5477 oblivionis
921 5421 1121 5475 crimen
1149 5430 1324 5488 putes.
1352 5418 1484 5485 lloc,
1507 5418 1552 5473 si
1583 5417 1699 5473 fieri
1728 5426 1928 5486 posset,

350 5524 608 5568 tacerem.
655 5513 837 5568 illudis
879 5528 1009 5583 ergo
1038 5512 1312 5582 patientia:
1362 5525 1517 5566 meae.
1546 5510 1708 5582 Atqui
1736 5510 1930 5565 intelli-

342 5620 484 5680 ges,
530 5621 740 5676 aequum
786 5608 1022 5662 animum
1068 5606 1272 5675 majore
1303 5604 1476 5674 pretio
1520 5603 1927 5661 munerandum.

349 5696 630 5767 indignius
657 5697 885 5765 lmditur,
908 5714 1065 5764 quem
1091 5698 1278 5767 religio
1304 5711 1407 5752 non
1433 5697 1691 5767 permittit
1715 5696 1930 5753 offendi.

1951 4480 2007 4540 D

2620 3234 2837 3290 EPIST.
2878 3233 3017 3288 XXI.

2538 3336 2849 3382 εῖιιιιιισιιυε
2886 3341 3167 3383 ωιεοοιιιο.

2099 3439 2304 3493 Vellem
2357 3447 2411 3493 te
2469 3439 2646 3505 legato
2694 3438 2769 3491 uti
2834 3437 2974 3503 apud
3022 3439 3281 3504 optimum
3330 3439 3607 3493 consulem

2026 3529 2316 3600 purganda:
2343 3538 2500 3599 atque
2520 3529 2845 3583 excusanda:
2867 3530 3126 3583 absentiae
3152 3543 3303 3594 mete,
3326 3529 3373 3583 si
3396 3530 3614 3594 Scirem,

2026 3622 2168 3691 quod
2214 3632 2267 3674 tu
2310 3620 2440 3675 mihi
2471 3619 2523 3673 in
2570 3633 2633 3673 ea
2684 3634 2744 3675 re
2773 3619 2921 3688 prius
2966 3620 3296 3688 ignosceres.
3326 3620 3458 3675 Nam
3490 3635 3610 3674 cum

2026 3725 2263 3769 vestrum
2292 3728 2529 3767 antorem
2549 3712 2746 3780 cogito,
2778 3726 2968 3765 vereor
2990 3728 3056 3766 ne
3088 3720 3143 3765 ut
3168 3727 3254 3766 me
3271 3727 3423 3782 mque
3448 3713 3608 3766 ambo

2028 3804 2248 3874 diligitis
2270 3843 2286 3869 ,
2320 3803 2390 3857 ita
2424 3803 2672 3856 similiter
2713 3802 2972 3869 arguatis.
3007 3801 3137 3867 Quis
3167 3801 3327 3868 igitur
3353 3802 3481 3855 mibi
3511 3803 3611 3855 hu-

2023 3893 2113 3963 jus
2136 3907 2313 3950 causae
2347 3892 2600 3947 defensor
2642 3892 2977 3946 adhibendus
3008 3892 3128 3945 est?
3168 3891 3378 3945 foriuna
3408 3893 3613 3948 scilicet

2031 3999 2146 4039 mea
2173 4002 2185 4038 :
2210 3984 2365 4052 cujus
2391 3994 2449 4037 ut
2492 3986 2687 4038 misera
2708 4026 2722 4049 ,
2760 3985 2825 4034 ita
2852 3982 2992 4049 justa
3025 3983 3269 4051 purgatio
3297 3994 3399 4039 est.
3432 3984 3613 4054 Neque

2031 4076 2176 4129 enim
2223 4075 2302 4128 fas
2346 4074 2506 4137 sinit,
2538 4072 2659 4128 lazta
2689 4072 2862 4127 officia
2893 4073 3044 4127 obire
3074 4073 3347 4142 lugen'es;
3388 4072 3614 4129 fortasse

2031 4169 2191 4222 etiam
2236 4176 2464 4222 vestram
2511 4166 2833 4220 hilaritatem
2876 4180 2993 4221 mea
3037 4165 3304 4220 tristitudu
3333 4168 3615 4222 contrahe-

2034 4267 2150 4312 ret:
2176 4257 2440 4327 siquidem
2468 4271 2683 4322 semper
2713 4257 2826 4309 lieri
2860 4264 3023 4321 amat,
3055 4267 3112 4309 ut
3149 4256 3387 4309 habitum
3420 4258 3615 4310 tuentis

2033 4351 2100 4403 de
2146 4351 2441 4410 amicorum
2484 4361 2581 4400 ore
2626 4345 2908 4400 ducamus.
2954 4346 3133 4411 Quare
3182 4345 3420 4414 ignosce,
3468 4346 3610 4414 quod

2036 4442 2329 4509 desumus,
2375 4448 2430 4495 et
2476 4438 2617 4507 apud
2666 4437 2938 4507 egregium
2972 4437 3147 4490 virum
3177 4438 3451 4493 consulem
3491 4436 3614 4493 fave

2033 4534 2292 4591 absentia:
2337 4548 2470 4587 mea:
2514 4548 2528 4584 :
2568 4532 2718 4599 cujus
2749 4530 2953 4584 honore
2994 4529 3113 4595 glor
3134 4529 3210 4583 ari
3242 4541 3482 4584 nostrum
3510 4539 3612 4590 est.

2032 4627 2281 4697 auspiciis
2310 4628 2570 4682 interesse
2602 4623 2856 4677 felicium.
2892 4623 3038 4676 Vale.

2609 4740 2823 4796 EPIST.
2867 4738 3028 4793 XXII.

2535 4846 2838 4886 SYIIIIACIIUS
2874 4844 3149 4886 GREGORIO.

2102 4951 2331 5007 Tantum
2365 4948 2457 5002 tibi
2499 4948 2734 5015 suppetit
2775 4944 2959 4999 uberis
2986 4943 3205 5011 eloquii,
3238 4952 3295 4997 ut
3324 4943 3515 5012 prioris
3544 4944 3613 4998 si-

2030 5045 2179 5103 lentii
2209 5042 2416 5099 veniam
2453 5054 2574 5094 cum
2608 5036 2886 5107 praesemis
2933 5034 3190 5090 facundia:
3218 5034 3373 5088 laude
3407 5050 3614 5089 merea-

2031 5142 2125 5197 ris.
2156 5140 2285 5207 Quaa
2312 5135 2455 5192 enim
2488 5148 2614 5205 pars
2658 5133 2952 5186 litterarum
2984 5139 3191 5184 tuarum
3220 5129 3302 5184 vel
3344 5127 3609 5185 inventio-

2033 5247 2159 5288 num
2208 5229 2489 5300 prudentia
2539 5225 2750 5294 caruit,
2802 5225 2887 5280 vel
2928 5223 3165 5278 novitate
3212 5236 3498 5287 scnsunm,
3526 5219 3608 5274 vel

2032 5324 2347 5393 antiquitate
2373 5318 2696 5374 verborum?
2731 5315 2864 5371 Cum
2897 5316 3058 5384 igitur
3080 5314 3173 5369 tibi
3199 5314 3437 5382 supellex
3463 5312 3611 5380 larga

2040 5432 2144 5471 non
2171 5412 2332 5477 desit,
2359 5411 2611 5475 inni:ere,
2640 5423 2824 5478 qumso
2850 5418 2922 5471 te,
2950 5416 3028 5471 ut,
3063 5406 3219 5462 sicuti
3246 5404 3486 5459 oratione
3513 5406 3613 5455 mi-

2041 5506 2221 5561 rabilis
2247 5519 2328 5568 es,
2361 5507 2429 5557 ita
2462 5500 2717 5570 religione
2757 5499 3018 5569 proberis.
3062 5497 3240 5551 Faciet
3282 5494 3381 5547 hoc
3407 5492 3613 5548 crebri-

2041 5612 2121 5656 tas
2156 5596 2498 5668 epistolarum
2531 5603 2762 5655 tuarum,
2806 5608 2925 5661 qua:
2956 5604 3059 5645 non
3088 5589 3258 5642 solum
3290 5585 3378 5639 tibi
3411 5583 3613 5654 parabit

2039 5694 2283 5755 gratiam.
2315 5704 2500 5744 verum
2531 5686 2693 5744 etiam
2722 5699 2807 5740 me
2839 5682 2992 5737 faciet
3020 5677 3420 5747 promptiorem.
3459 5675 3611 5731 Vale.
