4074 6176
474 247 575 328 em
1637 276 1698 342 ρ.
1736 276 2079 332 iiunELttzs
2119 277 2554 336 svnmcuus.

1047 386 1258 445 EPIST.
1299 387 1484 442 XXIII.

933 496 1234 535 SYMMACIIUS
1274 495 1576 534 DIARINIANO.

549 593 651 648 Nos
680 590 764 646 hic
797 591 848 644 in
881 591 989 644 otio
1021 591 1361 656 rusticamur,
1390 598 1445 644 et
1477 588 1806 644 multimodis
1846 601 2061 644 autum-

479 698 642 742 trtnle
691 685 1005 739 defruimur.
1059 682 1192 736 Nam
1241 692 1521 751 postquam
1564 682 1722 737 doliis
1763 698 1899 736 nova
1937 683 2060 737 vina

478 778 864 841 eummisimns,
893 790 1010 843 quae
1040 775 1184 829 calce
1213 783 1267 827 et
1304 773 1453 841 prelo
1492 773 1711 827 subacta
1762 773 2056 840 ﬁnxerunt;

482 867 700 936 trapetis
748 867 938 922 teritur
985 865 1147 919 bacca
1193 864 1469 934 Sycionia,
1523 873 1579 918 ut
1623 880 1835 934 pracox
1863 865 1977 919 olea
2009 866 2059 919 in

482 975 634 1014 usum
684 959 806 1012 olivi
851 957 1036 1012 viridis
1087 957 1402 1011 mulceatur.
1439 956 1645 1012 Interea
1679 958 1779 1011 loci
1830 958 2060 1011 ferarum

480 1053 667 1108 dumos
699 1050 888 1118 indago
908 1049 1183 1115 sollicitat,
1207 1057 1260 1102 et
1288 1049 1524 1103 incertus
1546 1049 1776 1117 agricola
1808 1049 1862 1102 in
1888 1049 2061 1102 ofﬁcia

482 1147 691 1201 diversa
720 1143 994 1198 discurrit.
1021 1142 1123 1196 Alii
1155 1140 1311 1194 scalis
1336 1140 1400 1194 ad
1428 1140 1675 1194 arborum
1705 1155 1915 1194 summa
1947 1155 2063 1209 per-

485 1247 707 1308 repunt;
749 1237 989 1308 plerique
1027 1235 1242 1289 condita
1285 1244 1455 1288 musta
1499 1235 1780 1288 defaecant.
1817 1234 2065 1288 Nonnulli

483 1344 733 1398 aprorum
759 1329 920 1383 odora
950 1329 1168 1394 vestigia
1199 1341 1388 1380 canum
1417 1325 1710 1394 sagacitate
1740 1324 2063 1392 di-qnirunt.

487 1422 592 1476 Sed
621 1422 739 1475 haec
763 1421 973 1484 omnia,
1001 1418 1047 1472 si
1076 1417 1353 1471 nobiscum
1385 1429 1593 1485 ageres,
1622 1415 1740 1482 plus
1769 1416 2062 1484 placet-ent.

487 1516 658 1570 'l‘enet
689 1522 741 1568 te
767 1512 1000 1568 eruditio
1035 1509 1565 1575 Scaevolarum,dum
1591 1507 1833 1562 forenses
1862 1506 2068 1562 tabulas

489 1606 711 1675 pervigil
752 1605 941 1659 doctor
984 1602 1238 1657 instituis.
1288 1600 1465 1668 Quare
1494 1615 1716 1655 accurre
1755 1599 2064 1668 perniciter,

490 1709 544 1750 nt
573 1697 822 1750 feriarum
846 1693 1032 1762 requie
1058 1692 1258 1747 laboris
1281 1692 1550 1746 fastidium
1577 1699 1869 1761 tergeatur.
1901 1689 2065 1746 Certe

487 1788 532 1840 si
561 1787 651 1840 tibi
684 1761 937 1856 ergastuli
985 1784 1138 1838 istius
1176 1798 1329 1838 amor
1354 1793 1530 1836 tantus
1558 1790 1662 1847 est,
1695 1783 1882 1835 adesto
1911 1781 2066 1851 impi-
2099 1761 2143 1819 Β

486 1894 600 1947 ger,
629 1886 686 1932 ut
714 1877 779 1932 ad
809 1874 1091 1931 dicendum
1122 1875 1420 1943 promptior
1450 1873 1757 1928 revertaris.
1783 1871 1926 1926 Vale.

1057 1985 1273 2041 EPIST.
1315 1984 1502 2039 XXIV.

954 2114 1261 2154 ξγδωλειιυε
1299 2113 1607 2153 HAIIINIANO.

561 2216 711 2285 Quod
744 2215 970 2269 fortuna:
1002 2223 1106 2268 tua:
1133 2212 1514 2283 pollucibiliter
1542 2211 1858 2277 floruerunt,
1895 2226 2070 2266 meum

492 2311 628 2364 duco
669 2306 1043 2376 compendium
1089 2324 1101 2358 :
1145 2304 1355 2375 quando
1403 2305 1471 2358 ita
1515 2306 1781 2358 animatus
1828 2317 1965 2370 sum,
2017 2313 2074 2358 ut

491 2403 782 2457 amicorum
811 2414 1068 2470 prOSpcra
1107 2398 1240 2454 meis
1267 2397 1692 2454 commodatibus
1719 2408 1938 2451 externa
1966 2411 2071 2451 non

490 2495 742 2550 arbitrer.
774 2493 840 2547 Et
860 2508 1048 2548 revera
1073 2501 1268 2561 quotus
1296 2491 1520 2561 quisque
1546 2490 1749 2545 homini
1779 2490 1894 2544 dies
1921 2490 2074 2545 laetus

491 2595 573 2639 cst
599 2626 613 2650 ,
665 2600 760 2639 sua
789 2593 992 2638 tantum
1046 2583 1280 2638 secunda
1309 2583 1646 2637 numeranti‘!
1675 2583 1857 2637 Latius
1878 2582 2073 2651 gaudet

491 2678 579 2744 qui
615 2686 666 2730 et
697 2676 919 2730 alterius
959 2675 1116 2729 bonis
1143 2674 1395 2742 pas-citur.
1429 2673 1542 2739 Qua
1575 2688 1660 2727 me
1689 2673 1848 2742 igitur
1888 2684 2068 2743 gratu-

492 2769 690 2823 latione
740 2766 986 2822 aﬁ‘ectum
1034 2777 1226 2835 putas,
1277 2779 1397 2819 cum
1451 2765 1543 2819 tibi
1586 2766 1824 2832 comperi
1863 2765 2075 2834 jugales

491 2865 620 2918 deos
661 2859 1115 2915 matremfamilias
1159 2858 1467 2928 copulasse,
1510 2866 1668 2926 atque
1698 2873 1761 2913 ex
1802 2872 1862 2913 ea
1906 2857 2070 2911 ﬁlintn

490 2957 596 3022 jam
629 2953 950 3021 tempestivo
977 2951 1192 3005 dedisse
1220 2948 1520 3017 proventu?
1564 2947 1695 3001 Nam
1726 2957 1783 3002 ut
1826 2949 1954 3013 stis,
1988 2949 2070 3002 in~

494 3045 719 3099 tervallo
765 3044 928 3098 maris
957 3053 1116 3111 atque
1161 3051 1421 3095 terrarum
1467 3055 1571 3108 quo
1609 3040 1933 3106 detinemur,
1967 3054 2070 3093 non

497 3136 643 3203 prius
671 3135 951 3202 conjugem
985 3133 1077 3187 tibi
1101 3172 1117 3196 ,
1147 3147 1305 3198 quam
1345 3131 1588 3186 sobolem
1617 3132 1912 3186 accessisse
1942 3145 2074 3200 θος-

493 3227 637 3280 nnvi.
683 3225 888 3293 Quippe
926 3224 1048 3278 unis
1074 3223 1266 3276 litteris
1296 3230 1352 3276 et
1379 3223 1618 3275 nuntium
1662 3222 1840 3276 ﬁliolae
1882 3236 2071 3277 recens

493 3319 673 3385 editae,
700 3325 755 3370 et
785 3315 1073 3386 nuptialem
1100 3314 1391 3382 Sportulam
1420 3313 1676 3368 detulisti.
1704 3314 1832 3381 Quae
1858 3314 2072 3383 quidem

493 3415 629 3467 bona
661 3411 752 3466 tibi
775 3410 1054 3482 dispertita
1077 3409 1406 3478 temporibus
1426 3409 1869 3469 aceiderunt.sed
1895 3425 2071 3463 meum

496 3513 679 3574 pectus
724 3505 925 3573 pariter
978 3504 1216 3572 ingressa
1262 3509 1406 3555 sunt.
1436 3499 1639 3554 Cedant
1685 3501 1873 3570 gaudia
1905 3500 2073 3556 divisa

493 3595 814 3666 conjunctis.
845 3593 1160 3650 Uberiorem
1189 3591 1418 3647 fructum
1457 3590 1583 3643 mihi
1619 3591 1864 3659 praestitit
1899 3605 2071 3644 mora.

493 3687 607 3742 Jam
641 3701 746 3741 non
784 3700 981 3754 queror
1021 3684 1160 3754 quod
1218 3681 1458 3752 epistolae
1490 3690 1594 3734 tua:
1640 3695 1778 3735 serae
1805 3691 1950 3736 sunt.
1981 3683 2075 3736 Ju-

493 3782 666 3838 cunda
696 3779 883 3835 dilatio
908 3787 1027 3843 est,
1071 3793 1191 3847 quze
1232 3776 1390 3830 simul
1437 3775 1576 3829 bona
1605 3775 1774 3844 pluria
1816 3776 2071 3830 restituit.

493 3874 640 3928 Vale.

1075 3937 1289 3992 EPIST.
1333 3937 1498 3994 XXV.

960 4051 1270 4091 SYMMACIIUS
1309 4048 1615 4090 MARINIANO.

568 4151 747 4205 Plena:
777 4158 935 4218 atque
981 4149 1292 4203 inveterata:
1340 4147 1478 4204 inter
1526 4160 1626 4201 nos
1652 4143 1900 4199 amicitiae
1946 4140 2077 4196 nihil

496 4243 652 4313 adjici
697 4256 859 4312 posse
889 4239 1246 4296 credideram.
1278 4238 1533 4293 Invenisti
1568 4247 1779 4300 tamen,
1821 4249 1929 4303 quo
1959 4249 2080 4301 per-

497 4337 687 4390 fectant
715 4333 1048 4404 diligentiam
1079 4333 1153 4386 tui
1180 4333 1231 4385 in
1263 4330 1528 4398 fastigium
1559 4328 1890 4382 tolleremus.
1919 4325 2078 4378 Ama-

497 4427 590 4481 bili
641 4425 784 4479 enim
836 4423 1025 4478 ﬁducia
1062 4422 1285 4478 Ausioni
1315 4431 1419 4475 tua:
1459 4417 1742 4489 praebenda
1789 4416 2075 4482 mandasti,

497 4532 615 4586 qua!
648 4495 1006 4585 peregrinatio
1037 4514 1260 4570 hiberna
1313 4515 1584 4582 poscebat.
1616 4512 1701 4567 Tu
1735 4525 1865 4566 vero
1910 4509 2077 4563 abun-

499 4609 633 4660 dans
662 4607 930 4669 omnibus,
957 4604 1132 4659 studio
1154 4603 1313 4658 dandi
1346 4602 1587 4658 beneﬁcii
1617 4603 1926 4671 excogitasti
1955 4616 2082 4656 cau-

501 4713 613 4751 sam
662 4697 897 4768 petendi.
940 4695 1045 4750 Sed
1089 4694 1304 4749 dedisse
1335 4703 1387 4749 le
1426 4711 1489 4748 ex
1535 4695 1633 4749 hoc
1662 4693 1920 4763 gratiam,
1951 4693 2081 4748 satis

503 4797 714 4844 constat
749 4805 762 4841 :
798 4788 919 4856 quia
953 4786 1071 4854 plus
1099 4787 1324 4852 accepit,
1355 4784 1420 4837 de
1448 4801 1554 4853 quo
1581 4785 1682 4838 sibi
1712 4785 1910 4854 aliquid
1948 4785 2082 4839 alte-

503 4885 613 4937 rius
643 4895 794 4934 amur
826 4877 1078 4931 vindicat.
1107 4875 1224 4930 Uno
1252 4883 1452 4928 tantum
1483 4875 1630 4943 lapsu
1651 4873 1752 4946 (fas
1781 4876 1852 4928 sit
1877 4875 2080 4943 dicere)

503 4973 673 5028 amica
703 4968 990 5024 vindicatio
1037 4965 1396 5032 claudicavit,
1443 4967 1584 5034 quod
1631 4965 2080 5020 remunerandum

507 5059 591 5119 me
631 5063 697 5118 de
721 5060 948 5117 Callatia
984 5060 1087 5128 poll
1113 5060 1273 5122 ceris,
1308 5059 1394 5112 ubi
1422 5059 1486 5110 ad
1523 5061 1750 5124 patrium
1786 5059 1953 5112 larem
1994 5074 2085 5113 ve-

507 5155 669 5210 neris.
700 5151 1001 5207 Noluissem
1032 5151 1386 5205 constantiam
1420 5149 1541 5203 boni
1574 5147 1697 5203 facti
1742 5150 1754 5202 i
1781 5169 1790 5200 I
1837 5150 1948 5204 brec
1980 5161 2084 5205 tre-

509 5247 645 5315 pidae
692 5243 1033 5298 verecundia:
1083 5244 1246 5295 verba
1292 5240 1640 5295 descendere.
1687 5240 1792 5295 Sed
1825 5252 2085 5310 praetereo

508 5339 732 5394 laudata:
775 5335 1016 5405 epistolae
1071 5335 1184 5387 leve
1231 5332 1514 5386 fascinum.
1567 5331 1747 5400 Neque
1800 5331 1948 5387 enim
2001 5347 2086 5388 me

510 5438 672 5486 tantae
717 5428 900 5498 gratiae
948 5425 1200 5495 obligatio
1250 5438 1560 5478 sermonum
1593 5423 1935 5492 interpretem
1967 5438 2087 5478 esse

510 5519 654 5575 sinit.
705 5517 812 5574 Cur
855 5525 1032 5572 autem
1085 5518 1250 5568 ntulta
1298 5513 1583 5582 loquimur,
1634 5527 1794 5582 parva
1839 5514 2090 5568 missuri?

511 5612 799 5679 de<criptio
825 5608 1198 5665 tradendarum
1233 5607 1324 5660 tibi
1359 5607 1586 5660 vestium
1619 5608 1906 5662 secundam
1940 5609 2089 5677 pagi-

516 5717 635 5754 nam
669 5711 830 5754 tenet.
856 5700 995 5766 Quid
1025 5701 1093 5756 de
1126 5697 1490 5753 mediocritate
1515 5713 1698 5752 carum
1724 5699 1946 5761 sentias,
1974 5698 2090 5766 ipse

2111 4479 2158 4538 D

3638 291 3743 346 208

2087 397 2132 452 Α
2167 391 2362 443 videris
2388 432 2402 453 ,
2451 390 2537 459 qui
2589 389 2749 445 hiemi
2783 392 2948 462 magis
2975 434 2988 456 ,
3039 407 3196 463 quam
3225 395 3388 455 cultui
3437 411 3556 471 apta
3591 402 3734 461 indui

2163 493 2340 536 menta
2373 482 2604 536 voluisti.
2641 483 2788 537 Vale.

2732 575 2943 630 EPIST.
2978 575 3164 633 XXVI.

2633 681 2942 721 εγιιωλειιυε
2975 686 3275 726 MARINIANO.

2236 756 2491 822 Securus,
2523 765 2579 811 ut
2602 757 2776 827 video,
2818 761 3082 814 scribendi
3125 763 3190 815 ad
3222 779 3306 817 me
3330 764 3474 820 vices
3495 768 3760 838 negligim.

2165 851 2281 908 Scis
2309 853 2449 906 enim
2481 852 2779 909 istiusmodi
2818 857 3031 923 culpam
3064 861 3179 912 sine
3209 859 3406 914 talione
3444 878 3743 920 cessuram.

2164 943 2382 1008 Quoties
2412 945 2644 999 minatus
2672 961 2790 999 sum
2824 961 2918 1014 par
2938 947 3228 1013 silentium,
3258 954 3301 1005 si
3330 966 3358 1004 a
3391 953 3580 1010 litteris
3614 965 3744 1010 temo

2167 1035 2671 1102 perasses?Vincar
2699 1048 2874 1090 tamen
2904 1040 3216 1107 affectione,
3267 1052 3320 1096 et
3365 1044 3603 1100 delector
3652 1048 3744 1102 tali

2167 1127 2446 1182 mendacio
2473 1143 2613 1183 meo.
2644 1128 2723 1183 Ex
2753 1145 2858 1199 quo
2891 1131 3188 1201 intelligere
3232 1145 3402 1202 pctes,
3429 1152 3588 1206 quam
3616 1154 3746 1192 con-

2165 1229 2366 1274 stanter
2394 1219 2634 1289 diligam,
2659 1220 2749 1290 qui
2797 1227 2904 1275 tam
2948 1222 3313 1280 inconstanter
3343 1226 3544 1282 irascor
3592 1229 3743 1285 Vale.

2703 1335 2924 1391 EPIST.
2961 1336 3176 1391 XXVII.

2633 1440 2944 1482 SYMMACIIUS
2973 1443 3280 1482 MARINIANO.

2245 1539 2581 1594 Dcsideratas
2612 1539 2738 1593 mihi
2773 1540 2978 1596 litteras
3007 1555 3132 1596 sero
3158 1541 3388 1597 hominis
3414 1544 3520 1600 mei
3550 1544 3746 1600 adven-

2171 1642 2255 1686 tus
2282 1632 2543 1697 exhibuit,
2568 1649 2685 1701 qua:
2712 1633 2864 1687 nobis
2890 1644 3097 1702 gratum
3123 1633 3410 1689 admodum
3433 1636 3620 1691 salutis
3644 1647 3747 1692 ture

2171 1722 2425 1778 indicium
2461 1725 2840 1790 praestiterunt.
2873 1725 3044 1792 Atque
3090 1724 3292 1779 utinam
3337 1724 3563 1781 facilitas
3601 1742 3748 1782 com-

2172 1826 2379 1869 meatus
2409 1815 2616 1883 Copiam
2648 1814 2799 1868 daret
2829 1813 3209 1884 frequentioris
3234 1815 3427 1872 ofﬁcii!
3462 1817 3609 1873 Vale.

2718 1923 2932 1980 EPIST.
2976 1925 3214 2004 xxvnt.

2640 2033 2694 2072 εν
2704 2032 2948 2073 Μυλουυε
2986 2034 3291 2075 ΗΔΒΙΝΙΑΝΟ.

2245 2129 2580 2200 Exspectata:
2610 2130 2738 2184 mihi
2787 2139 2892 2184 tum
2925 2131 3115 2186 litterae
3163 2125 3528 2201 contigerunt,
3559 2133 3752 2202 quibus

2177 2221 2474 2289 promptior
2503 2221 2566 2272 ad
2612 2220 3033 2276 vicissitudinem
3066 2221 3260 2276 reddar
3289 2223 3470 2277 ofﬁcii.
3516 2222 3625 2278 Nec
3655 2226 3753 2278 mi-

2177 2310 2316 2364 reris
2351 2309 2493 2380 quod
2523 2310 2618 2365 tibi
2647 2325 2826 2366 sermo
2839 2319 3036 2367 noster
3061 2327 3183 2367 sero
3221 2313 3482 2379 tradetur,
3512 2328 3633 2368 cum
3658 2315 3753 2368 ali-

2176 2403 2300 2472 quid
2329 2403 2428 2458 sibi
2461 2404 2839 2472 occupationes
2869 2404 3161 2470 vindicent,
3204 2421 3586 2476 nonnunquam
3616 2406 3754 2462 dcsit

2176 2493 2422 2560 facultas,
2456 2494 2850 2549 tabellariorum
2877 2510 3089 2565 quoque
3109 2495 3430 2565 negligentia
3452 2506 3754 2567 susceptam

2176 2601 2393 2655 operam
2421 2586 2733 2657 plerumque
2761 2587 3064 2642 frusttetur.
3095 2587 3289 2642 Desine
3319 2587 3478 2656 igitur
3517 2588 3754 2641 animum

2177 2687 2416 2733 nostrum
2458 2679 2802 2749 epistolarum
2843 2680 3060 2735 seritate
3091 2681 3287 2746 metiri,
3322 2694 3442 2734 cum
3472 2679 3630 2735 rebus
3659 2695 3755 2749 po-

2177 2771 2280 2826 tius
2306 2787 2462 2842 quam
2490 2773 2666 2828 verbis
2699 2781 2971 2839 spectetur
2997 2771 3227 2828 affectio.
3266 2771 3414 2828 Vale.

2746 2881 2956 2936 EPIST.
2991 2880 3188 2936 XXIX.

2636 2987 2944 3027 SVMIIACBUS
2983 2987 3291 3027 MARINILNO.

2099 3121 2143 3182 Ε
2251 3087 2467 3142 Factum
2500 3085 2738 3151 nuntias,
2769 3089 2907 3151 quod
2935 3099 3029 3154 spe
3070 3094 3124 3139 et
3149 3084 3402 3151 opinione
3445 3095 3568 3140 ante
3615 3101 3751 3156 prae-

2179 3179 2326 3246 cepi,
2357 3187 2416 3232 ut
2443 3175 2537 3230 tibi
2567 3176 2852 3230 amicitiam
2885 3175 3145 3229 bonorum
3188 3175 3391 3242 primus
3441 3189 3754 3244 congressus

2179 3269 2432 3338 aperiret.
2464 3268 2700 3337 Namque
2732 3267 2830 3320 hoc
2861 3267 3013 3321 nobis
3053 3275 3104 3321 et
3134 3267 3205 3319 tui
3239 3280 3435 3334 mores,
3465 3274 3518 3319 et
3545 3266 3754 3320 illorum

2173 3360 2369 3429 judicia
2397 3359 2774 3428 promiserant.
2810 3356 2990 3416 Facile
3017 3357 3159 3410 enim
3193 3355 3426 3424 probitas
3470 3355 3648 3409 delata
3689 3356 3754 3408 ad

2175 3453 2429 3506 virtutum
2457 3450 2688 3504 arbitros
2728 3449 2920 3516 placet.
2958 3448 3150 3502 Vernm
3190 3447 3288 3502 ista
3329 3449 3451 3517 pars
3481 3446 3755 3516 gaudenda

2175 3543 2306 3598 mihi
2349 3543 2547 3610 potius,
2578 3555 2736 3610 quam
2779 3537 3116 3607 producenda
3140 3547 3244 3594 est.
3271 3537 3404 3592 Illud
3434 3537 3644 3591 mallem
3681 3536 3755 3590 la-

2178 3635 2280 3688 tius
2309 3633 2618 3701 praedicare,
2652 3632 2695 3686 si
2723 3641 2958 3701 aequaret
2983 3632 3155 3684 oratio
3182 3630 3260 3684 rei
3299 3628 3714 3699 magnitudinem
3739 3669 3754 3691 ,

2175 3726 2317 3795 quod
2342 3725 2656 3779 vestimenta
2678 3723 2744 3777 de
2768 3724 2920 3776 nobis
2944 3725 3063 3776 usui
3092 3732 3180 3777 tuo
3200 3732 3322 3790 apta
3341 3721 3598 3776 vindicas.
3616 3720 3756 3776 Nihil

2177 3816 2278 3869 hoc
2307 3830 2490 3868 amore
2513 3814 2792 3868 sincerius.
2825 3814 2978 3868 Scias
3002 3812 3248 3867 ﬁduciam
3277 3811 3344 3866 de
3372 3811 3600 3879 simplici
3626 3809 3758 3863 εσυ-

2177 3907 2354 3962 ctione
2377 3913 2705 3975 surgentem,
2744 3918 2911 3973 genus
2933 3917 3053 3958 esse
3094 3903 3325 3957 virtutis.
3373 3901 3476 3957 Sed
3506 3901 3631 3972 quid
3658 3915 3757 3968 ego

2181 3999 2304 4052 huic
2343 3998 2551 4066 puritati
2580 3997 2793 4066 dignum
2825 3995 3100 4064 rependo?
3130 3995 3387 4052 Stetimus
3415 3994 3606 4049 ofﬁciis
3635 3993 3760 4049 reli-

2178 4089 2353 4156 gionis
2381 4088 2637 4142 hactenus
2665 4101 2840 4155 pares.
2870 4086 3018 4140 Nunc
3048 4087 3138 4141 tibi
3168 4086 3286 4140 sine
3313 4085 3649 4139 cunctatione
3669 4096 3760 4137 ce-

2180 4182 2376 4235 dimus.
2408 4182 2540 4234 Puto
2563 4180 2657 4235 tibi
2674 4180 2921 4235 sufﬁcere
2946 4179 3012 4234 ad
3039 4183 3204 4234 vicem
3235 4186 3396 4234 tanta:
3419 4178 3604 4248 gratia:
3633 4177 3756 4230 victi

2182 4271 2598 4328 confessionem.
2634 4267 2777 4325 Vale.

2763 4362 2975 4418 EPIST.
3020 4359 3189 4416 XXX.

2665 4467 2906 4508 BYMIIACII
2915 4465 2975 4504 US
3005 4463 3279 4505 AMBROSIO.

2255 4546 2508 4601 Sallustio
2536 4545 2709 4600 amico
2749 4558 2869 4598 meo
2894 4543 3056 4597 multa
3107 4549 3297 4612 sponte
3327 4539 3574 4595 tribuisti.
3611 4538 3760 4594 Nunc

2183 4637 2354 4707 adjice
2369 4651 2488 4707 quae
2511 4645 2817 4706 supersunt,
2839 4644 2899 4689 ut
2921 4649 3019 4704 ego
3046 4648 3258 4704 quoque
3287 4643 3490 4703 partem
3518 4631 3760 4686 beneﬁcii

2185 4728 2407 4798 adeptus
2435 4727 2730 4783 existimer.
2760 4726 3143 4795 Supplementa
3170 4735 3347 4780 autem
3375 4722 3623 4778 desiderii
3644 4723 3761 4791 ejus

2185 4835 2214 4872 a
2240 4819 2515 4874 tabellario
2543 4819 2785 4888 epistolae
2809 4825 3180 4887 suggerentur,
3213 4831 3332 4886 qua:
3353 4815 3491 4885 stylo
3515 4814 3760 4882 persequi

2186 4924 2637 4979 supervacaneum
2669 4908 2817 4963 duxi.
2851 4910 3040 4979 Aptius
3062 4915 3143 4962 est
3163 4907 3305 4962 enim
3324 4905 3551 4968 negotiis
3581 4916 3764 4959 mutuo

2189 5003 2495 5058 intimandis
2521 5005 2654 5057 viva:
2684 5004 2831 5057 vocis
2853 5002 3126 5057 indicium.
3160 4999 3292 5054 Vale

2754 5133 2969 5187 EPIST.
3009 5131 3203 5184 XXXI.

2676 5234 2978 5276 svuuscnus
3017 5232 3296 5289 Ahenomo.

2263 5337 2400 5392 ltero
2432 5336 2750 5406 postulatum
2785 5347 2881 5404 pro
2924 5332 3181 5388 Sallustio
3225 5329 3400 5385 amico
3440 5343 3590 5394 meo,
3632 5338 3679 5382 et
3714 5337 3770 5380 nt

2192 5429 2306 5497 ipse
2335 5429 2674 5489 asseverasti,
2707 5441 2734 5480 a
2761 5435 2810 5479 te
2829 5439 3041 5495 quoque
3086 5425 3137 5476 in
3167 5436 3348 5476 curam
3389 5420 3589 5475 dudum
3622 5435 3771 5474 rece-

2189 5531 2283 5586 pto
2303 5534 2315 5568 ε
2337 5531 2444 5570 non
2464 5515 2604 5585 quod
2624 5522 2854 5568 metuam
2879 5528 2948 5568 ne
2970 5513 3108 5566 forte
3127 5512 3346 5565 tutelam
3366 5511 3480 5579 ejus
3504 5508 3773 5563 oblivione

2192 5607 2472 5670 dcstituas,
2509 5620 2630 5658 cum
2665 5605 2924 5659 familiare
2953 5605 3021 5658 sit
3049 5602 3364 5656 constantiae
3413 5610 3516 5654 tua:
3549 5599 3774 5653 ﬁdeliter

2193 5698 2408 5766 exsequi
2437 5708 2648 5766 recepta
2674 5697 2953 5751 mandata:
2983 5695 3075 5749 sed
3099 5696 3218 5763 quia
3245 5693 3576 5759 diligentiam
3601 5706 3774 5745 meant
