4074 6176
291 321 372 376 209
1455 315 1937 372 EPIS'IOLARUM
1979 315 2179 369 LIBER
2223 313 2306 370 Ill.

3412 322 3514 375 ’ΞΜ

293 440 465 492 fortuna
489 437 637 490 anuci
669 450 814 505 saepe
853 435 1125 502 sollicitat,
1179 447 1233 492 et
1279 434 1645 490 laborantibus
1687 448 1836 488 cont-
1860 434 1912 492 Δ
1944 431 2055 486 lere
2086 440 2136 485 te
2169 433 2406 500 recipere
2430 433 2480 484 in
2507 443 2646 485 tuam
2677 445 2857 485 curam
2902 432 3234 500 pecuniarias
3257 442 3512 489 actiones.

293 528 524 584 ntendatio
552 541 654 582 una
679 542 786 582 non
817 528 1047 592 sufficit,
1081 527 1206 583 licet
1229 528 1486 583 tenaciter
1513 540 1830 590 memorem,

292 633 446 672 rursus
465 617 742 671 admoneo.
773 616 1059 672 Praestabit
1086 616 1332 672 beneficii
1362 617 1436 670 tui
1464 604 1734 681 celeritas,
1765 629 1835 672 ne

290 709 347 764 sit
368 708 481 763 mihi
506 721 728 764 necesse
751 707 892 762 idem
923 708 1119 776 saepius
1142 707 1340 763 facere.
1369 707 1518 762 Vale.

800 801 1017 856 EPIST.
1060 801 1282 856 XXXII.

724 906 1031 947 ειῖιιωοηοε
1070 907 1346 948 Αιιειιοειο.

347 983 542 1038 Fratres
592 982 698 1038 mei
747 983 1048 1038 Dorotheus
1086 993 1140 1039 et
1173 984 1463 1054 Septimus,
1517 981 1835 1052 spectabiles

288 1075 388 1138 viri,
407 1089 557 1128 unam
586 1085 729 1127 tuam
757 1074 1040 1142 epistolam
1064 1075 1430 1144 praetulerunt.
1455 1075 1560 1129 Sed
1591 1075 1720 1129 mihi
1753 1089 1836 1129 re-

288 1163 392 1232 ligio
417 1162 508 1216 fuit
539 1162 839 1217 istiusmodi
868 1171 1084 1232 captare
1121 1164 1519 1232 compendium,
1563 1174 1619 1217 ιιι
1649 1174 1702 1219 et
1743 1164 1836 1218 tibi

283 1254 517 1323 geminata
551 1253 902 1322 responderet
929 1253 1094 1308 officii
1120 1269 1301 1319 usura,
1331 1265 1384 1310 et
1412 1255 1636 1324 singulis
1667 1256 1838 1310 honor

283 1343 423 1398 debiti
453 1343 742 1398 testimonii
762 1344 1084 1412 proveniret.
1109 1343 1240 1398 Nam
1267 1346 1367 1400 etsi
1397 1347 1696 1401 Dorotlteus
1724 1361 1838 1414 pro-

283 1435 416 1488 batus
439 1443 537 1496 est,
576 1435 734 1502 cupio
776 1445 974 1499 tamen,
1001 1444 1060 1488 ut
1099 1450 1220 1488 eum
1253 1436 1509 1503 majorem
1541 1437 1592 1490 in
1621 1437 1835 1491 modum

280 1524 435 1593 jndicii
464 1526 566 1579 mei
601 1525 950 1594 praerogativa
982 1526 1254 1590 conciliet,
1291 1526 1432 1596 quod
1459 1525 1694 1581 futurum
1731 1544 1839 1581 non

279 1617 486 1686 ambigo,
515 1632 639 1671 cum
667 1617 883 1672 affectio
914 1617 1039 1671 boni
1060 1618 1223 1672 animi
1253 1633 1420 1688 capax
1452 1621 1520 1672 sit
1541 1620 1836 1690 augmenti,
1867 1617 1870 1622 ’

1869 1768 1916 1828 Β

279 1709 500 1777 quotiens
524 1709 732 1763 meritis
759 1717 1089 1776 provocatur.
1117 1709 1264 1764 Vale.

797 1801 1013 1856 EPIST.
1057 1801 1296 1856 XXXIII.

735 1907 1038 1947 SVIIMACIIUS
1075 1908 1352 1948 AMBROSIO.

337 1979 475 2036 Licet
501 1982 758 2047 arbitrer,
792 1983 1099 2051 superiores
1127 1984 1331 2039 litteras
1363 2000 1529 2050 meas,
1567 1987 1762 2054 quibus
1784 1998 1838 2041 ut

279 2071 468 2127 fratrem
497 2089 682 2129 meum
715 2075 1034 2130 Marcianum
1058 2075 1126 2130 ab
1157 2076 1366 2146 injuriis
1393 2079 1630 2134 vindices
1655 2089 1841 2148 postu-

280 2162 384 2230 lavi,
419 2164 472 2218 in
500 2181 693 2220 manus
737 2177 852 2221 tuas
882 2168 1120 2222 delatas:
1153 2168 1424 2224 abstinere
1473 2179 1652 2225 tamen
1677 2172 1837 2226 etiam

279 2255 482 2310 secunda
531 2258 795 2327 petitione
839 2274 943 2313 nou
975 2259 1170 2328 debui,
1215 2270 1274 2314 ut
1320 2262 1694 2318 necessitatem
1741 2264 1839 2318 vlri

280 2348 457 2413 optimi,
482 2349 579 2402 sed
615 2347 812 2403 invidia
845 2351 1108 2420 tyrannici
1142 2353 1398 2420 temporis
1428 2352 1684 2420 involuti,
1718 2369 1840 2424 pre-

277 2440 396 2493 catio
421 2442 694 2510 geminata
727 2451 966 2498 testelur.
991 2444 1169 2511 Quare
1192 2459 1378 2499 rursus
1406 2454 1457 2499 te
1477 2445 1544 2500 ad
1565 2447 1722 2501 amici
1745 2449 1840 2501 de-

278 2526 544 2587 fensionem
577 2534 873 2598 exhortor;
909 2533 1062 2603 cujus
1094 2536 1322 2591 tenuitas
1351 2545 1466 2589 orta
1515 2552 1580 2590 ex
1613 2537 1838 2606 integri-

276 2629 385 2684 tate,
413 2638 513 2676 non
540 2624 766 2693 patitur,
792 2635 843 2678 ut
866 2640 1130 2679 annorum
1156 2628 1321 2694 pretia
1348 2627 1512 2694 possit
1536 2628 1836 2694 exsolvere,

276 2726 375 2779 qua
389 2713 494 2783 jam
516 2715 707 2771 multis
727 2717 964 2786 ejusdem
989 2720 1242 2787 temporis
1262 2718 1532 2789 judicibus
1550 2719 1840 2789 imperialis

275 2805 533 2863 clementia
559 2810 844 2865 relaxavit.
880 2811 996 2865 Erit
1023 2813 1180 2880 igitur
1209 2812 1303 2865 tibi
1342 2812 1546 2866 facilior
1573 2813 1638 2866 ad
1667 2814 1838 2883 impe-

277 2900 496 2954 trandum
527 2902 638 2966 via,
661 2918 783 2957 cum
815 2903 1127 2958 meritorum
1162 2913 1370 2959 tuorum
1398 2903 1679 2973 epitulatio
1702 2905 1838 2960 alio-

280 3001 379 3043 rum
406 2993 673 3060 exemptis
699 2993 935 3062 juvetur.
973 2993 1119 3048 Vale.
1313 2989 1316 2992 ’

806 3084 1021 3140 EPIST.
1063 3084 1303 3140 XXXIV.

739 3187 872 3226 εῐιυι
882 3189 1046 3228 Αριιυε
1083 3191 1358 3230 ΑΜΒιιοειο.

333 3259 418 3315 Nae
443 3264 536 3316 aevi
573 3263 748 3318 instar
771 3273 874 3329 est,
901 3275 957 3318 ut
985 3265 1150 3320 frater
1172 3283 1323 3322 meus
1345 3269 1624 3337 Magnillus
1646 3270 1840 3324 vicaria

273 3359 513 3416 potestate
558 3371 660 3423 per
708 3354 934 3410 Africam
975 3356 1226 3424 functus,
1260 3360 1564 3414 teStimonio
1605 3362 1842 3415 omnium

279 3442 467 3508 publice
489 3445 852 3516 privatimque
875 3450 1218 3516 conspicuus,
1255 3450 1422 3505 variis
1449 3451 1500 3503 in
1536 3466 1595 3505 ea
1631 3452 1845 3521 provin-

275 3534 344 3586 cia
371 3537 682 3591 retardetur
697 3538 1008 3593 obstaculis.
1040 3541 1216 3596 Nostri
1243 3543 1430 3611 optimi
1450 3543 1546 3596 viri
1570 3545 1846 3598 maturita-

277 3631 394 3689 tem,
424 3637 763 3697 exterasque
813 3637 960 3683 artes
1007 3630 1208 3694 bonas,
1240 3632 1432 3700 quibus
1484 3633 1646 3688 etiam
1695 3645 1843 3689 tuum

277 3730 522 3783 amorem,
547 3734 677 3773 cum
705 3719 974 3789 Liguriam
1001 3723 1342 3792 gubernaret,
1373 3728 1611 3781 attraxit.
1641 3728 1703 3782 Et
1727 3728 1844 3784 ideo

276 3808 396 3873 apud
433 3820 484 3864 te
514 3809 870 3865 redundantis
897 3822 979 3867 est
1021 3829 1199 3877 Operae
1232 3815 1447 3871 laudare
1484 3830 1842 3887 compertum.

276 3896 436 3962 Quare
458 3901 738 3973 impendio
761 3913 899 3972 peto,
924 3913 982 3959 ut
1003 3919 1122 3960 cum
1147 3923 1175 3961 a
1201 3907 1378 3975 bajulo
1399 3909 1695 3965 litterarum
1721 3927 1847 3965 cau-

277 4004 354 4044 sas
389 4009 666 4049 morarum
709 3997 1001 4066 acceperis,
1033 3998 1338 4068 religiosum
1380 4017 1476 4070 pro
1525 4002 1640 4070 ejus
1671 4003 1846 4058 reditu

278 4079 623 4141 interventum
657 4087 892 4157 digneris
921 4089 1197 4156 adhibere,
1240 4106 1348 4160 quo
1395 4093 1607 4148 tandem
1661 4095 1847 4164 patriae

280 4176 562 4241 restitutus,
597 4178 769 4247 loogze
795 4179 1242 4249 peregrinationis
1271 4183 1514 4252 injuriatn
1549 4184 1847 4240 desiderata

277 4263 441 4329 quiete
460 4277 782 4324 commutet.
814 4270 956 4324 Vale.

824 4360 1040 4417 EPIST.
1082 4362 1299 4416 XXXV.

736 4470 1048 4511 εγιιιιλοιιυε
1099 4472 1374 4512 Αιῐςιιοειο.

1869 3139 1916 3201 C

1939 521 2036 576 Ille
2067 532 2265 588 tamen,
2301 529 2359 575 ut
2399 531 2480 576 est
2525 521 2800 576 hominum
2849 522 3166 590 plerumque
3189 538 3515 592 supervacua

1941 613 2244 682 trepidatio,
2272 625 2666 670 consentaneas
2705 615 2907 669 sanctis
2934 614 3172 669 moribus
3200 615 3308 670 tuis
3335 615 3403 670 de
3432 632 3518 671 me

1940 704 2146 760 litteras
2176 706 2486 775 postulavit.
2516 706 2630 761 Non
2661 706 2824 761 abnui
2852 721 3069 776 operam
3106 707 3280 761 facilia
3302 707 3514 778 etjusta

1939 796 2198 861 poscenti.
2229 796 2448 850 Summa
2475 807 2559 852 est
2602 797 2762 867 igitur
2792 797 3027 866 impositi
3059 796 3187 851 mihi
3232 801 3472 852 muneris
3499 840 3514 862 ,

1937 895 2120 940 contra
2145 887 2420 942 absentem
2447 889 2639 956 civem,
2665 890 2931 958 simulque
2960 889 3260 945 districtum
3293 891 3516 960 publicis

1937 978 2104 1046 curis,
2145 993 2252 1032 non
2283 980 2429 1034 sinas
2475 981 2767 1050 quidquam
2813 981 2880 1035 de
2921 981 3126 1050 justitia
3167 991 3253 1036 tua
3299 999 3518 1050 sperare

1939 1069 2266 1135 przesidium.
2313 1069 2449 1126 Sunt
2478 1071 2626 1139 fora,
2677 1082 2802 1126 sunt
2829 1072 3004 1141 leges,
3037 1083 3163 1127 sunt
3199 1074 3514 1139 tribttualia,

1937 1170 2066 1215 sunt
2088 1162 2454 1232 tuagistratus,
2489 1163 2682 1234 quibus
2730 1163 2965 1234 litigator
2993 1175 3174 1220 utatur
3217 1167 3365 1222 salva
3390 1182 3519 1222 con-

1938 1251 2162 1307 scientia
2187 1262 2296 1309 tua.
2334 1254 2483 1310 Vale.

2477 1343 2694 1400 EPIST.
2731 1343 2993 1398 XXXVII.

2412 1448 2718 1490 SYIIACIIUS
2756 1451 3030 1490 AMBROSIO.

2013 1525 2222 1580 Diarius
2233 1525 2564 1581 clarissimus
2579 1528 2682 1592 vir,
2698 1529 2785 1596 qui
2806 1531 2943 1582 inter
2958 1527 3286 1597 professores
3298 1528 3519 1583 meden-

1941 1614 1992 1668 di
2016 1627 2333 1670 summatem
2360 1619 2534 1672 locutn
2551 1617 2674 1688 jure
2694 1619 2920 1686 obtinet,
2941 1619 3155 1673 affinem
3183 1634 3520 1684 suum,eum-

1943 1707 2172 1777 demque
2201 1710 2574 1778 cognominem
2601 1718 2693 1763 tuo
2735 1711 3031 1778 patrocinio
3061 1711 3194 1764 tradi
3228 1726 3349 1764 meo
3373 1719 3523 1778 opta-

1946 1802 2018 1853 vit
2062 1812 2237 1854 oratu.
2272 1801 2466 1856 Libens
2505 1803 2814 1857 amicissimi
2845 1803 2947 1856 viri
2969 1803 3235 1857 desiderio
3265 1803 3518 1868 satisfeci,

1943 1905 1994 1946 ut
2029 1910 2128 1947 una
2163 1896 2245 1948 via
2274 1905 2328 1948 et
2357 1904 2408 1949 te
2446 1896 2746 1950 excolerem
2793 1897 2968 1950 salute
2998 1895 3254 1959 dicenda,
3294 1905 3347 1949 et
3376 1894 3520 1948 illius

1942 1985 2056 2037 usui
2111 1985 2531 2040 commodarem.
2583 1985 2690 2039 Fac
2737 1985 2898 2054 igitur
2918 2000 3035 2049 oro,
3091 1985 3520 2040 commendatum

1943 2076 2138 2129 tuearis
2165 2075 2379 2142 auxilio,
2415 2091 2500 2130 me
2529 2091 2781 2130 sermone
2804 2075 3003 2130 vicario
3027 2077 3348 2132 munereris.
3371 2077 3522 2132 Vale.

2461 2167 2675 2223 EPIS'I‘.
2719 2168 3006 2223 XXXVIII.

2436 2273 2748 2316 SYHIACIIUS
2780 2275 3014 2313 ιιιιΑιιιο.

2013 2349 2145 2402 Cum
2181 2349 2277 2402 has
2303 2351 2368 2403 ad
2403 2359 2454 2405 te
2484 2350 2692 2405 litteras
2719 2350 2924 2416 darem,
2967 2351 3160 2405 lcetulo
3205 2367 3349 2421 :rger
3377 2363 3524 2408 tene—

1943 2440 2072 2506 bar;
2097 2441 2208 2507 jam
2253 2441 2522 2511 quidema
2577 2442 2814 2511 periculo
2864 2443 3184 2510 vindicatus,
3229 2444 3322 2498 sed
3353 2445 3525 2500 adhuc

1945 2531 2097 2602 incps
2122 2533 2337 2600 virium,
2362 2549 2482 2599 quae
2511 2533 2738 2588 subinde
2762 2535 2979 2589 incertis
3009 2535 3248 2590 febribus
3276 2537 3526 2591 deterun-

1945 2629 2049 2674 tur.
2079 2622 2222 2676 Inter
2273 2624 2385 2678 ltarc
2414 2634 2590 2679 tamen
2627 2625 2764 2679 mala
2806 2625 3122 2680 valetudinis
3168 2642 3300 2681 meae
3341 2631 3524 2682 amicis

1945 2712 2216 2780 negotium
2247 2714 2391 2780 dedi,
2427 2725 2485 2769 ut
2517 2716 2707 2785 pignus
2729 2731 3014 2770 commune
3044 2718 3287 2770 consulta
3314 2727 3521 2786 patrum

1947 2803 2076 2858 viris
2104 2806 2476 2860 consularibus
2502 2807 2836 2876 jungeretur.
2875 2807 3064 2862 llabita
3095 2817 3177 2862 est
3197 2810 3330 2862 ratio
3360 2810 3519 2864 meri.

1945 2904 2117 2949 torum
2149 2905 2378 2950 tuorum.
2411 2897 2550 2951 Nihil
2571 2897 2711 2952 enitlt
2740 2897 2926 2966 gratia:
2949 2905 3082 2953 m‘eae
3109 2899 3246 2954 duco
3268 2899 3521 2954 delatum.

1945 2987 2076 3040 Acta
2107 2987 2424 3055 amplissimi
2448 2987 2653 3041 ordinis
2674 2987 2894 3042 'I‘iciano
2911 2988 3137 3044 honesto
3161 2991 3276 3045 viro
3300 2991 3520 3044 tradidi:

1946 3092 2065 3144 quae
2096 3077 2184 3132 ubi
2217 3079 2268 3132 in
2299 3093 2488 3132 manus
2519 3089 2637 3134 tuas
2665 3081 2930 3146 venerint,
2971 3081 3221 3138 amicitiae
3252 3099 3337 3136 me
3362 3084 3523 3137 satis-

1950 3170 2138 3225 fecisse
2169 3171 2476 3237 pronuntia.
2501 3171 2640 3225 Nihil
2668 3170 2809 3227 enim
2842 3173 2984 3228 malo
3007 3188 3164 3244 quam
3209 3174 3419 3230 honesti
3449 3176 3523 3228 of-

1951 3262 2054 3317 ficii
2073 3262 2300 3332 diligens
2322 3263 2573 3334 judicari.
2605 3263 2758 3318 Vale.

2488 3352 2700 3408 EPIST.
2744 3351 2987 3406 XXXIX.

2445 3459 2753 3499 δγιωλισιιυε
2793 3461 3028 3500 ΗΙιΔιιΙο.

2021 3534 2359 3591 Valetudiois
2387 3550 2520 3589 meae
2550 3536 2700 3604 vigor
2727 3536 2890 3603 cmpit
2931 3550 3232 3604 assurgere.
3275 3536 3376 3592 Fas
3423 3549 3524 3601 cst,

1953 3635 2008 3679 ut
2031 3626 2102 3682 de
2131 3642 2217 3683 me
2247 3627 2514 3682 scribendi
2544 3627 2830 3683 assiduitas
2869 3629 3154 3697 exigatur:
3185 3639 3394 3684 maneat
3417 3640 3530 3684 tan-

1952 3727 2063 3772 tum
2092 3719 2337 3773 sanitatis
2362 3718 2510 3782 fides,
2538 3735 2696 3788 quam
2730 3720 3044 3790 plerumque
3066 3719 3317 3774 sollicitat
3341 3721 3529 3779 hiemis

1953 3811 2167 3881 injuria.
2200 3811 2370 3866 Nimis
2398 3813 2540 3866 enim
2575 3821 2754 3868 tenera
2782 3822 2942 3884 atque
2986 3814 3252 3871 imbecilla
3283 3825 3366 3870 est
3395 3819 3530 3870 ratio

1953 3903 2404 3967 convalescendi,
2437 3912 2490 3957 et
2515 3913 2642 3957 ante
2683 3905 2920 3959 medicas
2970 3921 3162 3960 manus
3211 3920 3368 3975 opem
3407 3911 3528 3963 coeli

1953 3994 2322 4050 clementioris
2365 4003 2644 4065 exspectat
2685 3997 2919 4061 sanitas;
2967 4012 3034 4052 ne
3073 3998 3164 4052 tibi
3208 3999 3391 4053 videar
3420 4017 3532 4055 tne-

1954 4086 2116 4141 dendi
2145 4095 2262 4141 arte
2290 4085 2478 4140 morbo
2505 4077 2911 4142 diuturnitatism
2959 4089 3189 4144 dedisse.
3221 4091 3354 4145 Volo
3389 4093 3530 4145 enim

1954 4180 2266 4232 memoriam
2319 4177 2578 4232 malorum
2609 4179 2712 4246 ioci
2759 4189 3037 4235 venustate
3067 4180 3391 4250 frangamus.
3427 4182 3530 4236 Sed

1955 4270 2059 4338 jam
2093 4269 2258 4322 etiam
2277 4268 2476 4338 aliquid
2503 4268 2570 4322 de
2596 4269 2896 4337 Repentino
2918 4271 3115 4338 juvene
3138 4269 3338 4337 optimo
3359 4269 3534 4324 dicen-

1957 4359 2083 4414 dum
2127 4368 2230 4423 est,
2267 4359 2421 4426 cujus
2461 4373 2562 4427 ego
2603 4358 2972 4412 assiduitatem
3001 4359 3332 4412 desideravi:
3370 4375 3526 4429 quam

1963 4452 2092 4506 mihi
2123 4461 2181 4506 ut
2210 4452 2460 4517 arbitror,
2490 4450 2812 4505 verecundia
2850 4452 2966 4520 ejus
2995 4453 3222 4520 negavit,
3254 4468 3373 4506 cum
3402 4454 3535 4507 fidu-

345 4542 415 4597 Ex
445 4559 546 4600 usu
604 4547 750 4601 venit
805 4555 862 4602 ut
889 4563 1046 4616 Opem
1093 4549 1466 4605 desiderantes
1499 4551 1565 4605 ad
1603 4552 1844 4622 suffragia

1961 4543 2045 4596 cia
2067 4559 2129 4597 ex
2163 4551 2216 4596 te
2241 4512 2458 4610 sumpta
2479 4550 2736 4610 praestare
2755 4512 3018 4596 debuerit.
3051 4512 3162 4596 Erit
3185 4551 3358 4598 tamen
3381 4544 3532 4613 copia

283 4637 490 4699 probata
521 4637 859 4708 confugiant.
909 4640 1109 4696 florum
1152 4657 1290 4698 unus
1336 4643 1600 4699 Eusebius
1627 4654 1729 4713 est,
1763 4645 1852 4714 qui

282 4724 649 4783 adolescentiae
689 4731 971 4800 prolapsus
1000 4748 1205 4803 errore,
1253 4743 1573 4804 notatusque
1614 4735 1852 4804 judicio,

282 4819 762 4885 exploratissimum
795 4823 1090 4878 remedium
1135 4825 1308 4898 venia:
1336 4824 1627 4894 imperialis
1658 4825 1852 4894 implo-

285 4917 377 4962 rat.
416 4910 518 4964 Sed
562 4922 622 4965 ut
649 4913 696 4967 ei
722 4912 972 4968 celeriter
1011 4915 1247 4970 arrideat
1287 4914 1536 4982 effectus;
1567 4917 1762 4972 deferri
1798 4918 1853 4971 in

282 5009 453 5053 curant
485 5011 632 5056 tuam
655 5017 804 5071 spem
836 5005 1108 5074 petitionis
1135 5007 1367 5075 optavit:
1397 5007 1551 5076 cujus
1575 5006 1690 5062 hace
1709 5022 1855 5062 sum-

285 5106 360 5143 ma
389 5101 489 5159 est,
520 5105 576 5147 ut
601 5095 820 5164 judicati
847 5096 1183 5164 remissione,
1218 5096 1374 5153 famae
1395 5113 1506 5153 sua:
1535 5100 1727 5154 vulnus
1755 5114 1852 5153 ex-

283 5181 470 5241 cludat.
503 5186 654 5241 Vale.

813 5258 1034 5314 EPIST.
1085 5260 1322 5314 XXXVI.

751 5364 1058 5404 SYSIIACBUS
1096 5365 1376 5405 AIBROSIO.

348 5458 515 5514 Filius
546 5476 700 5516 meus
742 5461 1062 5517 Caecilianus
1096 5464 1177 5518 vir
1201 5463 1552 5527 clarissimus,
1598 5463 1687 5533 qui
1718 5479 1860 5519 nunc

281 5551 584 5605 Communis
630 5553 812 5619 patria:
837 5553 1100 5622 gubernat
1125 5567 1417 5622 annonam,
1441 5563 1590 5609 certo
1611 5554 1860 5622 cognovit

282 5642 496 5712 indicio,
529 5644 893 5701 adversarium
921 5661 1078 5702 suum
1110 5646 1358 5718 Pyratam
1379 5647 1614 5712 nomine,
1639 5647 1721 5701 vel
1743 5647 1860 5716 ejus

286 5743 706 5802 procuratorem,
736 5750 885 5804 spem
915 5737 991 5792 tui
1021 5737 1219 5794 favoris
1247 5737 1510 5792 hausisse.
1532 5736 1731 5806 Negavi
1764 5751 1855 5791 so-

1963 4634 2186 4695 melior.
2234 4649 2353 4688 cum
2416 4635 2673 4703 intelliget
2725 4649 2830 4689 non
2879 4650 2938 4689 se
2967 4635 3217 4690 debuisse
3264 4637 3532 4703 deserere,

1959 4741 2119 4795 quem
2151 4724 2415 4796 frequenti
2463 4725 2773 4781 testimonio
2811 4733 2901 4781 tuo
2936 4726 3004 4782 de
3031 4741 3092 4782 se
3117 4713 3538 4783 noverat'credi-

1957 4817 2122 4872 disse.
2153 4815 2303 4872 Vale.

2561 4887 2773 4943 EPIST.
2814 4887 2926 4942 XL.

2465 4992 2768 5033 ειίιιιοιειιυε
2806 4992 3037 5032 ιιιιιιιιιο.

2029 5091 2194 5146 Recte
2222 5092 2395 5145 valeo.
2425 5091 2538 5145 Hoc
2576 5091 2719 5145 enim
2747 5073 3018 5148 scribendi
3059 5090 3219 5146 debet
3242 5106 3361 5147 esse
3393 5094 3535 5162 prin-

1958 5184 2180 5252 cipium,
2225 5183 2366 5251 quod
2414 5183 2648 5237 maxime
2680 5191 2934 5250 expetunt
2973 5189 3092 5238 vota
3126 5183 3340 5238 lecturi.
3364 5183 3535 5252 Eque

1961 5275 2053 5329 tibi
2079 5275 2320 5330 oblatum
2352 5273 2588 5342 vigorem
2622 5275 2782 5329 nimis
2805 5274 3011 5343 gaudeo
3037 5291 3050 5332 :
3083 5291 3204 5328 nam
3234 5292 3318 5330 me
3339 5277 3534 5329 indicio

1960 5367 2051 5421 tali
2105 5379 2274 5434 nuper
2326 5364 2587 5418 hilarasti.
2614 5363 2749 5418 Illud
2772 5379 2984 5434 quoque
3023 5368 3074 5419 in
3106 5380 3364 5420 summam
3395 5380 3535 5433 pono

1961 5459 2182 5527 lzetitiae,
2212 5458 2354 5527 quod
2386 5467 2438 5512 te
2469 5471 2762 5511 memorem
2785 5457 2890 5512 mei
2921 5455 3320 5512 honorificentia
3360 5457 3537 5523 proxi-

1962 5565 2064 5604 ma:
2093 5549 2398 5618 scriptionis
2426 5547 2686 5603 ostendit.
2713 5548 2879 5618 Cujus
2898 5549 2976 5604 rei
2997 5549 3219 5618 gratiam
3249 5545 3409 5600 silere
3431 5561 3538 5602 nou

1963 5640 2134 5696 debeo
2155 5683 2169 5706 ,
2214 5648 2273 5694 ut
2301 5641 2401 5694 hoc
2430 5640 2779 5696 invitamento
2805 5641 2872 5693 ad
2918 5637 3369 5708 perseverantiam
3400 5638 3536 5694 litte.

1966 5735 2090 5791 rarii
2131 5733 2370 5790 muneris
2390 5732 2724 5801 provoceris.
2761 5731 2926 5788 Vale-
