4046 6170
487 318 582 371 2H
1656 295 1717 362 ρ.
1760 289 2105 348 Αυῐιειιυε
2144 283 2584 346 SYMMACIIUS.
3645 279 3749 334 iii

1072 414 1282 471 El'lS’I‘.
1327 412 1463 468 XLI.
2088 410 2132 464 Α
2163 405 2261 457 viri
2296 404 2503 458 tabulas
2526 398 2896 456 condiderunt.
2931 394 3253 451 Iamdudum
3285 393 3366 446 bis
3392 395 3748 448 renuntiatum

983 523 1285 564 SYIIIIACIIIJS
1323 518 1564 558 BILARIO.
2170 507 2274 562 est,
2301 504 2361 550 ut
2382 494 2652 550 successio
2689 501 2991 559 temporum
3038 486 3232 558 placita
3278 485 3458 555 priora
3506 485 3749 540 mutavit.

563 604 752 659 Mentis
799 611 906 656 tua:
936 610 1019 655 est
1050 598 1133 667 pia
1180 606 1236 652 et
1272 596 1415 666 justa
1457 591 1735 647 mandare.
1767 589 1921 658 Quod
1946 589 2069 644 ideo
2168 592 2251 643 An
2294 588 2339 642 si
2386 584 2541 639 nobis
2581 582 2866 639 scribenda
2910 580 2981 634 sit
3028 577 3258 634 forensis
3310 578 3520 642 oratio,
3568 575 3751 632 Jovem

495 694 817 765 praeloquor,
852 699 908 745 ut
931 700 985 744 et
1010 688 1261 758 implesse
1289 701 1374 740 me
1405 686 1642 748 noveris,
1673 696 1793 752 quae
1820 695 1917 751 pro
1960 679 2070 734 lilio
2169 680 2407 749 deosque
2434 687 2652 732 exteros
2687 672 2908 729 Catonis
2935 672 3054 742 lege
3092 668 3463 742 praefabimnr,
3495 683 3566 725 ne
3593 669 3751 725 nobis

496 761 786 841 llahemani
808 783 909 837 viri
952 778 1238 837 clarissimi
1285 778 1544 849 jusseras,
1574 786 1630 831 et
1659 774 1938 843 probasse.
1964 771 2069 827 So-
2172 770 2301 824 vitio
2325 769 2504 832 detur,
2534 768 2614 822 vel
2655 765 2983 835 negligentia
3028 763 3384 832 antiquitatis,
3410 762 3493 815 vel
3527 761 3756 816 inscien-

498 892 759 949 pervacua
807 877 967 945 igitur
1019 873 1117 928 fuit
1159 872 1445 942 postulatio
1485 870 1784 924 litterarum
1834 875 2068 920 tuarum.
2175 859 2464 929 tia?Atqni
2492 856 2960 928 praestat'l‘nilium
2984 856 3160 924 sequi,
3190 853 3279 921 qni
3327 855 3562 917 ignorata
3595 851 3760 919 maju-

499 945 700 1027 lloneri
741 970 885 1024 enim
931 980 1017 1021 me
1059 963 1328 1035 oportuit,
1379 977 1487 1018 non
1515 960 1710 1029 rogari.
1740 957 1878 1024 Quid
1931 956 2071 1026 quod
2175 956 2323 1010 ribus
2353 962 2574 1019 usurpat
2600 948 2969 1006 exordia.Sed
3016 946 3142 1017 quid
3173 961 3274 1016 ego
3319 945 3388 999 de
3433 945 3535 1002 hoc
3577 945 3759 1014 plora,

499 1064 658 1117 etiam
681 1059 813 1114 mihi
850 1072 972 1112 cum
998 1056 1090 1110 illo
1117 1068 1324 1109 summa
1371 1052 1707 1106 familiaritas
1745 1050 1878 1103 fuit?
1925 1047 2076 1103 Unde
2176 1061 2298 1101 cum
2321 1045 2420 1099 sim
2452 1043 2542 1097 tibi
2569 1042 2715 1096 dicto
2742 1039 2998 1105 audiens,
3047 1048 3209 1108 atque
3253 1035 3471 1091 herbam
3515 1034 3757 1089 dederim

501 1157 698 1210 factum
719 1161 826 1220 est,
848 1162 907 1204 ut
933 1147 1169 1219 aequitati
1200 1145 1470 1214 petitionis
1495 1145 1644 1197 favor
1673 1140 1924 1196 amicitia:
1947 1139 2077 1208 juno
2180 1136 2435 1189 voluntati
2482 1134 2634 1188 tute?
2671 1132 2742 1188 Ut
2787 1145 2932 1201 saepe
2975 1129 3200 1194 scribas,
3250 1140 3585 1196 nequaquam
3633 1125 3764 1179 mihi

501 1252 734 1316 geretur.
781 1240 918 1308 Quid
963 1238 1170 1293 multa?
1203 1236 1432 1291 Venient
1470 1236 1526 1290 in
1564 1248 1753 1288 manus
1777 1242 1893 1285 tuas
1931 1245 2081 1285 com-
2181 1227 2415 1282 orandus
2443 1240 2522 1280 es.
2558 1225 2763 1279 Efficiet
2790 1221 3077 1277 assiduitas
3098 1220 3397 1274 litterarum
3420 1232 3682 1283 mearum,
3711 1224 3769 1270 nt

503 1313 682 1392 menta
711 1334 873 1388 curiae
901 1341 1097 1385 nostra
1117 1343 1279 1397 super
1302 1326 1773 1394 ejusahsolutione
1804 1321 2077 1385 confecta;
2183 1323 2351 1378 mutui
2396 1320 2736 1375 admonearis
2770 1316 2953 1371 ofﬁcii.
2986 1313 3134 1367 Vale.

503 1441 623 1495 qua:
652 1423 889 1477 indicent
909 1431 1013 1475 tua!
1034 1419 1318 1497 voluntati,
1339 1429 1389 1472 et
1412 1415 1631 1471 Behiani
1660 1414 1969 1468 reverentia:
1991 1412 2084 1466 de-
2758 1429 2976 1484 Εριςτ,
3023 1426 3179 1481 χιχ.

506 1518 667 1570 latam
715 1514 1019 1584 cupitorum
1067 1511 1419 1565 celeritatem.
1464 1507 1533 1561 At
1572 1506 1729 1573 hujus
1755 1519 1932 1571 operm
1962 1514 2086 1573 peto
2688 1536 2997 1577 suum,“
3034 1535 3258 1574 “suum

508 1607 713 1660 litteras
735 1605 1065 1665 crebriores;
1085 1615 1309 1670 quarum
1334 1598 1425 1651 tibi
1447 1613 1494 1666 με
1510 1612 1543 1651 o
1561 1595 1826 1649 facundia:
1848 1602 1952 1648 tua:
1972 1593 2087 1653 opi-

509 1699 609 1753 bus
632 1696 800 1751 facilis
827 1693 1112 1749 liberalitas
1134 1692 1253 1756 erit,
1281 1690 1410 1745 mihi
1443 1705 1541 1760 pro
1569 1688 1715 1744 cultu
1744 1698 1927 1742 mutuo
1950 1701 2088 1757 prte-

513 1789 646 1843 tiosa
678 1784 971 1856 perceptio.
1000 1783 1152 1839 Vale.
2123 1783 2165 1825 ι)

1088 1871 1303 1928 EPIST.
1352 1872 1508 1930 XLII.

1013 1978 1329 2019 SYIIIACIIUS
1366 1975 1600 2016 ιιιιΑιιιο.

2266 1645 2395 1696 Vera
2438 1656 2523 1693 rea
2561 1650 2662 1705 est,
2707 1639 2901 1692 famam
2940 1650 3059 1690 esse
3087 1633 3347 1688 velocem.
3376 1630 3483 1688 Sed
3517 1630 3776 1687 dissentio

2194 1741 2504 1798 \Iantuano,
2532 1732 2623 1802 qui
2656 1746 2775 1786 eam
2805 1738 2956 1799 putat
2980 1727 3036 1783 in
3067 1727 3222 1781 malis
3250 1726 3448 1780 debere
3478 1723 3773 1777 numerari.

2196 1829 2326 1883 Nam
2349 1827 2473 1896 quid
2497 1824 2599 1878 hac
2624 1822 2957 1891 praeclarius,
2986 1834 3106 1875 cum
3132 1818 3269 1872 laetis
3299 1816 3498 1870 nuntiis
3520 1813 3652 1883 rigat
3678 1827 3776 1865 au-

2195 1936 2280 1976 res
2301 1929 2355 1975 et
2390 1927 2596 1973 mentes
2627 1914 2930 1970 honorum?
2961 1911 3081 1964 Mihi
3113 1919 3261 1965 certe
3283 1907 3477 1979 oppido
3501 1918 3649 1975 grata
3672 1915 3777 1968 est,

2197 2021 2478 2082 postquam
2513 2005 2844 2073 purgationis
2863 2014 2963 2058 tua!
2992 2005 3163 2072 prima
3188 2002 3335 2056 vexit
3363 1997 3779 2055 indiciumJ’mi

2196 2121 2362 2168 erant,
2395 2113 2617 2157 mmstus
2646 2099 2809 2153 animi
2839 2098 2907 2153 ob
2947 2098 3199 2151 amissam
3247 2102 3547 2163 parentem.
3589 2092 3667 2147 Eo
3698 2105 3784 2145 me

2197 2211 2388 2254 secura
2413 2195 2573 2255 fama,
2599 2192 2744 2246 curis
2772 2204 2905 2260 quas
2934 2189 3002 2242 de
3030 2195 3083 2240 te
3110 2186 3361 2254 gerebam
3387 2183 3637 2237 absolvit.
3667 2179 3779 2235 Nec

2202 2291 2331 2346 Iides
2359 2287 2544 2343 deluit.
2578 2285 2724 2340 Illico
2752 2282 2893 2338 enim
2919 2279 3206 2335 credebam
3235 2292 3417 2332 verum
3444 2289 3589 2341 esse,
3636 2272 3783 2341 quod

2200 2400 2451 2441 noveram
2477 2392 2532 2438 et
2560 2392 2665 2435 tute
2708 2377 3049 2441 innocentize,
3093 2386 3147 2430 et
3194 2373 3434 2443 aequitati
3488 2383 3787 2437 temporum

2200 2476 2507 2533 convenire.
2533 2475 2881 2528 Accesserant
2920 2469 3081 2523 etiam
3111 2466 3299 2520 litterze
3332 2475 3436 2519 tua:
3463 2474 3567 2537 tam
3600 2463 3790 2531 lepida

2201 2585 2263 2624 ac
2298 2577 2551 2628 venusta,
2583 2575 2638 2618 ut
2668 2563 2720 2617 in
2746 2579 2805 2617 re
2847 2563 2956 2631 jam
2983 2560 3194 2630 cognita
3226 2572 3426 2611 novum
3476 2554 3606 2609 mihi
3636 2553 3710 2608 de
3735 2563 3788 2608 te

1088 2669 1309 2725 EPIST.
1350 2667 1531 2722 XLIII.
2202 2661 2449 2730 gaudium
2484 2654 2715 2710 nuntiari
2751 2662 3011 2719 putarem.
3059 2650 3185 2703 Erat
3222 2646 3274 2701 in
3308 2645 3413 2699 illis
3442 2643 3632 2699 ﬁducia
3660 2656 3792 2697 con-

1030 2775 1342 2817 sruuacuus
1382 2772 1607 2812 suprmo.
2204 2750 2442 2807 scientia:
2473 2750 2644 2811 bonae,
2672 2745 2764 2801 sed
2789 2759 2910 2800 cum
2940 2741 3093 2796 laude
3114 2739 3339 2810 justitia:
3367 2736 3525 2807 publi:
3544 2750 3612 2791 te.
3650 2735 3790 2788 Nam

2204 2851 2258 2897 et
2287 2840 2613 2910 principibus
2639 2837 2883 2890 maximis
2911 2834 3109 2905 gratias
3145 2841 3202 2885 nt
3229 2830 3504 2884 absolutus
3526 2828 3710 2897 egisti.
3734 2837 3793 2881 et

597 2918 836 2937 ww"...
871 2918 973 2933 ...ιν
1038 2918 1192 2930 -..-.-
1294 2918 1412 2928 .---
1444 2918 1551 2926 ..--
1583 2918 1739 2934 ηπ,
1765 2918 1851 2938 -η
1874 2918 1920 2922 Ὗ
1994 2918 2034 2934 κ,

523 2970 802 3030 sententia:
832 2980 884 3025 te
909 2918 1066 3024 nobis
1086 2964 1322 3035 iudicem
1342 2962 1517 3032 capio,
1539 2962 1626 3031 qui
1655 2958 1891 3013 animum
1923 2970 2103 3010 meum
2205 2933 2435 3035 deO'ﬁ
2461 2930 2669 3035 '07:“?
2701 2928 3064 3035 "‘_i":000"9
3108 2932 3441 3035 fonqllefms
3591 2918 3794 3035 rem:

523 3075 823 3138 spectatum
848 3064 1035 3125 habes,
1061 3010 1183 3115 citm
1211 3067 1357 3111 tuum
1384 3010 1645 3110 consulis.
1672 3051 1974 3106 Debebatur
2002 3048 2106 3103 hoc
2207 3022 2335 3128 φξίά
2383 3020 2555 3138 Ψίηῖ
2575 3016 2827 3138 AO???“
2863 3014 3132 3138 num?”
3163 3013 3376 3138 92:"?
3422 3011 3487 3138 3?
3512 3010 3796 3138 :"bam'm

2140 3129 2175 3138 -
2434 3127 2567 3138 -..-..
2611 3125 2640 3138 ..
2669 3128 2694 3138 ..
2791 3124 2920 3138 ..--..
2964 3125 2974 3138 .
3013 3122 3045 3138 η
3095 3121 3195 3138 ......
3275 3124 3301 3138 ..
3347 3118 3504 3138 ......
3533 3116 3579 3138 .a
3604 3115 3796 3138 .....-

524 3103 823 3138 ιιγσιιαιυ...
848 3103 1035 3125 ..-υνη
1062 3103 1183 3115 ..-...
1389 3103 1643 3110 ,πη-ν--
1673 3103 1697 3106 _,
1723 3103 1739 3106 -
1792 3103 1879 3106 __,,

524 3159 728 3216 teneris
763 3166 1065 3224 temporum
1090 3149 1267 3214 bonis,
1303 3157 1361 3201 ut
1387 3146 1613 3202 consilio
1640 3144 1851 3214 publico
1880 3144 1963 3196 vir
1988 3140 2103 3194 lau—

2207 3111 2642 3182 otium?quando
2668 3110 2733 3164 ad
2771 3109 2976 3179 legendi
3013 3115 3068 3162 et
3095 3104 3361 3162 scribendi
3393 3103 3580 3157 solatia
3603 3115 3797 3154 rever-

2214 3218 2224 3224 .
2296 3209 2307 3220 .
2355 3207 2379 3224 η
2408 3205 2573 3224 nam-
2604 3203 2859 3224 ---.--g.--
2892 3219 2903 3224 _
2933 3199 3193 3224 4-..”-..
3219 3212 3304 3224 -..-
3336 3195 3563 3224 -.....u...
3616 3203 3673 3224 ...
3700 3189 3796 3224 me

527 3189 665 3216 Icum
683 3189 728 3212 In
767 3189 960 3224 ιωιιμυι
977 3189 1065 3205 um
1092 3189 1267 3214 νυ--ιυ,
1305 3189 1361 3201 ..-
1388 3189 1399 3199 ι
1419 3189 1611 3202 νυν-..ν
1641 3189 1847 3214 run".--
1893 3189 1903 3196 .
1921 3189 1951 3193 ._
1991 3189 2074 3194 ὼγ,

527 3255 682 3306 datus
704 3249 1011 3303 accederes.
1039 3244 1178 3312 Ergo
1204 3241 1327 3311 quia
1356 3255 1444 3293 res
1472 3251 1594 3291 sese
1619 3251 1687 3291 ex
1718 3246 1843 3288 vom
1865 3233 2102 3287 omnium

2212 3207 2379 3263 teris?
2408 3205 2579 3274 Spero
2603 3203 2860 3259 velociter
2891 3219 2904 3253 :
2931 3199 3194 3271 siquidem
3219 3212 3308 3253 res
3336 3195 3586 3263 postulat,
3616 3203 3679 3246 ut
3700 3189 3796 3244 tibi

531 3285 1011 3306 ...ιιιιδιιιυωηηωη
1039 3285 1096 3298 υ.
1148 3285 1176 3296 ν
1206 3285 1217 3293 .
1245 3285 1327 3294 ...-
1359 3285 1443 3293 η-
1473 3285 1591 3291 ----
1623 3285 1686 3291 -.-
1731 3285 1776 3288 ν-
1816 3285 1833 3287 _
1874 3285 1889 3287 _
1960 3285 1969 3286 ,

531 3342 700 3409 dedit,
741 3353 937 3408 perage
978 3285 1198 3404 operam
1221 3285 1446 3401 1judicio
1489 3328 1616 3382 tanti
1667 3325 1923 3396 principis
1978 3339 2106 3378 con-
2211 3295 2651 3409 peregrinationis
2679 3292 2869 3363 injuria
2898 3289 3222 3346 desiderium
3268 3285 3468 3358 quietis
3510 3296 3799 3340 commen-

529 3389 830 3502 gruetitem.
859 3389 1025 3498 Grget
1055 3436 1108 3481 te
1134 3423 1467 3493 exspectatio
1493 3421 1647 3475 bon's
1673 3433 1888 3486 semper
1914 3432 2107 3472 Ottero-
2209 3393 2318 3446 ἀεί·
2353 3389 2499 3444 Vale-

536 3540 616 3581 sa.
638 3525 771 3580 Nam
799 3523 898 3577 etsi
925 3521 1114 3591 dignos
1144 3518 1377 3585 respicit,
1403 3516 1639 3584 periculo
1662 3523 1837 3567 tamen
1867 3509 2107 3581 proxima

533 3626 637 3685 est,
660 3616 788 3671 dum
817 3612 1049 3683 amplius
1072 3610 1175 3665 sibi
1197 3608 1501 3678 pollicetur.
1534 3605 1709 3660 Habes
1728 3604 1983 3659 smculum
2010 3603 2111 3655 vir-

536 3710 635 3767 tuti
663 3709 916 3769 amicum,
947 3720 1054 3774 quo
1098 3702 1202 3756 nisi
1233 3701 1467 3770 optimus
1513 3699 1739 3768 quisque
1764 3696 1988 3767 gloriam
2020 3709 2110 3764 pa-

535 3810 641 3866 rat,
663 3797 899 3855 hominis
922 3804 1005 3852 est
1030 3793 1208 3862 culpa,
1230 3807 1339 3845 non
1365 3790 1644 3859 temporis.
1675 3788 1831 3843 Vides
1852 3796 2030 3850 certe;
2055 3792 2113 3838 ut

533 3891 623 3946 ille
649 3890 765 3960 ipse
811 3888 903 3957 qui
948 3883 1204 3940 Romanis
1235 3882 1395 3938 rebus
1423 3880 1664 3945 antistat,
1696 3878 1763 3932 ad
1786 3878 1982 3932 bonum
2016 3891 2113 3942 pu-

533 3982 729 4038 blicum
748 3988 904 4035 natus
929 3987 1032 4034 est.
1055 3975 1325 4040 Secundo,
1348 3983 1407 4028 ut
1431 3974 1501 4027 ita
1528 3972 1724 4037 dicam,
1751 3984 1909 4026 cursu
1932 3967 2110 4038 proba:

532 4083 680 4129 artes
706 4080 764 4128 et
786 4070 1011 4125 virtutes
1038 4068 1302 4123 feruntur.
1335 4065 1441 4122 Sed
1471 4064 1586 4118 haec
1613 4062 1707 4117 tibi
1737 4062 1948 4130 plenius
1988 4068 2111 4112 tuus

531 4166 746 4221 animus
773 4178 932 4233 quam
964 4161 1131 4232 stylus
1161 4167 1347 4215 noster
1373 4157 1640 4226 expediet.
1678 4156 1788 4224 Ego
1810 4154 1962 4209 amici
1996 4153 2113 4206 fun-

532 4266 652 4312 ctus
672 4253 935 4317 officium,
967 4252 1308 4306 admonentis
1337 4250 1513 4319 potius
1544 4263 1701 4316 quam
1724 4246 1966 4301 ducentis
1994 4260 2113 4310 per-

543 4361 732 4403 sonam
756 4345 956 4413 recepi.
989 4343 1052 4397 Et
1075 4356 1234 4412 spero
1249 4349 1486 4394 actutum
1521 4339 1654 4402 fore,
1678 4348 1736 4393 ut
1761 4336 2113 4405 exspectatio-

538 4454 626 4504 ne,
652 4450 775 4506 quaa
802 4436 871 4489 de
902 4446 952 4488 te
990 4446 1181 4502 magna
1209 4442 1311 4497 est,
1342 4433 1514 4501 major
1552 4431 1817 4487 habearis.
1863 4429 1970 4483 Nec
2011 4442 2112 4495 ego

542 4527 844 4582 istiusmodi
873 4525 1133 4592 Scriptum
1161 4524 1499 4594 recepissem,
1530 4523 1630 4576 nisi
1672 4521 1807 4588 apud
1840 4536 1925 4574 mc
1948 4521 2118 4587 lique-

589 2084 776 2137 Denuo
816 2081 1114 2134 litteiarum
1147 2077 1332 2133 fenore
1375 2075 1558 2144 obligo
1588 2074 1741 2126 bona:
1789 2069 1913 2125 ﬁdei
1943 2068 2097 2124 debi-

517 2187 707 2231 torem.
743 2172 902 2233 Reee,
925 2180 975 2223 ta
1015 2169 1158 2223 enim
1202 2165 1541 2221 salutationis
1586 2164 1727 2227 vice,
1756 2176 1915 2232 quam
1967 2158 2096 2213 mihi

518 2265 764 2338 proxime
786 2260 1088 2322 reddidisti,
1109 2274 1249 2313 nexu
1271 2255 1426 2311 istius
1448 2255 1680 2309 moneris
1702 2264 1755 2308 te
1777 2267 1967 2305 vacare
1988 2266 2095 2304 non

520 2359 714 2426 patior.
742 2356 854 2411 IIoc
884 2363 1060 2408 autem
1091 2351 1221 2405 mihi
1253 2349 1427 2404 solum
1456 2346 1730 2417 prmstabit
1759 2345 1858 2398 iste
1884 2352 2097 2399 contra-

520 2461 657 2515 ctus,
690 2458 746 2504 ut
776 2446 967 2502 indicia
1018 2457 1417 2513 prosperorum,
1467 2454 1587 2508 qum
1622 2438 1688 2492 de
1742 2452 1827 2491 me
1855 2433 2055 2504 accipis
2081 2474 2096 2499 ,

524 2554 736 2599 tuorum
768 2541 1031 2596 bonorum
1057 2536 1330 2604 \oluptale
1364 2545 1704 2600 compenses.
1737 2528 1885 2582 Va'e.

596 2881 841 2937 Fortium
871 2887 974 2933 tute
1002 2873 1192 2947 gaudia
1215 2874 1269 2928 in
1294 2887 1416 2928 meo
1443 2885 1552 2926 aere
1580 2870 1739 2934 duco,
1763 2877 1923 2938 atque
1943 2864 2104 2934 hujus

2778 3454 2999 3510 EPIST.
3038 3452 3225 3508 XLVI.

2684 3562 2825 3601 εῖιιιι
2838 3562 2997 3603 ιειιυε
3046 3559 3324 3601 ευτιιονιο.

2286 3665 2361 3719 Ex
2393 3662 2659 3718 sententia
2678 3662 2803 3717 mihi
2827 3662 3000 3730 cupita
3025 3659 3340 3724 succedunt,
3369 3658 3413 3714 si
3435 3653 3652 3725 quando
3683 3668 3809 3723 per-

2212 3755 2313 3809 frui
2343 3755 2497 3809 datur
2545 3753 2733 3807 salutis
2765 3761 2874 3806 tua:
2915 3751 3222 3821 cognitione
3281 3748 3499 3817 alloquii
3548 3759 3802 3800 munere.

2213 3848 2325 3901 lloc
2351 3861 2450 3917 ego
2489 3846 2691 3915 liquere
2730 3843 2869 3912 apud
2924 3853 2977 3898 te
3029 3843 3161 3898 satis
3221 3842 3392 3897 habeo
3440 3850 3805 3907 compertum.

2211 3941 2347 4010 Quid
2369 3942 2511 3997 enim
2540 3940 2668 3994 mibi
2693 3939 2893 3992 amoris
2934 3938 3293 4005 impen-leres,
3334 3935 3379 3988 si
3405 3933 3474 3989 de
3506 3948 3593 3987 me
3627 3933 3803 3986 incer-

2214 4044 2296 4086 tus
2321 4031 2506 4087 esses?
2533 4032 2707 4100 Atque
2731 4031 2931 4084 utinam
2960 4029 3154 4095 scripta
3185 4028 3297 4080 haec
3324 4040 3410 4080 tua
3431 4064 3448 4088 ,
3487 4039 3649 4093 quam
3679 4031 3807 4076 sunt

2214 4124 2434 4179 honoris
2460 4122 2635 4190 plena,
2668 4130 2774 4174 tam
2804 4120 2992 4175 crebra
3019 4119 3127 4172 sint
3150 4119 3164 4172 l
3190 4114 3380 4171 Gravis
3406 4123 3490 4170 est
3511 4113 3658 4170 enim
3685 4113 3809 4166 sitis

2216 4220 2472 4271 bonarum
2504 4229 2706 4276 rerum,
2735 4212 2820 4267 cui
2862 4211 2973 4265 sola
3022 4210 3235 4265 fruendi
3266 4207 3549 4263 assiduitas
3576 4202 3810 4260 medici—

2216 4324 2337 4361 nam
2373 4306 2518 4360 facit.
2567 4304 2708 4373 Ergo
2758 4302 3121 4373 indulgentius
3169 4299 3392 4354 abutere
3440 4293 3810 4352 munificentia

2217 4399 2591 4467 scriptionum.
2620 4395 2750 4450 Nam
2775 4410 2881 4464 quo
2909 4394 3028 4461 plus
3052 4400 3139 4447 est
3186 4392 3240 4446 in
3289 4392 3478 4446 litteris
3524 4389 3632 4442 tuis
3658 4385 3813 4457 quod

2147 4493 2191 4551 D
2220 4489 2505 4559 gaudeam,
2536 4488 2639 4542 hoc
2664 4487 2834 4556 magis
2863 4491 3110 4553 superest
3139 4481 3282 4552 quod
3326 4481 3617 4551 requiram.
3650 4478 3815 4534 Vale.

539 4631 648 4688 ret,
677 4619 820 4690 quod
865 4618 1150 4672 emendato
1191 4616 1392 4684 pectori
1423 4616 1560 4670 bona
1591 4614 1755 4669 verba
1782 4612 2112 4666 mandarem.
2772 4598 2986 4653 EPIST.
3029 4596 3236 4651 XLVII.

537 4711 688 4778 Quod
715 4718 903 4772 reeitat,
928 4715 1199 4761 memento
1220 4707 1391 4759 salute
1417 4704 1719 4766 referenda,
1744 4711 1799 4756 et
1819 4712 1967 4757 tuum
1998 4718 2116 4755 mn-
2695 4704 3002 4745 sunmus
3044 4702 3323 4741 eernopto.

539 4818 639 4855 nus
684 4800 934 4869 exsequi,
982 4808 1035 4851 et
1073 4799 1177 4851 mei
1208 4796 1370 4851 ofIicii
1419 4796 1752 4866 diligentiam
1801 4808 2112 4863 provocare.
2227 4780 2232 4785 ’
2289 4802 2453 4857 Nam;
2474 4814 2670 4854 vacuus
2695 4801 2887 4864 οιίειια,
2935 4806 2990 4852 ει
3044 4797 3192 4852 libris
3224 4796 3499 4852 rcmusius
3547 4794 3821 4863 ίιινίκίηι,

540 4895 696 4951 Vale.
1102 4957 1299 4965 ______
1362 4956 1523 4965 _____.
2218 4895 2434 4965 quando
2463 4895 2533 4947 ita
2568 4891 2829 4947 volvenda
2877 4890 2991 4946 dies
3045 4890 3239 4958 attulit,
3290 4900 3345 4944 ut
3384 4889 3584 4943 domini
3642 4888 3826 4942 nostri

1102 4957 1321 5014 EPIST.
1362 4956 1545 5011 XLIV.

2225 4987 2464 5041 Gratiani
2496 4986 2777 5040 fortissima
2811 4984 2965 5039 simul
2992 5000 3054 5038 ac
3088 4982 3390 5037 felicissima
3424 4996 3579 5035 manu
3603 4991 3821 5037 nutan-

1042 5046 1358 5106 ﬁuuicnos
1390 5066 1610 5104 SIBUBIO.

2225 5078 2295 5132 tia
2363 5076 2666 5146 reipublicae
2721 5073 2953 5144 pondera
3014 5076 3319 5128 folciantnr.
3387 5071 3662 5125 Videorne
3722 5072 3824 5125 tibi

613 5167 861 5225 Concedo
888 5169 941 5220 in
969 5167 1115 5235 leges
1145 5172 1282 5228 tuas,
1314 5173 1371 5217 et
1398 5162 1696 5238 ἀρχαϊσμὸν
1724 5159 1935 5213 scriben
1959 5159 1992 5212 li
2015 5175 2108 5213 non

2225 5171 2700 5243 πανηγυρικώτερον
2725 5166 2931 5219 loeutus
2958 5204 2973 5228 ,
2995 5179 3151 5230 quam
3176 5178 3288 5215 mos
3310 5160 3550 5229 epis‘tolze
3577 5161 3659 5213 sit
3679 5159 3709 5213 3
3737 5160 3834 5216 Sic

541 5263 739 5321 invitus
765 5259 979 5314 allecto.
1009 5258 1090 5312 Tu
1114 5268 1290 5311 tamen
1323 5254 1407 5309 fac
1433 5252 1761 5319 memineris,
1788 5252 1916 5307 illud
1950 5253 2125 5321 potius
2228 5259 2447 5313 seliabet
2468 5260 2624 5324 ratio,
2645 5265 2700 5311 ut
2722 5272 2809 5311 res
2828 5253 3493 5320 maximmmagnosbiatus
3507 5251 3625 5304 oris
3642 5253 3838 5320 requi-

544 5357 770 5427 simplex
802 5352 1073 5407 nonnullis
1101 5351 1292 5417 videri,
1324 5350 1463 5420 quod
1494 5348 1766 5419 sequentis
1793 5349 1967 5401 anatis
2001 5362 2126 5400 usus
2236 5360 2372 5404 rant.
2422 5349 2527 5405 Sed
2579 5350 2693 5402 hzec
2717 5348 2855 5417 style
2881 5345 3217 5413 exsequenda
3257 5343 3349 5397 tibi
3394 5351 3520 5395 ante
3550 5341 3722 5407 alios,
3744 5340 3837 5396 cui

545 5450 767 5518 νεωρίιι
813 5445 907 5501 Vis
953 5441 1194 5511 θρίείοίίε
1248 5443 1445 5495 ποδίτίθ
1485 5454 1634 5495 more
1680 5438 1943 5507 malm“!!!
1989 5437 2125 5491 "ulla
2236 5443 2403 5511 pollet
2433 5439 3076 5504 Minerva,concedimus.
3105 5436 3212 5490 Nos
3232 5435 3296 5487 ad
3326 5434 3607 5489 familiaria
3642 5451 3841 5488 rever-

549 5542 762 5596 nomina
814 5535 1202 5609 pra-ferantur?
1249 5534 1306 5588 Si
1364 5534 1457 5586 tibi
1504 5535 1779 5587 vetustatis
1828 5542 2002 5584 tantus
2049 5539 2130 5584 est
2239 5545 2434 5588 tamur.
2461 5534 2554 5586 Ilio
2582 5547 2609 5584 a
2639 5547 2725 5585 me
2758 5530 2895 5584 bona
2916 5528 3164 5583 valetudo
3193 5526 3463 5581 dissensit.
3497 5524 3843 5579 Inhorrnisti

551 5647 720 5699 amor,
750 5634 861 5701 pari
899 5633 1079 5686 studio
1120 5629 1173 5683 in
1201 5628 1360 5683 verba
1397 5627 1567 5696 prisca
1603 5627 1910 5690 redeamus,
1942 5625 2132 5693 quibus
2241 5625 2531 5694 paululum,
2565 5624 2715 5687 scio;
2748 5636 2890 5691 pone
2934 5618 3346 5675 sollicitudinem
3382 5634 3395 5670 :
3420 5618 3528 5684 jam
3551 5618 3835 5670 valemus.

554 5724 672 5778 salii
699 5732 915 5785 canunt.
946 5735 999 5780 et
1025 5737 1255 5787 augures
1295 5735 1447 5775 avem
1490 5720 1802 5781 consulunt,
1835 5728 1886 5775 et
1914 5719 2131 5773 dcccm-
2241 5717 2390 5772 Nunc
2422 5715 2710 5772 refectione
2736 5727 2871 5778 opus
2890 5721 2992 5777 est,
3023 5712 3174 5775 cujus
3214 5710 3343 5765 mihi
3370 5711 3519 5778 copia
3548 5710 3842 5763 semionis
