4046 6170
286 286 389 345 ιιε

280 498 579 565 provenire.
618 498 764 557 Vale.

830 572 1046 631 EPIST.
1086 575 1314 634 XLVIII.

755 677 1063 723 IVIIACEUS
1101 685 1386 728 EUTROPIO.

341 773 726 842 Superforanci
760 776 963 833 laboris
991 790 1072 835 est
1101 784 1486 843 commendare
1514 788 1858 858 conspicuos,

273 874 329 918 ut
356 864 400 919 si
426 865 482 919 in
501 867 617 922 sole
639 868 824 937 positis
849 870 1016 927 facem
1045 873 1323 943 praferas,
1357 887 1411 933 et
1440 892 1671 935 accensu
1696 882 1856 936 lumi-

270 975 395 1012 num
421 960 802 1017 claritudinem
834 963 939 1018 divi
972 966 1170 1035 gestias
1207 967 1483 1037 adjuvare.
1529 972 1731 1028 Idcirco
1760 974 1858 1029 im-

267 1054 674 1119 prarsentiarum
697 1056 830 1110 nihil
858 1066 1099 1114 moratus
1124 1062 1276 1115 testis
1291 1061 1549 1128 officium,
1573 1066 1857 1121 salutatio-

265 1146 315 1198 ni
347 1154 456 1199 tua:
481 1146 607 1217 styli
649 1161 870 1216 operam
900 1149 1160 1204 dedicavi.
1206 1152 1284 1206 'f‘u
1312 1162 1491 1209 tamen
1520 1154 1858 1211 Posthumia-

261 1250 396 1290 num
426 1236 646 1292 fratrem
679 1250 945 1309 nostrum,
970 1242 1228 1310 juvenem
1258 1243 1326 1299 de
1354 1248 1707 1303 summatibus
1733 1265 1854 1305 meo

259 1343 479 1398 quoque
500 1333 717 1387 nomine
747 1333 906 1387 velim
937 1333 1167 1405 diligas:
1212 1349 1270 1393 ut
1319 1338 1604 1411 intelligat,
1652 1342 1850 1412 justam

258 1420 427 1475 veluti
455 1421 804 1478 omissionem
839 1425 1011 1480 laudis
1033 1441 1146 1483 suae
1175 1427 1295 1496 plus
1325 1428 1545 1487 honoris
1575 1433 1847 1493 habuisse.

257 1510 411 1567 Vale.

834 1585 1050 1644 EPIST.
1096 1587 1282 1644 XLIX.

742 1692 1049 1734 εγωιΑοιιυε
1092 1695 1371 1737 ευτιιυιηο.

1494 305 1975 369 EPISTOLARUM
2016 315 2217 374 LIBER
2258 320 2344 378 Iif.

282 406 354 461 tui
396 404 687 475 p1blth,Sl
734 410 991 468 annueris
1042 417 1344 474 istiusmodi
1392 433 1633 490 cperam,
1672 425 1865 495 poterit
1894 430 1941 485 A
1973 433 2277 501 religionem
2326 439 2587 512 frequenti
2640 465 2736 506 usu

3442 357 3541 414 ΞΗ

1974 455 2277 576 ῒιὶκιοηρῐη
2326 455 2587 512 tiequcnti
2640 465 2736 506 usu
2786 455 3167 517 vicissitudinis
3216 473 3537 534 repensabis.

2020 538 2121 576 ae.

2020 538 2121 579 ate.

2562 608 2773 668 El’IST.
2814 615 2943 671 LIII.

2451 710 2760 757 5VIIIACHUS
2800 721 3083 765 ευτιιοριο.

2035 774 2378 835 Musonianus
2412 784 2471 838 V.
2504 788 2567 842 C.
2600 790 2891 851 admirator
2922 808 3061 864 tuus,
3090 804 3291 872 scripto
3316 822 3380 862 ex
3412 810 3537 865 Asia

1965 880 2135 936 nuper
2158 870 2348 937 allato,
2394 879 2625 936 mutilari
2668 900 2822 954 agros
2867 902 3013 959 suos,
3063 896 3149 961 qui
3183 899 3285 952 tuis
3314 901 3534 970 conjun-

1960 969 2176 1025 guntur,
2200 966 2427 1034 accepit.
2447 970 2573 1025 Eam
2605 988 2740 1040 rem,
2769 993 2889 1033 cum
2923 984 3049 1038 mihi
3073 988 3323 1045 amicitia:
3338 966 3534 1050 nostra:

1959 1062 2157 1115 gnarus
2183 1052 2518 1113 familiariter
2546 1061 2859 1136 indicasset;
2900 1073 3157 1144 principio
3185 1081 3352 1148 suasi,
3375 1099 3441 1139 ne
3466 1086 3531 1142 ad

1960 1135 2115 1194 fidem
2145 1147 2274 1198 tanti
2321 1150 2579 1206 mendacii
2610 1154 2882 1215 hominum
2901 1135 3132 1222 suorum
3176 1135 3393 1229 levitaIe
3422 1187 3531 1231 tra—

1958 1231 2197 1288 heretur.
2221 1235 2421 1295 Dehinc
2442 1248 2680 1310 poscenti
2710 1248 2934 1316 litteras,
2954 1258 3113 1313 cilicii
3140 1259 3299 1330 hujus
3313 1279 3531 1333 operam

1956 1334 2060 1374 non
2090 1329 2300 1395 negavi,
2332 1330 2509 1387 sciens
2539 1346 2737 1393 mutum
2762 1340 3048 1413 diligentia:
3071 1329 3378 1421 convenire,
3408 1371 3528 1413 cum

1956 1411 2093 1466 inter
2119 1430 2239 1484 nos,
2266 1434 2385 1485 qua:
2410 1424 2475 1476 ad
2491 1411 3037 1497 integritatemvfamae
3058 1451 3256 1497 nostra:
3279 1411 3527 1515 attinent,

1953 1504 2297 1562 conferimus.
2330 1511 2524 1578 Qumso
2552 1518 2728 1586 igitur,
2773 1523 2825 1577 in
2859 1524 3053 1583 bonam
3088 1544 3312 1600 partem,
3354 1553 3473 1607 qua:
3498 1557 3527 1595 a

1952 1607 2038 1648 me
2077 1596 2406 1668 scribuntur,
2455 1607 2712 1676 accipias;
2745 1622 2800 1667 et
2836 1625 2927 1669 aut
2977 1596 3237 1677 fallaciam
3287 1596 3528 1686 temerati

1945 1684 2079 1752 juris
2102 1688 2262 1744 alieni
2291 1694 2539 1752 celeriter
2581 1716 2876 1775 expurges;
2923 1720 3014 1766 aut
3055 1713 3255 1785 siquid
3297 1727 3348 1775 te
3376 1719 3526 1790 igno~

324 1789 385 1842 In
435 1789 586 1859 sum
642 1791 788 1846 dono
817 1793 1011 1859 habeo,
1054 1795 1194 1863 quod
1224 1798 1476 1852 amicitia,
1519 1816 1653 1855 mem
1706 1805 1846 1859 viros
1878 1792 1925 1852 Β
1954 1789 2104 1830 rantc
2132 1781 2398 1838 turbatum
2427 1798 2527 1854 est,
2554 1790 2743 1854 iubeas
2772 1797 3071 1856 reformari.
3094 1804 3242 1862 Vale.

249 1881 570 1937 edecimata:
597 1884 893 1940 honestatis
927 1886 1192 1957 adjungis.
1224 1888 1381 1945 Facis
1412 1890 1512 1947 hoc
1537 1908 1632 1961 pro
1649 1907 1845 1951 ca'tera

247 1989 378 2043 erga
409 1990 499 2029 me
520 1975 797 2045 diligentia
822 1988 931 2047 tua,
959 1994 1059 2036 nec
1088 1996 1317 2052 unquam
1351 1984 1566 2042 desistis
1587 2002 1801 2057 operam
1829 2032 1842 2055 ,

247 2067 394 2136 quod
425 2067 559 2121 mihi
588 2084 654 2124 ex
684 2083 786 2125 usu
825 2071 1055 2142 accidat,
1106 2074 1446 2131 consulendi.
1478 2077 1616 2145 Quid
1656 2081 1700 2135 si
1748 2082 1839 2137 tibi

246 2158 415 2213 etiam
443 2156 629 2215 fratris
657 2162 765 2217 mei
796 2162 981 2219 Sabini
1013 2168 1231 2221 nomine
1257 2168 1455 2236 gratias
1502 2172 1697 2240 agam?
1741 2173 1840 2239 Qui

247 2258 360 2305 ate
382 2252 438 2304 in
484 2252 680 2307 bonam
711 2265 915 2323 partem
937 2257 1176 2313 creditus
1224 2268 1430 2315 tantum
1475 2266 1841 2333 prmrogativat

243 2342 454 2410 attulit,
493 2346 623 2400 utsi
679 2345 816 2401 foret
859 2347 970 2416 jam
1014 2350 1271 2406 omnibus
1318 2353 1592 2420 probatus.
1643 2356 1840 2425 Dignus

241 2437 405 2500 plane
454 2436 577 2491 talis
609 2437 708 2491 viri
759 2441 1272 2511 testimonio:quod
1302 2457 1423 2498 cum
1469 2445 1546 2500 illi
1576 2446 1640 2500 ad
1683 2463 1834 2503 com-

239 2526 649 2581 tttendaiionem
677 2534 757 2581 sui
782 2530 1052 2597 tribueris,
1076 2532 1404 2589 existimaris
1426 2535 1527 2590 hoc
1553 2537 1691 2603 aliis,
1718 2538 1837 2608 qui-

239 2618 337 2672 bus
363 2620 781 2675 commendatus
800 2632 906 2691 eat,
947 2624 1286 2691 praastitisse.
1321 2624 1469 2681 Vale.

890 2731 1104 2789 EPIST.
1144 2735 1204 2790 L.

727 2839 1041 2882 SYIIACHUS
1079 2844 1364 2886 ευτιιοιηο.

303 2931 450 2986 Cum
492 2942 550 2986 tu
576 2933 797 2992 Romam
827 2940 1167 2995 commodum
1222 2945 1444 3013 repetis,
1501 2962 1601 3017 ego
1649 2964 1733 3004 me
1776 2965 1827 3003 in

234 3039 456 3080 secessu
486 3027 798 3085 suburbano
836 3033 1037 3087 asserui
1088 3034 1325 3091 lectioni.
1380 3038 1476 3093 Diu
1522 3042 1721 3111 quippe
1762 3044 1829 3099 ab

233 3116 335 3171 hoc
392 3120 621 3186 negotio
648 3135 778 3177 cura
820 3123 1168 3193 obstrepente
1203 3127 1519 3184 desidiums.
1552 3131 1704 3188 Nunc
1735 3135 1823 3190 ubi

232 3218 284 3263 tu
317 3210 463 3266 abes
498 3223 625 3281 pars
660 3214 931 3283 antiquior
977 3217 1274 3273 amicorum
1323 3232 1562 3276 meorum
1586 3265 1601 3283 .
1656 3226 1822 3282 vicem

228 3303 506 3359 sermonis
533 3304 609 3360 tui
636 3315 877 3363 veterum
927 3311 1123 3380 scripta
1192 3312 1506 3383 funguntur.
1551 3319 1658 3372 Aut
1696 3321 1821 3377 olim

230 3408 412 3453 tamen
443 3400 635 3453 urbem
684 3416 807 3456 rure
845 3414 1197 3467 mutaverant.
1229 3419 1286 3461 ut
1314 3419 1473 3465 testas
1501 3411 1629 3466 mihi
1678 3413 1823 3469 Prte-

228 3488 448 3542 nestino
476 3488 659 3558 algido
681 3490 1016 3562 frangeietur
1046 3497 1177 3560 ;sed
1215 3496 1549 3554 interventus
1598 3503 1822 3559 familia-

230 3581 300 3633 ris
329 3578 540 3649 negotii
573 3582 717 3649 rupit
738 3583 906 3638 otium
948 3600 1146 3641 meum.
1176 3586 1319 3657 Ergo
1353 3589 1463 3659 jam
1496 3592 1635 3647 viam
1670 3594 1816 3664 lego,

227 3670 493 3740 depositis
515 3687 636 3740 qua:
667 3673 929 3744 legebam.
970 3678 1024 3732 Si
1052 3678 1180 3747 quid
1210 3691 1470 3749 prmtcrea
1515 3682 1652 3739 scitu
1685 3701 1819 3754 opus

225 3768 327 3821 est,
359 3776 523 3817 mens
551 3761 818 3819 Palladius
864 3765 1142 3834 indicabit,
1173 3785 1330 3839 quem
1378 3787 1481 3842 ego
1508 3789 1613 3829 non
1641 3777 1818 3833 minus

224 3851 387 3908 doleo
410 3851 703 3908 abductum
734 3869 764 3910 a
789 3854 1067 3925 jnventnte
1094 3859 1330 3916 Romana
1352 3902 1366 3929 ,
1398 3878 1555 3934 quam
1582 3868 1817 3937 gratulor

225 3946 281 3999 in
304 3958 464 4014 spem
496 3946 580 4000 sui
614 3945 832 4003 honoris
860 3949 1113 4006 accitum.
1151 3952 1294 4010 Vale.

853 4060 1065 4118 EI’IST.
1111 4063 1192 4118 LI.

712 4166 769 4206 δι’
778 4169 847 4207 ΙΝ
856 4170 1018 4210 ΑΟὲΙῑΒ
1060 4173 1337 4215 Ευτιιοριο.

293 4265 413 4335 Ago
441 4265 660 4333 quidem
689 4268 867 4323 studio
898 4276 991 4325 tuo
1019 4271 1209 4328 uberes
1238 4276 1473 4344 gratias,
1505 4280 1645 4347 quod
1679 4280 1810 4335 mihi

224 4356 642 4413 familiaritatem
676 4360 1034 4428 probatissimi
1059 4364 1317 4435 cujusque
1359 4369 1614 4423 concilias
1655 4387 1670 4424 :
1715 4373 1808 4427 sed

223 4452 387 4505 frater
417 4465 571 4504 meus
604 4451 948 4522 llyperecius,
985 4453 1299 4524 jamdudum
1340 4458 1673 4517 institutione
1705 4462 1809 4518 Ro-

225 4558 411 4595 manus
438 4553 544 4597 est.
578 4542 686 4597 Cur
708 4543 868 4613 igitur
896 4545 1025 4600 mihi
1056 4546 1190 4602 bona
1221 4558 1402 4604 uestra
1425 4554 1807 4609 commendas?

220 4632 395 4688 Cedas
417 4633 555 4690 alios
581 4649 676 4689 usu
705 4635 1018 4704 incognitos.
1046 4638 1421 4696 emendatione
1455 4644 1800 4708 consimiles:

220 4724 269 4778 si
322 4731 498 4780 tamen
550 4726 739 4780 raritas
767 4726 1020 4782 virtutum
1050 4731 1358 4795 admiserit,
1408 4743 1463 4787 ut
1510 4750 1673 4791 unum
1713 4748 1802 4791 aut

221 4818 446 4874 alterum
472 4834 627 4889 a-que
665 4820 975 4877 edecimatat
1014 4825 1308 4879 honestatis
1360 4826 1624 4882 invenias.
1678 4829 1799 4885 Illos

221 4924 328 4976 ego
364 4914 570 4967 amicos
620 4914 881 4968 beneﬁcio
911 4923 1006 4969 tuo
1049 4917 1340 4986 acquisitos
1382 4921 1614 4987 putabo,
1660 4937 1794 4991 quos

221 5000 422 5057 nesrio.
468 5002 633 5058 Istum
676 5003 805 5058 mihi
836 5003 1111 5060 reddidiSti
1149 5008 1323 5073 potius
1371 5023 1531 5077 quam
1583 5012 1798 5067 dedisti.

224 5088 369 5145 Vale.

823 5163 1038 5221 EI’IST.
1089 5165 1195 5221 LII.

694 5270 1001 5312 SﬂlIACIIUS
1043 5273 1323 5315 EUTROPIO.

285 5363 566 5421 lediolani
597 5367 813 5425 interim
835 5371 975 5437 dego
997 5372 1064 5426 ad
1104 5373 1358 5444 obsequia
1388 5376 1612 5446 auspicii
1664 5393 1794 5433 con-

208 5453 406 5510 sularis
449 5455 514 5514 υ.
549 5457 900 5515 Valentiniani
930 5471 1201 5519 evocatus.
1261 5465 1445 5520 Accito
1500 5468 1630 5523 mihi
1684 5468 1795 5526 fors

205 5545 359 5600 dedit
379 5549 665 5604 exercendi
694 5550 836 5606 circa
859 5559 915 5608 te
939 5553 1061 5623 styli
1092 5554 1323 5625 copiam.
1371 5556 1501 5611 Eam
1542 5558 1788 5627 libenter,

204 5646 263 5687 ut
309 5636 477 5691 honor
512 5640 763 5695 amicitia:
800 5644 1101 5711 postulabat
1137 5688 1149 5710 ,
1196 5646 1476 5714 amplexus
1502 5689 1515 5712 ,
1564 5649 1790 5704 salutem

204 5726 305 5782 ubi
334 5728 515 5785 dclero
543 5746 559 5785 ;
587 5747 744 5794 unam
802 5734 845 5788 si
884 5733 1021 5793 bene
1046 5739 1401 5805 contemplor,
1452 5738 1793 5795 familiarium

2540 1923 2755 1984 EPIST.
2798 1930 2928 1987 LIV.

2426 2024 2736 2072 SVIHIACIIUS
2768 2035 3032 2079 IllCOIIEllI.

2021 2090 2164 2147 Meus
2192 2111 2308 2150 mos
2348 2110 2431 2154 est
2471 2118 2684 2174 seraper
2710 2110 2907 2179 alloqui
2953 2122 3311 2183 praestantiam
3354 2136 3516 2185 tuam.

1944 2185 2042 2252 Qui
2074 2192 2229 2245 tuus?
2257 2192 2453 2253 litteris
2479 2199 2769 2259 abstinere.
2816 2205 3062 2265 Facimus
3089 2217 3228 2281 quod
3258 2220 3515 2279 solemus.

1945 2277 2054 2348 Ego
2080 2284 2277 2350 scribo,
2331 2296 2388 2342 tu
2435 2291 2649 2348 retices.
2700 2298 2804 2354 Sed
2843 2303 2956 2357 scio
2986 2304 3037 2357 in
3068 2277 3307 2365 amandis
3335 2277 3520 2370 amicis

1944 2372 2196 2435 majorem
2227 2375 2513 2437 virtutibus
2543 2385 2649 2440 tuis
2679 2388 2857 2447 inesse
2882 2398 3256 2465 constantiam,
3285 2417 3441 2471 quam
3467 2405 3516 2459 in

1942 2463 2267 2532 negligendis
2317 2471 2558 2539 epistolis
2591 2477 2935 2537 voluntatem.
2970 2484 3142 2552 Atque
3190 2463 3317 2546 ideo
3355 2494 3515 2547 animi

1941 2553 2015 2608 tui
2042 2568 2288 2622 securus,
2336 2561 2536 2618 cultum
2582 2565 2673 2622 tibi
2703 2569 2941 2628 debitum
2981 2591 3158 2632 meme
3186 2590 3240 2635 et
3266 2597 3513 2640 sermone

1940 2660 2045 2700 non
2078 2649 2290 2714 desero,
2345 2669 2673 2726 nequaquam
2716 2678 3033 2733 reposcens,
3089 2682 3144 2722 ut
3189 2671 3511 2740 scripturum

1938 2736 2065 2790 mihi
2098 2740 2409 2800 vicissitudo
2436 2750 2776 2817 respondeat,
2806 2770 2925 2810 cum
2949 2756 3001 2812 in
3028 2773 3211 2817 amore
3237 2736 3507 2820 reddatur.

1942 2826 2091 2883 Vale.

2546 2908 2760 2966 EPIS’I‘.
2802 2914 2910 2971 LV.

2413 3011 2723 3056 SYIMACIIUS
2760 3019 3026 3101 RICOUESRI.

2006 3100 2060 3155 In
2088 3104 2393 3162 suburbano
2432 3112 2629 3177 praedio
2660 3115 2844 3170 fovens
2878 3100 3047 3174 otium
3075 3128 3279 3196 sumpsi
3303 3126 3503 3185 litteras

1935 3207 2071 3249 tuas.
2099 3198 2209 3253 Cur
2230 3203 2369 3256 enim
2389 3202 2573 3261 flama:
2590 3215 2639 3261 te
2655 3209 2953 3269 decedente
2975 3231 3308 3277 remanerem
3325 3225 3349 3279 ‘i
3364 3227 3501 3295 Ager

1925 3303 2101 3344 autem
2124 3293 2213 3361 qui
2245 3311 2329 3350 me
2362 3297 2570 3353 interim
2601 3308 2764 3368 tenet,
2785 3304 3018 3362 Tiberim
3052 3321 3295 3369 nostrum
3314 3293 3500 3385 juncta

1926 3382 2077 3446 aquis
2108 3383 2271 3441 latere
2299 3401 2623 3457 prospectat.
2646 3393 2780 3451 llinc
2806 3397 2978 3454 libens
2997 3401 3173 3471 video,
3191 3382 3500 3481 quid—frugis

1924 3480 2142 3529 arteriis:
2184 3475 2299 3530 urbi
2340 3478 2393 3532 iu
2429 3479 2545 3538 dies
2583 3485 2825 3554 accedat,
2856 3491 2979 3561 quid
3011 3494 3262 3554 Romanis
3292 3475 3498 3559 horreis

1924 3563 2294 3621 blacedonicns
2322 3569 2537 3639 adjiciat
2566 3587 2916 3636 commeatus.
2964 3583 3094 3640 Nam
3135 3603 3289 3657 pene.
3331 3603 3389 3649 ut
3417 3612 3496 3652 re-

1921 3654 2182 3726 cordaris,
2211 3669 2454 3715 cessante
2478 3662 2655 3720 Africa
2683 3668 2853 3725 fames
2881 3672 2933 3727 in
2966 3654 3149 3733 limine
3178 3691 3313 3746 erat,
3337 3699 3497 3754 quam

1920 3745 2386 3830 clementissimus,
2429 3764 2482 3808 et
2508 3755 2572 3810 ad
2599 3759 2826 3816 salutem
2857 3764 3121 3832 publicam
3149 3745 3367 3841 genitus
3389 3779 3487 3833 im-

1921 3847 2135 3906 perator
2158 3846 2414 3911 prmvenit
2445 3848 2662 3917 inges‘tis
2691 3853 2851 3911 alieni
2876 3859 2976 3912 soli
3003 3861 3190 3930 copiis.
3223 3865 3342 3921 Jam
3366 3883 3487 3938 por-

1920 3940 2029 3984 tum
2064 3943 2327 4001 nostrum,
2353 3939 2703 4007 complurium
2730 3945 2895 4013 prima
2917 3948 3103 4005 classis
3131 3954 3347 4011 salutat.
3372 3961 3488 4015 Jain

1918 4026 2205 4080 securitate
2252 4036 2573 4085 saturantur.
2627 4032 2742 4089 Jam
2794 4036 3020 4094 dicimus
3061 4052 3303 4101 nostrum
3346 4063 3485 4116 esse,

1917 4112 2170 4182 quidquid
2202 4116 2395 4186 ubique
2421 4119 2563 4175 bono
2595 4124 2817 4194 principi
2843 4131 3097 4186 nascitur.
3129 4133 3250 4192 llzec
3268 4152 3334 4194 eo
3356 4112 3486 4197 seri;

1915 4204 2005 4271 ho,
2047 4215 2104 4260 ut
2138 4208 2358 4264 domino
2398 4212 2544 4267 orbis
2578 4215 2822 4272 elfectnm
2854 4221 3095 4280 beneficii
3127 4228 3209 4283 sui
3251 4232 3482 4298 nunties,

1916 4309 1966 4354 et
1991 4299 2104 4363 ipse
2128 4300 2358 4357 fructum
2383 4307 2561 4373 gaudii
2588 4313 2887 4367 communis
2914 4331 3156 4385 usurpes.
3188 4319 3300 4391 Ego
3327 4326 3483 4393 paulo

1916 4401 2033 4457 post
2058 4391 2207 4448 abire
2230 4393 2440 4464 longius
2466 4411 2617 4465 paro,
2649 4415 2748 4456 nec
2768 4410 2942 4459 tamen
2971 4409 3128 4464 tantis
3143 4410 3209 4467 ad
3226 4421 3279 4468 te
3294 4391 3483 4472 litteris

1912 4481 2210 4540 abstinebo.
2243 4484 2356 4540 Erit
2388 4500 2532 4543 cura:
2569 4491 2768 4547 nostris
2800 4493 2850 4548 in
2882 4494 3025 4552 Urbe
3054 4504 3477 4574 remanentibus,

1909 4583 1963 4628 et
1994 4588 2170 4629 meum
2198 4591 2498 4635 sermonem
2528 4582 2621 4637 tibi
2652 4599 2748 4654 per
2777 4584 2999 4644 idoneos
3020 4592 3251 4661 mittere,
3276 4605 3330 4652 ct
3353 4601 3479 4655 mihi

1912 4664 2023 4733 pari
2049 4666 2173 4732 fide,
2198 4682 2315 4736 qum
2335 4670 2637 4740 scripseris,
2663 4674 2940 4735 exhibere.
2969 4681 3109 4739 Vale.

2496 4808 2707 4867 EPIST.
2753 4812 2883 4869 LVI.

2389 4915 2691 4956 SVMMACIIUS
2732 4918 3000 4961 ῐιιοοιιειιι.

1983 5012 2196 5068 Possem
2239 5016 2507 5070 silentium
2562 5027 2708 5072 tuum
2757 5017 2897 5077 ferre
2936 5023 3219 5091 patienter,
3276 5043 3475 5084 morem

1908 5112 2053 5157 tuum
2083 5106 2347 5176 cogitans,
2380 5107 2481 5161 nisi
2510 5122 2595 5163 me
2621 5110 2972 5179 aegritudinis,
2997 5130 3097 5183 qua
3131 5115 3358 5182 laboras,
3390 5117 3473 5172 du-

1907 5194 2029 5248 dum
2070 5197 2288 5252 nuntius
2340 5198 2673 5265 perculisset.
2723 5202 2902 5256 Metuo
2944 5203 3103 5273 igitur
3144 5223 3211 5261 ne
3253 5207 3473 5263 sollicita

1908 5287 2095 5355 magis,
2139 5302 2298 5357 quam
2324 5303 2577 5346 consueta
2620 5297 2850 5348 CGSSOIIO
2883 5300 3149 5353 θοτηιοιιίε
3176 5300 3250 5354 ιιιί
3282 5314 3470 5353 ιηυιιιις

1906 5377 2178 5444 impediat.
2210 5380 2382 5449 Atque
2412 5381 2531 5436 ideo
2555 5398 2761 5451 qumso,
2799 5395 2855 5439 ut
2874 5403 3032 5443 curas
3063 5404 3210 5447 meas
3241 5389 3472 5443 fraterno

1907 5481 2090 5521 amore
2110 5479 2405 5537 susceptas,
2437 5472 2670 5541 scriptis,
2699 5485 2787 5528 aut
2819 5479 3083 5534 mandatis
3111 5479 3345 5549 digneris
3375 5480 3469 5535 ah-

1900 5557 2126 5612 sulvere.
2148 5555 2278 5612 Nam
2302 5573 2422 5615 cum
2444 5561 2542 5616 sim
2560 5565 2787 5633 cupidus
2813 5566 3129 5634 litterarum,
3155 5571 3205 5622 in
3225 5570 3470 5625 secundis

1902 5657 2075 5701 tamen
2105 5664 2244 5715 pono
2264 5652 2490 5718 sulatiis,
2525 5665 2580 5710 ut
2620 5658 2828 5712 animus
2861 5676 3007 5713 uicus
3042 5673 3137 5725 pro
3180 5669 3233 5714 te
3263 5663 3467 5728 anxius,

1899 5740 1947 5795 si
1975 5741 2207 5796 nondum
2236 5744 2494 5811 epistolis,
2526 5749 2701 5804 saltim
2728 5751 2927 5804 nuntiis
2956 5750 3209 5817 erigatur.
3242 5751 3389 5809 Vale.
