4074 6176
1685 324 1691 329 η
1718 310 1781 376 Q.
1827 299 2165 361 AURELIUS
2202 294 2637 351 svuuacuus.
3691 283 3784 335 ειη

2156 414 2202 471 Α
2233 424 2329 479 per
2352 416 2529 462 tamen
2561 415 2618 461 ut
2647 417 2787 470 rara,
2818 413 2871 458 et
2891 403 2980 458 ditt
3010 401 3310 456 desiderata
3340 404 3636 452 sumuntur.
3667 396 3791 450 Huic

2226 498 2462 568 opinioni
2493 512 2625 552 mete
2648 495 2804 550 fidem
2827 492 2983 548 faciet
3003 491 3286 546 assiduitas
3311 488 3656 557 epistularum
3680 495 3791 539 tua-

2228 606 2370 646 rum.
2398 590 2618 644 Iusitum
2639 588 2836 656 quippe
2863 595 2946 640 est
2971 584 3124 639 bonis
3145 582 3436 646 mentibus,
3480 589 3536 633 ut
3564 594 3683 648 qua:
3709 594 3794 632 co-

553 327 651 383 295

1133 431 1347 487 EPIST.
1391 427 1542 482 LVII.

1035 538 1344 580 εγιιωιιοιιυε
1373 534 1528 573 ηιοοιι
1538 531 1640 570 ER].

629 623 778 678 Ultro
802 619 855 674 in
884 633 969 674 me
990 631 1152 685 arguo
1182 614 1393 680 culpam
1421 605 1640 672 silentii,
1663 604 1705 658 si
1732 600 1946 673 quando
1970 612 2124 652 usum

559 714 717 770 officii
752 711 853 766 mei
894 709 1144 779 quaelibet
1186 705 1395 760 dierum
1443 697 1717 755 intervalla
1764 699 2125 748 remorantur.

561 805 714 859 Nulla
752 804 892 858 enim
918 798 1160 870 purgatio
1189 794 1424 864 suppetit
1450 791 1577 862 qttin
1616 788 1816 843 cultum
1846 780 2128 837 familiari-

562 896 684 949 tatis
709 894 919 963 pulilieo
956 891 1095 945 actui
1128 888 1432 957 frequenter
1459 885 1801 937 interseram.
1852 873 1958 928 Sed
1992 871 2128 925 idem

561 987 650 1055 qui
681 994 953 1054 peccatum
981 982 1088 1035 vito
1108 978 1350 1039 desidiae,
1380 988 1532 1043 teque
1562 972 1614 1024 in
1637 965 1923 1023 scribendo
1946 964 2132 1031 longus

562 1091 682 1132 esse
708 1075 918 1130 desino.
955 1072 1085 1127 Nam
1118 1071 1246 1124 licet
1273 1067 1460 1132 sciam,
1490 1063 1726 1118 animum
1758 1067 1905 1112 tuum
1934 1067 2136 1122 nequa-

561 1181 721 1237 quam
756 1164 1042 1220 obnoxium
1079 1175 1201 1216 esse
1234 1155 1482 1220 fastidio,
1525 1153 1746 1207 adverto
1797 1159 1994 1207 tamen,
2041 1159 2136 1212 pro

562 1235 867 1310 eouditione
901 1267 1144 1309 curarum
1184 1247 1492 1320 ponendum
1519 1243 1695 1299 verbis
1725 1239 1982 1295 modum:
2015 1235 2137 1304 quia

564 1360 621 1404 ut
647 1347 972 1403 desideranti
998 1345 1272 1415 prolixitas
1295 1349 1443 1413 grata
1469 1347 1583 1402 est;
1615 1338 1688 1389 ita
1713 1331 1998 1402 displicere
2031 1343 2136 1382 non

567 1441 762 1510 poterit
788 1440 1022 1495 brevitas
1047 1445 1328 1503 occupato.
1362 1433 1508 1486 Vale.

1036 1568 1041 1573 '
1131 1547 1342 1603 EPIST.
1383 1544 1561 1600 LVIII.

1044 1653 1350 1694 SVMIIACHUS
1378 1651 1647 1692 ιιιοοιιειιι.

637 1739 773 1792 Amo
800 1745 856 1791 et
896 1733 1128 1801 suapicio
1172 1731 1400 1786 virtutes
1430 1738 1567 1784 tuas.
1612 1726 1717 1782 Sed
1750 1723 1965 1785 accidit,
1998 1721 2138 1791 quod

568 1828 660 1883 tibi
676 1828 836 1883 etiam
866 1825 1071 1879 amicus
1101 1821 1390 1877 invideam.
1413 1817 1671 1873 Flaviano
1697 1831 1818 1870 meo
1839 1813 2141 1882 aliquandiu

567 1921 716 1976 solus
747 1919 959 1974 frueris.
988 1917 1184 1982 Accipe
1216 1914 1446 1983 planius,
1479 1909 1607 1981 quid
1648 1908 1806 1963 velim
1838 1906 2037 1959 dicere.
2064 1903 2142 1958 Ad

567 2020 620 2068 te
668 2012 911 2081 migravit
941 2006 1198 2078 quidquid
1228 2006 1410 2059 Rom-.c
1437 2004 1700 2071 optimum
1743 1997 1857 2052 fuit.
1905 1997 1969 2051 Et
1997 1994 2144 2049 vobis

569 2105 781 2176 quidem
809 2102 1040 2158 societas
1064 2109 1245 2154 vestra
1273 2097 1419 2152 dabit
1451 2103 1687 2148 mutuum
1718 2090 1988 2161 gaudium.
2019 2087 2146 2142 Mihi

569 2198 694 2267 quid
717 2195 895 2251 Solatii
925 2193 1056 2249 erit?
1088 2205 1248 2262 quem
1289 2200 1344 2243 et
1372 2187 1462 2242 ille
1503 2182 1760 2246 deseruit,
1800 2191 1855 2236 et
1886 2189 1940 2233 tu
1971 2179 2146 2232 minus

570 2288 920 2353 desiderabis,
943 2286 1066 2355 quia
1091 2296 1228 2338 unus
1250 2281 1346 2335 tibi
1371 2294 1465 2350 pro
1488 2285 1713 2345 utroque
1730 2273 1978 2328 sufficiet.
1996 2270 2144 2325 Vale.

1162 2394 1378 2450 EPIST.
1419 2391 1556 2447 LIX.

1046 2500 1355 2542 εγιιωλςιωῆ
1394 2499 1659 2538 RICOMEBI.

641 2584 791 2638 Alius
821 2581 1063 2634 fortassis
1091 2577 1365 2632 existimet
1393 2590 1571 2628 serum
1601 2587 1722 2626 esse
1767 2585 1980 2635 mimus,
2010 2567 2148 2638 quod

571 2671 694 2726 anni
720 2670 1011 2739 Superioris
1041 2667 1225 2722 consul
1248 2664 1498 2720 exsolvit.
1521 2663 1631 2732 Ego
1659 2662 1851 2724 sentio,
1878 2674 1964 2713 me
1993 2667 2151 2722 anno

571 2768 725 2832 alios,
748 2767 836 2835 qui
870 2763 1052 2834 procul
1079 2761 1323 2829 degimus
1349 2757 1597 2812 amicitiae
1635 2754 1824 2808 fiducia
1853 2754 1916 2806 ad
1949 2753 2048 2806 hoc
2075 2751 2150 2805 lo-

572 2875 756 2916 eorum
785 2872 906 2914 esse
931 2856 1144 2910 dilatos.
1183 2853 1295 2907 Illis
1335 2865 1464 2906 vero
1503 2848 1758 2904 continuo
1796 2845 2149 2910 satisfactum,

573 2967 800 3023 quorum
849 2951 1028 3004 taudiu
1079 2961 1286 3002 memor
1331 2957 1450 3000 esse
1499 2957 1602 2996 non
1650 2955 1856 3010 posses.
1903 2940 2030 2991 Nam
2061 2937 2150 3006 qui

575 3046 752 3100 statim
780 3042 1062 3098 munificus
1091 3049 1192 3103 est,
1225 3038 1356 3108 ipsis
1393 3034 1786 3106 quodammodo
1809 3031 2151 3101 magistratus

2231 681 2378 750 piose
2403 695 2472 734 ex
2497 678 2615 734 aliis
2642 687 2888 749 optamus
2912 674 3156 743 adipisci,
3195 689 3256 728 ea
3288 672 3385 742 ipsi
3411 671 3629 738 largiter
3656 670 3794 726 defe-

2233 788 2434 828 ramus.
2470 771 2617 826 Vale.

2815 838 3029 894 EPIS'I'.
3070 835 3230 891 LXII.

2715 945 3024 985 εῖιωλειωε
3063 943 3330 982 ιιιεοιιεῐιι.

2309 1023 2572 1079 Mandatis
2619 1023 2930 1091 perfunctus
2965 1020 3258 1087 apparitor,
3299 1017 3389 1072 ubi
3435 1016 3501 1071 ad
3545 1017 3799 1071 destinata

2240 1118 2602 1184 pervenimus,
2648 1113 2935 1169 testimonii
2982 1111 3150 1168 nostri
3182 1125 3378 1165 vacuus
3409 1111 3558 1166 abire
3586 1127 3690 1164 non
3711 1111 3799 1163 de-

2241 1209 2355 1261 buit
2388 1225 2400 1259 :
2435 1207 2699 1276 prmcipue
2745 1220 2810 1260 ne
2839 1203 3071 1258 studium
3102 1204 3242 1258 circa
3274 1218 3360 1256 me
3391 1213 3537 1255 tuum
3570 1202 3706 1256 male
3735 1203 3804 1254 lo-

2241 1306 2416 1353 catum
2459 1307 2694 1364 putares,
2738 1298 2780 1348 si
2827 1294 3047 1364 gratiam
3097 1293 3290 1348 dilatus
3330 1307 3507 1346 sermo
3547 1293 3804 1346 solvisset.

2243 1393 2355 1445 Ave
2384 1389 2541 1459 igitur
2570 1390 2688 1441 dico
2714 1395 2770 1442 et
2794 1388 3058 1456 praemitto
3084 1385 3192 1454 jam
3223 1385 3534 1454 petitionem
3559 1400 3574 1438 ι
3607 1393 3664 1437 ut
3693 1399 3804 1438 cum

2243 1483 2344 1536 iter
2372 1481 2425 1534 in
2454 1480 2676 1551 patriam
2710 1479 2946 1545 relegere
2973 1476 3312 1546 coeperimus,
3353 1474 3651 1528 cluetandis
3678 1473 3807 1528 diffi-

2244 1573 2530 1627 cultatibus
2554 1570 2874 1625 adminicula
2903 1570 3147 1624 uberiora
3178 1568 3457 1623 decernas.
3487 1566 3639 1622 Vale.

2820 1683 3037 1737 EPIST.
3079 1682 3256 1736 LXIII.

2730 1789 3035 1829 εγωωϊιιυε
3076 1789 3346 1827 ηιοοιιειιι.

2317 1886 2497 1940 Otium
2540 1885 2724 1954 patriae
2775 1884 2893 1940 laeta
2944 1883 3371 1952 peregrinatione
3417 1881 3638 1936 mutavi.
3690 1881 3814 1936 Nam

2242 1977 2395 2047 jussu
2434 1977 2632 2032 domini
2667 1976 3049 2040 Valentiniani,
3095 1990 3216 2030 cum
3258 1974 3442 2029 multis
3482 1975 3815 2043 amplissima:

2246 2074 2411 2127 curiae
2433 2072 2742 2142 proceribus
2781 2073 3006 2133 accitus,
3046 2070 3112 2125 ad
3144 2071 3315 2124 vicem
3345 2070 3540 2139 quietis
3568 2068 3816 2122 domesti-

2248 2180 2346 2230 cae,
2407 2165 2556 2220 fruor
2605 2164 2830 2234 publicis
2872 2163 3100 2233 gaudiis.
3140 2162 3291 2229 Quod
3320 2178 3442 2217 cum
3473 2161 3536 2216 ad
3570 2171 3619 2216 te
3650 2169 3819 2230 posset

2250 2256 2389 2310 fama
2420 2254 2682 2324 perferre,
2713 2254 2927 2323 dignius
2954 2253 3128 2306 visum
3159 2263 3240 2308 est
3268 2268 3354 2306 me
3381 2252 3552 2306 indice
3575 2251 3820 2304 nuntiari.

2248 2349 2367 2418 Ipse
2403 2349 2467 2403 ad
2499 2346 2924 2418 respondendam
2951 2346 3332 2415 benignitatem
3357 2353 3499 2398 tuam
3523 2358 3822 2412 moremque

2251 2440 2494 2496 servabis
2533 2455 2548 2496 :
2585 2438 2847 2508 siquidem
2899 2437 3105 2491 litteras
3149 2447 3265 2492 tuas
3306 2452 3411 2490 non
3456 2437 3630 2492 minus
3671 2453 3824 2509 quam

2252 2547 2492 2586 meorum
2521 2538 2840 2599 cou5pectus
2865 2539 2920 2584 et
2945 2528 3107 2582 verba
3137 2527 3409 2584 desidero.
3441 2529 3590 2583 Vale.

2821 2641 3029 2694 EPIST.
3076 2639 3259 2692 LXIV.

2730 2748 2972 2786 SYIHIACII
2985 2748 3043 2787 US
3083 2747 3356 2786 IIICOMILRI.

2325 2847 2463 2914 Quid
2493 2845 2620 2901 mihi
2650 2844 2999 2914 iucunditatis
3045 2845 3237 2900 litterzc
3281 2854 3384 2899 tuae
3414 2845 3706 2911 attulerint,
3739 2846 3828 2901 tibi

2255 2937 2631 2994 aestimandum
2655 2936 2932 3002 relinquo;
2955 2936 3062 2999 cui,
3093 2939 3135 2989 si
3160 2935 3296 2990 bene
3323 2936 3572 3002 arbitror,
3601 2937 3830 2992 vicissim

2257 3044 2408 3084 meus
2433 3033 2613 3083 'sermo
2641 3025 2828 3082 tribuit
2859 3027 3202 3096 voluptatem.
3230 3026 3400 3096 Perge
3423 3027 3602 3096 igitur,
3643 3038 3698 3081 ut
3720 3029 3830 3095 jam

573 3137 654 3190 sui
681 3133 914 3190 fascibus
937 3132 1274 3185 admonetur.
1307 3128 1407 3193 Qui
1435 3141 1500 3181 ex
1527 3125 1807 3180 intervallo
1839 3123 2014 3177 reddit
2040 3123 2151 3174 of‘li-
2179 3145 2223 3204 ρ
2257 3125 2435 3179 facere
2475 3124 2723 3192 dignatus
2758 3137 2839 3188 es,
2886 3131 2940 3176 et
2977 3121 3269 3174 amicitiam
3315 3135 3598 3188 munerare
3642 3120 3832 3175 affectu

574 3229 678 3291 cia,
712 3234 940 3280 testatur
977 3237 1071 3276 eos
1097 3236 1156 3276 se
1199 3218 1454 3274 maluisse
1483 3218 1721 3280 differre,
1765 3231 1989 3283 quorum
2020 3215 2154 3265 obli-

577 3318 786 3372 vionem
810 3315 928 3370 dies
950 3315 1156 3382 longior
1179 3327 1284 3366 non
1314 3318 1495 3379 posset
1515 3308 1802 3362 obducere.
1834 3304 2032 3358 Viderit
2059 3303 2153 3372 igi-

578 3418 682 3476 tur,
715 3422 783 3460 an
810 3421 869 3461 se
895 3406 1158 3475 quispiam
1190 3403 1376 3458 credat
1402 3401 1589 3454 ordine
1640 3397 1783 3464 aliis,
1833 3405 1924 3450 aut
1951 3396 2156 3449 honore

579 3498 952 3570 postpositum.
989 3495 1096 3566 Ego
1119 3512 1204 3550 me
1234 3495 1468 3563 intelligo
1499 3508 1629 3561 pura
1659 3490 1940 3545 affectione
1969 3489 2157 3555 pra-la-

580 3603 711 3646 tum.
739 3591 920 3660 Nedue
946 3590 1090 3644 enim
1131 3589 1259 3643 satis
1288 3587 1493 3640 amicus
1523 3595 1628 3651 est,
1679 3585 1764 3638 cui
1792 3583 2029 3637 solemne
2061 3582 2158 3633 ali-

580 3681 706 3752 quid
725 3682 904 3736 statim
931 3681 1191 3736 redditur.
1219 3678 1501 3733 Honestior
1523 3686 1606 3731 est
1626 3676 1711 3730 illa
1737 3675 2017 3738 securitas,
2038 3688 2158 3739 qttre

584 3774 856 3845 putatsibi
886 3772 1127 3828 deforme
1152 3787 1258 3826 non
1294 3785 1435 3835 esse,
1467 3770 1510 3823 si
1539 3768 1664 3838 quid
1695 3768 1784 3820 diu
1809 3764 2158 3819 familiaribus

579 3867 856 3921 debeatur.
882 3855 1060 3932 Quare
1089 3863 1245 3918 velim
1278 3861 1487 3922 credas,
1513 3874 1716 3914 moram
1748 3872 1960 3927 quoque
1989 3857 2157 3924 ipsam

583 3959 708 4013 mihi
731 3959 1018 4028 jucundam
1045 3956 1224 4010 luisse.
1244 3954 1334 4008 Sic
1353 3953 1557 4023 judico,
1575 3953 1652 4005 sic
1671 3954 2012 4019 interpretor,
2041 3964 2160 4019 quae

581 4053 778 4107 dudum
802 4051 920 4104 aliis
948 4064 1014 4104 ex
1042 4063 1191 4104 more
1219 4047 1392 4102 delata
1423 4053 1568 4113 sunt,
1616 4045 1769 4099 nobis
1811 4059 1997 4098 amore
2040 4059 2157 4098 ser-

583 4153 722 4199 vata.
759 4143 906 4198 Vale.

1186 4210 1398 4266 EI’.S'I‘.
1442 4209 1551 4264 LX.

1063 4319 1370 4359 SVHMACIIUS
1411 4317 1679 4358 RICOMERI.

651 4400 876 4468 Optatos
905 4406 1130 4453 eventus
1153 4395 1463 4450 fidissimam
1486 4394 1680 4448 obtulit
1701 4391 1828 4447 mihi
1855 4390 2160 4445 facultatem

581 4489 742 4544 officii
768 4487 1063 4543 deferendi.
1092 4485 1223 4540 Nam
1255 4485 1506 4540 dominus
1540 4493 1593 4539 et
1619 4482 1785 4536 frater
1811 4496 1962 4535 meus
1991 4481 2160 4550 Euge—
2193 4514 2242 4574 ο
2265 4485 2416 4541 vale.

583 4584 724 4645 nius,
773 4595 894 4632 cum
936 4577 1062 4630 mihi
1104 4576 1184 4630 sui
1213 4577 1420 4644 copiam
1465 4574 1836 4644 prastitisset,
1887 4571 2162 4626 sumendae

585 4673 827 4742 epistola:
857 4669 1175 4725 beneficium
1207 4677 1426 4736 rogatus
1457 4667 1680 4734 adjecit;
1721 4680 1822 4733 qua
1871 4664 1964 4719 tibi
1998 4665 2166 4718 hono-

583 4763 900 4819 rificentiam
941 4760 1276 4816 salutationis
1307 4759 1559 4821 exhibeo,
1585 4766 1638 4810 et
1664 4757 1860 4810 obnixe
1879 4757 2160 4824 deprecor,

585 4872 654 4912 ne
684 4871 769 4910 me
811 4854 1006 4924 diutius
1033 4851 1247 4906 silentio
1280 4860 1371 4904 tuo
1417 4863 1734 4918 suspensum
1764 4862 1885 4902 esse
1927 4847 2162 4916 patiaris.

590 4950 739 5005 Vale.

1181 5012 1396 5068 EPIST.
1438 5011 1573 5067 LXI.

1063 5121 1374 5160 SVMMACIIITS
1412 5120 1686 5158 ιιιεοιηῖῐιι.

661 5201 868 5256 Dudum
889 5214 1143 5269 responsa
1163 5198 1510 5262 tradideratn,
1537 5212 1653 5263 quae
1671 5201 1998 5248 testarentur
2019 5207 2090 5259 gr.
2116 5200 2167 5243 ta

591 5293 721 5350 mihi
749 5291 1062 5362 amplissimi
1102 5289 1411 5346 consulatus
1461 5288 1533 5340 tui
1577 5301 1816 5340 munera.
1849 5283 1952 5338 Sed
1991 5282 2168 5336 denuo

591 5397 779 5444 nactus
823 5382 1044 5456 I‘iugenii
1079 5381 1180 5436 viri
1230 5379 1513 5436 clarissimi
1555 5377 1736 5432 fratris
1779 5375 1882 5430 mei
1930 5372 2160 5442 c0piam,

588 5484 783 5551 scripta
815 5476 1104 5548 duplicavi,
1138 5474 1278 5529 haud
1308 5474 1510 5528 veritus
1538 5487 1604 5525 ne
1641 5469 1911 5524 fastidium
1953 5474 2164 5521 crearet

589 5585 766 5625 sermo
820 5567 1139 5639 geminatus.
1191 5565 1268 5618 Ex
1318 5577 1438 5617 meo
1485 5563 1682 5630 quippe
1721 5559 1902 5612 animo
1947 5560 2160 5617 metior,

590 5663 879 5716 amicitiam
907 5677 1011 5715 non
1056 5672 1212 5726 posse
1240 5660 1442 5709 sentire
1470 5654 1769 5707 officiorum
1823 5650 2121 5704 satietatem
2151 5663 2163 5699 :

591 5751 696 5806 sint
717 5766 1018 5818 quanquam
1049 5750 1133 5806 illa
1164 5748 1375 5808 crebra.
1404 5757 1452 5802 ct
1477 5744 1742 5800 coutinuis
1770 5742 1996 5800 similia;
2023 5754 2164 5794 sem-

2257 3215 2552 3285 religionis,
2601 3223 2656 3270 et
2684 3214 2995 3269 assiduitate
3035 3213 3308 3281 colloquii.
3356 3214 3465 3280 Ego
3514 3212 3567 3266 in
3617 3213 3832 3267 ferenda

2256 3305 2625 3361 vicissitudine
2656 3321 2751 3373 par
2779 3319 2898 3359 esse
2921 3303 3142 3358 curabo.
3170 3305 3300 3356 Nam
3327 3304 3415 3372 qui
3445 3303 3512 3356 ab
3541 3303 3646 3356 alio
3670 3305 3837 3372 poscit

2257 3398 2454 3465 officia,
2485 3399 2569 3452 sui
2595 3412 2807 3469 quoque
2835 3396 2995 3452 studii
3023 3397 3352 3466 frequentem
3375 3411 3591 3466 operam
3618 3397 3837 3467 pollice-

2261 3501 2368 3546 tur.
2403 3491 2551 3547 Vale.

2846 3560 3064 3616 EPIST.
3105 3557 3265 3613 LXV.

2743 3662 3047 3706 sunt“:st
3086 3667 3360 3707 ωασπς-ω.

2335 3748 2459 3803 Scio
2483 3755 2820 3816 praestantem
2849 3746 3085 3798 aniltium
3118 3754 3265 3798 tuum
3295 3744 3482 3797 salutis
3508 3759 3642 3797 mea:
3670 3754 3723 3798 et
3755 3760 3842 3798 re-

2263 3839 2528 3894 versionis
2560 3837 2753 3892 indicia
2787 3835 3001 3905 cupide,
3034 3842 3096 3889 ut
3135 3835 3364 3889 amicitia
3394 3836 3646 3904 postulat,
3678 3849 3847 3902 oppe-

2264 3933 2353 3987 riri
2381 3949 2392 3983 :
2419 3940 2472 3985 et
2502 3931 2619 3984 ideo
2647 3927 3032 3998 exspectationi
3065 3936 3188 3989 tuae,
3222 3936 3470 3981 revectus
3499 3927 3551 3980 in
3593 3928 3844 3994 patriam,

2264 4024 2530 4087 satisfeci;
2562 4037 2754 4091 meque
2783 4035 2940 4090 agere
2965 4036 3030 4075 ex
3057 4021 3346 4083 sententia,
3389 4029 3547 4086 atque
3573 4034 3692 4073 esse
3727 4034 3850 4072 me:

2264 4133 2468 4172 morem
2499 4126 2600 4169 tua:
2623 4115 2765 4169 circa
2796 4128 2893 4168 nos
2927 4111 3269 4166 humanitatis
3300 4111 3512 4164 insinuo
3537 4127 3550 4164 :
3576 4111 3852 4179 simulque

2265 4211 2545 4277 deprecor,
2577 4215 2634 4259 ut
2659 4205 3019 4270 affectionem,
3053 4217 3212 4271 quam
3240 4201 3370 4256 mihi
3397 4210 3453 4255 et
3483 4203 3726 4271 praesenti
3751 4203 3852 4256 de-

2269 4301 2526 4372 pendere,
2558 4307 2613 4352 et
2641 4295 2850 4351 absenti
2881 4295 3126 4363 dignatus
3151 4307 3210 4348 es
3249 4292 3508 4362 polliceri,
3549 4292 3851 4345 litterarum

2269 4408 2518 4458 munere,
2552 4391 2798 4460 quotiens
2825 4402 2956 4442 usus
2987 4385 3184 4449 tulerit,
3217 4399 3322 4438 non
3364 4385 3602 4452 graveris
3627 4400 3851 4453 augere.

2835 4545 3051 4601 EPIST.
3093 4544 3277 4598 LXVI.

2754 4653 3058 4694 svuuacnus
3098 4650 3366 4691 BICOIEBI.
3607 4691 3622 4702 ,

2344 4739 2400 4796 Si
2428 4751 2589 4792 nosse
2635 4733 2871 4802 dignaris
2899 4737 3096 4798 quanta
3136 4729 3206 4781 sit
3249 4726 3302 4780 in
3347 4724 3566 4780 domino
3595 4723 3860 4778 Flaviano

2277 4831 2508 4901 pectoris
2537 4829 2642 4883 mei
2670 4825 2868 4896 portio,
2890 4822 3178 4877 amicitiam
3207 4817 3540 4872 adventantis
3559 4818 3861 4885 amplecte-

2274 4943 2352 4996 re,
2386 4935 2444 4980 ιιι
2471 4923 2608 4978 duos
2633 4921 2857 4990 obliges.
2875 4916 3048 4972 Ambo
3077 4915 3216 4968 idem
3243 4926 3444 4966 sumus.
3466 4908 3596 4964 Nam
3621 4911 3722 4962 hoc
3744 4908 3860 4962 dici

2273 5038 2300 5075 a
2334 5035 2420 5074 me
2449 5017 2644 5088 patitur
2673 5014 2785 5080 ille,
2813 5013 2902 5081 qui
2935 5009 3124 5064 melior
3147 5015 3250 5061 est.
3274 5006 3428 5059 Plura
3459 5002 3774 5060 scriberem.
3812 5001 3865 5054 si

2271 5121 2362 5166 aut
2385 5109 2475 5164 diu
2504 5107 2667 5163 velles
2698 5103 2898 5172 rogari,
2937 5109 2995 5153 ut
3023 5100 3152 5152 tanti
3179 5097 3275 5150 viri
3299 5094 3484 5150 merita
3503 5092 3867 5147 commenda-

2277 5205 2476 5257 tionem
2507 5199 2893 5254 desiderarent.
2915 5191 3053 5257 Ergo
3073 5197 3154 5242 sat
3179 5194 3280 5250 est,
3305 5185 3446 5253 quod
3466 5182 3716 5252 accepisti
3740 5183 3867 5234 νυιί

2273 5296 2378 5351 mei
2412 5293 2630 5348 indicia.
2661 5288 2874 5344 AﬂlbIlIl
2899 5294 2955 5339 et
2989 5283 3170 5336 labore
3199 5296 3305 5334 non
3331 5287 3414 5333 est
3438 5291 3594 5347 opus,
3623 5289 3746 5330 cum
3783 5289 3866 5327 ex

2272 5397 2465 5443 natura
2498 5383 2694 5447 veniat,
2727 5389 2784 5433 ut
2818 5393 2847 5432 a
2881 5386 2933 5431 te
2961 5374 3200 5430 moribus
3229 5373 3333 5426 tuis
3361 5371 3635 5441 proximus
3661 5368 3876 5437 diliga—

2268 5489 2374 5535 tur.
2404 5477 2556 5532 Vale.

2827 5537 3043 5594 EI’IS’I‘.
3085 5534 3291 5590 LXVII.

2748 5645 3057 5685 SVMMACHUS
3099 5640 3366 5681 MCOMERI.

2342 5732 2580 5786 Firmum
2605 5723 2956 5783 domesticum
2980 5735 3179 5778 meum.
3205 5714 3410 5773 militiae
3433 5709 3712 5776 stipendiis
3732 5721 3880 5762 cum
