4074 6176
381 275 486 328 ξιτ

378 480 515 543 vari,
565 487 623 532 ut
649 476 875 531 faciliori
905 475 1052 531 aditu
1079 475 1145 531 ad
1176 485 1317 530 tuam
1348 477 1591 531 notitiam
1640 476 1962 543 perveniret.

374 571 597 640 Porrige
626 569 807 638 igitur,
854 585 954 623 oro
994 577 1064 633 te,
1119 567 1436 634 adiutricem
1476 582 1691 622 manum
1724 569 1961 636 legitima

376 663 592 730 pnemia
624 677 689 716 ex
720 675 869 714 more
892 661 1146 729 captanti.
1173 659 1490 728 Hujusmodi
1522 659 1723 728 quippe
1754 669 1963 712 vetera-

372 753 459 806 nis
487 752 832 819 praerogativa
863 749 1090 803 debetur
1117 758 1172 803 ut
1203 749 1309 802 illis
1335 758 1698 818 protectorum
1731 747 1960 815 dignitas

371 851 627 908 tanquam
661 837 889 906 pretium
921 836 1061 907 longi
1093 838 1293 891 laboris
1321 836 1562 891 accedat.
1593 835 1746 904 Quod
1779 835 1960 890 Firmo

371 933 745 986 incunctanter
784 930 1013 994 eveniet,
1063 929 1108 984 si
1153 939 1276 984 tuus
1307 929 1463 984 favor
1491 939 1611 985 vota
1639 929 1869 985 hominis
1891 931 1957 984 ad

367 1034 625 1080 consueta
654 1024 875 1078 nitentis
905 1023 1173 1076 aunuerit.
1211 1022 1362 1076 Vale.

918 1153 1134 1210 EPIS'I‘.
1178 1154 1407 1209 LXVIII.

854 1284 1160 1324 δγιςιλειωε
1200 1285 1470 1324 RICOIEBI.

440 1381 751 1436 Meritorum
781 1391 992 1435 tuorum
1040 1382 1178 1451 justa
1213 1382 1350 1436 ratio
1378 1381 1620 1450 deposcit
1650 1393 1707 1438 ut
1734 1381 1952 1438 familia-

361 1477 514 1530 ribus
539 1475 727 1530 litteris
741 1489 958 1544 0peram
984 1475 1611 1545 frequenterimpeudam
1649 1493 1660 1529 :
1694 1486 1950 1545 expertus

358 1568 563 1635 quippe
587 1582 691 1620 non
725 1565 902 1636 perire
924 1566 1098 1622 ofﬁcia
1126 1566 1302 1621 delata
1339 1566 1692 1636 sapientibus.
1735 1566 1949 1630 Fungor

358 1658 526 1726 igitur
564 1659 902 1726 salutatione,
951 1674 1068 1727 qua
1110 1658 1224 1713 sola
1261 1672 1444 1712 curam
1487 1667 1713 1712 testatur
1747 1658 1945 1712 absen-

358 1751 494 1804 tium
520 1768 533 1804 :
557 1761 805 1820 tuamque
827 1765 925 1805 oro
953 1749 1340 1820 praestantiam,
1371 1757 1428 1802 ut
1453 1748 1700 1802 amicitiae
1723 1747 1946 1813 bonmn,
1977 1745 2026 1804 B

356 1839 515 1894 sicuti
551 1839 725 1896 facere
746 1841 910 1904 soles,
939 1849 992 1895 et
1021 1853 1273 1895 sermone
1293 1839 1528 1902 excolas,
1557 1846 1614 1892 et
1645 1850 1825 1892 mente
1853 1853 1949 1892 cu-

354 1936 584 1990 stodias.
618 1934 768 1990 Vale.

930 2004 1144 2059 EPIST.
1189 2002 1376 2058 LXIX.

842 2133 1150 2172 εηιιλειιυδ
1189 2133 1460 2172 κιεοιιωιι.

429 2227 713 2283 Dominum
757 2237 814 2284 et
852 2229 1067 2284 lratrem
1116 2245 1292 2284 meum
1338 2230 1688 2291 Flavianum.
1737 2229 1939 2283 celsum

355 2321 646 2374 virtutibus
671 2331 726 2374 et
753 2320 1050 2376 honoribus
1076 2323 1277 2386 virum,
1301 2322 1521 2389 iustitiae
1545 2333 1648 2375 tua:
1669 2330 1942 2376 exsortem

352 2425 478 2466 esse
525 2425 631 2464 non
679 2411 868 2479 patior.
927 2412 1116 2465 Merito
1167 2428 1264 2480 pro
1317 2413 1608 2466 honoribus
1639 2412 1774 2479 ejus,
1822 2428 1940 2480 quae

351 2517 515 2554 causa
547 2501 736 2571 poscit,
770 2503 942 2569 allego
966 2518 980 2555 :
1005 2504 1180 2556 sciens
1202 2504 1320 2556 sine
1345 2512 1430 2556 tua
1459 2504 1774 2557 auctoritate
1795 2518 1942 2556 com-

350 2592 544 2656 missa,
570 2608 688 2661 qua:
715 2592 815 2645 sub
842 2593 1058 2646 obtentu
1083 2601 1173 2646 tuo
1195 2609 1223 2646 a
1246 2596 1562 2661 quibusdam
1585 2607 1774 2646 δεαινιε
1799 2594 1942 2646 desi-

349 2693 516 2752 gnata
543 2682 813 2738 dicuntur.
846 2683 1000 2739 Unde
1035 2684 1166 2738 mihi
1199 2685 1372 2753 major
1415 2684 1606 2739 ﬁducia
1631 2695 1734 2751 est,
1782 2699 1940 2750 posse

351 2789 471 2829 rem
504 2775 736 2842 graviter
764 2775 1018 2829 vindicari
1048 2790 1169 2828 cum
1207 2785 1292 2828 tua
1323 2789 1538 2844 quoque
1568 2775 1704 2828 fama
1733 2775 1939 2844 pulsata

352 2867 444 2919 sit.
495 2867 742 2933 Querelae
769 2878 947 2921 autem
976 2882 1145 2937 genus
1184 2869 1458 2921 hominum
1498 2872 1614 2935 ejus
1643 2870 1936 2938 suggestio,

353 2957 400 3011 si
417 2958 669 3026 jusseris,
693 2957 882 3012 melius
905 2969 1280 3028 prosequetur,
1302 2959 1421 3027 quia
1444 2960 1720 3028 multiplex
1749 2960 1937 3028 injuria

355 3049 576 3103 modum
607 3051 844 3118 epistolze
874 3051 1152 3106 familiaris
1171 3051 1403 3107 excedit.
1423 3052 1536 3106 Non
1555 3055 1760 3107 minora
1777 3055 1936 3108 etiam

1581 268 2063 324 EPISTOLARUM
2104 269 2308 327 LIBER
2349 273 2434 328 Ill.

380 390 661 442 honestate
703 384 1057 452 perfunctum,
1103 385 1410 440 testimonio
1444 399 1565 440 meo
1597 385 1776 440 decuit
1813 384 1964 453 adju-
1993 387 2042 442 Α

3546 289 3649 343 218

2640 393 2853 451 EPIST.
2883 397 3094 454 LXXII.

2569 497 2877 540 SYIIACIIUS
2915 504 3164 543 TVIASIO.

2140 569 2316 640 Urgeo
2341 580 2394 626 te
2432 571 2805 642 frequentibus
2828 578 3062 646 scriptis,
3106 587 3162 632 et
3185 579 3345 633 animi
3369 579 3653 636 affectione

2064 675 2172 714 non
2201 661 2415 717 desero.
2441 661 2535 717 Est
2558 673 2735 720 autem
2760 676 3038 737 sequester
3057 671 3320 725 sermonis
3341 674 3443 727 mei
3475 673 3642 738 Felix,

2062 749 2356 818 probabilis
2381 761 2437 806 et
2459 752 2742 810 honestate
2768 759 2982 823 vitae,et
3003 760 3384 814 exercitatione
3413 762 3642 827 militiae;

2061 841 2213 910 cujus
2260 843 2746 901 considerationem
2793 857 2850 902 ut
2889 849 3106 919 habeas,
3154 867 3497 909 commouere
3537 871 3643 909 non

2060 933 2254 1001 audeo,
2296 949 2417 989 cum
2451 944 2536 990 tua
2567 941 2792 1007 aequitas
2838 950 3044 996 tantum
3091 958 3188 1012 pro
3228 959 3293 999 eo
3325 945 3489 1014 possit
3527 946 3644 1001 efﬁ-

2056 1039 2203 1091 cere,
2239 1035 2496 1096 quantum
2532 1028 2684 1084 favor
2705 1046 2856 1086 meus
2880 1041 3085 1100 Optare.
3115 1033 3263 1091 Vale.

2608 1140 2821 1195 EPIST.
2848 1142 3082 1197 LXXIII.

2548 1246 2858 1287 δγκιιλοῐιυς
2895 1249 3143 1289 τνιιλειο.

2126 1343 2322 1400 Petilio
2351 1345 2553 1399 domini
2592 1355 2646 1400 et
2691 1345 2870 1400 fratris
2896 1347 2999 1401 mei
3035 1346 3362 1411 Stemmatii,
3405 1349 3636 1402 monito-

2053 1447 2165 1488 rem
2203 1435 2372 1505 magis
2407 1435 2546 1503 apud
2578 1444 2629 1489 te
2659 1452 2817 1504 quam
2851 1445 3186 1504 peccatorem
3229 1437 3467 1505 requirit.
3507 1437 3636 1491 Nam

2051 1544 2170 1582 cum
2202 1537 2345 1582 tanta
2389 1528 2458 1582 sit
2489 1529 2580 1583 tibi
2611 1529 2727 1597 ejus
2756 1529 3064 1598 antiquitas,
3097 1537 3156 1584 ut
3183 1539 3363 1584 votum
3395 1541 3634 1585 nostrum

2051 1616 2235 1672 favore
2266 1633 2599 1686 praeeurras;
2649 1619 2885 1674 laborem
2915 1621 3136 1688 rogandi
3171 1621 3224 1675 in
3255 1621 3406 1677 lucro
3435 1622 3635 1678 habere

2051 1709 2328 1764 debemus.
2358 1710 2598 1765 Breviter
2628 1709 2805 1779 igitur,
2833 1711 2958 1780 quid
2993 1722 3196 1781 poscat,
3221 1712 3464 1768 adverte.
3505 1713 3633 1768 Sub.

2051 1801 2187 1856 sidia
2220 1802 2362 1864 vitae,
2389 1817 2508 1870 quas
2544 1802 2679 1856 bona
2712 1803 2816 1856 dici
2847 1804 3044 1868 solent,
3073 1804 3162 1857 ubi
3194 1819 3386 1858 census
3417 1805 3633 1858 uberior

2047 1899 2148 1956 est,
2182 1891 2472 1945 infortunio
2503 1893 2912 1962 proscriptionis
2954 1891 3150 1947 amisit.
3195 1893 3320 1948 Haec
3353 1895 3402 1948 in
3436 1910 3628 1964 magno

2047 1982 2278 2051 reipubl.
2307 1983 2499 2051 gaudio
2528 1985 2632 2038 tuis
2675 1985 3008 2053 potissimum
3050 1986 3258 2039 meritis
3296 1988 3627 2055 repensanda

2045 2074 2354 2128 committit.
2398 2074 2641 2143 Suscipe,
2673 2090 2772 2128 oro
2817 2086 2889 2138 te,
2932 2076 3148 2144 plenum
3181 2076 3429 2130 bonitatis
3470 2093 3630 2146 nego-

2043 2169 2209 2230 tium;
2238 2173 2293 2219 et
2315 2166 2468 2219 amici
2496 2166 2750 2233 inopiam,
2783 2167 2866 2220 cui
2893 2167 3102 2221 miserae
3124 2167 3447 2222 valetudinis
3474 2184 3630 2223 casus

2043 2256 2294 2322 accessit,
2325 2257 2402 2310 rei
2431 2255 2710 2310 familiaris
2736 2256 3092 2322 integratione
3118 2257 3314 2313 solare.
3351 2256 3499 2312 Vale.

2593 2367 2810 2423 EPIST.
2842 2367 3076 2423 LXXIV.

2527 2474 2840 2516 εγωηοιιυε
2870 2477 3133 2516 PROIOTO.

2113 2580 2273 2634 Multa
2299 2579 2352 2634 in
2387 2589 2439 2634 te
2460 2580 2714 2632 virtutum
2749 2587 2934 2632 natura
2965 2577 3250 2648 congessit.
3283 2578 3414 2644 Qua:
3441 2577 3484 2631 si
3507 2577 3624 2645 quis

2041 2675 2264 2728 trutinet
2291 2672 2540 2742 pen'siore
2559 2672 2782 2741 judicio,
2810 2672 3011 2725 nesciat
3037 2680 3214 2725 utrum
3248 2671 3383 2724 bona
3409 2671 3619 2724 fortitu-

2041 2765 2181 2820 dinis
2209 2765 2377 2833 magis
2403 2779 2469 2817 an
2499 2763 2694 2818 mentis
2722 2762 3017 2817 excellant.
3065 2760 3170 2816 Sed
3201 2761 3423 2814 alterius
3452 2759 3624 2813 laudis

2041 2855 2358 2924 astipulator
2399 2864 2482 2908 est
2528 2853 2774 2923 princeps
2804 2851 3021 2906 humani
3048 2851 3281 2919 generis,
3317 2849 3618 2904 ofﬁciormn

2041 2961 2168 2998 vero
2209 2944 2544 2998 familiarium
2588 2958 2686 2996 nos
2727 2951 2891 2996 testes
2930 2956 3051 2996 esse
3089 2940 3377 3007 debemus;
3407 2942 3496 3010 qui
3531 2941 3620 2994 tibi

2043 3034 2297 3102 religioso
2327 3033 2506 3088 studio
2547 3035 2830 3102 nequimus
2876 3046 3111 3101 aequare.
3155 3032 3318 3086 Miror
3347 3041 3524 3086 tamen
3569 3031 3620 3084 in

359 3139 504 3193 ﬁlius
533 3101 751 3194 illusrtris
797 3141 920 3205 viri,
973 3149 1028 3196 et
1064 3142 1179 3210 ipse
1219 3141 1329 3211 jam
1363 3141 1580 3198 honoris
1618 3143 1853 3209 emeriti,
1887 3143 1938 3197 iu

2046 3127 2148 3181 hoc
2179 3135 2230 3180 te
2259 3125 2362 3180 mei
2389 3139 2574 3179 amore
2594 3137 2958 3194 progressum,
2976 3133 3033 3178 ut
3053 3122 3184 3177 mihi
3205 3123 3352 3175 falsis
3380 3122 3622 3176 laudibus

356 3244 450 3282 sua
484 3231 844 3298 proconsulari
875 3233 1215 3301 possessione
1241 3235 1516 3298 tolerav.t;
1543 3248 1660 3302 quae
1687 3235 1751 3288 ad
1787 3235 1942 3289 unius

356 3320 570 3389 quidem
599 3320 864 3387 pertinent
905 3336 1122 3386 noxam,
1176 3325 1270 3377 sed
1302 3324 1368 3378 ad
1399 3325 1673 3394 utriusque
1701 3335 1940 3381 contem-

358 3420 528 3473 ptum.
555 3409 696 3480 Ergo
719 3419 776 3464 ut
799 3427 915 3466 mos
930 3421 1014 3467 est
1034 3414 1150 3480 tibi,
1171 3415 1367 3469 auditis
1386 3427 1570 3470 eorum
1604 3419 1936 3487 allegationi-

355 3503 479 3569 bus,
496 3504 590 3572 qui
623 3512 838 3560 tuentur
863 3505 1165 3562 absentium
1197 3507 1502 3576 facultates,
1518 3513 1691 3579 primo
1720 3513 1933 3580 famam,

354 3610 476 3662 quze
497 3595 707 3662 optimo
731 3597 923 3665 cuique
954 3599 1186 3666 pretiosa
1215 3608 1318 3662 est,
1357 3609 1467 3653 tum
1498 3602 1784 3656 amicitiam
1816 3603 1939 3658 ﬁdei

355 3682 612 3750 iudicem,
640 3695 907 3754 postremo
922 3687 1087 3758 leges,
1118 3706 1212 3758 pro
1227 3691 1419 3760 quibus
1447 3693 1700 3756 excubas,
1717 3693 1938 3761 dignare

349 3774 651 3832 defendere
693 3796 706 3829 :
737 3789 794 3832 ut
831 3779 896 3833 ad
945 3780 1207 3835 illustrem
1250 3783 1448 3850 virum,
1480 3785 1569 3853 qui
1616 3800 1711 3853 per
1739 3786 1936 3840 absen-

353 3867 484 3922 tiam
514 3883 734 3923 suorum
759 3870 930 3925 nescit
955 3871 1313 3940 incommoda,
1340 3873 1482 3941 prius
1501 3875 1670 3944 gratia
1695 3875 1938 3930 beneﬁcii

352 3960 452 4023 tui,
481 3976 644 4029 quam
683 3976 901 4016 suorum
937 3964 1091 4018 dolor
1125 3975 1180 4019 et
1205 3968 1425 4034 querela
1458 3969 1750 4034 perveniat.
1785 3968 1932 4023 Vale.

934 4099 1148 4156 EPIST.
1189 4101 1352 4158 LXX.

860 4227 1169 4269 SVIIIACBUS
1189 4230 1438 4271 'I'YIIASIO.

415 4325 573 4395 Saepe
593 4326 789 4397 alloqui
815 4329 1176 4397 praestantiam
1201 4340 1345 4384 tuam
1374 4345 1478 4385 non
1501 4331 1666 4401 piget,
1689 4333 1934 4400 quamvis

2045 3218 2358 3282 blandiaris,
2389 3234 2508 3272 cum
2537 3220 2618 3272 ais
2647 3217 2844 3286 aliquid
2888 3227 2938 3270 te
2963 3231 3026 3270 ex
3072 3218 3237 3270 n05tri
3269 3215 3380 3268 oris
3409 3215 3621 3268 deside-

2044 3324 2166 3366 rare
2198 3309 2582 3378 promptuario.
2609 3308 2728 3375 Quo
2767 3307 2858 3361 tibi
2892 3308 3030 3360 inter
3060 3321 3217 3360 rauca
3243 3320 3444 3360 cornua
3477 3319 3622 3359 meo-

2042 3415 2158 3453 rum
2187 3399 2442 3452 aﬁ’atuttm
2471 3398 2763 3467 strepitus?
2789 3396 3114 3465 Estmtidem
3136 3395 3393 3450 familiare
3417 3397 3620 3460 virtuti,

2041 3490 2388 3546 delinimenta
2443 3489 2682 3546 exercitii
2734 3489 2981 3544 sensibus
3023 3488 3330 3542 admovere.
3387 3487 3518 3541 Nam
3569 3498 3622 3541 et

2042 3584 2303 3639 Achillem
2344 3594 2523 3639 vatum
2568 3582 2830 3638 maximus
2868 3581 3052 3646 refert,
3093 3582 3219 3652 aegri
3266 3582 3427 3636 animi
3457 3595 3615 3635 curas

2041 3675 2233 3729 fidibus
2275 3675 2582 3730 resolvisse.
2622 3674 2726 3730 Sed
2755 3687 2851 3728 nos
2881 3682 2935 3727 et
2961 3673 3182 3728 musica:
3222 3673 3480 3727 facuudize
3507 3671 3620 3724 ino-

2043 3767 2182 3836 piam
2225 3768 2572 3829 conﬁtetnur.
2614 3775 2670 3822 et
2711 3767 3093 3821 nutrimentum
3141 3764 3388 3834 loquendi
3433 3778 3616 3818 eorum

2040 3858 2234 3912 litteris
2278 3873 2627 3928 aucupamur,
2673 3873 2810 3927 quos
2861 3857 3067 3911 haerere
3112 3855 3389 3909 comitatui
3438 3863 3528 3908 tuo
3565 3867 3619 3908 et

2038 3949 2178 4005 fama
2209 3952 2442 4022 loquitur
2465 3959 2520 4007 et
2546 3960 2634 4006 tua
2664 3954 2859 4019 scripta
2887 3958 3170 4004 testantur.
3204 3949 3345 4002 Vale.

2592 4062 2805 4118 EPIST.
2851 4059 3060 4115 LXXV.

2529 4166 2833 4207 εγκιιλειιυε
2855 4166 3118 4206 Ρηοιιοτο.

2113 4245 2421 4302 Satisfaciet
2447 4245 2662 4312 quidem
2691 4245 2785 4296 tibi
2813 4245 2878 4296 ad
2908 4257 3068 4295 omne
3106 4239 3355 4309 gaudium
3383 4252 3613 4305 conspe-

2036 4350 2156 4394 ctus
2183 4348 2420 4393 tuorum.
2467 4336 2573 4392 Sed
2617 4350 2718 4405 ego
2746 4334 2882 4388 hanc
2912 4331 3304 4387 hilaritudinem
3356 4331 3612 4382 cumulari

347 4418 479 4471 nihil
509 4418 734 4474 invicem
765 4422 1030 4475 sermonis
1059 4423 1261 4492 accepi.
1316 4423 1434 4492 Ipse
1481 4425 1623 4478 enim
1673 4424 1802 4478 mihi
1836 4439 1932 4493 pro
1963 4459 2015 4518 υ
2040 4445 2198 4500 posse
2232 4430 2505 4497 conjecto,
2553 4428 2597 4480 si
2648 4436 2830 4480 noster
2865 4437 3044 4477 sermo
3086 4437 3300 4491 quoque
3338 4421 3610 4489 jungatur.

347 4519 401 4563 te
434 4519 631 4576 sponte
668 4511 1000 4580 respondeo,
1049 4515 1189 4580 quod
1239 4513 1381 4568 inter
1429 4525 1736 4570 castrenses
1773 4531 1929 4570 curas

346 4602 521 4655 locum
550 4601 723 4657 ofﬁcia
751 4607 919 4659 otiosa
949 4620 1054 4659 non
1097 4605 1346 4661 habeant.
1396 4608 1569 4677 Atque
1598 4609 1799 4662 utinam
1835 4609 1930 4663 tibi

346 4694 631 4750 assiduitas
655 4696 908 4750 affatuum
934 4713 1174 4752 meorum
1200 4713 1304 4751 non
1331 4697 1575 4753 videatur
1596 4700 1925 4768 obSIrepet'e.

347 4787 520 4855 Prope
541 4797 642 4854 est,
670 4799 729 4842 ut
757 4789 943 4844 referri
975 4790 1104 4845 mihi
1138 4790 1432 4844 litterarum
1470 4790 1692 4860 gratiam
1725 4802 1928 4860 putem,

346 4880 392 4934 si
414 4881 576 4934 sciam
600 4898 717 4951 qua:
747 4884 925 4938 scribo
955 4900 1061 4938 non
1082 4882 1279 4939 aflerre
1310 4883 1603 4938 fastidium.
1627 4882 1782 4938 Vale.

911 5015 1123 5070 EPIST.
1174 5014 1361 5068 LXXI.

835 5139 1147 5180 SYIIACHUS
1172 5141 1422 5182 TYIASIO.

414 5234 492 5287 Ad
513 5235 856 5291 scribendum
879 5253 969 5313 me
987 5239 1153 5293 relatu
1176 5240 1558 5294 vicissitudinis
1578 5239 1831 5296 incitasti.
1853 5239 1923 5294 Ea

341 5327 535 5394 quippe
581 5343 764 5382 rerum
816 5337 1001 5384 natura
1049 5339 1153 5397 est,
1199 5339 1256 5384 ut
1303 5331 1598 5385 ofﬁciorum
1646 5330 1918 5400 diligentia

339 5418 511 5471 fructu
547 5418 930 5475 vicissitudinis
976 5421 1284 5477 incalescat.
1325 5423 1489 5477 Sume
1529 5423 1688 5491 igitur
1715 5423 1918 5476 saluta-

337 5511 560 5575 tionem,
590 5511 856 5582 simulque
883 5513 1137 5568 indicium
1168 5515 1443 5582 sospitatis
1463 5528 1597 5569 mea:
1624 5514 1777 5568 hctus
1805 5530 1918 5568 am-

336 5604 594 5670 plectere,
623 5605 930 5660 redditurus
956 5615 1080 5659 voto
1103 5615 1264 5676 atque
1293 5607 1471 5659 animo
1499 5621 1618 5661 meo
1641 5608 1917 5675 reciproca

332 5694 531 5766 gaudia
557 5695 810 5753 similium
842 5697 909 5753 de
931 5698 1032 5753 tuis
1061 5697 1268 5753 actibus
1298 5699 1629 5754 nuntiorum.
1661 5699 1808 5754 Vale.

2038 4523 2168 4576 Nam
2201 4537 2321 4576 etim
2353 4535 2462 4590 pra:
2489 4519 2701 4573 caeteris
2733 4515 2824 4570 tibi
2847 4515 3138 4568 domestica
3170 4514 3303 4566 bona
3334 4527 3456 4566 cara
3485 4514 3610 4577 sint,

2036 4615 2335 4683 proximum
2357 4612 2458 4666 sibi
2480 4609 2728 4680 gaudium
2747 4607 2867 4676 jure
2888 4607 3180 4660 amicorum
3206 4619 3331 4658 cura
3353 4604 3608 4658 defendit.

2037 4709 2176 4778 Ergo
2205 4706 2292 4761 ubi
2319 4704 2586 4760 desiderio
2631 4711 2722 4755 tuo
2753 4701 2852 4770 pia:
2881 4696 3304 4754 necessitudines
3339 4696 3617 4750 satisfece«

2035 4800 2164 4863 rint,
2191 4799 2258 4852 ad
2299 4807 2510 4849 nostras
2549 4807 2763 4863 quoque
2807 4791 3012 4846 litteras
3053 4790 3190 4845 oculi
3229 4788 3608 4842 conferantur:

2037 4907 2263 4961 quarum
2301 4889 2415 4942 lucc
2457 4901 2664 4941 summa
2705 4895 2808 4949 est,
2856 4894 2913 4940 ut
2959 4898 3044 4936 me
3070 4883 3251 4936 valere
3297 4895 3608 4950 cognoscas.

2036 4984 2170 5038 Nolo
2186 4982 2327 5037 enim
2353 4990 2402 5034 te
2425 4994 2454 5032 a
2475 4977 2759 5046 colloquiis
2782 4985 2992 5030 tuorum
3018 4975 3202 5045 pagina
3229 4974 3467 5043 longiore
3491 4989 3610 5042 pro-

2035 5078 2253 5132 ducere.
2287 5072 2436 5126 Vale.

2582 5139 2789 5194 EPIST.
2835 5137 3065 5192 LXXVI.

2518 5244 2820 5284 SYMDIACIIUS
2859 5243 3117 5282 PROIOTO.

2106 5327 2220 5380 Duo
2259 5322 2387 5377 mihi
2428 5330 2578 5390 grata
2617 5317 2950 5386 proveniunt,
2991 5317 3202 5381 quoties
3229 5331 3258 5370 a
3300 5329 3386 5369 me
3417 5314 3609 5368 littenc

2032 5416 2402 5488 postulantur:
2428 5420 2482 5466 et
2509 5409 2648 5477 qttod
2683 5417 2734 5462 te
2758 5407 2962 5460 honore
2979 5407 3314 5462 salutationis
3337 5406 3602 5473 impertio,

2028 5519 2084 5564 et
2105 5505 2245 5575 quod
2276 5517 2492 5572 operam
2523 5497 3003 5553 commendationis
3026 5507 3221 5566 prtesto
3241 5497 3602 5564 poscentibus.

2027 5599 2160 5656 Cum
2209 5597 2369 5666 igitur
2410 5594 2479 5647 ad
2527 5591 2757 5646 Africam
2811 5589 3038 5643 reditum
3086 5587 3400 5654 Paregorius
3438 5589 3606 5641 ciens

2029 5701 2208 5750 noster
2239 5691 2544 5751 instrueret,
2571 5692 2626 5739 et
2652 5679 2954 5752 hujusmodi
2983 5679 3186 5734 litteras
3218 5678 3486 5743 impendio
3511 5681 3601 5734 lla-
