4074 6176
543 308 651 365 219

1707 314 1771 381 ρ.
1814 312 2155 369 Αυηειιυδ
2190 315 2628 378 εγιιιιιιοιιυε.

3697 325 3799 380 220

543 429 761 495 gitaret;
808 427 1075 483 desiderio
1123 402 1242 498 eius
1291 428 1539 485 effectum
1587 429 1818 483 libenter
1862 426 2117 494 impendi,
2152 431 2198 487 Α
2231 429 2557 486 immensum
2606 434 2828 505 requirit
2866 452 3027 493 venas
3069 439 3352 508 bonorum,
3387 439 3668 511 nullosque
3693 444 3801 499 avi~

544 521 719 573 sciens
745 520 884 586 apud
911 528 1180 575 amantem
1203 521 1308 576 mei
1338 536 1439 576 nec
1459 519 1601 574 illius
1619 520 1930 589 petitionem
1962 520 2122 574 bene-

545 615 664 669 ficio
690 616 997 680 carituram,
1030 630 1132 671 nec
1171 630 1349 672 meum
1379 614 1708 675 inefficacem
1740 614 1973 670 futurum
1999 628 2118 670 ser-

545 720 780 764 monem.
815 706 965 761 Vale.
1366 752 1382 768 .

1069 774 1284 831 EPIST.
1330 775 1590 832 LXXVII.

1015 858 1327 923 svnuACuus
1364 884 1630 926 Pnouoro.

613 956 719 1011 Nec
751 957 961 1027 quidem
990 959 1259 1029 prioribus
1291 960 1481 1015 litteris
1508 961 1645 1015 meis
1686 959 2114 1015 vicissitudinem

542 1049 842 1104 reddidisti.
876 1050 984 1106 Sed
1015 1052 1118 1106 mei
1159 1051 1316 1108 officii
1347 1052 1446 1108 fuit
1483 1054 1680 1122 scripta
1721 1054 2018 1121 geminare,
2049 1070 2117 1110 ne

542 1151 648 1194 tam
680 1140 780 1194 lida
809 1141 1094 1197 occasione
1133 1143 1426 1198 fraudarer.
1471 1143 1700 1199 Maxime
1744 1160 1863 1198 cum
1911 1146 2116 1202 amicus

539 1232 838 1285 communis
863 1233 1162 1287 Auxentius
1191 1248 1531 1287 accessurum
1566 1235 1667 1288 sibi
1704 1235 1902 1303 aliquid
1932 1237 2116 1305 gratite

539 1337 602 1375 ex
630 1323 764 1376 meis
791 1322 983 1377 litteris
1007 1322 1297 1391 indicaret.
1330 1325 1497 1390 Quem
1530 1323 1625 1378 tibi
1658 1333 1935 1393 propterea
1967 1341 2116 1380 com-

541 1412 795 1467 mendare
835 1428 939 1466 non
981 1413 1176 1479 debeo,
1213 1415 1336 1483 quia
1368 1415 1445 1468 illi
1476 1416 1614 1481 apud
1664 1425 1716 1472 te
1749 1418 1923 1484 potius
1952 1432 2113 1488 quam

539 1506 674 1558 alios
704 1504 1007 1560 testis'esse
1032 1506 1325 1560 consuesti.
1355 1504 1504 1560 Vale.

1059 1640 1270 1696 EI’IS'I‘.
1302 1640 1578 1698 LXXVIII.

1012 1746 1321 1787 SVMIACIIUS
1359 1748 1620 1788 PROIOTO.

610 1821 908 1876 Ilterentein
962 1837 1049 1877 me
1098 1823 1292 1877 litteris
1342 1824 1639 1893 impulisti,
1697 1836 1753 1879 ut
1799 1827 2107 1895 amicitiam,

535 1925 694 1977 quam
723 1909 922 1964 dudum
953 1911 1142 1967 tacitus
1170 1911 1442 1977 optabam,
1485 1930 1626 1969 nunc
1667 1926 1987 1984 provocatus
2015 1934 2110 1974 ett-

534 2003 789 2057 colcrem.
837 2004 1146 2072 Amplector
1184 2004 1377 2060 futura:
1413 2004 1553 2061 inter
1591 2023 1690 2062 nos
1734 2009 2109 2066 familiaritatis

533 2093 804 2161 auspicetn
850 2095 1202 2150 voluntatem.
1251 2096 1315 2150 Et
1356 2100 1596 2165 quamvis
1638 2109 1935 2166 prmventus
1983 2111 2107 2157 voto

535 2193 625 2236 tuo
644 2226 661 2252 ,
692 2184 885 2251 enitar,
932 2192 989 2239 ut
1028 2195 1237 2254 potero,
1268 2201 1337 2242 ne
1367 2188 1548 2243 vincar
1578 2188 1792 2245 officiis.
1822 2191 1929 2245 llas
1959 2193 2103 2247 enim

535 2283 713 2341 partes
738 2276 895 2331 video
917 2276 1045 2331 mihi
1074 2286 1401 2345 reservatas,
1429 2289 1484 2333 ut
1506 2281 1863 2350 religio,.qu:e
1892 2295 1944 2338 te
1972 2284 2101 2339 hor-

532 2375 681 2421 tante
716 2367 944 2437 sumpsit
971 2368 1269 2434 exordium,
1316 2385 1402 2426 me
1442 2370 1715 2427 annitente
1758 2385 2099 2443 augmentum

530 2467 726 2513 sumat.
760 2458 908 2517 Vale.

1075 2529 1292 2585 EPIST.
1327 2531 1557 2586 LXXIX.

1010 2635 1315 2677 διιιιιιαιιυε
1344 2638 1610 2677 PROMUTO.

600 2711 790 2765 Primis
809 2713 1022 2782 quidem
1050 2715 1240 2768 litteris
1274 2716 1381 2769 tuis
1406 2715 1827 2774 vicissitudinem
1861 2736 1981 2775 mox
2016 2737 2098 2777 rc-

527 2804 708 2871 pcndi.
749 2804 854 2860 Sed
889 2805 1011 2874 quia
1040 2820 1192 2860 nova;
1223 2807 1600 2864 familiaritatis
1639 2812 1944 2881 auspicibus
1981 2815 2098 2883 plus

526 2895 750 2949 debetur
774 2896 934 2950 officii
957 2937 971 2962 ,
992 2898 1249 2954 excolere
1267 2901 1557 2956 amicitiam
1588 2902 1847 2958 litterario
1874 2921 2097 2962 munere

528 3000 835 3053 persevera,
861 2995 915 3040 ttt
948 2988 1238 3058 perspicias
1266 2989 1401 3045 bene
1428 3005 1548 3045 cum
1581 2991 1661 3046 his
1684 2993 1894 3049 misceri
1925 2995 2097 3051 fmdns

525 3075 844 3142 animorum,
859 3077 1368 3145 quieumulatiorem
1387 3082 1610 3149 gratiam
1629 3084 1872 3154 religioni
1895 3086 2096 3143 referre

526 3182 805 3223 noverunt.
839 3169 983 3224 Vale.

1089 3239 1296 3296 EPIST.
1321 3241 1533 3296 LXXX.

1007 3343 1314 3387 ειιιιιΑειιυε
1351 3349 1611 3389 ΡΒῦΙΟΤΟ.

597 3418 747 3473 Beari
778 3436 862 3475 tne
883 3420 1065 3476 multis
1093 3422 1248 3477 bonis
1265 3416 1467 3493 judico,
1495 3427 1708 3495 quoties
1724 3430 1989 3486 sermonis
2019 3435 2091 3488 tui

525 3511 928 3568 honorificentia
947 3523 1002 3569 et
1019 3515 1305 3584 splendore
1321 3517 1577 3573 delector.
1598 3519 1759 3590 quue
1779 3530 1837 3576 ut
1861 3521 2091 3590 merear,

522 3602 685 3658 etiam
722 3605 835 3673 ipse
866 3621 972 3661 non
1000 3606 1193 3662 desero
1222 3608 1548 3677 diligentiam
1580 3608 1878 3681 frequentis
1905 3612 2090 3670 officii.

523 3698 640 3752 Sict
665 3697 825 3767 igitur
845 3697 984 3752 inter
1009 3713 1132 3765 nos,
1160 3708 1219 3755 ut
1237 3701 1539 3756 animorum
1567 3704 1667 3759 fida
1693 3705 1994 3775 sinceritas,
2023 3707 2089 3761 ita

522 3790 678 3860 hujus
708 3791 947 3847 muneris
967 3793 1136 3847 antica
1165 3798 1408 3852 certatio.
1445 3796 1590 3853 Vale.

1061 3902 1276 3962 EPIST.
1306 3907 1541 3964 LXXXI.

1027 4008 1333 4054 SVIIIACIIUS
1370 4015 1581 4056 RUFINO.

587 4078 979 4139 Snecensebam
1007 4087 1218 4143 silentio
1246 4098 1358 4145 tuo.
1388 4091 1493 4146 Sed
1526 4104 1802 4165 postquam
1846 4098 1975 4152 mihi
2009 4101 2092 4155 itt-

516 4169 715 4227 diciutn
758 4174 825 4230 de
872 4176 1053 4233 fratris
1096 4177 1300 4237 honore
1336 4182 1530 4250 fecisti,
1571 4186 1696 4241 vicit
1739 4188 2087 4246 oﬂensionem

519 4266 781 4334 voluptas.
833 4267 903 4321 Et
941 4270 993 4323 in
1038 4285 1156 4325 eam
1200 4272 1565 4331 conditionem
1607 4293 1698 4334 res
1723 4280 1902 4346 rediit,
1942 4292 2000 4339 ut
2037 4287 2086 4341 ei

516 4370 667 4427 agam
692 4360 913 4428 gratias,
935 4376 1092 4430 quem
1116 4363 1202 4433 pie
1223 4364 1506 4436 objurgare
1527 4369 1842 4428 meditabar.
1860 4373 1940 4430 Tu
1962 4391 2088 4432 vero

513 4448 614 4502 sub
657 4448 756 4503 hac
802 4453 1058 4520 petitione
1103 4457 1229 4509 dum
1281 4458 1430 4521 voles
1469 4461 1658 4529 retice,
1705 4464 1866 4519 modo
1900 4475 2083 4536 postea

514 4537 669 4593 bonis
709 4539 951 4607 epistolis
995 4544 1229 4600 redimas
1256 4549 1380 4617 styli
1425 4552 1499 4604 tui
1542 4552 1718 4609 ferias.
1760 4556 1805 4610 Ο
1838 4561 2079 4614 nuntium

514 4640 637 4684 voto
667 4638 758 4684 tuo
784 4631 1049 4688 similem!
1097 4635 1307 4692 Nullum
1339 4641 1516 4695 decuit
1542 4643 1658 4697 ham
1685 4646 1944 4713 sciibere,
1977 4652 2077 4704 nisi

511 4734 668 4787 quem
707 4730 919 4776 constat
958 4734 1193 4792 optasse.
1242 4728 1331 4783 Nae
1361 4740 1559 4797 tamen,
1590 4745 1785 4803 praeter
1804 4740 2076 4807 gaudium,

510 4812 650 4881 quod
671 4813 739 4868 de
760 4830 1012 4884 processu
1024 4818 1206 4875 fratris
1221 4824 1456 4891 acquiro,
1472 4831 1631 4881 etiam
1648 4830 1906 4897 judicium
1933 4844 2077 4889 tuum

470 4903 796 4961 ‘admodum
825 4908 1123 4968 decoloras.
1160 4913 1317 4971 Solus
1341 4918 1485 4971 enim
1529 4920 1621 4974 tibi
1653 4923 1798 4978 visus
1822 4938 1965 4993 sum,
1997 4944 2080 4982 rc-

509 4996 707 5061 paratis
737 4999 990 5058 virtututn
1024 5006 1287 5072 prtemiis,
1317 5021 1475 5076 posse
1515 5012 1767 5079 gaudere.
1802 5014 1909 5070 Sed
1936 5019 2074 5083 quod
2127 5046 2132 5053 υ

506 5089 587 5141 ais
608 5090 841 5146 exclusis
870 5093 1148 5164 improbis,
1178 5111 1327 5166 Spem
1367 5102 1520 5156 bonis
1548 5105 1809 5161 redditam
1837 5122 1851 5170 ;
1882 5123 1987 5162 non
2020 5120 2077 5163 ut

506 5178 801 5245 insolitum,
845 5184 928 5239 vel
970 5185 1274 5243 inchoatum
1306 5206 1494 5248 recens
1539 5198 1796 5265 gratulor.
1830 5199 1961 5254 Nam
1990 5218 2075 5255 so-

504 5268 679 5326 lemne
697 5282 780 5328 est
804 5274 1022 5331 domino
1042 5291 1228 5334 nostro
1253 5282 1555 5339 Theodosio
1582 5287 1632 5340 in
1663 5303 1789 5343 suos
1820 5305 2107 5348 exercere-

501 5378 807 5431 censuram,
831 5381 1143 5439 morumque
1163 5388 1320 5442 agere
1344 5375 1631 5443 delectum,
1661 5392 1713 5435 et
1743 5381 1999 5452 singulos,
2020 5395 2074 5440 et

503 5469 673 5511 novos
707 5473 922 5529 semper
959 5464 1287 5533 expendere,
1332 5482 1429 5522 nec
1463 5472 1835 5528 consuetudini
1875 5476 2076 5531 condo-

502 5562 632 5604 nare
653 5548 934 5619 judicium.
968 5554 1094 5610 Inde
1136 5568 1240 5622 est,
1280 5560 1420 5627 quod
1462 5563 1855 5621 sincerissimos
1894 5583 2075 5624 mores

504 5647 622 5693 tuos
652 5642 928 5713 benignius
958 5646 1180 5718 recipit,
1221 5665 1356 5719 quos
1391 5665 1580 5708 severe
1605 5665 1660 5709 et
1683 5657 1964 5725 diligenter
1994 5661 2074 5713 itt-

504 5732 701 5799 spesit.
721 5738 856 5802 Quid
887 5740 1023 5806 quod
1054 5742 1212 5796 etiam
1241 5742 1396 5813 longe
1425 5745 1650 5802 intendit
1669 5749 1874 5815 oculos,
1903 5761 1951 5803 et
1977 5767 2070 5816 per

2226 517 2346 572 dius
2378 520 2541 575 trahit
2567 537 2724 591 quam
2757 524 2887 580 nihil
2914 526 3327 583 desiderantes?
3375 529 3440 584 Ut
3493 529 3799 587 Flavianum

2226 623 2425 675 meum,
2451 619 2611 680 atque
2635 612 2770 668 adeo
2799 625 2971 678 tuum,
3001 632 3171 686 nuper
3190 619 3420 685 excivit;
3445 635 3604 690 quem
3629 622 3800 679 adhuc

2225 701 2543 756 verecundia
2589 711 2814 774 tegeret,
2862 706 2965 760 nisi
3008 709 3152 763 clara
3184 709 3372 764 merita
3419 711 3797 779 prodidissent.

2225 791 2349 847 Ilmc
2397 802 2524 847 sunt
2580 809 2702 863 qua:
2732 798 2861 851 mihi
2899 813 2996 867 pro
3036 808 3276 869 tempore
3306 802 3485 856 laetitia
3513 803 3798 860 dictitavit.

2223 882 2371 938 Nunc
2399 896 2456 939 ut
2477 889 2900 944 amantissimum
2925 890 3166 958 fratrem,
3198 893 3302 956 vel,
3327 895 3467 960 quod
3493 904 3576 951 est
3600 897 3796 963 verius,

2222 986 2429 1045 partem
2458 979 2562 1034 mei
2593 980 2806 1050 diligas,
2848 998 2979 1053 rogo
3015 993 3207 1052 sponte
3247 986 3530 1042 facturum.
3571 988 3707 1045 Ama
3747 994 3795 1046 in

2220 1086 2286 1124 eo
2326 1073 2499 1128 studia
2543 1088 2659 1140 sua,
2690 1085 2747 1131 et
2779 1077 3037 1148 quidquid
3073 1081 3358 1149 agnoveris
3385 1083 3673 1140 virtutibus
3695 1087 3796 1142 tuis

2220 1164 2545 1230 proximum.
2569 1165 2694 1219 Mihi
2723 1178 2779 1220 ut
2800 1178 2881 1222 est
2904 1170 3223 1241 curm,qnod
3250 1187 3278 1224 a
3300 1173 3465 1227 fratre
3485 1175 3791 1240 discernor;

2217 1252 2287 1305 ita
2319 1255 2512 1309 solatio
2541 1256 2663 1318 erit,
2678 1257 2723 1311 si
2750 1271 2872 1312 eum
2899 1260 3063 1315 sciam
3098 1277 3224 1317 vere
3250 1263 3305 1317 in
3332 1273 3382 1320 te
3411 1265 3790 1336 Symmachum

2217 1344 2503 1411 reperisse.
2532 1343 2684 1401 Vale.

2753 1419 2965 1476 EPIST.
3002 1420 3259 1477 LXXXII.

2719 1523 3031 1567 SYMIIACHUS
3069 1530 3276 1568 RI'FINO.

2289 1595 2478 1651 Adltne
2524 1599 2673 1654 siles.
2724 1601 2829 1657 Sed
2876 1605 3167 1672 loquacitas
3206 1622 3321 1660 tnca
3368 1622 3470 1663 non
3515 1609 3787 1666 cohibetur

2214 1689 2483 1757 exemplo,
2532 1700 2587 1747 et
2635 1703 2714 1747 est
2742 1694 2909 1748 otium
2954 1696 3081 1750 mihi
3129 1700 3195 1752 ad
3249 1699 3533 1756 verborum
3580 1705 3786 1773 copiam

2142 1785 2187 1845 Β
2212 1780 2575 1836 commodum.
2601 1782 2732 1836 Nam
2756 1785 2864 1839 ruri
2893 1800 3034 1850 sum,
3063 1803 3161 1844 nec
3184 1798 3359 1844 tamen
3391 1791 3788 1849 rusticor.Tan-

2216 1877 2323 1922 tum
2355 1869 2422 1924 de
2451 1872 2563 1940 ripa
2591 1873 2801 1929 Tiberis
2827 1876 2970 1948 (nam
3006 1893 3100 1948 per
3130 1881 3261 1935 fines
3291 1896 3438 1938 meos
3467 1885 3657 1941 fluvius
3677 1888 3785 1942 ela-

2214 1959 2378 2033 bitur)
2409 1975 2597 2019 onusta
2630 1978 2814 2034 Specto
2854 1971 3100 2040 navigia;
3144 1989 3247 2028 non
3274 1973 3383 2042 jam
3416 1978 3697 2048 sollicitus,
3728 1993 3783 2035 nt

2209 2062 2354 2118 ante,
2387 2052 2455 2109 de
2491 2054 2631 2110 fame
2660 2057 2883 2113 civium.
2915 2059 3112 2117 Versus
3146 2072 3230 2117 est
3258 2079 3486 2134 namque
3509 2082 3573 2122 ex
3606 2066 3783 2137 inopia

2211 2146 2261 2198 in
2307 2147 2554 2214 gaudium
2607 2149 2848 2217 publicus
2899 2164 3090 2217 metus,
3141 2166 3417 2225 postquam
3466 2160 3784 2215 venerabilis

2211 2246 2359 2302 pater
2384 2238 2569 2304 patria:
2589 2239 2944 2296 Macedonicis
2966 2246 3353 2301 commeatibus
3377 2246 3570 2303 Africa
3589 2249 3780 2304 damna

2209 2330 2451 2395 pensavit
2474 2348 2485 2384 :
2510 2348 2668 2409 quem
2701 2349 2843 2389 nunc
2873 2350 3060 2391 omnes
3080 2338 3304 2395 altorem
3328 2341 3541 2409 generis
3565 2343 3778 2399 humani

2208 2420 2374 2475 Deum
2405 2421 2649 2493 diligunt.
2680 2424 2820 2480 Nihil
2852 2427 2992 2482 enim
3027 2444 3214 2498 passiis
3239 2441 3322 2486 est
3350 2432 3563 2488 Austris
3590 2448 3780 2490 contu-

2205 2512 2441 2568 macibus
2469 2515 2734 2572 adversus
2776 2518 2999 2573 Romam
3043 2521 3226 2577 licere.
3260 2523 3403 2596 Ergo
3429 2524 3497 2582 de
3525 2527 3627 2582 mei
3664 2533 3776 2599 agri

2202 2606 2415 2672 specula
2458 2609 2861 2679 peregrinarum
2907 2614 3124 2669 navium
3157 2631 3381 2672 numero
3422 2627 3778 2688 transcursus,

2202 2712 2248 2751 ei
2278 2699 2484 2768 gaudeo
2507 2701 2703 2757 victum
2722 2705 2901 2773 populi
2925 2704 3080 2760 Rom.
3108 2724 3212 2762 non
3236 2707 3336 2763 fata
3359 2712 3773 2779 provinciarum,

2202 2790 2514 2859 devotione,
2544 2808 2644 2863 qua
2676 2796 2817 2851 soles
2848 2813 2951 2854 non
2983 2799 3229 2854 occulere
3261 2801 3455 2855 bonum
3486 2802 3773 2873 publicum.

2204 2878 2389 2934 Merito
2418 2883 2629 2952 parcius
2662 2884 2871 2955 loquor,
2919 2897 3022 2941 tuae
3053 2889 3315 2945 facundia:
3344 2891 3673 2962 relinquens,
3721 2908 3777 2948 ut

2203 2970 2318 3027 ha'c
2344 2975 2665 3039 ornatius,si
2690 2977 2758 3031 ita
2777 2979 3029 3047 placebit,
3047 2979 3305 3049 insinues,
3320 2998 3437 3053 qua:
3461 3000 3557 3040 nos
3579 2986 3776 3043 inculta

2206 3064 2424 3121 ieritate
2456 3069 2810 3125 narravimus.
2847 3071 2995 3126 Vale.

2724 3161 2934 3219 EPIST.
2977 3162 3257 3220 LXXXIII.

2702 3267 3012 3312 SYIIMACIIUS
3050 3272 3262 3313 RUFINO.

2272 3341 2393 3405 lter,
2441 3353 2497 3397 ut
2536 3344 2788 3411 opinione
2830 3347 3042 3415 metior,
3085 3351 3348 3418 expedisti
3378 3369 3389 3404 :
3415 3352 3554 3421 quod
3601 3353 3770 3408 solum

2199 3432 2290 3487 tibi
2322 3433 2387 3488 ad
2409 3435 2680 3491 silentium
2703 3437 3110 3509 suﬂ‘rag-ibatur.
3139 3442 3290 3498 Nune
3318 3445 3506 3500 stativa
3537 3447 3769 3517 requies.

2196 3526 2335 3596 stylo
2352 3527 2603 3582 etanimo
2627 3529 2897 3586 scribendi
2923 3532 2988 3587 ad
3016 3548 3114 3589 nos
3141 3551 3294 3591 nsum
3319 3538 3572 3593 reformet
3600 3556 3616 3595 :
3649 3540 3772 3595 licet

2194 3618 2304 3676 oris
2350 3620 2427 3675 tui
2472 3621 2714 3689 facultas,
2751 3633 2804 3680 et
2843 3640 2962 3680 cum
3006 3627 3145 3683 viam
3189 3643 3462 3701 carperes,
3504 3632 3771 3689 luculento

2197 3710 2425 3778 potuerit
2452 3711 2609 3767 affatu
2651 3714 2793 3770 sitim
2837 3727 3072 3773 nosuatn
3114 3721 3307 3788 rigare.
3347 3721 3453 3777 Sed
3486 3721 3645 3779 fuerit
3673 3725 3768 3780 tibi

2194 3803 2478 3858 adversum
2517 3806 2726 3875 culpam
2772 3808 3148 3865 taciturnitatis
3185 3813 3251 3866 de
3280 3812 3462 3868 labore
3493 3816 3753 3885 purgatio.

2195 3895 2331 3949 Nihil
2357 3896 2467 3965 jam
2495 3896 2730 3969 suffragii
2763 3910 2947 3964 restat,
2975 3918 3095 3955 cnnt
3126 3911 3182 3958 et
3211 3903 3453 3959 facundia
3480 3945 3495 3969 ,
3526 3922 3646 3974 qua:
3670 3922 3767 3962 nec

2194 3996 2318 4042 ante
2348 3988 2759 4057 impediebatur,
2794 3993 3050 4062 supersit,
3095 4004 3149 4050 cf.
3174 3995 3361 4065 otium,
3389 3997 3529 4068 quod
3559 3997 3765 4055 deside.

2193 4075 2428 4144 rabatur,
2460 4079 2766 4135 accessi-rit.
2797 4080 2945 4137 Vale.

2716 4172 2933 4229 EPIST.
2964 4174 3248 4231 LXXXIV.

2696 4279 3005 4320 ενιιιιιοιιυε
3061 4282 3272 4323 RUFINO.

2262 4355 2472 4425 Sequor
2509 4365 2560 4410 te
2601 4355 2813 4425 litteris,
2860 4358 2980 4428 qttia
3014 4369 3195 4414 mente
3237 4369 3292 4415 et
3333 4361 3612 4418 affectione
3659 4380 3762 4419 non

2187 4447 2399 4502 desero.
2448 4446 2557 4501 Nec
2586 4447 2772 4502 videor
2810 4448 2940 4502 mihi
2981 4447 3090 4503 cito
3129 4448 3245 4504 hinc
3281 4451 3518 4519 arripere
3549 4453 3760 4515 solatia,

2114 4522 2162 4583 Ι)
2187 4551 2308 4591 cum
2339 4537 2512 4592 adhuc
2559 4539 2697 4605 apud
2742 4553 2839 4592 nos
2868 4554 3056 4593 recens
3092 4540 3397 4607 jncunditas
3437 4553 3524 4597 tua
3566 4546 3759 4613 vigeat.

2189 4628 2375 4683 Sentio
2393 4629 2533 4684 enim
2557 4628 2815 4683 bonorum
2835 4630 3227 4698 separationetn
3256 4636 3433 4685 statim
3456 4633 3761 4688 diuturnatn

2190 4721 2381 4776 videti.
2415 4722 2565 4789 Quod
2596 4722 2664 4788 si,
2697 4730 2753 4776 ιιι
2778 4738 3064 4791 praesumo,
3097 4724 3257 4778 etiam
3283 4734 3405 4780 tuus
3431 4726 3643 4780 animus
3666 4742 3761 4781 ex-

2190 4821 2371 4882 pertus
2395 4821 2496 4875 est,
2533 4813 2612 4867 fac
2644 4814 2882 4868 noverim
2917 4813 3162 4869 festinata
3194 4818 3511 4886 scriptorum
3539 4819 3673 4884 vice,
3710 4827 3761 4874 te

2189 4920 2398 4974 quoque
2427 4905 2528 4959 hoc
2552 4903 2888 4960 intervallum
2914 4905 3121 4961 dierum
3147 4908 3361 4977 Iungunt
3390 4906 3755 4976 putare.Vale.

2717 5019 2927 5074 EPIST.
2953 5018 3213 5074 LXXXV.

2688 5125 2996 5165 εϊιιιιιιεῐιυις
3036 5125 3245 5165 ιιινρικο.

2258 5202 2368 5257 Mos
2395 5211 2452 5258 et
2476 5202 2613 5257 ratio
2639 5201 2917 5270 flagitavit,
2959 5210 3017 5253 ut
3044 5212 3328 5254 mansurus
3353 5199 3520 5262 domi,
3544 5203 3752 5257 veniam

2181 5291 2248 5347 de
2278 5291 2655 5362 augustissimo
2694 5290 2933 5359 principe
2975 5290 3215 5358 imperati
3255 5289 3384 5344 mihi
3422 5291 3629 5347 itineris
3660 5308 3754 5362 pn-

2179 5382 2456 5438 stularetn.
2487 5381 2857 5437 Excusationis
2885 5395 3099 5435 causam
3127 5379 3318 5435 litteris
3345 5381 3598 5450 iudicavi,
3618 5400 3752 5454 quas

2181 5476 2331 5529 favor
2372 5483 2494 5529 tuus
2537 5474 2683 5529 molli
2726 5472 2894 5538 aditu,
2935 5481 2990 5528 et
3027 5472 3219 5528 blanda
3258 5474 3574 5530 recitatione
3604 5491 3750 5531 coin-

2181 5565 2416 5620 mendet.
2442 5562 2582 5618 Nihil
2604 5561 2744 5618 enim
2767 5577 3006 5617 ineorum
3033 5562 3151 5617 sine
3175 5563 3299 5617 boni
3321 5570 3580 5635 cujusque
3601 5570 3723 5622 auxi
3740 5597 3753 5607 -

2179 5659 2249 5712 lio
2280 5656 2533 5723 placeret.
2568 5653 2698 5708 lieni
2730 5653 2915 5722 loquor
2939 5652 3187 5706 omnibus
3215 5664 3416 5720 notant,
3445 5655 3571 5710 mihi
3612 5673 3749 5711 nun-

2178 5764 2336 5818 quam
2358 5747 2632 5805 tacendam
2657 5764 2668 5799 :
2698 5752 2795 5804 hoc
2809 5748 2986 5815 amici,
3006 5747 3105 5803 hoc
3125 5748 3297 5802 aemuli
3314 5750 3749 5816 sciunt.Quorutu
