4046 6170
284 315 387 369 221

1499 317 1982 376 EPISTULARIIM
2024 321 2228 377 LIBER
2271 324 2356 379 IV.

3462 306 3569 397 ω

284 430 377 483 alii
401 431 640 499 gaudent
667 442 791 484 esse
831 428 970 498 apud
1023 438 1077 485 te
1116 428 1291 485 locum
1323 429 1552 497 meritis,
1580 432 1669 485 altt
1699 431 1884 486 dolent
1916 443 1964 491 Α
1991 437 2117 500 bus,
2149 435 2215 490 ad
2243 452 2413 491 vicem
2444 438 2671 502 doloris.
2698 455 2855 510 quem
2883 455 3029 495 mors
3052 452 3293 499 tncutere
3320 443 3478 508 solet,
3504 462 3579 501 re'

286 534 398 573 non
426 534 549 574 esse
574 518 803 573 divitiis.
840 519 990 576 Vale.

822 610 1040 665 EPIST.
1071 610 1161 664 LX
1171 609 1337 665 XXVI

814 714 1128 756 BVIIACIIUS
1169 716 1377 757 RUFINO.

354 792 725 861 lntelligebam
757 807 862 847 non
890 806 1012 847 esse
1041 793 1110 846 de
1139 792 1485 861 nihilo,quod
1509 792 1600 847 ditt
1628 808 1656 845 a
1688 794 1883 849 litteris

280 883 647 952 temperabas.
700 883 939 938 Tandem
971 885 1162 952 patuit,
1197 884 1454 952 impedito
1482 900 1578 953 per
1606 884 1882 954 :egritudi-

278 992 407 1031 nem
446 977 596 1039 visu,
633 974 933 1030 ofﬁciorum
970 977 1186 1031 stetisse
1223 977 1526 1029 solertiam.
1569 975 1750 1042 Itaque
1780 989 1880 1044 ego

278 1070 376 1123 illo
417 1069 488 1123 de
524 1069 744 1124 silentio
788 1067 1055 1123 sollicitus
1098 1067 1327 1137 probare
1372 1084 1459 1121 me
1503 1067 1697 1131 fateor,
1735 1068 1875 1136 quod

271 1175 491 1227 aspera:
532 1161 612 1215 rei
643 1161 887 1214 nuntium
931 1174 1100 1228 usque
1138 1160 1205 1213 ad
1246 1160 1493 1213 sanitatis
1534 1168 1638 1213 tua:
1685 1159 1877 1227 gaudia

272 1250 577 1316 distulisti;
617 1267 686 1306 ne
716 1252 784 1307 de
823 1260 878 1307 te
906 1261 1030 1306 ante
1056 1266 1307 1319 caperem
1347 1251 1519 1305 exorti
1549 1250 1875 1304 incommodi

270 1342 726 1406 solticitudiucm,
758 1357 920 1412 quam
949 1343 1295 1396 securitatem
1326 1340 1540 1395 remoti.
1574 1339 1724 1395 Nunc
1750 1341 1874 1410 quia

271 1435 538 1491 valetudo
583 1446 755 1490 tecum
806 1435 859 1489 in
903 1436 1125 1505 gratiam
1171 1433 1333 1503 redit,
1390 1432 1875 1503 ittdulgentioribus

271 1528 495 1598 paginis
535 1529 826 1584 amicitiam
869 1543 1154 1582 munerare
1196 1545 1207 1580 :
1255 1527 1492 1594 alioiiuin
1532 1526 1873 1581 cessantibus

266 1622 461 1675 simile
491 1619 693 1690 aliquid
726 1633 913 1674 l‘lll‘allS
945 1618 1164 1673 timebo.
1199 1618 1305 1673 Sed
1335 1617 1403 1672 de
1432 1617 1534 1672 hoc
1577 1617 1709 1671 satis
1747 1632 1871 1671 ver-

268 1718 475 1768 ho-um
519 1722 619 1768 est.
671 1712 984 1767 Flavianum
1035 1713 1267 1780 pectoris
1308 1712 1412 1766 mei
1451 1712 1749 1775 dominum,
1794 1710 1868 1764 tui

1990 527 2285 581 vereutiam
2336 528 2516 582 saltim
2562 531 2761 584 silentii
2809 532 3140 587 deferamus.
3193 534 3371 601 Quare
3421 549 3580 603 parce

1986 620 2202 690 oblique
2241 623 2380 693 stylo
2409 623 2653 688 caedere,
2694 625 2835 695 quod
2875 626 3167 695 displicere
3213 629 3435 684 auribus
3480 631 3555 684 ttti

1986 714 2155 769 timui.
2206 714 2459 782 Quinimo
2502 732 2602 785 age
2646 716 3111 788 circumspectioni
3154 736 3289 775 mea.-
3336 723 3577 791 gratias,

1983 821 2102 876 quae
2134 807 2238 860 tuis
2262 807 2465 862 salibus
2499 812 2670 863 !orum
2700 810 2842 864 facit.
2877 810 3049 868 Attmc
3073 811 3276 865 utinam
3297 827 3441 880 saepe
3468 813 3566 880 epi-

1982 901 2147 953 stolas
2166 902 2289 967 joco
2316 901 2541 965 scribas,
2567 917 2700 971 quas
2726 917 2887 971 negas
2908 903 3082 958 serio!
3112 903 3249 972 Quid
3273 918 3436 959 avare
3462 913 3570 958 ute-

1983 991 2059 1045 ris
2088 992 2282 1056 ingenii
2314 996 2389 1045 ttti
2413 993 2619 1061 copiis?
2650 994 2857 1049 Vereor
2879 1012 2945 1049 ne
2976 997 3104 1049 mihi
3132 995 3354 1066 posthac
3385 996 3571 1051 utilius

1981 1083 2049 1133 sit
2081 1082 2355 1137 mittendis
2385 1082 2580 1138 litteris
2608 1085 2899 1140 abstinere.
2933 1086 3062 1139 Nam
3093 1087 3390 1155 proximam
3421 1086 3490 1140 de
3521 1096 3568 1142 te

1982 1177 2227 1243 pagittttm
2255 1177 2552 1232 ollensione
2581 1179 2952 1233 taciturnitatis
2976 1178 3156 1234 elicui.
3187 1179 3253 1233 Et
3288 1179 3409 1234 ideo
3431 1195 3566 1247 prte-

1980 1266 2143 1320 stabis
2174 1267 2395 1321 forsitan
2429 1269 2600 1339 culpae
2635 1285 2793 1335 meae,
2823 1270 2964 1339 quod
3007 1286 3113 1324 non
3145 1270 3327 1325 reddis
3354 1270 3566 1326 ofllciis.

1985 1358 2127 1413 VziIe.

2500 1450 2715 1507 EPIST.
2758 1450 3027 1506 LXXXIX

2491 1558 2801 1597 εγηιιΑοιῐυε
2831 1559 3045 1598 RUFINO.

2044 1630 2489 1687 Cnmmendarem
2520 1633 2612 1686 tibi
2647 1633 2955 1687 Flavianum
2986 1634 3153 1689 lilium
3185 1648 3395 1697 meum.
3429 1634 3481 1688 ni
3510 1645 3561 1691 to

1979 1725 2194 1778 volente
2224 1732 2367 1779 esset
2390 1725 2612 1779 accitus.
2640 1723 2779 1778 Nihil
2807 1725 2970 1795 igitur
2999 1733 3092 1779 tuo
3120 1725 3382 1780 beneflcio
3400 1724 3559 1780 dero-

265 1805 509 1872 sociutn,
544 1805 751 1858 haerere
780 1805 962 1857 animo
991 1812 1081 1857 tuo
1103 1818 1270 1871 usque
1291 1802 1358 1855 ad
1384 1803 1746 1871 improborum
1774 1802 1865 1853 do-

1972 1831 2004 1883 g
2024 1814 2128 1869 ibo.
2160 1815 2301 1872 Satis
2324 1823 2408 1870 est
2425 1814 2607 1883 juveni
2632 1830 2752 1871 meo
2773 1816 2839 1869 ad
2862 1825 3232 1883 argumentum
3257 1818 3390 1884 grati
3412 1820 3553 1871 circa

269 1901 477 1957 torem,
510 1895 668 1948 nitnis
706 1895 965 1962 gratulor.
1013 1892 1143 1947 Nam
1193 1907 1338 1962 saepe
1373 1894 1515 1961 apud
1548 1905 1632 1945 me
1666 1891 1735 1945 de
1775 1890 1866 1944 tali

268 1987 518 2041 amicitia
550 1986 813 2055 gloriatur
840 2003 853 2038 :
890 1985 992 2040 hoc
1018 1999 1120 2055 ego
1158 1985 1393 2039 futurum
1422 1993 1549 2038 ante
1581 1997 1868 2052 prospexe-

267 2096 416 2144 rant,
446 2080 676 2134 virtutes
715 2078 991 2147 utriusque
1019 2077 1390 2144 considerans,
1425 2091 1649 2145 quarum
1679 2075 1868 2129 simili-

264 2174 406 2225 tudo
433 2171 781 2225 concordiam
816 2170 963 2224 facit.
997 2169 1061 2222 Et
1085 2169 1207 2222 ideo
1238 2168 1355 2238 plus
1380 2168 1558 2236 gaudii
1582 2181 1738 2236 quam
1767 2167 1864 2220 mi-

263 2265 472 2329 raculi,
500 2270 679 2331 capto,
714 2272 873 2331 teque
896 2276 1015 2326 oro,
1048 2276 1114 2315 ne
1146 2260 1271 2330 quid
1301 2261 1354 2314 in
1393 2260 1528 2313 tales
1555 2259 1759 2313 amicos
1789 2259 1867 2310 fa-

261 2358 432 2411 scino
463 2354 638 2409 liceat.
669 2354 763 2409 llle
809 2355 951 2408 enim
999 2353 1129 2407 mihi
1177 2369 1282 2406 non
1322 2363 1404 2406 est
1445 2350 1733 2421 tot-aridus,
1779 2349 1863 2405 cui

255 2447 415 2501 aliud
438 2446 575 2501 velle
604 2461 711 2500 non
742 2445 982 2511 expedit.
1017 2444 1165 2498 Vale.

781 2534 998 2591 EPIST.
1038 2534 1345 2590 LXXXVII.

791 2641 1103 2682 δῑιιιιλοιιυε
1129 2640 1343 2680 RUFINO.

344 2720 531 2790 Longo
559 2718 820 2773 orationis
859 2716 1061 2772 ambitu
1096 2716 1541 2784 commettdentur
1584 2714 1858 2783 incogniti.

254 2810 555 2869 chcriani
572 2821 746 2865 autem
768 2807 829 2863 C.
859 2808 921 2861 V.
945 2807 1160 2874 merita,
1176 2822 1395 2861 annosae
1415 2806 1617 2861 militiae
1641 2806 1858 2874 probata

254 2901 634 2969 documentis,
666 2901 998 2956 elaboratum
1024 2900 1393 2955 testimonium
1425 2914 1529 2953 nou
1554 2899 1857 2967 requirunt.

255 2998 577 3065 Principcm
607 2995 780 3048 locum
804 2992 1052 3062 regendis
1075 2991 1409 3060 prefecturae
1429 2991 1647 3046 urbanae
1670 2992 1858 3045 cohor-

260 3092 426 3147 tibus
455 3089 715 3153 obtinuit;
747 3088 797 3140 in
829 3086 1074 3141 ordinem
1106 3086 1432 3141 senatorium
1463 3085 1578 3154 lege
1608 3083 1858 3140 transcri-

254 3195 395 3254 plus
414 3192 519 3238 est.
554 3181 756 3242 Restat.
787 3190 844 3234 ut
866 3189 985 3247 post
1004 3178 1316 3247 dignitatem
1344 3176 1531 3241 curiae.
1554 3192 1673 3245 qua:
1695 3176 1863 3230 bono-
1887 3164 1935 3228 C

254 3279 426 3335 ribus
457 3275 627 3346 major
654 3283 760 3340 est,
789 3276 951 3329 etiam
981 3273 1116 3342 reip.
1144 3270 1454 3341 provinciali
1482 3269 1756 3338 specimen
1778 3270 1859 3324 sui

256 3372 551 3442 palleat:
576 3368 719 3438 quod
772 3368 1007 3423 futurum
1054 3365 1379 3427 arbitratur,
1422 3364 1467 3417 si
1508 3362 1710 3418 domini
1752 3362 1858 3417 mei

260 3462 511 3531 pra-fecti
535 3459 664 3516 Urbi
696 3474 858 3529 super
892 3458 995 3514 hoc
1023 3457 1229 3514 litteras
1264 3466 1545 3527 promptus
1568 3456 1853 3525 stipulator

258 3552 567 3624 adjuveris.
602 3550 753 3607 Vale.

775 3640 994 3697 EPIST.
1037 3638 1369 3695 LXXXVIII.

795 3750 1100 3790 SYIIACIIUS
1128 3749 1344 3789 RUFINO.

333 3827 625 3885 Silentium
657 3842 833 3883 meum
863 3825 931 3881 de
955 3839 1183 3881 excessu
1211 3824 1344 3881 civis
1381 3825 1607 3883 Emeriti
1638 3825 1861 3896 lepidis-

258 3923 405 3974 εἰπιο
440 3928 760 3989 argumento
787 3917 1028 3986 epistola:
1054 3919 1415 3975 momordisti.
1444 3918 1575 3975 Nam
1603 3920 1731 3990 quid
1767 3935 1860 3975 es-

260 4010 491 4077 cngitari
524 4008 749 4065 lacetius
773 4008 966 4078 potuit,
996 4008 1059 4062 ad
1090 4009 1492 4079 castigationem
1528 4012 1796 4081 supptessi
1830 4026 1858 4064 a

264 4118 355 4156 tt-e
377 4100 577 4164 nuntii,
607 4115 768 4169 quam
793 4112 849 4154 ttt
868 4099 1021 4157 Caelii
1048 4100 1246 4155 montis
1271 4102 1536 4157 habitator
1553 4103 1861 4159 adventitiis

264 4191 470 4246 litteris
491 4190 674 4246 Romae
693 4193 1116 4258 cognostrercm?
1146 4192 1251 4248 Sed
1281 4193 1407 4248 mihi
1426 4194 1611 4261 judicii
1638 4196 1710 4248 tui
1738 4211 1860 4263 spe-

265 4295 413 4337 ctata
443 4283 679 4351 gravitas
716 4281 927 4336 induxit
960 4282 1295 4350 religionem.
1334 4284 1495 4339 Metui
1532 4285 1727 4354 quippe
1765 4286 1857 4338 tibi

264 4374 574 4443 huiusmodi
602 4372 803 4427 indicio
826 4374 979 4428 laetus
1002 4374 1189 4428 videri.
1214 4373 1333 4430 Scis
1355 4376 1701 4431 humanitatis
1724 4378 1860 4431 hanc

265 4478 396 4518 esse
434 4464 722 4527 rationem,
756 4474 809 4517 ut
847 4477 1030 4531 parum
1064 4463 1321 4531 probatis,
1349 4473 1404 4520 et
1439 4474 1566 4521 ante
1599 4466 1859 4522 discordi-

1972 1916 2025 1959 te
2053 1906 2241 1969 animi,
2264 1905 2403 1973 quod
2434 1905 2501 1961 de
2538 1907 2729 1961 litteris
2758 1907 2995 1975 parentis
3026 1921 3129 1961 nou
3159 1904 3380 1975 requirit
3405 1918 3553 1960 auxi-

1971 1996 2120 2050 lium.
2166 1997 2296 2050 Puto
2330 2006 2504 2051 tamen
2547 1997 2836 2051 convenire
2879 1996 3092 2064 pietati,
3125 2004 3182 2051 ut
3227 2011 3314 2049 tne
3340 2006 3553 2064 quoque

1967 2090 2084 2156 ejus
2125 2092 2340 2144 nomine
2370 2090 2463 2144 tibi
2496 2090 2661 2145 fatear
2700 2089 3015 2160 obligatum.
3066 2089 3141 2144 Et
3187 2103 3296 2159 quo
3336 2088 3448 2151 fiet.
3494 2095 3557 2141 ut

1970 2183 2115 2246 plura
2140 2182 2194 2235 in
2216 2198 2337 2237 eum
2367 2196 2626 2250 congeras
2651 2181 2811 2235 studii
2836 2182 2910 2235 tui
2935 2194 3177 2245 munera,
3206 2194 3305 2249 pro
3328 2194 3432 2243 quo
3456 2176 3553 2232 tibi

1968 2291 2072 2327 nun
2099 2288 2237 2327 unus
2263 2272 2407 2327 ohuo
2428 2275 2528 2326 .ius
2563 2282 2665 2324 est.
2704 2271 2849 2325 Vale.

2577 2383 2793 2439 EPIST.
2835 2381 2947 2437 XC.

2491 2488 2797 2530 SYIIIIACHUS
2822 2488 3036 2529 RUFINO.

2036 2570 2193 2639 Saepe
2221 2568 2350 2623 milii
2392 2578 2579 2622 auctor
2622 2566 2844 2632 laetitiae,
2887 2575 2979 2620 aut
3005 2562 3230 2636 primus,
3273 2570 3366 2618 aut
3397 2562 3545 2617 solus

1962 2679 2059 2729 es;
2088 2673 2410 2733 quaistorem
2432 2660 2659 2715 antehac
2681 2659 2923 2725 fratrem,
2952 2672 3094 2713 nunc
3116 2668 3379 2711 rectorem
3409 2669 3545 2722 prte-

1964 2756 2233 2811 torianum
2268 2753 2462 2808 litteris
2493 2750 2768 2806 nuntiasti.
2802 2750 2856 2803 In
2896 2748 3146 2803 omnibus
3184 2760 3312 2813 ergo
3349 2743 3542 2798 litteris

1966 2850 2069 2904 tuis
2095 2862 2286 2916 magna
2323 2847 2498 2913 aliqua
2529 2842 2633 2898 mei
2662 2842 2838 2912 gaudii
2867 2854 3027 2895 causa
3057 2849 3159 2894 est.
3207 2837 3367 2903 Quid,
3399 2836 3539 2904 quod

1963 2955 2019 2999 et
2042 2944 2152 3013 ipsa
2182 2940 2343 2996 verba
2366 2937 2661 3001 luxuriant,
2683 2945 2739 2991 et
2762 2934 2926 2991 animi
2950 2934 3031 2989 sui
3063 2931 3393 2988 alacritatem
3418 2927 3543 2999 styli

1965 3034 2137 3088 nitore
2165 3029 2462 3088 testantur?
2489 3028 2613 3083 Haec
2640 3042 2761 3081 cum
2793 3025 3012 3097 paribus
3039 3037 3252 3092 aequare
3281 3036 3386 3075 non
3420 3035 3545 3089 pns-

1966 3125 2092 3189 sim,
2116 3130 2243 3176 voto
2267 3120 2448 3175 divina
2470 3116 2753 3182 convenio,
2782 3124 2841 3171 ut
2870 3116 3081 3170 lnrtuna
3105 3114 3433 3183 optimorum
3460 3110 3542 3165 vi-

1967 3228 2146 3271 rorum
2170 3225 2384 3281 semper
2413 3218 2518 3265 tua:
2543 3207 2782 3265 felicitati
2810 3218 2958 3278 grata
2990 3204 3080 3260 sit.
3109 3204 3258 3260 Vale.

2548 3341 2763 3397 EPIST.
2804 3339 2939 3395 XCI.

2484 3447 2790 3491 SYﬂIACHUS
2819 3445 3028 3486 ιιυῐιδο.

2034 3553 2302 3608 Probitate
2331 3559 2385 3606 et
2422 3548 2626 3603 honore
2675 3544 3000 3615 pollentibus
3046 3541 3174 3598 viris
3218 3540 3351 3595 nihil
3400 3539 3548 3594 addit

1963 3645 2140 3700 aliena
2169 3644 2362 3698 oratio.
2405 3640 2513 3696 Sua
2543 3640 2687 3693 enim
2717 3638 2833 3693 luce
2862 3634 3138 3704 conspicui
3173 3631 3432 3704 precariis
3462 3641 3547 3685 te-

1962 3735 2225 3791 stimoniis
2259 3748 2362 3789 non
2391 3733 2667 3802 iuvantur.
2698 3728 2885 3799 Qualis
2923 3728 3083 3797 igitur
3112 3735 3447 3795 quantusque
3476 3723 3549 3778 sit

1962 3828 2215 3882 dom'nus
2260 3836 2314 3879 et
2358 3824 2530 3880 frater
2555 3836 2729 3888 meus,
2763 3820 2816 3875 in
2846 3827 3034 3889 aperto
3060 3825 3164 3873 est.
3206 3815 3397 3871 Merito
3431 3813 3549 3883 ejus

1965 3919 2209 3975 laudibus
2239 3924 2480 3972 nostrum
2520 3914 2663 3970 cedit
2700 3912 2993 3981 ingenium.
3025 3909 3136 3964 lloc
3164 3921 3328 3962 unum
3359 3916 3542 3961 tamen

1962 4011 2391 4084 prmtcreundum
2418 4023 2524 4064 non
2551 4016 2701 4079 puto,
2728 4019 2991 4061 summam
3015 4003 3144 4058 mihi
3169 4011 3291 4056 eum
3314 4000 3407 4056 illo
3427 4012 3549 4054 esse

1961 4104 2260 4159 ofﬁciorum
2309 4100 2648 4155 familiarium
2691 4096 3003 4151 societa'em
3046 4108 3211 4163 :quac
3250 4106 3339 4146 res
3381 4091 3545 4146 etiam

1962 4195 2057 4249 tibi
2085 4194 2291 4249 minora
2321 4190 2509 4246 merita
2541 4189 2853 4257 plerumque
2880 4183 3242 4241 commendat.
3274 4180 3429 4238 Unde
3449 4193 3536 4232 ar-

1963 4285 2131 4338 bitror
2149 4299 2213 4338 ex
2245 4280 2530 4335 abundanti
2558 4288 2856 4347 promptam
2887 4274 3005 4329 fore
3030 4275 3083 4328 itt
3112 4286 3245 4353 eum_
3262 4269 3541 4340 praeclara:

1963 4389 2067 4430 ture
2093 4374 2285 4429 mentis
2306 4371 2662 4433 affectionem,
2687 4382 2845 4437 quam
2871 4366 2948 4420 illi
2971 4373 3023 4420 et
3044 4364 3211 4418 decus
3232 4360 3543 4431 proprium.

1962 4476 2017 4523 et
2046 4482 2178 4521 mete
2203 4462 2454 4519 amicitiae
2483 4459 2832 4531 prmrogativa
2856 4456 3126 4512 conciliat.
3159 4453 3314 4510 Vale.

1922 4582 3523 4613 ______________.__.____—

1226 4686 1704 4795 LIBER
1794 4628 2602 4815 QUARTUS.

767 4847 1098 4906 EPISTOLA
1142 4848 1301 4903 Plllll
1315 4856 1347 4901 λ
1362 4889 1374 4901 .

763 4957 1075 4998 SYIIACIIUS
1100 4955 1380 4997 STILICONI.

354 5034 445 5089 Diu
468 5036 683 5091 siluisse
711 5050 799 5088 me
830 5034 1023 5097 fateor,
1054 5044 1112 5087 ut
1141 5032 1390 5086 liduciam
1422 5030 1694 5086 scribendi
1742 5041 1863 5086 tuus

275 5140 455 5182 sermo
496 5136 801 5197 prastarct.
834 5126 941 5180 Sed
980 5140 1101 5179 cum
1142 5124 1537 5195 perspicerem,
1589 5139 1690 5178 nec
1734 5124 1860 5178 dum

276 5218 389 5273 ullo
414 5220 765 5273 invitamento
790 5216 956 5272 oftlcii
986 5217 1265 5287 provocari
1289 5231 1305 5280 ;
1339 5215 1487 5285 prior
1513 5214 1566 5270 itt
1591 5215 1753 5269 verba
1776 5231 1863 5268 sa-

276 5310 546 5365 lutationis
567 5311 743 5378 erupi,
775 5312 1061 5379 plurimum
1104 5321 1322 5378 rogans,
1355 5317 1413 5361 ttt
1436 5307 1666 5376 exempli
1712 5308 1864 5362 istius

278 5403 512 5456 imitator
536 5416 661 5456 esse
691 5401 949 5469 digneris.
981 5399 1130 5454 Vale.

765 5491 984 5549 EPIST.
1026 5490 1088 5545 Il.
1130 5489 1231 5546 CS.
1272 5488 1375 5545 CS.

354 5586 602 5641 Abundat
636 5585 926 5641 Flavianus
966 5583 1109 5638 filius
1138 5597 1312 5649 meus,
1353 5582 1418 5636 ad
1452 5579 1862 5651 promerendam

280 5681 708 5734 aonciliatinnetn
739 5679 1023 5741 bonorum,
1051 5677 1165 5732 suis
1191 5675 1535 5747 paternisque
1573 5673 1858 5743 sttII'ragiis.

279 5769 391 5825 Sed
417 5773 638 5829 interest
666 5768 886 5839 amoris,
924 5784 1081 5838 quem
1108 5783 1232 5826 vere
1273 5766 1483 5839 pignori
1514 5779 1633 5821 meo
1658 5766 1861 5832 debeo;

1899 4852 1950 4913 D
1977 4864 2044 4903 ne
2082 4850 2209 4904 dum
2239 4848 2442 4902 meritis
2478 4846 2619 4899 illius
2657 4842 2790 4898 nihil
2826 4843 3018 4898 deesse
3041 4836 3400 4910 contemplor,
3433 4836 3552 4892 ofﬁ-

1963 4943 2104 4997 cium
2136 4941 2372 5011 parentis
2403 4940 2670 4993 omittam.
2700 4935 2859 4990 Facio
2881 4936 3059 5004 igitur,
3092 4931 3234 5002 quod
3263 4930 3548 4997 redundet,

1966 5043 2021 5088 et
2046 5034 2316 5087 cumulum
2347 5032 2565 5098 impono
2594 5026 2862 5096 perfectis.
2897 5026 2963 5077 Et
2992 5025 3091 5079 ltoc
3117 5024 3183 5077 ad
3219 5024 3551 5092 conjttngen-

1966 5123 2092 5178 dum
2122 5122 2372 5177 Flaviano
2401 5134 2521 5173 meo
2557 5118 2883 5188 praestantiae
2913 5126 3016 5169 tu:e
3047 5114 3285 5169 animum
3327 5115 3550 5167 multum

1967 5214 2130 5270 credo
2170 5214 2455 5266 valiturum
2486 5209 2645 5278 :quia
2688 5209 2819 5262 mihi
2863 5222 2958 5275 pro
3000 5205 3262 5261 beneficio
3304 5206 3554 5273 intelligis

1970 5305 2361 5377 imputandum,
2388 5302 2527 5371 quod
2560 5299 2634 5353 illi
2664 5299 2781 5354 solo
2804 5298 3006 5367 judicio
3034 5297 3343 5353 detulisses.
3366 5296 3496 5349 Vale

2447 5391 2659 5446 EPIST.
2703 5389 2789 5444 IlI.
2829 5388 2927 5442 CS.
2968 5385 3073 5444 CS.

2044 5487 2137 5541 Vir
2163 5482 2473 5555 spectabilis
2501 5482 2744 5546 Rufinus,
2774 5491 2829 5536 et
2872 5481 2924 5534 in
2950 5480 3154 5536 ordinis
3184 5476 3349 5533 nostri
3378 5476 3530 5530 lectis

1972 5584 2104 5637 sima
2136 5589 2287 5647 parte
2314 5576 2646 5645 censendus,
2689 5590 2811 5630 cum
2855 5575 2906 5629 in
2946 5571 3202 5641 obsequia
3243 5569 3336 5624 tibi
3377 5568 3553 5625 debita

1972 5681 2239 5743 pergeret,
2272 5670 2512 5726 invidere
2541 5684 2600 5724 se
2624 5668 2753 5723 mihi
2778 5662 3016 5729 credidit,
3048 5665 3148 5718 nisi
3181 5670 3362 5717 nostra
3385 5662 3553 5717 susci-

1971 5774 2144 5834 perct.
2191 5762 2353 5833 Igitur
2382 5778 2410 5819 a
2443 5776 2527 5819 me
2563 5753 3103 5818 reddendam‘defert
3145 5755 3552 5814 salutationem.
