4074 6176
497 277 603 334 ῖιῑὶξέ

1639 289 1703 350 Q.
1748 283 2094 342 AUIlEleS
2133 283 2575 347 ειίιιιιιοιιυδ.

3661 301 3764 354 925

499 411 657 464 quam
687 397 779 452 tibi
811 415 952 469 saepe
981 401 1266 466 deferrem,
1289 402 1334 456 si
1355 413 1494 457 esset
1533 401 1684 456 facile
1704 400 1910 455 similes
1941 400 2082 452 inve—
2109 399 2154 456 Α
2185 401 2324 464 quod
2367 417 2489 456 cum
2535 405 2628 458 illo
2673 405 2845 461 honor
2881 408 3110 465 amissus
3155 412 3376 466 revertit
3421 413 3473 466 iu
3513 415 3762 482 gratiam.

501 501 638 544 utre.
671 489 843 547 Rarus
877 491 1035 563 igitur
1060 502 1144 548 est
1175 508 1381 559 sermo,
1413 495 1538 563 quia
1578 509 1698 547 rara
1727 503 1809 547 est
1844 493 1965 548 talis
1993 506 2084 546 oe-

502 581 669 636 easio.
701 583 775 637 De
797 583 912 654 ipso
940 585 1070 639 nihil
1097 586 1345 642 dicimus.
1373 587 1542 642 Meriti
1564 586 1707 641 enim
1729 585 1930 655 proprii
1949 599 2084 639 eon-

504 672 668 738 scius,
700 675 1030 742 suspiciones
1059 678 1241 745 gratiae
1288 678 1446 748 fugit,
1490 687 1544 731 et
1583 677 1636 731 in
1668 691 1892 732 examen
1935 684 2082 730 tuum

504 763 722 818 veniens
767 782 870 820 non
914 769 1026 821 vult
1059 769 1141 822 sui
1181 770 1708 826 commendationem
1757 769 1880 825 testi
1913 768 2085 838 magis

505 852 703 910 debere
733 872 892 926 quam
912 853 1101 928 judici.
1135 861 1283 916 Vale.

1129 955 1342 1008 EPIST.
1390 954 1475 1008 IV.

991 1058 1299 1100 εγιιιιλοιιυε
1325 1062 1602 1101 ετιιιοοκι.

575 1128 714 1196 Quid
763 1131 832 1187 de
877 1133 1129 1189 Afrorum
1176 1137 1363 1192 dolore
1401 1147 1456 1193 et
1497 1138 1805 1192 militarium
1851 1137 2087 1192 virorum

505 1224 736 1290 querelis
764 1226 1039 1280 consultus
1076 1241 1342 1298 praacepto.
1373 1242 1528 1283 sacro
1559 1229 1921 1298 amplissimus
1955 1227 2090 1283 ordo

505 1316 800 1378 censuerit,
833 1317 986 1384 plane
1011 1331 1168 1388 atque
1189 1331 1371 1390 aperte
1399 1331 1674 1388 gestorum
1698 1321 1980 1376 curialium
2007 1323 2086 1374 in-

507 1404 780 1469 spectione
809 1421 1120 1473 cognoscis.
1144 1408 1246 1463 Sed
1270 1410 1391 1479 quia
1415 1426 1498 1463 me
1515 1426 1728 1480 quoque
1758 1410 2091 1464 familiariter

509 1492 737 1548 indicem
765 1507 928 1564 gestae
970 1500 1042 1550 rei
1072 1513 1193 1553 esse
1228 1499 1452 1567 jussisti,
1487 1501 1792 1555 summatim
1836 1517 1954 1570 qua:
1999 1502 2091 1556 de-

507 1593 652 1639 creta
685 1597 807 1640 sunt
838 1604 940 1641 non
976 1591 1180 1644 tacebo.
1212 1589 1392 1646 Lectis
1435 1591 1637 1645 domini
1667 1592 1834 1646 nostri
1869 1593 2089 1646 Honorii

509 1678 644 1747 Aug.
687 1679 877 1734 litteris
911 1691 1070 1749 atque
1107 1684 1410 1751 sententiis,
1453 1683 1800 1751 decursisque
1841 1685 2091 1738 omnibus

2186 492 2413 548 Senatus
2463 495 2692 566 bonique
2733 514 2940 563 omnes,
2990 501 3125 556 hanc
3164 504 3303 556 inter
3340 519 3400 559 se
3439 505 3757 572 partiuntur.

2185 582 2442 649 Quocirca
2482 588 2706 641 arduum
2747 599 2850 654 est,
2893 603 2940 642 ut
2984 594 3141 646 unius
3187 608 3367 647 sermo
3407 605 3758 664 compenset,

2186 675 2325 743 quod
2354 687 2618 731 tantorum
2641 679 2852 735 affectio
2873 686 3157 738 contraxit.
3187 685 3346 740 Dabis
3369 687 3526 756 igitur
3547 692 3760 742 veniam

2187 781 2283 834 pro
2308 774 2360 820 te
2402 781 2566 835 pauca
2615 769 2832 825 dicenti.
2878 773 3047 840 Majtts
3077 775 3328 844 quiddam
3373 787 3457 832 est
3501 778 3762 834 honorem

2187 856 2470 911 restituere
2499 874 2656 927 quam
2684 861 2915 919 dedisse.
2953 865 3074 920 Ilaec
3103 867 3244 921 enim
3270 869 3380 921 ﬁeri
3406 868 3613 924 fortuna
3635 886 3760 926 con-

2185 947 2343 1001 sentit
2368 967 2380 1000 :
2403 949 2526 1003 illud
2551 960 2733 1006 contra
2758 954 2924 1016 ipsam
2950 967 3166 1021 prtestat
3195 961 3514 1015 humanitas.
3546 961 3761 1017 Praemi-

2188 1048 2332 1092 serat
2357 1040 2454 1094 alia
2494 1047 2739 1111 exempla
2783 1047 3081 1102 clementia:
3113 1061 3358 1117 receptus
3393 1053 3533 1108 caelo
3565 1056 3756 1122 princi-

2191 1145 2314 1199 pum
2347 1147 2560 1204 parens,
2584 1145 2635 1189 et
2668 1137 2921 1193 Flaviano
2951 1155 3071 1195 meo
3098 1143 3258 1195 multa
3286 1145 3500 1200 casihus
3526 1146 3766 1202 detracta

2190 1223 2512 1280 reddiderat.
2547 1227 2866 1284 Reservatus
2894 1243 2976 1286 est
3004 1249 3141 1287 unus
3170 1245 3224 1289 et
3267 1239 3574 1304 potissimus
3617 1240 3769 1294 boni-

2194 1317 2316 1371 tatis
2345 1318 2527 1372 titulus
2561 1320 2781 1390 haeredi,
2815 1339 2971 1393 quem
3008 1329 3389 1398 magnitudinis
3421 1339 3526 1386 ture
3560 1336 3767 1390 monitu

2193 1411 2432 1477 paternis
2462 1412 2734 1467 beneficiis
2764 1415 3013 1471 dominus
3044 1419 3313 1476 llonorius
3351 1422 3566 1492 adjecit,
3597 1425 3766 1482 inter-

2195 1509 2434 1565 pretatus
2461 1503 2668 1559 scilicet
2697 1505 2824 1559 divo
2866 1507 3092 1577 principi
3126 1519 3354 1579 tempus,
3385 1528 3490 1568 non
3535 1516 3770 1571 animum

2192 1590 2446 1648 defuisse.
2489 1595 2639 1650 Nune
2679 1597 2915 1664 perfecta
2944 1607 3070 1653 sunt
3099 1616 3126 1653 a
3154 1616 3468 1659 successore
3506 1608 3773 1661 consimili

2193 1680 2488 1751 interrupta
2523 1684 2630 1738 fato
2651 1702 2814 1752 opera
2844 1688 3163 1744 clementiam
3199 1691 3483 1761 Fastigium
3508 1696 3772 1764 quoddam

512 1771 747 1839 paginis’
785 1788 903 1840 qua;
934 1773 1175 1830 Cimonis
1205 1774 1432 1830 crimina
1467 1775 1837 1840 continebant,
1869 1790 1966 1843 par
1995 1775 2095 1829 bo-
2126 1752 2174 1811 Β
2201 1771 2504 1828 lenissimus
2524 1784 2576 1828 et
2601 1779 3010 1844 augustissimus
3032 1781 3278 1850 princeps
3300 1786 3492 1850 emptis
3516 1789 3776 1855 genitoris

511 1875 700 1914 norum
735 1871 910 1916 motus
941 1865 1138 1933 erupit.
1168 1866 1407 1920 Consulti
1451 1867 1609 1936 igitur
1641 1867 1694 1920 in
1727 1875 1916 1921 senatu
1948 1881 2098 1921 more

513 1951 777 2020 majorum
809 1954 1017 2024 (neque
1046 1957 1188 2010 enim
1217 1957 1455 2025 legitimo
1478 1958 1665 2012 ordine
1691 1957 1878 2027 judicii
1908 1966 2094 2011 aucto-

512 2044 642 2097 ritas
671 2054 815 2100 stare
843 2048 1153 2115 potuisset),
1189 2048 1388 2118 ingenti
1429 2065 1606 2104 causa;
1635 2048 1844 2104 devotis
1881 2056 2099 2103 senten-

517 2133 603 2187 tiis
644 2134 1019 2191 satisfecinuzs.
1064 2139 1284 2206 Adjecta
1317 2151 1393 2194 est
1425 2150 1544 2208 post
1577 2140 1656 2195 rei
1700 2139 2095 2194 damnationem

520 2241 614 2294 pro
642 2227 910 2284 alimentis
941 2233 1118 2299 populi
1147 2232 1302 2285 Rom.
1330 2234 1665 2302 supplicatio.
1699 2234 1756 2287 in
1786 2243 1927 2288 metu
1953 2234 2095 2288 enim

519 2333 727 2386 sumus,
761 2336 826 2374 ne
856 2321 998 2375 obsit
1019 2325 1405 2378 commeatibus
1437 2325 1747 2379 annonariis
1774 2325 1932 2379 medii
1965 2333 2100 2379 tem-

517 2410 660 2477 poris
703 2423 872 2474 mora,
905 2421 960 2465 et
991 2412 1317 2480 perturbatio
1353 2414 1520 2480 plebis
1561 2416 1784 2468 oriatur.
1836 2415 2023 2469 Veniet
2044 2414 2096 2468 in

519 2516 711 2557 manus
738 2512 871 2565 tuas,
907 2501 1032 2572 quid
1062 2508 1536 2574 pronuntiaverim.
1581 2507 1839 2575 Reperies
1878 2516 1932 2561 et
1973 2506 2098 2563 facti

520 2590 688 2660 hujus
713 2609 798 2646 me
838 2595 1136 2650 asseruisse
1171 2596 1460 2665 juStitiam,
1500 2609 1553 2654 et
1588 2598 1727 2667 apud
1757 2599 1820 2653 D.
1855 2609 2096 2653 nostrum

519 2681 807 2736 Arcadium
839 2698 1054 2738 causam
1093 2687 1316 2754 publica:
1347 2689 1522 2756 egisse
1551 2687 1874 2744 concordiae.
1914 2689 2059 2744 Vale.

1153 2777 1364 2834 EI’IST.
1412 2778 1473 2832 V.

1000 2884 1308 2925 εγιιιιιιριιυε
1338 2888 1615 2928 STIIJCONI.

589 2957 1119 3016 Commendatiunem
1167 2978 1271 3017 non
1313 2963 1612 3031 desiderat,
1653 2967 1740 3036 qui
1773 2965 1836 3020 ad
1869 2965 2100 3037 agendas

507 3035 714 3119 gratias
747 3053 936 3121 pergit.
979 3053 1044 3106 Et
1075 3054 1194 3109 ideo
1235 3053 1522 3110 Flavianus
1565 3057 1702 3111 filius
1745 3035 2098 3114 meus—fretus

516 3141 763 3196 culminis
793 3143 866 3196 tui
903 3143 1174 3197 beneficiis
1211 3144 1349 3199 levat
1375 3146 1672 3200 istiusmodi
1701 3146 1882 3202 labore
1904 3163 2088 3202 curam

519 3233 771 3300 parentis.
812 3232 1012 3298 ReSIat,
1046 3242 1103 3288 ut
1131 3236 1382 3304 scribam,
1415 3237 1553 3306 quod
1587 3237 1728 3294 illius
1762 3255 1943 3294 coram
1976 3257 2099 3310 gra-

517 3323 703 3378 tulalio
731 3337 1015 3393 sequetur,
1050 3326 1180 3381 nihil
1225 3343 1344 3383 esse
1372 3328 1438 3382 ad
1484 3331 1826 3399 integrandas
1859 3330 2101 3386 fortunas

518 3417 790 3471 hominum
816 3417 1095 3472 virtutibus
1118 3419 1222 3473 tuis
1246 3422 1559 3489 promptius.
1593 3422 1923 3479 Reddideras
1949 3425 2100 3478 ineli-

518 3515 700 3561 natum
730 3508 1007 3575 pristinum
1047 3519 1278 3579 statum,
1311 3522 1366 3567 et
1395 3513 1667 3580 putabaris
1698 3520 2101 3586 consumpsisse

519 3597 838 3664 praestanda.
863 3599 1013 3655 Nunc
1039 3600 1243 3669 adjecta
1275 3615 1356 3657 est
1384 3605 1430 3658 ei
1459 3603 1791 3659 honorabilis
1831 3609 2096 3661 evocatio.

515 3702 673 3756 quam
715 3690 1002 3744 testitn0uii
1038 3693 1110 3745 ιιιί
1149 3693 1283 3760 juvit
1312 3697 1623 3752 auctoritas.
1670 3697 1852 3752 Novos
1898 3698 2102 3754 benefi-

515 3781 720 3834 ciorum
751 3781 948 3850 gradus
985 3783 1208 3848 invenis,
1243 3793 1296 3839 et
1322 3785 1716 3840 inconstantem
1761 3799 1918 3856 putas
1945 3804 2098 3844 arno-

425 3931 434 3938 _
516 3884 652 3936 rem,
695 3871 782 3939 qui
824 3870 1151 3927 incrementa
1183 3888 1288 3928 non
1319 3876 1544 3945 accepit.
1590 3877 1633 3931 Ο
1678 3877 1850 3934 felicis
1895 3879 2100 3948 ingenii

519 3960 930 4031 benignitatem!
963 3964 1100 4032 Quid
1128 3967 1384 4024 Flaviano
1415 3986 1537 4024 meo
1558 3974 1790 4040 amplius
1820 3975 1980 4030 velim
2005 3991 2102 4029 ne-

516 4051 650 4118 scio,
681 4067 800 4109 cum
834 4065 886 4109 ιιι
915 4068 1106 4124 sponte
1135 4074 1469 4126 praecurrens
1513 4063 1849 4132 impudentes
1888 4080 1987 4120 nos
2020 4067 2098 4121 fa-

517 4143 630 4200 cias
657 4147 933 4214 aestimari,
961 4147 1006 4203 si
1033 4149 1207 4204 adhuc
1227 4153 1426 4221 aliquid
1457 4165 1726 4222 Optamus.
1756 4156 1906 4212 Vale.

1143 4243 1357 4299 EPIST.
1396 4245 1485 4300 Vl.

1001 4347 1308 4390 SYMNACIIUS
1336 4349 1617 4392 STILICONI.

595 4419 913 4477 Evcctiones
944 4423 1261 4490 impetrasse
1289 4442 1374 4481 me
1407 4428 1636 4498 gaudeo,
1673 4429 1865 4498 quibus
1901 4440 2100 4498 prmtu-

524 4527 637 4564 rain
668 4511 758 4564 filii
789 4513 916 4578 n‘iei,
952 4515 1149 4569 virtute
1173 4531 1274 4584 qua
1307 4521 1494 4586 polles,
1519 4520 1708 4588 juvare
1739 4522 1986 4592 dignatus
2016 4537 2096 4578 es.

525 4599 712 4654 ltestat
741 4613 794 4654 ut
823 4605 1064 4658 cumules
1089 4621 1207 4674 quae
1235 4609 1498 4676 magnifici
1525 4612 1685 4666 animi
1711 4616 2100 4672 consuetudine

520 4691 835 4761 praestitisti,
862 4703 916 4747 et
941 4693 1227 4751 familiares
1251 4714 1400 4754 meos
1427 4701 1477 4755 in
1509 4701 1782 4771 Hispania,
1815 4707 2006 4762 missos
2027 4709 2097 4760 ob

520 4795 778 4850 equorum
809 4783 1073 4838 curulium
1112 4791 1539 4855 coemptionem,
1570 4803 1935 4851 transcurrere
1976 4813 2099 4864 pro-

521 4873 893 4943 tinusjubeas,
913 4877 1036 4946 quia
1070 4887 1309 4949 tempore
1339 4881 1529 4937 futurae
1556 4885 1804 4940 editionis
1827 4903 2096 4957 urgemur.

519 4962 650 5016 Illud
679 4975 855 5019 autem
897 4968 962 5022 de
993 4977 1042 5023 te
1071 4980 1253 5038 petere
1292 4987 1396 5026 non
1434 4973 1625 5039 audeo,
1660 4975 1753 5030 sed
1795 4987 1886 5030 tuo
1929 4980 2097 5033 relin-

519 5069 626 5123 quo
658 5055 889 5124 judicio,
923 5071 990 5114 an
1022 5061 1267 5115 effectum
1298 5063 1548 5118 desiderii
1582 5069 1681 5120 mei
1714 5068 1852 5122 datis
1877 5070 1940 5122 ad
1970 5071 2103 5125 ami-

517 5160 610 5201 cus
634 5147 832 5204 litteris
861 5153 1140 5221 praecipias
1170 5153 1434 5222 adjuVari.
1471 5157 1618 5212 Vale.

1119 5244 1332 5300 EPIST.
1381 5246 1490 5301 Vll.

998 5352 1310 5393 εγιιιι.ιειιυ8
1340 5356 1614 5396 ετιωοοκι.

585 5426 818 5495 Agendis
841 5427 934 5483 tibi
963 5431 1147 5498 gratiis
1179 5447 1274 5498 pro
1303 5433 1556 5488 Flaviano
1582 5435 1692 5489 filio
1721 5450 1865 5503 meo,
1902 5452 2098 5506 usque-

481 5533 717 5594 .quaque
740 5519 996 5589 imparem
1022 5537 1108 5577 me
1130 5525 1325 5578 sentio.
1363 5524 1568 5580 Etcum
1602 5528 1709 5581 sint
1740 5528 1905 5583 verba
1931 5531 2094 5584 rebus

515 5608 775 5677 faciliora,
816 5611 1059 5667 beneficii
1107 5614 1179 5667 tui
1228 5616 1646 5683 magnitudinem
1677 5618 1834 5674 dictis
1883 5636 2096 5688 tequarc

510 5713 618 5751 non
647 5715 883 5767 possum.
917 5702 1099 5772 Neque
1128 5705 1272 5761 enim
1298 5721 1412 5762 mea
1443 5714 1643 5764 tantum
1671 5710 1955 5776 gratulatio
1989 5721 2092 5778 cst,

2198 1861 2477 1931 imposuit;
2511 1868 2594 1920 cui
2622 1867 2688 1922 ad
2717 1870 2891 1923 vicem
2921 1873 3105 1940 gratia
3137 1881 3189 1927 te
3217 1888 3281 1928 ae
3312 1877 3385 1929 tui
3427 1877 3630 1932 similes
3650 1891 3776 1948 epto

2197 1957 2512 2014 monitores.
2553 1959 2684 2015 Nam
2727 1964 2951 2018 summis
2982 1965 3186 2032 imperii
3233 1967 3662 2025 moderat0ribus
3693 1974 3776 2040 pia

2198 2056 2252 2102 et
2281 2049 2474 2104 decora
2506 2051 2796 2107 suadentes
2819 2094 2834 2118 ,
2867 2053 3217 2110 instrumenta
3249 2067 3374 2111 sunt
3415 2059 3542 2112 boni
3573 2062 3776 2117 stt-culi.

2201 2138 2295 2192 Est
2321 2139 2534 2208 quidem
2561 2145 2758 2196 rectori
2792 2153 2976 2198 nostro
3007 2146 3168 2200 divini
3205 2146 3364 2202 fontis
3396 2149 3692 2219 ingenium,
3727 2164 3780 2207 et

2199 2231 2265 2284 ad
2296 2233 2535 2286 omnium
2565 2235 2819 2289 virtutum
2849 2252 3066 2292 cursum
3099 2252 3346 2310 prompta
3378 2254 3585 2297 natura.
3631 2245 3739 2300 Sed
3765 2290 3778 2309 ,

2202 2332 2258 2374 ut
2303 2322 2536 2390 imagine
2584 2326 2715 2380 milti
2759 2328 2829 2381 ttti
2875 2327 3063 2394 liceat,
3115 2332 3348 2400 optimos
3397 2334 3780 2403 gubernatores

2201 2413 2340 2468 haud
2377 2415 2718 2473 mediocriter
2756 2420 2915 2473 etiam
2962 2422 3223 2491 remigum
3269 2439 3461 2480 manus
3493 2427 3664 2492 juvat.
3707 2430 3782 2484 Te

2201 2521 2328 2559 vero
2365 2506 2518 2562 fama:
2545 2507 2662 2577 ejus
2699 2511 3051 2567 amicitioretu
3083 2528 3202 2568 eum
3238 2514 3369 2571 fides
3411 2517 3636 2585 militiae,
3673 2528 3780 2575 tum

2203 2599 2608 2654 necessitudinis
2635 2600 2845 2657 affectio
2873 2604 3065 2658 reddit.
3100 2606 3235 2661 llinc
3257 2617 3359 2673 est,
3392 2611 3532 2675 quod
3562 2611 3632 2664 illi
3659 2627 3782 2678 pro-

2204 2690 2441 2744 merendi
2479 2690 2711 2759 undique
2736 2696 2936 2748 amoris
2979 2698 3090 2750 vias
3131 2695 3370 2765 invenis;
3404 2711 3458 2755 et
3489 2703 3780 2768 majoribus

2201 2792 2517 2850 occupatum
2571 2799 2756 2839 mones
2811 2789 3012 2854 privata
3063 2789 3166 2844 fata
3215 2792 3502 2862 respicere.
3556 2795 3781 2852 Humani

2202 2884 2360 2924 casus
2381 2872 2432 2926 in
2457 2870 2632 2942 fugam
2665 2876 2803 2930 versi
2825 2890 2970 2945 sunt,
2992 2880 3230 2949 nihilque
3253 2883 3302 2937 in
3323 2893 3511 2939 senatu
3535 2898 3781 2942 maestum

2193 2963 2422 3019 resedit.
2447 2967 2584 3022 Aliis
2607 2968 2859 3036 tributtts,
2883 2972 3001 3027 aliis
3034 2975 3328 3044 integratus
3349 2989 3430 3033 est
3463 2979 3652 3035 honor.
3685 2984 3782 3038 Uni

2205 3055 2420 3112 familia:
2468 3058 2713 3127 debetur,
2758 3063 3012 3132 quidquid
3046 3066 3241 3136 singuli
3288 3083 3496 3124 sumus.
3531 3070 3636 3127 Sed
3672 3073 3781 3142 jam

2203 3151 2430 3206 servabo
2458 3155 2698 3223 epistola:
2722 3158 2978 3212 terminos
3004 3175 3016 3211 :
3043 3174 3231 3214 vereor
3254 3164 3396 3216 enim
3429 3180 3495 3220 ne
3526 3164 3641 3222 haec
3670 3167 3782 3238 ipsa

2203 3241 2428 3297 afferant
2478 3244 2744 3300 fastidium
2792 3250 3062 3316 praeclara:
3100 3255 3435 3309 verecundia:
3484 3267 3610 3325 tute,
3657 3275 3780 3315 cum

2203 3347 2418 3402 :equare
2445 3345 2548 3389 nun
2586 3339 2789 3402 possint
2817 3341 2989 3394 vicem
3022 3346 3227 3410 gratiae.
3264 3346 3354 3400 Illa
3386 3348 3565 3417 potius
3593 3351 3784 3420 gaudia

2206 3441 2257 3483 te
2288 3440 2657 3497 munerentur,
2687 3449 2804 3502 qu:e
2827 3437 3140 3492 meritorum
3169 3441 3429 3495 securitas
3461 3444 3618 3512 parit.
3650 3445 3784 3501 Nolo

2203 3536 2267 3575 ex
2306 3522 2484 3577 verbis
2511 3524 2823 3595 cujusquam
2862 3544 3048 3598 speres
3092 3533 3221 3585 tanti
3257 3533 3503 3589 beneficii
3551 3537 3778 3592 solutio-

2204 3628 2347 3668 nem.
2393 3615 2508 3671 Prae
2546 3619 2757 3674 caeteris
2788 3622 2971 3687 nosti,
3018 3623 3191 3680 solum
3234 3627 3580 3683 conscientiae
3627 3631 3784 3686 bon-.e

2204 3706 2479 3772 praemium
2546 3709 2854 3767 satisfacere
2909 3717 3068 3782 p‘osse
3134 3731 3324 3786 magna
3385 3722 3780 3786 praestantibus.

2206 3795 2378 3852 Unum
2405 3809 2578 3854 tamen
2604 3810 2852 3872 tanquam
2872 3804 3256 3862 iinmoderatus
3273 3809 3487 3879 adjicio,
3513 3821 3571 3866 ut
3589 3814 3781 3885 jugiter

2200 3887 2256 3941 in
2288 3889 2541 3944 Flaviano
2567 3907 2688 3946 meo
2719 3894 2978 3950 beneficia
3009 3907 3099 3952 tua
3131 3897 3344 3969 diligas.
3383 3900 3528 3959 Vale.

2795 3987 3013 4045 EPIST.
3062 3990 3193 4045 VIII.

2706 4091 3017 4135 SYMMACBUS
3047 4096 3330 4138 STILICONI.

2275 4166 2516 4239 Intelligo
2551 4183 2617 4224 ex
2658 4186 2807 4226 mora
2836 4183 2890 4227 et
2917 4175 3260 4232 cunctatione
3302 4179 3545 4249 rescripti
3583 4181 3778 4249 divini,

2202 4259 2398 4329 aliquid
2424 4261 2475 4314 in
2500 4260 2604 4326 his,
2627 4278 2748 4332 quae
2770 4268 3019 4333 pra-toria
3048 4266 3137 4322 filii
3163 4269 3266 4323 mei
3289 4271 3604 4338 supplicatio
3625 4272 3782 4328 'com-

2206 4352 2516 4418 prehendit,
2549 4353 2900 4422 incongruum
2926 4357 3011 4410 vel
3050 4356 3271 4412 dubium
3312 4359 3564 4428 judicari.
3610 4363 3784 4431 Atque

2210 4441 2330 4496 ideo
2358 4443 2535 4497 denuo
2565 4442 2658 4497 tibi
2688 4445 3003 4512 petitionum
3036 4462 3275 4502 mearum
3318 4450 3488 4505 debeo
3527 4463 3782 4520 praestare

2207 4533 2489 4589 rationem.
2523 4534 2596 4589 De
2616 4534 2767 4604 equis
2788 4535 2858 4588 ob
2879 4537 3106 4592 natalem
3131 4539 3334 4594 domini
3363 4544 3530 4597 nostri
3558 4543 3782 4600 Honorii

2204 4633 2257 4675 et
2301 4622 2633 4678 invictissimi
2677 4626 2930 4695 principis
2971 4628 3279 4698 largiendis,
3323 4631 3450 4687 licet
3489 4634 3592 4690 hoc
3633 4650 3776 4690 anno

2205 4713 2449 4783 obsequii
2471 4715 2627 4769 istius
2647 4725 2855 4784 tempus
2877 4717 3162 4785 effluxerit,
3187 4724 3379 4790 opinor
3402 4734 3580 4779 votum
3605 4741 3782 4782 meum

2204 4817 2311 4856 non
2339 4805 2576 4872 potuisse
2602 4807 2940 4876 reprehendi.
2971 4809 3138 4876 Aqua:
3159 4827 3287 4866 vero
3318 4813 3592 4870 theatralis
3609 4827 3662 4872 et
3687 4819 3782 4872 Ιιοο

2204 4893 2550 4950 losericarum
2589 4899 2815 4952 vestium
2847 4900 3168 4968 impetratio,
3198 4905 3359 4959 etiam
3386 4905 3508 4960 aliis
3542 4920 3666 4962 ante
3697 4925 3781 4965 me

2205 4985 2519 5055 plerumque
2544 4988 2719 5043 delata
2750 4998 2834 5044 est
2853 5007 2868 5045 τ
2887 5002 2941 5046 et
2962 4992 3083 5047 ideo
3103 4995 3323 5062 juvatur
3351 4999 3629 5067 exemplis.
3657 5002 3785 5055 Atu-

2210 5076 2622 5146 phitheatricum
2660 5081 3050 5149 spectaculum,
3095 5084 3237 5152 quod
3276 5086 3499 5142 editioni
3544 5087 3638 5142 filii
3682 5091 3786 5144 mei

2210 5178 2426 5237 propter
2465 5172 2813 5240 capacitatem
2852 5171 2953 5227 loci
2982 5181 3110 5241 Opto
3138 5176 3390 5242 concedi;
3442 5179 3605 5233 etiam
3650 5180 3788 5234 ludi-

2207 5259 2314 5313 cris
2358 5269 2682 5328 quaastorum
2724 5261 3134 5330 praelusionibus
3163 5279 3266 5319 non
3300 5278 3582 5336 negatum,
3629 5274 3785 5325 testi-

2207 5353 2388 5407 monio
2412 5362 2538 5408 sunt
2568 5355 2853 5422 rescripta;
2883 5370 3055 5426 neque
3085 5358 3358 5429 privilegio
3387 5362 3517 5416 solis
3549 5377 3654 5416 non
3688 5379 3783 5432 pa-

2209 5452 2320 5498 tere
2346 5445 2676 5499 consulibus.
2703 5445 2855 5500 Scias
2876 5461 2905 5501 a
2929 5462 3014 5503 me
3043 5448 3242 5504 dudum
3274 5451 3348 5505 rei
3382 5452 3537 5506 istius
3567 5469 3786 5522 proces-

2207 5533 2344 5588 sisse
2391 5534 2704 5602 principium
2741 5552 2756 5590 :
2789 5552 2894 5592 non
2942 5549 2998 5592 ut
3043 5540 3255 5609 fastigio
3297 5544 3597 5608 consulari,
3643 5545 3784 5613 quod

2204 5625 2443 5693 proxime
2471 5623 2544 5678 tui
2573 5625 2822 5680 culminis
2857 5627 3003 5692 felix,
3031 5638 3086 5684 et
3107 5630 3234 5684 olim
3264 5631 3475 5688 debitus
3506 5635 3786 5704 magistra.

2203 5725 2286 5771 tus
2325 5715 2563 5782 ornavit,
2602 5731 2668 5774 ex
2701 5718 2801 5775 hoc
2831 5719 3028 5789 aliquid
3075 5721 3404 5788 addereturf
3427 5741 3599 5792 neque
3639 5727 3779 5781 enim
