4074 6176
276 312 370 342 εδδ-ξ

279 332 373 366 Εἶε)

1444 309 1922 369 EPISTOLAIiUM
1964 310 2170 368 LIBER
2212 314 2299 369 IV.

3431 320 3538 376 226

277 421 571 489 praecipuus
611 424 784 476 honor
815 438 990 477 rerum
1032 422 1214 477 talium
1246 421 1832 492 requiritaugmenta),
1865 423 1910 476 Α
1943 424 2180 477 omnium
2225 434 2408 494 potes,
2440 439 2530 494 qut
2573 434 2696 480 ante
2734 424 2982 484 beneﬁcii
3008 435 3194 484 auctor
3223 427 3386 486 fuisti.
3415 432 3528 502 Ego

274 512 364 564 sed
387 526 453 564 ne
480 511 705 579 populus
736 511 1005 566 Romanus
1023 513 1357 580 appetentior
1373 509 1671 565 istiusmodi
1699 510 1850 562 volu-

276 600 462 668 ptatis,
513 601 734 654 minoris
785 601 885 654 IOCI
935 611 1188 669 urgeatur
1239 600 1523 669 angustiis.
1577 599 1844 653 Cmterum

271 692 394 759 quid
423 691 783 760 przerogitivre
812 690 1004 743 habent
1033 707 1137 743 non
1165 690 1340 752 video,
1373 704 1492 743 cum
1529 689 1691 743 etiam
1720 702 1851 742 cen-

270 786 445 837 suales
475 783 772 837 absentium
805 797 1024 835 munera
1044 781 1153 834 illic
1174 783 1381 835 soleant
1403 779 1690 840 exhibere;
1715 792 1849 846 quo-

273 892 386 926 rum
411 875 832 928 mediocritatem
858 873 1100 927 volumus
1123 871 1383 926 aemulari.
1410 871 1533 924 Ilaec
1556 883 1620 924 eo
1642 868 1844 929 scribo,

270 981 333 1018 ne
371 967 553 1019 videar
582 965 894 1032 iniquitatis,
920 972 1010 1016 aut
1040 962 1336 1016 insolentia:
1363 960 1536 1030 argui,
1562 961 1604 1013 si
1639 957 1842 1026 aliquid

266 1057 580 1125 denegetur.
607 1057 712 1110 Sed
743 1055 1200 1119 eminentissimze,
1223 1061 1280 1108 et
1301 1066 1514 1121 semper
1538 1051 1667 1104 mihi
1691 1063 1846 1103 reve-

266 1147 447 1201 rendae
481 1147 790 1200 sublimitati
830 1156 932 1198 tua:
963 1142 1378 1213 expendendum
1413 1141 1681 1208 relinquo,
1709 1139 1837 1206 quid

263 1241 464 1292 merito
485 1238 756 1292 existimes
779 1238 1086 1291 convenire.
1127 1235 1350 1288 Temere
1371 1230 1516 1286 enim
1541 1229 1722 1298 opinio
1749 1229 1846 1280 bo—

261 1332 467 1385 minum
497 1331 780 1398 judicabit,
811 1329 854 1382 si
881 1328 1024 1395 justa
1066 1342 1173 1381 non
1214 1327 1526 1394 impetrem,
1569 1336 1692 1376 cum
1736 1331 1844 1374 tua:

258 1437 508 1475 censura:
536 1423 745 1473 animus
774 1419 943 1472 soleat
971 1432 1159 1486 magna
1185 1425 1458 1484 praestare.
1497 1411 1644 1467 Vale.

885 1530 1094 1584 EI‘IST.
1146 1527 1238 1582 IX.

751 1637 1053 1677 SYIIIACIIUS
1077 1635 1356 1676 STILICONI.

325 1717 469 1772 Cum
493 1715 706 1771 sublimi
729 1715 1048 1768 excellentia
1081 1721 1167 1765 tua
1198 1711 1521 1780 legationem
1552 1708 1681 1762 mihi
1725 1722 1843 1763 am-

256 1808 539 1875 plissimus
590 1805 724 1860 ordo
773 1803 1065 1867 mandavit,
1107 1816 1265 1870 quam
1316 1798 1739 1868 suscipiendam,
1787 1809 1842 1853 et

256 1900 554 1955 necessitas
579 1896 784 1966 impulit
817 1896 1020 1965 patrita,
1054 1904 1105 1948 et
1151 1893 1226 1946 tui
1256 1892 1502 1946 culminis
1533 1891 1842 1960 provocavit

253 1991 542 2044 auxilium.
577 1989 864 2043 Pervectus
901 1987 1060 2055 igitur
1103 1987 1170 2039 ad
1215 1985 1527 2039 comitatum
1563 1984 1766 2038 domini
1787 1994 1842 2038 et

257 2081 520 2150 principis
542 2081 710 2134 nostri
747 2078 962 2132 Honorii
989 2079 1254 2142 notitiam,
1295 2075 1703 2144 magniﬁcentize
1735 2084 1840 2128 tute

253 2176 473 2228 deferre
497 2187 601 2227 non
632 2171 812 2226 distuli
843 2171 1101 2225 adventus
1131 2171 1234 2223 mei
1266 2184 1504 2223 causam.
1546 2169 1622 2224 De
1647 2184 1841 2224 censu.

255 2281 325 2319 τε
353 2265 506 2320 enim
541 2273 642 2318 tua:
690 2263 885 2333 pendet
928 2263 1151 2317 arbitrio
1180 2276 1302 2331 spes
1328 2261 1627 2316 communis
1653 2262 1836 2315 officii.

253 2358 458 2424 Qumso
485 2354 666 2424 igitur,
698 2367 750 2406 ut
788 2354 849 2408 le
874 2354 938 2407 tis
967 2353 1284 2421 amplissimi
1325 2352 1530 2405 ordinis
1574 2352 1841 2428 petitioni:

254 2449 372 2510 bus,
417 2459 645 2512 quarum
693 2445 942 2512 exempla
981 2443 1278 2511 conjunxi;
1331 2442 1470 2496 inter
1512 2442 1695 2498 felices
1729 2450 1844 2496 ma-'

250 2539 555 2609 gnitudinis
581 2548 682 2592 tua:
707 2549 880 2602 actus,
919 2552 1081 2607 super
1110 2537 1208 2591 liae
1235 2553 1447 2607 quoque
1471 2548 1617 2605 parte
1647 2552 1839 2606 exspe-

251 2633 550 2684 rtationem
575 2645 747 2684 meam
781 2628 969 2683 litteris
998 2627 1232 2698 digneris
1264 2631 1546 2683 instruere.
1578 2627 1730 2682 Vale.

759 2747 971 2801 EPIST.
1003 2746 1068 2801 Χ.
1111 2747 1212 2802 CS.
1241 2745 1340 2800 CS.

321 2841 480 2892 Itane
523 2839 803 2892 sublimem
851 2839 1086 2892 animum
1133 2848 1279 2892 tuum
1313 2839 1415 2893 mei
1446 2839 1586 2908 cepit
1617 2839 1834 2902 oblivio,

252 2939 304 2982 nt
335 2929 530 2983 tandiu
557 2937 819 2991 exsortem
845 2928 1098 2998 colloquii
1122 2931 1194 2982 tui
1227 2944 1312 2982 me
1333 2943 1454 2984 esse
1483 2929 1836 2997 patiaris?An

250 3022 540 3074 existimas
566 3021 865 3088 neglectum
899 3019 1177 3073 familiaris
1201 3018 1361 3074 officii
1401 3021 1770 3090 aequanimiter
1807 3037 1836 3076 a

249 3128 338 3166 ine
399 3125 561 3180 posse
601 3110 861 3165 tolerari?
905 3110 1039 3177 Quin
1071 3125 1186 3179 age,
1223 3123 1276 3163 ut
1301 3126 1417 3165 mos
1445 3123 1526 3166 est
1555 3111 1838 3167 virtutibus
1866 3136 1912 3198 ρ

252 3204 402 3267 tuis,
448 3211 505 3256 et
558 3202 842 3255 amicitiam
893 3202 1211 3271 seiiptorum
1271 3202 1526 3268 celebra,
1575 3201 1840 3271 simulque

248 3294 489 3353 rstima,
523 3307 680 3361 quam
706 3290 924 3345 uberior
950 3306 1012 3344 ac
1041 3293 1335 3360 promptior
1359 3291 1550 3345 litteris
1580 3292 1682 3345 tnis
1706 3307 1733 3344 a
1757 3306 1841 3346 me

248 3397 387 3436 cura
420 3374 707 3437 referenda
740 3383 830 3448 all,
860 3397 978 3450 qua:
1007 3382 1168 3437 etiam
1215 3382 1411 3437 tacenti
1461 3381 1662 3452 jugiter
1690 3383 1842 3437 exhi-

249 3475 434 3528 betur.
465 3472 618 3528 Vale.

863 3541 1077 3598 EPiST.
1135 3542 1229 3597 XI.

723 3651 1028 3689 εῑωιιιιςιιιιε
1080 3649 1358 3690 ετιιιεοιηι.

316 3727 486 3795 Sazpe
515 3726 580 3780 ad
613 3736 662 3780 te
695 3727 900 3780 litteras
923 3725 1067 3792 dedi,
1101 3741 1233 3796 quas
1267 3727 1486 3796 quidem
1520 3725 1684 3781 credo
1709 3742 1838 3797 sup.

249 3833 503 3886 pressas.
533 3818 760 3885 Quando
785 3819 925 3872 enim
968 3818 1052 3872 vir
1093 3817 1525 3871 servantissimus
1565 3819 1835 3884 amicitiae,

251 3911 557 3981 multisque
587 3911 749 3964 animi
793 3912 944 3965 bonis
991 3911 1267 3979 praeditus,
1305 3910 1664 3979 dignationem
1711 3911 1839 3966 tnilti

254 4006 430 4057 olficii
458 4005 918 4074 tuidenegasses?
964 4003 1145 4058 Fuerit
1188 4007 1287 4056 hoc
1331 4018 1540 4068 eorum,
1566 4003 1840 4071 quibusin

251 4095 551 4150 reddendis
577 4096 782 4163 paginis
805 4095 934 4149 fides
957 4095 1143 4150 defuit.
1169 4094 1322 4148 Nunc
1348 4109 1570 4149 eventus
1593 4095 1840 4162 optabilis

249 4197 503 4242 veterum
534 4203 741 4240 mormn
767 4197 1097 4255 sequestrem
1143 4186 1358 4254 scriptis
1404 4187 1535 4240 meis
1568 4188 1836 4253 prmstitit.

251 4280 424 4348 Igitur
447 4279 749 4347 diligentia,
777 4295 936 4347 quant
962 4278 1346 4347 proﬁciscentis
1371 4277 1594 4330 fidelitas
1625 4278 1840 4345 pollice-

254 4385 364 4437 tur,
393 4387 523 4440 erga
551 4380 602 4425 te
640 4371 842 4425 cultum
879 4370 1214 4426 salutationis
1262 4371 1522 4423 instauro.
1566 4371 1840 4439 Responsa

255 4474 345 4516 tua
395 4465 618 4528 facient,
646 4473 704 4516 ut
733 4477 886 4517 usum
926 4464 1044 4532 styli
1070 4477 1167 4532 per
1198 4460 1573 4517 verecundiam
1609 4476 1731 4516 sero
1758 4476 1843 4515 re-

259 4555 508 4620 petitum,
565 4553 931 4608 vicissitudine
978 4562 1297 4622 proVocatus
1339 4553 1646 4621 frequenter
1687 4566 1842 4607 exer-

257 4659 434 4698 ceam.
470 4642 620 4698 Vale.
1069 4689 1078 4693 λ,

841 4710 1058 4766 EPIST.
1117 4711 1235 4766 XII.

749 4817 1056 4857 εγιιιιλςιιυδ
1080 4818 1356 4858 ετιιιοοδι.

337 4892 687 4948 Consulatum
737 4909 919 4948 meum
960 4896 1278 4950 liberalitate
1317 4898 1620 4960 continuas,
1667 4903 1742 4960 et,
1789 4903 1847 4949 ut

262 4987 761 5055 publicus'parens,
795 4986 847 5040 in
877 4987 1085 5041 futuros
1114 4987 1273 5041 etiam
1307 4988 1649 5057 magistratus
1679 4987 1848 5054 impeo

265 5080 456 5132 rialem
484 5093 739 5146 provocas
763 5079 1083 5148 largitatem.
1127 5078 1244 5145 Quo
1265 5095 1393 5148 ergo
1423 5079 1552 5132 mihi
1592 5092 1685 5132 ore
1707 5078 1848 5132 cele-

265 5169 508 5224 braudus
538 5185 620 5235 es,
662 5171 751 5239 qui
797 5170 1007 5239 fastigio
1050 5171 1314 5224 honorum
1349 5170 1470 5239 jure
1504 5169 1845 5238 conspicuus,

265 5263 553 5330 pratorios
590 5277 801 5332 quoque
844 5263 1063 5317 instruis
1101 5263 1420 5332 apparatus?
1458 5263 1660 5332 cogitas
1703 5261 1846 5317 enim

264 5356 483 5411 caeteris
509 5356 720 5410 saeculis
743 5355 903 5410 etiam
937 5357 1262 5425 privatorum
1297 5358 1473 5410 munia
1496 5357 1692 5409 debere
1718 5369 1848 5408 con-

264 5463 486 5518 gruere.
515 5448 696 5517 Itaque
726 5447 946 5500 domino
975 5458 1161 5502 nostro
1184 5447 1421 5501 Honorio
1444 5447 1636 5500 divina:
1666 5445 1848 5513 stirpis

264 5549 498 5608 augusto
523 5537 885 5592 benefaciendi
911 5552 1124 5606 semper
1162 5537 1316 5592 addis
1358 5537 1614 5601 calorem,
1663 5537 1851 5590 doces-

264 5645 377 5697 que
417 5630 676 5684 invictum
729 5629 1021 5697 principem
1065 5630 1390 5684 senatoriam
1425 5627 1846 5683 mediocritatem

270 5723 587 5778 muneribus
612 5723 852 5776 incitare.
902 5724 994 5776 Cui
1025 5739 1122 5786 pro
1146 5739 1231 5777 me
1273 5736 1431 5790 agere
1475 5723 1674 5788 gratias
1705 5721 1848 5774 solus

1957 511 2009 566 in
2041 513 2134 567 lilii
2167 515 2269 568 mei
2292 514 2531 571 editione
2553 517 2811 586 testabor,
2842 534 2964 572 cum
2991 519 3283 574 Romanam
3312 536 3528 578 caveam

1954 606 2328 673 teopardorutn
2353 621 2542 662 cursus
2574 608 2896 678 impleverit,
2926 611 3012 666 cui
3050 611 3246 680 justior
3287 614 3528 682 plausus,

1951 701 2006 748 et
2027 693 2145 748 lana
2168 711 2354 750 vocum
2369 697 2616 765 suffragia
2633 698 2945 752 debeantur.
2967 699 3198 769 Longius
3219 718 3524 773 pergerem,

1952 785 2052 837 nisi
2088 795 2207 838 tuus
2247 785 2444 839 nobilis
2484 787 2655 854 pudor
2699 803 2793 856 par
2832 790 3120 846 virtutibus
3155 795 3384 858 czrteris,
3419 795 3531 850 lau-

1949 871 2032 924 dis
2082 887 2244 926 ooera
2301 876 2510 930 vitaret.
2572 877 2676 930 Ero
2726 879 2885 945 igitur
2936 883 3220 937 verborum
3263 884 3528 949 modicus,

1949 963 2072 1015 dum
2099 964 2350 1031 singulari
2383 967 2719 1021 verecundi-.2
2752 979 2854 1022 tu;c
2895 973 3182 1042 obsequor.
3237 975 3342 1031 Sed
3388 993 3534 1046 pra:-

1948 1055 2088 1109 celsa
2139 1058 2440 1113 sublimitas
2471 1067 2558 1114 tua
2609 1070 2787 1115 teneat
2825 1062 3140 1134 definitum,
3194 1085 3364 1123 meam
3408 1088 3528 1140 gra-

1949 1147 2096 1213 tiam,
2123 1165 2242 1219 quae
2267 1166 2423 1220 parca
2466 1154 2730 1207 sermonis
2753 1164 2854 1220 est,
2910 1158 2960 1210 in
2985 1160 3164 1212 animo
3205 1163 3527 1220 redundare.

1947 1239 2098 1294 Vale.

2533 1314 2748 1370 EPIST.
2783 1318 2917 1372 XIII.

2417 1418 2718 1461 διιιιιιλςιιυε
2756 1423 3011 1464 ετιιιοοθιι
3023 1450 3031 1465 ι

2017 1512 2095 1566 Ad
2123 1513 2342 1580 patriam
2369 1516 2588 1571 rediisse
2621 1534 2706 1572 me
2731 1521 2936 1587 nuntio,
2964 1524 3187 1579 necdum
3210 1536 3510 1594 compotem

1945 1604 2212 1658 sanitatis.
2257 1605 2361 1659 Sed
2405 1606 2449 1659 si
2496 1616 2617 1661 tuus
2661 1609 2923 1666 adventus
2968 1615 3250 1680 arriserit,
3281 1632 3438 1686 spero
3471 1619 3524 1672 in

1946 1696 2171 1763 gratiam
2211 1711 2420 1750 mecum
2452 1698 2645 1752 bonam
2677 1701 3037 1758 valetudinem
3067 1721 3190 1761 mox
3233 1722 3353 1763 esse
3383 1709 3525 1764 redi-

1873 1767 1920 1828 Β
1949 1798 2144 1844 turam.
2180 1790 2332 1845 Vale.

2527 1884 2741 1939 EPIST.
2787 1886 2926 1942 XIV.

2427 1991 2729 2031 εγιιιιλοιῐυε
2772 1993 3049 2034 δτιωοοκι.

2011 2089 2143 2142 Cum
2175 2088 2312 2143 ﬁlios
2347 2102 2560 2144 nostros
2581 2089 2745 2159 jugali
2774 2090 2974 2145 findere
3005 2092 3212 2146 sociare
3237 2092 3516 2163 vellemus,

1942 2181 2168 2249 primam
2222 2195 2386 2250 super
2429 2182 2528 2236 hoc
2564 2183 3014 2251 magniﬁcentiam
3067 2193 3208 2239 tuam
3245 2187 3521 2243 meditatio

1943 2281 2121 2326 nostra
2147 2273 2435 2339 consuluit,
2470 2282 2526 2328 ιιι
2552 2275 2712 2342 ccepti
2743 2273 2911 2329 felicis
2935 2277 3227 2345 auspicium
3250 2293 3278 2330 a
3304 2292 3522 2348 parente

1944 2363 2152 2432 publico
2183 2375 2504 2420 sumeretur.
2560 2365 2819 2420 Effectum
2863 2366 3184 2434 nuptialibus
3212 2371 3348 2422 votis
3381 2369 3520 2424 Deus

1943 2458 2207 2526 praestitit.
2237 2457 2387 2512 Nunc
2411 2457 2581 2512 honor
2602 2459 2854 2525 sportula:
2903 2459 3259 2528 suscipiendae
3299 2461 3522 2516 culmini

1944 2559 2032 2602 tuo
2055 2559 2109 2604 et
2133 2566 2298 2613 more,
2328 2562 2380 2605 et
2406 2566 2590 2606 amore
2619 2552 2908 2606 solvendus
2952 2564 3053 2607 ρει.
3086 2554 3403 2620 Quaesumus
3435 2571 3522 2609 rc-

1939 2642 2185 2708 cipieudo
2223 2643 2480 2712 obsequio
2525 2659 2738 2696 manum
2786 2655 2945 2713 atque
2975 2645 3209 2698 animum
3254 2646 3515 2713 benignus

1941 2732 2250 2785 admoveas.
2298 2732 2448 2786 llunc
2475 2735 2618 2786 enim
2667 2733 2866 2786 laetitie
2911 2733 3085 2787 adhuc
3133 2736 3338 2802 apicem
3386 2737 3520 2788 festa

1942 2833 2122 2876 nostra
2149 2823 2452 2878 desiderant
2476 2840 2490 2887 ;
2544 2832 2601 2877 ut
2631 2823 2697 2887 is,
2726 2824 2817 2891 qui
2852 2821 3004 2876 nobis
3031 2833 3220 2877 auctor
3248 2833 3372 2878 ante
3411 2839 3520 2878 om-

1943 2928 2037 2967 nes
2059 2927 2179 2966 esse
2199 2913 2445 2980 dignatus
2475 2929 2535 2969 es
2552 2914 2839 2983 jungenda:
2877 2929 2972 2981 per
2996 2915 3134 2971 ﬁlios
3165 2915 3520 2971 necessitudi-

1943 3004 2045 3067 nis,
2076 3018 2228 3073 aeque
2252 3019 2470 3058 maneas
2493 3003 2838 3074 approbator.
2877 3005 3023 3060 Vale.

2540 3137 2750 3194 EPIST.
2799 3139 2914 3193 XV.

2440 3247 2746 3287 SYIIIIACHUS
2771 3247 3019 3287 BATIIONI.

2011 3346 2126 3402 Non
2157 3347 2298 3402 cadit
2322 3347 2374 3402 in
2408 3357 2461 3402 te
2484 3347 2584 3402 ista
2611 3347 2873 3416 suspicio,
2910 3349 3237 3403 nte-insulto
3273 3350 3522 3406 amicitiai

1942 3440 2215 3508 negligens
2237 3439 2403 3493 fuisse
2426 3439 2684 3493 eredaris.
2712 3439 2807 3492 Est
2829 3439 2924 3492 tibi
2957 3439 3169 3494 animus
3194 3450 3349 3494 tenax
3373 3442 3520 3507 ﬁdei,

1941 3542 1996 3586 et
2036 3541 2092 3584 ut
2150 3531 2200 3584 in
2255 3531 2579 3599 recipiendis
2627 3531 3084 3586 familiaritatibus
3132 3533 3520 3603 circumspecta

1940 3621 2170 3688 cautela,
2190 3622 2260 3674 ita
2284 3622 2339 3674 in
2364 3622 2654 3676 retinendis
2677 3621 2826 3674 ﬁrma
2849 3625 3168 3676 constantia.
3187 3623 3524 3692 Quapropter

1941 3729 2042 3769 nec
2079 3722 2202 3768 ante
2231 3717 2477 3782 opinatus
2503 3728 2621 3767 sum
2646 3724 2952 3782 exemptum
2980 3729 3066 3768 me
3100 3730 3324 3768 numero
3353 3726 3522 3769 caete-

1942 3821 2147 3868 rorum,
2179 3805 2370 3874 quibus
2408 3806 2663 3874 principio
2709 3807 2831 3858 anni
2880 3821 3073 3859 munus
3113 3807 3398 3860 consulare
3430 3809 3524 3860 tri-

1943 3899 2100 3952 buisti
2126 3913 2140 3963 ;
2173 3908 2224 3950 et
2246 3911 2386 3950 nunc
2407 3898 2632 3963 amplius
2659 3912 2815 3965 quam
2847 3897 3068 3964 reliquis
3091 3896 3218 3949 tnilti
3247 3896 3408 3950 credo
3430 3896 3526 3951 de-

1943 3991 2132 4045 latum.
2176 3989 2307 4044 Nam
2344 3991 2483 4059 quod
2523 3991 2628 4043 illis
2648 3990 2915 4058 generalis
2938 3990 3140 4044 oblatio
3166 3989 3337 4055 dedit,
3368 3992 3522 4046 nobis

1943 4081 2191 4152 specialis
2215 4096 2341 4136 cura
2372 4081 2628 4135 restituit.
2661 4082 2776 4148 Qua
2805 4083 2854 4133 in
2888 4095 2944 4134 re
2969 4079 3050 4135 bis
3071 4097 3282 4152 quoque
3302 4097 3526 4138 succen-

1943 4189 2064 4252 sere
2091 4189 2195 4226 non
2225 4173 2417 4233 debeo,
2459 4172 2547 4238 qui
2600 4187 2685 4225 me
2723 4183 2991 4225 exsortem
3032 4175 3225 4241 prioris
3263 4174 3522 4227 honorifi-

1943 4265 2132 4318 centire
2152 4277 2274 4316 esse
2303 4262 2605 4314 voluerunt.
2631 4261 2814 4329 Neque
2841 4263 2981 4316 enim
3009 4264 3166 4316 aliter
3185 4265 3401 4317 evenire
3429 4278 3523 4332 po-

1947 4357 2151 4418 tuisset,
2181 4353 2395 4419 utquod
2425 4353 2570 4406 fraus
2589 4353 2760 4406 aliena
2783 4352 3139 4415 subtraxerat,
3167 4352 3244 4406 liis
3267 4367 3521 4407 mererer.

1944 4446 2117 4501 Stabit
2143 4445 2304 4513 igitur
2331 4443 2469 4512 apud
2499 4443 2736 4495 animum
2771 4457 2946 4496 meum
2965 4443 3108 4511 jugis
3140 4452 3226 4496 tua
3255 4442 3443 4511 gratia,
3468 4449 3526 4496 et

1945 4539 2200 4594 memoria
2227 4536 2520 4592 consmntis
2547 4535 2707 4590 ofﬁcii
2736 4534 2874 4588 nulla
2901 4535 3171 4589 oblivione
3194 4535 3522 4601 tenuabitur,

1947 4634 2062 4686 sive
2093 4645 2245 4685 error
2276 4628 2435 4693 istud,
2487 4643 2581 4682 seu
2612 4627 2766 4681 dolus
2806 4627 3014 4682 fecerit.
3060 4627 3295 4681 Docuisti
3336 4641 3527 4681 omnes

1949 4723 2081 4778 nihil
2112 4723 2337 4776 ulterius
2367 4721 2431 4774 ad
2461 4719 2814 4774 destruendas
2842 4719 3105 4772 amicitias
3148 4718 3400 4773 callidum
3436 4733 3529 4774 co-

1947 4817 2136 4888 gitare,
2166 4831 2300 4886 quas
2331 4815 2508 4870 vident
2540 4812 2746 4867 insidiis
2775 4811 2884 4865 suis
2923 4826 3191 4867 crescere.
3223 4811 3369 4868 Vale.

2537 4945 2752 5002 EPIST.
2797 4943 2936 4999 XVI.

2449 5050 2754 5091 ειωιιλοιιυε
2783 5049 3028 5090 ΒΑΤΗΟΝΙ.

2027 5156 2170 5210 Inter
2205 5151 2470 5222 praecipua
2514 5149 2826 5218 gaudiorum
2882 5160 3105 5201 numero
3154 5145 3362 5201 litteras
3412 5155 3533 5200 tuas

1952 5247 2159 5303 scilicet
2188 5243 2404 5298 fraterni
2432 5241 2594 5295 animi
2621 5251 2783 5294 testes
2811 5248 2866 5293 et
2891 5255 3030 5292 verae.
3067 5239 3344 5306 religionis
3366 5240 3532 5292 inter-

1955 5353 2153 5410 pretes.
2187 5339 2291 5392 Eas
2329 5345 2529 5406 quanto
2577 5335 2772 5402 saepius
2821 5347 3004 5396 sumo,
3055 5341 3201 5386 tanto
3246 5331 3534 5400 impensius

1956 5432 2279 5498 uberiusque
2306 5427 2573 5482 desidero.
2600 5422 2840 5477 Difﬁcilis
2862 5431 2945 5476 est
2969 5422 3108 5476 enim
3132 5422 3350 5476 satietas
3374 5419 3538 5472 bona-

1958 5541 2074 5580 rum
2107 5538 2283 5577 rerum
2315 5537 2328 5572 :
2361 5529 2414 5574 et
2443 5527 2566 5573 tunc
2588 5518 2815 5571 maxime
2837 5516 3043 5570 animos
3060 5513 3292 5582 jucunda
3315 5527 3539 5581 quaeque

1957 5615 2275 5676 sollicitant,
2323 5627 2443 5664 cum
2480 5608 2725 5663 videntur
2767 5608 3008 5677 explere.
3043 5604 3232 5658 Scribe
3263 5603 3444 5672 igitur,
3484 5613 3539 5658 ut
3583 5603 3592 5609 ’

1958 5712 2103 5776 facis,
2137 5708 2354 5776 sacpius,
2393 5716 2492 5759 nec
2543 5709 2749 5756 metuas
2795 5715 2862 5753 ne
2907 5695 3200 5762 experieris
3252 5695 3514 5756 ingratum
