4074 6176
522 299 626 356 ΞΞἹ

1660 308 1721 372 Q.
1769 303 2120 360 AUBELIUS
2160 303 2600 365 SYRIMACHUS.

3693 309 3798 366 2‘28

523 427 680 482 quem
711 412 857 469 vides
889 424 943 470 et
976 419 1174 472 amoris
1211 425 1266 473 et
1301 417 1564 472 sermonis
1612 417 1684 470 tui
1722 431 1843 472 esse
1874 427 1980 470 tam
2013 430 2103 469 cu.
2136 420 2186 478 Α
2215 433 2373 486 quam
2399 423 2708 487 petendum.
2734 422 2875 478 Nihil
2905 423 3048 478 enim
3072 424 3224 480 bonae
3245 425 3323 480 rei
3357 425 3496 479 inter
3518 437 3613 478 vos
3632 423 3798 478 dividi

529 505 730 575 pidum.
759 507 903 563 Vale.

1101 601 1312 657 EPIST.
1346 601 1508 656 XVII.

1023 709 1332 748 εγιιιιιιειιυε
1359 709 1622 749 ΡΙωΤᾹῡΙΟ
1634 731 1647 745 .

599 809 726 862 Sum
755 809 967 878 quidem
997 809 1154 862 nimis
1177 823 1318 877 aeger
1347 807 1533 874 animi,
1559 816 1614 861 et
1644 821 1754 876 prae
1793 812 1942 859 tanto
1971 803 2114 856 luctu

529 899 790 954 obeundis
821 901 992 968 impar
1012 899 1221 954 ofﬁciis.
1251 899 1356 953 Sed
1391 915 1665 968 nunquam
1697 898 1924 950 fortuna;
1947 895 1997 948 in
2030 909 2116 948 me

530 1002 733 1047 tantum
760 994 958 1054 licebit,
984 1002 1043 1047 ut
1072 993 1331 1047 honorem
1369 1003 1515 1046 tuum
1548 991 1718 1044 victus
1747 1002 1980 1042 maerore
2007 986 2116 1040 dis-

528 1085 797 1140 simulem.
863 1086 1114 1152 Quinimo
1155 1083 1434 1138 litterariis
1481 1081 1844 1136 delinitncntis
1882 1077 2115 1132 remedia

529 1177 734 1231 vulneri
764 1191 886 1230 meo
919 1175 1072 1230 facio.
1103 1175 1232 1241 Quae
1259 1175 1359 1230 etsi
1402 1190 1496 1243 pt‘o
1526 1170 1890 1241 magnitudine
1913 1167 2116 1222 doloris

529 1268 761 1324 invalida
787 1267 924 1329 sint;
951 1267 1270 1322 medicinam
1303 1273 1480 1318 tamen
1516 1263 1645 1316 mihi
1688 1258 2115 1316 efﬁcacissimam

529 1361 606 1416 tui
635 1362 900 1415 sermonis
927 1360 1175 1415 afferunt.
1198 1359 1334 1426 Quid
1356 1367 1657 1428 exspectem
1689 1355 1840 1408 vide?
1862 1355 2112 1422 Operam,

530 1453 574 1507 si
601 1452 887 1516 videbitur,
911 1452 1160 1506 amicitia:
1191 1451 1426 1505 debitam
1444 1491 1459 1515 ,
1499 1463 1643 1518 aegro
1669 1447 1850 1501 animo
1878 1443 2116 1515 profutu-

531 1561 668 1600 ram.
698 1545 845 1601 Vatlt'.

1111 1632 1327 1687 EPIST.
1359 1631 1524 1686 XVIII

1008 1737 1322 1777 SYMMACIIUS
1356 1737 1636 1776 PROTADIO.

607 1838 768 1894 Falso
799 1836 938 1905 apud
973 1851 1059 1891 me
1085 1833 1315 1890 venandi
1345 1833 1522 1888 studio
1547 1830 1817 1902 gloriaris,
1847 1844 1967 1884 cum
2005 1828 2121 1897 thy-

537 1945 683 1983 mum
715 1926 975 1982 facundia:
1004 1925 1210 1996 spirent
1251 1926 1441 1979 littera:
1481 1934 1604 1978 tuae.
1631 1923 1707 1977 Ne
1736 1921 1869 1976 mihi
1898 1935 1961 1973 os
1999 1921 2124 1974 sub-

540 2021 756 2086 leveris,
784 2021 887 2074 alia
916 2019 1032 2083 otii,
1056 2017 1160 2072 alia
1188 2017 1386 2088 negotii
1418 2018 1566 2086 signa
1599 2024 1743 2070 sunt.
1785 2013 1978 2068 Tetras
2006 2011 2121 2065 her-

537 2114 632 2167 bas
660 2112 770 2166 olet
794 2109 1026 2164 rnSIicus
1057 2126 1071 2162 :
1099 2109 1280 2162 vinum
1307 2107 1532 2161 anhelus
1563 2115 1735 2160 ructat
1756 2118 1927 2172 ganeo
1951 2121 1962 2154 :
1989 2118 2119 2156 nan-

537 2217 642 2260 tem
673 2207 911 2274 sequitur
934 2202 1166 2271 gravedo
1200 2218 1212 2254 :
1245 2215 1340 2253 vos
1363 2199 1520 2254 amici
1551 2214 1913 2253 cammnatum
1936 2196 2124 2250 florem

537 2296 760 2351 ructatis
784 2294 1078 2348 Heliconis.
1113 2293 1258 2360 Quas
1285 2299 1340 2344 tu
1363 2291 1514 2344 nobis
1547 2289 1821 2358 indagines
1859 2289 2121 2355 leporum,

535 2401 672 2458 quos
701 2385 908 2441 natales
939 2399 1130 2440 canum
1169 2383 1307 2448 dies,
1351 2398 1472 2452 quae
1503 2384 1744 2437 venatica
1770 2380 1904 2435 festa
1922 2379 2127 2433 menti-

535 2485 652 2540 ris?
679 2483 908 2539 Censen‘
939 2495 1096 2550 posse
1138 2495 1224 2534 me
1264 2477 1464 2533 retrahi
1507 2492 1538 2531 a
1578 2475 1906 2531 voluminum
1950 2471 2128 2528 studio

539 2577 596 2632 in
618 2590 710 2631 eas
733 2583 898 2640 artes,
927 2587 1060 2642 quas
1088 2570 1182 2626 tibi
1205 2569 1461 2640 arrogas?
1485 2569 1559 2624 Ne
1584 2567 1867 2636 primmvus
1888 2563 2126 2636 quidem,

536 2682 660 2724 cum
683 2667 844 2722 ferret
869 2675 1019 2730 aetas,
1041 2663 1339 2734 Amyclaeos
1352 2674 1443 2717 aut
1464 2661 1726 2716 Molossos
1755 2661 1902 2714 alere
1922 2657 2125 2713 curavi.

536 2757 766 2811 Tantum
792 2755 966 2823 abest,
997 2764 1054 2808 ut
1082 2755 1195 2808 bare
1225 2753 1378 2807 annis
1409 2756 1461 2806 in
1491 2761 1760 2808 senectam
1789 2748 2128 2819 vergentibus

537 2865 620 2906 vet
629 2874 637 2902 :
647 2865 696 2904 ιιι
705 2889 720 2910 ,

629 2874 637 2902 :
665 2865 720 2910 II,

572 2850 620 2906 el
647 2867 918 2992 ICandidior
943 2945 1198 3003 postquam
1223 2936 1446 2988 tondenti
1473 2935 1626 2985 barba
1653 2934 1880 2985 cadebat.

542 3065 648 3122 Sed
679 3066 760 3122 fac
787 3067 924 3121 velle
954 3081 1038 3120 me
1087 3065 1240 3120 obire
1287 3078 1664 3133 nonnunquam
1691 3065 1917 3117 rusticas
1971 3059 2124 3113 volu-

539 3164 734 3226 ptates.
765 3154 863 3210 Cui
893 3155 1106 3208 tandem
1140 3154 1432 3219 primorum
1471 3163 1689 3206 senatus
1717 3161 1865 3205 tanta
1895 3149 2129 3204 vacatio-
2159 3140 2202 3201 C

540 3247 624 3301 nis
654 3244 884 3300 felicitas
909 3243 1167 3312 suppetit,
1201 3253 1256 3296 ut
1291 3245 1428 3297 inter
1469 3242 1658 3311 patria:
1695 3256 1855 3297 curas
1896 3243 2124 3310 respiret

540 3353 705 3407 opere
733 3337 1008 3392 silvestri?
1054 3335 1378 3402 Comperisti
1421 3335 1560 3388 haud
1589 3334 1790 3388 dudum
1826 3335 2124 3389 frumenta-

538 3431 648 3485 rias
674 3443 884 3500 magum
905 3428 1054 3482 urbis
1074 3428 1344 3497 querelas.
1375 3426 1646 3483 Successit
1681 3425 1803 3481 huic
1829 3427 1932 3480 olei
1962 3441 2127 3495 penu-

545 3523 659 3587 ria;
692 3526 748 3576 et
775 3520 951 3574 adhuc
979 3527 1161 3573 manet
1187 3519 1254 3573 de
1285 3519 1434 3587 fruge
1464 3519 1704 3572 causatio
1733 3534 1747 3571 :
1789 3517 1915 3572 hinc
1944 3532 2125 3572 rerum

541 3615 666 3668 fessi
697 3613 843 3666 viros
870 3612 1036 3666 curiae
1061 3623 1270 3664 oratum
1307 3611 1540 3665 remedia
1571 3611 1866 3680 legavimus
1888 3625 1904 3666 :
1929 3619 1985 3665 et
2003 3624 2128 3678 spes

539 3713 644 3770 est,
673 3703 1176 3767 clementissimum,
1201 3704 1544 3772 divinumque
1577 3703 1872 3772 principem
1903 3704 2124 3756 salutari

539 3811 643 3863 ope
676 3797 1042 3853 consulturum
1082 3797 1279 3865 petitis.
1334 3795 1540 3850 Interea
1588 3795 1944 3850 Iaberamium
1975 3811 2124 3849 mur-

543 3905 696 3944 mure
722 3888 917 3958 strepit
944 3889 1151 3942 civitas.
1179 3887 1256 3941 'I‘u
1291 3904 1450 3952 nunc,
1484 3887 1678 3951 amice,
1702 3888 1938 3951 venaris,
1964 3896 2020 3940 et
2048 3887 2128 3940 ni-

542 3978 646 4033 mis
676 3978 866 4032 anxios
895 3977 1209 4033 deliciarum
1249 3987 1459 4031 tuarum
1496 3976 1790 4046 jactatione
1837 3977 2119 4031 sollicitas.

539 4073 648 4129 Sed
681 4073 770 4144 qui
799 4072 912 4127 fieri
941 4081 1137 4140 potest,
1167 4081 1222 4124 ut
1254 4071 1413 4126 talem
1442 4081 1752 4139 tantumque
1780 4079 1832 4124 te
1874 4085 2124 4138 perscru-

546 4165 718 4220 laudis
748 4165 1014 4219 cubilibus
1038 4164 1282 4232 leporum
1313 4163 1528 4217 credam
1561 4165 1786 4217 vacare?
1828 4162 1978 4216 Unde
1999 4177 2128 4230 ergo

540 4270 644 4320 est,
668 4260 806 4327 quod
835 4257 1024 4312 iisdem
1057 4259 1246 4311 litteris
1269 4273 1297 4309 a
1329 4271 1414 4310 me
1443 4258 1615 4325 poscis
1659 4256 1933 4310 historiam
1961 4297 1976 4322 ,
2009 4261 2127 4324 qui-

546 4350 646 4404 bus
671 4364 864 4405 canum
900 4359 1110 4403 tuorutn
1153 4349 1318 4402 festos
1363 4363 1426 4402 ac
1470 4347 1734 4418 profestos
1774 4349 1890 4403 dies
1936 4349 2124 4418 praedi-

543 4441 671 4495 cas?
700 4441 1032 4495 Dissimulari
1057 4439 1229 4494 studia
1259 4455 1382 4494 vera
1412 4454 1516 4493 non
1548 4449 1789 4508 possunt.
1825 4440 1955 4494 Nam
1995 4439 2128 4494 fate-

2219 527 2369 565 amor
2392 529 2575 581 aequus
2600 522 2813 570 mutuus
2840 517 2984 569 sinit.
3015 515 3161 570 Vale.

2811 608 3029 662 EPIST.
3080 609 3220 663 XIX.

2707 717 2766 758 εγ
2775 720 2843 758 MM
2852 719 3014 760 ,ιοιιυε
3043 719 3319 759 PROTADIO.

2289 795 2330 846 Α
2361 795 2630 862 prosperis
2660 795 2978 851 ordiendum
3007 808 3110 862 est,
3142 805 3466 866 quapropter
3485 795 3536 849 in
3560 796 3797 864 prologo,

2219 893 2275 937 nt
2304 885 2374 938 ita
2413 885 2676 953 dixerim,
2720 887 3018 940 litterarum
3065 887 3290 940 salutem
3333 885 3803 954 valetudinetnque

2217 977 2358 1030 dico.
2396 977 2597 1031 Dehinc
2625 992 2866 1032 meorum
2891 978 3118 1046 subjicio
3146 979 3488 1045 postulatum.
3524 977 3802 1030 Flavianus

2217 1069 2304 1120 vir
2346 1067 2566 1121 illustris
2596 1077 2839 1122 nostrum
2866 1083 3153 1123 commune
3184 1069 3394 1138 pignus,
3425 1068 3516 1122 diu
3545 1069 3805 1124 eluctatus

2219 1158 2445 1212 fortuna:
2472 1173 2686 1227 aspera,
2729 1160 2820 1214 sed
2852 1159 2960 1214 divi
2995 1160 3248 1228 principis
3283 1161 3539 1214 beneficio
3569 1160 3620 1214 in
3663 1169 3804 1214 tran-

2217 1250 2438 1319 quillum
2471 1251 2744 1316 reductus,
2771 1252 2982 1307 solvere
3007 1253 3262 1306 solarium
3298 1254 3460 1320 patris
3499 1257 3679 1320 jus~ns
3705 1263 3802 1333 εκιο

2218 1341 2490 1395 taxatione
2512 1342 2804 1409 pretiorum
2827 1343 3065 1411 graviter
3088 1353 3360 1411 aggerata.
3390 1343 3573 1410 Neque
3601 1357 3792 1395 census

2223 1447 2292 1487 ex
2318 1432 2424 1486 illis
2447 1442 2595 1486 tanto
2623 1435 2772 1487 oneri
2807 1433 3076 1487 convenit.
3105 1434 3208 1486 Fac
3231 1433 3413 1500 igitur,
3447 1433 3492 1486 si
3516 1432 3644 1501 quid
3675 1433 3728 1486 in
3758 1444 3806 1483 te

2221 1524 2338 1592 opis
2359 1532 2464 1585 est,
2497 1532 2554 1576 ut
2573 1522 2785 1577 afflicta:
2815 1523 2998 1577 domui
3031 1524 3114 1592 pia
3159 1533 3456 1590 temporum
3491 1533 3672 1591 parcat
3715 1523 3806 1575 hu-

2221 1614 2450 1668 manitas
2486 1631 2500 1667 :
2545 1614 2782 1684 alioquin
2821 1617 3080 1684 integrata
3121 1631 3213 1684 per
3249 1615 3629 1684 indulgentiam
3673 1614 3804 1667 bona

2221 1706 2306 1759 vel
2333 1705 2582 1760 auctione
2612 1705 2809 1761 fenoris
2835 1706 3206 1762 detrahentur.
3257 1705 3522 1774 Sequetur
3543 1746 3557 1765 .
3601 1713 3658 1758 ut
3685 1719 3804 1773 spes

2155 1783 2197 1840 Β
2227 1804 2329 1857 est.
2367 1807 2584 1865 paterna
2631 1797 2912 1852 benefacta
2954 1798 3168 1866 juvenis
3199 1802 3498 1865 Angustus;
3547 1796 3613 1848 ad
3651 1810 3806 1862 quem

2231 1889 2388 1942 sicuti
2431 1887 2703 1942 successio
2751 1888 2958 1958 imperii
3001 1888 3060 1943 V.
3093 1888 3156 1942 C.
3183 1902 3214 1942 a
3254 1896 3402 1957 patre
3436 1885 3701 1956 pervenit,
3739 1885 3806 1938 ita

2225 1978 2476 2034 bonitatis
2500 1978 2744 2034 imitatio.
2778 1979 2925 2034 Vale.

2835 2072 3046 2127 EPIST.
3096 2071 3190 2126 XX
3203 2114 3216 2125 .

2717 2175 3026 2219 ειιιιιλοιιυε
3053 2178 3336 2219 PBOTADIO.

2301 2256 2552 2311 Ililarasti
2584 2256 2713 2310 mihi
2744 2257 3128 2318 diemlitteris,
3175 2272 3294 2326 qua:
3334 2264 3538 2308 testata:
3584 2263 3705 2310 sunt
3731 2257 3808 2308 vi-

2231 2363 2361 2419 gere
2387 2350 2527 2418 apnd
2553 2358 2605 2404 te
2652 2359 2852 2404 nostra:
2899 2349 3150 2404 amicitia:
3193 2350 3539 2418 diligentiam.
3596 2348 3810 2400 Multum

2227 2439 2431 2509 pectori
2459 2455 2579 2494 meo
2601 2439 2890 2508 voluptatis
2916 2440 3162 2508 illapsutn
3206 2450 3308 2493 est.
3347 2439 3410 2492 Et
3439 2453 3569 2492 sane
3605 2446 3809 2492 Statue-

2229 2549 2342 2588 ram
2368 2532 2582 2600 scriptis
2621 2539 2959 2586 antevertere
2993 2530 3226 2584 oflicium
3256 2541 3424 2594 tuum,
3451 2531 3495 2584 si
3529 2540 3581 2584 te
3610 2530 3810 2584 Medio-

2231 2627 2408 2680 lanum
2459 2623 2673 2678 venisse
2714 2623 3042 2677 didicissem.
3113 2621 3375 2676 Dederam
3432 2622 3630 2690 quippe
3678 2622 3814 2674 banc

2235 2715 2565 2785 provinciam
2593 2729 2851 2784 germano
2879 2721 2990 2778 tuo,
3027 2713 3178 2781 cujus
3205 2727 3387 2767 amore
3422 2714 3512 2766 tibi
3547 2728 3651 2766 non
3695 2727 3813 2767 ces-

2230 2822 2416 2871 seram,
2448 2817 2506 2862 ut
2531 2793 2822 2862 adventum
2851 2819 3077 2874 propere
3105 2804 3392 2860 nuntiaret.
3435 2805 3540 2861 Sed
3580 2805 3812 2860 colludio

2231 2901 2463 2971 quodam
2491 2909 2729 2954 moratus
2763 2897 3037 2963 indicium,
3070 2898 3162 2952 tibi
3185 2897 3459 2952 ordienda:
3483 2897 3814 2953 salutationis

2235 2995 2523 3062 primorem
2551 2991 2725 3045 locum
2759 2989 3026 3057 prmstitit.
3056 2987 3238 3057 Neque
3261 2988 3485 3042 moleste
3509 2987 3641 3053 fero,
3673 2988 3811 3056 quod

2235 3084 2371 3154 apud
2411 3097 2462 3139 te
2493 3084 2658 3152 gratia
2683 3082 2862 3136 fratris
2883 3081 3119 3136 anti~tat.
3151 3080 3355 3136 Interea
3387 3081 3810 3150 respondendum

2236 3185 2320 3230 est
2350 3171 2703 3242 inquisitioni,
2728 3186 2829 3241 qua
2853 3170 2990 3225 scire
3016 3171 3271 3238 postulas,
3297 3172 3488 3240 quibus
3509 3172 3714 3226 actibus
3734 3171 3814 3225 vi-

2232 3273 2340 3318 tam
2370 3263 2632 3316 colamus.
2685 3261 2819 3314 Dum
2853 3259 2993 3314 filius
3017 3275 3172 3314 meus
3192 3259 3394 3314 Grmcis
3419 3261 3611 3314 litteris
3639 3261 3811 3314 initia-

2231 3365 2339 3420 tur,
2363 3369 2464 3425 ego
2488 3369 2576 3409 me
2604 3353 2780 3408 denuo
2810 3351 3005 3406 studiis
3031 3354 3147 3417 ejus
3169 3352 3314 3406 velut
3333 3353 3551 3420 aequalis
3576 3352 3810 3420 adjunxi.

2231 3450 2630 3518 Repuerascere
2664 3445 2809 3500 enim
2859 3459 2956 3500 nos
2989 3447 3157 3514 pietas
3196 3445 3382 3514 jubet,
3415 3456 3470 3498 ut
3519 3446 3814 3500 litterarum

2229 3539 2564 3595 dulcedinem
2588 3537 2772 3593 liberis
2795 3537 2991 3592 nostris
3019 3537 3169 3591 labor
3193 3536 3538 3606 participatus
3560 3537 3810 3591 insinuet.

2229 3631 2357 3686 Tua:
2385 3645 2472 3685 res
2501 3645 2604 3684 non
2636 3633 2686 3684 in
2715 3629 2978 3700 germine,
3010 3628 3106 3684 sed
3151 3631 3298 3698 fruge
3329 3641 3484 3695 sunt;
3528 3632 3679 3698 cujus
3706 3632 3815 3685 elo-

2230 3723 2614 3792 quentissimus
2640 3721 2870 3788 juvenis,
2899 3729 2958 3774 ut
2982 3718 3138 3774 fando
3165 3723 3425 3787 eompv-ri,
3457 3720 3718 3789 proximis
3742 3722 3815 3775 fa:

2233 3819 2442 3874 cundia:
2463 3817 2700 3872 calcibus
2723 3827 2874 3882 urget
2903 3827 3199 3884 parentem.
3223 3817 3268 3870 Ο
3290 3827 3341 3872 te
3365 3816 3600 3883 beatum,
3619 3819 3811 3885 amice,

2231 3917 2274 3970 si
2307 3914 2569 3968 vinceris!
2619 3912 2810 3967 Nostra
2849 3912 3024 3966 adhuc
3064 3913 3325 3967 institutio
3364 3913 3581 3968 molitur
3628 3915 3814 3970 florem

2229 4020 2436 4073 creare,
2467 4019 2565 4058 nec
2594 4003 2847 4072 imperari
2880 4013 3052 4070 potest
3071 4003 3230 4058 unico
3259 4003 3432 4058 labor.
3471 4004 3653 4074 Itaque
3683 4006 3816 4060 inter

2231 4111 2434 4152 merum
2459 4105 2680 4160 metum,
2705 4103 2760 4149 et
2781 4094 3109 4163 diligentiam
3134 4095 3311 4148 lentus
3359 4095 3598 4166 pignoris
3645 4098 3813 4150 nostri

2232 4187 2500 4257 profectus
2528 4185 2812 4240 adolescit.
2844 4185 3026 4248 Plane,
3070 4193 3130 4238 ut
3166 4184 3423 4252 arbitror,
3457 4187 3694 4255 qua-sitis
3734 4200 3818 4239 sa-

2233 4279 2542 4334 tisfecimus.
2577 4277 2728 4330 Nunc
2754 4277 2988 4330 vicissim
3018 4290 3196 4330 rerum
3226 4284 3436 4330 tuarum
3460 4277 3699 4331 ordinem
3721 4293 3820 4330 cn-

2233 4373 2320 4438 pio
2349 4383 2693 4440 t-ognOScere.
2723 4367 2919 4423 Facilis
2960 4382 3161 4435 autem,
3212 4370 3254 4422 si
3288 4385 3372 4423 tne
3418 4370 3633 4438 dignum
3666 4379 3821 4439 putes

2236 4464 2447 4526 litteris,
2479 4460 2892 4516 commeantium
2935 4460 3088 4528 copia
3139 4469 3244 4526 est,
3283 4476 3403 4516 cum
3446 4463 3736 4518 tabellaris
3767 4465 3820 4517 iu

550 4533 626 4586 ris
657 4530 857 4584 invitus
887 4531 1026 4584 inter
1061 4533 1309 4600 figmenta
1351 4511 1556 4584 ludicra
1599 4531 1844 4585 morbum
1897 4531 2124 4600 legendi.
2157 4513 2208 4572 Ῑ)
2237 4511 3170 4623 ῌδςξίίηξξξιὶξίεθυιπίεοτγειθί

551 4619 669 4674 Non
701 4619 789 4674 ibo
818 4619 1046 4688 longius.
1082 4621 1288 4674 Priscas
1311 4619 1580 4674 Gallorum
1620 4622 1908 4676 memorias
1935 4623 2130 4677 deferri

548 4711 601 4764 in
635 4725 824 4764 manus
853 4719 971 4763 tuas
1013 4711 1272 4778 postulas.
1307 4710 1543 4764 Revolve
1577 4712 1814 4765 Patavini
1856 4713 2132 4782 scriptoris

546 4811 811 4867 exlrt-ma,
847 4801 1039 4870 quibus
1067 4816 1153 4854 res
1181 4799 1412 4854 Caesaris
1453 4801 1806 4867 explicantur,
1834 4814 1926 4858 aut
1955 4807 1998 4858 si
2029 4807 2132 4858 itu-

549 4907 645 4961 par
680 4903 765 4947 est
793 4893 1062 4948 desiderio
1095 4903 1184 4946 tuo
1217 4892 1415 4957 Livius,
1447 4908 1600 4947 sume
1637 4894 2046 4959 Ephetneridcm
2070 4899 2129 4952 (Σ.

545 4985 796 5052 Caesaris,
824 4986 1130 5055 decerptam
1161 4986 1552 5041 bibliotheculzc
1590 5003 1746 5052 mete,
1780 5001 1838 5042 ut
1879 4990 1974 5043 tibi
2021 5007 2137 5045 tnu-

545 5077 661 5130 neri
695 5081 1018 5131 mitteretur.
1055 5076 1179 5131 Ilzec
1224 5085 1278 5132 te
1324 5078 1578 5147 origines,
1625 5079 1781 5146 situs,
1815 5095 2037 5150 pugnas,
2083 5091 2138 5136 ct

543 5166 800 5236 quidquid
829 5167 930 5221 fuit
961 5168 1011 5220 in
1060 5169 1301 5223 moribus
1339 5177 1432 5223 aut
1471 5169 1678 5240 legibus
1706 5171 1998 5226 Galliarum
2035 5174 2134 5228 do-

543 5259 708 5314 cebit.
736 5259 940 5324 Enitar,
957 5261 1000 5314 si
1018 5263 1125 5315 fors
1149 5272 1327 5317 votum
1348 5262 1517 5332 juvet,
1541 5267 1702 5318 et‘am
1722 5265 1878 5320 Plinii
1903 5266 2135 5323 Secundi

546 5351 861 5408 Germanica
893 5353 1030 5407 bella
1060 5357 1399 5424 conquirere.
1424 5356 1709 5426 TanttSper
1749 5368 1866 5412 esto
1912 5368 2135 5414 conten-

545 5457 630 5501 lus
654 5446 756 5502 [ide
784 5447 963 5516 aperis
983 5447 1146 5502 oblati
1167 5464 1182 5513 ;
1206 5458 1260 5503 et
1294 5450 1508 5505 fratrem
1538 5461 1784 5505 nostrum
1813 5452 2131 5508 Minervium

544 5539 873 5608 scriptorum
901 5554 1140 5593 meorum
1170 5539 1558 5607 doctissimum,
1592 5553 1647 5598 et
1688 5543 2130 5614 benignissimum

544 5631 774 5694 judicem
799 5632 915 5700 (cur
935 5631 1108 5687 dicam
1128 5631 1554 5702 judicem,qucm
1580 5637 1722 5691 malo
1744 5638 2127 5707 plausorem?),

547 5734 608 5771 ac
631 5723 832 5777 sociant
859 5723 1141 5781 lectionis:
1173 5740 1477 5794 quanquam
1511 5726 1610 5783 hoc
1638 5743 1666 5782 a
1703 5739 1755 5786 te
1795 5730 1908 5786 scio
1937 5746 2130 5801 nequa-

2839 4639 3055 4694 EPIST.
3089 4640 3229 4694 XXI.

2722 4748 2779 4788 ει
2789 4749 3034 4788 ιηιειοιιιιε
3065 4749 3321 4789 ῐνιιοΐιιυιο

2313 4827 2439 4880 Post
2466 4825 2613 4879 urbis
2641 4837 2838 4878 nostra:
2880 4825 3208 4878 exitiabilem
3242 4825 3456 4888 famem,
3488 4841 3546 4880 re
3583 4827 3823 4879 fruun-n-

2249 4918 2380 4972 taria
2411 4916 2462 4970 in
2483 4916 2819 4983 tranquillum
2852 4914 3092 4979 reducta,
3134 4930 3282 4969 oram
3311 4915 3616 4984 Campaniae
3643 4933 3826 4971 acces-

2241 5022 2439 5061 seram.
2469 5005 2828 5060 Commodum
2865 5005 3032 5058 adfuit
3056 5005 3343 5060 Martianus
3375 5007 3594 5060 intimus
3618 5016 3829 5071 vester,

2242 5107 2295 5152 et
2327 5097 2455 5150 mihi
2481 5111 2578 5164 per
2599 5109 2693 5148 vos
2718 5095 2922 5150 amicus
2949 5105 3238 5164 apportans
3269 5096 3476 5150 litteras
3507 5106 3658 5152 tuas:
3687 5113 3834 5168 quas

2242 5189 2331 5244 ubi
2359 5189 2494 5244 lzctis
2522 5189 2692 5244 oculis
2717 5189 2977 5258 percurri,
3003 5198 3156 5242 aucta
3189 5198 3272 5244 est
3293 5189 3436 5258 apud
3465 5204 3552 5244 me
3577 5191 3832 5246 celebra-

2241 5293 2414 5337 torum
2448 5283 2685 5336 Iittorum
2741 5281 2931 5350 gratia.
2964 5280 3050 5335 Fit
3093 5281 3232 5336 enim
3282 5283 3621 5353 plerumque,
3667 5293 3726 5338 ut
3760 5299 3832 5339 ex

2245 5377 2396 5431 battis
2423 5375 2807 5441 accidentibus,
2835 5376 3005 5429 honor
3041 5384 3093 5429 ct
3132 5375 3377 5446 voluptas
3417 5377 3654 5432 locorum
3700 5395 3836 5435 cre-

2243 5477 2378 5529 scat,
2401 5475 2456 5520 et
2483 5465 2682 5519 amoris
2713 5465 2860 5534 signa
2887 5466 3154 5535 praeferat.
3177 5467 3307 5521 Nam
3335 5483 3492 5523 nemo
3513 5467 3839 5538 ﬂagrantius

2242 5555 2530 5610 amicitiam
2559 5555 2704 5619 colit,
2729 5571 2886 5626 quam
2908 5558 2997 5626 qui
3024 5557 3270 5612 irascitur
3291 5559 3647 5629 negligentite.
3667 5561 3841 5626 Quod

2242 5650 2317 5706 ita
2341 5649 2574 5719 accipias
2597 5651 2743 5718 volo,
2777 5659 2833 5704 ιιι
2872 5666 3029 5706 causa
3058 5651 3220 5707 officii
3251 5652 3356 5708 mei
3386 5655 3530 5708 salva
3560 5653 3671 5710 sit:
3707 5657 3844 5709 nul.

2243 5741 2351 5796 Ium
2377 5740 2574 5808 quippe
2603 5739 2857 5797 deﬂetum
2884 5757 3029 5798 cura:
3058 5759 3182 5810 erga
3213 5753 3265 5801 te
3296 5742 3538 5812 frigentis
3562 5759 3844 5808 agnosco.
