4046 6170
245 281 336 335 229

1388 284 1869 343 EPISTULAIIUM
1913 288 2110 344 LIBER
2155 290 2236 347 IV.

3380 302 3490 357 230

242 391 360 456 Quid
382 387 521 459 quod
544 389 803 459 proxime,
838 401 973 447 teste
1000 393 1162 450 fratre
1188 397 1460 451 communi
1487 412 1649 467 quem
1672 412 1781 454 ma-
1813 402 1862 463 Α
1893 400 1968 456 De
1989 417 2096 468 me,
2130 403 2175 458 si
2225 403 2354 473 quid
2406 418 2502 474 pro
2533 407 2765 463 amicitia
2830 410 3068 479 postulas
3104 410 3345 481 edoceri,
3374 421 3480 472 erit

240 491 473 552 gtstratns
517 481 659 536 urbis
701 482 1064 552 amplectitur,
1093 485 1364 556 geminam
1414 487 1512 544 tibi
1562 489 1793 544 salutem

239 591 328 646 per
348 573 590 641 epistolas
619 572 776 629 dixi?
804 573 942 631 Num
968 577 1131 632 etiam
1163 579 1580 635 commeantium
1633 580 1791 636 ﬁdem

240 666 616 737 debeowogita
647 665 702 721 in
734 666 1020 738 longinqua
1052 683 1205 724 raras
1234 680 1323 725 aut
1357 671 1596 726 occultas
1620 671 1794 728 homi-

238 772 348 812 num
370 754 748 825 profectiones;
782 758 921 811 adde
951 760 1229 827 perfidiam
1256 760 1508 815 mandata
1533 761 1790 817 frustran-

239 852 371 904 tiunt.
398 848 507 902 Non
552 848 831 903 accusabis
878 849 1138 911 absentis,
1174 859 1231 905 ut
1278 866 1460 920 spero,
1503 852 1786 916 desidiam,

236 941 275 995 si
298 941 615 1008 consideres,
657 950 714 995 et
745 942 797 994 in
826 940 1137 996 emittendis
1177 946 1387 1014 paginis
1415 946 1646 1001 alienam
1696 963 1785 1001 re-

236 1031 351 1102 quiri
376 1032 733 1100 occasionem,
763 1041 820 1086 et
859 1033 914 1087 in
945 1033 1233 1088 reddendis
1280 1036 1508 1092 alienam
1559 1038 1788 1094 fidelitao

236 1135 344 1179 tera.
364 1122 464 1180 Sed
491 1123 615 1193 quid
636 1122 721 1178 Itis
747 1126 1072 1182 testimoniis
1092 1127 1425 1198 diligentiam
1453 1130 1507 1184 in
1531 1142 1583 1186 te
1610 1146 1783 1185 meam

232 1218 353 1269 nitor
402 1217 683 1271 asserere!
731 1220 906 1285 Ipsum
955 1228 1200 1274 nostrum
1246 1222 1564 1278 Martianum
1619 1227 1786 1281 credo

231 1305 309 1361 tibi
332 1304 509 1362 sedulo
537 1307 861 1375 prodidisse,
891 1320 1091 1378 quanta
1123 1313 1383 1367 memoria
1424 1324 1481 1368 et
1527 1316 1786 1383 praedica-

231 1398 294 1453 tio
317 1398 387 1453 tui
410 1399 462 1453 in
488 1413 584 1454 ore
612 1415 677 1455 ac
704 1410 925 1469 pectore
959 1418 1083 1458 meo
1110 1405 1304 1474 vigeat.
1335 1405 1453 1461 Iam
1496 1423 1628 1463 vero
1654 1411 1780 1479 quid

228 1488 283 1545 tle
312 1490 514 1560 scriptis
544 1491 682 1546 meis
712 1496 792 1547 vel
839 1493 1058 1549 silentio
1102 1499 1326 1563 sentias,
1360 1512 1466 1552 non
1518 1503 1735 1570 requiro
1765 1518 1779 1555 :

227 1583 456 1652 siquidem
482 1584 663 1637 minus
687 1592 792 1652 est,
843 1594 894 1639 te
925 1586 1233 1656 frequenter
1259 1590 1483 1659 alloqui,
1514 1607 1675 1662 quam
1712 1593 1781 1648 de

228 1683 270 1727 te
297 1672 481 1744 iugiter
506 1676 678 1744 loqui.
705 1677 841 1742 Quid
873 1692 1002 1748 ergo
1048 1681 1244 1749 scripta
1279 1682 1540 1749 postulas,
1586 1685 1779 1754 quibus

228 1780 349 1834 saepe
376 1767 508 1823 male
554 1769 839 1825 creditur?
888 1771 992 1826 hoc
1039 1772 1284 1840 liberius,
1315 1777 1419 1830 hoc
1461 1780 1644 1833 verius
1672 1788 1775 1845 est,
1811 1778 1857 1838 Β

229 1857 344 1927 quod
371 1857 609 1913 defertur
640 1860 873 1915 absenti.
923 1860 1129 1933 Itaque,
1160 1871 1220 1918 ut
1247 1865 1349 1929 vis,
1396 1865 1631 1934 gloriare
1660 1871 1781 1940 styli

227 1948 503 2021 frequentia,
533 1966 642 2023 ego
669 1951 906 2008 ofﬁcium
933 1964 1079 2009 tuum
1109 1956 1266 2013 vinco
1286 1958 1509 2028 judicio.
1542 1959 1690 2017 Vale.

772 2046 986 2102 EPIST.
1020 2046 1189 2101 XXII.

671 2151 979 2195 SYRIACIIUS
1010 2156 1293 2197 PROTANO.

280 2224 513 2282 Geminus
553 2231 717 2299 parit-
739 2245 765 2284 r
798 2231 849 2283 in
883 2246 1073 2286 manus
1100 2248 1251 2288 meas
1278 2249 1309 2289 a
1340 2244 1394 2290 te
1421 2249 1604 2291 sermo
1648 2252 1776 2308 per-

227 2328 377 2383 venit,
421 2320 546 2374 dum
604 2322 903 2393 multijugis
956 2324 1148 2379 officiis
1195 2327 1486 2383 amicitiam
1538 2342 1774 2385 nostram

226 2413 371 2481 pergis
394 2416 673 2474 excolere.
699 2420 817 2484 Quo
847 2401 1118 2488 exemplo,
1173 2421 1296 2475 licet
1344 2421 1520 2477 omnis
1564 2423 1778 2480 affectio

225 2506 352 2562 modo
377 2522 477 2563 non
505 2524 737 2567 munere
763 2520 1080 2579 censeatur,
1122 2513 1292 2568 reddo
1323 2513 1418 2569 tibi
1446 2514 1601 2571 binas
1630 2515 1778 2572 litte-

224 2612 309 2663 ras,
335 2614 546 2671 quarum
605 2603 741 2658 alias
787 2603 952 2660 frater
992 2612 1177 2660 noster
1228 2606 1489 2661 Eusebius
1534 2622 1657 2675 pars
1685 2623 1779 2678 pe-

224 2692 357 2747 rtoris
374 2695 495 2761 mei,
526 2696 633 2749 has
662 2711 794 2751 vero
816 2697 983 2766 frugis
1013 2697 1229 2766 Optimae
1251 2698 1467 2768 juvenis
1484 2699 1774 2769 Martyrius

223 2784 477 2841 exhibebit.
525 2786 813 2858 Simulque
864 2789 1151 2853 convenio,
1203 2799 1263 2843 ttt
1305 2789 1462 2846 ﬁdem
1486 2778 1776 2849 solutionis

224 2875 346 2932 istius
384 2881 697 2937 memineris
729 2882 991 2952 aemulari,
1023 2898 1144 2938 cum
1179 2894 1230 2937 te
1261 2886 1492 2953 coeperit
1517 2884 1775 2956 frequen-

225 2977 327 3024 tutn
360 2973 670 3043 paginarum
706 2973 942 3029 vicissim
977 2976 1129 3029 fenus
1158 2990 1373 3046 urgere.
1409 2975 1555 3034 Vale.

769 3065 983 3121 EPIST.
1014 3066 1205 3121 XXIII.

672 3172 981 3212 εγωιλειωε
1032 3174 1317 3214 PIIOTADIO.

276 3242 579 3302 Observalio
628 3247 873 3317 quaedam
927 3263 1013 3302 me
1060 3249 1339 3319 hucusque
1366 3249 1675 3315 cohibebat,
1709 3267 1777 3306 ne

224 3331 394 3390 litteras
423 3338 633 3406 primus
664 3339 988 3394 emitterent.
1020 3339 1175 3394 Hunc
1216 3342 1360 3395 enim
1393 3356 1597 3397 morem
1625 3358 1775 3413 qum.-

223 3424 318 3482 tlam
341 3429 607 3487 institutio
635 3441 845 3486 vetusta
875 3431 1194 3497 constituit;
1226 3444 1280 3487 ut
1305 3449 1494 3489 eorum
1522 3447 1649 3490 ante
1686 3453 1773 3491 re-

224 3529 374 3575 currat
420 3523 650 3589 allatus,
708 3537 845 3592 quos
900 3539 931 3579 a
983 3539 1201 3594 proprio
1255 3525 1367 3579 lare
1419 3527 1777 3596 peregrinatio

225 3606 350 3679 longa
394 3612 763 3669 disterminat.
792 3616 907 3683 Ago
939 3614 1118 3684 itaque
1167 3624 1331 3682 atque
1378 3614 1552 3670 habeo
1581 3617 1777 3672 uberes

224 3705 390 3768 gratias
416 3718 723 3774 praeventus
772 3706 975 3775 ofﬁcio,
1002 3721 1110 3777 quo
1142 3716 1193 3762 te
1238 3707 1498 3777 languore
1529 3709 1776 3766 discusso

227 3793 392 3849 rectius
415 3798 595 3852 valere
644 3797 895 3866 cognovi,
928 3807 982 3851 et
1013 3798 1144 3851 mihi
1173 3798 1238 3851 ad
1287 3797 1631 3855 scribendum
1662 3816 1775 3855 ma-

226 3899 326 3937 num
352 3886 746 3955 quodammodo
791 3902 915 3943 esse
956 3897 1270 3943 reseratam.
1300 3888 1401 3943 Pro
1428 3893 1535 3959 qua
1572 3906 1631 3945 re
1661 3908 1773 3948 nte-

226 3970 359 4029 liores
382 3977 471 4031 tibi
502 3986 636 4047 opto
665 3993 969 4047 processus.
997 3978 1129 4033 Nam
1159 3979 1261 4033 etsi
1308 3981 1605 4035 secundum
1662 3998 1776 4035 mo-

226 4077 295 4119 res
319 4081 374 4121 ac
417 4070 621 4124 natales
653 4078 707 4123 tu
748 4084 774 4121 s
822 4069 1086 4124 honorum
1131 4070 1344 4125 culmen
1403 4071 1653 4141 indeptus
1682 4087 1772 4138 es;

227 4157 420 4213 necdum
447 4172 626 4216 tamen
652 4163 944 4231 perfectum
969 4163 1247 4232 praemium
1271 4163 1617 4235 debitamque
1632 4182 1774 4220 mer-

225 4248 381 4304 cedem
402 4253 489 4307 tzbi
507 4253 719 4308 fortuna
742 4254 1138 4319 restituit.Quae
1156 4254 1255 4309 etsi
1280 4256 1332 4309 in
1360 4265 1414 4310 te
1433 4270 1622 4324 magna
1644 4272 1776 4311 con-

224 4340 394 4405 tulerit,
422 4360 696 4414 nunquam
721 4354 868 4399 tuum
884 4346 1117 4415 mquabit
1141 4349 1411 4402 meritum.
1436 4347 1588 4403 Nunc
1609 4352 1773 4405 redeo

225 4430 275 4480 ad
305 4431 447 4488 terba
491 4435 775 4500 solemnia,
803 4436 999 4506 quibus
1042 4438 1381 4493 salutationis
1431 4437 1670 4493 ofﬁcium
1701 4440 1768 4497 de

1896 495 2243 563 quaesitorum
2285 496 2469 567 index,
2500 501 2591 568 qui
2622 514 2800 556 rerum
2830 517 3070 557 mearum
3120 503 3329 560 arbiter
3354 504 3476 561 fuit.

1896 586 2126 643 Tantum
2158 588 2400 658 epistolae
2447 605 2581 646 mete
2623 593 2809 654 crede,
2846 594 2989 663 quod
3038 595 3268 657 valeam,
3298 597 3482 665 tuique

1893 679 2224 749 diligentiam
2252 681 2447 745 colam,
2471 698 2630 751 quam
2682 684 2813 740 tnihi
2858 687 2927 742 de
2975 696 3026 742 te
3070 687 3301 743 invicem
3346 687 3480 744 ﬁdes

1896 774 2087 827 :cmula
2111 775 2416 843 pollicetur.
2447 776 2596 833 Vale.

2491 910 2704 964 EPIST.
2740 911 2902 966 XXV.

2353 1016 2661 1059 SVMMACIIUS
2701 1019 2982 1059 PIIOTADIO.

1965 1087 2270 1145 Desideravi
2304 1089 2508 1146 litteras
2532 1102 2650 1147 tuas
2675 1093 3088 1150 adventantibus
3118 1098 3473 1169 multis,quos

1892 1181 2024 1234 mihi
2051 1196 2355 1238 sermonem
2387 1196 2535 1239 tuum
2563 1203 3011 1257 prtesumpseram
3037 1190 3348 1244 tradituros.
3368 1193 3473 1248 Sed

1889 1275 1975 1327 ubi
2009 1278 2463 1343 exspectationem
2499 1293 2670 1333 meam
2712 1294 2836 1347 spes
2896 1281 2995 1334 ista
3052 1283 3299 1337 frustrata
3351 1296 3467 1352 est,

1889 1364 2035 1419 ultro
2055 1367 2215 1419 etiam
2248 1367 2445 1437 alloqui
2492 1364 2693 1435 studui,
2725 1382 2788 1425 ut
2840 1383 2890 1426 te
2936 1374 3186 1441 exemplo
3211 1374 3374 1430 officii
3405 1377 3472 1431 ad

1886 1468 2069 1509 curam
2093 1455 2322 1511 similem
2353 1472 2721 1525 provocarem.
2771 1462 2968 1528 Qumso
3002 1464 3160 1532 igitur
3190 1479 3258 1519 ne
3283 1467 3472 1519 amici-

1888 1546 1976 1599 tize
2002 1546 2239 1615 vigorem
2278 1547 2556 1616 languere,
2582 1561 2636 1605 et
2666 1556 2842 1605 omnia
2868 1553 3062 1622 frigere
3093 1555 3334 1623 patiaris,
3353 1571 3473 1624 qua:

1885 1638 2236 1707 impatienter
2264 1643 2512 1711 requiro;
2546 1642 2667 1697 licet
2700 1647 2945 1699 noverim
2976 1646 3306 1716 diligentiam
3330 1649 3471 1703 circa

1889 1747 1973 1785 me
2002 1734 2347 1796 tuam,etiam
2370 1749 2490 1789 cum
2516 1735 2702 1806 scripti
2726 1736 3008 1793 abstinens
3038 1740 3133 1804 sis,
3161 1738 3265 1795 ﬁdo
3292 1742 3472 1796 animo

1889 1824 2176 1880 contineri.
2205 1825 2356 1881 Vale.

2419 1896 2637 1952 EPIST.
2671 1898 2862 1953 XXVI.

2354 2002 2666 2044 εγκιωοηυε
2718 2005 3004 2045 PROTADIO.

1956 2075 2300 2146 Amplissima
2328 2078 2573 2134 redundo
2618 2081 2824 2149 laetitia,
2851 2095 2974 2137 cum
3001 2082 3159 2139 video
3181 2084 3459 2141 litterariis

1882 2168 2079 2225 officiis
2113 2170 2251 2227 meis
2296 2170 2557 2228 honorem
2608 2173 2832 2243 parilem
2878 2191 2988 2229 non
3047 2178 3259 2245 negari;
3310 2187 3471 2249 atque

1886 2262 2007 2317 ideo
2075 2263 2365 2319 exercendi
2431 2264 2555 2335 styli
2621 2279 2807 2320 amore
2880 2265 3220 2322 destimnlor.
3276 2269 3462 2339 Neque

1882 2353 2024 2407 enim
2060 2353 2140 2407 fas
2168 2367 2251 2409 est
2305 2363 2522 2423 torpere
2550 2355 2808 2423 studium,
2837 2358 2979 2427 quod
3014 2373 3165 2427 aqua
3221 2360 3458 2429 benigni-

1885 2455 1965 2499 tas
2007 2447 2451 2515 compensatioue
2477 2447 2662 2516 gratia:
2684 2459 3014 2503 muneratur.
3048 2449 3207 2505 Plura
3240 2452 3468 2517 vellem;

1880 2536 1974 2589 sed
2006 2536 2382 2591 verecundiam
2434 2546 2580 2592 tuam
2626 2539 2796 2595 nimio
2844 2540 3021 2595 laudis
3067 2556 3296 2596 excursu
3354 2558 3462 2596 non

1879 2638 2095 2694 Oportet
2137 2629 2372 2685 onerari.
2410 2630 2558 2695 Vale,
2588 2639 2643 2686 et
2676 2632 2990 2697 amicitiam,
3021 2632 3178 2687 sicuti
3231 2632 3384 2699 facis,
3416 2634 3467 2686 in

1880 2720 2188 2789 exemplum
2214 2720 2509 2776 tuere.Nos
2532 2724 2632 2776 etsi
2656 2722 2920 2793 elegantia
2940 2723 3209 2777 sermonis
3236 2722 3465 2791 impares

1879 2822 2100 2876 smnus,
2131 2812 2433 2866 constantia
2487 2812 2767 2882 religionis
2824 2828 2982 2883 pares
3034 2827 3158 2869 esse
3208 2814 3466 2869 nitemur.

1881 2899 2076 2956 lterum
2106 2902 2241 2957 vale.

2438 2971 2657 3029 EPIST.
2692 2972 2905 3029 XXVII.

2360 3077 2676 3118 SYIIIIACIIUS
2715 3079 3000 3119 PROTADIO.

1813 3152 1859 3215 C
1961 3151 2031 3208 Ut
2055 3152 2293 3209 desidem
2324 3155 2593 3209 scribendi
2623 3169 2768 3224 smpe
2794 3170 3039 3212 accusas.
3072 3156 3212 3225 Quid
3249 3158 3464 3215 doleam

1880 3250 2070 3316 magis,
2106 3245 2302 3301 nescio.
2322 3246 2512 3301 Sermo
2544 3248 2779 3302 omissus
2806 3248 3059 3305 amictite
3088 3252 3464 3321 negligentiam

1881 3336 2091 3392 videtur
2117 3352 2363 3408 arguere,
2393 3353 2587 3408 parcus
2632 3338 2938 3394 infantiam.
2981 3341 3121 3396 Malo
3167 3352 3347 3398 tamen
3379 3347 3457 3399 in.

1877 3430 2037 3499 genio
2066 3445 2185 3484 meo
2206 3430 2530 3499 convicium,
2555 3446 2715 3500 quam
2745 3432 2986 3488 moribus
3010 3435 3174 3489 facias
3203 3451 3217 3488 :
3245 3438 3457 3506 quibus,

1877 3520 2117 3588 quamliu
2160 3520 2277 3590 ipse
2330 3521 2437 3576 mei
2485 3536 2604 3576 sum
2657 3537 2883 3591 memor,
2918 3524 3156 3593 objicere
3208 3530 3283 3582 tui
3331 3529 3461 3584 obl“-

1878 3609 2091 3665 vionem
2120 3626 2230 3668 non
2260 3620 2434 3682 potes.
2456 3611 2700 3682 Castigas
2726 3612 2740 3667 i
2764 3614 2914 3678 item,
2946 3615 3088 3685 quod
3124 3626 3176 3673 te
3202 3617 3457 3674 fratribus

1880 3705 1986 3759 tuis
2015 3705 2241 3760 dicenda
2270 3706 2442 3763 salute
2462 3707 2934 3763 consociem.Sum
2965 3709 3180 3778 quidem
3208 3711 3459 3782 loquendi

1878 3813 2081 3868 pauper
2109 3810 2162 3853 et
2193 3810 2351 3855 tenax
2381 3803 2621 3856 cartultr.
2649 3802 2754 3857 Sed
2788 3809 2841 3858 te
2876 3802 3004 3855 milti
3037 3802 3168 3858 dare
3198 3806 3328 3860 vitio
3356 3822 3462 3860 non

1876 3898 2109 3959 oportet,
2141 3891 2282 3960 quod
2316 3891 2434 3945 illos
2462 3900 2671 3948 constat
2692 3894 2962 3961 amplecti.
2987 3893 3130 3949 Facit
3163 3905 3342 3951 autem
3374 3897 3457 3953 lex

1874 3984 2040 4039 curiae
2065 3995 2284 4050 nostras,
2316 3992 2375 4039 ut
2402 3986 2622 4056 majoris
2669 3987 2809 4053 apud
2842 4002 2929 4042 tne
2981 3990 3189 4043 numeri
3242 3992 3461 4047 antistet

1876 4076 2188 4132 auctoritas.
2221 4077 2360 4145 Quid
2399 4078 2442 4132 si
2475 4092 2571 4132 vos
2597 4092 2698 4131 una
2745 4078 2810 4131 ad
2858 4093 3061 4134 mensm
3090 4081 3461 4148 genialitatent

1874 4170 2165 4224 vocarent?
2190 4169 2371 4225 Nolles
2411 4169 2601 4225 eodem
2629 4184 2751 4224 cum
2785 4168 3037 4226 fratribus
3069 4172 3227 4227 thoro
3255 4174 3460 4241 accipi!

1873 4260 1984 4316 Nec
2020 4260 2296 4326 invideris,
2327 4262 2369 4315 si
2402 4262 2563 4315 unius
2611 4260 2855 4329 epistolae
2908 4262 3166 4327 creditor,
3201 4272 3460 4331 qumstum

1873 4352 2271 4422 quodammodo
2295 4352 2363 4407 de
2392 4353 2549 4407 vobis
2572 4367 2748 4405 usura:
2779 4350 3008 4419 triplicis
3036 4367 3286 4408 exerceo.
3313 4353 3457 4409 Nihil

1873 4446 2014 4500 enim
2045 4444 2173 4498 mihi
2195 4458 2225 4496 a
2254 4442 2477 4512 singulis
2502 4459 2595 4512 pro
2615 4442 2788 4497 altero
2809 4441 3056 4497 solvitur.
3082 4444 3189 4497 Aut
3213 4458 3312 4499 cur
3337 4461 3458 4502 mea

228 4534 352 4578 more
380 4528 706 4595 persolvens,
746 4541 987 4584 mutuum
1018 4547 1211 4587 munus
1238 4544 1493 4600 exposco.
1512 4530 1770 4603 Intelligis
1801 4519 1849 4580 D
1873 4537 2049 4590 ofﬁcia
2078 4534 2243 4589 dividi
2277 4532 2683 4604 postnlati~,qui
2705 4532 2771 4587 ad
2802 4534 3235 4603 espr‘obrandum
3269 4545 3449 4592 vestra

225 4613 340 4669 enim
358 4617 718 4676 vicissitudine
760 4622 1107 4678 scribentium
1134 4624 1342 4677 animos
1364 4623 1595 4677 incitari.
1616 4622 1762 4679 Vale.

754 4710 969 4768 EPIST.
1007 4712 1196 4767 XXIV.

665 4816 979 4859 SVIIIACBUS
1007 4818 1293 4859 PROTAD'O.

281 4910 482 4970 Exstant
511 4917 563 4971 in
611 4921 977 4973 monumentis
1005 4918 1349 4974 Sallustianis
1382 4917 1622 4971 Africani
1676 4916 1765 4972 lit-

223 5009 330 5057 tera:
372 5022 497 5076 quas
525 5008 786 5077 Jugurtha
821 5019 941 5078 post
971 5009 1242 5065 excidium
1269 5008 1652 5063 Numantinum
1691 5009 1758 5063 ad

223 5090 472 5165 Ilicypsam
525 5109 690 5155 testes
737 5100 954 5156 decoris
1002 5105 1081 5155 sui
1126 5102 1365 5170 pertulit.
1398 5100 1505 5155 Has
1554 5116 1655 5170 ego
1707 5102 1761 5155 in

222 5191 468 5249 prasentia
512 5190 693 5246 fratris
731 5192 899 5247 nostri
931 5191 1225 5247 Florentini
1277 5191 1497 5246 nomine
1530 5193 1598 5245 ad
1642 5207 1754 5246 ver-

222 5276 325 5331 bum
350 5280 665 5337 mandandas
693 5283 904 5352 paginis
935 5292 1064 5350 puto
1096 5299 1109 5335 :
1140 5282 1262 5351 quia
1300 5281 1460 5336 ambo
1510 5279 1567 5334 in
1596 5294 1763 5350 nego-

220 5366 293 5420 tiis
314 5369 415 5425 suis
439 5372 550 5440 pari
578 5373 746 5442 gloria
773 5372 1181 5439 splenduerttnt,
1215 5372 1285 5425 ita
1332 5371 1612 5439 utriusque
1655 5373 1763 5423 vir-

219 5459 298 5510 tnti
340 5459 471 5517 idem
501 5465 790 5520 testimonii
824 5464 997 5519 honor
1046 5464 1310 5534 congruit.
1348 5461 1416 5516 Et
1462 5461 1613 5516 illum
1643 5461 1762 5531 qui-

218 5549 320 5603 dem
346 5549 517 5622 Scipio
539 5556 646 5626 regi
676 5556 920 5612 Numida:
950 5556 1138 5612 volens
1177 5553 1406 5610 reddidit
1439 5571 1453 5607 :
1485 5568 1585 5609 nos
1610 5553 1761 5608 inviti

220 5647 343 5697 tanto
365 5659 670 5705 ornamento
700 5652 794 5704 tibi
818 5650 1083 5705 cedimus.
1104 5647 1401 5703 Fatendum
1424 5647 1624 5717 quippe
1653 5654 1758 5711 est,

219 5730 264 5785 ll
285 5736 492 5797 alliam
523 5750 662 5798 tuam
710 5743 929 5807 factum,
962 5752 1018 5797 ut
1059 5743 1200 5797 hunc
1228 5741 1378 5797 abire
1422 5748 1758 5806 pateremur.

1870 4628 2133 4698 conjungi.
2146 4629 2224 4683 is?
2262 4628 2407 4683 Vale.

2408 4719 2627 4776 EPIST.
2670 4717 2910 4774 XXVIII.

2354 4826 2661 4867 SYIIACIIUS
2698 4824 2977 4865 PBD‘I’ADIO.

1942 4902 2155 4972 Ingenia
2184 4901 2415 4957 humana
2440 4909 2687 4971 prompta
2717 4900 2786 4956 ad
2807 4900 3141 4969 arguendum
3170 4915 3297 4957 esse
3336 4916 3453 4956 om-

1870 4997 2027 5052 nibus
2058 4998 2245 5067 liquet.
2268 4996 2372 5051 Sed
2406 5003 2459 5049 tn
2490 4996 2580 5064 qui
2625 4994 2765 5049 inter
2807 4995 2944 5047 bona
2977 5008 3098 5047 rara
3128 4997 3451 5049 numeraris.

1866 5096 2058 5145 omitte
2083 5090 2276 5144 sectari
2303 5103 2397 5156 per
2424 5097 2667 5140 naturaet
2702 5085 2974 5151 faciliora;
2998 5098 3053 5140 et
3078 5086 3447 5142 defensionem

1867 5181 2007 5252 l0ugi
2041 5178 2238 5235 silentii
2264 5178 2365 5233 mei
2393 5180 2629 5245 suscipe,
2655 5193 2773 5246 quae
2803 5176 3043 5231 abundat
3074 5178 3317 5246 plurimis
3333 5178 3424 5246 jus

1871 5273 2005 5329 tiliae
2032 5270 2374 5344 patrociniis;
2405 5269 2453 5324 si
2483 5270 2867 5338 contempleris
2893 5272 3222 5326 adviciniam
3250 5270 3446 5337 Rheni,

1867 5383 1898 5423 a
1925 5383 2029 5438 qua
2060 5380 2201 5420 nunc
2227 5375 2279 5419 et
2319 5365 2554 5433 optimus
2579 5364 2848 5432 princeps,
2879 5374 2933 5420 et
2979 5367 3293 5436 potissimus
3328 5350 3448 5420 nta-

1867 5461 2119 5531 gistratus
2165 5458 2342 5521 abest,
2372 5455 2576 5511 nullum
2628 5466 2929 5511 nostrarum
2978 5459 3206 5529 partium
3252 5458 3449 5512 interm

1867 5554 1967 5607 loci
2008 5564 2335 5607 commeare.
2368 5546 2504 5602 Fors
2550 5545 2685 5611 fuat,
2712 5563 2777 5602 an
2821 5551 2942 5619 quis
2975 5559 3178 5603 tantum
3230 5550 3334 5603 vite
3377 5552 3449 5606 ob

1864 5658 1979 5699 rem
2013 5642 2270 5711 privatam
2296 5640 2426 5695 tnilti
2477 5638 2752 5709 ignoratus
2781 5641 3023 5708 arripiat.
3064 5638 3183 5695 Tibi
3234 5640 3447 5710 proﬁci-

1866 5733 2127 5791 scentium
2184 5732 2406 5787 Romam
2450 5731 2626 5800 major
2671 5729 2911 5785 facultas.
2970 5728 3173 5796 Primo,
3212 5733 3335 5798 quia
3389 5732 3443 5789 itt
