4074 6176
546 304 645 361 ςιω

1711 304 1774 370 Q.
1817 300 2159 358 AURELIUS
2197 299 2634 357 SYMMACIIUS.

3694 297 3793 353 ἱδὲ

548 427 829 469 commune
850 414 1056 482 Imperii
1077 419 1234 482 caput
1255 413 1485 484 undique
1505 423 1742 480 gentium
1764 413 2108 467 convenitur:
2144 416 2194 472 Α
2221 426 2341 465 nem
2369 409 2662 478 diligentia:
2699 409 2752 463 in
2791 423 2876 464 me
2912 418 3015 463 tua:
3055 408 3244 465 factam
3276 408 3474 478 putavi.
3523 408 3688 464 Tanta
3715 424 3791 466 est

550 515 657 560 tntn
683 505 824 574 quod
863 506 1334 559 clementissimum
1377 506 1668 573 principem
1717 506 1769 557 in
1818 503 1916 556 hac
1965 511 2116 571 parte

550 597 851 665 degentem,
881 596 1024 649 varia
1055 595 1292 649 omnium
1323 595 1608 657 desideria,
1642 594 1724 647 vel
1771 594 2118 648 necessitates

552 695 863 756 sequuntur.
906 685 974 739 Et
1022 696 1196 740 tamen
1254 699 1375 739 cum
1421 685 1731 740 tabellarios
1779 684 1873 738 tibi
1933 684 2118 754 plures

550 789 725 828 eausre
755 773 999 838 offerant,
1049 788 1199 843 aeque
1227 788 1256 827 a
1297 774 1437 844 stylo
1483 783 1770 844 temperas,
1803 789 1903 830 nec
1952 775 2057 827 ulla
2089 788 2118 827 a

553 865 704 918 nobis
753 866 1181 932 expostulatione
1227 867 1619 933 perstringeris.
1671 865 1821 919 Facit
1853 865 1996 920 enim
2036 880 2121 920 se-

552 959 751 1009 curitas
775 971 910 1019 mea,
945 964 1002 1009 ut
1023 955 1171 1024 diligi
1201 971 1285 1010 me
1311 957 1469 1011 etiam
1497 971 1526 1010 a
1558 964 1769 1011 tacente
1815 971 1919 1010 non
1950 957 2121 1011 ambi-

551 1060 691 1114 gam.
721 1045 860 1114 Ergo
889 1045 1138 1100 amicitia:
1187 1054 1384 1100 nostra:
1429 1045 1619 1100 fiducia
1663 1062 1768 1100 non
1811 1061 1880 1101 ex
1928 1047 2121 1102 litteris

554 1137 802 1201 pendeat.
852 1137 1068 1190 Illarum
1119 1137 1396 1192 intervalla
1429 1138 1538 1191 fors
1575 1138 1717 1193 facit.
1755 1139 1913 1194 Fides
1939 1149 2119 1194 autem

554 1241 752 1282 mutua:
773 1228 1060 1298 diligentia:
1083 1228 1385 1298 indignatur
1413 1231 1604 1298 Iingute
1634 1232 2007 1284 assertionem.
2043 1233 2120 1285 Ad

556 1321 656 1374 hoc
683 1321 842 1373 etiam
875 1319 1108 1388 prolixas
1133 1320 1388 1388 epistolas
1417 1322 1574 1389 petis,
1610 1329 1857 1389 tanquam
1889 1322 2122 1374 facturus

558 1411 875 1478 periculum,
904 1419 1157 1476 quantum
1190 1411 1239 1463 in
1275 1410 1560 1464 scribendo
1585 1424 1715 1464 cana
1747 1419 1904 1464 :etate
1948 1410 2124 1478 profe-

555 1499 743 1553 cerim.
798 1500 1020 1567 Semper
1072 1498 1283 1567 quidem
1331 1499 1521 1553 similis
1575 1501 1847 1553 arentibus
1900 1500 2118 1564 rivulis,

560 1591 790 1643 laxiores
821 1589 967 1656 ripas
998 1589 1186 1657 refugi,
1212 1600 1269 1641 ut
1296 1589 1527 1658 in0piam
1557 1591 1791 1644 brevitas
1815 1590 2004 1646 affecta
2037 1607 2126 1646 ce-

560 1683 711 1735 laret.
740 1681 890 1734 Nunc
928 1696 1121 1750 graves
1149 1696 1363 1750 quoque
1391 1683 1535 1746 anni,
1580 1684 1624 1736 si
1654 1684 1780 1752 quid
1810 1683 1878 1738 de
1909 1693 2124 1752 pectore

2221 500 2362 555 enim
2404 501 2664 554 securitas
2691 513 2833 554 vera:
2871 500 3140 568 amicitiae,
3183 509 3240 553 ut
3286 500 3354 554 de
3390 514 3483 553 sua
3526 500 3630 555 fide
3658 501 3786 556 testi-

2221 590 2506 644 mationem
2558 590 2723 643 mutui
2782 591 2981 644 amoris
3038 599 3295 644 assumat.
3353 587 3515 644 Plura
3562 591 3615 646 in
3658 590 3791 646 hunc

2221 678 2434 734 modum
2457 679 2635 734 dicere
2660 681 2821 748 piget.
2845 680 3022 746 Quare
3047 690 3262 733 transeo
3291 680 3356 734 ad
3382 694 3501 734 eam
3535 681 3791 736 sermonis

2221 773 2298 826 tui
2345 783 2549 840 partem
2591 787 2712 840 quze
2741 772 3040 825 orationum
3088 787 3326 826 mearum
3353 772 3676 829 desiderium
3718 773 3792 828 vi-

2223 862 2377 917 detur
2419 863 2700 931 attingere.
2754 863 2848 916 Ais
2897 863 2952 916 in
3001 879 3186 917 manus
3224 874 3342 918 tuas
3379 864 3572 932 scripta
3620 877 3790 921 nostra

2176 1022 2178 1024 ν
2221 955 2452 1020 venisse,
2480 954 2648 1009 fratre
2679 963 2862 1008 nostro
2882 954 3142 1008 Minervio
3169 956 3459 1024 proditore.
3487 958 3576 1024 qui
3599 955 3792 1010 frivolis

2226 1045 2358 1099 meis
2391 1044 2621 1099 litterata
2650 1044 2826 1114 potius
2855 1045 3186 1111 curiositate,
3215 1061 3370 1114 quam
3397 1045 3538 1114 jnsta
3570 1046 3794 1102 de‘ecta-

2224 1136 2370 1188 tione
2413 1148 2516 1186 non
2563 1133 2816 1188 abstinet.
2863 1133 2919 1187 Si
2970 1134 3061 1188 tibi
3109 1144 3310 1188 tantum
3352 1135 3445 1188 otii
3475 1145 3580 1199 est,
3629 1145 3685 1189 ut
3731 1137 3790 1190 ad

2226 1224 2492 1278 fastidium
2525 1223 2908 1292 detergendum
2956 1225 3212 1280 nonnulla
3247 1227 3404 1279 etiam
3437 1226 3635 1282 insulsa
3673 1242 3795 1282 con-

2228 1317 2429 1384 quiras,
2473 1315 2729 1385 quidquid
2761 1316 2900 1385 style
2927 1316 3337 1378 elaboravitnus,
3377 1316 3674 1380 exhibebo;
3717 1333 3794 1374 se-

2226 1419 2384 1458 curus
2423 1405 2615 1470 veniae,
2648 1419 2805 1471 qnam
2839 1404 2965 1458 mihi
3014 1404 3240 1473 spondet
3277 1406 3438 1458 animi
3480 1407 3553 1459 tui
3584 1408 3792 1461 caritas.

2230 1497 2373 1551 Pene
2425 1495 2691 1564 prteterii,
2743 1496 2885 1564 quod
2936 1495 3055 1551 loco
3105 1497 3343 1564 principe
3398 1511 3653 1551 accusare
3710 1497 3797 1552 de-

2229 1585 2466 1640 bueram.
2517 1584 2662 1639 Itane
2693 1585 3041 1654 cpistolarmn
3084 1599 3386 1641 noStrat-um
3408 1587 3633 1656 simplex
3675 1604 3796 1642 usus

2230 1678 2449 1743 interiit,
2483 1687 2537 1731 ut
2570 1677 2777 1748 paginis
2807 1677 2914 1731 tuis
2941 1678 3205 1733 lenocinia
3233 1681 3329 1732 αινί
3352 1681 3629 1748 ρτωεθιιιίε
3653 1689 3798 1734 ante—

558 1785 677 1824 meo
701 1770 956 1835 stillabat,
999 1770 1298 1824 eliibernnt.
1347 1770 1611 1825 Praeterea
1647 1771 1777 1825 nihil
1818 1774 2118 1841 argumenti
2155 1781 2199 1838 Β
2228 1769 2403 1824 feras?
2431 1769 2730 1824 Redeamus
2771 1769 2901 1836 quin
2943 1783 3070 1837 ergo
3112 1768 3176 1822 ad
3219 1769 3481 1825 infucatos
3529 1769 3795 1824 nominum

555 1861 788 1930 suppetit
857 1861 922 1914 ad
1004 1863 1338 1930 propaganda
1401 1879 1518 1931 qua:
1592 1864 1898 1917 scribimus.
1976 1865 2126 1918 Nosti
2231 1862 2445 1925 titulos;
2482 1870 2679 1915 etcum
2711 1859 2906 1914 dicitur
2933 1869 3026 1913 aut
3056 1859 3294 1914 redditur
3321 1862 3488 1924 salus,
3519 1862 3646 1915 nihil
3677 1861 3799 1930 ipsis

555 1953 721 2005 otium
753 1966 954 2017 meum,
977 1951 1044 2005 de
1066 1967 1172 2020 quo
1195 1952 1336 2020 apud
1369 1962 1420 2005 te
1441 1952 1659 2018 largiter
1688 1953 1827 2022 loqui
1851 1955 2127 2023 utriusque
2229 1949 2498 2004 vocabulis
2539 1950 2738 2003 nostris
2767 1948 3083 2005 honoratius
3111 1964 3174 2004 ac
3210 1950 3456 2005 blandius
3491 1967 3614 2007 esse
3647 1952 3802 2006 duca-

557 2044 825 2098 l‘astidium
857 2053 958 2098 est.
993 2044 1195 2111 Magnis
1245 2043 1476 2112 negotiis
1519 2047 1667 2112 plura
1715 2044 1878 2099 verba
1931 2060 2128 2100 conve—
2228 2055 2368 2094 mus.
2441 2039 2703 2107 Exemplo
2747 2047 2896 2094 certe
2940 2039 3035 2093 tibi
3076 2043 3144 2094 sit
3184 2041 3409 2108 epistola
3458 2056 3573 2096 mea
3606 2058 3619 2094 :
3649 2057 3797 2111 quam

558 2137 728 2191 ninnt.
755 2136 917 2190 Nobis
945 2135 1080 2189 idem
1104 2137 1174 2188 sit
1205 2136 1397 2205 lingua:
1420 2136 1734 2205 modns,qni
1765 2136 1991 2190 fortuna:
2021 2146 2125 2191 est.

2231 2132 2270 2185 si
2297 2130 2535 2183 amulari
2565 2129 2853 2197 spreveris,
2887 2140 2942 2184 et
2968 2131 3293 2200 arrogantia:
3324 2140 3536 2187 notatus
3563 2133 3799 2199 videbor,

558 2229 788 2293 Mallem,
816 2227 1157 2296 Aboriginum
1180 2241 1351 2290 more,
1381 2225 1670 2280 dictionem
1703 2227 1893 2281 salutis
1909 2238 2129 2282 teteriia:
2227 2230 2282 2276 et
2309 2222 2519 2276 casteria
2545 2231 2881 2291 aggregatus,
2909 2237 3133 2290 quorum
3171 2237 3397 2292 magnus
3431 2234 3710 2292 suspectus
3751 2228 3798 2280 in

558 2320 697 2388 ligno
719 2330 812 2372 aut
839 2318 1124 2372 corticibus
1153 2317 1410 2372 scribere.
1449 2316 1714 2389 Egyptus
1747 2320 1932 2390 papyri
1980 2322 2123 2373 volu.
2229 2314 2406 2369 verbis
2430 2322 2533 2382 est,
2566 2313 2744 2368 nullus
2777 2315 2954 2368 cultus
2987 2316 3038 2369 in
3069 2317 3335 2371 sensibus.
3369 2316 3516 2370 Vale.

559 2413 699 2466 mina
748 2409 1086 2464 bibliothecis
1129 2408 1353 2478 foroque
1411 2414 1667 2466 texucrit.
1731 2411 1973 2466 Sufliciat
2027 2413 2129 2466 ali-

557 2500 770 2569 quando
820 2499 1156 2554 celebranda:
1208 2499 1488 2564 amicitias;
1537 2501 1580 2555 si
1623 2502 1790 2565 vales,
1846 2501 1983 2556 bene
2025 2512 2127 2556 est.

557 2594 696 2661 Opto
727 2592 821 2645 has
865 2593 1028 2661 ipsas,
1080 2605 1212 2660 quas
1261 2600 1316 2646 tu
1345 2592 1534 2648 breves
1563 2593 1821 2662 quereris,
1855 2594 2133 2648 salutatio-

559 2683 882 2757 numvices,
915 2682 1043 2736 dum
1091 2683 1366 2749 absumus,
1423 2683 1561 2738 inter
1617 2698 1715 2738 nos
1760 2684 1976 2752 longum
2018 2698 2132 2738 ma-

558 2791 707 2832 nere.
730 2774 885 2830 Vale.

1125 2843 1340 2899 EPIST.
1384 2845 1572 2899 XXIX.

1025 2949 1334 2990 SYIIMACIIUS
1374 2953 1652 2991 PROTADIO.

630 3027 800 3097 Spero
843 3037 924 3092 te,
966 3034 1023 3080 ut
1065 3027 1220 3080 fando
1259 3027 1455 3095 didici,
1494 3028 1560 3082 ad
1609 3030 1776 3084 vicina
1824 3039 2130 3086 venturum.

2797 2404 3014 2460 EPIST.
3055 2405 3246 2460 XXXI.

2715 2511 3022 2553 SYMHACIIUS
3051 2516 3329 2556 PROTADIO.

2302 2589 2657 2644 Mediolanum
2713 2602 2766 2646 te
2811 2591 2950 2646 idem
3003 2594 3092 2662 qui
3147 2610 3232 2648 me
3281 2595 3469 2649 consul
3523 2597 3804 2652 acciverat.

2229 2681 2448 2752 Speravi
2477 2683 2618 2750 quod
2649 2699 2746 2738 nos
2777 2686 2829 2737 in
2863 2701 3022 2738 ttnum
3054 2688 3229 2740 votiva
3267 2703 3425 2742 causa
3467 2689 3805 2744 conduceret.

2232 2772 2335 2827 Sea
2369 2774 2452 2827 ubi
2493 2790 2587 2843 per
2626 2775 2982 2829 valetudinem
3024 2776 3261 2841 defuisti,
3305 2779 3585 2848 aegerrime
3627 2795 3810 2849 exspe-

2233 2864 2355 2918 ctati
2403 2864 2579 2932 gaudii
2623 2863 2958 2934 dispendium
3011 2866 3123 2920 tuli.
3172 2867 3324 2922 Nunc
3379 2870 3609 2936 peractis
3654 2886 3810 2940 supra

2233 2957 2469 3009 omnimn
2495 2957 2979 3026 magnanimitatem
3004 2959 3372 3012 consularibus
3395 2959 3567 3026 festis,
3590 2959 3811 3016 Romam

2235 3057 2500 3111 revertor;
2533 3063 2639 3119 quo
2679 3064 2736 3104 se
2767 3049 3128 3119 amplissimus
3160 3053 3500 3120 magistratus
3531 3065 3811 3110 venturum

563 3119 695 3172 Fors
740 3118 886 3182 fuat,
931 3131 998 3170 an
1037 3131 1160 3171 vera
1208 3119 1584 3184 compererim.
1640 3120 1751 3190 Ego
1794 3130 1994 3186 tamen,
2047 3123 2130 3176 vel

2239 3141 2476 3207 protinus
2506 3155 2704 3210 genero
2734 3141 3054 3209 astipulante
3083 3143 3350 3211 proxiiisit.
3399 3143 3566 3211 Quam
3600 3146 3810 3211 vellem,

563 3208 847 3263 tradendas
887 3222 1067 3261 coram
1115 3207 1206 3260 tibi
1243 3223 1271 3260 a
1304 3208 1466 3262 fratre
1494 3219 1678 3263 nostro
1713 3211 1967 3266 Minervio
2004 3213 2138 3268 dnas

562 3301 922 3356 oratiunculas
947 3315 1116 3364 meas,
1140 3301 1222 3354 vel
1250 3300 1539 3355 mittendas
1566 3303 1616 3354 in
1647 3304 1871 3372 patriam
1899 3304 2139 3360 fidelitati

562 3394 677 3462 ejus
706 3391 920 3462 ingessi.
956 3393 1154 3446 Parcus
1184 3407 1304 3447 esse
1334 3391 1388 3445 in
1429 3393 1527 3446 hac
1554 3394 1777 3461 epistola
1807 3394 1996 3450 debeo.
2033 3396 2140 3450 Illis

562 3485 724 3548 enim,
747 3498 867 3552 quae
890 3483 1105 3552 legenda
1132 3483 1411 3552 suscipias,
1439 3499 1586 3537 amor
1608 3499 1797 3538 avarus
1817 3485 2135 3554 explebitnr.

563 3575 888 3629 Commoneo
920 3583 1117 3639 tamen,
1153 3588 1219 3628 ne
1248 3573 1506 3628 orationis
1536 3575 1691 3629 unius
1723 3575 1875 3629 titulo
1906 3585 2140 3630 mutetur

564 3668 630 3720 de
651 3681 736 3720 me
762 3665 1086 3719 existimatio
1113 3675 1219 3719 tua.
1245 3665 1376 3718 Nam
1409 3665 1680 3733 repudiata
1709 3681 1930 3720 censura
1956 3676 2141 3735 gravat

564 3771 662 3811 nos
692 3756 977 3826 principio,
1017 3756 1130 3809 sola
1169 3757 1466 3825 argumenti
1509 3757 1856 3823 inspectione.
1904 3757 2008 3812 Sed
2052 3759 2139 3812 ubi

563 3850 700 3904 dicta
733 3849 944 3917 legeris,
976 3863 1094 3902 cum
1123 3847 1386 3901 sententia
1422 3861 1535 3900 mea
1571 3847 1622 3899 in
1651 3847 1873 3914 gratiam
1902 3857 2135 3903 revette-

565 3942 657 3995 ris.
688 3941 834 3994 Hanc
863 3949 1096 4008 partem,
1125 3954 1244 4007 qua:
1274 3945 1591 4006 tempestate
1620 3939 1816 4006 rejecta
1848 3947 1951 4002 est,
1980 3939 2142 3993 totius

565 4031 766 4084 ordinis
816 4030 981 4083 nostri
1021 4029 1262 4084 antetulit
1298 4029 1618 4094 auctoritas;
1653 4043 1720 4082 ne
1759 4029 1858 4083 sub
1897 4031 2141 4098 specioso

567 4122 778 4176 nomine
809 4120 950 4175 fores
973 4121 1299 4190 impotentia:
1325 4121 1529 4174 ambire
1553 4120 1724 4173 solitis
1753 4122 2135 4189 pandereotur.

569 4217 750 4268 l’lures
798 4214 1043 4267 utilitatis
1101 4221 1159 4267 et
1205 4213 1501 4268 honestatis
1553 4215 1878 4270 assertioncs
1924 4215 1976 4269 in
2025 4216 2141 4284 ipso

564 4322 785 4375 corpore
806 4304 1058 4360 orationis
1080 4304 1340 4360 invenies.
1365 4305 1437 4358 De
1459 4313 1683 4376 utroque
1703 4321 1865 4375 opere
1883 4304 2140 4374 judicium

568 4408 711 4450 tuum
739 4411 865 4452 cura
897 4405 1077 4450 nostra
1098 4395 1386 4450 desiderat.
1417 4393 1569 4451 Vale.

1145 4507 1359 4562 EPIST.
1404 4507 1574 4563 XXX.

1042 4610 1350 4649 SYbﬂlACl-IUS
1388 4610 1668 4649 PROTADIO.

636 4685 844 4740 Silentii
876 4685 1015 4740 inter
1045 4701 1141 4740 nos
1171 4688 1345 4741 simile
1371 4689 1476 4741 scis
1502 4702 1623 4742 esse
1651 4687 1902 4742 delictum
1936 4704 1950 4742 :
1981 4700 2142 4759 atque

568 4775 688 4830 ideo
710 4775 903 4843 injuste
926 4775 1054 4828 mihi
1075 4776 1245 4844 culpa:
1265 4776 1443 4840 datur,
1467 4776 1606 4844 quod
1631 4777 1840 4846 utrique
1859 4792 2142 4832 commune

567 4876 671 4922 est.
706 4866 764 4919 Et
795 4878 968 4919 tamen
995 4866 1233 4919 defensio
1261 4867 1388 4918 mihi
1417 4869 1652 4934 suppetit
1683 4884 1696 4919 :
1725 4868 1843 4934 quia
1891 4883 1989 4922 nec
2020 4885 2140 4936 pro-

570 4959 826 5014 fectiones
853 4960 1264 5013 commeantium
1307 4969 1615 5024 notescunt;
1647 4969 1702 5014 et
1731 4972 1784 5014 tu
1814 4976 1919 5015 non
1952 4963 2138 5016 iisdem

568 5049 785 5104 sedibus
825 5049 1126 5103 immoraris
1169 5065 1186 5101 :
1236 5049 1361 5102 dum
1408 5062 1498 5103 aut
1525 5049 1774 5104 Treviros
1812 5051 1975 5105 civica
2014 5053 2139 5106 reli-

569 5141 746 5208 gione,
773 5152 866 5193 aut
893 5142 1123 5209 quinque
1153 5141 1450 5209 provincias
1477 5142 1573 5194 otii
1602 5146 1872 5212 vo'uptate
1898 5157 2138 5196 commu-

571 5242 673 5288 tas.
701 5233 822 5286 Mihi
853 5242 935 5287 est
957 5232 1137 5285 Roma:
1163 5233 1305 5302 jngis
1329 5235 1514 5297 statio;
1543 5245 1596 5288 et
1621 5239 1790 5303 major
1815 5250 1953 5291 nunc
1978 5250 2137 5291 causa

571 5323 862 5389 reSidertdi,
884 5337 951 5377 ex
973 5338 1078 5392 quo
1106 5339 1189 5378 me
1213 5324 1306 5378 \iri
1333 5325 1527 5378 excelsi
1555 5327 1787 5394 germani
1811 5327 1883 5380 tui
1909 5341 1998 5396 pra
2019 5341 2143 5380 son-

573 5417 640 5472 tis
681 5426 735 5470 et
775 5429 903 5470 cura
945 5416 1164 5480 retinet,
1208 5426 1261 5470 et
1299 5415 1448 5485 juvat
1482 5417 1671 5485 gloria.
1705 5416 1815 5472 Una
1859 5418 2019 5486 igitur
2056 5419 2140 5472 via

573 5510 777 5564 sociare
811 5509 1007 5577 scripta
1039 5507 1277 5578 potuisti,
1316 5523 1434 5575 qua:
1466 5508 1628 5564 frater
1656 5520 1710 5564 et
1741 5509 1889 5564 fratri
1918 5526 2140 5580 :equan-

575 5599 674 5653 dns
701 5599 1021 5667 acciperent.
1051 5597 1204 5664 Quod
1231 5611 1261 5651 a
1295 5605 1345 5652 te
1368 5599 1573 5665 gaudeo
1599 5602 1679 5653 vel
1716 5615 1840 5655 sero
1871 5611 2137 5655 curatum.

579 5688 684 5741 Nec
705 5699 880 5746 tamen
907 5705 1027 5744 cum
1058 5705 1085 5743 a
1114 5689 1301 5745 litteris
1319 5697 1663 5761 temperares,
1683 5692 1844 5748 ullam
1869 5694 2111 5750 decessio

2243 5621 2334 5662 eas
2380 5622 2522 5678 saepe
2569 5618 2625 5663 et
2675 5610 2923 5666 ardenter
2971 5611 3251 5682 efﬂagitas.

2241 3232 2284 3283 si
2324 3232 2486 3284 etiam
2523 3232 2574 3283 in
2614 3231 2842 3285 solidum
2885 3233 3023 3286 redit
3057 3234 3278 3301 sanitas,
3319 3249 3694 3302 Compensares
3723 3237 3816 3290 ad-

2243 3333 2402 3373 ventu
2435 3321 2640 3374 veniam
2681 3322 3044 3389 superiorem,
3090 3333 3250 3394 atque
3283 3340 3384 3379 una
3417 3326 3496 3379 via
3525 3335 3578 3380 et
3609 3332 3815 3382 senatui

2241 3412 2480 3465 deferres
2524 3411 2753 3466 officium
2807 3415 3181 3482 voluntarium,
3231 3426 3287 3470 et
3332 3418 3535 3471 consuli
3583 3418 3815 3473 debitum

2240 3507 2497 3558 ειιινιττθε.
2529 3503 2633 3561 Set‘
2668 3505 2805 3558 unde
2837 3506 2965 3560 mihi
2997 3517 3181 3576 optare
3212 3516 3439 3574 tantum,
3472 3523 3592 3562 cum
3625 3508 3819 3564 frustra

2242 3595 2401 3650 fuerit
2454 3611 2700 3665 sperasse
2757 3597 3004 3652 leviora?
3073 3599 3316 3665 Quantliu
3369 3601 3586 3656 venatui
3645 3612 3819 3672 togam

2243 3690 2534 3759 praeferes?
2588 3690 2734 3744 Vale.

2800 3781 3016 3837 EPIST.
3059 3781 3273 3837 XXXII.

2712 3884 3024 3929 SYDIMACHIIS
3062 3890 3348 3929 PROTADIO.

2313 3961 2576 4018 Crescere
2608 3963 2746 4017 inter
2779 3980 2875 4016 nos
2904 3966 3142 4034 quotidie
3169 3967 3370 4021 amoris
3404 3967 3640 4022 debitum
3677 3967 3824 4023 volo.

2241 4056 2344 4111 Sed
2383 4056 2624 4124 epiSlOIis
2653 4057 2758 4110 tuis
2789 4057 2917 4112 nihil
2956 4069 3083 4128 opto
3112 4060 3329 4129 debere,
3372 4075 3492 4128 qua:
3533 4061 3658 4116 mihi
3703 4062 3827 4129 ple-

2243 4163 2468 4217 rnmque
2495 4150 2880 4217 exprobantur,
2909 4161 2964 4206 ut
2987 4151 3177 4207 desidi.
3213 4153 3352 4222 Ergo
3377 4154 3601 4222 geminis
3631 4155 3828 4208 litteris

2244 4240 2348 4294 tuis
2376 4254 2479 4292 non
2510 4239 2668 4292 simul
2706 4239 2834 4294 mihi
2866 4242 3108 4305 redditis,
3139 4246 3251 4312 pari
3284 4259 3526 4309 numero,
3571 4244 3664 4298 sed
3691 4259 3830 4299 cou-

2239 4331 2420 4400 juncta
2450 4330 2738 4384 emissione
2761 4333 3076 4400 respondeo.
3111 4332 3381 4400 Valetnns,
3405 4343 3660 4404 quantum
3690 4344 3830 4388 aetas

2241 4421 2474 4476 admittit
2495 4420 2712 4475 declivis
2744 4421 2795 4474 in
2826 4423 3054 4476 senium.
3089 4422 3230 4476 Raro
3261 4423 3412 4478 nobis
3452 4439 3578 4493 ager
3606 4425 3820 4489 visitur,

2164 4494 2218 4554 D
2241 4514 2336 4565 sed
2377 4511 2543 4564 multo
2582 4509 2749 4564 ratior
2777 4520 2860 4564 est
2896 4526 3024 4567 usus
3066 4512 3299 4583 legendi.
3342 4513 3458 4568 Tibi
3488 4525 3540 4569 et
3566 4515 3834 4570 rusticare

2239 4611 2295 4656 et
2333 4602 2530 4656 erudiri
2574 4603 2857 4670 plurimum
2907 4604 3046 4659 licet.
3095 4605 3222 4660 Inde
3260 4617 3364 4673 est,
3401 4609 3539 4678 quod
3583 4622 3679 4661 nos
3717 4605 3834 4659 fre-

2239 4703 2466 4760 quenter
2493 4693 2777 4762 alloqueris
2808 4711 2819 4746 :
2848 4694 2968 4763 quia
3007 4710 3167 4750 omne
3197 4704 3427 4766 tempus,
3461 4711 3517 4752 ut
3546 4707 3834 4769 quieratur

2240 4784 2474 4853 ingenio,
2510 4785 2622 4840 otio
2669 4787 2982 4840 vindicatur.
3051 4786 3158 4842 Sed
3202 4789 3411 4844 fiducia:
3454 4800 3557 4845 tua:
3593 4791 3824 4845 audacia

2243 4886 2422 4930 nostra
2465 4893 2571 4932 non
2609 4881 2852 4935 cesserit.
2907 4881 3127 4936 Haurias
3157 4883 3282 4939 licet
3325 4895 3666 4940 monumenta
3711 4887 3835 4954 pri-

2246 4985 2483 5037 scorum,
2516 4982 2569 5026 et
2616 4974 2730 5060 ipse
2759 4976 2962 5044 paginis
2990 4977 3270 5033 ediscenda
3300 4977 3622 5033 committas.
3667 4978 3838 5035 Solli-

2245 5059 2422 5113 citabo
2463 5059 2945 5118 tamenarentibos
2985 5067 3162 5121 verbis
3205 5069 3400 5138 scripta
3444 5069 3617 5136 istius,
3661 5084 3836 5136 quem

2245 5170 2426 5208 amore
2456 5166 2506 5209 et
2533 5156 2734 5225 judicio
2763 5174 2848 5212 me
2878 5159 3054 5228 legere
3094 5176 3314 5216 necesse
3341 5171 3443 5228 est,
3475 5173 3532 5216 ut
3566 5178 3840 5232 compen-

2244 5259 2356 5299 sem
2389 5244 2602 5300 illorum
2631 5247 2820 5302 damna
2850 5263 2970 5316 quae
3001 5249 3229 5318 negligo.
3263 5250 3412 5307 Vale.

2788 5336 3002 5392 EPIST.
3043 5337 3286 5394 XXXIII.

2723 5443 2960 5484 SYHMACII
2970 5446 3027 5484 US
3066 5446 3348 5486 PROTADIO.

2316 5517 2608 5573 Delectaris
2655 5517 2895 5588 epistolis
2947 5520 3102 5575 meis.
3149 5520 3346 5576 Credo.
3383 5521 3516 5577 llinc
3546 5530 3646 5589 est,
3679 5521 3841 5591 quod

3328 5613 3433 5669 Sed
3488 5630 3591 5670 non
3640 5624 3742 5669 stat
3757 5615 3842 5670 itn

2245 5711 2454 5754 mereor
2495 5698 2694 5756 desidis
2730 5711 2932 5764 notam,
2975 5702 3020 5757 si
3064 5717 3272 5772 nequeo
3295 5704 3369 5759 tui
3417 5705 3614 5760 amoris
3645 5705 3701 5760 in
3740 5721 3844 5758 uie
