4046 6170
259 317 350 372 Ξὸδ

1486 302 1966 362 EPISTULARUM
2009 302 2212 358 LIBER
2255 303 2339 359 IV.

3420 313 3524 370 2M

257 427 478 482 avaritiae
500 422 833 480 satisfacere.
863 421 945 475 An
971 419 1218 476 interlabi
1241 418 1495 475 amicitia:
1516 418 1831 473 memoriam
1862 421 1916 480 Α
1943 418 2103 472 etiam
2136 432 2233 486 pro
2261 426 2410 486 parte
2441 416 2673 486 legitima
2698 409 2936 486 paterna:
2961 416 3013 473 in
3041 432 3126 475 me
3151 417 3527 478 falililiarilalis

257 535 346 589 per
371 517 639 572 silentium
684 513 879 582 putas?
915 511 1060 568 Cave
1090 513 1214 567 talia
1253 511 1322 568 de
1361 511 1556 567 animis
1591 511 1824 581 opinari,

252 624 470 681 quorum
510 616 712 662 aeterna
738 605 940 674 judicia
977 614 1122 659 sunt.
1157 603 1328 658 Ilabet
1363 603 1508 659 enim
1547 603 1836 672 plurimum

253 696 498 769 ponderis
523 697 676 764 tides,
699 706 754 751 et
774 696 986 766 alligata
1017 696 1317 750 voluntario
1341 703 1682 750 sacramento
1708 693 1830 760 styli

255 793 612 849 admonitione
659 806 766 846 non
827 790 1051 859 indiget.
1100 789 1227 844 Haec
1273 804 1302 842 a
1347 804 1435 844 me
1479 786 1573 843 tibi
1616 803 1683 842 an
1729 801 1835 841 non

251 899 461 953 semper
485 882 683 952 scripta
715 881 879 936 sunt?
906 881 1016 936 Nec
1047 891 1223 934 tamen
1251 878 1456 935 deseris
1485 880 1834 934 inveteratam

252 977 542 1048 querelam.
567 973 705 1040 Quid
731 974 774 1028 si
807 983 1025 1046 praestat
1049 973 1266 1042 longum
1291 972 1507 1027 tacere?
1540 971 1658 1026 Non
1689 970 1838 1024 vides

250 1068 462 1122 oracula
501 1068 630 1121 olim
668 1067 843 1120 locuta
879 1064 1128 1129 desiisse,
1158 1078 1258 1120 nec
1286 1063 1423 1117 ullas
1461 1064 1514 1117 in
1554 1073 1708 1117 antro
1733 1060 1838 1118 Cu-

249 1176 405 1215 mano
442 1159 648 1222 litteras
695 1158 830 1226 legi,
877 1156 1154 1211 Dndonam
1199 1157 1343 1226 loqui
1385 1154 1689 1220 frondibus,
1737 1168 1837 1208 nec

248 1252 318 1305 de
341 1250 633 1319 spiraculis
663 1248 929 1316 Delphicis
958 1249 1125 1301 ullum
1165 1261 1382 1301 carmen
1408 1246 1616 1300 audiri?
1648 1246 1838 1300 Patere

247 1345 434 1412 igitur,
477 1353 538 1397 ut
569 1342 836 1397 homullus
863 1341 1170 1396 Promethei
1201 1355 1360 1396 manu
1392 1341 1546 1396 fictus
1577 1339 1838 1395 mandare

245 1448 454 1488 cessem
498 1448 724 1504 papyro,
763 1447 884 1504 qua:
912 1433 1115 1487 dudum
1147 1433 1200 1487 in
1232 1443 1410 1487 vatum
1447 1431 1588 1487 foliis
1617 1447 1723 1486 non
1761 1432 1838 1486 le-

244 1535 464 1597 guntur.
500 1526 640 1581 Nolo
671 1535 847 1581 tamen
869 1527 1242 1582 denuntiatum
1268 1526 1370 1581 tibi
1394 1543 1422 1579 a
1448 1541 1535 1581 me
1563 1525 1836 1582 silentium

244 1620 555 1689 suspiceris.
599 1619 821 1675 Tenebo
865 1621 915 1675 in
956 1620 1246 1675 scribendo
1286 1629 1484 1674 tantam
1532 1634 1838 1674 mensuram

245 1713 528 1782 temporis,
553 1721 812 1782 quantum
840 1713 982 1768 inter
1003 1727 1103 1768 nos
1131 1712 1266 1768 locis
1293 1713 1572 1768 absumus.
1599 1713 1680 1767 Tu
1709 1728 1842 1781 quo-

1944 510 2385 575 successionem,
2446 509 2571 565 licet
2629 509 2856 578 singulis
2907 509 3064 566 vobis
3119 511 3365 567 soliditas
3421 517 3527 571 mei

1944 601 2140 656 amoris
2181 602 2473 657 accesserit
2505 619 2517 654 :
2547 603 2668 670 quia
2716 602 2853 655 bona
2893 601 3056 656 animi
3107 603 3209 658 etsi
3249 605 3428 675 spargi
3480 608 3531 660 in

1943 693 2126 764 plures
2154 703 2427 763 putantur,
2470 693 2759 763 unicuique
2803 703 2982 749 tamen
3025 696 3180 764 plena
3217 707 3270 752 et
3307 697 3532 754 indivisa

1945 786 2255 854 proficiunt.
2295 787 2562 841 Praeterea
2601 801 2724 842 cum
2754 786 3008 842 Palatina:
3035 789 3362 859 eloquentiae
3393 791 3534 845 mili-

1946 889 2109 940 tares,
2161 876 2373 944 porrexi
2415 877 2666 932 amicitia:
2715 886 2820 932 tua:
2861 877 3160 934 dexteram.
3235 881 3412 947 Quare
3456 891 3536 937 tot

1946 968 2210 1039 tantisque
2242 969 2551 1039 pignoribus
2578 971 2796 1036 annexi,
2829 986 2936 1026 non
2964 971 3293 1028 aestimemus
3323 973 3390 1029 de
3421 975 3535 1043 epi-

1942 1061 2130 1116 stolari
2171 1062 2418 1116 tirocinio
2455 1063 2694 1117 caritatis
2744 1072 2978 1119 aetatem.
3029 1064 3161 1120 Nam
3215 1077 3275 1120 ut
3324 1068 3536 1122 animus

1941 1153 2170 1208 celerior
2206 1163 2292 1210 est
2319 1154 2545 1221 litteris,
2579 1155 2652 1209 ita
2690 1155 2836 1225 prius
2873 1155 2972 1211 fuit
2998 1172 3183 1216 amare
3211 1173 3371 1228 quam
3401 1159 3536 1214 scri-

1943 1242 2091 1298 bere.
2133 1243 2283 1300 Vale.
2925 1243 2940 1256 ‘

2488 1336 2704 1392 EPIST.
2747 1337 2988 1391 XXXVI.

2429 1441 2741 1482 SVlﬂlACIIUS
2779 1443 3050 1483 MINERVIO.

2039 1534 2326 1605 Postquam
2398 1546 2451 1591 te
2511 1537 2871 1594 Mediolanum
2936 1541 3154 1596 venisse
3206 1543 3538 1598 asseveratio

1945 1628 2364 1682 commeantium
2395 1629 2568 1698 palam
2604 1630 2750 1698 fecit,
2785 1632 2999 1700 speravi
3027 1631 3095 1688 de
3123 1634 3368 1702 proximo
3398 1636 3538 1690 litte-

1948 1731 2036 1771 ras
2078 1728 2227 1782 tuas;
2275 1717 2370 1772 sed
2421 1719 2509 1773 ubi
2557 1719 2706 1774 elusa
2751 1730 2836 1775 cst
2881 1722 3218 1790 exspectatio
3263 1739 3402 1790 mea,
3438 1740 3540 1779 nec

245 1818 348 1865 que
392 1803 791 1873 impatientiam
831 1803 988 1859 vince
1043 1803 1252 1859 ratione
1299 1819 1420 1873 qua:
1463 1819 1571 1858 non
1610 1803 1737 1859 sinit
1779 1814 1838 1861 ut
1871 1800 1916 1861 Β
1942 1811 2203 1866 successit
2259 1811 2425 1866 ullum
2471 1813 2584 1882 spei
2634 1813 2901 1882 pretium,
2937 1825 3326 1884 praesumptum
3372 1817 3441 1871 de
3488 1827 3540 1871 te

244 1892 334 1947 tibi
373 1893 628 1962 quotidze
674 1894 870 1950 littera:
915 1909 1049 1950 mea:
1094 1895 1146 1949 in
1191 1895 1382 1950 vicinia
1405 1895 1578 1952 liheni
1609 1895 1783 1966 posito
1810 1910 1840 1950 a

244 1991 434 2040 nostra
464 1983 660 2040 Albula
688 1983 1017 2041 deferantur.
1049 1986 1199 2040 Vale.

809 2077 1023 2132 EPIS'I‘.
1067 2077 1308 2131 XXXIV.

733 2184 1042 2224 SYHMACIIUS
1081 2185 1367 2225 PROTADIO.

309 2260 499 2332 Magni
540 2269 668 2315 sunt
712 2261 925 2331 quidem
968 2261 1176 2317 fructus
1216 2277 1353 2332 quos
1393 2262 1461 2316 de
1502 2261 1694 2315 Ltteris
1741 2261 1844 2314 tuis

242 2357 421 2424 rapio.
473 2353 583 2409 Sed
635 2353 768 2408 fiunt
813 2354 1124 2420 uberiores,
1165 2355 1294 2410 dum
1337 2369 1431 2424 per
1474 2353 1842 2408 communiunt

244 2444 473 2500 fratrum
502 2460 696 2500 manus
725 2455 1024 2501 transeunt.
1081 2447 1287 2517 Singuli
1317 2446 1460 2502 enim
1491 2444 1704 2515 scriptis
1744 2446 1846 2499 tuis

243 2538 307 2590 de
338 2551 453 2592 suo
482 2536 688 2605 aliquid
718 2545 1014 2606 apponunt.
1048 2535 1166 2591 Tibi
1213 2537 1373 2607 igitur
1406 2546 1684 2606 acceptum
1730 2536 1846 2590 fero

241 2627 509 2697 quidquid
546 2641 612 2682 ex
651 2629 892 2683 omnium
933 2643 1029 2685 ore
1054 2628 1336 2698 conquiro.
1373 2627 1482 2684 Sed
1519 2641 1712 2683 rursus
1744 2643 1845 2682 ex-

241 2718 428 2788 pende
469 2728 673 2789 quanto
725 2719 908 2775 labore
959 2720 1316 2791 respondeam
1376 2730 1455 2776 tot
1508 2720 1844 2790 ingeniorum

241 2810 565 2865 sublimium
595 2810 863 2868 varietati.
895 2811 1026 2866 Nam
1061 2828 1215 2880 pares
1243 2813 1394 2881 estis,
1429 2801 1530 2868 nec
1561 2824 1738 2867 tamen
1769 2815 1844 2866 si-

242 2903 430 2956 miles.
459 2902 604 2972 Ergo
630 2918 735 2958 non
765 2905 1028 2959 minorem
1058 2905 1188 2959 mihi
1233 2905 1576 2974 rependeuda
1617 2907 1847 2960 afferunt

243 2992 650 3061 difficultatem,
670 3009 830 3064 quam
860 3007 1080 3065 accepta
1105 2995 1471 3051 dulcedinem.
1500 2997 1646 3050 lianc
1673 2997 1846 3050 οιιιιιί-

243 3086 341 3139 bus
400 3084 652 3141 humanis
691 3087 903 3156 gaudiis
941 3088 1112 3158 legem
1163 3099 1352 3143 natura
1396 3089 1562 3155 dixit,
1610 3098 1667 3142 ut
1702 3104 1845 3143 cura:

243 3183 591 3251 voluptatem
620 3152 938 3250 sequantur.
963 3152 1110 3236 Neue
1137 3182 1343 3238 subolis
1369 3184 1572 3252 primus
1598 3190 1849 3251 parentes
1876 3152 1920 3214 (ἶ

244 3275 358 3330 dies
389 3275 624 3339 bilarat;
656 3289 782 3329 mox
821 3275 894 3345 pii
921 3285 1095 3330 metus
1123 3275 1341 3331 brevem
1381 3277 1606 3346 gratiam
1647 3276 1849 3346 fugant.

245 3366 436 3420 llonor
481 3365 537 3420 in
569 3366 803 3422 exordiis
832 3368 988 3422 laetus
1014 3375 1118 3434 est,
1147 3367 1344 3423 dehinc
1369 3369 1578 3424 animos
1609 3367 1850 3423 labormn

245 3469 414 3515 astus
463 3457 787 3529 ingreditur.
834 3458 1073 3529 Longum
1129 3461 1249 3527 fiat,
1297 3458 1341 3514 si
1391 3474 1606 3529 pergam
1657 3459 1852 3513 similia

245 3560 574 3606 contexere.
609 3549 786 3604 Etiam
832 3565 892 3604 ea
931 3549 1062 3606 mihi
1091 3550 1481 3607 advertendum
1509 3560 1592 3606 est
1619 3566 1740 3621 qua:
1771 3552 1852 3606 fas

246 3641 315 3696 sit
353 3641 431 3696 de
485 3649 637 3695 tanto
679 3641 794 3694 viro
837 3639 1038 3697 dicere.
1089 3641 1316 3697 Temere
1349 3642 1561 3711 iurasti.
1612 3643 1850 3698 Mandari

245 3743 391 3790 enim
448 3734 710 3804 peritura:
759 3734 967 3790 charta:
1005 3736 1261 3805 epistolas
1309 3737 1580 3807 quereris,
1621 3737 1850 3807 alligasti

246 3835 602 3884 sacramento
642 3843 864 3884 enorme
893 3828 1174 3898 judicium.
1219 3830 1368 3884 Itane
1405 3845 1492 3885 me
1515 3829 1669 3885 ludos
1697 3830 1849 3895 facis,

247 3928 306 3974 ut
325 3934 456 3989 qua:
489 3918 629 3989 apud
661 3928 714 3974 te
744 3919 1070 3975 incuriosius
1099 3921 1310 3991 loquor,
1335 3922 1392 3976 in
1424 3923 1548 3992 styli
1577 3920 1849 3988 caudices,

246 4021 339 4066 aut
381 4012 525 4067 tilia:
554 4012 841 4082 pugillares
879 4027 1106 4069 censeas
1136 4016 1530 4082 transferenda,
1573 4031 1639 4071 ne
1681 4015 1853 4071 facilis

246 4113 512 4162 senectus
559 4106 748 4175 papyri
792 4107 993 4175 scripta
1038 4112 1388 4179 corrumpat?
1430 4109 1498 4163 Et
1541 4109 1852 4164 Martiarum

247 4196 476 4264 quidem
506 4205 692 4249 vatum
723 4195 982 4251 divinatio
1013 4197 1230 4253 caducis
1259 4199 1548 4254 corticibus
1589 4199 1850 4255 inculcata

245 4297 352 4339 est.
401 4286 642 4340 blonitus
670 4286 940 4342 Cumanos
982 4287 1144 4342 lintea
1189 4297 1332 4342 texta
1372 4301 1734 4359 sumpserunt.
1774 4290 1850 4344 Tu

247 4378 418 4432 etiam
461 4377 655 4432 sericis
695 4378 1058 4435 voluminibus
1093 4380 1425 4436 Achemenio
1465 4397 1616 4438 more
1646 4382 1851 4437 infundi

249 4470 466 4524 litteras
505 4483 658 4524 meas
688 4470 951 4540 praecipis.
985 4471 1171 4542 Magna
1210 4482 1341 4528 sunt
1374 4475 1711 4530 auctoritatis
1746 4483 1851 4530 tua:

250 4557 528 4625 pondera,
585 4573 686 4613 nec
736 4574 956 4629 possum
1005 4563 1302 4630 gratiosum
1362 4575 1550 4634 putare
1597 4566 1741 4637 quod
1795 4577 1852 4622 tu

249 4649 463 4716 iuratus
491 4649 696 4719 allegas
721 4669 734 4703 :
761 4652 856 4707 sed
878 4653 1006 4707 dum
1033 4670 1120 4709 me
1142 4671 1326 4710 rursus
1356 4657 1602 4726 inspicio,
1633 4659 1854 4715 labascit

251 4740 416 4804 fides,
443 4751 501 4796 et
529 4740 829 4813 refragatur
863 4746 1172 4801 testimonio
1210 4750 1555 4805 conscientia.
1607 4751 1678 4806 Ita
1709 4753 1852 4822 quod

250 4832 520 4887 credibile
567 4849 796 4902 persona
854 4837 1050 4905 judicis
1097 4840 1254 4907 facit,
1303 4842 1601 4898 diffidentia
1648 4848 1854 4914 respuit

249 4924 554 4980 audientis.
585 4926 749 4996 Igitur
775 4929 924 4984 solus
949 4932 1197 5002 ambigua
1225 4935 1594 5003 submovebis,
1627 4939 1670 4992 si
1702 4953 1853 4992 amo-

253 5031 378 5070 rem
423 5027 570 5070 tuum
617 5019 844 5086 posthac
893 5023 1106 5091 parcius
1145 5024 1290 5096 loqui
1339 5027 1408 5083 de
1438 5027 1683 5084 laudibus
1723 5030 1858 5083 meis

249 5106 513 5177 iusseris.
550 5106 702 5162 Vale.

831 5200 1048 5258 EPIST.
1093 5204 1306 5261 XXXV.

751 5304 1064 5348 SVIIACIIUS
1101 5310 1371 5354 IIINEIWIO.

325 5375 636 5447 Obrepsisti
680 5383 1025 5439 verecundiae
1066 5401 1202 5442 meae
1243 5398 1301 5442 ut
1348 5391 1494 5460 prior
1532 5394 1799 5452 scriberes
1842 5415 1855 5451 :

246 5469 514 5524 vadatum
545 5487 633 5526 me
673 5472 768 5526 tibi
799 5473 902 5529 hoc
931 5492 1157 5534 munere
1184 5482 1343 5536 velim
1375 5485 1586 5540 credas.
1617 5487 1724 5542 Sed
1754 5505 1860 5544 non

247 5565 378 5619 fero
412 5576 470 5620 ut
505 5567 649 5621 mdes
678 5567 1078 5635 quodammodo
1117 5575 1368 5630 amicitim
1397 5593 1571 5634 novus
1599 5582 1860 5639 salutator

243 5659 460 5714 adesse
494 5659 744 5713 videaris.
778 5659 1101 5718 Jamdudum
1141 5648 1368 5740 virtutes
1398 5677 1518 5725 tuas
1554 5685 1713 5740 pares
1755 5675 1859 5726 fra-

247 5749 438 5804 ternis
469 5749 519 5802 in
549 5749 782 5816 pectoris
811 5753 915 5804 mei
944 5757 1342 5818 possessionem
1373 5762 1571 5831 recepi.
1625 5762 1856 5822 Crevisti

548 5845 816 5904 Parnm.
871 5847 1099 5912 XVIII.

1881 4519 1930 4579 ι)

1947 1902 2181 1966 officium
2223 1905 2371 1973 operi
2409 1919 2533 1959 meo
2569 1904 2858 1961 vindicavi.
2891 1906 3060 1961 Auxit
3107 1919 3368 1977 praeterea
3403 1911 3538 1964 scri-

1949 1993 2108 2048 bendi
2135 2009 2352 2049 causam
2385 1997 2466 2050 vir
2494 1997 2802 2064 Spectabilis
2833 1998 3000 2054 frater
3029 2015 3181 2056 meus
3204 2001 3422 2068 Bassus,
3447 2003 3540 2070 qui

1949 2084 2218 2155 paulisper
2251 2087 2470 2142 avulsus
2509 2104 2538 2141 a
2568 2089 2742 2153 nobis,
2773 2089 3047 2159 tranSponi
3075 2108 3104 2146 a
3143 2107 3231 2147 me
3266 2091 3318 2147 in
3355 2102 3541 2162 peetus

1949 2185 2098 2230 tuum
2145 2177 2351 2234 debuit.
2400 2178 2587 2248 Adjeci
2641 2181 2866 2236 alteram
2915 2183 3161 2253 paginam
3210 2185 3538 2241 reddendam

1947 2280 2207 2334 germano
2243 2278 2357 2334 tuo,
2388 2285 2511 2325 cum
2556 2271 2649 2325 tibi
2685 2275 2792 2327 fors
2837 2275 2888 2328 in
2929 2276 3154 2344 patriant
3194 2277 3424 2332 reditum
3455 2294 3541 2333 sc-

1947 2358 2280 2414 cundavcrit.
2325 2362 2645 2432 Asperserat
2675 2381 2774 2421 nos
2803 2365 2890 2421 ille
2912 2367 3022 2436 jam
3054 2367 3252 2423 dudum
3277 2369 3540 2425 facundia:

1947 2463 2060 2503 sua:
2103 2449 2364 2519 ﬂoribus,
2406 2463 2460 2508 et
2497 2455 2789 2510 Galliarum
2834 2460 3011 2526 prisca
3066 2471 3408 2515 monumenta
3449 2463 3541 2531 jn-

1948 2539 2124 2596 cundo
2161 2543 2272 2596 otio
2305 2545 2656 2601 exscribenda
2691 2549 3059 2604 mandaverat.
3111 2551 3306 2622 Optato
3345 2553 3542 2608 accidit

1949 2641 2010 2684 ut
2055 2634 2104 2686 ei
2147 2647 2246 2701 per
2297 2642 2350 2689 te
2396 2646 2681 2706 utrumque
2727 2639 3012 2707 reddatur,
3065 2641 3240 2697 honor
3286 2644 3532 2713 epistola:

1951 2737 2110 2789 meae,
2144 2731 2200 2777 et
2228 2725 2476 2794 expetita:
2505 2728 2708 2782 fructus
2740 2729 2996 2785 historiae.
3031 2731 3179 2787 Vale.

2479 2880 2694 2936 EPIST.
2741 2882 3003 2943 XXXVII.

2431 2988 2744 3030 SVMIIACIIUS
2779 2992 3041 3031 lllNEllVlO.

2223 2949 2256 2982 Ο

2024 3079 2221 3135 Paulus
2260 3083 2462 3137 amicus
2501 3100 2652 3139 meus
2677 3086 2882 3154 jamdiu
2915 3088 3110 3143 aarario
3138 3105 3292 3146 sacro
3324 3094 3534 3160 militat,

1955 3176 2049 3227 sed
2095 3188 2204 3226 non
2252 3189 2348 3242 pro
2391 3175 2559 3244 gradu
2601 3176 2805 3232 ιιιιΙὶιίιΒ
2850 3181 3174 3247 speetandus
3219 3183 3334 3238 tibi.
3406 3187 3538 3240 Nam
3576 3187 3578 3190 ’

1956 3263 2220 3336 probitate
2241 3280 2449 3319 morum
2470 3281 2691 3322 suorum
2715 3268 3143 3326 mediocritatem
3171 3273 3334 3328 vincit
3353 3276 3538 3333 officii.

1953 3358 2064 3414 Nec
2090 3357 2403 3430 despexeris
2444 3359 2740 3426 hominem,
2779 3361 2825 3415 si
2857 3378 3138 3418 numerum
3179 3365 3297 3435 ejus
3341 3370 3541 3437 stipen-

1953 3449 2166 3505 diorum
2208 3450 2506 3506 examines.
2543 3450 2832 3508 Tardiores
2865 3453 3026 3510 habet
3062 3470 3346 3526 processus
3383 3474 3542 3514 vere-

1954 3542 2168 3608 cundia,
2193 3557 2313 3612 qua:
2341 3541 2469 3596 facit
2489 3551 2549 3597 ut
2577 3543 2715 3598 intra
2749 3545 2938 3600 merita
2961 3548 3050 3600 sui
3078 3547 3296 3604 honoris
3318 3549 3540 3607 luerent.

1953 3634 2064 3690 Nec
2095 3643 2273 3690 tamen
2303 3635 2531 3706 panitet
2557 3634 2774 3706 longum
2813 3639 3049 3694 stetisse.
3089 3639 3205 3694 Tuo
3231 3643 3373 3696 enim
3400 3641 3544 3710 judi-

1952 3729 2038 3783 cio
2060 3741 2363 3783 reservatus
2386 3736 2489 3796 est,
2514 3728 2614 3782 sub
2633 3742 2740 3798 quo
2760 3744 3039 3800 emergere
3062 3732 3350 3787 maximum
3377 3749 3542 3788 morat

1959 3819 2213 3888 pretium.
2253 3819 2390 3873 Cum
2419 3820 2579 3888 igitur
2603 3819 2679 3874 illi
2709 3821 2833 3877 vita:
2863 3821 3158 3892 integritas,
3183 3825 3384 3879 militia:
3407 3835 3540 3879 tetas

1953 3912 2268 3983 suffragium
2300 3912 2335 3967 fi
2353 3921 2470 3982 rat,
2510 3913 2732 3985 dignum
2771 3923 2856 3970 est
2872 3926 2942 3977 ,ιιι
2967 3917 3033 3970 ad
3092 3917 3302 3973 debitos
3339 3918 3542 3975 fructus

1955 4021 2043 4062 me
2072 4015 2373 4078 precatore,
2400 4015 2453 4063 te
2479 4018 2699 4065 auctore
2728 4012 3021 4078 perveniat.
3075 4011 3223 4070 Vale.

2472 4162 2692 4219 EPIST.
2732 4163 3027 4222 XXXVIII.

2439 4268 2752 4310 SYIIMACHUS
2791 4273 3064 4313 IIINERVIO.

2030 4365 2361 4422 Gaudentius
2399 4367 2606 4422 amicus
2651 4383 2805 4424 meus
2865 4370 2919 4424 in
2961 4373 3222 4438 gremium
3265 4375 3545 4440 patrocinii
3611 4357 3614 4360 ’

1960 4459 2035 4513 ιιιὶ
2068 4459 2335 4528 confugit,
2363 4459 2446 4514 vir
2473 4459 2724 4514 omnibus
2747 4460 2907 4514 rebus
2931 4463 3101 4516 amari
3125 4465 3334 4534 dignus.
3363 4465 3549 4521 Genus

1961 4552 2010 4606 ei
2039 4551 2365 4607 senatorium
2393 4560 2497 4618 est,
2529 4567 2682 4607 mens
2720 4561 2778 4608 et
2815 4555 3076 4610 modestia
3121 4559 3325 4628 origine
3363 4576 3458 4615 sua
3487 4578 3550 4616 ac

1961 4644 2132 4713 stirpe
2157 4644 2409 4699 nobilior.
2443 4645 2500 4702 Si
2529 4645 2652 4701 fuco
2679 4647 2867 4716 gratia:
2898 4649 3150 4705 infectum
3184 4654 3547 4709 testimonium

1963 4753 2140 4792 meum
2168 4753 2276 4791 non
2305 4748 2483 4807 putas,
2520 4740 2735 4808 suscipe
2775 4741 3124 4812 diligendum.
3175 4745 3352 4816 Longa
3395 4749 3553 4804 obse-

1960 4829 2208 4896 quiorum
2240 4831 2359 4899 ejus
2395 4831 2658 4902 inspectio
2693 4831 2855 4889 faciet
2885 4841 2943 4889 ut
2980 4850 3066 4891 me
3099 4837 3306 4906 judices
3342 4840 3551 4896 minora

1961 4920 2180 4978 dixisse.
2232 4919 2385 4977 Vale.

2517 5015 2728 5072 EPIST.
2774 5017 3015 5073 XXXIX.

2430 5121 2738 5162 εγιιιιΑοιιιςε
2789 5124 3061 5163 IIINEIIVIO.

2039 5217 2173 5270 Ama
2214 5213 2523 5269 Flavianum
2552 5215 2825 5271 dominum
2867 5227 2920 5273 et
2960 5219 3126 5274 filium
3166 5237 3340 5277 meum
3383 5239 3552 5293 quan-

1971 5317 2081 5361 tum
2111 5322 2196 5361 me
2228 5305 2363 5362 velle
2385 5307 2756 5375 interpretaris
2783 5327 2795 5361 :
2830 5319 2884 5364 ct
2911 5311 2954 5364 si
2996 5312 3110 5367 fieri
3144 5324 3345 5384 potest,
3376 5325 3553 5370 certa-

1971 5410 2098 5450 men
2129 5411 2338 5451 tnecum
2377 5396 2445 5451 de
2490 5411 2676 5452 amore
2718 5398 2835 5468 ejus
2874 5400 3180 5470 ingredere.
3215 5403 3470 5460 Gaudcbo
3505 5409 3553 5462 si

1965 5486 2178 5540 viceris.
2203 5485 2308 5541 Sed
2341 5488 2443 5541 hoc
2473 5486 2602 5540 milti
2629 5497 2752 5542 tunc
2781 5490 3042 5566 probetur
3064 5533 3078 5558 ,
3109 5508 3232 5547 cum
3262 5503 3316 5546 et
3341 5495 3456 5564 ipse
3497 5506 3552 5552 te

1964 5576 2142 5630 colere
2162 5589 2323 5645 supra
2347 5591 2651 5634 mensuram
2673 5579 2964 5649 diligentiae
2986 5599 3117 5638 mea:
3143 5597 3225 5638 cm
3237 5585 3395 5652 perit.
3418 5587 3551 5643 Nam

1962 5667 2009 5723 si
2038 5667 2272 5722 amicitia
2305 5667 2374 5724 de
2415 5673 2612 5727 mutuis
2638 5681 2854 5727 constat
2889 5672 3115 5740 officiis,
3160 5674 3316 5731 facile
3357 5679 3461 5736 crit-
3493 5690 3554 5736 ut

1963 5780 2027 5822 ex
2057 5765 2196 5822 illius
2227 5768 2408 5825 animo
2437 5776 2582 5824 tuum
2613 5769 2824 5826 metiar.
2858 5766 3010 5824 Vale.

3235 5863 3278 5924 8
