4074 6176
451 293 554 351 235

992 390 996 391 ν
1057 400 1268 457 ΕΡΞεΤ.
1320 399 1452 454 XI...

930 507 1240 549 εγιιιιιειιυε
1280 504 1559 546 MINEBVIO.

524 586 582 646 Si
607 587 921 644 consideres
947 597 1148 656 quanta
1176 588 1244 640 sit
1264 584 1626 638 innocentium
1653 577 1871 646 raritas,
1895 590 2043 630 ama.

454 682 538 736 liis
568 679 900 736 Desiderium
929 679 1094 732 filium
1126 692 1306 731 meum
1331 716 1347 738 ,
1377 675 1430 728 in
1455 687 1745 744 paucorum
1777 669 2044 724 electione

455 773 868 829 numerandum.
911 773 986 826 lle
1023 787 1129 840 quo
1155 786 1260 824 non
1312 769 1419 823 falli
1441 767 1702 838 judicium
1737 779 1912 820 meum
1938 773 2046 816 sta-

455 877 598 931 tues,
644 881 766 921 cum
795 867 850 922 in
889 880 1114 920 examen
1149 873 1295 918 tuum
1329 865 1562 918 venerit.
1603 859 1820 914 Interim
1864 869 2048 924 quaeso

456 968 513 1014 nt
547 959 621 1016 illi
653 975 747 1029 per
771 974 857 1014 me
885 959 1140 1012 amicitia:
1168 967 1272 1012 tute
1295 954 1592 1011 sacrarium
1624 951 1960 1013 recludatur,
1993 956 2048 1001 et

457 1064 683 1123 praestes
697 1069 878 1108 aurem
905 1053 1187 1121 benignam
1214 1063 1498 1105 causarum
1522 1060 1739 1101 suarum
1762 1047 1902 1112 justa
1927 1056 2052 1094 nar-

459 1145 619 1203 ranti.
664 1143 722 1200 Si
747 1143 875 1214 quid
911 1143 963 1198 in
991 1158 1112 1198 eum
1156 1143 1296 1198 bene
1337 1137 1707 1201 consulueris,
1745 1135 2055 1188 absolvetur

460 1238 594 1293 ﬁdes
637 1252 791 1304 mea,
823 1252 946 1308 qua:
974 1235 1113 1305 apud
1154 1235 1303 1289 illum
1348 1247 1499 1303 spem
1536 1228 1904 1285 beneﬁcentia:
1949 1235 2054 1280 tuae

462 1330 691 1386 ﬁdeliter
721 1329 1008 1400 persolvit.
1046 1327 1197 1380 Vale.

1059 1408 1278 1473 EPIST.
1321 1414 1458 1470 XLI.

961 1525 1274 1568 SVIMACHUS
1303 1521 1580 1564 IIINERVIO.

536 1606 596 1662 lu
645 1603 975 1664 absolvenda
1004 1603 1226 1660 Rustico
1267 1608 1454 1658 nostro
1486 1606 1670 1653 votum
1713 1594 1805 1652 tibi
1843 1591 2010 1650 detuli
2040 1608 2056 1650 :

467 1715 625 1770 opem
658 1699 801 1759 filius
831 1711 982 1752 meus
1002 1694 1322 1750 Caecilianus
1346 1689 1609 1748 exhibuit.
1643 1687 1757 1743 Non
1789 1695 1872 1741 est
1901 1686 2061 1754 igitur

1627 288 1690 355 ρ.
1737 280 2080 340 Αυιιειιυε
2118 279 2554 338 SYMMACIIUS.

2064 393 2111 452 Λ
2142 389 2208 446 de
2248 391 2359 444 otio
2385 406 2537 455 meo,
2575 405 2694 460 qua:
2739 391 2873 447 velis
2911 405 3070 446 nosse
3101 389 3368 455 narrabit,
3394 402 3517 442 nam
3548 402 3634 440 me
3675 389 3732 441 in

3621 277 3728 332 238

2147 484 2294 537 silvis
2325 482 2680 538 Laurentibus
2715 485 3058 538 continuatus
3106 491 3190 537 est
3235 479 3400 534 rurali
3452 478 3617 548 quieti
3651 478 3732 531 in-

2149 572 2466 630 bazrentem.
2497 573 2636 640 Quid
2664 575 2805 628 enim
2837 576 3005 643 magis
3047 570 3420 626 assectandnm
3449 577 3534 623 est
3564 567 3690 621 mihi
3712 609 3728 632 ,

2148 665 2439 734 collapsam
2457 666 2816 721 valetudinem
2839 680 3218 734 nonnunquam
3253 663 3528 726 sarcienti,
3548 660 3736 715 turbas

2149 774 2294 827 saepe
2316 759 2608 814 declinanti
2637 797 2654 826 ,
2686 759 2982 813 litterarum
3016 758 3372 812 innocentiam
3403 769 3619 824 semper
3653 755 3734 808 di-

2151 850 2353 921 ligenti.
2373 849 2523 906 Vale.

2730 920 2944 978 EPIST.
2987 917 3149 973 XLV.

2629 1027 2940 1070 ειωωωυε
2979 1027 3256 1066 ΠΙΝΕΒἨΟ.

2225 1105 2450 1162 Fiducia
2478 1105 2608 1160 mibi
2630 1105 2754 1176 styli
2776 1114 2934 1175 atque
2965 1104 3159 1174 ingenii
3191 1103 3333 1156 nulla
3361 1110 3466 1157 est.
3515 1100 3625 1157 Sed
3653 1109 3741 1157 tua

2155 1203 2460 1272 benignitas
2498 1214 2663 1255 ausus
2689 1214 2838 1256 meos
2867 1205 3144 1268 provocat.
3180 1197 3296 1252 Misi
3328 1196 3489 1265 igitur
3516 1204 3582 1250 ad
3612 1211 3740 1250 eru-

2156 1299 2416 1353 ditionem
2464 1304 2609 1350 tuam
2649 1293 2785 1349 duas
2813 1293 3176 1348 oratiunculas
3220 1299 3432 1346 nostras
3467 1305 3743 1361 :quaruut

2158 1407 2262 1446 una
2313 1391 2379 1448 ad
2423 1389 2630 1461 Polybii
2662 1388 2829 1445 lilium
2856 1387 3133 1458 pertinens
3156 1427 3172 1451 ,
3199 1400 3266 1440 ex
3294 1384 3498 1440 recenti
3528 1385 3744 1456 negotio

2161 1495 2288 1542 nata
2307 1497 2422 1550 est,
2461 1486 2629 1540 altera
2657 1482 2884 1547 dudum,
2905 1496 3027 1536 cum
3067 1495 3154 1535 res
3182 1480 3234 1533 in
3255 1479 3404 1534 curia
3425 1478 3747 1548 agitaretur,

2161 1592 2190 1634 a
2231 1592 2318 1636 me
2365 1585 2548 1647 parata
2573 1616 2591 1642 ,
2619 1588 2760 1630 nunc
2789 1587 2953 1642 opere
2981 1571 3216 1641 largiore
3245 1578 3404 1625 aucta
3431 1569 3695 1639 processit
3726 1584 3743 1623 :

2166 1671 2290 1727 huic
2316 1678 2692 1740 argumentum
2721 1675 2804 1723 est
2833 1665 3108 1736 repudiata
3139 1679 3364 1720 censura
3384 1703 3400 1728 ,
3431 1677 3590 1733 quam
3623 1671 3749 1717 tunc

468 1755 603 1848 ,δίεπε
629 1789 966 1845 verecundia;
1005 1800 1196 1857 rapere
1223 1783 1450 1855 gratiam
1482 1780 1681 1836 laboris
1716 1778 1900 1834 alieni.
1932 1779 2056 1832 Am.
2090 1771 2141 1833 Β
2167 1764 2328 1820 totius
2342 1771 2562 1818 senatus
2585 1761 2782 1830 fugavit
2801 1759 3114 1815 auctoritas.
3144 1757 3282 1813 Nolo
3311 1756 3523 1812 mireris
3545 1755 3746 1824 gravis-

469 1887 536 1946 bo
561 1884 663 1955 ipsi
685 1893 964 1952 acceptum
987 1877 1397 1948 feramus,quod
1418 1874 1503 1945 agi
1524 1889 1654 1930 cura
1678 1881 1766 1927 tua
1784 1868 2061 1940 praecepit,

471 1975 691 2048 exsequi
719 1989 838 2030 mea
868 1971 1118 2028 valetudo
1153 1984 1259 2025 non
1292 1967 1484 2038 potuit.
1520 1963 1672 2019 Vale.

1060 2059 1280 2117 EPIST.
1321 2057 1482 2113 XLII.

952 2164 1263 2208 SHIUACBUS
1303 2161 1579 2204 HINERVIO.

543 2250 672 2307 Scio
708 2248 833 2320 quid
867 2247 936 2303 de
964 2261 1051 2300 me
1079 2243 1284 2300 sentias
1331 2259 1345 2295 :
1398 2240 1495 2296 sed
1541 2247 1724 2296 certus
1767 2234 1949 2306 iudicii
1991 2234 2068 2289 tui

477 2359 622 2402 nunc
650 2357 841 2399 recuso
881 2337 1112 2395 laudari.
1141 2333 1415 2390 Emulare
1442 2341 1591 2388 certe
1620 2329 1762 2398 quod
1791 2339 1844 2382 te
1877 2326 2074 2382 tacitus

478 2437 718 2494 admiror
739 2477 756 2503 ,
787 2434 909 2505 quia
938 2431 1062 2502 plus
1100 2428 1264 2484 liabet
1304 2423 1560 2494 ponderis
1599 2429 1744 2477 recta
1773 2419 2068 2475 veneratin.

476 2531 862 2600 llelinquamus
876 2525 1166 2580 verborum
1191 2517 1479 2576 blanditias
1507 2513 1658 2570 novis
1687 2513 1826 2566 inter
1851 2524 1912 2564 se
1936 2508 2074 2563 ami~

475 2624 579 2679 eis.
608 2622 733 2676 Illos
755 2621 948 2690 juvent
969 2616 1175 2670 alterna
1200 2609 1466 2682 praeconia
1492 2620 1660 2676 usque
1687 2603 1752 2658 ad
1779 2602 1938 2657 fidem
1968 2600 2071 2656 [ω-

474 2714 643 2770 deris.
669 2711 860 2767 Nostra
881 2709 1080 2763 caritas
1105 2704 1266 2775 adyto
1299 2709 1572 2770 pectorum
1601 2695 1940 2752 recondatur.
1957 2694 2075 2762 Ipsa

478 2804 741 2862 habitatio
765 2801 944 2857 cordis
982 2800 1035 2853 in
1067 2803 1264 2866 operto
1279 2803 1380 2850 est.
1419 2792 1549 2847 Inde
1577 2805 1664 2844 me
1705 2797 1794 2842 tua
1828 2802 1954 2840 cura
1985 2799 2077 2839 ret-

477 2896 690 2968 apiciat.
714 2892 819 2950 Sed
842 2906 947 2946 non
976 2899 1059 2945 est
1084 2902 1260 2942 meum
1294 2885 1516 2939 formam
1548 2878 1846 2952 scribendis
1876 2876 2079 2946 episto-

477 2965 546 3042 lis
566 2985 716 3051 dare,
732 2981 864 3038 illud
893 2990 1097 3036 tantum
1125 2977 1333 3047 cogites
1362 2975 1490 3030 volo
1514 2987 1679 3048 zeum.
1693 2969 1768 3024 sis
1793 2967 1863 3022 ad
1877 2965 2075 3038 praedi-

479 3080 708 3147 candum
760 3075 1200 3140 liberalissimus,
1246 3085 1430 3141 parum
1488 3067 1620 3123 mibi
1681 3064 1853 3120 videri
1917 3076 2076 3133 posse

481 3172 621 3242 quod
651 3168 976 3231 atelaudor,
1008 3165 1108 3220 nisi
1134 3163 1362 3232 amplius
1383 3159 1607 3229 obliger.
1643 3158 1914 3212 Praeterea
1934 3155 2075 3210 seire

432 3296 446 3315 .
481 3261 696 3332 postulo
732 3273 830 3314 cur
860 3265 1072 3312 servata
1119 3254 1172 3307 in
1205 3251 1500 3320 praemissis
1539 3247 1844 3304 nominibus
1874 3245 2074 3300 nostris

483 3362 722 3408 vetustas
753 3343 986 3404 defuerit
1023 3345 1326 3400 litterarum
1363 3339 1717 3396 contextioni.
1758 3337 1918 3392 .luvet
1942 3337 2077 3390 alios

489 3443 648 3501 titulo
672 3437 1021 3498 sublimitatis
1039 3435 1240 3491 attolli.
1262 3433 1375 3503 Ego
1405 3428 1818 3502 magniﬁcentia:
1845 3428 2078 3498 appella-

485 3537 686 3598 tionem
715 3545 912 3589 recuso
930 3569 947 3595 ,
973 3528 1075 3584 nisi
1105 3525 1244 3582 forte
1272 3538 1359 3580 me
1395 3521 1700 3593 improbum
1730 3531 1913 3591 putas,
1935 3518 2078 3589 quod

489 3627 678 3684 honori
697 3635 790 3680 tuo
807 3620 993 3677 eadem
1009 3617 1354 3674 delinimenta
1382 3628 1487 3669 non
1511 3612 1720 3669 defero.
1738 3611 1905 3666 [liuor
1924 3609 2080 3665 fictus

487 3721 543 3776 in
564 3718 656 3775 illa
667 3715 828 3772 verba
850 3709 1201 3768 submittitur.
1220 3705 1486 3765 Amicitia:
1506 3705 1682 3760 cultos
1699 3705 1958 3774 ingenuus
1973 3708 2080 3756 est.

486 3813 622 3870 Alba
637 3809 924 3871 velamina,
939 3817 1048 3861 non
1067 3800 1386 3872 segmentati
1405 3798 1632 3853 amictus
1652 3795 1808 3849 fidem
1826 3792 2077 3848 vestiant.

487 3906 607 3973 Quo
642 3901 774 3958 mihi
818 3899 959 3954 altus
998 3893 1318 3952 reverentiae
1354 3889 1587 3962 grados?
1631 3887 1819 3944 Amari
1857 3901 1888 3938 a
1915 3884 2081 3940 fratre

490 3998 632 4054 malo
658 4007 822 4064 quam
853 3988 1078 4060 suspici.
1111 3986 1267 4042 Vale.

1064 4078 1279 4135 EPIST.
1322 4075 1503 4132 XLIII.

983 4185 1295 4229 εῖηηλοειυε
1332 4182 1616 4224 IIINERVIO.

565 4271 830 4328 Eusebius
869 4264 1318 4323 familiarissimus
1359 4277 1546 4326 meus,
1577 4259 1721 4315 idem
1743 4267 1897 4314 vetus
1927 4256 2084 4312 miles

493 4365 684 4436 privati
723 4360 906 4434 aerarii
942 4358 1036 4414 diu
1080 4355 1270 4411 morbo
1298 4354 1553 4410 obstante
1579 4352 1840 4422 obsequio
1868 4360 1963 4404 tuo
1986 4347 2084 4403 de-

490 4455 608 4512 luit.
640 4453 884 4510 Orandus
908 4465 968 4506 es
993 4448 1124 4504 mibi
1149 4463 1217 4504 ne
1251 4446 1390 4502 inter
1411 4443 1617 4501 resides
1641 4451 1945 4498 annotetur.
1973 4439 2080 4496 Sed

491 4547 796 4617 impetratio
816 4542 988 4598 venite
1014 4555 1120 4595 non
1151 4539 1408 4603 manebit,
1435 4537 1538 4592 nisi
1570 4536 1645 4590 illi
1677 4534 1874 4605 aliquid
1904 4534 2074 4589 bette-

493 4638 601 4693 ﬁcii
628 4635 944 4706 propitiatus
963 4629 1456 4700 adjeceris.Quaaso
1469 4627 1628 4696 igitur
1656 4624 1954 4695 tlagitandis
1983 4638 2079 4693 per

495 4727 767 4784 Etruriam
793 4721 1018 4791 publicis
1035 4715 1654 4774 debitissollicitudinem
1678 4728 1875 4768 navare
1894 4712 2080 4782 jubea-

494 4829 620 4885 tur,
650 4825 708 4870 ut
743 4815 914 4882 longa:
941 4810 1200 4866 absentiae
1240 4808 1452 4876 culpam
1485 4804 1949 4876 commendatione
1983 4804 2083 4858 ali.

493 4925 598 4980 qua
629 4906 828 4963 laboris
848 4911 1114 4958 antoveat.
1147 4899 1297 4954 Vale.

1067 4991 1280 5052 EPIST.
1324 4987 1511 5044 XLIV.

974 5097 1282 5141 SYNIIACIIUS
1319 5097 1515 5136 IIINERV
1525 5092 1598 5134 I0.

564 5185 792 5252 Semper
828 5176 1044 5249 quidem
1084 5174 1214 5229 mihi
1257 5173 1508 5227 salutatio
1538 5186 1568 5226 a
1596 5181 1650 5226 te
1676 5168 1916 5242 profecta
1950 5183 2077 5238 gau-

491 5279 639 5338 dium
667 5280 835 5337 creat,
863 5268 958 5324 sed
979 5283 1040 5323 ea
1070 5267 1334 5337 praecipue
1360 5279 1480 5334 quas
1513 5263 1864 5318 familiaribus
1886 5276 2080 5332 appor-

495 5367 654 5423 tanda
688 5359 1061 5420 committitur.
1099 5357 1297 5425 Adjicit
1325 5355 1468 5410 enim
1499 5354 1714 5424 scriptis
1743 5354 1902 5424 digna
1933 5368 2080 5423 qua:-

491 5461 596 5516 situ
617 5500 633 5525 ,
669 5465 725 5514 et
751 5455 819 5511 de
846 5463 899 5508 te
927 5449 1091 5506 tradit
1112 5446 1316 5503 auditui
1340 5487 1358 5513 ,
1387 5446 1432 5502 si
1461 5445 1588 5516 quid
1626 5445 1797 5502 defuit
1839 5445 2080 5502 lectioni.

501 5549 655 5604 Velut
700 5560 842 5603 nunc
886 5539 1164 5601 Sebastius
1211 5546 1416 5602 vester,
1458 5545 1579 5606 post
1624 5537 1904 5606 epistolam
1936 5545 2080 5604 tuam

495 5641 778 5707 redditam,
796 5635 1083 5711 quamdam
1115 5629 1242 5686 milii
1264 5627 1488 5684 satin‘ex
1507 5637 1630 5684 voto
1659 5644 1867 5700 ageres,
1895 5628 2081 5685 scisci-

497 5731 660 5797 tanti,
679 5731 973 5801 ‘imaginem
994 5722 1299 5795 prtcsentitn
1338 5730 1438 5778 tua:
1463 5720 1723 5777 exhibuit.
1753 5721 1899 5779 Idem
1933 5739 2074 5778 nunc

2165 1857 2359 1911 simum
2401 1853 2646 1910 ordinem
2672 1850 3038 1920 magisterium
3067 1849 3362 1918 respuisse.
3395 1847 3451 1902 In
3504 1847 3754 1913 oratione

2165 1954 2351 2004 nostra
2400 1960 2508 2001 non
2547 1945 2692 2000 leves
2720 1957 2909 1998 causas
2938 1944 3150 1998 evitata:
3175 1940 3333 2011 lutjtta
3361 1941 3639 2010 potestatis
3664 1941 3754 1994 ina

2167 2039 2375 2095 venies.
2397 2037 2547 2092 Vale.

2738 2104 2952 2161 EPIST.
3001 2102 3188 2159 XLVI.

2653 2212 2957 2253 δγιικλειιυε
2995 2211 3271 2251 IIINEllVlO.

2239 2292 2505 2362 Spectata:
2541 2289 2710 2361 frugis
2739 2290 2883 2344 viros
2906 2289 3044 2358 apud
3073 2296 3126 2343 te
3153 2287 3324 2342 debeo
3344 2285 3758 2351 commendare,

2171 2386 2294 2458 quia
2323 2385 2647 2455 przecipuum
2679 2398 2874 2438 munus
2902 2392 2986 2438 est
3017 2389 3074 2435 ut
3103 2379 3206 2434 tuis
3235 2379 3485 2434 amicitiis
3517 2379 3759 2433 inseran-

2173 2486 2280 2534 tur.
2312 2477 2537 2550 Suscipe
2563 2477 2746 2546 igitur,
2777 2487 2989 2546 quzeso,
3015 2473 3083 2528 de
3113 2481 3234 2527 ortu
3263 2481 3312 2528 et
3346 2470 3584 2527 moribus
3605 2470 3761 2526 facile

2174 2581 2508 2638 summates,
2555 2584 2758 2639 eosque
2797 2568 2852 2622 in
2891 2567 3124 2637 primore
3166 2579 3456 2636 congressu
3498 2565 3761 2634 penetrali

2175 2653 2539 2720 familiaritate
2563 2663 2803 2736 dignare.
2837 2660 3183 2731 Legationem
3225 2658 3329 2714 illis
3365 2658 3758 2728 Campanorum

2177 2753 2582 2827 provincialium
2613 2768 2899 2809 commune
2929 2751 3219 2807 mandavit.
3261 2749 3512 2805 Abundat
3553 2749 3763 2819 justitia

2178 2849 2486 2917 negotium;
2516 2859 2776 2916 personas
2822 2858 2943 2899 mea
2972 2858 3101 2898 cura
3126 2843 3486 2898 commendat.
3511 2841 3762 2897 Advertis

2179 2939 2314 2995 duas
2338 2954 2458 2995 esse
2477 2952 2668 2994 causas
2689 2934 3008 2991 exercenda:
3032 2935 3084 2989 in
3115 2948 3212 2990 eos
3243 2933 3584 3005 benignitatis
3602 2971 3617 2996 ,
3660 2948 3763 3003 pro

2180 3035 2372 3106 quibus
2403 3031 2611 3104 publice
2633 3030 2856 3101 aequitas
2877 3028 3217 3100 petitionum,
3243 3027 3490 3099 privatim
3515 3042 3620 3082 non
3638 3040 3760 3096 gra-

2104 3138 2148 3198 ο
2181 3127 2348 3183 tiosos
2378 3124 2623 3181 laudator
2651 3121 2959 3178 intervenit.
2991 3119 3145 3176 Vale.

2737 3254 2954 3310 EPIST.
2994 3253 3204 3308 XLVII.

2660 3361 2968 3402 ενιωλειιυε
3001 3360 3253 3400 ΙΙΙΝΕΙΝΙΟ
3264 3386 3276 3396 .

2253 3442 2371 3497 Vidi
2408 3442 2594 3498 Rom
2621 3437 2928 3494 Protadiutn
2958 3439 3121 3492 [ilium
3146 3447 3408 3503 nostrum,
3439 3437 3593 3508 cujus
3615 3451 3765 3492 com-

2181 3531 2656 3590 mendationinibil
2677 3545 2740 3588 es
2760 3531 2972 3586 familiai
2995 3540 3186 3598 vestrae
3213 3528 3542 3585 ornamentis
3569 3541 3768 3600 praeter

2181 3628 2388 3682 litteras
2411 3635 2528 3682 tuas
2549 3623 2737 3681 defuit.
2766 3624 2910 3693 Quas
2938 3639 3059 3679 cum
3077 3623 3491 3689 desiderassem,
3511 3622 3767 3677 citeriore

2181 3721 2350 3778 Gallia
2378 3721 2700 3792 imperatum
2725 3718 2826 3773 sibi
2847 3733 2878 3772 a
2907 3732 3103 3772 socero
3125 3717 3246 3783 iter,
3273 3727 3328 3771 tu
3360 3715 3545 3786 procul
3575 3727 3766 3785 agente

2182 3811 2480 3883 respondit.
2503 3810 2918 3866 Excusationem
2931 3809 3144 3879 juvenis
3172 3809 3526 3864 nonlibenter
3547 3808 3768 3877 accepi;

2183 3917 2378 3966 caetera
2411 3923 2618 3962 morum
2651 3905 2889 3976 probavi.
2920 3905 3064 3962 Satis
3090 3912 3176 3959 est
3203 3905 3304 3959 hoc
3323 3905 3544 3958 auribus
3575 3907 3767 3972 patris,

2183 4001 2271 4056 cui
2314 4000 2440 4055 uolo
2467 4000 2525 4054 in
2545 4015 2632 4055 me
2670 3999 2962 4069 gratiosum
2994 3998 3160 4053 videri
3193 3995 3553 4052 testimonium
3584 3995 3767 4049 brevis

2183 4096 2558 4167 experimenti.
2602 4093 2769 4151 Simul
2799 4109 2995 4149 vereor
3023 4108 3091 4147 ne
3125 4092 3252 4160 quid
3285 4089 3452 4146 amori
3484 4098 3577 4144 ttm
3604 4088 3656 4144 in
3687 4091 3766 4141 fi—

2183 4189 2310 4244 lium
2347 4189 2630 4259 derogem;
2662 4202 2820 4257 quem
2853 4202 2960 4242 non
3000 4185 3156 4240 decet
3187 4184 3363 4255 juvari
3405 4183 3543 4256 apud
3595 4192 3646 4237 te
3673 4195 3768 4250 per

2183 4282 2492 4352 sull'ragium
2523 4279 2914 4336 conciliationis
2944 4278 3154 4333 alienae.
3184 4275 3339 4334 Vale.

2732 4412 2949 4470 EPIST.
2991 4411 3221 4467 XLVIII.

2673 4519 2980 4560 SYIHLCIIUS
3017 4517 3289 4558 ιιικειινιο.

2255 4621 2484 4676 Litteras
2513 4617 2784 4674 nonnullis
2809 4615 3142 4670 humanitate
3174 4623 3512 4683 praestamus.
3537 4612 3644 4667 Has
3678 4627 3771 4664 an-

2184 4722 2290 4768 tem
2313 4710 2529 4766 domino
2552 4719 2606 4766 et
2629 4708 2780 4764 fratri
2805 4723 2924 4764 meo
2955 4707 3143 4772 Basso,
3175 4706 3263 4774 qui
3289 4705 3492 4760 sororis
3520 4706 3774 4774 aequitate

2187 4819 2292 4858 non
2323 4803 2624 4871 discrepat;
2670 4802 2802 4870 quin
2845 4798 3020 4869 potius
3059 4798 3195 4867 juris
3241 4796 3460 4850 auxiliis
3507 4790 3766 4850 munitur.

2185 4898 2318 4953 Nam
2368 4895 2625 4952 rebellem
2655 4909 2870 4948 servum
2911 4890 3017 4946 sibi
3047 4891 3219 4959 poscit
3247 4889 3472 4954 adduci,
3518 4888 3584 4942 ad
3616 4885 3774 4956 cujus

2189 4989 2655 5058 investigationem
2681 4999 2784 5040 nec
2798 4982 3048 5052 prmcepti
3079 4981 3318 5046 celestis
3337 4980 3650 5042 auctoritas,
3673 4992 3771 5031 nec

2187 5077 2426 5134 Africani
2463 5075 2675 5132 comitis
2724 5076 2877 5144 vigor
2905 5072 3076 5143 potuit
3116 5071 3404 5141 pervenire
3441 5088 3453 5121 :
3507 5067 3782 5138 siquidem,

2189 5171 2444 5227 facinoris
2482 5168 2698 5224 audacis
2723 5165 2969 5223 conscius
2995 5165 3363 5222 imminentem
3394 5175 3609 5232 poenam
3639 5158 3772 5213 late-

2189 5264 2406 5320 brarum
2451 5263 2639 5318 vitavit
2679 5259 2898 5330 eliugio.
2935 5258 3068 5312 Cum
3101 5259 3260 5327 igitur
3295 5271 3459 5325 super
3487 5254 3604 5324 ejus
3630 5253 3773 5308 facto

2190 5365 2350 5427 atque
2399 5355 2636 5425 nequitia
2683 5350 2751 5405 ad
2801 5359 2854 5406 te
2892 5351 2982 5404 vir
3022 5348 3308 5404 laudabilis
3344 5347 3542 5402 Africa!
3590 5359 3774 5399 comes

2187 5450 2442 5517 scriptum
2462 5445 2730 5517 publicum
2742 5443 2956 5498 dedisse
2975 5442 3208 5506 dicatur,
3234 5442 3337 5496 erit
3360 5439 3586 5510 justitiat
3603 5447 3659 5494 et
3670 5437 3772 5492 'be-

2186 5538 2462 5609 nignitatis
2505 5545 2613 5593 tua:
2649 5537 2701 5592 in
2746 5545 2989 5591 nostrum
3017 5534 3254 5589 favorem
3284 5533 3521 5589 divinum
3575 5543 3771 5602 provo-

2183 5646 2308 5686 care
2327 5629 2605 5700 judicium,
2622 5642 2691 5684 ne
2711 5629 2932 5684 ulterius
2961 5628 3218 5684 innocens
3241 5626 3432 5680 domus
3451 5619 3772 5680 commentis

2187 5722 2458 5781 ferialibus
2485 5722 2606 5778 vilis
2633 5721 2882 5784 mancipii
2921 5729 3208 5776 terreatur.
3235 5718 3384 5773 Vale.
