4074 6176
336 340 431 394 9ῒῖ
871 373 882 398 ,

875 444 1088 500 EPIST.
1127 445 1309 500 XLIX.

777 549 1085 590 SYIHIACIIUS
1124 551 1401 590 HINERVIO.

392 625 453 678 Et
478 639 637 692 quum
666 623 948 679 Mediolani
982 626 1231 695 degerem
1264 627 1465 681 cultum
1497 625 1635 680 circa
1659 633 1711 678 te
1742 623 1889 677 saluo

322 716 522 771 tatiouis
543 715 789 781 exercui;
821 725 875 771 et
893 733 1035 773 nunc
1057 734 1304 774 remenso
1335 718 1528 774 itinere
1557 731 1773 786 operam
1800 730 1890 770 se-

323 809 488 862 dulam
519 808 782 863 litterario
804 810 1009 866 muneri
1037 827 1139 864 non
1171 812 1384 881 negavi.
1414 811 1706 881 Exspectas
1729 808 1891 863 credo

323 911 373 954 ut
426 901 648 971 gratiam
698 913 936 971 repetam
987 903 1317 972 scriptionis.
1375 903 1525 958 Illam
1585 902 1740 971 plane
1784 917 1891 954 non

321 1005 431 1044 inca
457 990 788 1060 efflagitatio,
821 989 915 1046 sed
957 1002 1044 1046 tua
1090 992 1300 1048 afl‘ectio
1331 993 1635 1063 pollicetur.
1665 991 1892 1061 Exigant

317 1083 428 1152 styli
455 1083 647 1151 vicem,
680 1082 770 1153 qui
796 1083 958 1138 animi
991 1101 1096 1138 non
1128 1093 1423 1140 merentur.
1453 1083 1602 1140 Vale.

927 1175 1141 1231 EPIST.
1183 1175 1246 1230 L.

745 1282 1054 1322 SYIIIACIIUS
1093 1283 1447 1323 FLOBENTINO.

382 1358 475 1411 Diu
504 1373 669 1427 super
715 1360 949 1414 adventu
997 1359 1176 1415 fratris
1203 1361 1526 1430 postulatum
1567 1373 1596 1413 a
1640 1373 1726 1414 me
1752 1357 1893 1412 indi-

314 1451 448 1504 cium
478 1451 762 1516 distuli~ti;
795 1451 983 1518 credo,
1021 1461 1080 1506 ut
1117 1451 1456 1506 salutationis
1487 1449 1890 1505 liouorificentia

319 1543 650 1608 preveniiet.
695 1545 942 1613 Agnosco
990 1542 1239 1614 religiosa
1285 1543 1511 1598 colludia
1538 1583 1554 1608 ,
1585 1557 1683 1596 nec
1715 1552 1890 1594 tamen

313 1631 467 1687 credo
491 1672 506 1697 ,
551 1641 607 1686 et
643 1632 783 1686 ultro
813 1633 866 1686 in
897 1642 1172 1688 certamen
1203 1634 1522 1699 scriptorum
1555 1629 1892 1687 familiarium

313 1722 449 1776 solus
473 1722 613 1777 duos
640 1724 867 1777 advoco.
894 1721 1074 1778 Otium
1113 1723 1243 1791 tibi,
1271 1723 1498 1792 inquies,
1529 1724 1665 1776 lianc
1686 1722 1889 1776 officio-

313 1830 419 1870 rum
449 1814 699 1870 fiduciam
728 1825 968 1884 przestat.
987 1815 1147 1882 Quid,
1172 1815 1314 1885 quod
1339 1823 1391 1870 te
1409 1816 1578 1884 magis
1606 1825 1891 1884 qu:rstur:e
1924 1811 1969 1871 Β

314 1907 474 1960 boiios
498 1946 514 1970 ,
549 1917 604 1961 et
641 1905 1042 1962 condendarum
1087 1911 1422 1963 sanctionum
1456 1922 1584 1961 usus
1612 1905 1891 1960 excoluit?

313 1996 436 2052 Cum
473 1998 570 2054 illo
601 2009 781 2055 autem
813 1999 943 2056 mibi
972 2001 1193 2070 privatae
1219 2001 1343 2054 vita:
1383 1999 1620 2056 conditio
1647 2013 1888 2053 commu-

315 2090 390 2143 nis
415 2100 518 2145 est.
562 2090 744 2160 Atque
771 2091 976 2146 utinam
1008 2091 1132 2147 boni
1167 2091 1422 2162 principis
1451 2091 1886 2159 circumspectio.

318 2179 472 2248 ipsius
490 2196 712 2252 quoque
731 2197 949 2252 operam
970 2181 1070 2236 sibi
1103 2181 1355 2236 vindicet.
1379 2180 1708 2236 Ferendum:
1733 2181 1892 2236 ambo

314 2272 597 2328 devotione
625 2273 900 2343 placeatis,
924 2275 967 2328 si
985 2274 1126 2328 circa
1141 2289 1228 2328 me
1253 2272 1448 2332 litteris
1469 2273 1629 2328 ambo
1645 2271 1888 2327 cessetis.

317 2361 452 2419 Vale.

949 2434 1164 2491 EPIST.
1205 2435 1290 2491 LI.

755 2541 1069 2583 BVIIACIIUS
1108 2541 1460 2582 ηοιιηηικο.

379 2639 566 2696 Omnia
603 2650 655 2696 te
687 2639 862 2696 facere
890 2653 955 2695 aa
985 2641 1213 2696 salutem
1243 2639 1506 2705 Flaviani,
1536 2639 1635 2695 viri
1666 2638 1894 2694 ornatis-

320 2734 462 2794 simi.
496 2735 742 2806 pignoris
769 2733 908 2802 mei,
937 2735 1098 2790 rebus
1128 2735 1396 2806 experior.
1432 2735 1568 2790 llinc
1602 2733 1734 2789 mihi
1772 2749 1896 2803 spes

320 2828 502 2893 oritur,
529 2839 699 2897 atque
728 2829 937 2884 animus
967 2829 1231 2898 assurgit,
1266 2842 1422 2897 posse
1446 2829 1564 2896 ejus
1592 2837 1786 2881 caetera
1817 2827 1898 2880 in-

321 2919 596 2974 commoda
625 2930 678 2976 te
708 2921 917 2975 medico
947 2921 1146 2976 sanari.
1179 2921 1417 2990 Adeptus
1445 2920 1587 2974 enim
1620 2918 1726 2973 divi
1754 2917 1896 2989 prin-

322 3015 446 3082 cipis
471 3015 697 3070 lenitate
721 3055 736 3079 ,
766 3029 885 3085 qua:
928 3029 1118 3084 magna
1162 3025 1319 3078 sunt;
1365 3027 1471 3066 uno
1500 3011 1708 3081 adhuc,
1741 3020 1799 3064 ut
1825 3009 1898 3064 ita

324 3107 578 3172 dixerim,
621 3107 899 3164 infortunii
942 3109 1082 3164 nodo
1124 3108 1516 3180 strangulatur;
1566 3107 1707 3178 quod
1741 3107 1900 3162 homo

1535 325 2012 387 smsroranuu
2055 311 2255 381 LIBER
2297 327 2376 390 tv.

1918 449 1968 501 Α
1994 441 2207 510 adjuvet
2235 441 2498 496 destinata
2521 483 2535 507 ,
2562 457 2843 498 recurrere
2867 444 2932 497 ad
2965 451 3308 510 conspectum
3337 447 3570 492 vesti-nm

3464 322 3570 382 258

1999 544 2270 598 paramus.
2310 531 2366 586 Si
2405 531 2656 601 promissi
2706 531 2823 586 dies
2868 546 3022 589 serus
3069 529 3308 593 videtur,
3350 528 3431 597 lrg
3469 527 3574 580 tio-

1996 636 2118 675 nem
2149 631 2368 676 senatus
2409 638 2504 691 per
2542 639 2630 677 me
2660 623 2786 677 nolo
2823 622 3023 678 differri
3063 636 3183 692 quae
3209 619 3408 674 dudum
3449 618 3577 672 viris

1996 710 2294 767 illustribus
2323 713 2521 766 credita
2552 722 2608 768 et
2636 713 2897 768 instructa
2927 713 3215 777 mandatis,
3247 725 3418 780 neque
3449 725 3575 780 per-

1995 818 2292 878 s’onarum,
2335 819 2509 873 neque
2557 805 2872 873 petitionum
2922 805 3148 874 requirit
3197 801 3573 871 adiectionem.

1996 893 2163 950 Decet
2212 895 2372 965 igitur
2400 905 2543 950 stare
2587 895 2884 963 dispositis,
2929 911 3029 950 nec
3074 895 3154 951 fas
3197 906 3280 951 est
3325 894 3577 962 exempto

1998 991 2252 1055 proxima:
2279 988 2633 1042 dissensionis
2663 1005 2755 1058 per
2780 1005 2952 1043 novos
2987 999 3241 1044 tractatus
3262 989 3573 1042 continuata

1995 1079 2254 1134 subverti.
2285 1079 2410 1134 llzec
2439 1090 2566 1134 ante
2594 1095 2700 1144 me,
2730 1093 2786 1136 ut
2812 1082 3026 1149 scribis,
3056 1083 3215 1137 etiam
3247 1080 3582 1150 ipsevidisti,

1993 1185 2101 1238 quo
2130 1171 2298 1236 magis
2340 1170 2546 1240 placitis
2573 1171 2938 1226 inluerendnm
2964 1184 3085 1240 est,
3112 1189 3230 1243 (iure
3270 1171 3397 1229 tnilti
3434 1185 3578 1224 corn-

1997 1260 2214 1316 tneudat
2239 1262 2534 1318 auctoritas
2563 1273 2650 1316 tua
2671 1303 2686 1327 ,
2717 1273 2769 1317 et
2798 1263 2890 1317 tibi
2914 1273 3097 1320 noster
3125 1279 3402 1318 assensus.
3424 1261 3573 1316 Vale.

2593 1378 2807 1437 EPIST.
2851 1379 2981 1435 Lill.

2437 1486 2748 1530 εῖιιηλςιιυε
2782 1489 3115 1529 ηοιιεκγιδο

2067 1583 2124 1638 In
2147 1599 2269 1640 eum
2295 1585 2497 1640 militia:
2521 1587 2744 1655 gradum
2770 1587 2953 1642 labore
2975 1586 3188 1650 venisti,
3213 1594 3273 1638 ut
3305 1581 3576 1638 Benedicti

1995 1675 2154 1730 amici
2197 1675 2301 1730 mei
2355 1675 2622 1730 fortunam
2670 1677 2868 1732 debeas
2919 1675 3194 1745 adjuvare,
3235 1690 3394 1744 quem
3444 1673 3578 1728 nulli

1997 1767 2296 1822 obnoxium
2341 1767 2555 1822 crimini
2595 1768 2820 1822 fortuna:
2848 1768 3099 1838 iniquitas
3124 1769 3246 1822 loco
3273 1766 3496 1835 depulit,
3525 1777 3580 1822 et

1999 1859 2205 1913 honore
2225 1858 2470 1927 privavit.
2493 1858 2626 1913 Huic
2645 1859 2710 1912 ad
2739 1859 3146 1926 promerendum
3177 1861 3411 1914 favorem
3431 1869 3578 1912 tuum

1996 1965 2100 2006 non
2130 1951 2307 2006 solum
2340 1952 2504 2020 ipsius
2546 1951 2817 2019 probitas,
2851 1951 2948 2007 sed
2973 1952 3134 2007 etiam
3180 1951 3582 2006 commendatio

1997 2059 2117 2098 mea
2147 2044 2346 2098 aditum
2376 2045 2537 2098 debet
2556 2043 2788 2114 aperire.
2819 2044 2994 2099 Credo
3019 2047 3162 2098 enim
3194 2043 3325 2097 tanti
3357 2043 3498 2111 apud
3527 2052 3579 2096 te

1998 2136 2206 2192 litteras
2241 2153 2388 2193 meas
2417 2152 2539 2193 esse
2567 2138 2822 2192 momenti
2847 2179 2863 2203 ,
2892 2149 2950 2194 ut
2977 2139 3227 2194 eﬂectnm
3259 2153 3477 2210 sperare
3502 2138 3581 2192 fas

1996 2229 2195 2298 fuerit,
2219 2231 2428 2284 etiamsi
2461 2229 2625 2284 ardua
2646 2230 2993 2300 postularem.
3023 2231 3173 2298 Quod
3201 2230 3320 2286 ideo
3341 2245 3581 2285 comme-

1996 2320 2312 2378 morandum
2343 2321 2524 2388 putavi
2545 2360 2560 2383 .
2600 2330 2658 2374 ut
2694 2319 2990 2389 intelligas,
3023 2321 3150 2390 quid
3182 2321 3251 2376 de
3283 2320 3462 2374 animo
3489 2329 3582 2374 tuo

1997 2423 2156 2483 atque
2176 2412 2411 2468 amicitia
2437 2413 2754 2480 sentiamus,
2787 2413 2868 2468 vel
2897 2423 3154 2484 quantum
3177 2413 3432 2484 prodesse
3455 2413 3580 2468 buie

2004 2503 2198 2559 debeat
2217 2504 2300 2558 vel
2330 2503 2521 2560 adesse
2535 2503 2763 2573 jnstitia.
2792 2503 2945 2558 Vale.
3273 2525 3298 2542 ι

2605 2615 2817 2673 EPIST.
2857 2615 2991 2672 LIV.

2439 2721 2746 2763 SIIIACBUS
2786 2722 3136 2763 ηοιιειιτικο.

2074 2823 2277 2894 Purgas
2300 2821 2444 2892 quod
2472 2821 2647 2875 adhuc
2681 2835 2850 2889 usque
2877 2820 3094 2874 siluisti.
3128 2817 3441 2874 Communis
3470 2821 3583 2875 hmo

2004 2916 2161 2981 culpa
2190 2924 2292 2968 est.
2327 2912 2458 2966 Nam
2496 2928 2581 2966 me
2611 2927 2824 2981 quoque
2851 2926 2880 2964 a
2913 2911 3125 2966 litterali
3146 2914 3471 2967 commercio
3493 2913 3583 2966 diu

2005 3003 2215 3057 infirma
2237 3001 2490 3056 valetudo
2508 3004 2794 3056 revocavit.
2821 3001 3160 3056 lnborruisse
3185 3011 3237 3056 te
3263 3012 3410 3070 puto,
3439 3011 3586 3070 post-

2006 3109 2164 3164 quam
2191 3095 2260 3148 de
2302 3108 2388 3148 me
2412 3093 2628 3164 cognitu
2663 3107 2846 3146 amara
2875 3092 3069 3162 legisti.
3102 3093 3235 3147 Redi
3264 3094 3315 3148 iu
3347 3093 3585 3148 habitum

326 3200 520 3265 munis,
553 3213 614 3254 ει
641 3214 782 3254 nunc
810 3199 928 3255 labe
959 3199 1263 3270 patrimonii
1291 3201 1530 3270 graviter
1563 3199 1862 3253 exhaustus
1883 3238 1898 3264 ,
1927 3180 1974 3245 C
2009 3186 2169 3240 animi
2213 3185 2472 3239 lmtiorem
2511 3201 2525 3238 :
2558 3184 2670 3238 Deo
2699 3183 2894 3252 quippe
2925 3189 3144 3237 auctore
3189 3183 3472 3238 sanitatem
3506 3200 3586 3237 re-

327 3290 521 3356 paterni
547 3289 730 3345 solatii
760 3290 1167 3345 mstimationem
1198 3289 1408 3361 jubetur
1427 3289 1727 3346 exsolvere.
1763 3289 1902 3358 Ergo

329 3393 417 3449 per
436 3391 486 3436 te
505 3396 575 3436 ac
608 3381 682 3434 tui
705 3381 907 3436 similes
926 3381 1133 3435 amoliri
1166 3390 1378 3449 Oportet
1406 3381 1771 3436 imminentem
1799 3379 1908 3434 rui-

331 3486 466 3524 nam.
507 3471 625 3527 Nec
648 3487 737 3528 res
781 3471 1156 3542 impetratione
1183 3472 1416 3528 difficilis
1451 3482 1552 3527 est.
1603 3472 1735 3528 Nam
1767 3472 1907 3540 quod

332 3561 596 3632 plerisque
638 3577 735 3617 sua
768 3562 962 3617 invidia
993 3563 1354 3618 laborantibus
1386 3563 1678 3632 imperialis
1704 3562 1911 3617 remisit

335 3653 632 3708 humanitas
647 3670 664 3718 ;
678 3653 728 3708 id
748 3655 912 3724 patris
935 3655 1148 3709 nomine
1164 3655 1506 3724 postulatum,
1522 3654 1691 3708 multo
1711 3653 1912 3722 aequior

335 3748 477 3802 venia
521 3747 806 3802 relaxabit.
841 3747 1092 3804 Proficiet
1127 3749 1224 3802 ista
1263 3749 1543 3803 concessio
1579 3747 1740 3802 etiam
1781 3755 1914 3800 tein-

338 3853 517 3906 porum
569 3840 758 3911 gloria:
783 3880 800 3907 ,
833 3841 877 3895 si
919 3841 1059 3910 quod
1090 3840 1364 3897 beneficiis
1406 3839 1661 3912 principis
1704 3841 1911 3904 deerat,

343 3928 453 3997 pius
483 3944 767 3986 successor
793 3929 1071 4000 adjecerit.
1104 3931 1252 3986 Vale.

937 4021 1151 4078 EPIST.
1192 4021 1298 4077 LII.

778 4128 1084 4168 SVMIACIUS
1123 4128 1469 4170 l-‘LORENTINO.

413 4199 597 4257 Verbis
632 4217 842 4273 nequeo
864 4202 1146 4272 complecti
1176 4214 1306 4273 quot
1338 4205 1528 4273 gaudia
1558 4203 1688 4258 mibi
1716 4203 1918 4274 pariter

344 4290 451 4346 dies
481 4309 622 4348 unus
647 4295 930 4350 invexerit.
965 4297 1226 4366 Agnoscis
1266 4296 1429 4351 credo
1470 4311 1723 4362 causam,
1763 4295 1918 4364 cujus

349 4395 523 4438 auctor
549 4384 717 4440 fuisti.
749 4386 882 4440 Nam
911 4386 1149 4456 geminas
1176 4387 1400 4441 fratrum
1431 4387 1794 4442 cOmmuninm
1825 4387 1914 4442 lit-

352 4483 484 4529 teras
528 4477 580 4530 in
611 4478 884 4531 cumulum
936 4478 1124 4532 extulit
1167 4477 1354 4532 tertius
1393 4478 1566 4532 ltonor
1592 4479 1913 4548 scriptorum

353 4575 574 4622 tuorum.
619 4568 800 4638 Itaque
833 4578 890 4622 ut
920 4585 1094 4623 rerum
1127 4569 1386 4623 bonarum
1415 4568 1651 4623 difficilis
1679 4579 1760 4622 est
1798 4568 1912 4623 ele-
1942 4543 1997 4605 Β

350 4658 472 4722 ctio,
502 4659 768 4728 paulisper
791 4659 922 4712 bmsi
953 4676 1111 4728 quam
1139 4661 1363 4728 primam
1392 4659 1638 4729 paginam
1672 4673 1917 4713 recense-

354 4763 490 4813 rem;
521 4760 726 4804 tantunt
755 4751 893 4818 apud
926 4766 1012 4804 me
1054 4763 1170 4804 erat
1191 4750 1516 4806 desiderium
1564 4751 1913 4821 singularum.

354 4837 464 4893 llos
491 4855 678 4895 omnes
705 4848 894 4910 arguto
930 4839 1136 4910 legendi
1172 4841 1398 4896 transitu
1425 4843 1696 4910 percurri,
1728 4855 1794 4896 ne
1841 4842 1920 4894 in-

357 4933 672 4998 spectionem
721 4932 1008 4988 residentis
1059 4949 1320 4988 morarer.
1373 4933 1482 4988 Nec
1529 4933 1695 4988 semel
1728 4933 1922 5002 legisse

358 5021 584 5090 suffecit,
609 5033 667 5078 ut
694 5023 741 5079 si
779 5023 906 5094 quid
929 5025 1156 5078 aviditas
1184 5025 1353 5094 prima
1384 5025 1808 5094 perstrinxerat,
1840 5026 1921 5079 iu-

355 5113 579 5168 culcaret
601 5115 832 5169 iteratio.
857 5113 988 5169 Erat
1017 5117 1068 5170 in
1091 5115 1270 5171 verbis
1295 5116 1710 5186 uniuscujusque
1740 5117 1920 5170 varius

358 5205 708 5262 elocutionum
750 5207 920 5278 lepos,
968 5224 1074 5279 quo
1123 5209 1239 5264 solo
1289 5209 1481 5264 litterze
1522 5211 1918 5279 discrepabant.

355 5291 475 5348 Nam
511 5312 698 5353 omnes
734 5313 887 5353 mens
915 5315 1022 5353 una
1051 5298 1366 5354 dictaverat.
1401 5299 1620 5355 Possem
1646 5300 1785 5353 bona
1819 5300 1922 5354 fide

354 5384 577 5453 adjicere
606 5389 830 5458 majora.
860 5389 967 5444 Sed
999 5399 1104 5444 tua:
1131 5405 1316 5454 aures,
1347 5389 1473 5445 licet
1498 5390 1719 5445 fratrum
1748 5390 1920 5444 laudi-

354 5476 445 5531 bus
464 5482 744 5549 gaudeant,
767 5485 1196 5538 communionem
1226 5493 1402 5539 tamen
1431 5483 1649 5553 gloriosi
1673 5481 1919 5537 testimo-

353 5569 422 5624 nii
449 5587 542 5640 per
565 5575 938 5631 verecundiam
968 5591 1074 5631 non
1104 5575 1298 5631 ferunt.
1331 5577 1517 5632 ReStat
1555 5587 1614 5632 ut
1642 5576 1737 5631 tibi
1781 5575 1922 5631 redi-

355 5669 460 5715 tum
497 5679 672 5719 meum
706 5668 808 5721 sub
854 5666 1277 5737 quadam-curia:
1303 5667 1619 5724 invitatione
1649 5669 1922 5738 poscenti,

355 5764 511 5813 tunc:
535 5757 901 5818 respondeam.
928 5758 1005 5813 Ad
1032 5759 1148 5815 idus
1165 5759 1491 5816 Novembres
1515 5759 1673 5816 modo
1694 5768 1917 5816 eventus

2006 3279 2131 3332 fovi.
2155 3276 2350 3332 Facilis
2372 3275 2531 3345 igitur
2555 3275 2828 3331 litterariae
2856 3275 3171 3330 cessationis
3200 3275 3411 3344 utrique
3439 3275 3593 3328 Venia

2008 3368 2098 3423 sit.
2121 3369 2293 3422 Ambo
2310 3367 2464 3421 nobis
2494 3366 2723 3421 invicem
2754 3367 3106 3429 remittamus,
3139 3366 3278 3434 quod
3308 3364 3468 3420 ambo
3497 3365 3590 3419 de-

2009 3453 2279 3523 liquimus.
2302 3453 2408 3509 Sed
2433 3451 2558 3521 quid
2589 3452 2716 3506 milii
2750 3453 3054 3506 iususurras
3091 3452 3355 3505 Africana:
3397 3461 3588 3505 tenues

2010 3546 2382 3600 commeatus?
2413 3544 2565 3598 Absit
2593 3553 2652 3597 ut
2687 3557 2924 3613 przesens
2953 3558 3124 3597 annus
3155 3544 3390 3598 imitetur
3419 3543 3592 3597 fortu-

2014 3652 2137 3690 nam
2164 3635 2520 3706 superiorum.
2557 3633 2880 3690 lntercludet
2903 3677 2920 3702 ,
2964 3645 3021 3690 nt
3045 3650 3231 3705 spero,
3266 3635 3592 3705 providentia

2017 3729 2198 3782 tristes
2233 3740 2451 3781 casuutn
2483 3726 2619 3793 vias,
2643 3725 2812 3780 sacris
2841 3726 3056 3781 auribus
3085 3727 3395 3790 cdocendis,
3423 3738 3475 3782 et
3504 3742 3593 3781 ca-

2015 3819 2298 3889 stigatiOne
2317 3819 2579 3887 jndicum,
2603 3834 2735 3888 quos
2751 3819 3081 3874 alimentaria
3109 3829 3315 3887 spectat
3344 3819 3592 3874 invectio.

2017 3909 2127 3964 Nec
2152 3924 2306 3979 spem
2345 3910 2461 3964 dies
2481 3908 2729 3964 obstruit.
2758 3909 2892 3963 Nam
2917 3923 3064 3964 mare
3091 3908 3265 3963 adhuc
3290 3909 3448 3976 justis
3475 3923 3596 3963 cur-

2019 4003 2166 4057 sibus
2183 4011 2350 4072 patet,
2373 4014 2429 4057 et
2458 4003 2692 4058 nondum
2713 4003 2763 4056 in
2794 4003 3040 4073 byemem
3067 4003 3360 4073 principitat
3385 4013 3597 4059 autum-

2021 4106 2145 4148 nus.
2179 4094 2357 4148 Placet
2379 4103 2554 4149 tamen
2591 4094 2728 4148 inter
2756 4093 2870 4148 lucc
2893 4134 2908 4158 ,
2935 4093 3074 4162 quod
3109 4097 3358 4149 inrestuas
3383 4136 3397 4160 ,
3429 4105 3484 4150 et
3510 4094 3598 4164 pio

2023 4194 2166 4239 metu
2197 4183 2489 4238 antevenis
2514 4183 2912 4239 necessitatem.
2939 4184 3388 4238 fleniunerabitur
3414 4199 3596 4238 curam

2021 4279 2214 4332 melior
2239 4287 2492 4344 eventus,
2521 4285 2575 4331 et
2602 4277 2774 4331 laudis
2803 4286 2908 4331 tn:e
2941 4277 3144 4330 fructus
3177 4275 3375 4331 efﬁciet
3415 4287 3467 4330 ut
3500 4277 3594 4330 tibi

2021 4369 2092 4424 sit
2117 4367 2270 4424 dulce
2300 4376 2482 4437 postea
2513 4366 2776 4421 timuisse.
2804 4365 2958 4420 Vale.

2628 4475 2847 4533 EPIST.
2888 4477 2998 4533 LV.

2466 4583 2773 4625 δῐωιλεηυε
2812 4586 3161 4626 ηοιιεικτικο.

2094 4659 2298 4714 Dictam
2340 4659 2471 4714 mihi
2505 4675 2534 4713 a
2567 4669 2619 4713 te
2648 4661 2873 4714 salutem
2913 4661 3025 4729 pari
3057 4660 3259 4715 liouore
3286 4676 3595 4729 compenso.

2025 4753 2231 4809 Vellent
2274 4755 2485 4822 utrique
2526 4761 2764 4807 nostrum
2802 4767 2947 4820 szepe
2992 4751 3285 4805 alternandi
3315 4751 3439 4821 styli
3473 4767 3598 4805 usus

2023 4847 2251 4900 veniret.
2297 4843 2405 4900 Sed
2441 4844 2564 4914 quia
2602 4843 2702 4898 hoc
2733 4844 3016 4914 longinqua
3053 4858 3155 4910 non
3198 4841 3381 4896 sinunt
3407 4843 3599 4897 cadere

2025 4953 2123 5008 pro
2157 4948 2280 4992 voto
2300 4936 2567 4991 communi
2585 4976 2601 5000 ,
2638 4936 2905 5004 patientia:
2927 4936 3064 4988 ratio
3088 4931 3398 4988 satisfaciat.
3431 4934 3599 4988 Debet

2023 5039 2170 5083 certe
2187 5037 2428 5096 prompta
2451 5040 2572 5080 esse
2595 5025 2733 5078 inter
2749 5040 2847 5079 nos
2869 5039 3033 5076 mora:
3063 5031 3260 5077 mutua:
3281 5024 3456 5077 venia.
3484 5022 3598 5076 Non

2024 5120 2212 5174 eadem
2251 5117 2503 5170 facilitate
2531 5115 2810 5185 purgabis;
2857 5113 2997 5182 quod
3033 5113 3126 5167 filii
3157 5114 3325 5168 nostri
3362 5112 3598 5167 Minervii

2026 5208 2237 5278 nuptias
2302 5207 2528 5260 aliorum
2580 5206 2753 5272 potius
2814 5205 2984 5259 relatu
3041 5218 3199 5273 quam
3255 5205 3448 5259 litteris
3496 5205 3599 5258 tuis

2025 5296 2284 5366 comperi.
2318 5299 2398 5350 An
2421 5296 2621 5348 veritus
2647 5309 2706 5349 es
2729 5309 2847 5349 nea
2879 5303 2930 5349 te
2961 5294 3223 5348 nomisma
3255 5308 3384 5347 auro
3412 5308 3599 5346 cusutn

2028 5386 2428 5443 desiderarem?
2457 5384 2636 5436 Potuit
2673 5383 2934 5452 iacturam
2967 5384 3220 5452 Sportula
3248 5391 3424 5435 tacere
3450 5396 3603 5436 vere-

2027 5478 2219 5535 cundia
2234 5493 2372 5532 mea.
2396 5475 2742 5539 Negationem
2756 5476 2932 5546 gaudii
2947 5491 3099 5531 amor
3119 5475 3289 5529 nescit
3304 5475 3601 5544 ignoscere.

2031 5570 2310 5635 Ettatnen,
2334 5577 2392 5621 ut
2416 5582 2534 5622 sum
2560 5566 2772 5638 placido
2789 5569 2840 5620 in
2869 5583 3019 5622 meos
3033 5565 3235 5628 animo,
3255 5565 3494 5634 spondeo
3509 5566 3602 5620 tibi

2032 5661 2404 5720 remissionem
2419 5660 2576 5730 hujus
2594 5657 2921 5724 offensionis,
2937 5673 3056 5710 cum
3071 5656 3137 5710 de
3151 5667 3343 5725 nepote
3355 5668 3601 5727 suscepto

2037 5753 2372 5812 anteveneris
2398 5753 2598 5814 scripto
2630 5751 2936 5806 nuntiorum
2967 5747 3324 5805 celeritatem.
3350 5749 3497 5806 Vale.
