4046 6170
451 330 556 391 239

1047 431 1261 487 EPiST.
1297 422 1433 485 LVI.

524 583 762 624 EII‘LICIT
805 583 868 620 Αο
922 579 1305 620 ηοιιεκτικυιι.
1362 575 1550 614 INCIPIT
1602 573 1653 610 IN
1703 570 1948 610 εοιιιιυκε

559 652 846 693 γιιλτιιιιιυε
875 649 1121 689 κικειινιυ
1147 673 1162 696 ,
1191 645 1444 685 PROTAIHO
1471 645 1535 682 ΕΤ
1565 639 1914 681 FLORENTINO.

533 771 598 826 Et
628 781 799 824 vestra
829 765 1110 822 concordia
1133 805 1147 829 ,
1180 771 1233 817 et
1259 776 1373 816 mea
1407 776 1498 830 per
1529 759 1626 812 hos
1646 757 1760 812 dies
1788 753 2025 808 imbecil-

463 861 585 916 litas
611 859 755 919 facit.
786 867 839 910 ut
867 871 964 910 vos
994 854 1150 908 unius
1192 851 1398 921 pagina:
1439 849 1757 904 salutatione
1795 843 2022 912 conjun-

451 965 592 1018 gam.
641 948 755 1000 Erit
787 945 900 999 'boc
943 952 1034 998 au‘t
1083 940 1356 1010 probabile
1406 954 1502 1008 pro
1544 936 1816 994 consortio
1862 932 2022 987 vestri

448 1041 646 1095 amoris
673 1079 690 1104 ,
735 1048 824 1091 aut
856 1033 1234 1105 ignoscendum
1264 1048 1362 1102 pro
1385 1040 1524 1086 Statu
1553 1029 1827 1098 temporis.
1861 1025 2024 1080 Esti-

450 1131 667 1186 mabitis
710 1130 857 1184 enim
887 1127 1084 1181 virium
1125 1133 1428 1179 nostrarum
1470 1120 1872 1190 fatigationem,
1901 1130 2020 1169 eum

448 1236 545 1276 vos
577 1221 630 1274 in
659 1217 1054 1286 subscriptione
1094 1215 1249 1269 istius
1287 1212 1528 1282 epistola:
1566 1209 1803 1280 precaria
1836 1219 2021 1260 manus

443 1313 694 1367 moverit.
717 1309 796 1365 Ad
822 1311 924 1363 hoc
957 1307 1047 1361 lilii
1068 1305 1237 1360 nostri
1267 1304 1495 1359 Nemesii
1527 1303 1608 1371 pia
1635 1301 1699 1355 ad
1733 1301 1898 1353 larem
1931 1313 2022 1366 pa-

442 1414 688 1471 tremque
714 1400 1040 1470 properatio.
1071 1399 1238 1468 magis
1261 1397 1700 1452 contestationem
1732 1393 1798 1446 de
1825 1409 1908 1445 tne
1933 1406 2021 1444 so-

443 1496 640 1552 lemnis
681 1493 839 1548 officii
879 1507 1036 1562 quam
1082 1489 1495 1543 satisfactionem
1547 1482 1882 1538 desideravit.
1913 1481 2020 1533 Res

443 1586 703 1655 postulat,
735 1593 790 1637 ut
815 1585 986 1636 salute
1018 1579 1255 1649 praifata,
1281 1576 1675 1631 florentissima:
1707 1571 1873 1626 indoli
1901 1571 2017 1638 ejus

445 1676 805 1731 testimonium
839 1675 1022 1727 feram.
1057 1671 1162 1726 Sed
1191 1685 1381 1723 vereor
1404 1684 1471 1722 ne
1502 1675 1775 1721 ostentare
1794 1679 2014 1732 operam

1611 322 1674 388 Q.
1717 314 2059 374 nonanus
2098 293 2535 368 svuuicutzs.

2042 425 2091 482 Α

3596 301 3710 363 2ιο

2715 411 2925 464 EPIST.
2972 408 3106 465 LIX.

2591 516 2683 556 ειίι
2693 515 2898 555 HACHUS
2937 516 3001 555 El!
3012 516 3069 553 NI
3083 515 3146 552 AX
3156 513 3224 552 ιο.

2197 597 2323 653 Sum
2349 594 2561 664 quidem
2591 595 2856 649 sermonis
2886 594 2960 648 tui
2991 593 3186 646 nimius
3217 589 3506 660 ﬂagitator.
3528 589 3710 646 Silen-

2126 688 2182 742 tii
2209 687 2488 742 intervalla
2519 701 2624 740 non
2655 699 2844 754 arguo,
2874 685 2970 740 sed
3002 685 3249 754 suapicor
3277 683 3474 752 aliquid
3519 686 3708 738 amici-

2124 780 2212 832 tia
2242 787 2439 832 nostra:
2463 791 2528 831 ex
2558 775 2777 846 alloquii
2801 778 3022 831 raritate
3067 776 3366 839 decedere;
3413 776 3504 846 qui
3535 777 3706 830 si-iani

2124 867 2178 922 in
2211 867 2514 936 pectoribus
2541 867 2722 921 sedem
2746 881 2866 922 esse
2887 867 3193 936 religionis,
3217 868 3461 922 levamen
3487 868 3709 921 desidc-
3747 931 3752 938 _

2125 961 2189 1014 rii
2217 976 2281 1015 ex
2305 975 2399 1014 ore
2430 960 2720 1029 proficisci.
2749 959 2965 1015 Priores
2988 961 3146 1028 igitur
3170 961 3361 1014 litterte
3385 975 3518 1014 mea:
3535 962 3709 1029 magis

2123 1050 2443 1104 desiderium
2471 1051 2736 1103 sermonis
2782 1051 2885 1114 tui,
2916 1065 3074 1119 quam
3119 1050 3524 1118 castigationem
3570 1053 3705 1103 taci-

2126 1140 2397 1193 turnitatis
2425 1139 2723 1193 habuerunt
2754 1155 2768 1191 :
2797 1148 2849 1192 ct
2898 1140 3018 1193 ideo
3042 1139 3426 1193 elaborandum
3457 1139 3553 1192 tibi
3597 1154 3706 1191 ιιοιι

2123 1241 2224 1294 est,
2253 1240 2311 1285 ut
2339 1231 2468 1284 mihi
2497 1231 2695 1284 amoris
2719 1231 2791 1285 lui
2823 1231 2980 1284 fidem
3024 1230 3225 1285 facias:
3268 1246 3389 1285 nam
3423 1232 3498 1284 tui
3536 1233 3708 1286 animi

2122 1323 2190 1376 de
2212 1337 2331 1377 meo
2352 1338 2506 1376 sumo
2531 1323 2790 1392 judicium
2821 1339 2834 1375 :
2865 1322 3125 1392 siquidem
3157 1324 3335 1377 nullus
3355 1325 3534 1378 verior
3553 1325 3708 1377 :esti-

2123 1423 2296 1467 matnr
2324 1422 2406 1466 est
2427 1413 2583 1466 alieni
2604 1413 2821 1478 amoris,
2845 1427 3004 1482 quam
3027 1413 3114 1482 qui
3143 1413 3210 1468 de
3236 1429 3336 1468 suo
3351 1415 3709 1468 sumitexeni-

2123 1505 2287 1575 plum.
2322 1505 2412 1573 llis
2445 1506 2512 1558 ita
2563 1505 2773 1574 positis,
2827 1507 2950 1574 quia
2981 1505 3032 1558 iu
3086 1521 3142 1559 re
3177 1515 3357 1574 aperta
3408 1508 3550 1576 p‘gct
3583 1521 3711 1561 esse

2122 1598 2408 1666 prolixum,
2441 1595 2775 1664 designatum
2807 1596 2898 1649 tibi
2923 1595 2988 1648 ad
3017 1596 3274 1650 urbanam
3317 1609 3603 1662 prmturam
3639 1601 3708 1650 lio

2123 1690 2248 1742 lium
2281 1705 2457 1744 meum
2492 1689 2699 1742 nuntio.
2743 1688 3002 1758 Intelligis
3028 1689 3150 1757 quid
3183 1689 3283 1744 sibi
3315 1689 3416 1742 hoc
3443 1688 3707 1743 indicium

446 1784 618 1824 meam
659 1767 872 1826 videar;
895 1780 1015 1834 qu:e
1041 1764 1157 1832 plus
1177 1761 1356 1830 juveni
1387 1760 1646 1814 bonarum
1670 1757 1861 1811 artium
1891 1770 2011 1810 con-

2123 1783 2269 1835 velit.
2293 1780 2679 1850 Quadrigarum
2726 1779 2991 1834 curulium
3029 1781 3280 1836 nobilitas
3326 1779 3710 1848 prmparanda.

449 1862 693 1928 tulisset,
731 1860 831 1914 nisi
871 1859 1134 1913 fraternus
1161 1871 1320 1910 casus
1349 1855 1600 1923 fregisset
1628 1866 1842 1907 cursum
1883 1849 2018 1904 duo-

443 1968 586 2008 rum.
609 1952 720 2007 Hoc
745 1961 922 2004 tamen
947 1948 1310 2004 sincerissima
1338 1946 1442 2001 (ide
1464 1945 1724 2008 dixerim;
1755 1945 2014 1998 minutam

442 2043 658 2112 quidem
710 2042 776 2097 de
804 2043 974 2096 altero
1025 2049 1307 2110 parentum
1363 2038 1481 2107 ejus
1524 2035 1866 2099 felicitatem;
1920 2034 2016 2088 sed

445 2149 605 2204 posse
642 2133 801 2189 istum
835 2146 1059 2188 suorum
1101 2129 1294 2200 gaudio
1345 2143 1442 2198 pro
1491 2136 1714 2197 utroque
1742 2126 2012 2180 sufﬁcere.

446 2225 650 2280 Valete.

1017 2310 1231 2368 EPIST.
1272 2309 1427 2365 LVII.

560 2440 868 2482 διιιιιωυε
895 2439 1178 2494 ιιιιιειινιο,
1210 2436 1502 2488 PBO‘I'ADIO,
1535 2433 1883 2476 ηοιιεκτικο.

516 2563 759 2632 Iit-legite
795 2565 931 2618 viam
958 2561 1276 2616 dissimulati
1307 2562 1563 2615 hactenus
1595 2561 1794 2617 moris.
1826 2574 1910 2613 me
1937 2559 2016 2611 of-

449 2655 690 2710 ﬁciorum
718 2654 1058 2710 famdiarium
1100 2653 1364 2722 przcsule,
1409 2651 1498 2721 qui
1531 2651 1677 2720 prior
1714 2650 1830 2717 rupi
1864 2665 2014 2703 cum-

441 2762 602 2800 tuune
628 2746 850 2799 dictum.
875 2744 981 2798 Nvt:
1004 2757 1098 2812 pro
1123 2757 1348 2796 numero
1375 2751 1554 2796 veStro
1583 2741 1836 2809 epistolas
1867 2747 2011 2806 peto,

437 2835 677 2906 quamvis
707 2837 845 2890 hanc
872 2833 1293 2888 vicissitudinem
1331 2832 1660 2901 singulorum
1705 2844 1857 2883 amor
1885 2829 2013 2883 mihi

441 2929 654 2983 debeat.
710 2927 908 2997 Magna:
948 2925 1296 2996 indulgentiae
1327 2940 1412 2980 res
1450 2933 1562 2988 est,
1589 2937 1646 2979 ut
1696 2923 1851 2979 fenus
1871 2923 2015 2992 quod

443 3021 595 3075 vobis
619 3022 763 3074 solus
793 3020 1049 3085 exhibeo,
1081 3019 1284 3074 alterna
1316 3017 1746 3074 remuneratione
1772 3016 2010 3072 solvatis.

444 3115 645 3169 Valete.

1008 3203 1224 3259 EPIST.
1268 3203 1441 3256 LVIII.

899 3328 1208 3368 δῑιθιλιῑιιυε
1239 3327 1518 3368 ευνιιλιιυ.

515 3447 736 3500 Δηιιιιοε
761 3442 937 3513 gaudii
986 3441 1190 3497 fructus
1216 3457 1282 3496 ex
1313 3440 1507 3495 litteris
1535 3437 1708 3507 capio.
1732 3437 1885 3492 Hunc
1923 3451 2012 3490 re-

439 3535 610 3607 ditum
656 3533 818 3597 mibi,
856 3532 951 3586 has
980 3545 1109 3600 opes
1151 3531 1331 3600 pendit
1381 3529 1652 3596 Hispania.
1700 3529 1879 3595 Itaque
1925 3526 2011 3582 ubi

442 3625 700 3696 propulsa
733 3623 924 3694 hyeme
955 3630 1234 3692 patescunt
1255 3622 1465 3674 navium
1496 3621 1617 3684 viae,
1648 3618 1864 3688 paginas
1896 3627 2010 3670 luas

441 3715 762 3770 commendo
791 3714 1000 3776 ventis,
1041 3727 1172 3781 quas
1215 3711 1318 3766 iste
1353 3724 1526 3764 annus
1554 3708 1858 3779 frequentes
1894 3709 2011 3776 qni-

439 3808 592 3873 dem,
626 3821 772 3863 seras
801 3814 978 3860 tamen
1010 3802 1204 3858 reddit.
1245 3801 1374 3856 Nam
1411 3800 1703 3855 decedebat
1726 3809 2011 3852 autumnus

437 3912 560 3951 cuin
591 3895 835 3951 homines
875 3894 951 3948 tui
996 3891 1248 3948 Tiberina
1294 3892 1600 3960 tetigerunt.
1647 3888 1781 3942 llinc
1815 3888 2008 3941 factum

437 3998 522 4044 est
557 4000 613 4044 ut
637 3989 901 4044 haererent
933 3986 1074 4056 apud
1105 3999 1201 4040 nos
1232 3983 1442 4039 defectu
1472 3981 1844 4051 navigationis.
1878 3979 2012 4035 Sua.

437 4082 542 4136 deo
573 4079 732 4149 igitur
762 4094 946 4134 eorum
982 4091 1165 4131 moras
1191 4091 1288 4144 pro
1319 4085 1404 4127 tua
1428 4074 1637 4143 justitia
1666 4073 1788 4126 boni
1812 4083 2008 4124 consu-

438 4171 540 4225 Ias.
574 4171 827 4237 Quamvis
858 4171 1004 4237 prius
1038 4167 1255 4220 nomine
1283 4180 1404 4219 meo
1431 4163 1583 4218 venia
1613 4162 1880 4230 poscenda
1904 4161 2007 4224 sit,

433 4262 575 4331 quod
605 4261 671 4314 de
688 4259 964 4314 curulibus
991 4258 1143 4326 equis
1165 4265 1413 4326 quatuor,
1436 4256 1614 4308 datum
1646 4253 1772 4306 mihi
1795 4267 1825 4306 a
1856 4251 2008 4318 tejns

433 4351 712 4408 electionis
741 4350 1036 4404 omiserim.
1065 4346 1233 4402 Velim
1257 4347 1444 4401 credas
1476 4344 1611 4398 hanc
1636 4343 2006 4397 abstinentiam

435 4459 542 4497 non
570 4444 732 4497 fuisse
762 4441 976 4496 fastidii.
1008 4440 1115 4495 Sed
1154 4444 1276 4509 quia
1315 4439 1517 4492 nullum
1540 4451 1726 4492 eorum
1746 4436 1872 4504 jugo
1897 4435 2009 4488 alu-

2120 1872 2196 1925 Ac
2246 1872 2472 1940 pretium
2507 1871 2744 1939 proxima
2793 1871 2990 1924 abhinc
3037 1881 3220 1926 :rstate
3251 1872 3552 1934 mitzemus,
3605 1874 3707 1926 sed

2117 1959 2225 2029 jam
2254 1963 2627 2016 necessitatem
2671 1971 2967 2031 prmcurrat
2994 1961 3183 2016 electi-i
3222 1979 3236 2014 :
3295 1963 3516 2016 multum
3558 1962 3708 2016 enim

2124 2053 2261 2108 valet
2286 2053 2548 2122 ejusmodi
2607 2055 2658 2108 in
2700 2054 2862 2109 rebus
2893 2055 3101 2125 longior
3125 2055 3425 2124 diligentia.
3456 2054 3709 2123 Quapro~

2120 2153 2236 2212 pter
2258 2147 2559 2216 accingere,
2593 2155 2647 2200 ut
2673 2149 3013 2209 quaestoriam
3038 2147 3304 2216 quondam
3333 2149 3424 2202 lilii
3451 2150 3556 2203 mei
3589 2167 3708 2203 tna~

2117 2235 2500 2304 gnilieentiam,
2534 2238 2617 2291 cui
2647 2253 2741 2306 per
2789 2246 2840 2292 te
2869 2238 3095 2291 IIIUSIII.‘
3128 2237 3262 2290 fama
3305 2240 3527 2307 qumsita
3550 2280 3567 2303 ,
3615 2254 3708 2294 se-

2116 2325 2321 2380 cundus
2338 2325 2577 2394 ejusdem
2601 2338 2819 2397 superet
2841 2330 3207 2398 magistratus.
3235 2328 3404 2384 Verus
3427 2331 3625 2398 quinne
3648 2340 3710 2386 et

2117 2417 2383 2474 maximus
2413 2418 2585 2475 laudis
2626 2421 2897 2490 profectus
2940 2431 3044 2486 ω,
3089 2422 3301 2492 quoties
3346 2424 3712 2492 sequentibus

2121 2517 2303 2583 priora
2327 2517 2633 2572 vincuntur.
2666 2519 2810 2572 Vale.
2961 2563 2974 2582 ,

2721 2610 2934 2664 EPIST.
2979 2609 3089 2664 LX.

2592 2712 2903 2753 δϊιιιιλειιυε
2934 2713 3218 2754 ευινωιιιο.

2189 2785 2481 2842 Praztnram
2504 2788 2595 2842 lilii
2630 2791 2757 2854 uici,
2791 2792 2834 2842 si
2865 2790 2974 2844 fors
2995 2789 3197 2843 dictum
3216 2791 3394 2859 juvet,
3423 2791 3709 2860 proximus

2119 2889 2292 2930 annus
2321 2887 2616 2946 exspectat.
2645 2879 2915 2948 Equorum
2963 2881 3091 2934 mihi
3143 2879 3406 2934 curulium
3449 2883 3706 2938 nobilitas

2118 2969 2467 3038 praeparanda
2493 2979 2592 3032 est,
2634 2972 2726 3026 tibi
2756 2971 2989 3026 curanda
3029 2989 3044 3026 :
3077 2981 3133 3025 ut
3173 2975 3558 3041 exspectationi
3603 2991 3700 3045 po-

2123 3061 2233 3130 puli
2262 3061 2487 3115 Romani
2520 3079 2636 3119 mea
2671 3065 2915 3133 pecunia,
2947 3075 3030 3119 tua
3059 3079 3187 3119 cura
3210 3068 3549 3136 respondeat.
3587 3070 3702 3122 Hoc

2042 3135 2087 3193 (ἶ
2120 3165 2206 3204 me
2230 3152 2436 3206 crebris
2468 3153 2657 3207 litteris
2697 3156 2999 3224 postulasse
3021 3135 3329 3211 meministi.
3372 3157 3523 3214 Nunc
3568 3160 3703 3213 mihi

2118 3243 2499 3298 admonitionis
2517 3245 2700 3312 verba,
2726 3261 2830 3300 non
2851 3246 3183 3316 repetitionis
3210 3246 3512 3311 adhibenda
3541 3259 3696 3302 sunt:

2116 3344 2171 3388 et
2203 3344 2379 3388 tamen
2410 3349 2531 3389 cum
2562 3337 2806 3391 voluntas
2843 3337 2895 3391 in
2928 3352 3026 3392 nos
3050 3346 3137 3393 tua
3167 3339 3425 3393 ambitum
3473 3356 3582 3394 non
3615 3355 3702 3394 re-

2114 3428 2320 3497 quirat,
2362 3429 2415 3483 ia
2455 3436 2662 3484 tantum
2712 3446 2798 3486 me
2849 3433 3025 3486 votiva
3070 3433 3359 3489 sollicitant
3401 3446 3460 3488 ut
3508 3435 3702 3487 anxias

2115 3523 2332 3578 auribus
2368 3525 2473 3584 tuis
2500 3537 2749 3595 tanquam
2786 3544 2956 3583 novus
2989 3530 3186 3598 petitor
3213 3532 3450 3598 ingeram
3486 3547 3698 3599 preces.

2120 3615 2389 3672 Vincenda
2413 3629 2493 3674 est
2525 3621 2666 3672 enim
2699 3621 2826 3674 mihi
2850 3620 2989 3675 fama
3019 3623 3409 3691 exemplorum,
3434 3639 3555 3692 qua:
3580 3636 3699 3692 post

2113 3707 2447 3762 consularem
2475 3704 2893 3766 munificentiam
2926 3711 3120 3766 domus
3149 3723 3367 3778 nostrai,
3390 3722 3444 3766 et
3473 3714 3563 3766 lilii
3590 3716 3699 3767 mei

2113 3799 2454 3867 quastoriam
2479 3800 2824 3866 functioncm,
2844 3801 2975 3856 nihil
3001 3801 3068 3856 de
3098 3803 3250 3856 nobis
3277 3785 3552 3857 mediocre
3582 3819 3680 3871 pro

2115 3890 2294 3944 mittit.
2314 3889 2437 3945 Ilzec
2460 3891 2616 3960 igitur
2635 3891 2900 3959 petitionis
2917 3907 3119 3945 summa
3148 3904 3249 3959 est,
3278 3904 3434 3948 utine
3464 3894 3694 3963 diligen-

2115 3979 2184 4034 tia
2209 3987 2295 4032 tua
2326 3980 2608 4049 praeterita:
2638 3981 2817 4050 gloria
2847 3998 3027 4050 parem
3049 3981 3224 4037 faciat.
3273 3983 3448 4038 Pretia
3480 4001 3579 4052 pro
3608 3997 3694 4038 tua

2114 4075 2365 4141 aequitate
2392 4073 2717 4127 numeranda
2750 4073 3042 4127 familiares
3059 4077 3158 4128 mei
3191 4075 3571 4129 incunctanter
3597 4094 3690 4130 ex-

2113 4164 2342 4218 solvenl.
2367 4163 2465 4218 Tui
2492 4165 2735 4218 beneficii
2759 4164 2881 4227 erit,
2912 4174 2968 4218 ut
2995 4165 3250 4233 quidquid
3273 4166 3338 4219 ad
3361 4168 3549 4219 curule
3577 4182 3689 4219 cer-

2115 4263 2288 4308 tamen
2312 4269 2626 4323 gcnerosum
2648 4255 2816 4324 gignit
2837 4254 3108 4323 Hispania,
3133 4255 3215 4308 vel
3239 4256 3399 4309 domo
3427 4259 3684 4324 praebeas,

2115 4345 2198 4400 vel
2229 4345 2296 4399 de
2323 4345 2548 4398 aliorum
2576 4346 2827 4414 gregibus
2855 4359 3132 4412 excerpas.
3157 4345 3268 4399 Non
3319 4361 3511 4400 vereor
3555 4348 3687 4400 inter

2117 4437 2230 4490 hrec
2279 4451 2346 4490 ne
2375 4451 2460 4489 me
2508 4445 2843 4504 appetentem
2891 4435 3113 4503 plebeia:
3164 4435 3335 4491 laudis
3389 4439 3686 4491 existimes.

431 4548 580 4590 crem
610 4578 624 4601 ,
658 4535 744 4589 vel
784 4536 945 4588 dorso
972 4532 1153 4586 mitem
1185 4530 1433 4600 proba'vi,
1471 4530 1619 4600 optio
1649 4527 1857 4582 meritis
1903 4541 2007 4579 non
2038 4501 2092 4562 Ῑ)
2113 4523 2230 4578 Scis
2257 4526 2399 4579 enim
2431 4539 2528 4594 pro
2546 4501 2642 4578 tua
2687 4501 2948 4592 sapientia
2976 4542 3180 4593 magna:
3212 4527 3359 4580 urbis
3402 4528 3681 4596 magistra-

434 4629 662 4683 excitata
708 4627 867 4680 ces~it
898 4641 929 4680 e
973 4641 1032 4680 re
1073 4634 1217 4678 nata.
1256 4622 1625 4692 Opportunum
1656 4619 1866 4673 videtur
1889 4618 2010 4674 dili-

435 4719 672 4786 gentiam
702 4726 843 4770 tuam
876 4715 1120 4784 precibus
1153 4712 1355 4766 ambire
1384 4751 1399 4775 ,
1430 4722 1485 4763 ιιι
1515 4711 1565 4764 in
1589 4711 1889 4778 pra'toriam
1918 4707 2011 4763 ﬁlii

436 4809 542 4862 mei
587 4808 910 4862 iunctionem
947 4805 1062 4859 visu
1104 4815 1158 4858 et
1198 4819 1356 4856 cursu
1389 4801 1592 4855 nobiles
1624 4810 2006 4868 praeparentur.

435 4900 657 4954 Gemina
679 4909 804 4953 ante
830 4898 929 4951 hac
959 4895 1208 4950 editionis
1228 4891 1543 4946 claritudine
1568 4891 1622 4943 in
1649 4905 1710 4943 os
1736 4890 2008 4942 hominum

435 4991 697 5044 venimus.
737 4985 1179 5044 Satisfaciendum
1211 4984 1419 5038 videtur
1447 4979 1864 5050 exspectationi,
1886 4995 2004 5048 qua:

435 5081 607 5136 crevit
634 5079 912 5146 exemplis.
941 5078 1118 5144 Quare
1143 5074 1310 5128 amori
1329 5084 1418 5127 tuo
1443 5071 1612 5124 laudis
1643 5078 1839 5124 nostra:
1859 5083 2003 5122 com-

432 5170 632 5227 mendo
659 5183 905 5234 causam,
948 5183 1065 5238 qua:
1093 5166 1362 5236 paulisper
1394 5177 1676 5218 censuram
1706 5162 1830 5214 vita:
1859 5171 1959 5214 tuae
1982 5201 1998 5226 ,

433 5264 856 5332 gravitatemque
889 5259 1049 5314 animi
1072 5263 1137 5312 ad
1167 5256 1446 5327 populares
1473 5269 1629 5310 aures
1657 5253 1818 5308 debet
1853 5254 2006 5308 infle-

430 5365 600 5419 ctere,
617 5351 782 5406 doma
808 5350 1033 5419 pretium
1054 5347 1440 5418 apportabitur,
1461 5356 1550 5400 tuo
1577 5346 1832 5399 arbitratu
1854 5345 2004 5398 nobi-

437 5446 564 5498 lium
603 5444 981 5512 quadrigarum
1024 5440 1256 5494 dominis
1305 5437 1660 5493 inferendum.
1711 5436 1890 5490 Solam
1934 5436 2002 5488 de

431 5537 660 5589 amicitia
706 5545 792 5588 tua
830 5531 1116 5588 electionis
1151 5543 1336 5583 curam
1379 5529 1612 5597 requiro.
1645 5527 1806 5582 Factu
1847 5527 2001 5580 facile

432 5632 538 5689 est,
569 5639 686 5678 cum
708 5629 776 5678 sit
803 5625 952 5679 dives
972 5618 1372 5690 equinipecoris
1401 5617 1673 5686 Hispania,
1703 5627 1757 5670 et
1777 5631 1999 5684 magnus

434 5721 652 5777 gregum
681 5727 928 5770 numerus
956 5713 1160 5781 copiam
1195 5714 1410 5776 praestet
1453 5707 1708 5762 examini.
1741 5705 1889 5761 Vale.

1933 5805 1990 5814 οη--

2113 4616 2253 4670 t.bus
2275 4626 2528 4686 angustos
2555 4617 2762 4670 animos
2784 4633 2886 4670 non
2917 4617 3229 4671 convenire.
3254 4618 3363 4672 Hoc
3385 4621 3546 4672 etiam
3562 4620 3679 4672 Tui.

2113 4710 2214 4764 lius
2245 4720 2364 4762 tuus
2381 4710 2640 4778 przecipit,
2658 4709 2838 4762 luxum
2870 4710 2921 4763 in
2943 4709 3161 4778 privatis
3184 4711 3412 4778 negotiis
3433 4725 3680 4779 arguens,

2112 4800 2165 4854 in
2197 4799 2420 4869 publicis
2451 4798 2898 4868 magnificentiam
2944 4799 3198 4866 probans.
3228 4799 3405 4865 Quare
3442 4816 3506 4853 ex
3539 4814 3677 4852 sum-

2111 4891 2212 4944 mis
2242 4890 2430 4958 opibus
2459 4889 2583 4956 juva
2619 4889 2842 4942 Romani
2875 4891 2998 4942 anni
3043 4892 3346 4956 speciosum
3400 4890 3629 4943 (olorem
3660 4905 3674 4948 ;

2109 4992 2362 5034 venturus
2394 4979 2443 5032 in
2474 4989 2676 5046 partem
2710 4979 2981 5048 popularis
3009 4978 3225 5040 fat-oris,
3254 4979 3297 5031 si
3323 4979 3478 5032 nobis
3497 4995 3560 5032 ex
3592 4988 3677 5030 tuo

2109 5069 2367 5124 beneficio
2392 5068 2651 5122 celebrior
2681 5069 2816 5120 fama
2845 5069 3178 5136 provenerit.
3210 5068 3359 5122 Vale.

2708 5159 2922 5212 EPIST.
2965 5158 3099 5212 LXI.

2575 5264 2883 5304 δῖειλιζιιυε
2923 5264 3204 5301 ευιηιλιιο.

2174 5343 2433 5398 Tuentius
2465 5353 2583 5395 tuus
2624 5342 2676 5394 in
2701 5341 2957 5393 utramvis
2985 5353 3167 5392 aurem
3208 5351 3455 5391 somnum
3494 5349 3671 5401 capes-

2103 5445 2206 5489 sat.
2231 5433 2370 5488 Nihil
2386 5433 2525 5488 enim
2542 5445 2726 5500 magna
2747 5429 2974 5497 dignitas
2993 5441 3023 5480 a
3048 5440 3278 5494 paupere
3292 5425 3442 5493 petit.
3465 5424 3542 5477 Sit
3569 5423 3672 5475 for—

2104 5533 2244 5578 tasse
2271 5523 2539 5591 plerisque
2569 5520 2680 5588 ipsa
2704 5520 2878 5587 inopia
2903 5517 3111 5586 gravis:
3138 5515 3298 5568 habet
3321 5523 3498 5567 tamen
3521 5511 3669 5564 alieni

2103 5612 2282 5667 oneris
2303 5611 2689 5678 exceptionem.
2722 5608 2923 5672 Adjice,
2957 5607 3001 5659 si
3031 5605 3228 5675 placet,
3260 5601 3536 5658 securitati
3561 5601 3671 5669 ejus

2103 5702 2386 5758 sacerdotii
2409 5699 2765 5766 privilegium,
2800 5706 2853 5752 et
2877 5697 3032 5750 unius
3083 5694 3318 5751 hominis
3347 5691 3668 5748 munitm-uta
