4074 6176
325 380 419 436 ςιι

1530 374 2005 434 EPISTULARUM
2045 377 2246 436 LIBER
2285 383 2364 439 IV.

3459 398 3574 458 Si?

327 489 637 560 multiplicia.
669 451 795 544 Mihi
821 489 1031 548 videtur
1075 491 1302 547 validior
1330 505 1450 547 esse
1493 493 1742 547 omnibus
1777 506 1867 542 va-
1898 493 1948 549 Α
1978 491 2112 546 rium
2141 496 2206 549 ad
2230 498 2460 553 secunda
2498 501 2854 570 progreditur,
2897 505 2942 558 si
2985 505 3158 572 priora
3207 505 3552 584 displiceant.

324 583 572 635 cationum
607 580 856 635 remediis
881 581 1137 638 exhausta
1159 584 1390 638 fortuna.
1425 583 1530 638 Sed
1573 583 1732 638 velim
1774 599 1871 638 no-

323 670 453 726 veris
470 672 782 740 quaesitores
807 672 975 740 glebae
1005 675 1291 728 senatoria!
1317 675 1562 743 protinus
1589 673 1872 740 affuturus,

321 763 728 831 siierandamqne
756 763 972 818 'I‘uentii
1003 765 1212 819 veniam
1245 766 1540 834 pleniorem
1563 806 1579 832 ,
1623 767 1669 820 si
1715 765 1872 820 fidem

321 855 630 924 paupertatis
655 854 772 924 ejus
797 857 1094 924 exploratio
1117 867 1286 912 ratam
1321 858 1527 914 fecerit.
1558 859 1761 915 Interea
1793 870 1877 913 tu-

317 945 695 1012 tus.prioribus
746 947 912 1016 gestis
960 957 1085 1015 agat
1136 948 1381 1004 liberum.
1425 949 1564 1004 Nihil
1593 949 1876 1005 novabitur

315 1047 424 1106 post
485 1037 704 1092 illustris
758 1039 858 1092 viri
901 1038 1095 1095 Felicis
1153 1054 1252 1109 pro
1317 1041 1408 1096 illo
1457 1041 1870 1112 judicationem;

316 1128 461 1182 modo
486 1129 742 1198 allegatos
783 1130 984 1184 dudum
1030 1133 1297 1188 senatoris
1343 1134 1614 1204 angustias
1667 1141 1874 1188 astruat

309 1221 558 1276 examinis
584 1222 881 1290 diligentia.
932 1223 1082 1279 Nunc
1136 1224 1266 1280 mihi
1299 1227 1471 1281 amice
1510 1227 1872 1297 objurgandus

307 1327 378 1374 es,
409 1313 495 1380 qui
526 1327 649 1367 cum
679 1315 850 1368 vicina
881 1313 1072 1371 itinera
1109 1315 1510 1386 perstrinxeris,
1545 1317 1764 1373 flectere
1801 1317 1870 1372 ad

306 1418 397 1458 nos
421 1403 658 1459 habenas
684 1405 902 1477 longum
939 1409 1160 1477 putasti.
1202 1409 1446 1465 Dedisset
1474 1411 1721 1479 llispania
1768 1410 1873 1465 Ro-

305 1511 397 1550 mae
426 1497 606 1566 posito
630 1511 799 1554 mora:
831 1502 1063 1556 veniam.
1092 1501 1249 1556 Novit
1271 1505 1412 1558 enim
1435 1503 1751 1558 submittere
1779 1503 1869 1558 de-

303 1587 487 1643 videiia
530 1603 627 1644 sua
664 1601 979 1647 cunctarum
1031 1595 1430 1662 provinciarum
1480 1597 1705 1664 parenti.
1764 1595 1871 1651 Nec

303 1679 368 1731 ita
399 1693 562 1734 avara
591 1689 678 1736 est
706 1692 765 1737 ut
794 1683 948 1738 nobis
975 1685 1191 1754 propria
1229 1685 1364 1740 bona
1397 1687 1532 1740 nolit
1561 1687 1865 1742 ostendere.

299 1769 462 1835 Quare
479 1768 715 1826 fraudati
744 1773 914 1840 gratia
949 1777 1047 1840 tui,
1086 1777 1352 1830 secundos
1393 1775 1641 1836 amicitia:
1669 1775 1868 1831 fructus

1983 584 2098 639 Misi
2125 587 2282 656 igitur
2301 605 2365 643 ex
2389 593 2773 649 recentioribus
2806 611 3028 650 numero
3047 598 3301 667 quinque,
3331 616 3556 668 quarum

1977 677 2068 729 uni
2095 676 2205 744 jam
2229 679 2473 736 flduciam
2504 681 2631 738 fecit
2666 684 2907 754 publicus
2936 687 3111 742 favor.
3141 689 3244 744 Sed
3282 702 3402 760 post
3439 707 3561 746 sen-

1978 768 2197 823 tentiam
2233 774 2415 838 gentis
2449 782 2662 845 togatae,
2705 777 2881 832 adhuc
2933 782 3332 846 exspectatione
3371 783 3558 851 judicii

1978 860 2050 913 tui
2076 861 2304 929 pendeo,
2333 865 2475 934 quod
2511 866 2633 922 volo
2656 867 2864 936 jnratus
2891 871 3133 937 emittas,
3156 873 3277 940 quia
3301 875 3558 929 convenit

1976 953 2163 1008 vinciri
2189 967 2527 1012 sacramento
2541 958 2718 1022 fidem,
2737 960 2780 1013 si
2807 960 3022 1030 quando
3047 962 3277 1017 amicitia
3304 963 3354 1017 in
3377 965 3556 1035 suspi-

1973 1044 2182 1099 cionem
2211 1046 2397 1116 gratia:
2429 1049 2653 1103 venerit.
2677 1050 2828 1104 Vale.

2563 1137 2775 1194 EPIST.
2811 1141 2964 1195 LXV’.

2443 1242 2754 1285 SYIIACIIUS
2791 1247 3072 1288 EUPIIAXIO.

2043 1314 2367 1371 Iamdudum
2419 1318 2472 1372 in
2525 1321 2923 1389 exspectatione
2989 1323 3288 1379 litterarum
3338 1335 3549 1384 tuarum

1973 1421 2142 1473 eram,
2172 1408 2408 1464 incertus
2433 1411 2596 1466 animi
2636 1413 2760 1482 quid
2789 1413 2892 1469 sibi
2929 1415 3086 1470 vellet
3113 1425 3220 1470 tam
3250 1418 3403 1488 longa
3433 1436 3550 1474 ces-

1973 1500 2130 1554 satio.
2163 1501 2268 1556 Sed
2302 1502 2391 1557 ubi
2421 1505 3045 1572 compotem‘desiderati
3090 1510 3329 1564 muneris
3365 1511 3548 1566 reddi.

1971 1588 2118 1654 disti,
2158 1603 2285 1646 cura
2321 1592 2480 1647 vertit
2509 1594 2562 1648 in
2607 1595 2876 1663 gaudium.
2934 1597 2998 1652 Et
3039 1613 3224 1653 revera
3255 1599 3326 1654 ita
3359 1609 3546 1655 natura

1972 1687 2216 1746 paratum
2246 1693 2347 1746 est,
2379 1691 2438 1736 ttt
2477 1685 2703 1752 expetiti
2733 1684 2824 1740 diu
2852 1685 3012 1741 officii
3041 1689 3258 1757 querela
3297 1689 3545 1757 decedat,

1972 1768 2018 1822 si
2048 1769 2316 1838 potiamur
2367 1781 2570 1840 optato.
2614 1773 2758 1844 Ergo
2796 1791 2989 1844 magno
3027 1777 3269 1847 impensu
3308 1782 3547 1850 gratulor

300 1859 474 1915 sedulo
503 1861 868 1928 postulamus,
895 1875 952 1918 ut
980 1865 1188 1934 quoties
1228 1867 1338 1919 fors
1385 1867 1589 1934 copiam
1639 1866 1846 1922 dederit
1903 1841 1944 1898 Β
1972 1860 2291 1930 integratum
2324 1863 2454 1919 mihi
2482 1879 2602 1921 esse
2634 1841 2825 1937 pignus
2849 1841 3140 1938 religionis.
3170 1841 3455 1927 Prms‘t'abis
3480 1888 3547 1926 no

303 1953 526 2023 legamus
549 1955 734 2010 saltim
764 1957 854 2027 qui
878 1957 1060 2011 videre
1097 1958 1400 2012 maluimus.
1436 1957 1584 2013 Vale.

881 2047 1097 2102 EI’IST.
1141 2048 1296 2103 LXII.

751 2155 1060 2198 SYIIIACIIUS
1103 2155 1274 2196 EUPRA
1284 2154 1394 2194 XIO.

355 2234 422 2290 Et
466 2235 707 2290 amicitia
754 2242 934 2288 nostra
987 2232 1041 2285 in
1081 2245 1177 2286 ore
1206 2231 1496 2285 multorum
1526 2239 1637 2296 est,
1669 2238 1722 2286 et
1750 2231 1866 2286 laus

299 2339 540 2395 equorum
584 2337 802 2381 tuorum
846 2325 1128 2394 longinqua
1167 2324 1484 2393 penetravit.
1530 2324 1665 2378 Ilinc
1709 2325 1770 2378 fit
1809 2333 1868 2379 ut

298 2435 396 2473 sua
415 2421 647 2490 quisque
690 2418 876 2487 patria:
913 2416 1255 2486 magistratus
1285 2431 1418 2471 mea:
1445 2417 1866 2472 commendatio~

299 2510 372 2563 nis
398 2525 552 2579 opem
583 2509 845 2580 postulet,
869 2522 1086 2578 gregum
1117 2515 1329 2562 tuorum
1359 2507 1496 2560 fama
1525 2507 1756 2562 illectus.
1788 2507 1864 2561 Ea

300 2613 500 2670 propter
525 2610 830 2656 summates
856 2599 1296 2655 Antiochensium
1329 2598 1477 2653 missi
1503 2598 1570 2652 ad
1615 2613 1862 2654 mercan-

296 2693 379 2746 das
399 2694 706 2763 quadrigas,
725 2693 898 2761 juvari
924 2690 1067 2760 apud
1101 2701 1153 2746 te
1181 2689 1447 2745 sermonis
1473 2691 1643 2744 nostri
1675 2690 1861 2744 conci-

297 2783 500 2839 liatione
522 2785 838 2839 voluerunt.
862 2785 1073 2848 Annue,
1090 2797 1294 2851 qua’so,
1320 2782 1535 2851 longum
1556 2781 1865 2850 peregrina-

295 2875 372 2938 tis,
399 2885 450 2929 et
478 2875 792 2942 electionis,
823 2885 878 2930 et
897 2874 1053 2944 pretii
1080 2874 1276 2943 justam
1305 2873 1718 2943 benignitatem;
1742 2888 1862 2942 quae

296 2965 523 3024 homines
564 2968 872 3037 opinionem
903 2967 1154 3022 blandam
1185 2975 1427 3032 secutos,
1461 2967 1530 3021 de
1561 2976 1651 3020 tuo
1683 2966 1862 3021 studio

293 3072 502 3129 meoque
525 3060 726 3115 merito
755 3073 938 3114 verum
964 3072 1212 3128 sperasse
1237 3056 1540 3112 confirmet.
1577 3055 1726 3114 Vale.

1971 1950 2128 2018 hujus
2173 1951 2441 2022 opinionis
2486 1953 2685 2030 frustra
2727 1957 2852 2023 sim,
2896 1973 3019 2013 cum
3069 1959 3395 2031 diligentiam
3440 1963 3546 2017 mei

1967 2041 2222 2098 continuo
2244 2059 2430 2100 amore
2459 2047 2780 2102 servaveris.
2811 2048 2964 2104 Vale.

2525 2139 2742 2197 EPIST.
2797 2140 2979 2199 LXVI.

2464 2246 2770 2288 SYIIACBUS
2808 2247 3070 2289 EUSIGNIO.

2041 2321 2239 2376 Videro
2263 2321 2387 2392 quid
2409 2321 2607 2391 iustitia
2639 2331 2964 2393 temporum,
2988 2323 3110 2391 quid
3141 2337 3316 2379 causa:
3343 2335 3540 2382 nostra:

1967 2412 2201 2479 bonitas,
2230 2414 2355 2484 quid
2386 2428 2513 2470 cura
2545 2425 2654 2483 tua,
2678 2416 2724 2471 si
2755 2427 2930 2471 tamen
2961 2417 3052 2472 tibi
3081 2417 3228 2472 cordi
3249 2433 3388 2482 sum,
3419 2419 3537 2475 effl-

1969 2520 2093 2561 cere
2133 2507 2323 2573 possit.
2348 2507 2459 2576 Ego
2490 2507 2542 2562 in
2574 2507 2737 2564 fratre
2766 2525 2886 2565 meo
2917 2510 3151 2565 Eusebio
3182 2511 3244 2566 V.
3272 2513 3332 2568 C.
3355 2523 3538 2568 votum

1965 2598 2162 2652 servati
2192 2597 2334 2654 circa
2382 2613 2482 2654 nos
2537 2599 2915 2674 moderaminis
2959 2602 3272 2670 amplector,
3319 2602 3539 2672 ejusque

1965 2690 2284 2756 probitatem
2314 2701 2494 2746 mente
2534 2691 2675 2758 colo,
2697 2707 2948 2748 sermone
2982 2693 3322 2748 commendo.
3355 2692 3422 2747 Et
3447 2693 3539 2748 ille

1965 2781 2088 2836 licet
2114 2781 2239 2837 boni
2269 2783 2527 2852 propositi
2577 2784 2857 2854 praemium
2905 2801 3008 2839 non
3045 2785 3309 2855 requirat;
3357 2795 3536 2843 tamen

1964 2871 2244 2927 honestam
2283 2874 2443 2928 vitam
2473 2873 2540 2928 de
2582 2884 2669 2928 tua
2691 2874 2921 2928 amicitia
2961 2884 3207 2944 optamus
3234 2876 3532 2932 exsolvere.

1962 2963 2179 3018 Fi-ceris
2201 2964 2357 3034 igitur
2375 2979 2487 3019 rem
2507 2973 2610 3018 tam
2640 2980 2773 3020 mea:
2787 2966 3042 3020 voluntati
3059 2978 3354 3036 acceptam,
3379 2982 3535 3037 quam

1962 3056 2069 3110 tuis
2109 3056 2348 3111 moribus
2375 3064 2827 3116 consentaneum:
2855 3057 2900 3112 si
2921 3058 3162 3115 advertat
3189 3061 3270 3114 vir
3299 3061 3529 3130 pruden-

1963 3144 2198 3200 tissimus
2238 3145 2490 3215 quidquid
2531 3146 2661 3200 mihi
2692 3147 2895 3214 tribuit,
2923 3147 2970 3201 id
3001 3164 3060 3204 se
3097 3152 3334 3204 omnium
3364 3151 3530 3206 hono-

1961 3250 2078 3290 rum
2110 3237 2291 3306 gratiae
2317 3236 2593 3291 detulisse.
2625 3236 2771 3291 Vale.

2527 3328 2743 3384 EPIST.
2772 3329 2861 3384 LX
2873 3329 2978 3384 VII.

851 3150 1067 3206 EPIST.
1112 3149 1294 3207 LXIII.

752 3257 1058 3298 εῐυυλςιιυε
1101 3257 1381 3297 ευΡκΑκιο.

348 3327 448 3384 Fas
470 3329 543 3384 sit
576 3328 796 3384 dicere:
827 3343 1084 3400 equorum
1110 3330 1376 3384 curulium
1401 3329 1555 3396 cupis
1586 3342 1693 3383 non
1726 3341 1854 3396 ege-

289 3433 422 3484 mus,
449 3421 548 3476 sed
595 3420 784 3476 incitat
825 3435 924 3476 nos
967 3431 1216 3490 praetura:
1249 3435 1398 3476 mora
1427 3421 1493 3475 ad
1525 3420 1852 3477 desiderium
2447 3437 2755 3477 svuncuus
2781 3437 3040 3479 sumcmo.
3075 3447 3080 3450 ·

287 3514 507 3567 muneris
550 3513 818 3582 largioris.
873 3512 932 3568 Si
970 3527 1099 3584 ergo
1140 3513 1312 3568 dulcis
1358 3522 1443 3568 est
1483 3513 1503 3585 (
1526 3523 1584 3567 ut
1615 3513 1850 3583 assolet)
2025 3515 2092 3570 Et
2113 3523 2412 3584 temporum
2430 3515 2728 3571 clementiae
2748 3517 3014 3587 congruit,
3042 3525 3097 3573 et
3119 3527 3306 3574 sancto
3323 3519 3532 3590 ingenio

286 3603 504 3658 mandati
533 3604 645 3658 mei
673 3605 947 3659 exsecutio
969 3644 986 3670 ,
1016 3614 1245 3673 quatuor
1270 3618 1333 3658 ex
1358 3619 1520 3674 grege
1559 3603 1853 3659 Laudaeia-
1952 3615 2044 3661 tuo
2077 3606 2339 3661 familiare
2367 3615 2452 3662 est
2491 3608 2610 3676 opis
2637 3606 2846 3676 indigos
2898 3607 3200 3663 sublevare.
3236 3609 3370 3666 Ilinc
3399 3612 3531 3664 mihi

285 3707 457 3748 uorum
489 3694 800 3764 quadrigas,
830 3707 962 3765 quas
990 3704 1077 3748 tua
1128 3694 1353 3750 defloret
1394 3697 1613 3761 electio,
1659 3695 1726 3750 ad
1762 3711 1850 3753 me
1951 3696 2139 3751 fiducia
2170 3696 2388 3750 suborta
2416 3705 2499 3751 est
2531 3711 2626 3766 pro
2647 3695 2812 3751 fratre
2845 3702 3028 3752 no~tro
3067 3699 3381 3754 Steminatio
3409 3715 3532 3768 sup-

282 3793 398 3852 opto
423 3785 645 3853 deduci,
677 3801 796 3841 cum
826 3786 1056 3855 primum
1082 3801 1231 3842 mare
1255 3788 1522 3857 navigatio
1547 3803 1711 3844 verna
1750 3803 1851 3858 pa-
1949 3788 2203 3860 plicandi,
2231 3788 2315 3844 eui
2345 3787 2544 3842 dudum
2571 3796 2760 3843 cuncta
2790 3788 3024 3858 dempsit
3054 3787 3250 3842 invidia
3276 3789 3526 3856 fortunae,

1881 3193 1928 3255 C

283 3877 526 3932 tefecerit.
564 3877 676 3947 Ego
706 3878 934 3949 pretium
975 3878 1116 3949 quod
1151 3879 1477 3949 signaverint
1515 3881 1707 3936 littera:
1743 3889 1847 3936 tum

283 3965 328 4020 in
355 3983 460 4023 rem
490 3970 673 4024 mis-is
694 3970 1069 4026 remnnerabo.
1099 3971 1413 4042 Quanquam
1445 3972 1545 4028 hoc
1577 3972 1843 4042 spondere

283 4074 375 4114 non
402 4060 598 4128 debui,
628 4062 752 4131 quia
784 4062 916 4116 fides
945 4062 1198 4118 amicitia:
1228 4065 1586 4134 syngrapham
1620 4079 1725 4118 non
1758 4079 1846 4119 re-

282 4149 446 4215 quirit.
486 4151 667 4206 Credo
710 4151 922 4206 mireris
972 4169 1068 4208 cur
1117 4169 1222 4208 non
1269 4155 1448 4224 potius
1489 4154 1556 4210 de
1591 4155 1844 4225 gregibus

284 4239 375 4293 tuis
412 4243 706 4311 postulem,
757 4244 846 4310 qui
891 4245 1193 4312 potissimos
1239 4245 1515 4301 Iberorum
1561 4247 1839 4302 nobilitate

281 4342 611 4396 pmverlunt.
656 4334 946 4390 Fastidium
989 4336 1270 4392 uniformis
1299 4341 1594 4406 spectaculi
1643 4341 1843 4409 patitur

283 4422 466 4490 civitas,
484 4427 639 4495 cujus
653 4428 873 4482 satietas
895 4428 1023 4482 mihi
1046 4430 1301 4484 varietate
1312 4429 1570 4500 vincenda
1595 4431 1840 4486 est.'l‘ute

1949 3889 2144 3952 praeter
2173 3893 2408 3934 amorem
2434 3879 2718 3934 bonorum.
2742 3877 2923 3946 Neque
2936 3879 3078 3932 enim
3106 3886 3280 3946 poteSt
3307 3877 3524 3949 ambigi,

1947 3969 2074 4040 quid
2097 3970 2165 4025 de
2188 3970 2392 4038 optimo
2411 3964 2623 4039 quoque
2653 3976 2942 4030 mereatur,
2975 3967 3065 4036 qui
3121 3983 3291 4036 nuper
3317 3981 3348 4021 a
3385 3971 3528 4037 prin-

1947 4063 2154 4130 cipibus
2180 4061 2415 4127 invictis,
2442 4075 2508 4115 ne
2539 4075 2634 4129 per
2658 4057 3037 4128 indulgentiam
3069 4057 3409 4123 liberaretur,
3440 4074 3525 4114 ac-

1946 4153 2082 4208 citus
2103 4160 2215 4206 est:
2241 4151 2518 4220 magisque
2544 4149 2769 4214 honore,
2804 4163 2961 4218 quam
2993 4149 3150 4204 venia
3177 4147 3343 4202 fatum
3378 4149 3527 4202 triste

1944 4242 2202 4304 mutavit,
2251 4255 2350 4295 nec
2400 4248 2505 4292 tam
2559 4248 2776 4306 ereptus
2821 4246 2903 4294 est
2949 4253 3106 4306 quam
3164 4237 3523 4292 desideratus.

1945 4332 2099 4388 Unde
2127 4345 2250 4399 spes
2272 4340 2417 4385 certa
2448 4329 2524 4396 fit,
2549 4329 2712 4384 etiam
2737 4329 3027 4396 principem
3048 4335 3287 4381 nostrum
3312 4326 3527 4382 lenitate

1943 4424 2330 4488 venerabilem,
2354 4423 2484 4491 justi
2517 4421 2789 4490 parentis,
2821 4429 2876 4474 et
2913 4419 2985 4490 pii
3024 4419 3204 4473 fratris
3252 4422 3522 4488 exemplo,

282 4514 423 4568 modo
447 4515 736 4586 diligentia:
763 4519 835 4572 sit
872 4518 1128 4574 adbibere
1154 4519 1437 4588 judicium,
1469 4529 1522 4575 et
1550 4535 1614 4575 ex
1646 4521 1838 4577 alienis
1863 4549 1920 4611 υ
1943 4518 2272 4586 supplemata
2302 4515 2522 4570 meliora
2555 4514 2781 4611 fortuna:
2802 4513 3101 4611 ‘daturum,
3136 4514 3182 4567 si
3229 4512 3388 4568 modo
3413 4529 3526 4611 ch-

282 4603 483 4660 stabulis
511 4621 730 4677 aequare
751 4608 961 4663 laudem
985 4618 1221 4664 tuorum.
1253 4611 1383 4664 Nam
1411 4625 1530 4665 cum
1564 4625 1653 4666 res
1681 4612 1838 4666 amici

282 4693 434 4760 agitur
455 4737 470 4760 ,
501 4698 602 4752 hos
633 4713 845 4768 quoque
879 4700 1123 4769 proprios
1157 4699 1320 4756 debes
1348 4709 1536 4772 putare
1563 4717 1698 4772 quos
1723 4702 1840 4758 ele-

281 4784 424 4850 geris.
462 4789 611 4844 Vale.

830 4881 1044 4936 EI‘IST.
1088 4883 1272 4939 LXIV.

725 4983 1029 5027 SYIIACIIUS
1073 4989 1350 5029 ευριιΑιιο.

340 5054 495 5114 Nemo
531 5076 762 5132 unquam
801 5074 1078 5132 pervector
1107 5077 1320 5121 tuorum
1365 5067 1574 5136 apicum
1633 5081 1832 5124 vacuus

280 5143 496 5210 ejusdem
535 5153 772 5207 muneris
805 5153 871 5206 ad
903 5161 956 5208 te
981 5155 1220 5222 revertit,
1252 5164 1306 5209 tu
1332 5166 1508 5212 tamen
1527 5158 1834 5228 infrequen-

280 5235 390 5289 tiam
417 5240 570 5295 nohis
600 5241 730 5296 vitio
757 5242 925 5312 ducis,
953 5253 1008 5298 et
1028 5245 1169 5300 ultro
1189 5261 1373 5302 curam
1405 5255 1510 5303 tua:
1546 5247 1833 5302 assiduita-

279 5327 336 5379 tis
351 5333 656 5398 exprobras.
686 5334 840 5390 Facis
867 5337 968 5392 hoc
990 5339 1282 5393 amantium
1314 5354 1483 5404 more,
1515 5339 1653 5410 apud
1692 5353 1828 5410 quos

275 5418 553 5478 officiorum
584 5427 790 5495 talium,
820 5429 980 5483 etiam
996 5443 1118 5484 cum
1135 5430 1455 5494 redundant,
1479 5431 1600 5486 sitis
1630 5445 1826 5502 magna

268 5518 363 5563 εει.
401 5511 505 5568 Nec
532 5525 734 5574 tantum
758 5519 1010 5588 epistolas
1041 5523 1236 5590 poscis,
1280 5523 1642 5579 oratiunculas
1687 5537 1828 5593 quo-

274 5616 367 5667 ‘lue
390 5616 597 5664 nostras
625 5627 728 5666 non
753 5612 925 5668 editas
958 5614 1156 5669 deferri
1184 5617 1238 5670 in
1269 5630 1457 5670 manus
1487 5627 1606 5671 tuas
1630 5616 1828 5685 praeci-

277 5690 350 5756 Pis
380 5710 394 5747 :
424 5711 542 5765 qua:
568 5710 890 5761 res.v1detur
921 5706 1207 5762 ostendere
1237 5707 1364 5774 quid
1393 5708 1576 5778 judicii
1620 5707 1830 5764 habeas

275 5782 338 5838 de
377 5787 454 5843 his
495 5806 626 5860 quas
663 5800 796 5857 ante-
813 5798 1107 5868 sumpsisti.
1159 5797 1374 5857 Nullum
1425 5801 1578 5856 cnim
1611 5798 1824 5857 deside-

1948 4622 2057 4664 εει-ει
2086 4606 2373 4664 insinuatio
2398 4607 2547 4672 juvet
2571 4605 2814 4660 exhausti
2847 4605 3111 4659 senatoris
3140 4615 3369 4658 oratum.
3413 4604 3526 4658 Duo

1944 4703 2088 4756 enim
2117 4702 2258 4756 factu
2287 4700 2483 4766 facilia,
2517 4697 2610 4754 sed
2637 4697 2702 4752 ad
2730 4697 2956 4768 gloriam
2991 4697 3294 4766 praestantis
3335 4711 3524 4766 magna

1941 4793 2186 4863 deposcit
2213 4810 2226 4845 :
2261 4791 2408 4848 reddi
2448 4791 2609 4846 curia:
2631 4789 2936 4844 testimonio
2963 4803 3137 4858 sacro,
3166 4796 3220 4844 et
3241 4804 3317 4843 rei
3335 4804 3522 4855 upera-

1944 4885 2088 4939 tione
2104 4883 2296 4939 modici
2319 4882 2525 4951 argenti
2553 4881 2620 4936 ab
2642 4881 2818 4950 inopia
2841 4879 3123 4934 vindicari.
3143 4880 3266 4933 Ilmc
3291 4887 3345 4932 ut
3376 4877 3524 4932 favor

1941 4986 2063 5031 tuus
2078 4976 2408 5045 aliorumque
2425 4975 2739 5043 optimatum
2763 4981 2817 5026 te
2831 4971 3160 5025 hortantium
3190 4982 3520 5038 promoveat,

1941 5069 2166 5123 interest
2186 5065 2313 5122 boni
2343 5063 2548 5128 seculi,
2580 5063 2666 5117 cui
2695 5061 2904 5116 laudem
2951 5075 3242 5129 perennem
3273 5059 3354 5130 pia
3385 5058 3521 5115 fac'a

1937 5156 2246 5212 conciliant.
2279 5155 2433 5209 Vale.

2483 5245 2701 5301 EPIST.
2736 5242 2965 5298 LXVIII.

2417 5349 2726 5391 SYIIACIIUS
2778 5348 3032 5388 EUSIGNIO.

2011 5429 2229 5487 Etiamsi
2250 5428 2439 5499 petitio
2469 5425 2765 5482 domestica
2787 5433 2844 5479 et
2864 5425 3033 5479 amica
3063 5430 3320 5488 cessaret,
3346 5421 3534 5491 publi»

1933 5536 2029 5577 cus
2055 5522 2205 5591 vigor
2235 5519 2386 5590 jnsto
2429 5515 2698 5572 desiderio
2746 5514 2939 5571 deesse
2971 5529 3078 5570 non
3136 5521 3332 5582 posset.
3378 5512 3515 5580 Quid

1932 5617 2076 5670 enim
2106 5623 2214 5667 tam
2236 5610 2494 5665 familiare
2515 5607 2755 5677 justitite,
2783 5622 2942 5677 quam
2981 5614 3040 5660 ut
3075 5605 3514 5674 circumscriptor

1932 5705 2246 5760 clarissima:
2276 5709 2331 5756 et
2353 5699 2637 5755 laudabilis
2667 5697 2879 5753 feminae
2915 5695 3152 5765 parentis
3181 5709 3336 5760 mete,
3360 5707 3510 5752 astu-

1934 5801 2018 5856 tia:
2049 5811 2159 5854 suae
2189 5795 2423 5860 privetur
2447 5790 2659 5858 effectu,
2691 5803 2757 5845 ne
2787 5785 3085 5844 commodis
3114 5785 3301 5843 illudat
3324 5785 3516 5844 alienis

2101 5949 2116 5979 δ
