4046 6170
450 355 556 408 2-ίῦ

1625 367 1687 434 Q,
1731 363 2069 420 Αυῐιωυδ
2107 361 2551 420 svtntacttos.

3614 364 3724 420 ΒΜ

451 481 855 553 provincialium
906 487 1249 551 patronorum
1285 476 1457 531 fretus
1506 473 1754 528 auxilio?
1785 473 2024 542 Quorum
2054 472 2106 532 Δ
2132 482 2400 527 amantem
2425 473 2499 527 tui
2517 472 2692 542 justus
2714 470 2869 526 dolor
2887 470 3340 528 ol'fenderet.'f‘uit
3366 482 3541 529 autem
3565 480 3722 534 matri

449 573 777 642 impudentia
811 573 1070 642 compulit
1097 579 1155 624 ut
1183 579 1428 623 matrona
1469 568 1641 624 litium
1671 566 1926 638 fugitans,
1959 566 2028 621 ad

446 664 700 734 judicium
733 663 1036 733 pratoriani
1068 660 1317 716 culminis
1345 659 1677 715 convolaret.
1718 659 1826 716 Res
1848 668 2027 715 autem

437 754 505 805 de
537 767 644 821 qua
672 755 846 823 agitur
882 751 1142 820 ejusmodi
1182 758 1282 806 est.
1320 751 1464 807 Ante
1500 750 1853 821 paucissimos
1880 766 2032 806 men-

445 861 536 903 ses
558 848 646 902 ille
673 862 704 901 a
755 857 974 915 parente
1019 860 1137 900 mea
1180 847 1374 901 horrea
1415 844 1798 915 Aquileiensis,
1838 853 1895 900 et
1921 842 2028 898 CF.

399 972 412 981 ρ
447 951 666 1011 propter
703 937 1376 1009 longinquitatemitineris
1399 938 1689 1008 incognita,
1725 937 1871 993 tenui
1889 951 2030 992 mer-

444 1032 576 1086 cede
602 1031 886 1095 conduxit;
919 1040 1078 1100 atque
1127 1030 1210 1085 his
1263 1031 1336 1085 ita
1374 1030 1578 1085 abusus
1619 1037 1722 1092 est,
1762 1039 1821 1082 ut
1867 1041 2058 1094 parvo.

445 1126 569 1178 licet
591 1133 832 1192 tempore
861 1123 1050 1178 iisdem
1091 1122 1226 1177 locis
1255 1123 1431 1177 labem
1491 1121 1739 1176 consulto
1785 1121 2034 1175 iuzulisse

444 1218 673 1272 dicatur.
696 1217 847 1271 Hune
869 1217 956 1270 ubi
987 1231 1132 1285 szepe
1160 1215 1431 1277 convenit,
1466 1223 1524 1269 ut
1550 1213 1910 1270 conductione
1937 1211 2034 1267 de-

444 1309 703 1375 cederet,
740 1317 1051 1378 contemptu
1082 1307 1317 1363 hominis
1345 1317 1399 1364 et
1434 1307 1738 1362 interventu
1777 1320 2035 1375 quorum-

443 1403 568 1457 dam
601 1401 908 1472 frequenter
927 1403 1076 1458 elusa
1104 1411 1208 1458 est.
1239 1401 1391 1457 Nune
1418 1401 1534 1471 opis
1555 1400 1734 1471 indiga
1759 1400 2032 1470 geminum

444 1494 765 1550 beneﬁcium
789 1494 952 1550 vestri
983 1494 1183 1550 favoris
1221 1501 1461 1563 exoptat.
1500 1492 1703 1556 Primo,
1733 1501 1788 1546 ut
1826 1491 2031 1560 impro-

446 1585 696 1640 bissimus
748 1587 1041 1656 inquilinus
1102 1586 1344 1640 locorum
1409 1585 1722 1640 detentioue
1778 1585 2031 1654 pellatur.

446 1677 648 1733 Dehinc
675 1678 855 1732 habita
887 1677 1236 1732 deterioratae
1267 1676 1345 1731 rei
1374 1676 1733 1731 testimatioue
1759 1683 2033 1744 sumptum

439 1774 599 1837 justm
630 1770 1036 1825 instaurationis
1061 1778 1339 1838 agnoscat.
1368 1768 1503 1822 Cum
1558 1768 1716 1837 igitur
1753 1782 1904 1836 aqua
1936 1782 2035 1835 po-

440 1877 673 1927 scamus,
710 1861 875 1917 credo
905 1861 1129 1917 confore
1164 1869 1221 1914 ut
1258 1875 1394 1915 mea:
1427 1860 1668 1929 petitioni
1697 1868 1754 1915 et
1782 1859 2024 1915 utilitati-
2055 1843 2101 1902 Β

443 1955 541 2009 bus
572 1954 809 2024 parentis
835 1954 988 2008 favor
1016 1961 1198 2008 vester
1222 1951 1478 2007 arrideat.
1514 1951 1664 2006 Vale.

1015 2064 1230 2120 EPIST.
1267 2063 1455 2120 LXIX.

922 2172 1227 2213 SVINACUUS
1265 2172 1528 2214 EUSIGSIO.

515 2273 770 2343 Benigne,
797 2280 853 2326 ttt
875 2287 992 2325 mos
1021 2281 1106 2328 est
1133 2271 1248 2336 tibi,
1278 2287 1557 2328 recursum
1585 2281 1828 2326 nostrum
1866 2271 2030 2326 misso

441 2364 750 2434 apparitore
773 2363 983 2433 jttvisti.
1012 2378 1170 2434 quem
1201 2361 1595 2433 progressusad
1617 2363 1915 2432 Appennini
1939 2378 2030 2416 su-

443 2455 658 2524 periora
691 2455 869 2510 dimisi
905 2454 1119 2524 adjecto
1151 2454 1330 2509 ofﬁcio
1361 2455 1681 2520 litterarum,
1719 2465 1776 2508 ttt
1803 2455 2026 2525 gratiam

441 2561 599 2613 quam
631 2547 792 2600 relms
833 2560 1048 2616 :rqoare
1094 2561 1199 2600 non
1255 2560 1492 2616 possum.
1529 2546 1710 2601 saltim
1741 2547 2027 2601 verborum

445 2637 648 2690 honore
686 2651 1057 2706 compensem.
1099 2635 1252 2704 Quod
1283 2645 1533 2706 superest
1578 2636 1787 2691 itineris
1812 2679 1828 2703 ,
1869 2652 2030 2706 spero

445 2729 662 2794 prmfata
692 2728 784 2783 Dei
823 2728 976 2784 venia
1027 2730 1148 2784 sine
1193 2729 1376 2784 labore
1421 2730 1806 2800 peragendum.
1856 2729 2030 2784 Minus

441 2822 582 2874 enim
612 2821 835 2874 molesta
861 2826 1004 2887 sunt,
1039 2836 1156 2890 qua:
1186 2820 1532 2890 perveniendi
1556 2835 1707 2893 spem
1733 2821 2028 2892 proximam

443 2911 781 2981 pollicentur.
818 2912 966 2968 Vale.

1034 3002 1250 3060 EPIST.
1275 3003 1437 3058 LXX.

930 3113 1238 3152 SYMIACIIUS
1267 3112 1528 3152 EUSIGNIO.

518 3189 820 3246 Discedenti
848 3189 976 3242 mihi
1004 3203 1188 3242 curam
1213 3189 1393 3258 legare
1418 3187 1668 3257 dignatus
1689 3201 1748 3243 es
1773 3187 2024 3242 amicitia:
2051 3210 2100 3273 ο

441 3289 853 3352 congruentem,
880 3289 938 3334 ut
955 3281 1109 3332 fama:
1131 3288 1292 3347 atque
1315 3279 1521 3333 actibus
1551 3279 1657 3333 tuis
1673 3279 2024 3333 accommoda

445 3387 553 3426 non
575 3371 810 3426 silerem.
830 3367 1004 3424 Causa
1025 3369 1185 3438 igitur
1206 3367 1512 3438 postulante
1534 3367 1725 3438 fungor
1754 3369 2028 3438 iniunctis.

444 3463 616 3518 Video
636 3463 779 3518 enim
801 3459 1034 3515 basilica:
1053 3460 1337 3530 pontisque
1358 3459 1622 3516 rationem
1646 3472 1793 3516 recte
1812 3461 2028 3531 quidem

448 3558 659 3610 Bonoso
685 3553 968 3625 praesitliali
999 3554 1114 3607 viro
1145 3567 1267 3608 esse
1316 3553 1655 3610 mandatam:
1686 3555 1771 3609 cui
1811 3564 1866 3609 et
1892 3554 2030 3624 vigi-

447 3648 606 3700 lantia
637 3657 881 3711 superest
909 3645 974 3698 ad
1000 3644 1304 3699 limitandas
1343 3645 1568 3715 publica:
1596 3648 1821 3702 rationis
1843 3647 2028 3702 amba-

445 3754 559 3807 ges,
591 3746 645 3791 et
674 3736 807 3792 ﬁdes
836 3736 902 3790 ad
936 3736 1303 3806 persequenda
1341 3752 1462 3807 qum
1488 3752 1714 3793 examen
1745 3739 2027 3793 invenerit.

445 3831 550 3886 Seil
581 3845 773 3885 vereor
799 3844 867 3884 ne
894 3827 1345 3883 ludiﬁcationibus
1378 3845 1464 3884 res
1487 3829 1724 3899 injuncta
1753 3829 2028 3900 frigescat,

445 3922 751 3976 obluctante
784 3935 850 3974 eo
875 3935 1034 3990 quem
1064 3920 1268 3974 socium
1299 3920 1649 3980 discussionis
1678 3922 1904 3992 accepit.
1935 3924 2033 3977 At-

446 4026 550 4081 que
581 4011 701 4067 ideo
727 4012 862 4064 clam
893 4019 945 4066 te
983 4025 1104 4065 esse
1137 4026 1242 4064 nou
1277 4011 1470 4080 patior,
1501 4027 1568 4066 eo
1594 4027 1707 4066 rem
1738 4012 1930 4066 deduci
1975 4022 2033 4068 ut

446 4105 596 4159 Iabes
618 4119 807 4173 magna
829 4113 1137 4172 sumptuum
1187 4104 1524 4174 publicorum
1551 4105 1731 4160 studio
1775 4105 2032 4160 certami-

445 4196 529 4251 nis
551 4195 868 4251 obducatur.
899 4193 1036 4262 Quid
1061 4194 1208 4249 enim
1238 4194 1340 4249 sibi
1372 4194 1485 4248 vult
1511 4195 1613 4250 ista
1642 4195 1950 4265 conjunctio
1979 4195 2030 4250 in

445 4305 508 4344 ea
562 4287 863 4359 praesertim
909 4286 1266 4353 discussione,
1301 4303 1420 4357 qua:
1464 4287 1639 4358 ipsum
1689 4287 2030 4358 qumsitorem

443 4379 653 4434 videtur
691 4378 1031 4449 astringere?
1068 4377 1248 4444 Quare
1278 4377 1404 4433 huic
1453 4387 1658 4434 tantunt
1705 4380 1839 4449 parti
1880 4379 2033 4433 adhi-

445 4471 618 4526 benda
648 4473 913 4525 correctio
954 4478 1056 4535 est,
1087 4477 1142 4524 et
1162 4470 1230 4524 ad
1264 4485 1430 4524 ttnum
1460 4485 1620 4540 quem
1659 4480 1852 4541 sponte
1880 4470 2032 4526 dele-

443 4567 610 4635 geris,
637 4564 996 4633 inquisitionis
1017 4577 1225 4618 summa
1248 4564 1554 4630 referenda,
1585 4563 1810 4634 adjectis
1835 4575 2028 4620 vestra:
2058 4584 2106 4644 ι)

445 4654 794 4725 apparitionis
821 4653 1070 4720 auxiliis;
1093 4669 1200 4726 quo
1222 4657 1432 4712 minora
1475 4655 1653 4712 ofﬁcia
1701 4656 1861 4712 ﬁdem
1893 4672 2028 4726 prte-

444 4751 679 4804 bitorum
702 4749 784 4802 vel
817 4747 1152 4802 invectorum
1189 4760 1449 4818 cogantur
1493 4751 1724 4819 aperire.
1777 4751 2032 4806 Probabit

445 4842 628 4896 exitus
660 4847 916 4909 quantum
964 4839 1191 4906 publica:
1236 4840 1316 4894 rei
1352 4852 1441 4895 tua
1479 4856 1608 4897 cura
1655 4845 2027 4912 prospexerit;

442 4947 565 4986 cum
587 4929 838 4986 cohibitis
865 4929 1166 5000 sumptibus
1197 4931 1369 4999 novis,
1420 4935 1868 4988 consutmnatioui
1901 4951 2032 5005 epe-

444 5039 563 5080 rum
593 5020 908 5077 satisfecerit
929 5035 1134 5075 summa
1159 5021 1511 5092 reliquorum.
1538 5023 1688 5080 Vale.

1017 5135 1234 5192 EPIST.
1272 5137 1458 5194 LXXI.

924 5242 1234 5284 εικιιΑειιυε
1280 5245 1535 5286 ευειςιιιιο.

513 5345 736 5402 Summo
765 5341 959 5413 gaudio
990 5343 1199 5411 quoties
1232 5344 1426 5400 scribis
1447 5345 1674 5411 afﬁcior,
1698 5356 1752 5401 et
1773 5354 1882 5402 tum
1909 5363 2026 5402 ma-

444 5439 587 5494 xime
606 5452 728 5493 cum
751 5436 909 5491 abest
939 5435 1240 5490 amaritudo
1276 5438 1648 5506 querimonim.
1681 5437 1831 5494 Nunc
1854 5440 2027 5510 stylus

446 5539 567 5583 tuus
604 5530 670 5584 ab
710 5529 905 5584 usitata
940 5525 1276 5598 jucunditate
1316 5528 1581 5586 dissentit.
1645 5531 1837 5602 Arguit
1882 5531 2024 5588 enim

445 5618 580 5672 falso
617 5620 950 5690 iniquitatem
978 5619 1266 5690 quamdam
1309 5621 1546 5691 pignoris
1581 5625 1720 5694 mei,
1760 5639 1882 5681 cum
1921 5641 2028 5696 quo

447 5709 541 5764 tibi
584 5709 808 5766 limitum
862 5713 1119 5770 nonnulla
1169 5714 1396 5770 certatio
1437 5724 1537 5770 est.
1600 5715 1782 5786 Itaque
1825 5718 2030 5777 litteras

449 5810 634 5854 contra
672 5801 760 5866 jus
800 5793 1047 5862 amicitiae
1089 5806 1154 5863 ad
1193 5822 1313 5864 cum
1360 5806 1550 5863 missas
1595 5811 1869 5876 suppressi
1895 5853 1909 5879 ,
1962 5829 2028 5870 ne

2134 563 2252 630 ejus
2285 578 2405 618 cum
2439 573 2786 635 procuratore
2823 574 2914 618 tuo
2952 563 3127 618 ﬁnalis
3161 564 3212 618 in
3248 566 3336 620 Sic
3360 566 3424 620 lia
3455 571 3721 636 quaestio:

2132 672 2292 725 quam
2327 657 2649 727 disceptatio
2687 671 2818 724 non,
2850 665 2908 711 ut
2942 657 3154 722 scribis,
3185 657 3428 724 Venusti,
3462 659 3557 715 sed
3584 661 3722 716 alte-

2133 749 2246 802 rius
2273 751 2499 805 rectoris
2524 748 2776 804 absolvit.
2806 748 2948 819 Ergo
2977 749 3029 802 in
3062 757 3288 818 utraque
3313 764 3538 819 persona
3569 766 3726 808 error

2133 840 2468 909 suggerentis
2499 848 2734 895 retectos
2778 854 2897 897 eam
2941 840 3146 910 pignori
3189 855 3311 896 meo
3353 844 3553 898 exemit
3588 843 3725 899 iuvi-

2133 929 2299 984 diam.
2365 931 2621 988 Advertis
2669 946 2768 1002 pro
2806 931 3061 1001 singulari
3100 933 3416 988 verecundia
3463 943 3549 988 tua
3575 974 3592 999 ,
3635 935 3723 990 cui

2135 1022 2472 1092 potissimqu
2523 1024 2660 1092 parti
2700 1023 2994 1078 satisfactio
3040 1015 3316 1080 debeatur.
3377 1024 3443 1080 Et
3482 1024 3615 1080 nihil
3652 1027 3724 1082 de

2137 1117 2387 1184 przrsenti
2416 1115 2625 1176 fortuna
2648 1115 2862 1184 loquor,
2882 1131 3002 1184 quae
3032 1117 3356 1171 scribentem
3379 1117 3561 1172 debuit
3588 1127 3724 1174 tem-

2137 1225 2348 1278 pet-are.
2386 1209 2541 1264 Adde
2574 1209 2718 1278 quod
2749 1209 3081 1278 pecuniarias
3111 1224 3302 1266 causas
3330 1226 3498 1282 usque
3524 1213 3590 1267 ad
3621 1213 3717 1269 de-

2138 1304 2448 1358 trimentum
2498 1302 2852 1358 amicitiarum
2905 1318 3010 1359 non
3061 1312 3272 1374 oportet
3313 1305 3552 1360 extendi.
3613 1303 3721 1360 Sed

2135 1393 2266 1460 quid
2315 1394 2429 1449 haec
2466 1393 2746 1464 pluribus?
2793 1395 3023 1449 Posthac
3063 1405 3193 1464 opto
3228 1409 3530 1451 sermonem
3573 1406 3720 1450 tuum

2139 1484 2486 1552 placidiorem
2520 1485 2740 1550 mereri,
2772 1495 2828 1540 et
2867 1486 3220 1543 constantiam
3252 1487 3446 1544 veteris
3476 1503 3603 1558 erga
3637 1504 3725 1543 me

2136 1577 2489 1631 observantia:
2537 1586 2644 1630 tua:
2673 1621 2690 1646 ,
2733 1585 2984 1646 porrecto
3040 1580 3202 1634 etiam
3250 1577 3304 1634 in
3355 1593 3505 1634 meos
3539 1596 3754 1652 amore.

2136 1669 2409 1739 colligere.
2451 1669 2596 1726 Vale.
3527 1659 3530 1664 ’

2702 1762 2914 1819 EPIS'I‘.
2958 1763 3166 1821 LXXII.

2609 1870 2918 1910 ευωλςιωε
2957 1872 3224 1911 ευδιωιιο.

2211 1947 2490 2016 Frequens
2528 1961 2656 2004 usus
2686 1947 2925 2002 ostendit
2950 1987 2966 2010 ,
2997 1957 3050 2002 et
3078 1947 3223 2002 clara
3251 1948 3416 2002 animi
3452 1949 3524 2002 tui
3557 1949 3723 2002 doct»

2135 2050 2319 2094 menta
2351 2049 2654 2103 testantur,
2691 2039 2934 2105 exempla
2976 2052 3120 2093 vera:
3158 2037 3407 2093 amicitiae
3449 2039 3514 2093 de
3556 2049 3606 2094 te
3633 2055 3722 2094 ca-

2135 2131 2348 2198 pienda.
2375 2129 2557 2200 Neque
2576 2129 2720 2185 enim
2741 2131 3022 2198 quisaluam
3049 2130 3403 2184 constantiam
3429 2129 3721 2186 ﬁrmiorem

2133 2219 2482 2276 familiaribus
2513 2220 2773 2290 impendit
2795 2220 3008 2286 ofﬁciis,
3041 2220 3336 2290 praesertim
3365 2221 3417 2275 in
3450 2230 3592 2276 tanta
3625 2239 3725 2290 pu-

2135 2314 2393 2368 blicarum
2417 2329 2667 2368 curarum
2705 2314 2868 2379 mole,
2891 2329 3010 2384 quae
3037 2315 3258 2370 alterius
3282 2315 3514 2370 studium
3540 2326 3727 2385 posset

2132 2406 2420 2469 hebetare.
2450 2408 2553 2462 nisi
2586 2409 2963 2475 obstrepentes
3001 2409 3346 2464 necessitates
3379 2408 3590 2465 aﬁ‘ectio
3619 2410 3725 2464 fra-

2132 2508 2282 2554 terna
2309 2510 2612 2570 superaret.
2655 2500 2808 2567 Quod
2832 2501 3007 2556 solum
3045 2502 3204 2572 igitur
3231 2501 3567 2558 verecundia:
3593 2516 3729 2557 cono

2133 2591 2301 2657 venit,
2321 2593 2456 2648 cedo
2479 2593 2935 2662 prsstantissima
2957 2592 3224 2664 religioni,
3249 2609 3439 2665 meque
3459 2593 3725 2663 imparem

2131 2681 2428 2737 referenda:
2457 2683 2812 2739 vicissitudini
2837 2684 3096 2753 pudenter
3117 2699 3368 2755 agnosco.
3396 2684 3502 2740 Nec
3530 2693 3726 2742 vereor

2131 2787 2200 2827 ne
2241 2772 2515 2842 diligentia
2562 2784 2648 2829 tua
2696 2776 2789 2830 tali
2840 2777 2998 2832 laude
3043 2777 3328 2842 lentescat;
3369 2778 3496 2848 quin
3546 2781 3728 2849 potius

2133 2879 2292 2931 spero
2318 2865 2754 2921 benevolentiam
2787 2866 2858 2936 (si
2889 2867 3016 2936 qttid
3042 2867 3201 2936 pleno
3223 2867 3493 2938 adjicitur)
3524 2869 3726 2938 largio-

2132 2970 2274 3021 rem,
2303 2957 2428 3026 quia
2458 2957 2614 3012 bonis
2657 2958 2917 3012 familiare
2945 2968 3028 3013 est
3055 2958 3228 3014 studia
3260 2958 3484 3028 benigna
3535 2975 3728 3015 cumu-

2132 3048 2265 3112 lare,
2295 3062 2520 3119 quorum
2549 3049 2776 3120 gratiam
2800 3048 3036 3104 sentiunt
3055 3065 3172 3105 nou
3202 3051 3394 3120 perire.
3427 3050 3577 3106 Vale.

2688 3139 2904 3195 EPIST.
2943 3140 3176 3196 LXXIII.

2622 3245 2930 3288 svusacnus
2959 3247 3223 3303 sustento.

2206 3323 2368 3378 Facio
2394 3324 2538 3393 quod
2569 3324 2758 3380 suadet
2793 3324 3117 3389 humanitas,
3146 3332 3203 3378 ut
3229 3321 3475 3378 amicitiae
3505 3333 3610 3378 tua!
3640 3323 3729 3378 vi-

2134 3432 2224 3469 ros
2254 3415 2410 3470 bona:
2457 3416 2627 3486 frugis
2671 3415 2978 3486 adiungam.
3030 3415 3228 3469 llorum
3259 3424 3394 3470 unus
3425 3424 3509 3469 est
3546 3413 3730 3479 Felix,

2135 3507 2466 3562 honorabilis
2493 3507 2684 3578 gradu,
2706 3517 2866 3577 atque
2892 3507 3277 3563 exercitatione
3305 3507 3524 3562 militiai.
3553 3507 3650 3563 Cui
3679 3509 3730 3563 si

2133 3599 2260 3669 quid
2285 3599 2484 3655 amoris
2510 3599 2874 3670 impendatis,
2909 3600 2976 3654 ad
3021 3613 3195 3654 meam
3231 3597 3454 3670 gratiam
3485 3599 3732 3668 pertine-

2133 3689 2232 3745 bit.
2264 3688 2420 3745 Vale.

2680 3780 2901 3838 EPIST.
2946 3779 3181 3837 LXXIV.

2629 3888 2940 3929 SYIIACHUS
2965 3885 3227 3930 EUSIGNIO.
3313 3853 3334 3874 ’

2204 3965 2433 4021 Mirabar
2461 3966 2587 4036 quid
2615 3975 2759 4022 esset
2787 3967 2864 4021 rei
2902 3965 3042 4035 quod
3085 3964 3334 4020 amicitia:
3364 3963 3732 4019 observantis-

2133 4057 2303 4113 simus
2331 4057 2422 4113 diu
2448 4057 2750 4114 scribendis
2774 4057 2965 4112 litteris
2993 4055 3318 4111 abstinebas.
3351 4055 3454 4112 Sed
3483 4055 3734 4124 epistola:

2136 4159 2242 4205 tua:
2267 4151 2437 4208 series
2463 4150 2716 4207 indicavit
2738 4191 2756 4218 ,
2782 4149 2923 4221 quod
2954 4150 3183 4205 tristium
3210 4163 3386 4206 rerum
3417 4150 3576 4204 index
3604 4164 3734 4204 esse

2134 4243 2408 4308 vitaveris,
2437 4259 2571 4314 quas
2595 4243 2836 4313 longiore
2860 4242 3072 4298 silentio
3097 4241 3376 4308 contineri,
3409 4256 3508 4296 nec
3535 4242 3732 4310 religio

2134 4335 2446 4405 familiaris,
2478 4351 2578 4392 nec
2603 4335 2904 4392 communis
2941 4349 3102 4389 causa
3137 4334 3399 4404 permisit.
3445 4333 3577 4388 Nam
3609 4333 3730 4403 ple-

2134 4443 2358 4499 rumque
2391 4428 2523 4484 utile
2550 4436 2636 4484 est
2667 4428 2718 4483 in
2747 4427 3013 4498 publicam
3042 4425 3281 4496 proferre
3309 4426 3548 4481 notitiam
3575 4427 3725 4496 quod

2135 4521 2268 4576 velis
2287 4535 2420 4576 esse
2433 4529 2757 4584 correctum,
2778 4527 2837 4574 ut
2854 4519 3262 4574 denuntiatione
3289 4517 3450 4573 futuri
3477 4519 3728 4588 pericu'i,

2132 4613 2199 4668 ad
2228 4613 2616 4670 consulendum
2646 4623 2963 4668 cunctorum
3011 4625 3140 4667 cura
3189 4621 3488 4668 moveatur.
3535 4611 3732 4681 Magna

2133 4709 2292 4777 igitur
2321 4709 2662 4772 necessitate,
2687 4705 2848 4760 futuri
2879 4704 3004 4760 anni
3034 4705 3266 4776 inopiam
3293 4713 3616 4774 protestatus
3640 4717 3728 4759 es.

2133 4798 2271 4864 Quid
2293 4798 2448 4866 enim?
2469 4799 2584 4868 spei
2604 4799 2864 4868 reliquum
2883 4797 2972 4864 sit,
3001 4812 3122 4852 cum
3150 4796 3436 4866 provinciis
3455 4794 3734 4852 Africanis

2137 4904 2238 4944 nec
2261 4891 2328 4943 ad
2359 4890 2554 4942 victum
2587 4897 2799 4942 tenuem
2831 4885 3040 4956 frugum
3070 4887 3256 4941 tritura
3283 4887 3640 4954 responderit,
3669 4896 3737 4941 es

2135 4977 2380 5047 suppleta
2408 4992 2474 5032 ex
2504 4976 2622 5032 aliis
2665 4975 2824 5032 terris
2864 4976 3069 5032 semina
3096 4977 3302 5031 vicinus
3329 4990 3502 5030 anuus
3529 4991 3736 5045 exspe-

2133 5071 2280 5124 ctet?
2319 5069 2448 5124 Jure
2476 5069 2636 5139 igitur
2663 5069 2730 5124 ad
2760 5079 3081 5124 aeternorum
3108 5069 3407 5138 principum
3433 5069 3734 5139 providen-

2135 5163 2261 5216 tiam
2289 5162 2692 5232 provincialium
2722 5160 3024 5216 sollieitudo
3060 5161 3314 5230 confugit.
3363 5161 3568 5216 Interea
3593 5160 3735 5216 dum

2134 5255 2304 5324 major
2327 5255 2395 5310 ab
2421 5255 2526 5310 illis
2562 5255 2847 5310 salubritas
2883 5254 3119 5324 petitur,
3167 5254 3486 5310 humanitas
3512 5264 3600 5309 tua
3641 5258 3736 5308 fo-

2132 5357 2254 5403 veat
2277 5347 2568 5405 exhaustos
2591 5389 2606 5412 ,
2637 5357 2694 5403 et
2721 5357 2970 5418 tanquam
3001 5347 3266 5418 particeps
3293 5346 3495 5402 doloris
3535 5347 3732 5412 alieni,

2133 5441 2452 5511 persuadeat
2488 5440 2874 5504 laborantibus,
2897 5439 2995 5494 sibi
3023 5438 3283 5495 accidisse
3313 5438 3566 5509 quidquid
3595 5454 3735 5507 pro-

2129 5533 2320 5588 vincite
2351 5534 2704 5604 pertulerunt.
2743 5533 2853 5601 Ego
2874 5531 3047 5596 valeo,
3073 5529 3314 5599 quamvis
3339 5531 3549 5584 auiums
3578 5545 3736 5600 inger

2131 5625 2328 5680 bonum
2376 5624 2620 5679 sanitatis
2667 5623 2918 5692 ignoret:
2957 5619 3054 5677 sed
3099 5629 3160 5675 ut
3202 5619 3400 5689 aliquid
3445 5621 3761 5677 solaminis-

2130 5718 2366 5787 capiam,
2407 5732 2506 5771 oro
2553 5716 2916 5786 indulgentius
2952 5713 3159 5769 scribas
3210 5723 3264 5769 et
3290 5713 3355 5767 ad
3389 5712 3732 5782 responden-

2135 5813 2260 5868 dum
2292 5810 2540 5880 exemplo
2571 5819 2673 5867 tute
2702 5807 3030 5864 assiduitatis
3057 5807 3266 5863 invites.
3301 5804 3448 5861 Vale.
