4074 6176
305 317 401 372 235

1500 292 1974 362 Εριδτυωηωι
2012 308 2215 364 LIBER
2257 310 2321 364 v.

3454 316 3557 371 2&6

305 414 2497 439 Mm

1265 494 1739 604 LIBER
1823 498 2342 625 QUINT
2366 499 2575 607 US.

824 658 1037 715 EPIST.
1082 659 1313 713 PRIMA.

707 765 1012 805 SYIIIIACHUS
1050 767 1100 804 III
1110 766 1429 805 EROPIIAN‘I'I.

356 841 511 898 Recte
534 842 709 897 valeo.
755 843 865 898 Hoc
890 844 1033 897 enim
1063 842 1334 898 scribendi
1365 842 1529 898 debet
1556 856 1677 898 esse
1720 844 1865 910 prin-

293 937 471 1003 cipium
494 978 509 999 ,
549 936 692 1006 quod
730 937 961 991 maxime
988 946 1245 1004 expetunt
1273 946 1392 990 vota
1434 937 1644 991 lecturi.
1692 936 1864 1006 IEque

291 1027 374 1080 tibi
400 1038 684 1095 suppetere
726 1037 966 1096 optatum
1015 1028 1249 1097 vigorem
1295 1028 1453 1081 nimis
1480 1028 1707 1097 gaudeo,
1741 1043 1861 1082 nam

292 1134 368 1172 me
395 1119 483 1173 tali
513 1119 710 1174 indicio
739 1134 905 1187 nuper
930 1118 1194 1175 hilarasti.
1226 1118 1359 1173 Illud
1387 1133 1600 1189 quoque
1628 1120 1680 1174 in
1710 1136 1862 1174 sum-

290 1226 363 1265 ma
394 1227 530 1282 pono
558 1213 743 1283 gratia:
770 1252 785 1277 ,
826 1213 967 1282 quod
1014 1220 1066 1267 te
1096 1214 1261 1268 nostri
1290 1213 1757 1283 diligentissimum
1787 1212 1863 1267 fa-

290 1302 495 1358 miliaris
521 1303 645 1374 styli
678 1303 929 1373 frequens
958 1317 1086 1357 usus
1116 1303 1386 1369 ostendit;
1428 1303 1513 1358 cui
1542 1303 1620 1359 rei
1651 1303 1860 1359 laudem

287 1396 472 1449 referre
509 1396 793 1450 consilium
820 1404 940 1460 est,
981 1404 1041 1449 ut
1077 1396 1181 1450 hoc
1218 1396 1568 1452 invitamento
1606 1397 1863 1452 memoris

284 1486 433 1541 animi
461 1486 527 1542 ad
558 1487 1013 1557 perseverantiam
1052 1488 1382 1556 provoceris.
1429 1487 1575 1543 Vale.

913 1577 1124 1634 EPIST.
1154 1578 1219 1632 II.

701 1668 1015 1724 sruuacuus
1057 1686 1435 1725 utEROPﬂANTI.

344 1758 604 1828 Opulento
633 1759 804 1814 afﬁcis
843 1775 928 1815 me
964 1760 1142 1826 bono,
1187 1760 1397 1829 quOties
1433 1760 1721 1817 amicitiam
1761 1776 1859 1816 no-

283 1862 431 1907 stram
478 1853 672 1908 salutis
719 1864 823 1908 tua;
865 1852 1066 1907 indicio
1121 1855 1443 1909 muneraris.
1513 1856 1649 1910 Deos
1702 1856 1863 1926 igitur

284 1958 581 2011 Ctltllpl‘ecor
611 1952 671 1997 ut
696 1952 748 1999 te
776 1958 870 2013 pro
894 1952 1039 1998 tanta
1063 1944 1119 1999 in
1148 1960 1247 2000 nos
1280 1946 1535 2015 religione
1564 1946 1857 2002 fortunent.

289 2036 638 2092 Vicissitudini
682 2046 859 2092 autem
908 2036 1185 2092 litterariae
1216 2053 1400 2109 parem
1430 2038 1761 2109 diligentiam
1793 2038 1859 2094 li-
1891 2035 1940 2096 Β

287 2128 455 2186 henter
501 2130 761 2200 impendo
805 2139 863 2186 ut
904 2131 971 2186 ad
1009 2132 1185 2188 ofﬁcia
1228 2134 1529 2203 promptius
1576 2132 1855 2197 inciteris,

284 2238 386 2277 cum
416 2225 598 2280 videas
630 2225 771 2296 apud
817 2240 1113 2282 memorem
1140 2225 1463 2296 scriptorum
1489 2222 1717 2296 gratiam
1749 2238 1858 2280 non

286 2317 457 2385 perire.
505 2319 657 2374 Vale.

897 2400 1115 2466 EPIST.
1156 2409 1242 2465 Ill.

705 2514 1013 2556 SYIIACBUS
1050 2515 1427 2556 HIEIOPHANTI.

339 2592 610 2662 Scriptum
640 2592 774 2647 mihi
804 2601 948 2647 tuum
981 2593 1262 2648 Probatius
1291 2606 1463 2662 nuper
1489 2589 1750 2657 exhibuit,
1780 2601 1861 2646 at-

280 2701 371 2751 que
393 2702 456 2743 ex
483 2701 552 2742 eo
583 2686 873 2755 plurimum
906 2686 1280 2757 gratulationis
1308 2688 1565 2751 accessit,
1595 2685 1737 2755 quod
1768 2686 1858 2739 tibi

282 2792 363 2845 pro
389 2790 512 2833 voto
534 2779 719 2832 omnia
747 2792 1029 2848 superesse
1057 2779 1309 2848 cognovi.
1343 2778 1397 2833 Id
1423 2786 1481 2831 ut
1524 2791 1667 2847 saepe
1697 2776 1860 2832 facias

282 2884 481 2926 mouere
508 2887 623 2925 non
673 2870 1036 2926 debeo:cum
1083 2880 1375 2940 spontanea
1422 2870 1599 2925 ofﬁcia
1643 2868 1868 2924 stimulo

281 2963 658 3019 exhortationis
684 2977 791 3019 non
816 2971 1063 3033 oporteat
1090 2962 1320 3018 incitari.
1354 2961 1505 3017 Vale.

891 3054 1108 3111 EPIST.
1151 3054 1240 3109 IV.

744 3159 1051 3213 SYIIIIACIIUS
1078 3160 1381 3200 rneoooao.

341 3239 615 3293 Bonorum
662 3238 914 3308 frequens
942 3236 1249 3306 astipulatio
1277 3236 1345 3290 de
1391 3235 1592 3291 sanctis
1621 3233 1863 3289 moribus

280 3334 390 3398 tuis,
410 3334 459 3387 in
484 3336 593 3387 hoc
610 3347 696 3389 me
724 3331 1048 3387 desiderium
1078 3341 1355 3401 provocat,
1382 3338 1441 3385 ut
1459 3328 1718 3384 amicitias
1743 3337 1861 3383 tuas

1890 665 1941 719 Α
1970 660 2022 713 in
2052 661 2245 716 lucem.
2298 662 2491 717 Nescio
2515 678 2581 718 an
2627 681 2748 720 cum
2779 669 3159 725 commendare
3188 670 3279 724 tibi
3309 670 3555 736 debeam,

1965 752 2054 805 cui
2098 752 2293 807 summi
2319 753 2497 823 gaudii
2538 766 2722 810 auctor
2768 757 2933 812 fuisti.
2980 760 3145 814 Serva
3195 762 3387 831 igitur,
3436 776 3555 827 oro,

1967 841 2299 910 deprompta:
2335 844 2389 897 in
2418 860 2541 901 eum
2591 846 2932 923 benignitatis
2965 860 3227 916 tenorem,
3266 853 3366 907 etsi
3398 851 3501 908 hoc
3526 868 3557 905 a

1964 933 2266 988 constantia
2297 942 2385 988 tua
2416 938 2737 1005 sperandum
2770 943 2939 1011 magis
2988 959 3146 1010 quam
3180 944 3555 1011 postulandum

1966 1034 2069 1079 est.
2118 1024 2173 1079 In
2204 1026 2423 1082 dubium
2453 1031 2594 1084 enim
2626 1032 2911 1087 voluntarii
2942 1036 3141 1091 amoris
3168 1036 3301 1091 ﬁdes
3332 1051 3436 1092 nou
3466 1052 3555 1092 ve-

1967 1118 2064 1172 nit.
2095 1118 2245 1175 Vale.

2568 1214 2786 1270 I'IPIST.
2829 1216 2939 1270 VII.

2435 1320 2739 1361 εγωιλςιιυε
2770 1321 2838 1361 'ru
2847 1323 3071 1365 εουοιιο.

2038 1390 2156 1459 Ipse
2185 1392 2315 1447 mihi
2348 1396 2594 1465 rescripti
2631 1398 2788 1467 hujus
2819 1400 3052 1469 bajulum
3085 1404 3401 1470 praestitisti.
3441 1406 3551 1461 Du-

1968 1481 2093 1551 plici
2132 1484 2351 1539 nomine
2398 1487 2621 1556 gratiam
2667 1489 2865 1545 debere
2915 1506 3001 1547 me
3049 1493 3237 1549 fateor.
3287 1495 3472 1552 Nama
3504 1506 3559 1552 te

1966 1575 2237 1645 prolectus
2265 1589 2346 1632 est
2373 1620 2387 1643 ,
2418 1579 2507 1649 qui
2551 1579 2754 1636 litteras
2784 1584 3070 1640 exhiberet
3094 1628 3107 1649 .
3140 1596 3195 1642 et
3220 1602 3316 1657 per
3342 1598 3394 1645 te
3415 1628 3432 1655 ,
3462 1590 3556 1661 qui

1964 1667 2190 1739 referret
2219 1668 2449 1724 oblatus.
2502 1670 2770 1738 Maneant,
2802 1688 2923 1739 oro,
2958 1675 3096 1730 inter
3128 1692 3226 1731 nos
3254 1678 3554 1734 ofﬁciorum

1966 1759 2150 1814 talium
2180 1761 2347 1826 vices,
2380 1770 2436 1817 et
2464 1764 2601 1818 inter
2626 1766 2760 1819 alias
2788 1766 2972 1820 laudes
3004 1775 3121 1821 tuas
3145 1770 3471 1826 continuata:
3498 1770 3556 1827 In

1963 1850 2167 1905 amicos
2193 1850 2463 1923 religionis
2489 1853 2675 1908 titulus
2701 1864 3002 1912 censeatur.
3034 1856 3180 1912 Vale.

2564 1944 2783 2001 EPIST.
2825 1945 2960 2000 VIII.

2438 2048 2743 2090 SYIISIACIIUS
2778 2051 3079 2090 THEODOBO.

2031 2123 2253 2181 Gaudeo
2280 2126 2411 2181 mihi
2449 2128 2716 2183 sermonis
2747 2128 2822 2182 tui
2856 2128 3120 2197 primitias
3149 2131 3468 2201 contigisse,
3498 2141 3555 2187 et

1961 2219 2234 2288 impendio
2260 2221 2473 2290 postulo
2508 2230 2565 2275 ut
2595 2220 3039 2285 humanissimum
3070 2223 3173 2279 hoc
3197 2231 3434 2294 emptum
3462 2240 3552 2281 re—

1960 2310 2149 2379 ligiosa
2188 2325 2316 2366 cura
2360 2327 2467 2367 non
2497 2312 2732 2368 deserat.
2782 2312 2874 2368 llis
2914 2314 3059 2368 enim
3101 2314 3333 2369 maxime
3370 2315 3543 2369 nutri-

1960 2402 2158 2457 mentis
2187 2403 2537 2459 amicitiarum
2569 2405 2742 2461 cultus
2770 2405 3052 2462 adolescit.
3101 2405 3232 2461 Cum
3267 2406 3379 2463 haec
3414 2408 3550 2462 scrt-

1961 2494 2181 2565 berem,
2211 2498 2339 2553 mihi
2367 2499 2573 2553 sanitas
2604 2508 2750 2555 recte
2778 2500 3117 2568 suppetebat.
3167 2500 3331 2571 Cujus
3358 2502 3434 2556 rei
3466 2504 3552 2555 in-

1960 2588 2157 2645 dicium
2188 2600 2469 2661 propterea
2510 2592 2763 2663 singulari
2812 2595 3156 2663 generositati
3203 2604 3307 2651 tua:
3349 2598 3551 2657 credidi

1961 2682 2336 2749 deferendum,
2368 2693 2427 2738 ut
2453 2685 2816 2755 cognitionem
2844 2694 2949 2742 tum
2976 2688 3249 2757 sospitatis
3275 2688 3403 2744 mihi
3428 2706 3551 2745 mu-

1962 2788 2087 2834 tuus
2118 2780 2378 2850 rependat
2406 2780 2649 2835 allectus.
2686 2780 2838 2837 Vale.

2594 2869 2805 2925 EPIST.
2846 2871 2936 2925 IX.
3030 2878 3035 2881 ’

2437 2976 2491 3014 εἴ
2503 2976 2745 3015 Μηλειιυδ
2780 2976 3080 3017 τηεουοιιο.

2039 3052 2244 3106 Vereor
2268 3051 2588 3120 eloquentiae
2610 3061 2715 3104 tuae
2737 3054 2934 3120 scripta
2965 3061 3148 3107 nostra
3175 3053 3552 3123 committere;

1964 3145 2059 3201 sed
2090 3160 2196 3200 non
2231 3148 2406 3201 minus
2444 3162 2610 3200 caveo
2639 3149 2808 3199 amori
2840 3154 2931 3200 tuo
2977 3162 3217 3201 meorum
3267 3148 3554 3219 quidquam

1966 3251 2185 3306 negare.
2212 3239 2351 3292 Duas
2378 3237 2537 3307 igitur
2565 3237 2924 3291 oratiunculas
2954 3252 3123 3306 nuper
3147 3240 3316 3294 editas
3344 3254 3373 3293 a
3404 3240 3558 3294 nobis

1968 3330 2106 3383 misi.
2146 3330 2340 3383 Earum
2369 3342 2472 3383 una
2495 3328 2561 3383 ad
2586 3329 2818 3382 urbanos
2851 3329 3020 3383 fasces
3052 3330 3400 3385 resultantem
3430 3345 3557 3386 can-

280 3425 611 3494 impatienter
639 3434 910 3492 exoptem.
933 3423 1066 3477 Nam
1086 3423 1174 3493 qui
1197 3422 1436 3477 omnium
1458 3436 1707 3475 sermone
1732 3421 1867 3475 cele-
1891 3413 1937 3475 C
1969 3422 2207 3476 didatnm
2233 3422 2434 3486 tenuit;
2466 3422 2618 3476 alteri
2644 3430 3014 3491 argumentum
3045 3421 3190 3477 dedit
3212 3422 3321 3491 jam
3354 3422 3557 3492 pridem

281 3516 506 3581 brantur,
523 3526 588 3572 et
607 3516 960 3584 improbitatis
982 3516 1141 3569 laude
1170 3513 1444 3583 conspicui
1476 3520 1618 3577 sunt,
1636 3511 1869 3581 incogni-

281 3618 353 3663 tos
374 3616 592 3680 quoque
615 3610 680 3663 ad
712 3624 916 3664 morem
946 3608 1177 3677 propriae
1204 3604 1583 3662 familiaritatis
1613 3604 1863 3659 invitant.

282 3699 408 3770 Ergo
428 3702 474 3757 si
506 3702 631 3756 hac
659 3701 948 3756 voluntatis
987 3715 1124 3755 meae
1164 3715 1270 3755 non
1311 3698 1618 3769 aspernaris
1648 3695 1863 3761 indicia,

282 3793 522 3861 repende,
558 3808 763 3861 quaeso,
793 3792 1117 3861 colloquium
1137 3832 1153 3857 ,
1195 3799 1261 3869 ut,
1289 3790 1417 3845 facti
1448 3790 1551 3843 mei
1580 3788 1866 3843 conﬁrma-

282 3884 414 3938 tione
436 3885 716 3948 delecter;
760 3883 1005 3952 quamvis
1045 3892 1245 3936 mutuze
1288 3878 1590 3936 aﬂectionis
1619 3880 1865 3949 SpOlISio-

284 3988 392 4027 nem
418 3975 526 4044 jam
562 3985 798 4030 teneam.
832 3973 984 4029 Vale.

907 4064 1127 4121 EPIST.
1173 4065 1239 4121 V.

743 4174 1054 4215 SYIIHACIIUS
1090 4173 1394 4213 τηεουοιο.

345 4251 592 4322 Spectata
613 4262 695 4306 est
718 4250 837 4314 tibi,
859 4261 918 4305 ut
936 4251 1190 4315 arbitror,
1214 4250 1464 4305 amicitiae
1488 4265 1621 4304 mea;
1644 4250 1862 4305 veritas.

285 4340 405 4396 llinc
453 4343 653 4397 factum
702 4350 761 4396 ut
784 4357 871 4397 me
911 4342 965 4395 in
993 4343 1323 4397 consortium
1356 4341 1615 4396 festorum
1649 4351 1861 4396 tuorum

285 4431 454 4486 consul
492 4432 718 4487 ascires.
764 4431 1093 4495 Przestetur,
1138 4444 1276 4499 oro,
1320 4432 1405 4487 his
1447 4432 1639 4487 litteris
1673 4432 1860 4486 eadem

288 4521 406 4576 lidcs
438 4539 560 4592 qtae
589 4538 688 4579 nos
716 4522 1030 4577 evocatione
1059 4523 1248 4592 dignos
1271 4523 1554 4592 judicavit.
1593 4524 1690 4577 Diu
1723 4523 1863 4577 inter

287 4613 594 4669 desiderium
624 4617 698 4669 tui
738 4624 795 4670 et
826 4615 967 4669 unici
999 4616 1103 4669 mei
1135 4630 1317 4669 curam
1363 4613 1557 4669 dubius
1583 4614 1863 4668 electionis

288 4706 517 4772 pependi.
562 4706 711 4760 Tuus
742 4705 915 4759 honor
954 4705 1213 4759 suadebat
1254 4704 1680 4774 profectionem,
1721 4704 1863 4758 illius

1971 3514 2191 3570 decreto
2234 3523 2453 3569 senatus
2500 3514 2798 3582 improbata
2847 3524 3097 3567 censura.
3150 3514 3256 3569 Sed
3295 3514 3554 3583 judicium

1971 3620 2147 3659 meum
2172 3644 2189 3668 ,
2220 3619 2340 3659 cum
2370 3620 2459 3660 res
2486 3615 2600 3659 acta
2631 3613 2713 3659 est
2742 3644 2755 3668 .
2789 3604 3028 3659 habitum
3073 3605 3367 3675 prepagavi
3395 3621 3558 3675 opere

1970 3695 2221 3765 largiore.
2279 3696 2386 3750 Nec
2435 3695 2565 3748 mihi
2618 3695 2747 3749 vitio
2785 3704 2965 3751 vertas
3013 3695 3202 3764 prisca
3253 3698 3558 3752 severitatis

1967 3790 2263 3858 repulsam.
2304 3788 2436 3843 Nam
2480 3790 2611 3843 solis
2653 3790 2899 3858 quaedam
2942 3790 3183 3857 speciosa
3229 3791 3556 3856 nominibus,

1968 3895 2067 3934 usu
2097 3891 2153 3935 et
2180 3879 2515 3950 experiundo
2551 3880 2839 3949 plurinunu
2881 3885 3097 3934 nocent.
3148 3880 3405 3934 Rationes
3434 3894 3558 3934 sen-

1968 3975 2148 4029 tentiae
2177 3986 2312 4028 mete
2354 3974 2525 4028 lector
2566 3972 2825 4028 invenies.
2873 3972 3008 4027 Volo
3052 3980 3227 4026 tamen
3276 3970 3341 4026 ad
3370 3971 3555 4041 inspe-

1966 4064 2199 4119 ctionem
2264 4064 2527 4119 dictorum
2594 4067 2730 4132 parti
2792 4063 3005 4133 utrique
3065 4077 3251 4133 aequus
3310 4063 3553 4119 accedas.
3606 4106 3617 4117 ε

1966 4157 2286 4221 Μετεδίιυιι,
2320 4166 2376 4211 ut
2410 4171 2597 4224 spero.
2628 4155 2890 4211 orationis
2918 4156 3176 4222 assertio,
3207 4165 3264 4209 ut
3308 4165 3364 4210 tu
3394 4157 3554 4210 etiam

1964 4249 2247 4303 vetustatis
2275 4257 2530 4317 patronus
2558 4249 2861 4303 auctoritati
2893 4248 3097 4303 ordinis
3126 4261 3341 4301 manum
3378 4247 3554 4315 porri-

1963 4355 2080 4409 gas.
2122 4342 2274 4400 Vale.

2589 4429 2806 4485 EPIST.
2850 4428 2920 4483 Χ.

2444 4534 2577 4575 εγωι
2586 4535 2751 4575 Λοιιυδ
2788 4532 3087 4573 TIIEODOBO.

2039 4613 2207 4680 Quam
2241 4613 2402 4666 timeo
2440 4628 2506 4666 ne
2548 4626 2708 4665 aures
2740 4620 2857 4664 tuas
2883 4610 3158 4665 existimer
3184 4607 3382 4663 lactare
3407 4607 3558 4662 blan-

1968 4706 2146 4761 ditiis!
2195 4704 2513 4759 Consulatus
2554 4704 2641 4758 hic
2681 4712 2803 4757 tuus
2833 4702 2954 4755 talis
2984 4710 3063 4756 est
3103 4708 3160 4754 ut
3187 4714 3363 4754 meum
3390 4701 3557 4769 gemi-

286 4796 532 4854 institutio
566 4800 932 4868 praetendebat
962 4799 1149 4854 obvias
1180 4814 1389 4853 manus.
1441 4798 1678 4853 Tandem
1709 4813 1856 4853 secu-
1890 4796 1942 4856 D
1968 4812 2125 4852 nasse
2152 4796 2418 4851 videatur.
2455 4795 2607 4849 Nunc
2645 4794 2753 4849 voti
2792 4791 2898 4848 mei
2934 4806 3140 4847 summa
3183 4806 3248 4845 eo
3294 4792 3557 4859 processit

288 4896 361 4940 tus
386 4904 512 4945 sum.
532 4893 671 4960 quod
702 4892 817 4960 ipse
847 4891 1085 4945 fecisses.
1112 4888 1297 4944 Ofﬁcia
1341 4889 1484 4943 enim
1516 4888 1604 4943 illa
1633 4889 1856 4953 laetitia},

287 4979 376 5033 ista
420 4984 651 5049 pietatis.
706 4984 834 5037 Tute
884 4982 1251 5049 amplitudinis
1304 4981 1542 5036 curulem
1591 4982 1864 5049 stipahuut

287 5071 524 5141 obsequia
556 5075 865 5128 multorum.
915 5074 1050 5127 Iluic
1094 5073 1147 5127 in
1178 5073 1295 5127 solo
1338 5081 1488 5140 patre
1533 5079 1715 5123 votum
1756 5079 1858 5124 est.

291 5158 429 5215 l'lura
461 5178 557 5232 pro
579 5164 729 5218 nobis
750 5163 1243 5233 indulgentissimus
1266 5162 1319 5214 in
1349 5174 1477 5214 suos
1506 5169 1627 5214 tuus
1651 5159 1863 5212 animus

288 5260 448 5307 tecum
476 5256 743 5325 loquetur.
792 5255 891 5311 Cui
940 5271 1041 5325 ego
1092 5254 1455 5309 excusationis
1503 5268 1635 5307 meae
1680 5263 1857 5320 partes

286 5341 524 5415 injungo,
556 5348 677 5417 quia
729 5349 910 5403 verbis
946 5346 1152 5417 agenda
1194 5328 1303 5401 non
1343 5353 1470 5400 sunt
1506 5359 1627 5415 quae
1666 5342 1858 5399 melius

284 5436 652 5509 interpretatur
680 5440 911 5497 al'fecﬁo.
941 5441 1093 5495 Vale.

890 5533 1109 5588 EPIST.
1156 5533 1239 5587 VI.

744 5641 1054 5683 εγωιλειιῠε
1081 5640 1380 5680 τιιεουοιιο.

348 5716 543 5777 Filium
573 5738 743 5779 meum
780 5722 1090 5776 Flavianum
1136 5718 1447 5775 consulatus
1489 5725 1610 5772 tuus
1643 5721 1861 5772 revocat

1968 4900 2024 4946 nt
2050 4892 2235 4945 titulos
2259 4890 2375 4958 ejus
2405 4892 2619 4958 longum
2651 4887 2844 4943 fruaris
2866 4931 2881 4955 ,
2916 4894 2970 4941 et
2996 4900 3175 4955 arqnes
3200 4885 3320 4938 vitre
3351 4885 3557 4937 diutur-

1967 4983 2132 5037 nitate
2153 4996 2355 5037 moram
2379 4980 2453 5033 tui
2479 4979 2705 5048 praemii.
2733 4979 2954 5048 Dignum
2978 4978 3171 5046 quippe
3193 4986 3274 5029 est
3301 4991 3557 5046 compen-

1966 5076 2070 5129 sari
2095 5075 2304 5145 prolixo
2327 5071 2523 5142 gaudio
2542 5085 2715 5125 seram
2740 5070 3082 5125 solutionem.
3110 5068 3256 5122 Vale.

2589 5160 2801 5215 EPIST.
2845 5160 2937 5213 XI.

2437 5267 2740 5307 SVIIIACIIUS
2769 5266 3072 5306 THEODOBO.

2034 5345 2335 5402 Adventum
2370 5350 2519 5398 tuum
2551 5358 2727 5398 serum
2760 5357 2879 5396 csse
2907 5341 3164 5395 mirabar.
3205 5338 3309 5393 Sed
3340 5338 3427 5389 ubi
3459 5350 3551 5401 pa-

1965 5438 2155 5493 tefacta
2203 5450 2359 5490 causa
2410 5433 2712 5499 tarditatis,
2760 5442 2815 5487 et
2862 5442 2913 5486 te
2957 5432 3109 5487 brevi
3140 5429 3307 5483 aﬁorc
3352 5426 3550 5493 scripta

1966 5527 2260 5598 praenuntia
2293 5524 2725 5595 spoponderunt;
2774 5525 2826 5578 in
2851 5522 3098 5598 gaudium
3128 5534 3255 5573 cura
3286 5532 3547 5571 coorersa

1965 5628 2065 5673 est.
2109 5618 2249 5687 Ergo
2291 5615 2506 5686 hospitii
2533 5630 2756 5671 securus
2780 5626 3098 5684 appropera,
3139 5618 3195 5663 et
3221 5608 3550 5677 aliquantulo

1967 5712 2145 5771 Roma:
2182 5710 2467 5767 intervallo
2498 5709 2695 5773 quietis
2726 5706 2951 5771 refotus,
2982 5700 3441 5769 auspicatissimos
3464 5706 3550 5753 at-
