4074 6176
464 267 564 320 2ἱῖ

1640 269 1701 332 Ο.
1747 269 2095 326 AURELIUS
2131 266 2574 325 SY‘MMACIIUS.

2821 149 2850 174 1

3639 268 3745 322 948

465 383 591 437 tolle
617 380 807 438 fasces.
833 382 1022 438 Nostra
1052 397 1174 454 erga
1201 391 1249 437 te
1272 381 1544 452 diligentia
1569 381 1823 452 quidquid
1851 382 2050 437 instrtt-
2079 384 2128 442 Α
2156 394 2268 441 sus,
2300 386 2352 432 et
2379 377 2444 432 ad
2473 375 2673 431 bonam
2706 373 2849 430 viam
2873 389 3108 440 morum,
3144 374 3526 429 causidicinam
3555 377 3754 430 credidi

465 481 582 528 ctus
612 475 908 529 consularis
938 475 1140 546 flagitat
1172 475 1492 544 providebit.
1525 473 1676 530 Vale.

1081 585 1293 641 EPIST.
1328 585 1442 640 XII.

931 693 1239 734 δῖιυιιισηιῖε
1271 693 1576 734 τιιεοοοιιο.

538 771 753 826 Frustra
800 773 1014 842 speravi
1060 774 1126 828 de
1169 773 1600 843 peregrinatione
1625 773 1901 837 solatium,
1930 787 2050 828 cum

465 863 704 917 ninnium
751 875 939 919 mmsta
989 864 1156 919 facies
1199 865 1372 920 nullas
1414 880 1558 935 aegro
1610 867 1790 920 animo
1838 871 2056 936 prrestet

467 953 725 1008 inducias.
765 957 842 1010 Au
869 957 1150 1025 quisquam
1183 965 1289 1010 tam
1339 956 1473 1010 duro
1521 955 1734 1024 ingenio
1764 963 1921 1009 natus
1949 963 2052 1019 est,

466 1056 520 1096 ut
549 1045 837 1099 multorum
877 1046 1020 1099 curis
1050 1045 1254 1102 doloris
1291 1061 1491 1101 vacuus
1529 1045 1780 1100 intersit?
1825 1045 1978 1111 Quod
2008 1046 2053 1100 si

464 1150 647 1189 verum
678 1137 931 1192 concedis
956 1181 971 1205 ,
1017 1152 1105 1192 me
1133 1139 1293 1192 etiam
1322 1139 1483 1192 crede
1521 1139 1661 1192 inter
1685 1139 1872 1192 anxios
1900 1152 2053 1193 usum

463 1226 634 1295 ipsum
673 1227 871 1280 Iretitia:
900 1227 1298 1296 quodammodo
1344 1228 1609 1283 amisisse.
1651 1227 1836 1284 Restat
1864 1239 1922 1284 ut
1951 1239 2054 1284 tua:

463 1318 657 1373 litter:e
709 1318 1030 1374 medicinam
1077 1319 1211 1374 mihi
1254 1319 1486 1385 faciant,
1527 1335 1661 1390 quas
1708 1323 1776 1376 ita
1827 1321 2057 1377 libenter

464 1409 711 1478 accipio,
755 1420 811 1464 ut
853 1410 998 1465 nulla
1042 1411 1331 1465 assiduitas
1375 1413 1504 1466 satis
1545 1413 1745 1467 factura
1789 1413 2050 1468 videatur.

469 1500 580 1568 Ego
624 1515 733 1569 pra:
777 1510 971 1556 eventu
1017 1502 1402 1567 occasionum,
1444 1517 1576 1572 quas
1623 1502 1732 1557 fors
1775 1502 2052 1567 obtulerit,

464 1592 771 1661 exemplum
803 1591 942 1647 dabo
969 1592 1260 1662 frequentis
1285 1593 1470 1650 officii.
1516 1594 1662 1648 Tunc
1691 1594 1832 1649 enim
1865 1597 2056 1664 proha-

467 1681 548 1735 l>is
572 1691 750 1751 gratas
774 1697 894 1739 esse
928 1684 1024 1739 tibi
1053 1684 1258 1740 litteras
1289 1701 1434 1742 meas
1455 1701 1575 1741 cmn
1604 1696 1721 1742 tuas
1748 1701 2048 1760 sumpsero.

466 1773 618 1830 Vale.

1069 1849 1285 1906 EI‘IST.
1324 1850 1456 1906 XIII.

935 1955 1247 1998 SYIIMACIIUS
1285 1959 1586 2001 τηεουοιιο.

536 2029 861 2100 Iampridem
896 2033 1025 2088 nihil
1070 2036 1283 2100 scribis,
1315 2051 1527 2106 aequum
1559 2047 1702 2093 esset
1732 2038 1854 2094 huic
1883 2038 2055 2108 culpre

469 2121 722 2177 talionem
747 2125 949 2192 reponi.
983 2125 1088 2180 Sed
1114 2126 1346 2181 arbitror
1372 2127 1625 2182 imitanda
1655 2145 1759 2182 non
1789 2144 1909 2185 esse
1937 2145 2056 2200 qua:

468 2215 652 2270 doleas
686 2233 700 2268 :
729 2224 785 2271 et
811 2218 989 2271 animo
1016 2218 1313 2288 persuadeo
1341 2220 1475 2274 alias
1501 2221 1677 2288 potius
1705 2222 2056 2278 intervenisse

468 2320 660 2360 causas
695 2307 857 2363 ofﬁcii
887 2309 1198 2376 dilferendi,
1234 2326 1396 2382 quam
1435 2313 1663 2392 residem
1705 2313 2053 2370 voluntatem.

469 2399 785 2470 Quanquam
815 2417 1008 2457 vereor
1052 2419 1119 2459 ne
1150 2403 1348 2460 factum
1392 2416 1539 2461 tuum
1584 2407 1696 2462 haec
1729 2410 1840 2479 ipsa
1870 2420 2058 2480 gravet

470 2487 792 2544 humanitas.
833 2492 965 2546 Nam
999 2495 1086 2564 qui
1132 2495 1258 2549 mihi
1306 2511 1401 2560 pro
1429 2507 1480 2554 te
1507 2499 1799 2563 satisfacio,
1831 2503 2056 2558 ostendo

469 2595 556 2634 me
583 2581 711 2635 nihil
737 2583 842 2637 tale
863 2585 1142 2641 meruisse.
1172 2587 1358 2642 Scribe
1381 2605 1510 2657 ergo
1532 2591 1640 2659 jam
1666 2593 1858 2662 smpius
1886 2602 1940 2648 et
1966 2609 2058 2650 co-

469 2673 693 2742 piosius,
710 2679 1014 2746 priusquam
1047 2680 1264 2747 praefata
1296 2698 1398 2750 ope
1422 2683 1506 2738 dei
1537 2687 1586 2738 in
1620 2685 1861 2741 Litcanos
1887 2688 2056 2743 saltus

469 2765 586 2819 vela
618 2765 895 2822 faciamus.
948 2769 1083 2834 Quid
1116 2772 1257 2826 enim
1288 2773 1439 2841 juvat
1467 2776 1724 2844 proximis
1751 2778 2056 2848 regionib'us

471 2857 764 2922 immorari,
788 2873 907 2913 cum
934 2857 1059 2916 ecce
1087 2861 1245 2918 nulla:
1268 2864 1456 2920 litterae
1480 2866 1787 2922 deferantur
1815 2877 1868 2923 et
1892 2869 2058 2923 silen-

470 2948 598 3002 tium
649 2959 795 3006 tuum
846 2951 1071 3009 honeste
1131 2955 1299 3024 possit
1350 2971 1609 3014 excusare
1655 2959 2054 3031 longinquitas?

471 3039 622 3097 Vale.

1059 3116 1278 3175 EPIST.
1323 3119 1458 3175 XIV.

940 3219 1253 3264 εγιικλωιυε
1279 3224 1579 3264 τΒΕΟυΟΒΟ.
1863 3266 1866 3268 η

541 3296 863 3368 Ademptum
918 3310 1001 3355 est
1052 3301 1146 3356 tibi
1197 3303 1448 3372 generale
1504 3304 1823 3374 perfugium.
1875 3305 2062 3375 Neque

471 3389 616 3443 enim
660 3397 816 3460 potes
844 3393 1085 3447 solemne
1125 3391 1253 3448 illud
1286 3402 1341 3448 et
1376 3395 1740 3464 pervulgatum
1770 3411 1938 3466 genus
1965 3399 2059 3452 de-

472 3479 729 3535 fensionis
751 3481 1004 3538 inducere
1031 3501 1044 3537 :
1077 3499 1224 3539 meas
1252 3493 1304 3540 te
1329 3484 1504 3540 adhuc
1529 3486 1734 3541 litteras
1762 3489 1983 3555 aperiri,
2002 3498 2060 3544 ut

472 3572 697 3639 quadam
715 3572 973 3642 religione
992 3574 1238 3630 solvaris.
1257 3575 1577 3630 Iamdudum
1603 3576 1694 3631 tibi
1715 3578 1882 3648 stylus
1905 3594 2058 3634 meus

471 3660 599 3716 facit
624 3663 942 3732 auspicium,
967 3665 1053 3720 cui
1080 3679 1185 3720 non
1222 3665 1401 3722 abnuo
1431 3666 1689 3722 redditam
1720 3668 1889 3723 vicem
1915 3686 1928 3722 :
1960 3672 2053 3724 sed

471 3752 711 3808 aemulari
752 3753 988 3809 studium
1041 3764 1282 3811 nostrum
1329 3756 1491 3812 etiam
1528 3758 1832 3814 voluntario
1867 3767 2056 3828 postea

472 3842 652 3900 officio
674 3843 924 3900 debuisti.
947 3847 1029 3902 An
1057 3856 1339 3917 exspectas
1361 3858 1419 3903 ut
1441 3857 1492 3906 te
1519 3849 1607 3904 illa
1629 3851 2058 3921 expostulatione

363 3952 373 3964 ·
472 3936 862 4006 perstringam?
890 3939 970 3992 Tu
1014 3939 1115 3995 nisi
1153 3941 1295 3995 malo
1317 3950 1535 3996 coactus
1557 3951 1717 4007 ncte
1746 3941 1925 3997 facere
1962 3958 2057 3997 nc-

472 4028 614 4082 scis?
643 4026 842 4084 Omitto
873 4032 1042 4098 plura,
1077 4040 1131 4086 et
1171 4033 1224 4086 in
1265 4032 1528 4102 reliquum
1569 4032 1700 4088 mihi
1724 4033 2054 4102 diligentiam

471 4128 616 4175 tuam
636 4120 910 4190 spondeo:
933 4137 1093 4192 quam
1113 4123 1241 4178 mihi
1269 4124 1458 4194 religio
1479 4125 1628 4195 parvi
1651 4123 1856 4192 habuit,
1877 4124 2067 4182 saltem

470 4211 768 4270 admonitio
788 4221 968 4269 nostra
999 4215 1287 4285 reparabit.
1322 4215 1471 4272 Vale.

1073 4329 1284 4386 EPIST.
1334 4330 1450 4384 XV.

937 4437 1244 4476 δγιιιιλοιίυε
1282 4437 1582 4479 τηεουοιιο.

2157 473 2508 542 profuturam.
2561 469 2714 525 Unde
2763 468 2960 526 factum
2992 478 3074 524 est
3118 478 3174 524 ut
3222 469 3451 524 Domino
3480 480 3528 525 et
3586 469 3748 526 fratre

2054 615 2059 624 ,
2155 581 2278 619 meo
2301 563 2553 634 praefecto
2583 571 2706 618 ante
2733 564 2980 618 consulto
3007 563 3070 616 ad
3104 571 3277 618 castra
3307 563 3540 618 forensia
3568 564 3744 618 mitte-

2155 671 2321 720 rmur,
2373 671 2440 709 eo
2489 655 2788 725 praesertim
2832 664 3073 722 tempore
3125 670 3231 725 quo
3289 663 3380 710 tuo
3423 655 3748 709 adminiculo

2155 748 2324 815 possit
2361 744 2587 800 institui.
2623 744 2962 815 Quapropter
3004 747 3196 816 pignus
3225 755 3371 800 tuum
3418 747 3635 813 suscipe
3661 745 3745 799 itt-

2155 837 2488 892 i'ormandum
2515 837 2670 891 bonis
2701 837 2937 893 fraterna
2965 829 3224 906 religienc
3255 834 3557 906 praeceptis.
3593 835 3742 893 Vale.

2741 931 2956 986 EPIST.
2998 929 3160 984 XVII.

2626 1037 2931 1078 SYIMACIIIIS
2969 1037 3254 1077 DIAGNILLO.

2229 1117 2452 1173 Brevem
2498 1116 2658 1172 decet
2683 1129 2808 1170 esse
2836 1129 3140 1170 sermonem
3177 1130 3284 1184 quo
3310 1113 3513 1170 reditus
3542 1113 3748 1168 indica-

2157 1219 2266 1266 tur.
2313 1209 2449 1276 Quid
2500 1210 2644 1264 enim
2693 1208 2914 1262 mandes
2938 1208 3174 1278 pagina},
3227 1222 3346 1263 cum
3396 1207 3572 1260 omnia
3624 1220 3748 1275 qua:

2155 1304 2354 1370 scripto
2376 1301 2640 1356 committi
2669 1300 2864 1365 so'ent,
2892 1300 3082 1354 fabulis
3110 1300 3282 1368 potius
3308 1298 3537 1354 debeant
3569 1313 3749 1352 reser-

2155 1394 2307 1447 vari?
2339 1393 2450 1447 IIoc
2489 1401 2574 1446 est
2618 1399 2993 1462 argumentum
3036 1391 3380 1460 prasentium
3425 1390 3748 1451 litterarum,

2154 1500 2306 1555 quas,
2337 1484 2382 1540 si
2412 1484 2485 1538 dii
2507 1495 2692 1540 votum
2718 1483 2981 1552 juverint,
3017 1497 3144 1536 mox
3175 1496 3487 1550 sequemur.
3521 1480 3671 1535 Vale.

2725 1571 2942 1626 EPIST.
2987 1570 3168 1630 XVIII.

2637 1681 2944 1722 SYIMIACIIUS
2984 1680 3266 1720 MAGNILLO.

2227 1758 2432 1816 Suades
2475 1765 2535 1811 ut
2583 1757 2824 1822 redeam,
2873 1773 2940 1811 ne
2966 1756 3052 1824 jus
3087 1757 3272 1826 pmdii
3302 1756 3469 1813 noetri
3516 1755 3752 1810 violenta

2159 1851 2437 1921 perturbet
2486 1849 2734 1917 irruptio.
2785 1848 2856 1902 At
2907 1861 3008 1917 ego
3049 1858 3178 1916 puto
3217 1863 3322 1902 non
3378 1847 3554 1902 minus
3602 1856 3750 1901 tuam

2156 1963 2340 2004 curam
2363 1963 2520 2019 quam
2546 1961 2719 2000 meam
2751 1946 3094 2017 prresentiam
3125 1959 3465 2014 promovere.
3506 1942 3748 2012 Conjicio

2157 2041 2467 2112 exaggerari
2511 2039 2759 2108 religiose
2810 2038 2966 2092 istam
3011 2035 3445 2106 trepidationem,
3493 2035 3619 2089 dum
3660 2049 3756 2090 me

2159 2134 2382 2188 Romam
2410 2131 2592 2187 studes
2621 2129 2919 2185 retrahere.
2971 2130 3081 2200 Ego
3122 2136 3301 2183 autem
3352 2126 3512 2196 hujus
3563 2127 3755 2191 taedio,

2160 2240 2264 2280 non
2313 2223 2472 2278 modo
2513 2237 2698 2277 amore
2747 2222 2838 2275 otii
2879 2221 3072 2276 abesse
3115 2219 3411 2290 plusculum
3455 2217 3650 2288 cupio:
3694 2227 3754 2274 et

2157 2316 2281 2385 quia
2329 2314 2486 2368 inane
2529 2314 2633 2368 erit
2678 2311 2936 2381 quidquid
2985 2319 3195 2366 remoto
3238 2318 3400 2380 atque
3446 2308 3758 2362 inconsulto

2161 2420 2473 2475 possessore
2503 2413 2759 2461 tentatur.
2791 2386 3088 2457 Consi-lium
3119 2417 3248 2457 vero
3277 2401 3358 2456 rei
3381 2400 3602 2471 agenda:
3625 2409 3756 2456 tuus

2159 2507 2214 2552 et
2253 2498 2501 2562 aliorum,
2528 2495 2721 2566 quibus
2764 2494 2910 2550 cordi
2953 2507 3160 2563 sumus,
3193 2502 3450 2548 tractatus
3484 2492 3748 2547 inveniet.

2158 2591 2286 2646 Meae
2307 2588 2470 2659 quieti
2497 2585 2673 2642 itullus
2696 2586 2932 2642 invideat
2956 2625 2971 2650 ,
2999 2585 3122 2655 quia
3163 2581 3380 2654 longius
3401 2581 3754 2653 producenda

2157 2693 2259 2748 est,
2297 2696 2416 2735 cum
2462 2680 2637 2734 vicem
2684 2687 2921 2732 nostram
2963 2677 3224 2734 bon‘orum
3268 2676 3562 2732 amicorum
3613 2687 3752 2729 cura

2159 2773 2422 2843 fungatur.
2453 2771 2606 2827 Vale.

2752 2860 2968 2917 EPIST.
3010 2858 3153 2914 XIX.

2633 2968 2938 3009 SYMIACIIUS
2975 2965 3261 3008 IIAGNILLO.

2229 3046 2455 3118 Semper
2483 3054 2536 3102 te
2565 3047 2618 3100 in
2651 3046 2884 3114 primore
2909 3045 3254 3101 aﬂ'ectionum
3284 3057 3523 3099 mearum
3568 3041 3752 3096 fronte

2083 3118 2126 3179 (ἶ
2159 3140 2447 3194 constituo.
2499 3137 2688 3192 Merito
2731 3137 2964 3192 incertus
3007 3134 3192 3200 animi,
3233 3133 3601 3204 cognitionem
3633 3142 3741 3187 tua:

2158 3231 2345 3284 salutis
2366 3237 2618 3298 exspecto
2648 3246 2661 3281 :
2695 3244 2852 3298 quam
2883 3229 2928 3283 si
2960 3237 3175 3282 mutuus
3212 3239 3390 3281 sermo
3417 3224 3753 3296 prarstiterit,

2156 3321 2385 3377 reditum
2417 3329 2658 3376 nostrum
2685 3321 2934 3375 alacritas
2961 3319 3230 3375 incitabit.
3260 3316 3418 3374 Vale.

2766 3411 2980 3468 EPIST.
3019 3411 3141 3471 XX.

2631 3519 2948 3559 SYIUIACIIUS
2979 3518 3270 3560 ωςηιιιο.

2230 3594 2334 3650 Nos
2364 3604 2514 3650 tuum
2546 3605 2906 3664 przeoptamus
2935 3594 3244 3648 adventum.
3276 3592 3358 3647 Tu
3399 3592 3580 3648 missis
3625 3606 3754 3646 mu-

2159 3687 2376 3743 neribus
2419 3685 2682 3742 desideria
2732 3696 2912 3740 nostra
2952 3685 3162 3740 solaris.
3197 3683 3498 3740 Admodum
3529 3683 3754 3753 quidem

2158 3779 2396 3834 delector
2415 3779 2608 3834 oblatis
2630 3820 2646 3842 ,
2674 3777 2767 3833 sed
2797 3777 2901 3832 hoc
2930 3777 3050 3844 ipso
3067 3775 3248 3832 officio
3273 3775 3464 3831 damna
3491 3774 3756 3834 absentia:

2158 3883 2263 3925 tute
2290 3871 2505 3941 gravius
2547 3869 2874 3924 sentiuntur.
2917 3868 3163 3924 Pleniora
3201 3871 3345 3926 enim
3389 3873 3635 3942 prmsidia
3667 3883 3750 3925 at-

2158 3977 2261 4033 que
2304 3970 2619 4017 ornamenta
2667 3961 2734 4020 de
2777 3963 2956 4018 amico
3006 3972 3269 4033 praisente
3296 3977 3628 4032 caperemus.
3679 3966 3750 4016 At

2159 4067 2301 4110 nunc
2331 4052 2470 4111 inter
2493 4055 2670 4109 votiva
2699 4054 2967 4110 candidati
2996 4054 3097 4109 mei
3131 4055 3366 4124 negotia,
3394 4062 3448 4108 et
3468 4052 3749 4122 quaestoris

2159 4155 2446 4218 apparatus
2488 4145 2726 4200 fraudari
2774 4161 2874 4201 nos
2903 4161 3206 4216 conqueror
3245 4146 3504 4201 societate
3533 4155 3745 4198 tuorum

2159 4236 2530 4292 consiliorum.
2567 4237 2634 4292 Et
2663 4245 2840 4291 tamen
2882 4236 3131 4292 obeunda
3161 4251 3262 4290 nec
3302 4235 3483 4305 procul
3538 4235 3744 4288 locatus

2159 4329 2383 4383 omittis.
2436 4327 2571 4382 Nam
2623 4336 2678 4382 et
2719 4339 2898 4383 vestes
2941 4328 3266 4388 subsericas,
3315 4342 3450 4397 quas
3503 4326 3746 4380 homines

2160 4421 2265 4476 mei
2290 4428 2411 4490 post
2449 4419 2739 4474 illationem
2761 4418 2918 4488 pretii
2951 4418 3309 4481 retentabant,
3342 4427 3394 4471 et
3421 4419 3742 4470 instructum

542 4507 792 4564 Proxime
832 4510 1056 4564 Romam
1099 4527 1372 4582 regressus
1399 4529 1430 4566 a
1465 4514 1735 4569 scribendi
1770 4523 2055 4568 consuetu-
2081 4485 2134 4545 Ῑ)
2159 4511 2422 4581 reliquum
2453 4509 2810 4566 muneralium
2846 4509 3188 4577 praemiorum
3217 4517 3337 4562 tuus
3357 4508 3533 4578 coegit
3558 4507 3747 4561 instin-

469 4601 595 4655 dine
651 4615 756 4655 non
809 4611 913 4655 tam
965 4602 1166 4657 desidia
1231 4619 1388 4673 quam
1435 4610 1784 4675 occupatione
1831 4606 2052 4660 descivi.

469 4698 644 4760 Atque
670 4693 791 4748 ideo
821 4703 942 4762 peto
973 4693 1028 4749 in
1049 4695 1245 4750 bonam
1286 4705 1490 4766 partem
1524 4699 1888 4766 purgationem
1917 4715 2055 4769 prae-

473 4785 645 4839 teritae
668 4786 1043 4841 taciturnitatis
1071 4788 1322 4856 accipias,
1351 4804 1667 4858 mecumque
1697 4791 1888 4846 laeteris
1911 4795 2050 4860 quod

473 4875 682 4929 Domini
741 4876 910 4930 nostri
967 4877 1253 4934 Theodosii
1301 4893 1458 4933 sacro
1518 4879 1806 4949 divinoque
1852 4881 2054 4950 judicio

474 4966 645 5020 merui
673 4965 1058 5021 Consulatum:
1089 4968 1240 5038 cujus
1277 4969 1554 5039 multiplex
1583 4979 1867 5039 apparatus
1911 4980 2053 5026 tuam

470 5056 700 5125 requirit
728 5057 1066 5113 industriam.
1096 5058 1204 5114 Sed
1235 5074 1421 5113 rursus
1449 5062 1682 5115 occurrit
1708 5070 1832 5114 voto
1864 5073 1917 5116 et
1945 5073 2058 5116 stu-

471 5148 577 5203 diis
607 5147 762 5214 meis,
796 5163 864 5202 ne
893 5147 1112 5202 honoris
1131 5149 1205 5203 tui
1230 5157 1467 5218 tempora
1493 5149 1900 5206 contrahantur.
1917 5152 2056 5217 Qua-
2100 5185 2122 5199 ς

470 5253 689 5313 propter
729 5249 834 5296 tua:
874 5243 1124 5311 permitto
1165 5242 1444 5297 sententia:
1475 5251 1532 5296 ut
1578 5244 1622 5295 si
1662 5243 1843 5296 votivo
1882 5243 2058 5298 officio

470 5335 662 5390 domus
702 5344 900 5390 nostra:
946 5334 1209 5390 interesse
1245 5335 1542 5402 desideras,
1580 5333 2057 5392 administrationis

473 5423 654 5480 labore
680 5424 926 5480 solvaris.
957 5422 1112 5478 Vale.

1055 5519 1284 5582 ,IIPIST.
1326 5519 1465 5574 XVI.

943 5626 1250 5667 δῐκιιλεηυς
1289 5627 1587 5666 τηεονοῐιο.

544 5697 743 5760 Sancto
772 5703 1062 5774 Lampadio
1079 5718 1336 5772 germano
1359 5714 1471 5768 tuo,
1499 5712 1552 5759 et
1577 5704 1639 5759 ad
1667 5717 1816 5773 Spem
1845 5720 2060 5773 proces-

2156 4612 2292 4658 ctus.
2316 4604 2454 4672 Opto
2484 4602 2643 4672 igitur
2664 4601 2755 4656 tibi
2781 4613 3082 4671 promptum
3105 4601 3197 4656 Dei
3225 4603 3458 4655 favorem
3490 4600 3748 4656 reditum-

2155 4709 2260 4763 que
2281 4694 2488 4749 felicem
2515 4710 2529 4748 :
2553 4694 2817 4762 simulque
2839 4709 2958 4760 oro,
2981 4693 3027 4747 si
3051 4694 3161 4748 fors
3180 4693 3392 4748 dederit
3413 4692 3745 4751 facultatem.

2157 4786 2416 4842 functioni
2454 4795 2656 4840 nostra:
2717 4786 2986 4842 interesse
3026 4785 3388 4854 depmperes;
3438 4781 3592 4851 cujus
3645 4797 3744 4834 vo.

2158 4879 2329 4947 luptas
2359 4891 2548 4947 magna
2573 4888 2722 4946 parte
2742 4877 3124 4938 cumttlabitur,
3151 4877 3197 4930 si
3221 4875 3421 4930 laetitia:
3449 4889 3601 4929 nov-.e
3623 4888 3747 4944 par-

2161 4968 2330 5038 ticeps
2359 4967 2694 5023 desideratus
2714 4969 3026 5023 accesseris.
3063 4967 3213 5022 Vale.

2753 5058 2966 5113 EPIST.
3008 5058 3150 5112 XXI.

2646 5166 2957 5206 SVDHIACIIUS
2996 5167 3282 5207 MAGNIILO.

2232 5241 2413 5298 Potuit
2440 5243 2557 5298 sine
2587 5242 2778 5316 litteris
2808 5240 3008 5296 nostris
3032 5249 3248 5297 sanctus
3273 5241 3520 5297 Aurelius
3541 5241 3586 5298 si
3612 5241 3741 5311 quid

2167 5337 2237 5394 de
2277 5352 2364 5392 me
2405 5351 2672 5406 quaereres
2703 5336 2987 5405 explicare.
3039 5334 3146 5391 Sed
3175 5335 3298 5405 quia
3338 5334 3610 5390 fastidiosa
3657 5349 3743 5389 sa-

2167 5428 2357 5483 lutatio
2399 5436 2517 5493 est,
2563 5443 2686 5497 quae
2731 5427 2875 5481 nudo
2925 5441 3175 5483 sermone
3220 5426 3464 5481 defertur
3491 5467 3508 5492 ,
3561 5425 3740 5481 innexi

2165 5521 2363 5590 scripta
2393 5519 2672 5574 mandatis.
2713 5519 2826 5574 Ave
2855 5519 3015 5589 igitur
3053 5518 3173 5573 dico
3196 5517 3314 5582 tibi,
3343 5518 3613 5586 simulque
3651 5516 3743 5570 de-

2169 5626 2375 5680 precor,
2407 5610 2700 5665 secundum
2754 5610 3244 5676 commonitorium,
3284 5623 3392 5679 quo
3435 5609 3740 5663 summatim

2165 5703 2370 5761 muneri
2401 5703 2745 5774 praeparanda
2778 5703 3042 5775 rescripsi,
3087 5712 3144 5761 ut
3183 5703 3317 5773 ipse.
3349 5701 3492 5760 salva
3516 5699 3745 5766 judicia—
