4046 6170
215 317 305 374 s49
439 391 442 393 Α
1400 315 1873 376 EPISTULA.le
1914 318 2118 377 LIBER
2157 323 2217 379 v.

213 431 281 486 ria
317 424 709 492 existimatione,
743 437 928 480 curam
979 423 1157 481 fratris
1183 425 1440 492 religiosi,
1486 436 1543 482 ut
1594 429 1760 493 soles,
1789 431 1842 490 Α

208 520 474 582 exhibeas;
495 526 544 571 et
573 515 818 570 homines
848 521 1064 570 nostros
1084 516 1480 584 comparandis.
1511 532 1631 588 qua:
1670 533 1765 586 pu-

207 614 296 666 scit
330 608 505 674 editio,
529 607 733 677 justum
763 606 1096 678 impendium
1126 607 1430 664 ministrare
1459 609 1758 680 praecipias.

207 703 340 760 Vale.
894 735 911 759 ς

758 791 975 848 EPIST.
1015 790 1181 847 XXII.

646 897 889 938 εῑωιλοι]
899 898 958 937 US
996 898 1280 939 NAGNILLO.

259 976 604 1046 Qumstorium
623 977 830 1048 parvuli
851 977 1017 1032 nostri
1044 993 1235 1032 munus
1262 978 1590 1046 accelerans,
1614 993 1765 1034 com-

200 1071 327 1125 muni
351 1071 521 1124 amico
549 1069 772 1124 Aurelio
798 1069 1040 1138 quzedam
1066 1070 1426 1138 comparanda
1455 1079 1547 1123 aut
1578 1070 1761 1139 provi-

197 1162 349 1217 denda
374 1161 644 1217 mandavi.
693 1160 799 1216 Sed
827 1160 950 1230 quia
981 1159 1206 1229 publicis
1239 1159 1470 1228 negotiis
1514 1168 1567 1214 et
1608 1159 1762 1216 varia

196 1253 535 1323 injunctorum
575 1250 925 1320 occupatione
953 1250 1310 1321 distringitur,
1348 1251 1636 1306 Eusebium
1682 1249 1762 1306 fa-

195 1345 430 1400 miliarem
467 1343 748 1415 speciatim
803 1345 970 1408 misi,
1017 1343 1172 1414 cujus
1223 1343 1591 1399 admonitione
1629 1358 1758 1398 cura

195 1446 268 1488 tua
297 1436 345 1490 in
373 1433 626 1490 effectum
651 1434 890 1489 omnium
919 1442 1258 1504 provocetur.
1292 1433 1356 1488 Et
1377 1434 1499 1504 quia
1543 1433 1759 1504 longum

195 1527 347 1582 visum
373 1536 456 1582 est
483 1526 701 1581 litterali
727 1525 871 1582 serie
907 1525 1113 1597 agenda
1141 1526 1462 1597 complecti,
1492 1541 1598 1582 non
1638 1541 1760 1597 gra-

194 1620 315 1675 veris
373 1621 845 1675 commonitorium
917 1618 1142 1675 strictim
1209 1617 1478 1690 signatum
1541 1633 1758 1687 percot-

190 1727 327 1780 rere,
355 1712 500 1782 quod
529 1713 661 1767 satis
685 1725 806 1767 esse
832 1710 1063 1766 arbitror
1097 1710 1162 1765 ad
1192 1711 1593 1767 incitamentum
1635 1711 1757 1766 dili-

3351 343 3457 400 253

2416 433 2629 493 EPIST.
2673 438 2910 496 XXVIII.

2339 542 2654 583 SYIHIACIIUS
2693 547 2982 588 IIAGSILLO.

1936 611 2269 682 Antecapere
2306 617 2571 673 scribendi
2629 623 2872 678 ordinem
2915 627 3016 681 mei
3057 644 3294 687 muneris
3332 631 3452 690 fuit.

1868 704 2042 762 [labes
2071 707 2301 763 festinati
2331 711 2489 765 oflicii
2519 713 2764 782 gloriam,
2808 733 2926 771 cum
2958 734 3057 789 ego
3099 725 3268 779 fatear
3293 727 3454 781 tardi-
3515 717 3522 722 ’
3615 763 3621 770 ν

1865 806 2048 854 talem.
2083 799 2144 853 Et
2177 811 2323 856 certe
2363 805 2506 870 potui
2546 805 2781 876 allegare
2811 807 3011 877 aliquid
3052 811 3106 866 in
3155 818 3454 870 excusatio-

1865 905 1985 943 nem
2017 905 2308 946 morarum.
2342 892 2628 962 Supererat
2661 898 2793 957 mihi
2829 899 3112 967 plurimum
3141 904 3257 970 viae,
3291 907 3452 962 malui

1866 987 1916 1034 te
1943 980 2012 1035 de
2039 981 2240 1038 laboris
2268 985 2434 1038 nostri
2463 985 2797 1042 absolutione
2823 987 3000 1046 facere
3033 1007 3300 1050 securum.
3347 997 3452 1053 Sed

1863 1072 1950 1139 pio
1990 1071 2169 1127 studio
2216 1076 2510 1140 prmvenire
2556 1079 2735 1133 nullus
2763 1089 2844 1134 est
2870 1082 3054 1138 rubor.
3108 1087 3242 1140 Ama
3293 1087 3454 1156 igitur

1862 1171 2053 1229 Sponte
2081 1163 2384 1235 cedentem,
2414 1167 2497 1221 cui
2524 1166 2640 1223 hmo
2663 1169 2776 1240 ipsa
2802 1171 3118 1241 simplicitas
3154 1178 3450 1235 conciliare

1862 1252 2022 1309 debet
2057 1255 2361 1326 frequentes
2399 1258 2606 1316 litteras
2638 1269 2782 1328 tuas;
2817 1277 2951 1332 quas
2977 1266 3022 1320 si
3063 1282 3167 1320 non
3205 1267 3449 1339 adteqna-

1863 1361 1992 1400 vero
2023 1348 2132 1415 pari
2180 1364 2425 1419 numero,
2476 1365 2662 1406 rursus
2711 1353 2804 1409 tibi
2851 1357 3132 1424 praemium
3181 1359 3454 1416 confessio

1860 1453 1978 1494 mea
2002 1438 2177 1494 faciet.
2213 1441 2360 1495 Vale.

2433 1511 2643 1568 EPIST.
2687 1514 2879 1572 XXIX.

2334 1619 2646 1661 SYIINACHUB
2686 1623 2970 1678 Μᾼϐκιιιο.

1933 1693 2180 1748 Amicum
2210 1709 2385 1748 meum
2413 1696 2478 1749 ad
2501 1696 2715 1752 Brulios
2736 1710 3097 1756 revertentem
3125 1702 3313 1759 litteris
3335 1719 3454 1761 cre-

190 1781 542 1873 semia’mm.
590 1802 773 1872 Neque
822 1802 967 1857 enim
1018 1816 1202 1872 preces
1234 1810 1448 1871 ονοηθι
1493 1800 1760 1868 adhiberi;
1794 1781 1973 1842 Bdidi
2001 1787 2455 1857 prosequendum,
2503 1796 2561 1842 ut
2605 1788 2698 1843 tibi
2747 1790 3084 1846 salutationis
3133 1809 3324 1849 munus
3357 1810 3454 1851 ex-

189 1909 290 1949 cum
316 1892 426 1948 sola
453 1893 616 1948 amici
639 1892 885 1949 voluntas
906 1894 1138 1948 studium
1165 1900 1311 1947 tuum
1333 1893 1524 1947 debeat
1544 1907 1760 1948 acuere.

193 1987 321 2042 Vale.

587 2148 592 2152 η
742 2073 958 2132 EPIST.
1005 2075 1192 2130 xxm.

653 2181 962 2221 SHIMACBUS
987 2181 1278 2223 IACNILLO.

244 2259 584 2315 Anastasium
645 2267 890 2314 nostrum
955 2259 1192 2329 dignaris
1255 2272 1568 2328 agnoscere.
1624 2258 1758 2314 Nam

186 2349 305 2404 domi
331 2363 478 2419 saepe
510 2349 712 2403 vidisti.
741 2349 868 2404 Ilaec
891 2348 965 2404 illi
995 2349 1184 2404 notitia
1209 2348 1349 2419 apud
1379 2356 1429 2404 te
1459 2349 1618 2404 debet
1639 2364 1761 2404 esse

181 2439 436 2511 suffragio,
502 2439 714 2494 etiamsi
770 2439 927 2494 nullis
954 2439 1236 2508 juvarctur
1289 2439 1556 2509 alloquiis.
1607 2439 1760 2495 Nunc

181 2534 400 2588 dubitare
434 2549 552 2587 non
595 2546 806 2601 possum
845 2533 1252 2588 cumulatiorem
1288 2533 1432 2586 circa
1473 2547 1598 2588 eum
1645 2532 1758 2588 fore

180 2637 340 2679 curam
369 2635 546 2688 tuam,
563 2637 686 2678 cum
707 2632 762 2679 et
781 2632 988 2679 vetusta
1009 2622 1263 2694 cognitio,
1288 2631 1340 2678 et
1369 2637 1556 2679 recens
1577 2638 1759 2678 sermo

181 2715 530 2772 commendet.
1118 2743 1127 2752 ι

750 2805 966 2862 EPIST.
1006 2805 1197 2862 XXIV.

640 2913 957 2955 SVMIACBUS
987 2914 1266 2955 IIAGNILLO.

232 2987 536 3044 Familiaris
579 2991 798 3046 emersit
840 2991 1072 3057 occasio,
1105 3005 1225 3060 quae
1269 2990 1362 3045 tibi
1394 2991 1581 3047 salutis
1620 3004 1756 3046 meae

176 3093 469 3150 apportaret
511 3081 728 3137 indicia.
760 3082 942 3153 Neque
968 3085 1110 3139 enim
1135 3084 1376 3140 dubitare
1407 3099 1624 3154 possum
1656 3084 1750 3140 tibi

176 3172 352 3228 litteras
374 3188 534 3229 meas
562 3188 683 3229 esse
715 3174 1014 3230 reddendas
1045 3190 1178 3244 quas
1206 3176 1456 3231 Silvanus
1487 3175 1553 3230 ad
1582 3176 1752 3231 animi

175 3265 319 3320 noStri
345 3258 690 3337 diligentiam
723 3267 996 3335 pertinens
1034 3267 1330 3322 exhibebit.
1364 3267 1462 3322 Cui
1491 3267 1607 3323 hazc
1637 3267 1752 3336 ipsa

175 3360 347 3428 recepti
380 3358 554 3414 officii
581 3359 978 3415 commendatio
999 3360 1140 3430 apud
1166 3369 1219 3415 te
1242 3359 1400 3415 debet
1421 3375 1542 3415 esse
1561 3359 1753 3414 suffra-

174 3449 260 3516 gio.
289 3449 561 3505 Czetcrum
600 3459 658 3504 ut
702 3451 1029 3520 reSpondeas
1073 3467 1178 3505 non
1223 3452 1428 3516 laboro,
1459 3465 1581 3506 cum
1614 3451 1750 3507 mihi

175 3545 471 3612 srriptorum
505 3555 721 3603 tuorum
754 3545 1180 3602 vicissitudinem
1227 3555 1406 3601 mutua
1438 3547 1750 3617 polliceatur

173 3632 384 3691 alfcctio.
419 3635 580 3691 Vale.

732 3729 953 3788 EPIST.
1009 3730 1178 3787 XXV.

635 3835 941 3878 SYIIACBIIS
969 3839 1251 3879 IAGNIILO.

229 3919 421 3972 Parens
461 3930 599 3972 sana
633 3925 737 3984 est,
777 3927 831 3972 et
859 3917 924 3972 ad
961 3918 1266 3987 patientiam
1297 3918 1498 3980 doloris
1524 3922 1747 3980 adduci-

169 4015 257 4060 tur.
287 4007 466 4075 ραιτο
513 4007 654 4063 hanc
682 4019 889 4077 partem
928 4023 1174 4064 curarum
1216 4012 1451 4084 depone,
1487 4023 1750 4072 mentem-

166 4113 254 4163 σιιια
290 4099 356 4152 δά
385 4099 612 4155 meum“
639 4115 927 4166 compone.
956 4103 1111 4164 Certe
1151 4107 1192 4162 si
1221 4107 1424 4176 aliquid
1463 4107 1531 4162 ab
1571 4121 1631 4162 re
1658 4115 1745 4162 tua

162 4197 245 4251 otii
267 4208 370 4263 est,
398 4201 602 4256 nostris
635 4200 860 4271 negotiis
883 4199 1208 4270 diligentiam
1230 4199 1447 4268 dignare
1470 4207 1741 4267 praestare,

167 4297 217 4343 ut
237 4304 414 4358 opera:
449 4290 522 4344 sit
555 4291 780 4359 pretium
809 4290 948 4360 quod
991 4291 1042 4344 in
1083 4299 1331 4346 exactore
1369 4288 1631 4344 mittendo
1661 4289 1746 4343 lit-

166 4379 280 4436 teris
301 4390 355 4436 et
381 4381 608 4436 monitis
631 4381 734 4435 tuis
756 4380 1012 4435 satisfeci.
1038 4379 1186 4436 Vale.

709 4482 946 4546 'EPIST.
986 4489 1173 4546 XXVI.

625 4597 935 4638 εγωιιιωιυε
989 4598 1276 4638 ιιλοκιιιο.

223 4691 380 4748 Multa
408 4694 650 4760 Oceano,
681 4705 738 4749 ut
764 4695 1083 4764 recordaris,
1113 4706 1166 4750 et
1187 4693 1401 4760 litteris,
1428 4703 1482 4749 et
1505 4708 1753 4750 commo-

166 4784 364 4841 nitoriis
396 4786 668 4857 implenda
719 4788 1120 4855 mandavimus;
1151 4789 1345 4857 quibus
1386 4786 1744 4858 exsequendis

163 4890 251 4941 par
276 4888 402 4932 esse
434 4893 539 4932 non
567 4880 784 4948 poterit,
810 4879 909 4934 nisi
939 4888 1031 4934 tuo
1060 4880 1286 4948 impulsu
1311 4889 1368 4935 et
1410 4881 1625 4936 monitis
1654 4896 1744 4935 ur-

164 4978 357 5032 geatur.
392 4968 525 5034 Quae
544 4983 668 5025 cum
696 4970 749 5024 in
775 4969 1022 5025 effectum
1047 4979 1098 5026 te
1114 4971 1335 5040 iuvante
1361 4971 1742 5040 processerint,

160 5073 337 5123 quae
360 5069 423 5114 ut
452 5060 650 5115 indicio
671 5061 1073 5130 perscriptionis
1097 5063 1550 5133 exspectationem
1567 5078 1742 5119 meam

159 5164 258 5204 non
286 5152 525 5222 graveris
545 5153 834 5208 instruere.
860 5152 1008 5210 Vale.

712 5264 931 5320 EPIST.
975 5263 1186 5319 XXVII.

631 5369 936 5412 δικιηοιιῐιε
973 5370 1253 5411 κλςκιιιιο.

222 5465 476 5521 Numidae
494 5467 773 5522 familiaris
801 5469 966 5522 nostri
993 5468 1259 5540 adxentus
1289 5467 1427 5523 haud
1455 5467 1742 5524 mediocri-

154 5564 225 5610 ter
253 5555 388 5611 mihi
419 5558 614 5627 gaudio
644 5557 761 5613 fuit.
787 5559 934 5614 Ilanc
956 5559 1192 5614 la-titiam
1217 5567 1338 5614 tuus
1364 5574 1544 5616 sermo
1572 5561 1739 5630 gemi-

154 5647 310 5702 navit.
344 5648 567 5704 Duobus
596 5651 755 5720 igitur
780 5665 808 5704 a
839 5657 891 5705 te
919 5650 1232 5706 muneribus
1244 5651 1486 5719 affectus,
1511 5654 1740 5710 amicum

151 5736 238 5795 ubi
267 5753 402 5800 cum
434 5738 693 5800 iitteraria
720 5742 1040 5800 salutatione
1069 5743 1314 5800 restituo.
1350 5743 1499 5801 Vale.

1863 1876 2154 1941 solverem,
2185 1886 2240 1933 et
2269 1877 2345 1932 illi
2373 1879 2858 1936 commendationis
2886 1881 3085 1952 aliquid
3113 1884 3449 1941 exhiberem.

1862 1969 2056 2035 Quaeso
2079 1969 2236 2038 igitur
2266 1980 2340 2037 te,
2367 1981 2424 2025 ut
2452 1981 2505 2026 et
2533 1972 2668 2028 meis
2697 1972 2888 2029 litteris
2909 1974 3224 2032 vicissitudo
3259 1977 3453 2035 redda-

1863 2071 2052 2129 tur,‘et
2076 2064 2148 2118 illi
2181 2063 2423 2120 defensio
2452 2067 2604 2136 plena
2634 2068 2931 2137 proveniat.
2966 2067 3113 2125 Vale.

2438 2200 2656 2258 EPIST.
2699 2201 2872 2258 XXX.

2336 2305 2648 2347 SYHMACIIUS
2683 2309 2971 2351 κλοιιιιιο.

1931 2379 2179 2435 Proxime
2200 2381 2412 2452 quidem
2447 2383 2581 2437 urbe
2625 2383 2894 2454 digressus
2923 2400 3000 2440 es.
3054 2385 3161 2442 Sed
3200 2401 3301 2456 ego
3339 2387 3450 2458 jam

1859 2471 2008 2542 quasi
2040 2473 2338 2526 inveterato
2368 2474 2444 2528 tui
2484 2473 2754 2530 desiderio
2785 2491 2980 2530 novum
3010 2477 3224 2548 aliquod
3261 2494 3453 2533 munus

1857 2564 2147 2620 convenire
2190 2565 2435 2632 credens,
2479 2567 2716 2622 officium
2764 2569 3032 2625 scribendi
3082 2573 3307 2639 arripui.
3355 2588 3453 2628 nec

1859 2663 2172 2724 exspectato
2202 2656 2414 2721 ordine,
2438 2673 2537 2712 nec
2563 2674 2712 2714 more
2729 2669 2959 2726 servato,
2988 2662 3076 2731 qui
3105 2663 3244 2718 solet
3264 2663 3452 2718 amicis

1859 2762 1980 2803 esse
2006 2763 2103 2818 pro
2127 2748 2264 2816 lege,
2286 2758 2342 2803 ut
2372 2765 2609 2821 pcrargre
2631 2751 2789 2809 locati
2819 2756 2967 2822 prius
2995 2755 3229 2808 tribuant
3255 2755 3449 2823 scripta

1858 2851 2018 2906 quam
2049 2847 2284 2892 sumant.
2321 2839 2384 2892 Et
2413 2854 2597 2894 revera
2621 2839 2836 2896 affectio
2857 2842 3034 2896 omnis
3059 2842 3344 2909 impatiens
3369 2853 3451 2898 est

1855 2930 2016 2985 etiam
2061 2930 2220 2999 justac
2249 2945 2312 2986 ac
2358 2932 2614 3000 legitimae
2654 2933 2937 2988 tarditatis.
2991 2935 3126 3004 Rupi
3157 2950 3285 3004 ergo
3321 2950 3451 2990 Con—

1855 3021 2192 3078 suetudinem
2222 3022 2478 3093 religione
2500 3024 2724 3092 majore,
2754 3041 2912 3093 quam
2941 3027 2984 3079 si
3009 3041 3226 3080 servare
3249 3027 3450 3080 voluis—

1779 3144 1824 3208 ο
1856 3125 1991 3166 sem.
2023 3112 2152 3178 Qu.c
2181 3127 2268 3168 res
2295 3113 2340 3167 si
2371 3113 2466 3168 tibi
2494 3123 2642 3184 grata
2678 3125 2792 3179 eSI,
2836 3123 2890 3169 et
2932 3116 3062 3170 mihi
3094 3115 3248 3171 fenus
3298 3116 3448 3170 solve

1858 3202 2137 3272 colloquii,
2168 3211 2223 3258 et
2249 3204 2503 3274 perlaturi
2528 3205 2708 3259 talium
2737 3206 3030 3260 litterarum
3063 3205 3327 3272 benignus
3357 3223 3446 3260 ar-

1855 3295 1992 3350 ride.
2022 3295 2116 3349 Cui
2137 3305 2194 3350 ut
2216 3296 2349 3351 nihil
2375 3298 2541 3368 magis
2568 3300 2711 3367 potui
2743 3309 2997 3368 prmstare
3027 3315 3184 3370 quam
3210 3300 3442 3368 litteras,

1854 3387 1926 3442 ita
1955 3387 2087 3444 nihil
2117 3391 2319 3458 poteris
2345 3391 2464 3460 plus
2495 3391 2726 3446 tribucre
2747 3408 2906 3461 quam
2932 3392 3190 3448 favorem.
3221 3392 3372 3448 Vale.

2433 3503 2646 3559 EPIST.
2679 3504 2875 3559 XXXI.

2332 3610 2640 3650 SYMIACIIIIS
2678 3613 2963 3653 llAGNILLO.

1922 3685 2279 3757 Propinquam
2323 3687 2495 3742 sancti
2535 3688 2870 3758 Asclepiadis
2902 3688 3207 3758 philosophi
3239 3689 3443 3759 absque

1848 3775 2044 3833 litteris
2072 3781 2209 3832 meis
2258 3779 2409 3834 abire
2440 3793 2536 3848 par
2564 3794 2669 3834 non
2723 3779 2840 3834 fuit.
2891 3779 3022 3834 Nam
3057 3779 3200 3833 illius
3251 3781 3440 3834 merita

1849 3877 2235 3938 poposcerunt,
2273 3878 2332 3924 ut
2354 3870 2420 3923 ad
2448 3886 2628 3925 curam
2655 3871 2901 3939 praeclari
2926 3872 3022 3926 viri
3048 3873 3323 3939 pertinens
3349 3881 3440 3925 tuo

1847 3959 2151 4029 patrocinio
2183 3960 2505 4016 traderetur.
2535 3961 2640 4016 Pro
2681 3977 2783 4031 qua
2816 3977 2920 4016 non
2952 3961 3182 4015 arbitror
3228 3961 3436 4017 ambitu

1849 4051 2022 4120 longae
2071 4051 2330 4106 orationis
2381 4052 2671 4119 utendum,
2724 4067 2844 4105 cum
2884 4066 3002 4106 cam
3054 4051 3436 4104 humanitatem

1847 4149 1953 4198 tute
1982 4143 2360 4212 contemplatio
2411 4143 2646 4213 parentis
2683 4143 2799 4198 sine
2833 4143 3150 4213 cujusquam
3181 4142 3438 4211 petitione

1845 4234 2170 4290 commodat.
2208 4234 2356 4289 Vale.

2407 4302 2620 4359 EPIST.
2661 4304 2875 4359 XXXII.

2317 4407 2633 4448 SYIIIACIIUS
2678 4407 2963 4448 IAGNILLO.

1768 4507 1826 4571 D
1916 4484 2102 4540 Taedet
2129 4482 2382 4556 pigetque
2403 4486 2513 4554 jam
2536 4485 2793 4541 scribere.
2837 4485 3122 4554 Quousque
3141 4485 3283 4541 enim
3310 4485 3434 4557 styli

1845 4576 2080 4647 imagine
2125 4575 2514 4646 jucunditatem
2585 4577 2692 4631 vivi
2742 4579 3011 4631 strmoois
3063 4577 3435 4634 imitabimur?

1843 4666 1981 4732 Quid
2009 4666 2151 4737 quod
2181 4666 2342 4721 etiam
2390 4666 2624 4720 felicitas
2655 4667 2884 4736 publica,
2918 4676 2972 4721 et
3015 4681 3114 4735 pax
3135 4667 3280 4722 orbis
3311 4668 3435 4721 hor-

1844 4765 1984 4811 tatur
2013 4766 2068 4811 ut
2115 4757 2279 4811 larem
2320 4757 2584 4826 repetas?
2630 4758 2745 4825 Qua
2789 4759 2842 4812 in
2874 4773 2932 4813 re
2965 4757 3060 4812 tibi
3102 4769 3435 4829 opportunus

1845 4847 2090 4901 incentor
2134 4845 2300 4902 frater
2330 4855 2513 4902 noster
2546 4847 2838 4902 Pontianus
2881 4849 3122 4916 accedet,
3167 4851 3430 4908 bonorum

1849 4935 2014 5005 petitu
2058 4937 2277 4991 sortitus
2327 4936 2463 4991 hanc
2502 4951 2760 5005 operam;
2809 4947 2866 4992 ut
2899 4939 2990 4994 tibi
3027 4940 3095 4994 ob
3145 4955 3257 4995 rem
3303 4957 3436 4995 uxo-

1851 5027 1986 5081 riam
2013 5027 2337 5094 demoranti,
2369 5027 2699 5084 desiderium
2725 5031 3026 5086 revisendu:
3058 5031 3215 5090 Urbis
3242 5033 3436 5090 admo-

1852 5128 1996 5173 veat.
2029 5119 2180 5176 Vale.

2395 5189 2608 5246 EPIST.
2650 5189 2889 5245 XXXIII.

2333 5292 2636 5335 δῑυιιλοῐιυς
2681 5295 2964 5336 ιιιιοκιιιο.

1917 5370 2053 5426 Nolo
2076 5385 2296 5440 puerum
2319 5373 2621 5427 crimineris
2643 5373 2711 5427 ob
2733 5373 2960 5428 reditum
2982 5376 3288 5430 tardiorem.
3315 5376 3427 5430 Mea

1842 5461 2179 5516 conturbatio
2208 5477 2306 5531 pro
2348 5461 2699 5532 Symmacho,
2753 5480 2927 5534 neque
2976 5466 3039 5519 ad
3090 5466 3428 5522 scribendum

1846 5562 2056 5622 tempus
2077 5553 2312 5620 invenit,
2336 5561 2388 5608 et
2417 5569 2693 5608 recursum
2726 5555 2980 5610 tabellarii
3005 5570 3172 5624 usque
3195 5554 3259 5608 ad
3278 5570 3428 5622 spem

1845 5651 2042 5707 bonam
2075 5648 2303 5705 distulit.
2346 5649 2498 5706 Nunc
2521 5651 2646 5720 quia
2675 5650 2972 5719 periculum
2997 5650 3112 5719 cjns
3138 5649 3188 5704 in
3217 5650 3430 5718 aegritu-

1846 5743 2026 5799 dinem
2051 5741 2231 5806 vertit,
2267 5740 2366 5799 huc
2404 5741 2576 5813 ipsum
2613 5740 2757 5811 loqui
2788 5739 2926 5809 apud
2960 5749 3009 5795 tc
3041 5739 3204 5795 licuit.
3247 5738 3428 5798 Faciet
