4074 6176
596 337 696 395 Ξῖὶ

1766 343 1831 411 Q.
1876 343 2216 403 sunmus
2254 328 2697 408 svttuacuus.

3751 356 3852 414 ἓξὲξ

597 450 772 503 divina
818 450 1114 515 miseratio,
1143 466 1259 523 qua:
1291 451 1404 521 pias
1434 439 1596 507 aures
1634 454 1867 524 applicat
1905 457 2046 512 votis
2084 472 2177 528 pa-
2203 467 2256 525 Α
2285 470 2540 529 pervetus
2563 462 2824 517 debitum.
2846 459 3164 520 Jamdudum
3195 461 3336 518 enim
3359 456 3624 532 Rempub.
3652 446 3851 523 virtuti-

599 550 828 608 rentnm,
864 554 918 596 ut
949 543 1041 596 tibi
1069 557 1195 597 mox
1226 544 1424 612 denuo,
1451 546 1593 615 quod
1620 545 1771 616 juvet
1799 546 2061 617 animum,
2091 566 2182 605 se-

601 635 797 688 curitas
826 649 945 689 mea
974 634 1198 689 nutttiet.
1223 634 1372 690 Vale.

1145 724 1361 782 EPIST.
1405 727 1645 801 XXXIV.

1026 833 1334 874 SYMNACIIUS
1375 835 1755 876 HEPIIESTIONI.

676 909 866 966 Votum
891 911 1020 966 mihi
1045 927 1149 966 non
1182 912 1351 966 defuit
1379 914 1589 970 itineris
1614 914 1878 979 ordiendi,
1910 915 2004 972 sed
2036 916 2185 972 tarda

599 1002 846 1056 evocatio
883 1003 1231 1070 perveniendi
1274 1013 1486 1074 tempus
1535 1007 1780 1061 arctavit.
1843 1009 2019 1078 Atque
2067 1005 2188 1063 ideo

600 1093 955 1148 vt-retundius
986 1094 1156 1148 visum
1190 1103 1273 1150 est
1321 1096 1531 1150 veniam
1571 1112 1816 1166 poscere,
1857 1114 2017 1168 quam
2063 1115 2185 1168 per-

599 1193 720 1236 arto
760 1184 996 1238 consulis
1029 1184 1209 1240 ofﬁcio
1259 1187 1567 1255 pervenire.
1597 1189 1773 1257 Super
1801 1188 1902 1245 hoc
1945 1191 2191 1260 plenissi-

603 1291 716 1333 mas
745 1286 798 1333 et
818 1279 885 1333 ad
918 1279 983 1333 Ι).
1019 1278 1084 1334 Ν.
1110 1281 1591 1338 clementissimum
1627 1286 1921 1356 principem
1947 1287 2056 1353 jam
2088 1288 2192 1339 du-

602 1373 728 1424 dum
761 1371 965 1428 litteras
990 1373 1134 1436 dedi,
1165 1384 1220 1430 et
1251 1376 1316 1430 ad
1341 1387 1588 1443 caeteros,
1616 1379 1705 1449 qui
1750 1395 1836 1434 me
1876 1381 2066 1434 adesse
2101 1396 2192 1434 vu-

605 1465 848 1529 luerunt;
875 1481 1010 1533 quas
1027 1467 1187 1522 etiam
1221 1485 1360 1525 nunc
1393 1471 1584 1528 Festus
1615 1487 1779 1544 agens
1807 1473 1858 1527 in
1884 1474 2042 1529 rebus
2070 1489 2194 1544 pro-

607 1555 882 1610 ficiscendi
911 1559 1252 1614 cunctatione
1277 1571 1596 1616 remoratur.
1637 1563 1705 1618 Et
1739 1565 1858 1634 quia
1892 1575 2080 1620 Vereor
2126 1581 2194 1621 ne

605 1653 694 1698 aut
741 1646 940 1701 lateant
967 1637 1256 1718 suppressa
1285 1667 1404 1721 qua:
1448 1654 1660 1724 scripsi,
1700 1665 1790 1710 aut
1833 1671 1927 1726 per
1968 1657 2194 1711 mutulos

605 1731 838 1792 resoluta
880 1738 1162 1808 vitientur,
1204 1745 1491 1800 consilium
1527 1746 1625 1801 fuit
1655 1757 1712 1800 tit
1736 1748 1801 1803 ad
1841 1757 1892 1803 te
1918 1749 2192 1804 dominum

2287 554 2388 609 bus
2413 555 2695 625 obligasti:
2724 571 2844 622 quae
2869 564 3020 610 nacta
3044 553 3239 610 divina:
3267 555 3390 612 ﬁdei
3419 548 3731 628 principem,
3761 564 3850 618 sibi

2285 646 2678 714 quodammodo
2706 646 3064 711 consulatuum,
3096 662 3253 716 quem
3287 647 3380 702 tibi
3407 648 3666 714 solveret,
3703 651 3853 720 impe-

2290 739 2462 792 travit.
2498 739 2575 792 Ad
2601 738 2757 808 hujus
2779 737 3144 793 celebritatem
3167 748 3293 793 voto
3309 739 3472 795 alacri
3492 743 3852 808 cucurriss'em,

2289 830 2391 886 nisi
2421 829 2728 900 diplomatis
2781 831 2920 886 sacri
2955 829 3102 885 tarda
3140 830 3368 900 perlatio
3403 841 3663 887 arctasset
3707 834 3859 889 inter-

2290 921 2487 975 vallum
2519 922 2747 976 dierum.
2792 919 3035 976 Accessit
3063 919 3271 991 hycmis
3306 923 3709 992 contemplatio,
3752 940 3861 994 quae

2291 1025 2486 1080 magno
2530 1010 2752 1082 frigore,
2783 1021 2839 1068 et
2862 1010 3114 1067 brevibus
3160 1011 3297 1067 lucis
3342 1012 3490 1068 horis
3522 1021 3756 1069 moratur
3778 1031 3863 1070 ex-

2291 1110 2501 1157 eursus.
2534 1102 2683 1158 Meus
2714 1108 2890 1157 tamen
2931 1102 3166 1168 animus,
3204 1117 3380 1157 meum
3411 1103 3658 1173 gaudium
3699 1116 3862 1160 tecum

2292 1204 2394 1248 est.
2436 1189 2547 1264 Ego
2587 1194 2734 1249 solus
2773 1194 2958 1250 dolere
2979 1193 3153 1250 debeo
3178 1196 3318 1265 quod
3368 1195 3498 1251 mihi
3540 1206 3743 1251 tantum
3779 1199 3866 1254 bu-

2295 1297 2420 1339 num
2451 1299 2605 1340 casus
2649 1282 2917 1341 inviderit.
2955 1282 3073 1341 Tibi
3119 1295 3173 1342 et
3207 1287 3550 1357 praesentium
3591 1290 3868 1347 satisfaciet

2297 1393 2570 1446 numerus,
2601 1389 2655 1434 et
2674 1377 2852 1435 cultus
2879 1381 3202 1436 absentium.
3227 1380 3377 1438 Vale.

2837 1469 3051 1528 EPIST.
3094 1471 3335 1529 XXXIX.

2781 1576 3092 1620 SVSIMACHUS
3130 1579 3416 1622 NEOTERIO.

2312 1659 2316 1662 ‘
2371 1649 2570 1709 Amicis
2591 1653 2734 1726 justa
2763 1656 3104 1725 cupientibus
3133 1657 3250 1712 usui
3279 1673 3401 1715 esse
3441 1655 3721 1726 debemus,
3748 1671 3867 1730 prae.

2298 1747 2453 1813 cipue
2479 1746 2631 1802 fratri
2674 1759 2855 1803 nostro
2882 1735 3212 1815 Alexandro,
3241 1768 3400 1824 quem
3437 1755 3640 1824 judicio
3686 1759 3870 1827 proba.

602 1825 655 1882 et
684 1829 902 1887 fratrem
932 1848 1108 1889 meum
1139 1837 1463 1905 exemplaria
1492 1840 1672 1894 omnia
1696 1839 2050 1897 mitteremus.
2073 1843 2187 1896 Erit
2221 1842 2266 1902 Β
2294 1854 2411 1894 mus
2437 1849 2491 1895 et
2527 1853 2712 1896 amore
2735 1843 3164 1911 complectimur.
3200 1844 3354 1900 Hunc
3383 1847 3509 1902 licet
3539 1849 3753 1905 noveris
3788 1852 3870 1904 ho-

605 1932 706 1974 tuze
745 1923 885 1978 circa
915 1941 1000 1980 me
1039 1926 1341 1983 affectionis
1367 1928 1435 1984 de
1463 1931 1700 1984 omnium
1732 1947 1912 1986 rerum
1952 1935 2054 1987 fide
2069 1933 2188 2015 {ate

603 2014 860 2072 scribere.
903 2017 1218 2075 Reddantur
1245 2021 1406 2076 etiam
1445 2022 1594 2078 vobis
1624 2023 1880 2080 chartula:
1909 2041 2066 2081 curas
2092 2014 2190 2081 do-

606 2111 855 2166 mesticas
895 2114 1266 2182 continentes,
1321 2117 1516 2188 quibus
1574 2118 1814 2174 decursis
1858 2119 2194 2176 aestimabitis

607 2201 730 2268 quid
760 2203 1023 2258 bonorum
1056 2214 1357 2276 temporum
1383 2207 1593 2276 justitia
1633 2215 1690 2264 et
1731 2207 1871 2263 fama
1899 2208 2189 2266 desideret.

608 2293 759 2350 Vale.
2109 2295 2114 2299 ’

620 2406 621 2409 η
1167 2369 1385 2426 EPIST.
1428 2371 1647 2428 XXXV.

1029 2475 1338 2518 BYIIACBUS
1367 2480 1752 2523 HEPIIES'I'IONI.

675 2545 986 2618 Sequuntur
1013 2552 1291 2609 abcessum
1323 2563 1469 2610 tututt
1517 2556 1870 2611 litteratorum
1901 2557 2192 2624 cohortes;

603 2648 659 2694 et
679 2649 737 2694 ut
763 2641 938 2698 solent
969 2644 1206 2699 Athenas
1228 2646 1431 2701 Atticas
1463 2648 1738 2717 reliquave
1778 2651 2050 2720 gymnasia
2077 2650 2193 2704 Mu-

601 2746 782 2787 sarum
805 2742 1021 2802 petere;
1053 2737 1127 2791 ita
1159 2739 1615 2810 peregrinationes
1646 2750 1767 2796 tuas
1795 2742 2064 2798 desiderio
2087 2753 2196 2798 tra-

603 2822 765 2880 hente
799 2826 1142 2885 comitantur.
1183 2829 1292 2885 Nec
1332 2831 1450 2897 tibi,
1481 2841 1541 2886 ut
1583 2833 1815 2900 animo,
1859 2834 2062 2890 militia;
2100 2834 2196 2889 sti-

601 2916 813 2982 pendiis
838 2917 1101 2986 afﬂuenti,
1139 2922 1434 2978 amicorum
1474 2932 1774 2981 conventus
1801 2939 2065 2982 onerosus
2086 2937 2189 2982 est.

604 3002 772 3061 Pasce
804 3007 962 3076 igitur
995 3011 1234 3066 eruditos
1267 3013 1541 3085 dignitatis
1580 3025 1685 3070 tuae
1722 3018 1913 3086 copiis,
1943 3026 2000 3073 et
2035 3034 2194 3089 spera

601 3098 778 3161 plures
818 3100 909 3174 tibi
961 3101 1200 3171 hospites
1248 3120 1310 3158 ac
1353 3117 1524 3162 tutum
1573 3107 1874 3177 adfuturos,
1908 3120 2190 3181 postquam

601 3187 855 3244 Romam:
891 3187 1185 3260 juventutis
1215 3199 1487 3266 magistris
1525 3201 1764 3256 subsidia
1811 3203 2068 3260 solemnis
2094 3206 2192 3260 alid
2219 3207 2264 3270 C

600 3281 793 3334 υιοηίω
820 3282 1057 3338 detracta
1087 3295 1230 3341 sunt.
1257 3287 1407 3344 Vale.

1147 3377 1358 3435 EPIST.
1401 3380 1643 3438 XXXVI.

1025 3482 1339 3526 8YMMACIIUS
1374 3489 1762 3532 HEI’HBSTIONI.

670 3555 896 3628 Egrttm
939 3562 1190 3628 proxime
1226 3563 1462 3620 animum
1512 3574 1659 3621 tuum
1712 3569 2008 3624 litterarum
2057 3587 2194 3641 quas

599 3651 825 3703 miseras
860 3651 1089 3708 lectione
1119 3657 1384 3725 cognovi,
1418 3660 1752 3731 multumque
1793 3664 2015 3722 miratus
2046 3667 2192 3723 inter

596 3742 1069 3808 coniunctissimos
1118 3746 1390 3804 fortuitam
1427 3751 1606 3807 subito
1655 3754 1942 3811 emersisse
1979 3757 2189 3815 discor-

596 3832 770 3899 diam;
795 3833 1070 3892 dominum
1096 3847 1150 3894 et
1175 3837 1395 3896 fratrem
1419 3856 1596 3898 meum
1631 3844 1908 3902 obsecravi
1940 3863 2008 3903 ne
2035 3863 2066 3904 a
2091 3864 2192 3905 suo

597 3938 748 3980 more
790 3925 1099 3986 dissentiat.
1133 3930 1212 3988 Te
1240 3948 1370 3988 vero
1415 3949 1522 3989 non
1568 3952 1689 3992 meo
1725 3945 1955 4004 tantum,
2003 3956 2189 3996 verum

596 4019 759 4076 etiam
784 4031 876 4076 tuo
907 4025 1124 4080 nomine
1148 4041 1279 4095 rogo
1308 4037 1365 4082 ιιι
1389 4029 1602 4086 czeteris
1642 4031 1800 4087 bonis
1831 4048 2040 4088 morum
2074 4045 2194 4090 tuo-

505 4111 509 4114 ’
598 4127 738 4178 rum,
788 4113 1019 4170 similem
1071 4118 1380 4186 patientiam
1437 4132 1681 4188 praestes,
1719 4123 1968 4194 ferasque
2005 4129 2185 4182 omnia

595 4220 715 4272 quae
745 4207 886 4261 solet
912 4207 1111 4265 habere
1139 4214 1590 4283 peregrinationis
1611 4217 1870 4272 conditio.
1903 4219 2074 4289 Spero
2093 4235 2189 4276 au-

597 4307 702 4351 tem
735 4308 788 4353 et
821 4301 910 4356 lilii
940 4303 1046 4358 mei
1077 4303 1312 4360 Flaviani
1342 4308 1740 4380 conciliatione,
1773 4320 1827 4367 et
1850 4311 2065 4370 Eusebii
2089 4315 2190 4370 Ar-

595 4391 782 4447 chiatri
813 4393 1087 4454 blanditiis
1112 4400 1289 4454 omnia
1325 4415 1482 4470 posse
1504 4403 1754 4475 mitigari.
1791 4404 1942 4463 Vale.

1119 4509 1341 4568 EPIST.
1384 4513 1650 4572 XXXVII.

1035 4613 1339 4658 SYMIIACIIUS
1365 4621 1753 4664 ηενιιμῑετιοω.

615 4695 621 4700 '
671 4685 886 4741 Litterae
935 4697 1039 4742 ture
1087 4687 1348 4757 Spartana
1399 4695 1666 4753 brevitate
1715 4701 1998 4756 succincta:
2039 4711 2186 4770 sunt,

600 4775 693 4828 sed
736 4776 898 4832 rebus
940 4779 1267 4848 exuberant;
1298 4794 1352 4839 et
1393 4800 1514 4840 cum
1563 4802 1812 4845 moveant
1849 4793 1917 4846 de
1967 4794 2189 4850 raritate

599 4867 1014 4935 querimoniam,
1077 4880 1253 4927 tamen
1304 4874 1465 4930 ofﬁcii
1509 4877 1834 4946 plenitudine
1877 4884 2187 4940 memoriam

597 4960 959 5014 successionis
980 4962 1288 5020 obliterant.
1317 4966 1467 5032 Quod
1493 4969 1537 5022 si
1561 4983 1654 5025 eas
1681 4972 1871 5027 creber
1894 4987 2017 5028 usus
2038 4991 2193 5030 exer-

598 5061 748 5116 ceat;
778 5053 1102 5110 desiderium
1132 5072 1308 5113 meum
1335 5059 1456 5118 sine
1491 5062 1704 5118 fastidio
1732 5065 1991 5122 satietatis
2011 5069 2193 5137 exples

601 5144 752 5224 bunt.
775 5146 880 5200 Sed
919 5147 1080 5204 video
1109 5151 1236 5219 quid
1275 5152 1502 5210 obsistat
1536 5157 1740 5224 animo,
1775 5159 1900 5229 quid
1937 5160 2195 5229 impediat

601 5236 955 5292 voluntatem.
989 5240 1252 5298 Eusebius
1283 5254 1466 5300 noster
1496 5256 1546 5302 te
1569 5246 1763 5303 fabulis
1787 5259 1842 5305 et
1874 5251 2075 5318 poculis
2101 5252 2194 5308 de-

603 5337 864 5397 moratur.
895 5328 1064 5396 Quem
1091 5347 1217 5388 cum
1260 5334 1556 5393 reddideris
1583 5354 1727 5394 cura:
1765 5340 2039 5398 hortorum
2067 5358 2194 5399 suu-

603 5433 743 5483 rum,
779 5417 892 5474 fore
915 5419 1147 5476 arbitror
1169 5433 1226 5478 ut
1246 5426 1454 5480 animus
1487 5429 1952 5499 tuusjocularihus
1979 5435 2196 5505 ineptiis

603 5512 879 5570 absolutus
908 5513 974 5570 ad
1002 5517 1214 5586 negotia
1237 5519 1375 5574 seria
1400 5521 1726 5578 conferatur.
1758 5523 1908 5603 Vale.
1932 5538 1948 5547 ί

1127 5608 1346 5666 EPIST.
1389 5612 1680 5671 XXXVIII.

1097 5717 1404 5758 εγιηιΑειιυε
1434 5721 1716 5763 NEOTERIO.

679 5789 851 5862 Supra
883 5798 1098 5855 modum
1142 5801 1347 5872 gaudeo
1379 5801 1644 5858 rcdditmn
1675 5818 1795 5860 esse
1841 5806 2044 5863 meritis
2091 5807 2196 5864 tuis

2213 4577 2266 4637 D

2295 1947 2486 1986 norum
2514 1931 2786 1987 desiderio
2812 1947 2916 1989 non
2948 1933 3177 2004 moveri,
3202 1939 3504 1993 communis
3527 1947 3706 1996 tamen
3735 1957 3872 1998 vere.

2293 2026 2483 2082 cundia
2525 2042 2628 2082 non
2657 2027 2784 2082 sinit
2812 2028 3122 2083 testimonio
3153 2045 3344 2086 carere
3371 2031 3606 2097 militiae,
3642 2049 3767 2089 cum
3804 2036 3872 2091 illi

2295 2118 2497 2173 tribuni
2523 2133 2586 2175 ac
2615 2118 2810 2174 notarii
2847 2120 3162 2190 dignitatem
3202 2123 3454 2179 dominus
3484 2123 3874 2184 Valentinianus

2294 2209 2565 2280 Augustus
2593 2219 2719 2266 ante
2749 2212 3102 2284 irruptionem
3138 2213 3473 2284 tyrannicam
3504 2226 3698 2286 sponte
3723 2218 3874 2272 detuo

2297 2301 2435 2356 lerit.
2467 2302 2663 2369 Quaeso
2704 2303 2867 2375 igitur
2895 2313 2954 2359 ut
2982 2307 3391 2378 praerogativam
3424 2310 3561 2363 sacri
3595 2309 3877 2390 testimonii

2297 2401 2350 2449 te
2376 2396 2653 2453 annitentc
2695 2391 2986 2459 merea'tur.
3021 2399 3200 2455 Facile
3227 2409 3311 2456 est
3347 2403 3491 2457 enim
3534 2412 3593 2459 ut
3637 2408 3743 2459 sub
3782 2417 3879 2464 tatu

2297 2488 2383 2556 pio
2404 2490 2762 2559 gubernatore
2784 2491 2939 2563 Reip.
2967 2493 3264 2550 infortunia
3283 2495 3561 2552 hominum
3589 2499 3769 2555 vincat
3790 2515 3884 2555 εει

2295 2579 2402 2634 culi
2434 2583 2757 2638 humanitas.
2789 2583 2940 2639 Vale.

2907 2676 3124 2734 EPIST.
3165 2676 3278 2736 XL.

2777 2753 3093 2826 svttuitcuus
3117 2779 3405 2827 memento.

2370 2863 2720 2934 lmpatienter
2747 2869 3046 2923 amicorum
3085 2871 3237 2925 soleo
3283 2870 3519 2940 perferre
3567 2871 3879 2927 discessum.

2296 2952 2401 3008 Sed
2429 2970 2525 3011 eos
2551 2957 2642 3026 qui
2669 2957 2734 3011 ad
2769 2958 3107 3026 prasentiam
3133 2968 3279 3015 tuam
3301 2962 3485 3016 relicta
3509 2963 3639 3016 urbe
3663 2974 3880 3020 conten-

2295 3046 2430 3101 dunt
2456 3045 2522 3101 ad
2559 3064 2646 3103 me
2675 3049 2839 3105 eredo
2867 3061 3144 3106 venturos.
3177 3051 3337 3118 Quid,
3370 3052 3513 3122 quod
3552 3063 3882 3123 sequestrata

2297 3139 2582 3196 affectione
2605 3142 2816 3198 invideo
2843 3153 3016 3200 tecum
3037 3141 3263 3198 futuris?
3287 3143 3395 3201 Soli
3419 3145 3560 3200 enim
3593 3147 3730 3202 bona
3759 3159 3896 3216 pra:-

2295 3234 2482 3288 sentiaa
2511 3243 2613 3288 tum
2639 3235 2874 3304 capient,
2904 3250 3133 3306 quorum
3174 3235 3303 3291 mihi
3345 3239 3647 3292 communis
3683 3237 3884 3293 fructus

2294 3339 2416 3380 esse
2445 3326 2684 3381 deberet.
2719 3326 2790 3383 Ut
2824 3337 2882 3383 ut
2915 3337 3000 3383 est
3043 3337 3220 3384 tamen
3267 3329 3366 3384 ista
3405 3331 3663 3398 conditio,
3693 3331 3886 3387 fratres

2293 3427 2509 3474 nostros
2536 3419 2749 3475 Celsum
2781 3431 2942 3491 atque
2971 3423 3248 3477 Ticianum
3274 3421 3579 3493 probabiles
3603 3423 3754 3479 viros
3783 3441 3886 3479 non

2294 3509 2495 3566 invitus
2524 3511 2705 3576 emisi,
2732 3522 2912 3568 certus
2951 3514 3152 3583 aliquid
3179 3514 3246 3569 ad
3279 3528 3376 3569 nos
3404 3529 3473 3569 ex
3507 3514 3698 3570 fabulis
3725 3525 3890 3586 atque

2292 3602 2501 3657 actibus
2523 3606 2628 3657 tuis
2659 3617 2844 3658 eorum
2886 3604 3146 3660 relatione
3177 3607 3492 3661 rediturum.
3519 3606 3664 3674 Quos
3687 3615 3748 3661 ut
3779 3623 3890 3661 ma-

2231 3749 2236 3752 ,
2293 3701 2411 3749 ture
2447 3694 2577 3750 Urbi
2605 3694 2906 3764 studiisque
2935 3697 3185 3751 restituas
3215 3697 3449 3752 vicissim
3479 3699 3712 3769 postulo.
3755 3699 3888 3754 Nam

2291 3783 2336 3836 si
2366 3783 2505 3854 apud
2534 3795 2587 3840 te
2617 3787 2758 3841 hanc
2792 3786 3108 3856 petitionem
3136 3787 3489 3857 dissimulem,
3523 3790 3747 3846 videbor
3791 3805 3887 3846 eo-

2292 3892 2408 3931 rum
2446 3878 2932 3948 pereg'rinationem
2957 3896 3064 3935 non
3107 3891 3210 3935 tute
3240 3881 3497 3938 detulisse
3539 3887 3887 3950 reverentiae,

2291 3965 2385 4022 sed
2413 3982 2532 4024 meo
2562 3969 2879 4039 prmatitisse
2906 3968 3141 4026 fastidio.
3177 3970 3326 4028 Vale.

2889 4060 3109 4116 EPIST.
3151 4061 3288 4117 XLI.

2777 4166 3088 4209 svuuacuus
3119 4157 3405 4210 NEOTERIO.
3482 4218 3483 4221 η

2363 4241 2497 4297 Cum
2539 4243 2706 4298 sciam
2746 4251 2799 4299 te
2845 4246 3026 4300 animo
3058 4245 3326 4317 placabili,
3373 4248 3550 4318 recepi
3589 4260 3684 4313 pro
3710 4249 3892 4304 amico

2289 4351 2509 4404 cperam
2539 4336 2712 4392 venia:
2756 4339 3112 4408 postulandae.
3143 4339 3329 4408 Neque
3366 4342 3509 4396 enim
3555 4342 3633 4396 sic
3670 4355 3697 4394 a
3738 4349 3893 4396 rec-to

2289 4429 2433 4484 devii
2460 4445 2665 4495 sumus,
2706 4439 2765 4484 ut
2798 4440 2850 4486 te
2882 4446 3112 4499 unquam
3157 4439 3361 4488 temere
3397 4433 3601 4488 moveri
3643 4433 3890 4503 suspice-

2299 4539 2438 4578 mur.
2489 4521 2582 4576 Vir
2617 4522 2945 4578 clarissimus
2990 4523 3270 4592 Epictetus
3301 4524 3694 4580 causidicorum
3735 4540 3894 4579 more

2294 4615 2606 4683 prolapsus,
2633 4613 2761 4668 dum
2785 4614 2904 4669 vult
2920 4615 3213 4685 impensius
3236 4617 3446 4686 placere
3468 4628 3740 4686 suscepto,
3757 4631 3890 4671 san-

2293 4715 2437 4760 ctum
2469 4703 2736 4760 Sabinum
2751 4707 3031 4776 probatum
3054 4708 3306 4762 onmibns
3329 4707 3506 4776 bonis,
3537 4708 3752 4763 incauto
3772 4722 3893 4763 ser-

2294 4809 2455 4853 mone
2495 4798 2836 4867 perstrinxit.
2895 4799 2966 4854 Ea
3007 4815 3096 4854 res
3136 4799 3375 4854 omnium
3416 4806 3654 4855 vestrum
3696 4800 3894 4868 quibus

2298 4891 2390 4944 ille
2410 4904 2556 4944 curae
2579 4901 2661 4944 est
2687 4893 2898 4946 animos
2918 4891 3155 4946 creditur
3172 4879 3542 4961 exasperasse.
3569 4891 3678 4947 Nec
3701 4893 3896 4947 immev

2295 4981 2418 5036 rlto.
2449 4981 2684 5049 Querela
2727 4984 2952 5038 rectoris
2987 4982 3147 5037 etiam
3192 4983 3542 5051 praetorianas
3570 4983 3714 5038 acuit
3740 4992 3900 5051 pote-

2225 5113 2240 5128 .
2299 5084 2492 5130 states.
2527 5074 2665 5141 Quid
2709 5075 2909 5130 multa?
2940 5075 3214 5144 Epictetus
3239 5083 3377 5144 togae
3421 5074 3650 5130 forensis
3685 5073 3902 5130 honore

2298 5166 2538 5236 privatus
2564 5175 2664 5232 est,
2701 5166 2958 5236 plurimis
2982 5167 3370 5235 praeferendus,
3402 5167 3490 5236 qui
3523 5165 3677 5220 firmo
3706 5174 3900 5235 patro-

2298 5257 2442 5311 ciuio
2478 5266 2860 5327 proteguntur.
2899 5257 3052 5312 Nunc
3089 5260 3178 5314 illa
3223 5257 3498 5314 clientium
3541 5256 3694 5311 turba
3733 5256 3903 5312 unius

2300 5346 2524 5403 fortuito
2549 5347 2724 5404 errori
2754 5348 2998 5403 insultat.
3029 5348 3178 5415 Quod
3205 5364 3270 5405 ne
3291 5348 3380 5404 diu
3408 5355 3623 5403 maneat
3648 5358 3732 5401 tua
3756 5362 3904 5416 prm-

2305 5441 2477 5496 stahit
2503 5440 2826 5496 humanitas.
2855 5439 3000 5497 Satis
3029 5441 3210 5495 datum
3244 5444 3334 5496 est‘
3366 5439 3713 5496 correctioni.
3741 5436 3906 5492 Nunc

2305 5532 2574 5602 ingenium
2609 5543 2756 5586 tuum
2805 5533 3034 5602 respice.
3079 5531 3213 5586 Illud
3260 5546 3423 5586 causa
3469 5525 3747 5591 meruerit,
3791 5525 3906 5582 hoc

2307 5623 2483 5678 tribue
2513 5621 2744 5678 lenitati.
2775 5621 2901 5678 Scio
2930 5623 3188 5678 illustrem
3220 5623 3394 5677 virum
3427 5620 3732 5693 prtefcctum
3763 5634 3909 5687 pra:-

2305 5714 2444 5768 torio
2476 5714 2557 5768 his
2586 5729 2800 5784 quoque
2829 5714 3023 5770 litteris
3051 5717 3154 5769 tuis
3179 5723 3423 5784 prompte
3452 5727 3748 5768 cessurum.
3781 5707 3910 5765 Erit

2307 5809 2399 5864 tibi
2432 5807 2704 5880 Epictetus
2738 5825 2786 5866 v.
2817 5822 2867 5866 c.
2897 5809 3060 5866 etiam
3095 5806 3491 5866 emendationis
3517 5821 3626 5864 sua:
3659 5801 3904 5870 debitor,
