4046 6170
165 353 260 410 153

1369 345 1848 404 EPISTULAIIUM
1887 346 2089 402 LIBER
2139 349 2203 403 V.

3314 355 3419 412 254

164 481 306 538 quem
339 464 500 535 paulo
528 471 656 519 ante
678 461 1034 522 inconsultum
1062 460 1264 516 fecerat
1301 460 1594 530 impunitas
1620 472 1733 515 ma.
1763 461 1814 520 Α
1841 461 1906 515 ad
1929 464 2079 530 cujus
2107 461 2340 516 ofﬁciunt
2371 470 2420 518 te
2452 470 2676 534 tuosque
2710 479 2860 522 amor
2884 464 3183 523 communis
3206 465 3421 526 invitat.

163 575 252 634 gna
281 559 639 630 peccantium.
666 556 820 610 Vale.
927 572 948 594 ο

739 643 957 701 EPIST.
999 644 1156 699 XLII.

609 753 924 795 ετιιιιλειιυς
949 751 1235 792 αεοτειιιο.

225 859 501 915 Placuisse
544 855 747 927 judicio
776 866 871 909 tuo
899 855 1131 909 amicum
1173 865 1350 906 meum
1393 847 1737 904 Drinnacium

165 953 285 1010 satis
317 951 557 1022 gaudeo.
587 949 718 1004 Nam
755 947 886 1002 mihi
927 960 1144 1017 quoque
1178 943 1469 1014 plurimum
1519 941 1740 995 honoris

164 1043 382 1107 accedit.
410 1040 624 1113 quoties
652 1039 918 1095 sententia
951 1046 1137 1093 nostra
1166 1033 1478 1092 concordat.
1513 1032 1740 1086 Fruetttr

164 1136 311 1204 igitur
337 1134 618 1189 uberrimo
649 1129 968 1185 innocentia:
987 1143 1099 1183 suae
1120 1128 1318 1191 fructu,
1342 1125 1470 1180 mihi
1503 1124 1742 1179 honestis

163 1243 310 1281 carus
333 1226 552 1292 ofﬁciis,
575 1223 667 1278 tibi
688 1223 845 1294 iustis
864 1220 1093 1292 negotiis
1107 1218 1456 1289 approbatus.
1478 1216 1632 1273 Vale.

671 1387 687 1404 .
730 1352 948 1409 EPIST.
989 1350 1170 1406 XLIII.

635 1458 942 1501 SYIDIACIIUS
965 1455 1252 1498 NBOTORIO.

217 1561 322 1629 Qui
360 1560 566 1615 amanti
597 1573 763 1629 nugas
791 1571 916 1613 suas
942 1568 998 1612 et
1037 1557 1389 1612 deliramenta
1428 1553 1744 1617 committit,

161 1667 252 1707 non
286 1651 465 1707 debet
495 1651 782 1706 formidare
817 1649 1100 1718 judicium.
1130 1646 1553 1702 Commentlatttr
1599 1649 1742 1700 enim

161 1741 422 1811 religione
460 1741 717 1811 quidquid
761 1739 972 1810 culpari
1013 1746 1198 1808 posset
1241 1738 1510 1794 examine.
1555 1737 1744 1792 Merito

1844 553 1996 607 Vale.
2023 551 2031 558 ’

1903 650 1916 665 ·
2400 643 2611 700 EPIST.
2653 646 2862 701 XLVII.

2366 751 2670 791 SVNMACIICS
2714 753 2906 793 FELICI.

1911 827 2113 882 Scribis
2143 829 2494 882 reverentiam
2545 829 2713 884 nostri
2748 831 2815 883 ad
2837 845 3025 886 omnes
3051 832 3250 900 vigere.
3281 833 3426 888 Catt-

1841 917 1944 973 deo
1983 918 2288 987 ltujusmodi
2342 921 2675 987 testimonio,
2717 921 2811 976 sed
2844 922 3097 992 profiteor
3123 937 3285 992 opera
3332 933 3422 980 ttta

1845 1012 1960 1065 ﬁeri
2001 1019 2061 1066 ut
2108 1011 2289 1065 taliter
2325 1011 2492 1067 vireat
2520 1013 2848 1068 existimatio
2884 1030 3026 1071 mea.
3068 1015 3147 1070 Tu
3192 1017 3322 1070 mihi
3363 1033 3422 1072 es

1845 1102 2019 1155 fautor
2046 1101 2280 1158 rumoris
2306 1103 2558 1168 secundi;
2591 1120 2761 1175 neque
2783 1106 2882 1161 hac
2906 1116 3110 1162 tantum
3137 1111 3305 1179 gratia
3329 1125 3420 1162 va-

1843 1193 2023 1247 datum
2067 1210 2152 1248 mc
2181 1194 2374 1248 sentio.
2410 1195 2539 1249 Nam
2571 1195 2702 1249 illud
2724 1197 2885 1252 etiam
2929 1198 3069 1268 quod
3107 1211 3158 1254 te
3195 1203 3422 1268 pitesule

1845 1288 2106 1355 processit
2130 1286 2196 1341 ad
2226 1289 2506 1342 commoda
2539 1288 2905 1355 proximorum
2934 1303 3206 1357 meorum,
3235 1306 3426 1360 quam-

1843 1381 1925 1434 vis
1961 1378 2184 1448 justitiae
2223 1378 2426 1442 datum,
2476 1377 2570 1433 tibi
2616 1387 2792 1434 tamen
2839 1377 3071 1434 refertur
3121 1393 3420 1450 acceptum.

1845 1470 2010 1526 Cesso
2044 1471 2253 1540 longius
2277 1485 2519 1539 pergere,
2545 1469 2799 1538 quoniam
2823 1470 2874 1524 in
2898 1472 3306 1527 remunerandis
3329 1473 3424 1527 be-

1846 1561 2243 1630 neﬁciisjejnna
2269 1569 2352 1614 est
2375 1560 2660 1614 verborum
2684 1560 3014 1616 vicissitudo.
3031 1562 3198 1618 Simul
3217 1564 3424 1616 obstre-

1847 1662 1979 1722 punt
2021 1667 2184 1714 curat,
2218 1665 2349 1719 quas
2389 1649 2579 1704 ofﬁciis
2627 1649 2978 1705 familiaribus
3015 1651 3185 1705 tenuis
3235 1653 3424 1718 patriae

1851 1743 2024 1796 victus
2043 1742 2286 1811 opponit.
2320 1740 2428 1796 Ero
2455 1740 2593 1808 apud
2627 1749 2679 1794 te
2707 1739 2927 1810 posthac
2958 1740 3260 1808 loquacior,
3298 1756 3422 1796 cum

162 1847 380 1889 securus
419 1833 809 1888 oratiunculam
840 1845 1000 1902 quam
1047 1830 1288 1900 proxime
1338 1830 1390 1883 in
1435 1838 1626 1884 senatu
1653 1830 1748 1882 ha-
1777 1832 1824 1890 Β
1853 1835 2105 1889 refoverit
2138 1833 2372 1889 studium
2401 1847 2578 1888 meum
2607 1833 2686 1888 rei
2725 1832 3091 1888 frumentaria:
3131 1832 3421 1892 instaurata

163 1925 258 1987 hui,
293 1925 363 1976 ad
395 1933 450 1979 te
471 1924 624 1988 misi;
657 1923 724 1977 de
752 1937 855 1993 qua
881 1923 1154 1979 dominum
1187 1935 1364 1976 meum
1394 1921 1610 1975 fratrem
1642 1935 1742 1974 tto-

163 2025 330 2068 strurn
366 2015 670 2069 Carterium
712 2025 885 2070 tecum
938 2013 1093 2084 plene
1132 2013 1367 2068 arbitror
1391 2012 1742 2068 collocutum.

162 2105 288 2158 Nam
321 2105 566 2174 petitioni
614 2114 811 2160 nostra:
841 2104 1053 2158 auditor
1095 2103 1355 2160 interfuit.
1389 2104 1455 2158 Et
1499 2102 1746 2173 quamvis

165 2197 325 2252 totius
358 2196 569 2252 ordinis
607 2197 842 2252 secunda
888 2197 1140 2266 suffragia
1182 2197 1410 2266 coepisse
1446 2196 1742 2262 videamur,

164 2289 208 2341 in
249 2299 312 2344 te
353 2302 465 2343 uno
508 2298 687 2344 tamen
725 2304 990 2344 summam
1045 2287 1339 2343 testimonii
1391 2286 1742 2342 collocamus.

166 2383 346 2437 Facito
366 2383 532 2452 igitur
559 2398 648 2439 tne
671 2393 875 2438 certum
899 2383 1179 2438 sententiae
1203 2390 1325 2446 tum,
1351 2389 1405 2436 et
1431 2380 1592 2437 simul
1615 2380 1744 2450 quid

162 2475 341 2528 rerum
370 2488 530 2544 geras
557 2474 730 2542 pande
758 2473 994 2543 cupienti
1026 2490 1040 2526 :
1070 2481 1130 2527 ut
1169 2472 1307 2542 quod
1338 2488 1402 2527 ex
1445 2472 1584 2527 meis
1611 2472 1746 2537 acti-

161 2569 251 2620 lus
287 2566 585 2634 voluptatis
611 2565 864 2636 accipies,
906 2578 1118 2620 tuorum
1164 2576 1346 2620 mutua
1386 2564 1745 2620 insinuatione

159 2674 506 2728 compenses.
537 2658 690 2715 Vale.

741 2749 958 2806 EPIST.
1001 2749 1181 2804 XLIV.

647 2856 953 2896 SVIIIACIIUI
980 2855 1268 2896 NEOTERIO.

222 2930 566 2985 Dissimulati
587 2931 746 2985 ofﬁcii
765 2931 1140 3001 objurgatione
1161 2929 1423 2986 morderis
1452 2929 1505 2984 in
1523 2927 1748 2996 epistola

161 3017 466 3082 blandiore,
494 3034 596 3088 qua
627 3021 720 3072 tibi
751 3019 930 3074 refero
959 3020 1182 3088 gratiam
1214 3017 1480 3074 sermonis
1501 3017 1706 3086 accepti
1730 3057 1748 3082 ,

163 3109 278 3162 licet
307 3110 611 3178 cogitarem
640 3108 726 3162 illa
759 3109 933 3178 potius
965 3108 1136 3163 amica
1163 3123 1282 3164 esse
1315 3107 1600 3178 colloquia,
1628 3120 1748 3176 quas

164 3213 354 3272 sponte
386 3203 730 3258 tribuuntur:
761 3212 814 3257 at
857 3203 910 3256 itt
952 3202 1310 3271 respondente
1352 3200 1545 3256 referri
1579 3199 1746 3269 magis
1773 3195 1820 3257 C

162 3300 529 3352 necessariam
569 3297 744 3352 vicem
774 3311 934 3366 quam
975 3295 1178 3351 deferri
1219 3303 1568 3366 spontancam
1612 3293 1748 3348 seri-

162 3392 424 3458 ptionem.
459 3389 573 3459 Ego
600 3399 778 3446 tamen
817 3389 891 3443 ita
927 3388 1148 3442 affectus
1177 3402 1295 3442 sum
1342 3385 1534 3442 litteris
1563 3385 1748 3455 proxi-

163 3482 275 3545 mis,
307 3491 373 3536 ut
391 3485 606 3537 nescire
643 3495 732 3536 me
777 3479 950 3535 fatear
978 3478 1276 3534 reddideris
1313 3477 1415 3532 hoc
1450 3491 1647 3530 munus
1678 3490 1747 3529 an

164 3573 400 3627 dederis.
439 3572 637 3628 Verum
665 3572 840 3642 cogita
878 3571 1005 3642 quid
1032 3570 1240 3642 pagina:
1270 3579 1374 3625 tua:
1401 3568 1748 3636 iucunditatis

165 3664 432 3719 habitura:
460 3665 590 3730 sint,
618 3679 752 3735 quas
791 3679 898 3719 non
947 3665 1254 3720 admonitus
1287 3662 1596 3727 exhibebis;
1627 3676 1748 3715 cum

165 3756 242 3809 lue
271 3770 493 3826 quoque
519 3756 650 3811 mihi
680 3755 966 3812 admodum
996 3766 1161 3826 gratae
1179 3757 1304 3820 sint,
1335 3769 1469 3825 quas
1499 3752 1750 3823 rependis

166 3862 227 3900 ex
252 3848 469 3903 debito.
494 3846 649 3902 Vale.

756 3940 971 3996 EPIST.
1012 3939 1173 3994 XLV.

655 4046 963 4087 εῐιηηοιωε
989 4045 1272 4086 NBO’I’EBIO.

233 4123 393 4178 Facis
420 4131 475 4177 ut
506 4122 664 4178 decet
696 4125 838 4194 quod
874 4125 1041 4179 otium
1085 4138 1262 4178 meum
1292 4121 1614 4192 scriptorum
1662 4136 1750 4176 as-

169 4215 425 4270 siduitate
475 4215 701 4283 solaris:
733 4214 1000 4284 siquidem
1039 4229 1106 4269 ex
1133 4222 1225 4268 tuo
1255 4227 1440 4267 amore
1474 4212 1747 4280 conjectas

165 4305 461 4372 jucundum
490 4320 612 4361 esse
649 4321 862 4372 munus,
893 4305 1033 4374 quod
1073 4321 1139 4360 ex
1171 4314 1261 4359 tuo
1305 4304 1642 4358 sanctissimo
1685 4317 1747 4357 ac

168 4400 440 4454 luculento
462 4415 560 4454 ore
586 4399 859 4468 profluxit.
887 4397 1080 4452 Refero
1104 4399 1260 4467 igitur
1285 4397 1451 4451 vicem
1482 4397 1650 4464 magis
1677 4394 1745 4448 ad

171 4489 532 4543 testimonium
577 4489 787 4558 gratias,
829 4505 990 4559 quatn
1032 4488 1098 4542 ad
1145 4487 1581 4558 :equiparandum
1627 4485 1744 4540 ofﬁ-

168 4581 310 4632 cium
339 4597 441 4649 quo
463 4596 552 4635 me
576 4595 810 4651 agnosco
829 4580 1152 4636 devinctum.
1186 4580 1291 4635 Sed
1327 4578 1428 4632 hoc
1462 4578 1580 4647 ipso
1599 4577 1742 4632 arbi-
1774 4565 1824 4626 Ι)

170 4678 284 4724 tror
325 4686 406 4726 me
442 4671 740 4740 digniorem
777 4685 899 4726 esse
940 4671 1209 4742 colloquio
1261 4669 1564 4732 crebriore;
1604 4667 1747 4739 quod

172 4759 310 4815 hanc
337 4762 430 4816 tibi
457 4761 691 4831 palmam
721 4761 909 4828 reddo,
943 4761 1097 4829 quasi
1125 4761 1298 4816 victus
1331 4762 1516 4816 fenore
1537 4759 1745 4815 littera-

174 4867 310 4905 tum.
343 4852 488 4908 Vale.

735 4945 947 5001 EPIST.
991 4946 1172 5002 XLVI.

639 5055 944 5094 δι’»ηιΑοιιυε
991 5055 1276 5094 κεοτειιιο.

255 5129 534 5184 Venturum
564 5142 616 5186 te
646 5131 710 5183 ad
733 5147 1073 5186 communem
1111 5133 1334 5201 patriam
1376 5131 1515 5185 fama
1548 5130 1746 5200 promi-

170 5232 335 5273 serat.
379 5221 660 5289 Insperato
690 5223 883 5290 gaudio
909 5222 1199 5292 gloriabar.
1236 5223 1342 5277 Sed
1373 5223 1459 5277 ubi
1489 5236 1746 5290 processu

171 5310 375 5365 dierum
400 5328 586 5366 rumor
613 5313 872 5380 intepuit,
904 5314 1254 5369 animadverti
1284 5314 1413 5369 mihi
1447 5314 1550 5369 hoc
1577 5330 1748 5385 genus

171 5413 450 5468 superesse
469 5402 673 5467 solatii,
697 5403 840 5471 quod
866 5404 933 5457 ad
964 5403 1233 5459 scribendi
1258 5418 1408 5458 usum
1437 5419 1746 5472 moremque

173 5506 494 5547 remearem.
530 5492 748 5562 Fungor
769 5493 928 5562 igitur
953 5494 1275 5550 salutatione
1302 5495 1545 5561 dicenda,
1575 5503 1749 5548 tuum-

170 5597 280 5648 que
301 5584 667 5640 excellentiam
698 5601 880 5655 quasso
910 5595 968 5641 ut
998 5587 1126 5641 milti
1155 5587 1440 5643 adventum
1469 5597 1616 5642 tuum
1652 5601 1750 5658 pro

169 5673 363 5730 litteris
393 5677 653 5745 largiaris.
695 5679 790 5734 Est
813 5680 956 5734 enim
986 5695 1144 5736 causa
1183 5683 1379 5746 votiva,
1405 5697 1523 5753 qua:
1561 5691 1614 5737 te
1656 5682 1752 5736 de-

170 5763 296 5819 beat
325 5781 572 5836 evocare,
609 5770 952 5839 qumstorium
1003 5771 1208 5830 scilicet
1252 5789 1445 5829 munus
1475 5773 1580 5848 lilii
1619 5773 1747 5844 mei,

1847 1927 2129 1982 securitas.
2161 1926 2312 1981 Vale.

2406 2016 2622 2072 EPIST.
2662 2015 2894 2071 XLVIII.
2939 2070 2948 2079 ,

2373 2124 2679 2165 εγθιιιλοῐιυε
2706 2125 2898 2164 ῖκιιω.

1917 2222 2062 2279 Bene
2100 2220 2329 2294 Cognitis
2366 2235 2430 2278 ac
2479 2221 2719 2290 probatis
2751 2221 3148 2276 commendatio
3181 2230 3426 2292 prompta

1845 2315 2096 2378 debetur.
2131 2324 2189 2369 ttt
2221 2315 2288 2369 ad
2325 2315 2569 2370 notitiam
2601 2313 2860 2368 bonorum
2903 2313 3006 2368 sub
3040 2314 3261 2369 honesta
3293 2314 3427 2370 asti-

1849 2406 2119 2476 pnlatione
2157 2407 2492 2476 perveniant.
2523 2406 2832 2461 Theodulus
2871 2407 3096 2463 sincera:
3121 2406 3428 2462 nobilitatis

1845 2496 2160 2552 adolescens
2213 2497 2504 2553 multorum
2551 2497 2721 2566 gratia
2770 2496 2937 2564 viget,
2978 2497 3171 2568 quibus
3217 2498 3428 2568 placere

1847 2587 2113 2643 laudabile
2138 2595 2239 2642 est.
2267 2587 2375 2643 Sed
2406 2587 2637 2643 fortuna:
2656 2587 3047 2653 difficultatem,
3070 2604 3189 2658 qua:
3209 2602 3427 2643 cursum

1847 2679 1968 2732 rita:
1995 2677 2112 2747 ejus
2143 2687 2452 2747 exasperat,
2474 2678 2798 2734 adminiculo
2826 2688 2917 2734 tuo
2951 2687 3134 2746 sperat
3161 2694 3321 2749 posse
3346 2695 3428 2734 re-

1849 2769 2074 2824 moveri.
2106 2769 2303 2835 Quarso
2334 2770 2494 2840 igitur
2521 2769 2661 2824 vatis
2687 2770 2805 2837 eius
2844 2769 3106 2840 benignus
3152 2770 3426 2835 arrideas,

1849 2876 1917 2914 ne
1944 2870 2036 2914 aut
2074 2871 2250 2920 meum
2282 2859 2643 2914 testimonium
2675 2875 2770 2928 pro
2813 2859 2978 2914 nihilo
3020 2861 3257 2913 habitum
3288 2859 3428 2927 judi-

1848 2960 2020 3018 ectur,
2053 2961 2145 3005 aut
2169 2950 2366 3020 spebus
2393 2949 2536 3005 illius
2564 2949 2737 3004 inanis
2765 2950 2943 3005 exitus
2969 2949 3176 3006 illudat.
3209 2949 3355 3006 Vale.

2421 3079 2631 3140 EPIST.
2674 3081 2861 3140 XLIX.

2361 3192 2668 3233 BVMHACIIUS
2697 3190 2888 3232 FELICI.

1921 3292 2058 3347 Amo
2080 3291 2286 3347 litteras
2316 3301 2454 3358 tuas,
2477 3294 2597 3346 na‘m
2622 3293 2838 3363 semper
2867 3291 2996 3346 mihi
3025 3291 3225 3362 aliquid
3248 3299 3428 3362 gratu-

1851 3383 2062 3438 lationis
2086 3391 2389 3454 apportattt.
2438 3383 2553 3454 Ego
2577 3397 2752 3439 autem
2792 3384 3084 3440 benefactis
3127 3387 3267 3440 nuda
3308 3403 3428 3441 ora-

1852 3479 1996 3530 tione
2029 3476 2347 3545 respondeo.
2381 3475 2484 3530 Sed
2515 3487 2572 3530 ut
2604 3491 2692 3532 res
2721 3485 2824 3545 est,
2870 3478 3124 3546 praeclara
3155 3493 3305 3533 mens
3341 3487 3428 3534 tua
3525 3509 3530 3514 ο

1852 3565 2073 3634 perinde
2121 3565 2337 3634 paginas
2382 3566 2485 3620 Sibi
2529 3567 2802 3620 existimat
2847 3566 3180 3635 fructuosas,
3213 3577 3267 3623 et
3310 3569 3430 3624 ideo

1854 3659 1990 3710 hanc
2034 3669 2253 3726 operam
2305 3657 2714 3726 perseveranter
2765 3655 3014 3726 advigilo.
3051 3673 3209 3727 quam
3261 3660 3427 3714 sciam

1850 3747 1988 3818 apud
2024 3756 2074 3802 te
2099 3761 2196 3817 pro
2220 3761 2412 3818 magno
2453 3763 2559 3802 tere
2599 3748 2832 3802 censeri.
2882 3748 3083 3804 Interea
3110 3749 3329 3804 domino
3372 3757 3429 3804 et

1853 3839 2078 3910 principi
2108 3851 2314 3903 nostro,
2342 3840 2565 3909 ejusque
2596 3839 2648 3894 in
2689 3856 2775 3896 me
2808 3841 3175 3896 beneﬁcentia:
3204 3842 3286 3911 egi
3333 3855 3428 3907 per

1851 3931 2127 4000 epistolam
2167 3932 2366 4001 gratias
2417 3929 2598 3984 verbis
2644 3929 2872 3984 fortasse
2906 3931 3144 3999 exiguas,
3175 3929 3270 3984 sed
3299 3929 3430 3984 affe-

1851 4023 2029 4078 ctione
2078 4023 2239 4078 animi
2283 4023 2551 4092 copiosas.
2591 4024 2734 4092 Quas
2785 4023 2830 4078 si
2861 4023 3056 4079 eximia
3107 4023 3432 4078 uttauituitas

1853 4123 1963 4179 tua,
1991 4121 2046 4168 et
2089 4112 2312 4183 probata
2350 4112 2480 4168 mihi
2511 4113 2763 4168 amicitiai
2804 4111 2956 4179 ﬁdes,
2991 4112 3225 4183 jucunda
3269 4121 3431 4182 atque

1849 4210 2148 4272 opportuna
2190 4203 2543 4258 insinuaverit
2574 4203 2838 4269 lectione,
2866 4218 2972 4257 nou
3005 4202 3224 4258 videbor
3253 4205 3429 4272 ingra-

1851 4303 1962 4357 tus;
1995 4307 2116 4346 cttm
2151 4291 2480 4362 probaverit,
2505 4293 2660 4346 sicuti
2683 4301 2832 4361 apto,
2865 4293 3242 4347 invictissimus
3279 4289 3428 4361 pritt-

1847 4401 1994 4453 ceps,
2035 4385 2292 4440 beneﬁcia
2322 4383 2627 4453 bujusmodi
2664 4384 2803 4453 apud
2835 4398 3127 4438 memorent
3170 4398 3229 4438 se
3255 4382 3426 4438 collo-
3529 4378 3532 4382 ’

1847 4491 2021 4533 casse.
2054 4477 2200 4531 Vale.

2451 4565 2671 4622 EPIST.
2711 4565 2777 4622 L.

2362 4671 2668 4712 εγωιιοηυε
2707 4671 2901 4711 εἐιιοῐ.

1926 4771 2170 4826 Relatum
2220 4768 2274 4824 in
2330 4768 2565 4824 cultores
2613 4779 2732 4825 tuos
2783 4769 3056 4824 Aurelium
3115 4769 3430 4826 familiarem

1852 4877 2031 4919 meum
2058 4860 2285 4932 gaudeo,
2313 4875 2419 4915 non
2450 4861 2594 4916 illius
2637 4861 2798 4916 modo
2833 4861 3050 4917 nomine
3084 4876 3237 4931 quem
3280 4875 3432 4918 tuen-

1853 4954 1982 5009 dum
2006 4955 2289 5010 summatis
2308 4954 2407 5008 viri
2439 4968 2565 5008 cura
2592 4954 2856 5023 suscepit,
2888 4954 2983 5010 sed
3011 4970 3132 5010 meo
3160 4955 3390 5011 maxime
3412 4996 3429 5019 ,

1855 5047 2010 5113 cujus
2036 5046 2397 5101 testimonium
2432 5044 2621 5114 judicii
2680 5046 2849 5101 instar
2889 5045 3142 5100 habuisti.
3194 5046 3434 5102 Accessit

1849 5136 1974 5189 huic
2002 5134 2213 5190 muneri
2243 5134 2451 5189 auctior
2477 5149 2543 5188 ex
2585 5135 2779 5190 litteris
2809 5134 2885 5188 tui
2911 5135 3076 5204 gratia
3108 5136 3432 5207 (quanquam

1845 5237 1935 5283 est
1963 5229 2015 5281 in
2055 5227 2193 5291 illis,
2221 5226 2363 5296 quod
2412 5235 2684 5282 amantem
2725 5228 2894 5295 possit
2936 5225 3243 5293 offendere,
3286 5228 3432 5282 brevi

1847 5317 1996 5370 enim
2025 5324 2179 5371 erant
2207 5313 2556 5384 transcursu)
2606 5330 2726 5384 qua:
2759 5329 2882 5370 cum
2931 5316 3060 5372 mihi
3108 5317 3432 5386 voluptatem

1847 5411 2096 5472 afferant,
2129 5416 2323 5478 negant
2351 5407 2677 5464 satietatem.
2709 5407 2776 5462 Et
2805 5407 2920 5464 htcc
2938 5419 3020 5464 est
3047 5418 3236 5464 natura
3262 5409 3431 5463 bona-

1852 5517 1976 5557 rum
2024 5515 2203 5554 rerum
2243 5508 2302 5554 ut
2338 5498 2443 5552 illis
2477 5498 2578 5554 frui
2614 5499 2873 5569 prolixius
2912 5503 3080 5569 \elis‘,
3129 5515 3228 5556 nec
3277 5497 3428 5568 quid-

1853 5608 2014 5663 quam
2069 5589 2258 5648 durius
2293 5607 2473 5646 sumas
2527 5607 2685 5662 quam
2723 5594 2983 5650 orationis
3029 5593 3233 5662 placita:
3268 5593 3430 5647 citum

1858 5682 2166 5738 transitum.
2197 5680 2347 5737 Adde
2380 5682 2538 5752 igitur
2569 5684 2808 5753 epistolis
2837 5685 2938 5738 tuis
2967 5684 3200 5752 capiam,
3231 5684 3350 5749 vel,
3381 5689 3423 5742 si

1856 5783 2012 5842 potes
2036 5813 2052 5840 ,
2105 5771 2325 5828 detrahe
2375 5774 2711 5832 suavitatem.
2757 5773 2868 5829 Nisi
2907 5773 2980 5828 ita
3017 5771 3240 5844 feceris,
3272 5775 3433 5833 la‘sus
