4046 6170
591 347 699 404 253

1768 346 1835 414 Q.
1878 343 2221 402 AUREL‘IUS
2259 342 2694 402 SYMMACHUS.

3764 345 3866 403 255

589 464 878 530 rependam
909 463 1122 520 fastidio
1151 474 1241 520 tuo
1268 465 1451 532 verba,
1485 479 1603 534 qua:
1625 463 1775 519 soleo
1800 503 1815 528 ,
1853 472 1908 518 et
1946 462 2168 533 paginas
2196 463 2249 523 Δ
2272 461 2446 517 exitus
2474 461 2699 530 deserit,
2734 460 3000 516 instaurat
3029 459 3275 525 exordia,
3306 472 3589 514 romanum
3611 461 3866 517 crimina-

590 558 879 626 longiores.
916 556 1068 611 Vale.
1270 598 1278 602 -

1205 648 1420 704 EPIST.
1461 648 1546 704 Ll.

1123 756 1432 798 SYIHIACHUS
1469 755 1663 796 FELICL

657 841 825 889 Amor
865 834 1083 904 quidem
1131 845 1252 889 tuus
1280 835 1450 889 suasit
1483 844 1543 888 ut
1582 833 1877 889 scriberem
1903 873 1920 900 ,
1949 841 2174 903 praster-

584 929 765 982 euntis
797 927 1091 995 festinatio,
1119 937 1177 982 ut
1203 944 1370 997 pauca
1418 927 1699 983 dictarem.
1748 928 1926 995 Quare
1969 928 2172 982 saluta-
2229 973 2232 976 ί

586 1017 729 1073 tione
754 1028 1035 1072 contentus
1061 1021 1202 1090 (qua:
1230 1020 1331 1073 etsi
1360 1033 1467 1074 non
1498 1018 1678 1087 explet
1706 1017 1962 1080 officium.
1993 1026 2172 1072 tamen

585 1117 916 1164 contestatur
943 1109 1218 1181 affectum)
1251 1110 1421 1166 redde
1467 1111 1692 1165 invicem
1739 1124 1857 1179 quae
1888 1109 2128 1178 legamus
2151 1151 2168 1177 ,

585 1213 636 1256 ct
661 1201 706 1254 si
739 1216 962 1274 necesse
991 1213 1094 1268 est,
1119 1203 1375 1258 :emulare
1400 1203 1741 1257 brevitatem.
1766 1201 1897 1257 Nam
1919 1217 2042 1258 cum
2068 1203 2170 1257 sim

510 1351 512 1356 ,
585 1292 890 1346 nitidissimi
923 1293 996 1348 tui
1017 1297 1283 1348 sermonis
1313 1294 1572 1364 cupidus,
1616 1295 1947 1350 conscientia
1988 1304 2168 1350 tamen

586 1382 744 1452 hujus
774 1394 879 1438 tam
909 1393 1147 1454 angustae
1171 1387 1375 1455 paginas
1404 1401 1509 1441 non
1539 1386 1715 1442 audeo
1741 1401 1770 1440 a
1797 1394 1849 1441 te
1877 1386 2168 1442 verborum

583 1475 790 1545 copiam
823 1476 1118 1546 postulare.
1156 1477 1309 1531 Vale.

1191 1567 1405 1625 EPIST.
1446 1569 1557 1625 ιιι.

1106 1676 1415 1717 εγοηηειιυε
1450 1679 1644 1719 νεωει.

658 1749 870 1804 Vectori
898 1750 1233 1819 iudicialium
1260 1752 1559 1808 litterarum
1596 1754 1924 1811 reddendam
1953 1757 2044 1813 tibi
2074 1772 2166 1827 pa-

2277 562 2364 609 tur
2387 554 2650 618 tribunal;
2685 567 2789 607 non
2819 551 3175 622 possessionis
3196 552 3568 623 antiquitatem
3593 591 3609 618 ,
3641 569 3746 610 non
3777 570 3863 613 se-

2276 644 2499 699 natoriae
2543 643 2819 714 dignitatis
2856 644 3306 712 praerogativam,
3367 656 3474 698 non
3528 644 3861 713 prmfecturze

2275 736 2728 790 existimationem
2759 735 2890 788 sinit
2918 734 3294 789 inconcussam
3320 748 3565 790 manere.
3598 735 3692 790 His
3714 739 3860 792 ausi-

2276 826 2376 881 bus
2412 826 2563 882 color
2601 824 2799 880 ﬁscalis
2829 824 3098 890 allinitnr,
3139 824 3306 879 veluti
3351 824 3422 880 ob
3463 825 3859 896 inquisitionem

2276 916 2555 972 mobilium
2586 931 2650 971 ex
2681 915 2993 984 bouis,qu:e
3021 915 3214 970 meruit
3235 915 3520 980 Eusebius,
3546 917 3741 972 divina:
3760 919 3863 971 doc

2274 1011 2383 1064 tnui
2413 1009 2738 1064 debitorum.
2771 1008 2870 1064 Ubi
2900 1008 3014 1062 hrec
3047 1008 3319 1078 diligentia
3350 1008 3442 1063 diu
3469 1009 3671 1079 iacuit?
3698 1010 3861 1080 Cujus

2273 1101 2456 1157 scrinii
2485 1099 2721 1156 colludio
2745 1099 2959 1170 publica
3004 1100 3199 1154 damna
3231 1100 3540 1155 latuerunt?
3577 1101 3632 1157 Si
3663 1116 3860 1170 procu-

2272 1203 2420 1248 rator
2463 1208 2569 1247 non
2610 1193 2923 1248 admoveret
2975 1193 3190 1263 negotio
3240 1207 3338 1247 suo
3390 1191 3632 1262 publicas
3683 1194 3859 1262 fares;

2273 1286 2434 1341 etiam
2469 1301 2614 1341 nunc
2643 1295 2720 1340 tot
2742 1285 2943 1352 officia,
2976 1294 3058 1339 tot
3087 1285 3435 1354 inquisitores
3473 1284 3604 1341 llsco
3637 1287 3859 1355 qumsita

2274 1375 2566 1433 nescirent.
2601 1377 2666 1432 Et
2692 1391 2824 1432 sane
2863 1391 3074 1447 azquum
3099 1384 3221 1442 est,
3276 1385 3337 1430 ut
3371 1374 3614 1432 defensio
3665 1376 3862 1433 divinae

2272 1471 2463 1528 domus
2489 1471 2806 1527 attentiores
2833 1470 3021 1526 oculos
3045 1480 3262 1540 praestet
3288 1470 3562 1540 iniunctis.
3579 1471 3717 1538 Quid
3746 1488 3862 1527 mo-

2273 1563 2468 1619 bilibus
2495 1579 2780 1619 commune
2801 1579 2923 1619 cum
2947 1563 3184 1633 praadio?
3209 1563 3396 1620 Nullus
3411 1579 3860 1632 errorsensuum,

2272 1656 2416 1711 nulla
2439 1657 2727 1711 verborum
2763 1657 3137 1726 interpretatio
3166 1666 3346 1727 potest
3375 1659 3594 1734 nomina
3629 1658 3727 1713 ista
3759 1660 3864 1715 mi-

2269 1761 2446 1803 scere.
2475 1747 2680 1802 Dehinc
2706 1762 2736 1800 a
2763 1747 3078 1817 proscriptis
3114 1747 3384 1818 quondam
3413 1749 3567 1804 bonis
3610 1749 3868 1822 Porphy-

580 1842 758 1911 giuam
789 1842 935 1908 dedi,
958 1845 1209 1899 amicitiae
1255 1845 1505 1902 deferens
1548 1848 1750 1902 cultum
1780 1849 2117 1906 salutationis
2145 1869 2161 1918 ;
2195 1828 2241 1888 Β
2272 1839 2368 1904 fias
2394 1849 2448 1894 ει
2478 1840 2859 1895 Ροείίιιιῐηίηυε
2887 1840 3050 1895 alieni
3079 1847 3230 1896 δυηι·
3258 1840 3424 1895 “uno
3449 1843 3619 1911 ωεεῖε
3640 1853 3860 1911 θηιβῑοτ

580 1932 848 2002 simulque
868 1948 1159 2005 suggerens
1183 1935 1250 1990 ad
1279 1952 1392 1992 rem
1435 1938 1540 1993 mei
1574 1938 1817 2008 pignoris
1855 1941 2124 2010 pertinere
2144 1983 2158 2009 ,

579 2024 718 2092 quod
745 2024 935 2080 relatio
959 2026 1174 2082 docebit
1195 2026 1259 2081 de
1281 2029 1472 2083 tutoris
1495 2028 1736 2084 faucibus
1749 2031 2160 2090 extrahendum.

581 2114 690 2170 Nec
721 2116 906 2172 laboro
938 2133 1036 2187 pro
1067 2120 1369 2175 assertione
1410 2120 1668 2190 iustitiae,
1716 2123 1872 2193 cuius
1909 2124 2002 2179 tibi
2036 2141 2164 2182 cura

581 2209 846 2276 pratcipua
877 2217 980 2264 est.
1028 2209 1135 2266 Sed
1166 2209 1268 2266 hoc
1306 2221 1513 2268 tantum
1547 2214 1720 2270 audeo
1760 2217 2062 2285 postulare,
2108 2229 2167 2274 ut

580 2304 976 2372 quamprimum
1008 2320 1268 2376 responsa
1295 2307 1534 2364 caelestia
1567 2309 1732 2366 robur
1765 2310 1994 2366 afferant
2021 2311 2168 2382 iudi-

579 2393 735 2450 catis.
766 2394 917 2451 Vale.

1184 2487 1400 2544 EPIST.
1442 2489 1570 2546 Llll.

1124 2594 1437 2637 SYIMACHUS
1475 2599 1668 2639 FELICI.

650 2668 892 2725 Fratrem
923 2681 1164 2727 nostrum
1189 2674 1491 2744 l-lelpidium
1516 2691 1620 2729 non
1639 2677 1814 2732 minus
1835 2677 2164 2734 desiderium

577 2760 651 2816 tui
695 2776 854 2830 quam
897 2763 1125 2833 epistola
1147 2765 1386 2820 consulis
1415 2767 1681 2823 evocavit.
1728 2767 1826 2823 Cui
1862 2769 1962 2824 etsi
2009 2784 2164 2825 amo-

578 2867 691 2907 rem
724 2862 870 2908 tuum
894 2854 1067 2924 prisca
1097 2855 1238 2910 inter
1260 2871 1357 2911 vos
1378 2857 1687 2927 coniunctio
1718 2858 2166 2928 pollicetur,noo-

577 2945 709 2999 nihil
733 2953 934 3012 tamen,
968 2955 1027 2999 ut
1055 2945 1309 3014 arbitror,
1340 2947 1500 3003 etiam
1533 2949 1720 3019 petitio
1741 2964 1858 3005 mea
1889 2964 2166 3006 commen-

577 3036 808 3093 dationis
830 3036 1065 3107 adiiciet.
1091 3039 1323 3094 Exstrue
1351 3039 1533 3110 igitur,
1563 3055 1747 3110 quaeso
1771 3050 1844 3107 te,
1870 3041 2022 3096 novis
2034 3056 2162 3111 erga

577 3129 804 3184 amicum
865 3130 1142 3184 beneficiis
1188 3140 1430 3186 veterem
1478 3131 1846 3202 diligentiam,
1893 3141 2159 3202 quatenus

578 3223 784 3292 possint
815 3222 1049 3292 perfecta
1079 3222 1384 3288 cumulari,
1416 3232 1470 3277 et
1501 3222 1602 3278 hoc
1623 3223 1754 3278 mihi
1777 3223 2162 3280 minuslubens
2189 3205 2240 3268 (ἶ

579 3316 831 3380 attribue,
865 3324 924 3370 ut
953 3315 1168 3378 merita,
1193 3329 1311 3384 quae
1339 3316 1451 3370 suis
1480 3315 1620 3384 apud
1652 3324 1703 3371 te
1736 3315 1982 3371 fundavit
2007 3317 2167 3372 obse-

577 3407 736 3476 quiis,
764 3407 963 3462 sentiat
996 3421 1117 3461 meo
1149 3405 1331 3462 favore
1356 3407 1614 3463 crevisse.
1650 3407 1801 3462 Vale.
2030 3401 2036 3414 ’

1155 3499 1370 3554 EPIST.
1416 3498 1546 3552 LIV.

1079 3604 1385 3645 SYMMACIIUS
1423 3605 1617 3654 νῖψαι.

645 3679 896 3750 Quisquis
922 3679 1078 3734 amici
1101 3678 1296 3734 famam
1319 3678 1561 3748 negligit,
1583 3677 1686 3734 fide
1708 3679 1911 3734 lubric'a
1931 3687 2034 3735 est.
2051 3679 2163 3735 Hoc

574 3785 642 3828 ne
675 3771 805 3826 vitio
836 3770 964 3826 mihi
985 3769 1108 3840 iure
1137 3771 1366 3825 ducatur
1405 3769 1566 3825 etiam
1599 3771 1653 3826 in
1680 3771 1910 3826 aliorum
1949 3770 2161 3840 iniuriis

573 3877 670 3934 pro
699 3871 788 3918 tua
818 3863 1220 3918 existimatione
1250 3862 1532 3917 sollicitor.
1569 3863 1684 3928 Qua
1716 3863 1852 3934 lege,
1883 3879 1990 3934 quo
2018 3865 2162 3922 bono

573 3953 786 4022 publico
807 3953 1092 4009 Eusebium
1132 3953 1196 4008 V.
1231 3951 1290 4007 C.
1323 3953 1415 4022 qui
1447 3955 1712 4008 meruisse
1744 3956 1884 4009 inter
1921 3957 2160 4012 notarios

573 4047 774 4112 fertur,
828 4047 1067 4102 incertus
1109 4058 1269 4117 atque
1306 4045 1672 4112 inexploratus
1720 4057 2036 4116 procurator
2063 4049 2161 4104 eli-

570 4139 677 4193 cuit
704 4149 754 4193 ut
786 4138 960 4193 civilis
992 4137 1179 4207 petitio
1207 4140 1413 4194 urbano
1443 4138 1719 4194 abstrahat
1740 4141 1858 4194 foro
1879 4141 2162 4210 possiden-

570 4240 675 4284 tent
701 4231 1038 4284 matronam?
1061 4228 1174 4296 Qua
1206 4222 1262 4284 in
1286 4244 1445 4283 causa
1477 4245 1598 4284 cum
1628 4231 1951 4302 supplicatio
1984 4233 2158 4303 priva-

569 4330 675 4376 tam
705 4328 887 4376 teneat
915 4321 1210 4386 actionem,
1243 4335 1428 4377 sacros
1461 4320 1646 4377 titulos
1687 4337 1946 4392 responsa
2001 4323 2161 4379 mini-

569 4422 769 4466 tantur.
802 4411 998 4479 Qumso
1029 4423 1099 4482 te,
1136 4413 1362 4482 cogites,
1403 4413 1530 4483 quid
1573 4413 1642 4467 de
1675 4412 1917 4483 Angusto
1955 4414 2117 4486 adyto
2141 4456 2156 4482 ,

566 4504 720 4572 cuius
747 4503 983 4572 loqueris
1014 4505 1225 4559 oracula
1251 4545 1266 4569 ,
1310 4503 1498 4559 deceat
1543 4503 1842 4574 impetrari.
1897 4505 2157 4560 Fratcrua

2268 1933 2463 1986 aedium
2487 1933 2765 2002 Ampelius
2784 1933 2970 2003 procul
2991 1933 3143 1990 abest
3165 1948 3194 1988 a
3219 1933 3540 2004 contagione
3555 1935 3858 1992 mobilium.

2267 2025 2406 2090 Quid
2432 2034 2616 2089 restat,
2648 2025 2750 2080 nisi
2779 2034 2840 2097 ut
2864 2025 3089 2095 aequitas
3127 2034 3306 2081 vestra
3343 2027 3605 2095 privatam
3643 2029 3864 2098 petitio-

2269 2132 2391 2172 nem
2425 2118 2585 2172 nullis
2607 2119 2858 2174 sustineri
2886 2118 3154 2174 radicibus
3183 2118 3420 2188 indicet,
3463 2120 3548 2174 cui
3577 2136 3751 2176 sacra:
3778 2137 3864 2175 re-

2267 2211 2526 2265 verentiae
2573 2209 2760 2266 umbra
2804 2212 3155 2281 praetexitur?
3201 2211 3326 2266 llaec
3357 2225 3443 2266 me
3488 2211 3539 2266 in
3575 2213 3861 2282 episrolam

2267 2299 2519 2356 conferre
2541 2315 2694 2357 amor
2719 2302 2900 2356 saeculi
2922 2310 2978 2357 et
2995 2302 3229 2357 amicitia
3257 2311 3344 2356 tua
3362 2303 3639 2372 compulit.
3658 2304 3862 2359 Eadem

2267 2391 2386 2446 viro
2414 2392 2611 2447 illustri
2641 2391 2789 2447 fratri
2822 2401 3006 2446 nostro
3031 2391 3294 2461 Sperchio
3321 2407 3529 2447 morum
3551 2392 3669 2462 eius
3695 2408 3862 2448 secu-

2270 2494 2357 2539 tus
2383 2485 2558 2554 palam
2583 2484 2761 2541 facere
2785 2499 3084 2550 curassem,
3116 2485 3342 2556 siquam
3370 2485 3496 2540 mihi
3529 2501 3624 2554 per
3650 2487 3862 2541 litteras

2268 2577 2551 2632 obtulisset
2580 2578 2826 2634 ﬁduciam
2857 2578 3095 2647 sui.lpse
3118 2585 3301 2634 ‘autem
3327 2578 3647 2648 principium
3681 2577 3866 2634 facere

2268 2667 2610 2724 conferendis
2638 2679 2824 2724 mutuo
2855 2669 3072 2738 scriptis
3109 2684 3140 2724 a
3177 2669 3267 2723 tali
3300 2684 3498 2740 genere
3542 2683 3648 2724 non
3671 2668 3858 2732 debui.

2271 2757 2387 2813 Erit
2416 2758 2597 2830 itaque
2621 2759 2769 2829 Optio
2797 2759 3161 2830 amplitudinis
3191 2770 3295 2815 tua;
3322 2760 3374 2814 in
3403 2774 3562 2815 aures
3587 2759 3702 2828 eius
3737 2775 3862 2829 per-

2267 2849 2411 2905 ferre
2451 2866 2571 2921 qure
2617 2852 2954 2922 scripsimus.
3007 2853 3231 2922 Dignum
3267 2854 3463 2922 quippe
3497 2861 3580 2907 est
3614 2851 3677 2905 'ut
3707 2853 3857 2922 quod

2267 2941 2649 2996 existimationi
2683 2943 2962 3013 utriusque
2997 2943 3272 3014 proﬁciet,
3303 2944 3582 2997 amburum
3621 2946 3860 2997 consen-

2267 3047 2358 3088 sus
2382 3033 2654 3089 emendet.
2684 3034 2813 3090 Vale

2879 3126 3096 3183 El’lST.
3138 3126 3249 3181 LV.

2732 3230 3041 3272 ετιιωειιυε
3079 3233 3383 3273 εΑιιυετιο.

2339 3307 2475 3362 Nolo
2500 3323 2564 3363 ex
2599 3307 2839 3363 moribus
2867 3293 3187 3364 eteterorum
3209 3351 3223 3375 ,
3253 3310 3342 3378 qui
3393 3321 3586 3362 sensus
3625 3309 3866 3362 Senato-

2267 3398 2379 3453 rios
2398 3405 2654 3463 tractant,
2679 3399 2840 3453 etiam
2872 3398 3029 3468 huius
3054 3399 3327 3468 ingenium
3354 3439 3368 3462 ,
3397 3413 3554 3470 quem
3577 3413 3864 3455 commcn-

2266 3489 2359 3554 do,
2393 3490 2714 3559 perpendas.
2749 3490 2840 3546 ESI
2868 3491 3010 3546 enim
3042 3504 3147 3544 non
3177 3490 3433 3544 mediocri
3467 3489 3588 3544 loco
3614 3503 3710 3545 aut
3750 3489 3865 3544 inti.

2266 3595 2352 3635 ma
2375 3594 2522 3636 sorte
2553 3582 2894 3652 progenitus;
2918 3581 3013 3636 sed
3034 3579 3372 3636 honestatem
3401 3581 3656 3634 natalium
3681 3581 3862 3650 pudo-

2264 3687 2324 3729 re
2352 3672 2686 3728 custodieus.
2712 3672 2886 3742 Atque
2925 3672 3046 3728 ideo
3083 3687 3184 3727 nec
3207 3685 3306 3742 ego
3333 3671 3645 3726 indecorum
3671 3672 3865 3741 putavi

2263 3765 2402 3822 bene
2431 3766 2703 3836 cognitum
2739 3766 2985 3836 prosequi
3032 3764 3344 3820 teStimonio
3378 3764 3703 3819 litterarum.
3751 3766 3862 3822 Nec

2265 3859 2554 3930 singularis
2578 3857 2914 3929 generositas
2937 3865 3027 3913 tua
3057 3857 3217 3914 debet
3245 3857 3311 3912 de
3338 3855 3455 3926 eius
3482 3871 3668 3912 amore
3696 3857 3862 3912 dubi-

2265 3963 2410 4018 tare,
2460 3969 2618 4023 quem
2676 3951 2825 4007 videt
2871 3951 3025 4007 nobis
3076 3949 3488 4020 astipulantibus
3540 3949 3860 4020 approbari.

2264 4047 2331 4102 Et
2358 4045 2473 4100 haec
2499 4045 2715 4115 quidem
2744 4059 2844 4114 pro
2867 4043 3154 4098 Ammonio
3196 4041 3327 4095 satis
3375 4039 3515 4095 dicta
3560 4038 3691 4093 sint.
3732 4039 3856 4109 ipse

2263 4151 2442 4194 autem
2467 4137 2796 4193 desiderium
2821 4136 2893 4190 tni
2926 4135 3192 4189 sermonis
3220 4133 3381 4187 silere
3405 4147 3510 4186 non
3536 4129 3737 4194 debeo,
3767 4143 3856 4184 cu-

2257 4232 2346 4301 ius
2375 4227 2736 4299 appetentiam
2763 4228 3085 4298 scriptorum
3108 4235 3320 4280 tuorum
3348 4217 3542 4278 raritas
3568 4221 3843 4276 vehemen

2265 4325 2368 4380 tius
2393 4324 2666 4379 excitavit.
2699 4321 2852 4377 Vale.

2856 4409 3072 4465 EPlST.
3115 4407 3247 4464 LVI.

2731 4517 3042 4559 SYMMACHUS
3080 4513 3386 4556 SALLUSTIO;

567 4604 744 4646 tecum
784 4592 1145 4648 sollicitudine
1187 4594 1398 4662 loquor.
1452 4594 1856 4663 Rescriptorum
1911 4595 2148 4650 omnium
2181 4584 2232 4644 Β
2328 4597 2668 4656 Cumulatius
2695 4597 2931 4651 officium
2965 4594 3132 4662 mihi,
3155 4608 3314 4663 quam
3344 4605 3730 4660 poposceram,
3759 4589 3866 4645 deo

566 4680 703 4735 fama
731 4690 781 4735 te
812 4683 1050 4752 reSpicit.
1075 4683 1213 4750 Quid
1255 4685 1298 4737 si
1344 4685 1505 4738 etiam
1554 4685 1632 4739 rei
1679 4686 1936 4741 memoria
1995 4685 2152 4742 fidem

565 4781 708 4824 tuam
737 4773 1026 4827 convenit?
1054 4774 1354 4842 Ampelium
1388 4773 1550 4829 clarae
1577 4783 1632 4829 et
1653 4775 1876 4830 illustris
1908 4779 2157 4833 recorda-

565 4862 724 4917 tionis
751 4862 919 4918 virum
951 4879 1141 4933 parvas
1170 4863 1316 4919 mdes
1335 4907 1348 4932 ,
1371 4879 1504 4934 quas
1543 4866 1780 4935 pretioso
1809 4867 1956 4922 auxit
1993 4885 2152 4924 orna-

564 4963 642 5018 tu,
675 4955 775 5010 sub
803 4955 948 5010 clivo
976 4955 1164 5010 salutis
1191 4957 1411 5021 emisse,
1443 4966 1502 5011 ut
1523 4956 1656 5012 civis
1675 4996 1691 5023 ,
1725 4966 1781 5011 ut
1811 4957 2018 5028 collega
2061 4975 2152 5016 re-

565 5045 889 5102 minisceris.
923 5046 1167 5117 Triginta
1195 5063 1459 5104 annorum
1506 5047 1697 5104 diebus
1745 5049 1987 5104 incanuit
2023 5059 2154 5105 tetas

565 5140 946 5206 possessionis;
975 5140 1178 5196 Auctor
1206 5142 1255 5198 ei
1282 5141 1668 5196 Posthuminus
1691 5156 1856 5212 nepos
1875 5142 2016 5198 Jovii
2038 5142 2155 5211 fuit,

563 5228 704 5282 inter
733 5237 924 5283 cetera
955 5233 1195 5297 parentis
1215 5247 1326 5285 suae.
1351 5231 1666 5304 Porpltyrite
1688 5231 1828 5287 bona
1859 5233 1998 5289 hanc
2025 5250 2158 5304 quo-

561 5335 668 5391 que
688 5319 914 5390 adeptus
927 5321 1144 5378 domum
1169 5338 1265 5390 per
1284 5325 1702 5380 successionem.
1721 5326 1890 5396 Hujus
1912 5325 2158 5399 Porphy-

562 5412 660 5467 rite
689 5412 817 5467 nihil
847 5429 1076 5482 unquam
1107 5415 1306 5486 negotii
1336 5431 1459 5471 cum
1489 5417 1815 5481 Theodosio,
1840 5419 1994 5488 cujus
2025 5421 2155 5475 olim

567 5506 851 5561 facultates
893 5506 1157 5561 Eusebius
1202 5507 1528 5576 impetravit.
1567 5509 1719 5565 Nunc
1762 5520 2074 5579 procurator
2122 5527 2152 5566 a

567 5600 1034 5658 eolumuailltenia
1063 5601 1248 5654 multis
1276 5599 1800 5669 huiusmodi'sutelis
1826 5603 1943 5660 foro
1967 5605 2156 5674 cogni-

564 5698 676 5754 tus,
700 5693 994 5748 inveterata
1015 5694 1160 5763 jura,
1195 5692 1680 5762 supplicationibus
1703 5697 1896 5766 quatit,
1917 5695 2165 5766 degustat

561 5782 758 5852 iudicia
815 5788 1055 5842 omnium
1109 5797 1445 5856 potestatum
1536 5799 1830 5860 empturum
1886 5789 2158 5844 actionum

2264 4691 2451 4744 tulisti.
2486 4690 2616 4745 Nam
2646 4705 2768 4745 cum
2790 4687 3118 4742 domesticos
3139 4699 3293 4739 meos
3315 4682 3490 4754 iuvari
3516 4691 3616 4737 ate
3651 4683 3707 4736 in
3731 4697 3869 4737 con-

2261 4783 2549 4853 quisitione
2587 4796 2849 4852 equorum
2887 4778 3149 4834 curulium
3180 4777 3559 4848 postulassem,
3581 4775 3867 4844 quadrigis

2261 4883 2492 4941 quatuor
2539 4871 2790 4942 gratuitis
2819 4869 3021 4925 auxisti
3045 4883 3324 4923 numerum
3353 4876 3756 4936 comparatum.
3787 4868 3868 4920 Ex

2264 4964 2370 5018 illis
2391 4978 2560 5034 equos
2587 4962 2836 5018 undecim
2858 4960 3175 5032 superstites
3202 4960 3414 5016 caeteris
3443 4968 3868 5025 prosecutorum

2266 5070 2392 5110 cura
2426 5055 2692 5124 perduxit.
2733 5053 2845 5109 Nec
2883 5053 3044 5122 longo
3081 5051 3364 5107 intervallo
3409 5064 3530 5120 pars
3574 5049 3871 5104 succubuit

2268 5148 2607 5202 traditorum.
2649 5147 2887 5203 Gratiam
2928 5153 3108 5200 tamen
3155 5144 3431 5215 religionis
3478 5154 3584 5198 tua
3631 5142 3871 5198 fortuna

2267 5255 2374 5295 non
2402 5240 2612 5294 minuit.
2638 5239 2772 5306 Quia
2799 5240 2850 5292 in
2900 5238 3212 5292 muneribus
3239 5237 3532 5291 amicorum
3583 5251 3692 5291 non
3740 5245 3872 5288 sunt

2269 5333 2468 5388 damna
2494 5346 2716 5386 casuum
2747 5329 3032 5400 cogitanda
3062 5346 3077 5385 :
3109 5329 3352 5399 quinimo
3382 5342 3445 5382 ea
3489 5327 3543 5380 in
3575 5337 3868 5396 acceptum

2267 5439 2476 5478 summa
2504 5423 2785 5479 referenda
2805 5432 2921 5485 est,
2972 5437 3094 5492 qua:
3142 5421 3210 5475 ab
3260 5419 3520 5474 offerente
3566 5418 3866 5488 processit.

2274 5517 2353 5572 Ad
2386 5526 2438 5572 te
2469 5516 2745 5587 dypticum
2777 5514 3083 5579 candidati,
3115 5522 3171 5569 et
3207 5511 3645 5583 apophoreticum
3700 5510 3844 5563 libra

2275 5623 2394 5662 rum
2419 5607 2626 5676 argenti
2659 5606 2884 5661 duarum
2936 5621 3036 5676 per
3085 5604 3356 5660 hominem
3389 5611 3536 5657 tuum
3579 5601 3874 5666 misimus.

2270 5697 2575 5766 approbare
2603 5698 2882 5769 cupientes
2904 5697 3126 5755 editioni
3145 5706 3342 5753 nostra:
3362 5703 3414 5752 te
3432 5694 3613 5751 animo
3631 5707 3750 5750 non
3775 5693 3869 5753 de.

2267 5789 2432 5844 fuisse
2479 5787 2630 5845 Valc.
