4046 6170
188 278 284 335 257

761 391 975 448 EPIST.
1016 391 1171 447 LVII.

653 495 955 538 SYHMACHUS
992 499 1299 539 δΑιιυετΊο.

249 569 473 626 Utilitati
503 582 606 626 tuae
636 574 798 628 ctiam
824 589 931 630 non
958 575 1316 630 commonitus
1341 575 1633 642 aﬂ'uissem,
1664 591 1759 633 co-

181 662 258 732 ius
286 677 372 718 me
402 663 654 719 habuisse
681 665 942 720 rationem
964 665 1218 722 dominus
1244 676 1300 722 et
1328 668 1470 723 filius
1494 683 1648 724 meus
1664 684 1758 738 pa-

181 756 405 821 truinus,
435 756 517 810 vir
543 757 853 826 spectabilis
886 773 990 812 non
1018 759 1236 813 tacebit.
1267 759 1418 814 llunc
1463 761 1755 817 admonere

179 844 394 900 debebis
420 854 478 899 ut
499 856 554 901 et
595 846 676 900 sui
709 848 819 902 voti
848 848 1257 918 consuetudine,
1292 858 1348 905 et
1377 865 1512 905 mea:
1539 851 1755 920 petitio-

178 936 254 991 nis
274 934 492 1004 intuitu,
523 936 785 993 desideria
815 947 899 993 tua
923 939 1111 1008 juvare
1140 940 1407 1010 dignetur.
1433 942 1581 997 Vale.

740 1029 956 1086 EPIST.
1006 1030 1185 1085 LVIII.

663 1134 973 1175 SYNMACHUS
1008 1136 1273 1178 PATERNO.

233 1210 351 1281 Ego
379 1211 600 1282 quidem
632 1213 843 1268 senatui
871 1213 1135 1267 interesse
1166 1228 1272 1268 non
1302 1211 1446 1281 potui
1474 1255 1488 1280 ,
1517 1226 1624 1283 quo
1663 1213 1750 1269 die

170 1300 416 1356 Thalassi
449 1303 588 1356 lilius
615 1301 890 1371 dignitatis
920 1311 1116 1358 nostra:
1135 1303 1446 1358 muneribus
1467 1303 1774 1373 exemptus‘

170 1403 244 1446 est
274 1406 292 1446 :
328 1392 430 1447 sed
463 1407 616 1462 spem
641 1392 833 1447 futura:
859 1407 955 1462 pro
983 1407 1048 1446 co
1075 1394 1306 1448 actionis
1335 1408 1441 1447 non
1474 1394 1576 1448 levi
1609 1397 1748 1463 apud

167 1483 367 1539 amicos
393 1482 866 1538 commendatione
893 1483 1244 1538 solidaveram
1271 1501 1283 1535 :
1317 1499 1417 1539 nec
1443 1493 1619 1539 tamen
1649 1485 1748 1539 im-

167 1576 483 1645 petrationis
509 1577 736 1645 gratiam
767 1575 898 1630 mihi
931 1575 1165 1630 vindico.
1194 1576 1406 1631 Justitia
1453 1577 1745 1646 postulati,

167 1674 215 1720 et
233 1667 580 1720 interventus
606 1667 679 1720 tui
709 1665 1009 1720 desiderata
1035 1666 1321 1736 promovit.
1350 1668 1464 1721 Mea
1496 1668 1746 1722 valetudo

1400 285 1874 343 EPISTULARUM
1917 287 2117 343 LIBER
2162 291 2222 347 ν.

1782 403 1830 459 Α
1859 398 2184 467 quagesimae
2235 398 2462 470 vectigal
2500 401 2764 471 exigitur;
2813 405 2955 472 quod
3005 406 3151 462 solos
3193 423 3437 464 ursorum

3339 306 3444 364 258

1863 487 2247 558 negotiatores,
2292 499 2494 561 utpote
2519 495 2745 562 qumstui
2775 497 3090 565 servientes,
3125 509 3438 568 oportetag-

1860 593 2102 635 noscere.
2142 579 2308 650 Cujus
2347 583 2558 652 injuria:
2595 585 2863 642 affectatio
2904 599 3052 643 tuum
3088 591 3437 648 moderamen

1857 678 2154 738 exspectat.
2183 672 2416 739 Resiste,
2441 690 2625 743 quaeso
2655 687 2725 740 te,
2754 679 3161 746 publicanorum
3183 683 3418 751 cupidita

1859 758 1919 824 ti,
1944 769 2000 814 et
2020 760 2215 815 damna
2247 763 2570 834 collegarum
2615 767 2814 822 recide.
2865 769 2946 822 Ad
2980 770 3244 839 geminam
3293 782 3434 826 tuam

1853 847 2074 916 gratiam
2106 865 2194 905 res
2221 851 2321 905 ista
2352 853 2621 920 proﬁciet;
2679 856 2725 910 si
2773 858 3049 928 privilegio
3086 861 3435 918 honoravens

1853 949 2098 995 st-natum
2150 941 2414 999 levamine
2437 945 2644 1014 juveris
2671 948 3006 1006 candidatos.
3033 950 3184 1006 Vale.

2420 1097 2641 1153 EPIST.
2699 1098 2882 1156 LXIII.

2327 1240 2632 1284 SYBNACHUS
2671 1245 2935 1287 PATERNO.

1920 1356 2090 1412 Causa
2115 1359 2271 1413 amici
2304 1362 2471 1415 suasit
2490 1371 2546 1415 ut
2566 1364 2882 1421 scriberem.
2899 1367 3000 1421 Sed
3027 1368 3299 1424 fatendum
3316 1382 3418 1435 est,

1848 1449 2105 1518 majorem
2129 1466 2215 1505 me
2235 1466 2414 1506 curam
2447 1464 2549 1509 tua:
2576 1455 2987 1514 existimationis
3011 1461 3280 1517 habuisse.
3297 1463 3418 1516 Νέδη-

1847 1540 2179 1598 Ilittuciantts
2213 1543 2275 1598 ν.
2309 1543 2370 1599 C.
2407 1548 2605 1616 exiguo
2649 1549 2982 1616 periclitatur
3019 1564 3264 1622 argento.
3308 1554 3409 1608 Tib

1846 1644 2026 1690 autem
2045 1652 2150 1691 non
2183 1639 2356 1692 tenuis
2383 1639 2447 1691 ad
2481 1640 2689 1694 laudem
2721 1643 3047 1697 reserabitur
3067 1645 3231 1710 via,si
3256 1645 3418 1712 falsis,

164 1756 244 1807 diu
268 1755 507 1824 jactata,
537 1755 751 1810 tandem
779 1769 836 1810 se
858 1755 912 1810 in
957 1727 1298 1826 tranquillum
1343 1759 1563 1828 recepit.
1590 1759 1741 1826 Quod
1771 1762 1821 1823 B
1935 1727 2116 1828 audii”
2155 1729 2475 1828 syngrwms
2513 1732 2740 1828 aciei"
2775 1735 3042 1828 “’“ml'ia
3088 1737 3356 1828 ,θθῃδθάθτ
3381 1749 3419 1793 ί·

161 1861 221 1900 eo
258 1846 456 1902 scribo
487 1857 545 1901 ut
568 1856 759 1903 auctus
785 1849 968 1905 laetitia
998 1849 1184 1904 salutis
1223 1864 1358 1906 mea:
1380 1891 1396 1916 ,
1441 1865 1622 1922 parem
1648 1867 1743 1908 vo-

164 1937 421 2008 luptatem
450 1939 518 1996 de
544 1941 822 2012 prosperis
849 1943 952 1996 tuis
983 1941 1207 1998 referas.
1232 1941 1383 1998 Vale.

766 2032 980 2088 EPIST.
1022 2033 1160 2088 LIX.

652 2139 960 2179 SYIHACHUS
998 2140 1260 2180 PATERNO.

222 2211 426 2268 Primis
453 2212 803 2282 petitionibus
824 2218 1021 2270 nostris
1050 2217 1274 2271 multum
1308 2217 1557 2289 ponderis
1590 2219 1739 2276 addit

158 2302 388 2357 iteratio.
440 2303 508 2357 Et
542 2304 662 2360 ideo
691 2303 759 2359 de
801 2306 1146 2361 venatoribus
1193 2308 1509 2363 exhibendis
1550 2319 1737 2378 repeto

157 2395 508 2463 postulatum,
538 2410 645 2466 quo
692 2395 902 2451 facilius
953 2399 1046 2453 tibi
1090 2399 1420 2468 diligentiam
1466 2401 1734 2471 geminata

153 2485 349 2552 scripta
377 2485 690 2541 sollicitent.
726 2487 851 2541 Dies
881 2489 1052 2542 nostri
1086 2488 1327 2543 muneris
1374 2492 1602 2559 tempori
1641 2491 1737 2546 ad-

65 2599 76 2612 ο
153 2590 404 2634 movetur
433 2596 448 2632 :
475 2580 560 2634 cui
592 2580 808 2649 largitas
837 2581 1104 2636 candidati
1135 2580 1251 2637 sola
1281 2597 1387 2636 non
1416 2583 1647 2649 sufﬁcit,
1685 2585 1732 2640 si

152 2668 474 2724 lautioribus
531 2671 792 2725 arenariis
843 2669 1150 2736 deferatur,
1210 2672 1392 2743 inepta
1459 2682 1542 2728 est
1589 2675 1732 2730 enim

152 2761 523 2816 munificentia
574 2775 694 2829 qua:
743 2770 1027 2832 praestatur
1092 2762 1342 2834 Indignis.
1399 2763 1733 2835 Quapropter

153 2865 328 2918 quaeso
362 2860 420 2904 te
453 2859 512 2904 ut
540 2860 854 2906 venatorum
895 2856 1201 2921 potissimos
1247 2856 1564 2910 anetoritate
1589 2856 1732 2925 judi-

151 2941 222 2992 cis
245 2948 301 2993 et
330 2939 525 2993 fratris
547 2954 751 3010 amore,
776 2942 1073 3008 concedas;
1112 2945 1336 2998 multum
1366 2945 1527 3000 rebus
1553 2949 1726 3000 omni-

153 3030 241 3083 bus
266 3030 580 3100 additurus,
597 3047 729 3101 quas
750 3034 944 3087 civium
971 3034 1232 3104 voluptati
1257 3037 1500 3092 animoso
1523 3039 1730 3108 impen-

153 3123 229 3176 dio
249 3139 367 3192 pm!
373 3137 646 3192 paramus.
681 3124 831 3178 Vale.

756 3217 969 3274 EPIST.
1010 3219 1122 3274 LX.

649 3324 956 3367 SYMMACBUS
994 3328 1253 3369 PATERNO.

209 3401 417 3456 Omnes
441 3400 534 3470 qui
562 3410 654 3455 tuo
680 3401 826 3456 aditu
847 3403 1073 3472 cupiunt
1099 3405 1368 3460 sublevari
1393 3445 1409 3472 ,
1457 3420 1562 3462 non
1607 3420 1727 3462 cas-

151 3501 250 3542 sam
279 3534 294 3557 ,
345 3501 614 3560 quantum
659 3491 910 3562 arbitror,
961 3506 1248 3564 capessunt
1298 3498 1438 3551 viam
1484 3497 1728 3552 ineundae

150 3585 351 3650 gratize,
384 3597 511 3637 cuin
552 3598 640 3640 me
671 3585 1018 3654 astipulatore
1064 3589 1326 3643 nituntur.
1358 3589 1559 3645 Horum
1587 3607 1724 3646 unus

148 3673 218 3725 vir
238 3673 541 3742 probabilis
562 3673 819 3730 Turasius
851 3676 1128 3733 familiaris
1160 3694 1343 3749 meus,
1389 3681 1479 3750 qui
1506 3681 1725 3736 indicta:

149 3763 236 3818 sibi
260 3765 378 3820 litis
409 3765 666 3834 injuriam
690 3765 920 3821 fortuna:
947 3768 1193 3838 imputat,
1215 3771 1440 3839 gratiam
1455 3786 1582 3826 vero
1602 3772 1726 3826 boni

147 3855 348 3912 reditus
375 3857 446 3911 de
477 3867 568 3910 tuo
596 3857 929 3927 potissimum
972 3869 1154 3929 sperat
1184 3862 1403 3916 auxilio.
1435 3863 1608 3917 Tuere
1630 3864 1728 3932 igi-

146 3956 410 4020 ιυωιιυτι
450 3959 791 4018 poscentem,
822 3959 878 4005 et
916 3951 1261 4008 humanitatis
1299 3961 1402 4007 tua:
1443 3953 1603 4008 latius
1634 3970 1727 4008 ex-

145 4043 299 4097 tende
322 4042 554 4108 famam;
584 4057 705 4113 quae
747 4044 1098 4100 incrementis
1140 4048 1386 4102 maximis
1429 4049 1726 4104 cumulabi-

144 4141 243 4203 tur,
272 4135 324 4190 si
358 4135 586 4191 Turasio
614 4151 713 4208 per
743 4145 795 4190 te
821 4139 1052 4193 secunda
1092 4144 1470 4196 successerint.
1501 4142 1651 4200 Vale.

744 4230 957 4287 EPIST.
999 4231 1132 4289 LXI.

638 4335 1238 4378 SYIIACBUSPATEBNO.

208 4407 423 4479 Religio
473 4412 761 4479 postu’avit
800 4421 856 4466 ut
899 4413 1225 4480 scriberem,
1267 4417 1560 4483 praesertim
1601 4432 1721 4472 cum

139 4498 449 4554 hortaretur
475 4499 755 4555 familiaris
775 4504 1007 4558 occasio.
1038 4503 1168 4557 Nam
1196 4479 1356 4559 homo
1400 4517 1524 4560 tuus
1558 4509 1724 4562 tabel-
1755 4479 1802 4538 θ

140 4593 335 4646 larium
355 4608 414 4647 se
438 4594 568 4647 mibi
591 4594 786 4648 obtulit
809 4596 930 4666 ;.cui
956 4595 1083 4648 nihil
1102 4597 1400 4650 litterarum
1417 4599 1726 4663 dare,sum-

141 4696 285 4735 niam
312 4683 505 4750 piaculi
531 4698 655 4738 esse
686 4686 958 4755 perspexi.
991 4685 1182 4741 Valere
1209 4688 1369 4756 igitur
1398 4701 1448 4743 te
1473 4701 1725 4758 opto,me

141 4774 365 4838 nuntio;
398 4784 453 4828 et
479 4775 716 4829 vicissim
749 4787 875 4846 peto
899 4784 958 4830 ut
1001 4790 1101 4832 nos
1123 4779 1397 4848 sospitatis
1439 4793 1541 4834 tua:
1587 4781 1723 4835 indi-

137 4865 234 4919 ciis
256 4869 579 4921 mut'ereris.
617 4856 812 4922 Vale.’

723 4959 936 5014 EPIST.
979 4960 1138 5016 LXII.

645 5063 949 5105 SYIIACHUS
980 5067 1240 5108 PATERNO.

201 5139 515 5203 Quastores
528 5139 736 5195 ordinis
749 5143 920 5196 nostri
949 5157 1223 5212 nunquam
1248 5143 1478 5199 ferarum
1502 5160 1718 5203 suarum

135 5245 169 5298 p
189 5231 438 5284 irtorium
466 5233 833 5287 contulerunt.
857 5232 1031 5288 Grave
1055 5235 1200 5290 enim
1227 5235 1520 5305 majoribus
1545 5237 1717 5292 visum

128 5333 239 5384 est,
273 5330 344 5376 ut
364 5323 717 5379 tolerantibus
742 5339 908 5380 onera
932 5327 1218 5380 senatoria:
1248 5327 1542 5397 dignitatis,
1573 5343 1719 5383 sum-

129 5423 257 5481 ptus
283 5413 607 5467 immodicus
636 5414 950 5471 adderetur.
984 5416 1109 5470 Ilaec
1134 5416 1265 5472 mihi
1288 5418 1566 5485 ‘proxime,
1595 5435 1716 5473 cum

126 5503 511 5571 gladiatorium
537 5518 730 5558 munus
753 5507 1094 5570 instruerem,
1118 5511 1288 5576 magis
1313 5510 1493 5578 pOpuli
1518 5509 1718 5564 Roma-

128 5597 204 5661 ni,
236 5609 405 5664 quam
433 5610 556 5650 meo
580 5598 799 5650 nomine
834 5600 1190 5670 praerogativa
1227 5601 1402 5656 delata
1433 5613 1541 5656 ost.
1576 5602 1725 5658 Nunc

137 5700 166 5737 a
182 5687 362 5742 fratre
383 5701 505 5742 meo
531 5683 768 5758 Cynegio
789 5689 851 5743 Υ.
871 5689 934 5746 C.
965 5692 1262 5758 Qumstorio
1279 5693 1725 5762 candida'oquin-

1758 3119 1804 3182 ρ
1835 3095 2066 3150 tuebitur
2117 3096 2410 3165 cognituris
2461 3113 2476 3149 :

1846 1815 1995 1885 Piget
2035 1817 2215 1873 dicere
2263 1818 2457 1887 quibus
2502 1821 2736 1891 strophis
2781 1826 3046 1894 apparitio
3086 1826 3197 1880 itali
3245 1829 3418 1886 aerarii

1841 1918 2140 1976 grassetur.
2167 1910 2357 1966 Fertur
2386 1911 2485 1966 sub
2519 1913 2713 1980 publici
2757 1914 2921 1969 debiti
2961 1918 3142 1986 specie
3187 1917 3416 1985 privato~

1840 2013 1958 2053 rum
1985 2001 2262 2054 nominum
2292 2002 2419 2057 falsa
2447 2003 2682 2058 recitari.
2711 2005 2978 2061 Invalidos
3000 2007 3215 2076 quidem
3238 2011 3416 2063 statim

1839 2090 2006 2146 vincit
2044 2092 2348 2163 impressio.
2377 2093 2676 2150 Validiores
2719 2109 2897 2151 autem
2937 2113 3055 2153 cum
3089 2100 3415 2155 munimenta

1839 2193 1938 2248 pro
1974 2181 2191 2251 sejuris
2224 2184 2557 2251 asciverent,
2587 2168 2888 2241 Eriminosis
2922 2187 3205 2242 verborum
3255 2189 3416 2243 inter-

1837 2272 2225 2340 pretationibus
2255 2274 2615 2345 implicantur,
2657 2285 2716 2330 ut
2757 2276 2823 2331 ad
2869 2277 3051 2332 damni
3103 2269 3414 2347 patientiam

1837 2376 1958 2418 sese
1975 2364 2188 2420 invidia:
2216 2365 2406 2422 timore
2423 2368 2757 2422 submittant.
2791 2368 2894 2424 Sed
2914 2368 3052 2424 V.C.
3068 2369 3413 2440 Minutianus,

1837 2456 1912 2510 tui
1940 2473 2164 2513 securus
2190 2466 2245 2514 et
2274 2459 2476 2529 legum,
2513 2461 2791 2515 relationis
2819 2463 2992 2519 minas
3024 2466 3234 2520 amoliri
3266 2477 3414 2538 optat

1835 2547 2112 2604 examine.
2138 2548 2211 2602 Da
2244 2548 2426 2618 igitur,
2457 2565 2553 2604 oro
2582 2561 2632 2606 te
2652 2592 2668 2618 ,
2707 2551 2949 2622 judit'es,
3004 2570 3138 2624 quos
3195 2559 3414 2612 urbanis

1837 2640 2188 2706 potestatibus
2219 2640 2511 2708 imperialis
2537 2642 2776 2712 praefecit
2796 2643 3010 2699 electio.
3046 2646 3231 2716 Neque
3269 2651 3412 2702 enim

1833 2730 2053 2798 dignum
2082 2739 2184 2798 est,
2217 2731 2283 2786 ad
2318 2731 2660 2802 longinquam
2704 2735 3064 2802 cognitionem
3113 2737 3289 2790 vocari
3321 2740 3412 2791 de-

1834 2819 2001 2875 bitum
2034 2830 2194 2877 tenue
2223 2832 2276 2877 et
2320 2824 2642 2892 praecipuam
2674 2822 3008 2891 dignitatem.
3035 2824 3266 2894 Longius
3293 2841 3414 2894 per-

1833 2931 2048 2985 gerem,
2088 2917 2132 2970 si
2163 2916 2389 2986 aequitas
2415 2916 2580 2970 vellet
2623 2911 2802 2970 multis
2859 2916 3108 2986 precibus
3149 2919 3406 2982 aduvari.

1831 3005 2019 3058 Causa:
2046 3019 2217 3075 genus
2257 3005 2450 3060 relatio
2497 3005 2787 3076 publicabit
2819 3021 2832 3059 :
2871 3022 2988 3076 quze
3031 3008 3133 3061 etsi
3169 3023 3408 3065 errorem

2533 3110 2913 3165 nonnunquam
2971 3108 3147 3152 tamen
3211 3101 3407 3165 poti-tit

1833 3183 2060 3240 emereri
2080 3223 2097 3253 ,
2126 3193 2182 3238 ut
2212 3185 2290 3240 illi
2323 3200 2354 3240 a
2393 3195 2444 3240 te
2472 3187 2589 3240 sine
2614 3186 2720 3239 alio
2749 3185 3107 3256 disceptatore
3136 3184 3407 3242 creditur.

1831 3272 1983 3330 Vale.

2403 3370 2614 3426 EPIST.
2657 3370 2838 3426 LXIV.

2341 3476 2650 3518 svuutcncs
2691 3469 2950 3517 PATERNO.

1900 3552 2211 3607 Ostentator
2238 3553 2342 3607 mei
2376 3555 2427 3606 in
2457 3562 2509 3608 te
2537 3554 2697 3608 studii
2723 3569 2841 3608 esse
2863 3571 2965 3607 non
2997 3553 3185 3609 debeo.
3212 3555 3331 3608 Olli;
3353 3572 3398 3610 ia

1829 3644 2028 3715 quippe
2051 3661 2116 3700 ex
2147 3645 2331 3700 debito
2377 3645 2648 3716 religionis
2677 3647 2912 3716 profecta
2938 3647 3282 3716 jactationem
3326 3667 3406 3704 re-

1828 3747 2040 3792 cusant.
2087 3737 2336 3803 Quinimo
2380 3737 2560 3792 uberis
2602 3738 2786 3807 gratia:
2821 3738 2988 3792 instar
3029 3741 3232 3808 accepi,
3268 3741 3407 3808 quod

1827 3828 2078 3883 amicitias
2119 3843 2254 3883 mete
2287 3827 2348 3881 V.
2376 3827 2436 3883 ο.
2480 3828 2682 3897 Scipio,
2725 3839 2775 3883 te
2803 3837 3110 3900 mystagogo
3140 3844 3282 3890 usus,
3317 3851 3411 3889 ac-

1827 3923 2011 3974 cessit.
2048 3921 2335 3977 Maximum
2364 3919 2507 3974 enim
2536 3920 2740 3974 lucrum
2779 3931 2858 3973 est
2901 3935 3142 3987 qurerere
3174 3919 3402 3972 familia-

1828 4011 2038 4064 ritatem
2091 4010 2376 4063 bonorum.
2416 4009 2482 4063 Et
2524 4024 2654 4063 sane
2688 4023 2846 4078 spero
2885 4009 3054 4076 ipsum
3094 4023 3303 4078 quoque
3350 4012 3400 4061 in

1826 4099 2073 4154 omnibus
2105 4100 2301 4153 nostris
2328 4099 2634 4168 diligentem
2669 4098 2926 4164 futurum,
2968 4109 3244 4169 postquam
3278 4116 3404 4165 (fng-

1827 4191 2037 4245 noverit
2082 4205 2300 4244 suorum
2345 4192 2533 4254 relatu,
2581 4191 2722 4258 quod
2764 4189 2979 4259 negotio
3007 4189 3122 4244 eius
3150 4205 3276 4244 cura
3308 4205 3402 4243 no—

1827 4291 1937 4338 stra
1975 4282 2278 4336 contulerit.
2312 4280 2461 4334 Vale.

2386 4410 2600 4490 [ηδτ.
2636 4407 2794 4464 va.

2320 4517 2628 4557 SYIIACIIUS
2659 4499 2920 4556 PATl.BNd.

1899 4598 1944 4666 Q
1968 4597 2327 4668 .adragesimae
2358 4598 2648 4667 portorium
2677 4599 2812 4669 (sive
2842 4597 3092 4666 vectigal)
3127 4610 3230 4650 non
3255 4606 3400 4651 recte

1831 4695 2069 4761 poscitur
2102 4707 2131 4744 a
2161 4691 2500 4746 senatoribus
2538 4691 2835 4745 candidatis
2867 4708 2880 4744 :
2909 4693 3032 4761 quia
3061 4692 3225 4746 nostri
3261 4694 3400 4746 ordi-

1831 4783 1912 4838 nis
1936 4784 2236 4838 functiones
2259 4783 2471 4838 onerari
2492 4783 2718 4852 geminis
2744 4781 3099 4837 incommodis
3121 4797 3224 4836 non
3246 4797 3401 4852 Opor-

1830 4885 1925 4931 tct.
1961 4877 2072 4932 Hoc
2097 4877 2188 4932 tibi
2217 4877 2378 4933 etiam
2402 4893 2497 4947 pro
2521 4875 2756 4947 Cynegio
2785 4876 2847 4932 V.
2889 4875 2950 4932 C.
2981 4876 3183 4932 dudum
3223 4878 3400 4933 missis

1829 4968 2019 5026 litteris
2049 4969 2297 5024 iudicavi.
2334 4969 2485 5024 Nunc
2513 4969 2607 5022 filii
2643 4969 2747 5022 mei
2779 4968 3086 5037 Pompeiani
3117 4967 3398 5022 clarissimi

1827 5071 1882 5117 et
1907 5062 2090 5130 optimi
2118 5064 2330 5130 juvenis
2357 5077 2454 5133 par
2481 5063 2775 5116 necessitas
2795 5060 3128 5130 depoposcit,
3162 5069 3220 5114 ut
3247 5076 3396 5128 repe

1829 5161 1993 5207 terem
2035 5155 2379 5222 postulatum.
2431 5153 2625 5220 Quarso
2670 5152 2829 5222 igitur
2873 5160 2933 5206 ut
2977 5150 3397 5216 humanitatem,

1826 5257 1944 5312 qua:
1971 5245 2109 5298 inter
2134 5237 2359 5298 virtute‘s
2392 5253 2505 5298 tuas
2531 5243 2701 5313 prima
2727 5253 2828 5307 est,
2863 5242 3026 5297 nostri
3051 5242 3255 5298 ordinis
3287 5243 3396 5296 edi-

1829 5335 2032 5387 toribus
2078 5335 2361 5403 dignanter
2400 5333 2708 5402 impertias;
2761 5343 2811 5386 et
2856 5347 3104 5386 ursorum
3155 5341 3392 5409 transch

1824 5422 2057 5477 ctiouem
2104 5422 2384 5490 cupiditati
2432 5421 2818 5492 mancipiorum
2863 5422 3167 5476 subtrahas.
3207 5422 3388 5475 Perve.

1827 5515 1939 5570 niet
1969 5515 2212 5570 beneficii
2243 5515 2394 5570 istius
2418 5518 2586 5586 gratia
2609 5525 2662 5570 et
2689 5515 2754 5569 ad
2779 5527 3044 5578 senatum,
3073 5515 3161 5584 qui
3193 5513 3393 5568 levatur

1827 5603 2200 5668 incommodis,
2228 5615 2282 5661 et
2310 5607 2376 5661 ad
2404 5609 2677 5677 populutn,
2708 5611 2857 5678 cujus
2883 5603 3243 5676 voluptatibus
3267 5620 3388 5676 prm-

1828 5707 2002 5756 statur
2026 5698 2353 5754 itntnunitas.
2385 5699 2537 5755 Vale.
