4046 6170
615 307 720 361 259

1174 408 1385 464 EPIST.
1418 405 1599 462 LXVI.

1104 512 1405 553 SYIIACIIUS
1432 512 1635 553 PATEﬂN
1646 510 1700 550 ο.

690 588 917 661 Ampelli
943 590 1164 644 illustris
1188 588 1464 642 memoria:
1491 586 1592 641 viri
1639 584 2085 649 necessitudines,
2116 584 2197 640 iu-

619 692 887 736 eessuntut
928 680 1019 734 lite
1050 680 1279 748 privata.
1299 678 1413 732 Non
1444 686 1599 747 putes
1624 676 1733 732 sola
1756 678 1994 746 parentis
2015 691 2198 743 recor-

618 772 833 827 datione
873 785 1065 825 curam
1108 785 1208 839 pro
1245 769 1350 823 illis
1381 780 1617 823 nostram
1653 768 1880 823 moveri.
1928 767 2198 821 Externos

619 877 848 932 quoque,
882 872 936 917 et
966 860 1253 916 memorari
1297 861 1396 915 viri
1438 861 1673 927 nescios,
1707 876 1883 916 causa:
1915 860 2023 915 urit
2056 859 2197 914 indi-

618 954 814 1024 gnitas.
851 952 1018 1022 Cujus
1050 953 1304 1019 breviter,
1337 962 1396 1008 ut
1426 967 1664 1022 possunt,
1694 953 1901 1023 fastigia
1932 962 1985 1007 et
2022 952 2198 1022 capita

618 1052 943 1121 contingam.
976 1050 1255 1119 Ampelius
1280 1049 1348 1106 de
1368 1051 1721 1104 summatibus
1748 1049 2013 1119 quondam
2044 1064 2199 1104 sena-

620 1152 741 1207 tus,
786 1158 944 1212 quem
988 1143 1144 1196 fama:
1188 1142 1501 1198 celebritate
1541 1140 1683 1196 didic
1707 1142 1773 1195 sti
1822 1140 2198 1196 domunculam

620 1232 806 1287 Roma:
833 1233 899 1287 de
919 1232 1229 1286 Posthumio
1256 1231 1319 1285 V.
1342 1232 1404 1287 (Σ.
1433 1231 1742 1303 I‘orpliyrize
1768 1230 1977 1285 luerede
1996 1244 2199 1285 merca-

622 1333 707 1377 tus
738 1331 839 1377 est.
870 1322 1189 1376 Contractus
1210 1322 1365 1376 istius
1392 1323 1541 1391 origo
1564 1322 1705 1391 justa
1733 1329 1882 1385 tetas,
1912 1334 2077 1389 prolis
2098 1334 2199 1373 sre-

617 1414 839 1479 cularis,
867 1428 971 1483 qua
995 1415 1251 1469 intentata
1279 1414 1546 1482 possessio
1567 1422 1669 1467 est.
1691 1412 1843 1466 Nunc
1864 1427 2033 1477 nuper
2054 1423 2199 1465 vete-

619 1514 764 1557 rator
790 1504 1003 1572 quidam
1036 1502 1405 1571 procuratorio
1431 1502 1646 1556 nomine
1676 1512 1838 1570 caput
1860 1500 2069 1564 extulit,
2096 1500 2199 1553 Eu-

618 1593 753 1648 sebii
777 1607 841 1647 ex
868 1593 1077 1646 notario
1110 1591 1172 1646 V.
1208 1590 1270 1646 C.
1299 1606 1555 1659 quassans
1584 1601 1849 1647 vetustam
1882 1591 2196 1660 petitionem

617 1684 686 1739 de
716 1683 1010 1752 impetratis
1038 1683 1165 1737 olim
1197 1682 1487 1737 Theodosii
1525 1682 1766 1752 ejusdem
1796 1683 1975 1750 bonis,
2004 1682 2197 1753 quibus

1782 295 1847 360 Q.
1889 290 2229 348 AUBELIUS
2266 286 2699 346 εγιιιιΑοιιιιε.

3770 286 3878 340 εαο

2295 417 2474 457 rarum
2502 400 2697 467 indago
2719 405 2960 455 testatur.
2996 397 3120 453 Ιιιιεε
3151 397 3310 468 igitur
3338 398 3505 466 prima
3532 397 3661 455 mihi
3693 398 3759 453 de
3786 416 3879 453 vo-

2300 497 2379 549 bis
2408 493 2583 564 gaudii
2610 506 2770 547 causa
2792 501 2893 555 est,
2919 491 3083 560 quod.
3103 492 3318 546 rusticis
3340 491 3700 560 voluptatibus
3727 495 3877 547 sani—

2299 594 2463 639 tatem
2506 584 2727 650 juvatis.
2768 582 3051 638 Secundus
3088 581 3288 636 lmtitite
3314 582 3515 651 gradus
3547 592 3651 648 est,
3680 594 3878 638 venatu

2300 684 2455 746 capta
2481 673 2760 731 meruisse.
2791 672 2923 729 Nam
2945 681 3004 725 ut
3029 670 3216 725 honori
3241 671 3528 727 Nuininum
3549 673 3728 741 datur,
3757 688 3879 727 cor-

2302 781 2404 821 una
2440 779 2658 820 sacrare
2701 778 2984 820 cervorum
3004 802 3020 829 ,
3052 770 3107 818 et
3141 762 3357 832 aprinos
3385 762 3574 819 dentes
3604 763 3879 819 liminibus

2298 856 2546 925 affigere;
2594 856 2666 911 ita
2701 854 2996 909 amicorum
3038 853 3200 906 cultui
3243 853 3557 909 dedicantur
3587 853 3877 910 libamenta

2299 949 2597 1019 sylvarum.
2634 948 2840 1005 Interea
2886 959 3079 1001 recuso
3106 945 3426 1001 sententiam
3468 962 3588 1017 qua:
3634 962 3749 1002 rem
3787 961 3879 1002 ve-

2301 1042 2528 1095 naticam
2556 1039 2751 1095 servile
2785 1038 2930 1095 ducit
2954 1036 3492 1093 ofﬁcium.Statuerit
3520 1039 3622 1092 hoc
3642 1041 3877 1108 scriptor

2299 1131 2439 1202 stylo
2480 1139 2687 1184 tantum
2734 1129 3060 1199 probandus,
3102 1143 3226 1182 nam
3274 1143 3479 1183 morum
3525 1128 3642 1196 ejus
3680 1129 3876 1184 damna

2301 1238 2406 1277 non
2429 1224 2612 1279 sinunt
2640 1231 2696 1276 ut
2730 1222 2799 1279 ab
2823 1222 2918 1278 illo
2937 1220 3155 1291 agendae
3176 1221 3298 1275 vitae
3324 1230 3535 1289 petatur
3559 1222 3875 1277 auctoritas.

2304 1316 2410 1370 \’os
2439 1315 2581 1370 malo
2619 1330 2741 1370 cum
2777 1314 2945 1369 Atillo
2984 1314 3230 1369 rusticari
3259 1322 3315 1369 et
3353 1313 3533 1369 ludum
3566 1314 3757 1369 virium
3789 1330 3877 1369 se-

2299 1407 2422 1475 qui,
2462 1421 2623 1475 quam
2648 1406 2800 1460 bonis
2830 1406 3008 1460 verbis
3038 1404 3231 1461 deduci
3260 1404 3326 1458 ad
3366 1405 3607 1459 instituta
3630 1405 3874 1462 desdiae.

2301 1497 2461 1551 Certe
2503 1497 2750 1551 :etatibus
2803 1496 2999 1551 vestris
3040 1496 3131 1550 hic
3172 1495 3319 1549 labor
3353 1496 3622 1549 convenit.
3675 1495 3876 1550 Distin-

2300 1588 2507 1659 guenda
2536 1597 2619 1643 est
2647 1586 2804 1642 lectio
2820 1586 3100 1657 juvenum,
3127 1602 3232 1641 non
3253 1587 3482 1649 alveolo,
3512 1597 3603 1641 aut
3622 1588 3749 1657 pila,
3778 1602 3880 1643 nec

2304 1679 2492 1734 trocho
2513 1679 2709 1743 Attico,
2734 1681 2823 1733 vel
2857 1679 3061 1734 Graecis
3099 1677 3399 1747 palmstris;
3422 1678 3515 1734 sed
3546 1678 3709 1732 alacri
3746 1678 3881 1732 fati-

616 1772 721 1829 hoc
767 1773 1023 1843 praedium
1067 1773 1322 1828 mentitur
1362 1774 1603 1828 haesisse.
1640 1773 1948 1829 Theodosio
1981 1783 2036 1827 et
2070 1772 2200 1826 Por-
2229 1762 2276 1821 B
2302 1772 2515 1841 gatione
2544 1780 2599 1826 et
2619 1770 2919 1825 innocentis
2947 1769 3186 1826 audaciae
3214 1770 3443 1839 gaudiis.
3472 1769 3555 1824 Ad
3576 1770 3692 1826 haec
3711 1774 3881 1826 etiam

617 1866 821 1937 phyria:
846 1864 988 1919 nulla
1016 1866 1281 1919 rationum
1304 1865 1534 1920 societas
1568 1864 1685 1930 fuit,
1720 1865 1863 1919 nulla
1889 1864 2196 1933 conjunctio

616 1958 946 2012 facultatum.
978 1957 1084 2011 Res
1114 1958 1167 2011 in
1193 1956 1393 2027 judicio
1433 1955 1656 2026 urbano,
1689 1968 1744 2012 et
1769 1972 1799 2011 a
1830 1957 2055 2025 petitore
2081 1972 2195 2011 co:-

620 2058 733 2117 pta,
756 2058 809 2103 ct
838 2048 954 2118 ipso
980 2048 1214 2116 fugiente
1236 2048 1384 2102 linita
1418 2057 1520 2102 est.
1556 2047 1741 2103 Denuo
1767 2046 1976 2102 eineres
1997 2047 2194 2118 negotii

617 2137 895 2205 obreptiva
925 2137 1316 2206 supplicatione
1358 2135 1565 2191 refovet
1591 2136 1644 2191 in
1675 2137 1978 2203 ﬂammam;
2007 2147 2062 2192 et
2101 2152 2196 2207 per

614 2229 967 2286 diffidentiam
1007 2230 1159 2301 justi,
1215 2231 1411 2287 divina:
1465 2231 1655 2287 domus
1709 2246 1805 2301 pro
1858 2246 1918 2286 se
1974 2230 2197 2285 attrahit

614 2322 856 2376 actiones
884 2321 955 2375 ob
978 2322 1373 2389 inquisitionem
1401 2304 1649 2377 videlicet
1679 2322 1977 2387 mobilium,
2000 2321 2193 2393 quibus

616 2412 747 2467 nihil
775 2427 1061 2468 commune
1086 2422 1170 2469 est
1192 2428 1315 2468 cum
1357 2413 1577 2482 prmdio.
1608 2414 1940 2483 Pervestiget
1968 2414 2069 2467 ista
2108 2413 2191 2469 Ie-

614 2518 739 2571 gum
777 2504 963 2557 ordine
1002 2513 1179 2558 rector
1224 2505 1412 2573 privati
1456 2505 1631 2558 aerarii
1667 2503 1900 2558 :mdiutn
1945 2504 2196 2560 dominus

613 2592 883 2661 relinquat
903 2592 1067 2660 judiei
1109 2607 1228 2647 suo.
1262 2592 1464 2663 Duplex
1497 2594 1674 2663 itaque
1699 2608 1855 2648 causa
1885 2604 1989 2659 est,
2021 2593 2189 2647 divisa

615 2698 792 2737 rerum
822 2684 1116 2750 vocabulis,
1142 2685 1353 2738 actione
1369 2683 1711 2753 discrepans,
1742 2683 1947 2753 origine
1970 2700 2074 2739 non
2100 2698 2191 2738 co-

617 2775 852 2841 lnerens,
893 2786 1136 2845 separata
1167 2775 1429 2845 personis.
1462 2774 1644 2844 Neque
1675 2774 1873 2831 mobile
1902 2775 2032 2830 emit
2064 2777 2189 2829 Am-

614 2869 805 2936 pelius,
828 2884 1001 2939 neque
1029 2869 1247 2923 domum
1281 2870 1441 2924 ﬁscus
1472 2870 1712 2925 incessit.
1744 2872 1849 2926 Cur
1872 2881 2186 2940 procurator

610 2976 639 3011 a
666 2960 802 3015 iouis
832 2962 1115 3016 invalidam
1149 2963 1480 3031 petitionem,
1516 2965 1740 3032 publicis
1770 2966 1975 3020 viribus
2000 2964 2185 3035 juvat?

609 3053 740 3106 Cum
784 3052 948 3107 fratre
986 3063 1171 3108 nostro
1200 3055 1463 3123 Sperchio
1488 3056 1675 3110 illustri
1705 3071 1818 3110 viro
1856 3072 2038 3127 qureso
2082 3056 2183 3111 ista

2304 1876 2481 1917 meum
2534 1861 2913 1932 Symmachum
2958 1861 3004 1916 si
3046 1864 3393 1930 succreverit,
3424 1878 3725 1933 quanquam
3760 1865 3881 1918 uui-

2303 1970 2445 2019 cum,
2491 1954 2837 2010 cohortabor.
2866 1954 2982 2009 Erit
3006 1955 3136 2011 olim
3166 1964 3398 2023 temlius,
3429 1972 3538 2025 quo
3565 1962 3878 2012 renuntiare

2299 2049 2455 2103 annis
2477 2063 2668 2117 graves
2692 2047 2817 2102 huic
2860 2048 3009 2117 operi
3046 2048 3309 2104 debeatis.
3341 2049 3491 2103 Tunc
3529 2050 3724 2104 servile
3759 2066 3879 2103 mu-

2300 2154 2397 2193 nus
2420 2139 2539 2208 jure
2570 2138 2830 2194 habeatur
2850 2155 2979 2194 cura
3003 2140 3254 2194 venandi.
3284 2140 3597 2195 Famulatus
3625 2152 3707 2195 est
3729 2142 3877 2197 enim

2297 2229 2537 2299 quidam,
2568 2229 2612 2283 si
2654 2230 2968 2285 cedentibus
3011 2230 3213 2287 viribus
3243 2245 3557 2287 recusemus
3601 2234 3678 2287 uti
3720 2232 3878 2287 labo-

2297 2334 2417 2374 rum
2459 2319 2761 2388 vacatione,
2803 2335 2964 2390 quam
2997 2322 3148 2377 nobis
3192 2330 3412 2391 praestat
3460 2332 3727 2379 senectus.
3777 2323 3877 2376 Va-

2294 2411 2422 2467 lete.

2880 2543 3094 2600 EPIST.
3125 2544 3306 2600 LXIX.

2634 2654 2939 2693 δι’ωιιιςιιιῐε
2974 2653 3162 2694 οιῖβιο
3192 2655 3257 2693 ΕΤ
3288 2654 3527 2694 PRUBINO.

2361 2751 2789 2808 Commendastis
2834 2762 2987 2807 vetus
3012 2751 3269 2821 judicium
3310 2768 3509 2816 meum,
3540 2753 3627 2823 qui
3672 2754 3871 2809 eadem

2290 2844 2357 2899 de
2399 2845 2593 2899 littoris
2641 2844 2914 2899 Formiani
2964 2845 3135 2914 gratia
3182 2855 3234 2899 et
3281 2846 3590 2900 salubritate
3630 2848 3869 2901 semitis.

2290 2936 2458 2991 Parce
2487 2935 2714 2991 antehac
2739 2951 2849 2991 ora:
2872 2936 3014 2990 illius
3043 2936 3180 2990 bona
3211 2937 3466 2991 transitus
3493 2947 3671 2993 vester
3700 2938 3869 3008 degu-

2289 3036 2547 3085 staverat.
2570 3027 2644 3082 Ea
2671 3041 2812 3082 nunc
2838 3028 3053 3097 pensius
3088 3043 3184 3097 per
3227 3043 3434 3082 moram
3464 3030 3673 3097 cognita
3696 3029 3869 3083 amari

611 3140 997 3195 communices.
1037 3141 1131 3195 Est
1157 3119 1294 3209 aequi
1332 3144 1789 3211 servantissimus,
1817 3119 1987 3214 et-qui
2017 3146 2184 3201 liben—
2211 3120 2257 3185 C
2287 3135 2315 3173 ³
2341 3121 2493 3175 “bis
2513 3134 2612 3175 “5"
2642 3119 2882 3190 longiore
2914 3129 3245 3175 mememm'
3278 3119 3415 3175 Fero
3442 3136 3581 3190 τετε
3612 3130 3871 3191 ¹³¹¹ί1¹¹³¹¹¹

611 3232 716 3285 tius
743 3231 1012 3284 ccutmuni
1035 3230 1141 3299 juri
1172 3232 1345 3297 (edat,
1372 3248 1529 3301 quam
1564 3235 1809 3302 potestati
1843 3250 1953 3289 sua:
1984 3234 2180 3291 faveat.

609 3319 725 3374 Scit
768 3322 911 3375 enim
956 3323 1098 3390 leges
1151 3320 1443 3377 honoribus
1488 3337 1608 3379 esse
1650 3324 1907 3393 potiores.
1957 3323 2183 3379 Confido

608 3427 728 3465 rum
776 3425 1057 3480 suppressa
1106 3412 1437 3481 cognoverit,
1486 3414 1679 3467 elicitis
1724 3430 1830 3467 nou
1882 3412 2181 3470 defuturam

608 3501 1016 3556 conexionem.
1047 3502 1103 3556 Si
1139 3512 1339 3571 qumret
1369 3519 1464 3557 cur
1493 3504 1559 3557 ad
1588 3518 1708 3558 eum
1740 3518 1901 3574 super
1926 3507 2025 3558 hoc
2051 3505 2180 3559 nihil

604 3591 940 3659 scripserim,
975 3592 1300 3660 respondeas
1335 3609 1430 3647 oro
1462 3594 1697 3648 nonduin
1727 3596 1859 3648 facta
1893 3595 2031 3650 inter
2082 3610 2180 3650 nos

604 3683 728 3753 styli
766 3684 1150 3738 consuetudine
1188 3685 1412 3739 veritum
1444 3701 1565 3741 esse
1604 3702 1690 3741 me
1721 3701 1789 3741 ne
1813 3687 1941 3754 quid
1979 3704 2008 3740 a
2037 3688 2181 3757 prin-

604 3775 747 3843 cipio
773 3774 985 3829 viderer
1005 3789 1251 3845 arguere.
1287 3775 1440 3831 Dabit
1464 3777 1594 3831 mihi
1619 3791 1792 3831 causa:
1816 3777 1971 3845 hujus
1994 3793 2179 3831 einen-

604 3866 772 3931 datio,
824 3867 1217 3919 sermocinandi
1260 3882 1381 3921 cum
1430 3883 1496 3922 eo
1546 3870 1824 3922 materiam
1866 3869 2171 3922 laetiorem:

602 3958 887 4025 gratiarum
925 3958 1065 4012 actio
1106 3958 1399 4029 auspiciqu
1437 3960 1629 4014 litteris
1671 3961 1805 4015 meis
1845 3959 2023 4014 faciet.
2060 3960 2175 4014 Non

603 4032 924 4118 exspectabo
974 4051 1113 4104 ultra
1171 4062 1227 4103 ut
1272 4050 1491 4120 alloquii
1537 4052 1621 4104 sui
1666 4049 1913 4105 fiduciam
1960 4063 2175 4121 pra:stet

604 4140 823 4196 baarenti
852 4160 863 4194 :
896 4141 962 4197 ad
994 4141 1429 4212 omne‘oitlcium
1457 4142 1664 4211 iustitia
1703 4142 1820 4213 ejus
1850 4142 2170 4200 hortabitur.

603 4235 752 4292 Vale.

1147 4326 1366 4383 EPIST.
1405 4327 1611 4382 LXVII.

944 4433 1256 4473 SYIIIIACHUS
1294 4434 1576 4483 OLYBIOJET
1619 4434 1859 4477 PBOBINO.

665 4508 935 4575 Iuvenalis
965 4510 1241 4564 industrize
1266 4519 1343 4564 est
1375 4512 1557 4566 excire
1580 4512 1805 4567 saltibus
1830 4512 1995 4579 feras,
2020 4524 2070 4569 et
2104 4516 2166 4569 li-

594 4600 793 4655 beralia
833 4600 1006 4654 studia
1049 4600 1293 4670 sylvestri
1351 4602 1621 4671 voluptate
1683 4604 2032 4673 distinguere.
2080 4606 2169 4661 Sic

594 4691 719 4745 olim
750 4692 953 4745 Marsus
989 4692 1213 4761 impiger
1239 4702 1295 4746 et
1324 4692 1474 4747 fortis
1504 4694 1753 4750 Sabellus
1778 4697 1942 4751 robur
1969 4696 2169 4752 habue-

594 4792 737 4837 runt.
763 4780 966 4835 Nostris
998 4782 1152 4834 annis
1177 4790 1327 4849 parta
1351 4782 1649 4847 proﬁciant.
1689 4785 1780 4837 Est
1807 4785 1963 4853 hujus
1990 4786 2166 4840 indul-

590 4877 783 4944 gentiae
806 4876 861 4929 in
893 4874 1159 4944 aliquibus
1188 4873 1374 4927 avibus
1398 4877 1722 4943 exemplum,
1756 4884 1815 4929 ut
1840 4878 2161 4933 nutrimenta

588 4967 989 5022 senescentibus
1031 4977 1158 5020 aetas
1198 4966 1368 5034 prima
1408 4966 1642 5020 vicissim
1690 4978 2007 5035 componet.
2057 4970 2161 5025 Sed

589 5058 824 5111 nondum
862 5058 1112 5111 convenit
1136 5056 1426 5111 Valetudini
1458 5073 1591 5112 mea:
1624 5058 1698 5111 uti
1730 5057 1915 5113 ferinis
1943 5060 2162 5117 visceri-

586 5149 687 5203 bus
719 5167 733 5201 :
766 5163 864 5205 nec
886 5159 1059 5206 tamen
1088 5150 1311 5219 gratiam
1345 5151 1579 5205 muneris
1607 5152 1771 5205 vestri
1804 5152 1993 5206 minuit
2021 5153 2159 5222 apud

585 5255 672 5295 tne
698 5240 986 5295 necessitas
1008 5242 1369 5309 parcimonire.
1394 5240 1523 5295 Nam
1547 5242 1648 5295 etsi
1676 5242 1857 5297 utendi
1883 5244 2159 5298 abstinen-

584 5334 653 5387 tia
677 5331 887 5386 sanitati
910 5334 1174 5401 consulit,
1200 5333 1372 5387 honor
1403 5342 1579 5389 tamen
1601 5335 1837 5388 muneris
1862 5335 2043 5388 animo
2070 5348 2156 5388 sa-

580 5424 796 5481 tisfecit.
832 5423 1033 5478 Valete.
1694 5462 1702 5469 .

1122 5514 1336 5569 EPIST.
1371 5515 1599 5570 LXVIII.

919 5619 1225 5662 δῐιιιιλοιιυι
1253 5622 1436 5660 οινιιιιο
1465 5622 1530 5660 ΕΤ
1558 5622 1800 5661 ιτιιθιςικο.

645 5698 941 5782 Supputere
982 5698 1129 5753 vobis
1156 5698 1371 5759 plenam
1411 5696 1619 5752 roboris
1649 5696 2035 5764 valetudinem,
2070 5697 2146 5755 fc-

2288 3215 2451 3269 vestri
2482 3215 2730 3284 cupiens,
2760 3213 2902 3285 quod
2942 3214 3131 3284 procul
3160 3214 3373 3285 degitis,
3412 3222 3469 3269 et
3502 3214 3778 3268 desiderio
3818 3218 3871 3269 in

2284 3319 2381 3358 vos
2406 3319 2529 3358 meo
2566 3304 2744 3359 iudico
2775 3304 3109 3374 patientiam.
3140 3306 3210 3359 At
3235 3304 3280 3357 si
3303 3304 3414 3359 fors
3450 3304 3589 3359 votis
3615 3304 3873 3359 effectum

2284 3398 2567 3459 secundet;
2601 3404 2726 3465 opto
2768 3398 2820 3451 in
2864 3396 2958 3451 illo
3000 3397 3119 3453 sinu
3161 3394 3363 3466 agitare
3404 3397 3675 3451 vobiscum
3722 3398 3871 3467 quod

2284 3496 2453 3543 restat
2478 3488 2687 3553 :etatis;
2714 3494 2771 3541 ut
2798 3497 2851 3542 et
2881 3487 3032 3544 locus
3069 3488 3198 3543 mihi
3228 3496 3448 3559 praestet
3478 3488 3870 3554 valetudinem,

2283 3590 2338 3633 et
2364 3596 2457 3635 vos
2480 3578 2644 3634 animi
2680 3579 3027 3649 voluptatem.
3061 3578 3265 3634 Valete.

2861 3710 3073 3767 EPIST.
3108 3711 3196 3765 ωε
3208 3711 3269 3764 Χ.

2627 3818 2939 3858 SYIlIACIIUS
2976 3818 3159 3857 OLYDIO
3190 3819 3257 3856 ΕΤ
3291 3818 3530 3857 ιικυιςικο.

2351 3896 2431 3952 Ad
2458 3906 2565 3951 tum
2611 3897 2742 3952 mihi
2771 3898 2839 3951 ad
2883 3897 3224 3953 scribendum
3257 3912 3380 3953 sero
3414 3899 3687 3954 reseratis.
3761 3900 3871 3953 \‘os

2278 3987 2420 4041 enim
2452 3988 2693 4055 oportuit
2721 3988 2976 4042 inchoare
3004 3988 3257 4042 libamina
3294 3988 3595 4043 litterarum
3627 4006 3640 4041 :
3674 3991 3771 4059 qui
3799 3992 3867 4042 ad

2277 4080 2557 4149 peregrina
2588 4080 2836 4146 discedit,
2874 4081 3202 4135 alternandis
3232 4081 3473 4150 epistolis
3501 4094 3722 4150 prmstet
3763 4098 3865 4137 au-

2276 4171 2524 4240 Spiciutn.
2568 4172 2709 4242 Ergo
2758 4173 3033 4227 absolutus
3081 4174 3436 4229 observantia;
3478 4175 3771 4245 religione,
3813 4188 3871 4232 et

2276 4279 2420 4320 nunc
2460 4264 2610 4320 vobis
2641 4264 2810 4320 vicem
2851 4266 3191 4320 salutationis
3226 4266 3485 4335 rependo,
3532 4278 3587 4321 et
3635 4268 3691 4322 in
3730 4272 3869 4325 reli-

2272 4372 2469 4426 quum,
2525 4357 2570 4410 si
2619 4356 2729 4411 fors
2768 4357 3027 4411 obtulerit
3056 4366 3452 4421 commeantes,
3482 4358 3868 4413 assiduitatem

2195 4482 2245 4542 D
2272 4449 2513 4517 spondeo
2541 4449 2877 4503 familiarium
2918 4449 3237 4518 paginarum
3270 4467 3284 4501 :
3318 4458 3375 4503 ut
3403 4449 3554 4503 vobis
3586 4455 3767 4517 possit
3796 4450 3869 4504 Ii-

2274 4555 2441 4610 quere
2471 4554 2577 4595 non
2606 4555 2723 4595 mea
2748 4540 2935 4611 culpa,
2975 4540 3071 4596 sed
3105 4552 3279 4597 vestra
3309 4556 3455 4596 mora
3497 4557 3586 4596 me
3610 4544 3866 4597 siluisse.

2274 4631 2482 4687 Valete.

2838 4763 3050 4819 EPIST.
3080 4763 3265 4818 LXXI.

2612 4866 2920 4907 SYHIACIIUS
2952 4869 3136 4908 OLYBIO
3174 4871 3237 4908 I-.T
3280 4869 3520 4908 PROBINO.

2336 4964 2611 5020 Sermonis
2630 4966 2797 5020 vestri
2827 4965 3140 5022 assiduitate
3167 4966 3423 5031 delector,
3458 4974 3512 5019 et
3540 4965 3770 5021 abunde
3793 4983 3861 5020 ex

2264 5071 2331 5111 eo
2370 5072 2597 5112 munere
2638 5071 2839 5125 usurpo
2879 5054 3141 5110 Iustitiam.
3181 5056 3333 5122 Quod
3372 5056 3513 5110 enim
3563 5058 3650 5109 vel
3689 5062 3866 5112 vestri

2260 5150 2425 5205 animi
2481 5149 2736 5218 speciem,
2786 5146 2873 5201 vel
2922 5146 3029 5201 mei
3078 5146 3336 5202 desiderii
3374 5148 3611 5200 solamen
3675 5158 3864 5216 potest

2261 5258 2383 5297 esse
2413 5242 2635 5308 clarius,
2662 5255 2823 5309 quam
2851 5248 2912 5294 ut
2946 5239 3086 5309 apud
3122 5254 3211 5293 me
3239 5240 3295 5293 in
3322 5238 3437 5293 dies
3462 5237 3720 5307 singulos
3746 5256 3865 5296 rne-

2262 5335 2487 5388 ritorum
2520 5342 2822 5386 vestrorum
2867 5332 3043 5387 cultus
3084 5330 3377 5400 augescat?
3411 5330 3665 5384 Amicitia
3705 5332 3859 5384 enim

2260 5439 2379 5493 quae
2400 5424 2701 5478 celebratur
2726 5421 2943 5488 officiis,
2977 5436 3248 5491 nunquam
3271 5429 3421 5475 certo
3454 5421 3558 5473 line
3584 5431 3861 5476 contents

2257 5527 2359 5572 est.
2390 5517 2563 5584 Atque
2591 5515 2710 5570 ideo
2740 5514 2895 5568 decet
2921 5528 3019 5567 vos
3052 5515 3104 5567 in
3133 5513 3435 5568 deferendis
3478 5513 3745 5582 alloquiis
3777 5517 3864 5569 ef-

2258 5608 2340 5661 lici
2374 5607 2759 5676 promptiores,
2793 5620 2913 5659 cuiu
2948 5604 3015 5657 ad
3052 5605 3366 5658 solvendam
3409 5604 3861 5662 vicissitudinem

2255 5715 2359 5755 non
2392 5698 2630 5762 probetis
2663 5697 3052 5751 immemorem.
3087 5694 3292 5750 Valete.
