4074 6176
223 311 311 367 961

803 409 1016 467 EPIST.
1044 409 1254 464 LXXII.

753 516 1062 558 SYIIIIACIIUS
1085 515 1290 557 LICINIO.

277 595 543 666 Regiliant
566 592 726 649 amici
773 593 878 649 mei
915 594 1083 658 filius,
1109 593 1304 663 etipse
1337 606 1452 647 sum
1501 602 1799 648 noneSratts

215 688 403 744 intuitu
439 684 719 756 probatus,
766 682 962 738 dudum
1009 683 1102 738 tibi
1151 681 1363 737 litteras
1403 696 1572 746 meas,
1600 681 1797 763 quibus

214 775 703 841 commendaretur,
733 774 999 830 exhibuit.
1042 774 1112 830 Et
1151 773 1272 829 ideo
1312 773 1564 829 secundae
1601 775 1804 840 astipu-

215 871 424 925 lationis
443 868 726 934 auxilium,
753 877 808 922 ut
832 875 956 935 pote
974 866 1085 936 jam
1114 866 1384 934 cognitus,
1416 882 1522 920 nun
1555 864 1802 934 requirit.

215 963 313 1018 κεί
351 963 514 1032 igitur
548 959 713 1014 studii
755 959 895 1014 ratio
923 966 978 1014 et
1009 957 1346 1014 consuetudo
1373 955 1554 1027 exegit
1584 965 1642 1011 ut
1670 956 1807 1010 scri-

213 1054 417 1110 berem.
454 1051 639 1122 Neque
659 1049 804 1107 enim
832 1049 912 1104 fas
939 1057 1044 1113 est,
1068 1049 1313 1122 quamvis
1337 1047 1664 1118 jampridem
1692 1049 1807 1114 ipse

213 1145 551 1211 dissimules,
576 1159 664 1200 me
699 1158 918 1213 quoque
949 1141 1255 1211 huiusmodi
1283 1140 1476 1197 officiis
1502 1139 1798 1194 abstinere.

209 1238 387 1309 Spero
413 1238 581 1304 enim,
609 1235 752 1307 quod
790 1244 982 1306 Sponte
1019 1234 1274 1288 amicitiai
1331 1232 1491 1291 tribui
1521 1230 1662 1288 solet
1698 1229 1806 1286 Sal-

145 1359 158 1377 ο
210 1333 301 1390 lin
331 1331 644 1389 assiduitati
677 1345 811 1387 mete
847 1344 970 1385 esse
999 1328 1367 1384 relerendutu.
1403 1327 1551 1385 Vale.
1591 1369 1604 1382 .

287 1441 292 1446 '
769 1419 985 1476 EPIST.
1018 1418 1256 1476 LXXIII.

718 1524 1028 1566 SYIIACHUS
1056 1524 1277 1564 LICINIO.

271 1607 418 1662 Cum
466 1605 534 1660 ad
584 1607 826 1675 proxima
872 1603 990 1658 urbi
1029 1602 1364 1673 digrederer,
1397 1599 1698 1656 scribendis
1740 1597 1806 1652 ad

206 1710 258 1756 te
283 1699 492 1756 litteris
518 1697 790 1752 abstinere
819 1712 923 1751 non
957 1695 1141 1763 debui,
1175 1705 1236 1750 ut
1266 1705 1318 1752 te
1341 1694 1679 1751 observantia
1701 1692 1810 1763 pri-

1422 293 1903 354 EPISTOLARUM
1944 291 2150 348 LIBER
2191 293 2252 349 V.
2323 305 2325 308 ‘

1823 413 1874 471 Α
1901 406 2021 463 nosi
2050 405 2461 476 investigatione
2502 405 2779 462 dissensu.
2825 407 2963 463 ﬂinc
2993 407 3052 461 fit
3091 417 3148 462 ut
3191 408 3494 479 inquisitio,»

3385 299 3490 357 PC!

1907 513 2029 569 quae
2058 514 2155 570 per
2193 514 2358 553 unum
2388 507 2607 554 strenue
2638 508 2818 568 posset
2860 500 3075 570 agitari,
3103 499 3330 556 artificio
3357 519 3495 572 quu-

1907 591 2030 646 dam
2056 590 2355 660 interpositi
2372 591 2683 646 certaminis
2709 589 3007 648 diﬂeratur.
3037 595 3210 661 Atque
3239 591 3359 648 ideo
3381 611 3492 649 ute-

1905 685 2007 739 tuit
2032 684 2114 738 vir
2144 682 2407 739 honestus
2453 684 2692 738 Bonosus
2731 699 2799 739 nc
2829 684 2933 740 sibi
2959 684 3171 740 invidia:
3213 685 3301 751 sit,
3347 688 3489 756 qUotl

1907 773 2039 830 tanti
2069 774 2265 844 negotii
2293 774 2466 829 adhuc
2492 784 2643 828 ttutat
2665 773 2909 831 elIeclus.
2936 775 3271 846 Quapropter
3288 786 3406 832 orat
3435 785 3492 828 ut

1905 868 1952 922 si
1975 869 2095 938 quis
2114 877 2198 922 est
2216 867 2308 938 qui
2335 867 2397 921 V.
2416 867 2476 922 C.
2496 867 2776 940 Cyriatlem
2807 878 2956 938 putat
2977 869 3092 939 ejus
3118 871 3321 940 operis,
3343 868 3490 938 quod

1908 961 2048 1017 idem
2079 970 2204 1017 ante
2241 961 2473 1025 curavit,
2517 959 2681 1016 etiam
2710 961 3068 1017 discussoretn
3107 975 3228 1017 esse
3264 960 3488 1028 delere,

1907 1053 2012 1109 sibi
2043 1052 2161 1111 haec
2201 1053 2450 1108 molestia
2489 1053 2823 1110 detrahatur.
2867 1053 2922 1109 Si
2965 1068 3092 1109 vero
3121 1053 3236 1123 ipse
3276 1054 3492 1122 negotio

1910 1143 2120 1201 videtur
2131 1145 2530 1210 accommodus,
2545 1144 2610 1199 ad
2626 1158 2684 1198 se
2697 1159 2858 1198 unum
2878 1144 3263 1214 disquisitionis
3282 1160 3492 1200 summa
3546 1195 3554 1202 .

1911 1238 2194 1308 pertineat.
2226 1238 2368 1310 Ergo
2394 1252 2580 1292 amore
2609 1237 2858 1306 Reipubl.
2892 1237 3044 1306 cujus
3071 1237 3326 1292 utilitates
3356 1236 3494 1292 inter

1915 1329 2181 1398 prtecipua
2220 1338 2276 1383 et
2303 1329 2472 1396 prima
2500 1327 2898 1396 complecteris,
2939 1327 3240 1382 clarissimo
3278 1313 3334 1384 et
3375 1328 3495 1382 illu-

1912 1424 2010 1478 stri
2040 1424 2159 1478 viro
2182 1422 2438 1494 praefecto
2463 1421 2686 1492 dignare
2708 1420 2988 1488 conferre;
3019 1430 3280 1490 quatenus
3303 1421 3490 1476 lacum

1913 1521 2184 1570 tantorum
2219 1523 2526 1582 sumptuum
2553 1513 2775 1569 remotis
2798 1513 3255 1578 Contentionibns,
3279 1513 3496 1578 detega-

1913 1613 2021 1657 tur.
2051 1603 2220 1671 Spero
2249 1603 2392 1659 enim
2434 1604 2548 1657 fore
2591 1613 2684 1668 ut,
2731 1602 3066 1656 cessantibus
3096 1603 3249 1658 novis
3292 1619 3498 1672 expen-

1913 1694 2178 1763 sionibus,
2217 1695 2496 1764 utriusque
2536 1693 2716 1763 operis
2755 1693 3069 1764 perfectioni
3120 1706 3495 1765 usurpatorum

208 1795 282 1850 sci
314 1792 492 1848 moris
515 1790 874 1848 absolverem.
905 1787 1037 1844 Nam
1062 1796 1246 1844 vetere
1275 1787 1518 1842 instituto
1547 1786 1636 1841 hic
1677 1799 1808 1840 usus
1840 1773 1888 1836 Β
1914 1803 2122 1841 summa
2153 1785 2404 1843 sufficiat.
2437 1785 2587 1841 Vale.

210 1884 510 1952 increbuit,
538 1891 598 1939 ut
637 1879 867 1951 ingrcssi
897 1880 1019 1946 iter,
1065 1877 1346 1949 praelibent
1373 1877 1637 1948 primitias
1666 1875 1804 1932 seri-

208 1975 444 2044 ptionis.
496 1973 676 2040 Quare
709 1971 992 2027 familiaris
1039 1971 1202 2026 ofﬁcii
1249 1968 1504 2045 invitatus
1541 1967 1804 2039 auspicio,

209 2065 513 2120 fraternam
553 2063 889 2134 religionem,
923 2077 1084 2132 quam
1106 2060 1237 2117 mihi
1265 2074 1483 2132 semper
1507 2069 1688 2119 mente
1712 2072 1807 2113 ex-

211 2160 396 2226 hibes,
433 2157 660 2216 assiduo
695 2171 947 2213 sermone
977 2164 1195 2212 testare.
1226 2154 1380 2212 Vale.

647 2258 654 2260 “
757 2247 977 2305 EPIST.
1025 2247 1262 2304 LXXIV.

535 2394 538 2396 η
725 2356 1043 2398 εῖιιιλοιιυσ
1074 2354 1314 2396 ιιιοιιιιο..

283 2435 496 2494 Octavo
519 2434 737 2492 demum
765 2433 855 2490 die
882 2433 1078 2490 multas
1115 2432 1382 2490 eluctatus
1428 2428 1637 2483 itineris
1667 2425 1810 2482 diffi-

210 2529 450 2584 cultates
476 2527 644 2581 larem
670 2524 899 2595 patrium
937 2523 1185 2578 salutavi.
1226 2520 1513 2588 Continuo,
1545 2528 1602 2574 ut
1628 2518 1814 2572 amici-

211 2621 288 2675 tia
321 2618 650 2690 postulabat,
682 2616 937 2673 convenit
978 2630 1066 2670 me
1105 2613 1406 2671 recordatio
1435 2611 1810 2668 mandatorum

211 2722 460 2767 tuorum.
501 2709 635 2763 Nam
660 2707 960 2766 discedenti
997 2707 1303 2777 injunxeras
1341 2715 1398 2760 ut
1440 2706 1707 2774 negotium
1739 2704 1814 2758 le-

209 2804 591 2859 ctissimorum
621 2803 878 2870 iuvenum
908 2799 1110 2855 Ticiani
1137 2809 1299 2868 atque
1326 2796 1558 2866 llelpidii
1589 2796 1692 2849 tida
1719 2810 1817 2850 ex-

214 2897 536 2966 ploratione
563 2893 942 2963 disquirerem.
971 2891 1212 2958 Quorum
1240 2904 1541 2960 praeceptor
1567 2889 1648 2941 vir
1682 2903 1814 2958 pru-

209 2991 355 3045 dens
395 2997 455 3043 et
499 2988 713 3043 nescius
743 2984 1148 3056 gratillcationis
1175 2981 1407 3038 asseruit
1450 2995 1572 3037 esse
1616 2980 1669 3036 in
1709 2979 1818 3038 illis

208 3084 506 3155 scientiam
531 3080 664 3150 juris
701 3080 953 3153 idoneam
1003 3077 1163 3134 nimis
1208 3076 1262 3132 in
1293 3091 1484 3132 omnes
1524 3074 1818 3144 ususjudi-

211 3177 374 3232 ciarii
399 3187 460 3232 et
486 3175 715 3230 forensis
740 3172 920 3228 ofﬁcii.
943 3170 1096 3226 Nunc
1124 3180 1272 3225 tuum
1304 3178 1387 3225 est
1409 3169 1640 3239 optimos
1661 3168 1817 3238 juve-

213 3282 315 3323 nes
366 3267 664 3332 advocare,
713 3277 940 3334 quorum
986 3261 1222 3317 indolem
1261 3260 1467 3316 militia:
1522 3257 1818 3320 honoribus

209 3359 323 3430 jam
351 3365 602 3429 paratam
643 3372 749 3411 non
793 3353 954 3412 debet
991 3353 1217 3409 ulterius
1255 3349 1651 3423 procrastinare
1688 3364 1819 3403 cun-

213 3452 416 3508 cutio.
449 3449 601 3506 Vale.

799 3540 1019 3597 EPIST.
1057 3536 1268 3596 LXXV.

744 3646 1056 3687 SVHIACIIUS
1085 3643 1294 3687 LICINIO.

286 3730 562 3795 Prompte
615 3725 897 3781 favendum
943 3733 1027 3780 est
1080 3724 1306 3780 honesta
1353 3720 1711 3791 cupientibus,
1761 3729 1820 3773 ut

221 3820 548 3891 wolnbiles
575 3819 880 3873 voluntates
925 3819 1102 3873 alieno
1141 3816 1302 3872 etiam
1327 3814 1583 3885 juventur
1605 3815 1816 3867 annisu.

221 3912 577 3981 Quapropter
616 3911 735 3978 opis
761 3908 1044 3980 indignum
1067 3923 1190 3964 esse
1230 3923 1337 3963 non
1381 3908 1556 3978 patior
1587 3904 1820 3960 Felicem

223 4002 640 4058 sanctissimum
677 4000 931 4070 juvenem
963 4000 1029 4056 ad
1057 4002 1318 4056 electiora
1345 3999 1652 4055 tendentem
1679 4011 1699 4053 ι
1729 3995 1820 4065 qui

223 4097 320 4151 ubi
351 4095 554 4150 urbani
600 4094 699 4149 fori
741 4095 1130 4162 dissensiones,
1156 4103 1215 4149 ut
1240 4105 1366 4163 pote
1409 4093 1557 4148 mitis
1597 4091 1814 4161 ingeni,

220 4186 545 4252 exhorruit,
573 4186 885 4255 modestiori
919 4189 1264 4243 causidicina:
1293 4186 1424 4242 dare
1462 4199 1657 4240 nomen
1687 4183 1819 4238 affe-

225 4289 384 4343 ctat;
415 4293 576 4348 quem
624 4293 776 4333 meus
822 4295 1033 4348 quoque
1080 4279 1325 4334 hortatus
1362 4277 1643 4332 animavit.
1691 4275 1822 4345 Spo-

229 4369 402 4438 pondi
434 4369 578 4422 enim
622 4369 774 4423 bona:
813 4369 999 4437 indoli,
1031 4381 1085 4424 et
1112 4371 1354 4424 moribus
1390 4368 1686 4431 dementis,
1729 4381 1823 4422 tte-

233 4475 510 4528 quaquam
531 4459 714 4514 defore
745 4468 849 4515 tua:
873 4459 1069 4514 mentis
1089 4460 1370 4514 auxilium.
1401 4457 1544 4528 Ergo
1569 4467 1823 4514 exoratus

235 4567 301 4606 ac
332 4551 508 4606 facilis
525 4567 630 4605 non
647 4560 704 4604 ut
731 4551 1060 4621 transfugam
1080 4553 1226 4606 sedis
1255 4549 1498 4618 alterius,
1528 4549 1628 4606 sed
1659 4558 1718 4604 ut
1741 4547 1823 4604 af-

238 4650 558 4699 lectazorem
587 4643 688 4699 fori
715 4645 994 4714 quietioris
1035 4645 1363 4714 amplectere
1393 4661 1406 4697 :
1434 4645 1523 4714 qui
1557 4644 1651 4699 tibi
1691 4644 1826 4699 tuis-

240 4750 350 4804 que
377 4734 652 4791 beneﬁciis
671 4735 906 4800 debebit,
934 4735 1192 4806 quidquid
1215 4735 1398 4791 ofﬁcio
1423 4735 1576 4791 bona:
1599 4735 1828 4790 fortunae

242 4834 338 4880 aut
364 4826 765 4884 commoditatis
793 4828 1102 4882 accesserit.
1134 4826 1286 4895 Vale.

804 4918 1018 4974 EPIST.
1063 4918 1300 4976 LXXVI.

789 5025 1097 5068 SVIIMACIIUS
1131 5027 1350 5066 LICINIO.

316 5106 530 5160 Bonoso
568 5107 772 5175 optimo
809 5106 948 5172 viro,
999 5117 1055 5161 et
1092 5115 1213 5176 post
1255 5106 1495 5160 militiam
1536 5106 1830 5160 Palatinam

243 5199 480 5268 geminae
517 5197 1005 5253 administrationis
1048 5198 1355 5268 integritate
1390 5203 1705 5267 conspicuo,
1751 5198 1834 5251 di-

243 5295 586 5351 scussionem
615 5297 792 5369 pontis
835 5311 898 5350 ac
945 5296 1178 5351 basilicre
1209 5297 1362 5350 nova:
1391 5297 1680 5365 praeceptio
1723 5298 1834 5351 Au-

244 5396 396 5453 gusta
428 5385 722 5454 mandavit,
753 5385 897 5455 quod
937 5401 1134 5442 munus
1169 5386 1275 5442 fide
1314 5396 1368 5441 et
1397 5386 1669 5456 vigilantia
1699 5401 1828 5456 pos-

243 5487 326 5531 set
351 5477 607 5546 implere,
631 5477 678 5531 si
724 5479 875 5533 solus
919 5477 1226 5533 istiusmodi
1247 5479 1620 5548 examinisjus
1669 5479 1833 5533 liabe-

248 5579 345 5623 ret.
369 5568 532 5623 Nunc
550 5567 811 5638 Cyriades
833 5567 895 5623 C.
929 5567 996 5622 V.
1032 5583 1216 5624 comes
1256 5577 1312 5624 et
1339 5569 1701 5633 mecltatticus,
1741 5570 1833 5640 qui

248 5662 446 5716 titulum
469 5659 743 5730 impensas
764 5660 943 5730 operis
971 5660 1253 5731 utriusque
1273 5662 1546 5726 tractavit,
1571 5659 1626 5716 in
1654 5663 1832 5716 socie-

254 5761 408 5810 tatem
440 5751 796 5809 discussionis
823 5750 1114 5819 admissus,
1145 5764 1310 5822 saepe,
1353 5761 1409 5808 ιιι
1435 5752 1649 5821 dicitur,
1681 5767 1709 5806 ιι
1735 5750 1833 5810 Bo-

2449 1876 2666 1932 El'lST.
2695 1875 2952 1930 LXXVII.

2416 1983 2730 2024 SYRIACIIUS
2759 1983 2972 2024 ιιειῖιιο.

1985 2088 2222 2159 Longum
2252 2087 2401 2141 siles.
2427 2085 2532 2141 Sed
2559 2099 2659 2156 ego
2687 2082 2808 2139 talis
2837 2080 3076 2150 exempli
3111 2081 3347 2138 imitator
3375 2097 3501 2139 esse

1914 2196 2019 2234 non
2057 2179 2250 2234 debeo.
2293 2177 2470 2246 Quare
2511 2177 2562 2230 in
2608 2175 2839 2230 officium
2868 2175 3073 2244 primus
3125 2175 3297 2244 erupi,
3341 2184 3500 2246 teque

1912 2271 2158 2343 religiosa
2191 2269 2559 2324 admonitione
2607 2267 2871 2322 convenio
2901 2284 2917 2321 :
2949 2275 3008 2320 ut
3049 2267 3346 2320 litterarum
3379 2284 3502 2320 tutt-

1915 2379 2036 2428 nus,
2066 2360 2210 2433 quod
2239 2369 2430 2431 sponte
2456 2357 2708 2414 amicitia:
2744 2366 2942 2413 nostra:
2969 2356 3184 2413 deferre
3213 2356 3499 2428 debueras,

1914 2455 2090 2509 saltim
2132 2460 2452 2522 provocatus
2477 2450 2745 2505 exsolvas.
2777 2449 2928 2503 Vale.
2960 2450 2966 2456 ’

2449 2543 2663 2598 EPIST.
2689 2542 2970 2598 LXXVIII.

2402 2651 2708 2690 εἵιιιιλειιιις
2745 2650 3011 2689 Πειριιιιο.

1989 2727 2196 2794 Qttmris
2225 2735 2282 2782 ut
2306 2727 2533 2790 valeam,
2565 2727 2651 2782 vel
2677 2726 2803 2796 quid
2832 2742 3010 2781 rerum
3035 2741 3235 2796 geram.
3262 2727 3503 2795 ReSpon-

1918 2818 2020 2872 deo
2052 2817 2439 2886 percontationi
2471 2829 2574 2870 tuae
2597 2831 2662 2871 ex
2685 2831 2868 2871 amore
2893 2816 3153 2872 venienti.
3179 2816 3304 2885 Agri
3327 2819 3505 2886 quiete

1919 2910 2180 2966 delector.
2226 2910 2352 2966 llaec
2379 2910 2508 2964 milii
2533 2901 2680 2965 aeris
2711 2909 2991 2978 praestabit
3029 2909 3424 2973 salubritatem,
3450 2921 3504 2964 et

1921 3003 2176 3073 pabulum
2205 3001 2474 3056 lectionis.
2501 3001 2658 3070 Saepe
2683 3001 2868 3056 oculos
2893 3015 3055 3070 pasco
3093 3001 3337 3067 culturis,
3372 3017 3507 3071 quas

1924 3096 2165 3166 byberna
2190 3102 2405 3150 exercet
2431 3093 2698 3163 operatio.
2739 3093 2858 3148 Tibi
2885 3103 2942 3148 et
2967 3093 3266 3148 secundare
3299 3093 3506 3148 valetu-

1921 3188 2124 3250 dinem,
2150 3197 2205 3243 et
2234 3187 2547 3242 memoriam
2574 3196 2772 3242 nostra:
2799 3185 3048 3242 amicitia:
3077 3199 3363 3255 superesse
3390 3200 3505 3239 amo

1921 3281 2162 3351 piissime
2205 3276 2466 3348 gratulor.
2510 3276 2722 3334 Silentii
2763 3291 2893 3334 vero
2942 3276 3046 3332 mei
3089 3291 3196 3331 non
3234 3283 3320 3332 est
3360 3275 3506 3344 justa

1921 3372 2181 3428 causatio.
2204 3369 2349 3427 Nihil
2373 3369 2518 3426 enini
2543 3368 2684 3440 quod
2712 3369 3008 3425 scriberem
3038 3371 3358 3438 suppetebat
3387 3383 3403 3420 :
3433 3366 3508 3420 si-

1924 3465 2143 3535 mulque
2189 3471 2452 3532 occupato
2497 3461 2591 3519 tibi
2637 3461 2912 3516 auditione
2957 3474 3241 3515 causarum
3285 3458 3509 3514 verelm

1922 3559 2257 3626 obstrepere,
2273 3569 2344 3612 ne
2362 3553 2546 3609 multis
2564 3554 2792 3624 negotiis
2812 3567 2950 3607 onus
2970 3551 3195 3606 adderet
3217 3543 3511 3620 loquacitas

1922 3645 2102 3703 otiosi.
2137 3645 2285 3701 Vale.

2468 3732 2683 3791 EPIST.
2726 3730 2964 3789 LXXIX.

2404 3819 2714 3880 svuuac‘us
2753 3837 3022 3880 BELPIDIO.

1998 3917 2345 3975 Przesentiam
2392 3926 2538 3971 tuam
2579 3929 2758 3985 spero.
2806 3914 2987 3984 Neque
3022 3911 3165 3968 enim
3206 3911 3348 3966 so'es
3385 3924 3510 3979 pr-

1925 4015 2086 4069 missa
2114 4013 2388 4068 descrere.
2428 4009 2536 4065 Sed
2574 4007 2826 4078 frequens
2865 4006 3001 4060 fama
3043 4012 3127 4060 est
3166 4004 3515 4072 pratorianas

1927 4104 2132 4159 litteras
2160 4104 2376 4158 obstare
2403 4100 2703 4171 dispositis.
2729 4099 2907 4165 Quare
2937 4112 3004 4150 ne
3035 4095 3266 4149 haeream
3297 4092 3385 4147 diu
3415 4107 3513 4146 ex-

1924 4197 2273 4267 spectationis
2304 4196 2570 4258 incertus,
2609 4190 2918 4247 confirmari
2943 4188 3159 4257 scriptis
3198 4185 3514 4241 recentiori-

1927 4289 2025 4342 bus
2053 4287 2175 4341 volo
2207 4305 2220 4339 :
2256 4295 2315 4340 ut
2343 4287 2510 4339 sciam
2539 4299 2708 4338 morte
2736 4296 2857 4337 esse
2898 4281 3152 4349 pretium,
3186 4281 3230 4330 si
3254 4275 3516 4328 affuturus

1923 4393 2012 4446 es,
2040 4389 2133 4433 aut
2161 4376 2341 4433 solvar
2377 4375 2626 4430 manendi
2657 4373 2893 4434 fastidio,
2929 4373 2972 4424 si
3001 4367 3226 4424 teneris.
3256 4364 3414 4423 Vale.

2489 4464 2705 4521 EPIS'I‘.
2749 4461 2963 4518 LXXX.

2419 4571 2726 4614 εγιιιιλιςιιῦε
2764 4565 3027 4610 ιιιειιιιῡιο.

2008 4651 2315 4724 Prosequor
2341 4649 2535 4706 litteris
2572 4649 2743 4703 civem
2776 4645 3116 4712 amicumque
3143 4655 3517 4702 communem;

1938 4747 2090 4815 Cujus
2110 4747 2271 4814 bona,
2296 4745 2417 4816 quia
2443 4743 2646 4813 judicio
2677 4751 2767 4795 tuo
2789 4748 2912 4793 uota
2940 4744 3087 4801 sunt,
3110 4750 3218 4790 non
3241 4734 3519 4802 requirunt

1938 4839 2314 4895 assertionem.
2349 4835 2538 4892 Merito
2565 4833 2696 4888 mihi
2729 4833 2795 4887 tle
2825 4846 2890 4886 eo
2920 4828 3060 4898 apud
3092 4828 3350 4882 scientem
3385 4822 3532 4875 facie

1939 4929 2004 4983 lis
2030 4944 2230 4997 sermo,
2259 4940 2313 4982 et
2342 4927 2518 4981 brevis
2544 4935 2645 4980 est.
2679 4923 2960 4977 Admoneo
2999 4928 3177 4973 tamen
3219 4926 3274 4969 ut
3314 4916 3364 4967 in
3398 4929 3482 4982 gra
3504 4942 3518 4951 -

1941 5020 2068 5074 tiam
2094 5035 2268 5074 meam
2296 5018 2523 5072 validius
2553 5014 2831 5082 diligatur,
2856 5011 3068 5077 meique
3091 5006 3229 5082 apud
3263 5016 3315 5058 te
3339 5016 3522 5056 Curam

1940 5113 2120 5183 vigere
2137 5113 2458 5165 documento
2470 5107 2608 5161 aucti
2625 5107 2765 5160 circa
2790 5119 2846 5158 se
2864 5102 3062 5157 atnoris
3079 5081 3520 5166 intelligat.Valc.

2483 5197 2704 5253 EPIST.
2748 5192 2985 5249 LXXXI.

2425 5302 2735 5343 δηιιυιοιιιις
2775 5297 3038 5339 ιιειιιιυιο.

2012 5385 2143 5441 Cum
2174 5396 2319 5452 saepe
2345 5378 2719 5436 occasionibus
2742 5376 2808 5430 ad
2837 5373 3180 5430 scribendum
3211 5379 3332 5426 utar
3373 5369 3523 5421 inco-

1938 5478 2121 5546 gnitis,
2150 5471 2414 5529 committi
2445 5472 2497 5524 in
2529 5469 2817 5523 amicitiam
2849 5476 2998 5537 puto,
3035 5465 3082 5519 si
3108 5459 3419 5518 domesticis
3451 5457 3525 5510 vi-

1939 5571 2070 5624 dear
2093 5567 2383 5620 abstinere.
2412 5561 2609 5617 Libens
2631 5561 2786 5630 igitur
2819 5559 2982 5615 Aerio
3010 5552 3392 5611 honestissimo
3415 5549 3524 5601 viru

1940 5659 2133 5716 cultori
2166 5667 2256 5711 tuo
2285 5656 2528 5710 nuntiam
2553 5652 2828 5723 SOSpIIaIiS
2856 5667 2989 5705 meai
3010 5649 3256 5719 paginam
3279 5641 3424 5706 dedi,
3445 5642 3528 5696 cui

1944 5749 2410 5809 honorificentiam
2457 5745 2792 5804 salutationis
2833 5743 3104 5812 atljungo:
3139 5751 3258 5807 qua:
3296 5735 3433 5800 sola,
3477 5742 3526 5787 el
