4046 6170
523 307 630 364 265

533 514 606 567 ris
623 513 803 581 explet
826 511 1009 566 ofllcii.
1044 510 1194 566 Vale.

1060 624 1273 681 EPIST.
1308 623 1574 679 LXXXII.

1007 730 1319 772 εγιιιίλοιιοε
1351 729 1618 769 ιιειιηωο.

603 827 828 884 Plenum
867 825 1141 897 religionis
1170 825 1408 880 officium
1431 832 1514 877 est
1543 820 1682 893 quod
1713 828 1908 887 sponte
1934 825 2116 871 votum

536 918 716 972 fratris
762 916 1063 972 antevenis.
1114 915 1366 970 Proxime
1410 912 1572 983 igitur
1615 910 1904 965 familiares
1947 905 2118 961 nostri

534 1007 600 1061 ad
631 1023 888 1078 equorum
919 1007 1318 1076 coemptionem
1346 1019 1470 1058 cum
1501 1002 1689 1072 pretiis
1715 999 2118 1062 commeabant,

535 1114 591 1158 nt
617 1118 680 1158 ex
706 1102 957 1157 omnibus
980 1100 1277 1170 quadrigis,
1303 1113 1436 1167 quas
1457 1095 1722 1165 scripsisti
1741 1108 1862 1148 esse
1882 1090 2120 1153 venales,

484 1217 492 1224 -
536 1196 940 1266 priestantiores
966 1208 1127 1248 cursu
1157 1201 1211 1250 et
1230 1205 1435 1260 genere
1461 1189 1725 1258 pollentes
1755 1185 1980 1240 defloret
2009 1181 2123 1234 ele-

538 1290 664 1343 ctio.
715 1287 841 1342 Haec
867 1297 1046 1340 autem
1079 1283 1174 1338 tibi
1202 1298 1330 1336 cura
1357 1279 1616 1335 sumenda
1658 1285 1790 1341 est,‘
1815 1284 1874 1330 ut
1905 1283 2126 1343 prmter-

540 1381 627 1436 itis
673 1379 999 1434 editionibus
1035 1377 1234 1432 nostris
1258 1389 1446 1430 recens
1467 1374 1713 1428 ludorum
1738 1369 1876 1423 fama
1905 1382 2128 1436 respon—

540 1473 682 1529 deat.
732 1472 788 1526 ln
839 1470 1028 1541 primis
1056 1468 1217 1537 igitur
1250 1467 1388 1520 hanc
1425 1464 1494 1519 de
1529 1474 1581 1518 te
1624 1460 1851 1532 gratiam
1879 1467 2026 1528 peto,
2060 1470 2130 1509 ne

541 1563 714 1631 magis
744 1575 1050 1624 numerum,
1079 1571 1239 1628 quam
1272 1556 1463 1610 merita
1491 1552 1818 1624 perpendas.
1849 1549 1982 1603 Nam
2006 1561 2128 1601 enm

543 1658 612 1710 de
654 1653 925 1723 Hispaniis
964 1650 1176 1720 copiam
1211 1661 1470 1719 equorum
1511 1659 1638 1715 spes
1669 1651 1820 1698 certa
1851 1640 1981 1695 mihi
2010 1649 2135 1707 pro-

541 1749 734 1811 mittat,
769 1746 888 1808 bos,
921 1757 1057 1813 quos
1078 1742 1145 1796 de
1173 1740 1420 1810 proximo
1443 1735 1738 1808 polliceris,
1769 1731 2013 1789 securior
2048 1728 2131 1785 di-

540 1835 760 1907 ligentia
781 1834 942 1889 debet
965 1845 1278 1901 excerpere.
1310 1827 1468 1884 Vale.

1067 1962 1282 2019 EPIST.
1324 1959 1611 2016 LXXXIII.

1026 2069 1336 2110 εγιιιιλιιιυε
1377 2066 1642 2106 ιιειῐιιοιο.

619 2166 814 2220 Curam
861 2171 1101 2218 nostram
1152 2157 1440 2214 senatoriae
1488 2155 1791 2210 functiones
1838 2155 1905 2208 ad
1957 2151 2139 2205 votiva

552 2257 869 2314 sollicitant.
894 2254 1188 2308 Praaturam
1220 2249 1417 2319 quippe
1445 2245 1539 2301 filii
1566 2245 1692 2313 mei,
1719 2245 1764 2298 si
1796 2243 1909 2298 fors
1938 2241 2138 2296 dictum

551 2352 719 2422 juvet,
765 2346 1045 2419 proximus
1079 2355 1251 2395 annus
1294 2346 1613 2409 exspectat:
1655 2335 1807 2406 cujus
1831 2331 2136 2389 instruendi

555 2455 719 2497 causa
749 2437 937 2494 amicis
966 2435 1162 2489 nostris
1193 2431 1468 2501 negotium
1497 2427 1747 2485 dedimus
1774 2435 1831 2480 ut
1868 2439 2037 2494 equos
2075 2437 2140 2476 ex

558 2531 812 2604 Hispania
864 2528 1208 2586 electissima:
1256 2523 1548 2578 nobilitatis
1591 2521 1930 2575 edecnment.
1967 2516 2144 2584 Expe-

553 2626 759 2682 riantur
781 2623 941 2692 igitur
969 2617 1280 2687 sutl'ragium
1307 2625 1475 2684 tuum,
1499 2615 1543 2668 si
1567 2613 1692 2682 quid
1720 2612 1838 2681 Opis
1864 2619 1920 2665 et
1945 2607 2143 2662 favoris

553 2715 848 2772 oraverint.
883 2715 1045 2767 Decet
1083 2711 1226 2765 enim
1256 2718 1308 2764 te
1346 2723 1444 2778 pro
1479 2719 1666 2761 amore
1703 2713 1890 2759 mutuo
1931 2715 2140 2757 mecum

552 2806 792 2864 curanda
825 2804 1035 2876 partiri.
1065 2801 1216 2856 Vale.

1080 2916 1299 2973 EPIST.
1328 2914 1616 2970 LXXXIV.

1041 3023 1355 3064 εῐωιιιοιιυε
1390 3021 1656 3063 ιιειιιιοιος

623 3128 906 3185 Silentium
931 3141 1110 3182 meum
1131 3126 1292 3182 etiam
1319 3125 1435 3195 ipse
1461 3123 1936 3195 reprehenderem,
1955 3122 1998 3177 si
2023 3130 2141 3175 tuas
2169 3136 2216 3201 ς

559 3227 767 3283 litteras
810 3220 1102 3292 aliquando
1137 3218 1511 3288 sumpsissem.
1554 3218 1736 3287 Itaque
1775 3217 1828 3271 in
1861 3216 2031 3271 altero
2058 3229 2144 3267 ar-

553 3330 721 3388 gnere
770 3327 878 3369 non
927 3320 1105 3382 potes,
1138 3310 1281 3380 quod
1323 3323 1353 3364 a
1394 3318 1447 3365 te
1486 3308 1782 3364 admissum
1826 3302 2140 3360 meministi.

559 3408 673 3477 Ego
704 3413 882 3460 tamen
913 3403 966 3459 in
1000 3403 1116 3457 haec
1141 3401 1320 3458 officia
1357 3402 1565 3471 primus
1599 3397 1774 3468 erupi,
1817 3405 1875 3452 ut
1901 3406 1957 3451 et
1994 3404 2047 3450 te
2076 3393 2144 3449 ad

554 3497 820 3578 Scribendi
852 3495 1089 3550 studium
1119 3494 1459 3558 cohortarer,
1499 3499 1556 3547 et
1582 3491 1814 3546 amicum
1843 3503 2022 3544 meum
2052 3495 2139 3541 te-

557 3585 798 3644 stimonii
829 3584 1214 3656 astipulatione
1238 3597 1619 3654 prosequerer.
1639 3582 1736 3637 Est
1755 3582 1899 3636 enim
1925 3579 2044 3649 ejus
2066 3578 2148 3632 in-

555 3679 782 3736 dustriae
809 3688 968 3748 atque
996 3675 1299 3747 probitatis,
1330 3683 1390 3729 ut
1418 3674 1656 3729 favorem
1699 3680 1849 3726 tuum
1873 3673 1998 3740 jure
2027 3671 2144 3724 me-

556 3780 757 3829 reatur.
787 3770 893 3824 Pro
924 3782 1033 3838 quo
1061 3781 1162 3836 ego
1185 3765 1382 3835 petitor
1403 3765 1626 3838 ageedo,
1653 3777 1984 3834 praesumens
2007 3760 2147 3830 apud

563 3860 802 3916 animum
834 3826 982 3916 tuum
1013 3826 1230 3914 nostras
1258 3826 1468 3912 Iitterﬂ
1494 3826 1783 3926 plurimum
1813 3826 2145 3926 profuturas.

564 3949 712 4005 Vale.

610 3965 712 4006 ale.
1093 4039 1311 4095 EPIST.
1344 4037 1608 4093 LXXXV.

1041 4169 1355 4210 SYMIIACHUS
1393 4167 1658 4208 IIELPIDIO.

630 4268 783 4336 Quod
827 4269 1091 4339 epistolas
1121 4284 1270 4325 meas
1306 4269 1519 4338 condis,
1552 4268 1752 4324 amoris
1781 4265 1864 4324 ést
1893 4267 2012 4334 tui;
2059 4267 2152 4338 qui

558 4362 915 4419 describenda
945 4360 1122 4417 nescit
1149 4362 1372 4431 eligere.
1399 4361 1505 4416 Sed
1533 4376 1618 4417 me
1639 4363 1792 4415 fucus
1817 4359 1905 4416 hic
1930 4360 2148 4430 decipit.

561 4456 696 4510 Nam
725 4455 1032 4524 prazcipitor
1059 4453 1125 4508 ad
1143 4453 1417 4508 scribendi
1441 4455 1711 4519 fiduciam,
1728 4453 1974 4524 placendi
1995 4469 2148 4509 secu-

560 4544 720 4598 ritate
749 4559 763 4596 :
793 4550 850 4595 et
882 4552 1058 4595 tamen
1099 4542 1165 4612 (si
1199 4544 1414 4611 quando
1445 4544 1727 4615 resipisco)
1758 4545 1919 4600 nimis
1953 4560 2148 4601 vereor

559 4648 630 4688 ne
659 4633 762 4685 ista
807 4631 1128 4697 simplicitas
1172 4633 1372 4688 incidat
1398 4635 1449 4688 in
1479 4636 1733 4690 lectorem
1759 4636 2010 4703 alterum,
2053 4636 2147 4692 tibi

561 4723 850 4791 diSparem.
892 4723 1069 4788 Quare
1108 4724 1271 4779 velim
1318 4725 1412 4779 tibi
1453 4726 1653 4782 habeas
1699 4744 1817 4796 qua:
1861 4728 2146 4799 incogitata

552 4813 884 4885 proferimus
910 4831 922 4865 :
950 4811 1085 4867 licet.
1103 4814 1294 4868 eadem
1319 4815 1424 4869 mei
1454 4831 1669 4884 queque
1696 4818 1897 4874 librarii
1929 4835 2149 4876 servare

559 4905 827 4960 dicantur.
860 4903 968 4959 Sed
1000 4903 1075 4958 illi
1109 4919 1204 4973 per
1225 4904 1578 4974 ignorantiam
1601 4909 1864 4963 examinis
1885 4951 1902 4976 ,
1927 4911 2067 4979 quod
2099 4923 2150 4967 te

563 4996 745 5051 facere
792 5010 898 5050 non
943 5004 1156 5064 Oportet
1183 4995 1514 5052 Mercurialis
1552 4997 1684 5051 artis
1725 5001 1978 5068 peritum.
2017 5002 2150 5058 Nam

562 5086 925 5142 mediocribus
948 5087 1165 5156 scriptis
1190 5087 1486 5158 amicorum
1508 5088 1808 5160 benignitas
1829 5092 1930 5147 scit
1947 5093 2149 5167 favere,

560 5177 866 5233 alienorum
905 5177 1104 5232 invidia
1145 5181 1316 5232 nescit
1361 5178 1662 5249 ignoscere.
1703 5182 1856 5248 Quod
1881 5195 2149 5254 superest,

558 5283 660 5324 oro
685 5266 800 5338 jam
835 5266 1043 5336 venias,
1088 5277 1144 5323 et
1186 5269 1469 5338 praesentia
1514 5279 1605 5324 tua
1651 5269 1910 5328 honorem
1955 5289 2151 5345 augeas

560 5359 823 5416 festorum
858 5356 1087 5415 dierum.
1129 5357 1334 5429 Nempe
1376 5359 1628 5416 Minerva:
1665 5363 1759 5418 tibi
1802 5365 2043 5421 solemne
2081 5367 2151 5422 de

561 5449 766 5506 scholis
793 5456 976 5503 notum
997 5458 1100 5514 est,
1121 5459 1178 5502 ut
1209 5449 1319 5505 fere
1340 5467 1608 5508 memores
1635 5469 1819 5510 sumus
1845 5458 2004 5511 etiam
2029 5473 2150 5528 pro-

562 5542 788 5602 sedente
814 5556 930 5596 tuo
958 5539 1243 5611 puerilium
1273 5542 1550 5601 feriarum.
1584 5546 1664 5600 Ad
1691 5561 1817 5602 eum
1843 5549 1986 5604 diem
2015 5567 2148 5607 con-

567 5633 756 5688 victum
805 5634 898 5689 tibi
949 5643 1224 5704 paramus,
1265 5635 1568 5702 agrestibus
1606 5638 1866 5694 olusculis
1913 5652 2147 5713 partum,

565 5725 689 5793 quia
717 5729 956 5786 luxuries
983 5727 1204 5786 offendit
1227 5726 1382 5785 deam
1415 5728 1671 5787 sobriam.
1707 5731 1858 5790 Vale.

1697 300 1759 367 ρ.
1804 293 2147 352 AURELIUS
2185 290 2622 350 SYMIIACIIUS.

527 436 652 478 eum
673 419 891 484 dicitur,
919 427 1114 476 etcum
1141 417 1376 474 vicissim
1405 415 1656 481 refertur,
1678 412 1858 468 munia
1887 409 2116 464 familia-
2145 412 2198 470 Α

3695 288 3801 346 ΞΜ

2740 407 2952 464 EPIST.
2995 405 3276 462 LXXXVI.

2703 512 3013 554 SYIHIACIIUS
3055 511 3318 552 HBLPIDIO.

2290 613 2560 669 lnsidiaris
2599 613 2835 668 infantia:
2877 627 3033 678 mem,
3074 625 3236 681 quam
3275 618 3396 677 tego
3419 607 3618 662 silentii
3653 621 3806 663 verc-

2219 705 2434 761 cnndia.
2481 704 2615 760 Nam
2663 703 2731 758 ad
2777 703 3040 759 elicienda
3091 715 3373 769 responsa,
3403 708 3709 765 venturum,
3757 699 3804 752 si

2220 813 2474 864 annuam,
2523 796 2826 867 polliceris;
2877 811 2999 850 cum
3051 793 3145 848 tibi
3198 793 3375 847 facere
3419 791 3487 847 de
3533 792 3809 863 proximo,

2221 905 2382 960 quam
2410 888 2678 958 spondere
2706 887 3003 957 promptius
3034 886 3214 940 fuerit.
3255 884 3383 940 Mihi
3412 899 3540 939 vero
3569 884 3839 951 adipisci,

2223 991 2455 1052 gratum,
2495 994 2714 1051 sperare
2757 979 3021 1050 prolixum
3071 986 3175 1033 est.
3217 977 3284 1032 Et
3329 986 3507 1031 tamen
3547 975 3811 1029 voluntati

2226 1083 2330 1129 tua:
2360 1088 2562 1142 pareo:
2591 1087 2692 1127 nec
2717 1085 2910 1126 vereor
2938 1085 3007 1124 ne
3035 1081 3240 1124 temere
3267 1084 3296 1123 a
3327 1083 3412 1124 me
3445 1068 3612 1123 effusa
3648 1065 3815 1119 verba

2225 1162 2278 1218 in
2311 1164 2519 1233 paginis
2547 1161 2750 1218 librarii
2789 1161 2863 1216 tui
2892 1159 3122 1217 referas.
3154 1160 3309 1228 Nam,
3353 1159 3396 1213 si
3424 1158 3552 1228 quid
3595 1157 3816 1220 horum,

2226 1270 2347 1325 quas
2373 1253 2513 1326 apud
2539 1264 2591 1310 te
2632 1253 2937 1309 incuriosus
2962 1252 3171 1320 loquor,
3198 1250 3432 1318 cuipiam
3465 1249 3647 1304 lectori
3680 1263 3783 1300 nan
3801 1276 3815 1287 -

2228 1362 2376 1402 seam
2407 1347 2672 1413 moverit;
2703 1360 2810 1401 non
2845 1355 2950 1400 tam
2980 1345 3033 1399 in
3064 1341 3352 1398 scribendo
3381 1339 3704 1412 negligentia
3735 1337 3821 1392 di-
3894 1339 3917 1361 '

2230 1438 2502 1509 Splicebil.
2538 1436 2688 1493 Vale.

2743 1527 2961 1583 EPIST.
3011 1525 3319 1580 LXXXVII.

2719 1637 3031 1677 εῐιιιηειιυε
3071 1635 3336 1674 ιιιιριυιο.

2306 1715 2623 1773 Nostrorum
2653 1713 2910 1769 duritiam
2935 1713 3077 1767 ferre
3104 1727 3209 1764 non
3238 1723 3541 1779 possumus,
3572 1705 3665 1776 qui
3693 1719 3818 1759 cum

2157 1784 2210 1846 Β
2235 1811 2440 1880 reliqua
2479 1804 2756 1877 superiora
2792 1819 2900 1860 non
2929 1803 3278 1868 exsolverint,
3313 1799 3476 1855 etiam
3505 1797 3822 1868 pensionem

2237 1899 2466 1972 proximi
2492 1898 2619 1953 anni
2645 1897 2786 1952 ferre
2807 1895 3130 1952 detrectant.
3156 1893 3360 1949 Idcirco
3393 1905 3576 1962 quaeso
3604 1899 3663 1944 ut
3697 1905 3823 1944 cum

2237 1991 2455 2048 homine
2493 2003 2637 2060 meo,
2675 2003 2838 2057 quem
2886 1986 2953 2041 ad
2999 1986 3337 2041 exactionem
3379 1983 3656 2038 titulorum
3702 1979 3824 2033 misi

2234 2097 2419 2138 curam
2449 2079 2850 2136 communicare
2889 2075 3150 2144 digneris,
3176 2084 3230 2129 et
3259 2073 3569 2146 religiosam
3599 2085 3824 2140 operam

2241 2168 2473 2224 libenter
2516 2165 2764 2234 arripias.
2817 2162 2992 2218 Grave
3021 2169 3106 2217 est
3134 2175 3299 2224 enim,
3342 2172 3440 2213 nos
3477 2158 3692 2226 quidem
3735 2171 3832 2224 pm

2241 2261 2385 2331 agris
2433 2263 2632 2314 nostris
2661 2255 3035 2310 functionibus
3079 2253 3308 2323 publicis
3346 2266 3468 2306 esse
3511 2250 3832 2304 muniticos:

2241 2361 2457 2406 actores
2491 2357 2670 2404 autem
2714 2348 2974 2409 locorum,
3007 2360 3074 2399 ne
3115 2343 3168 2398 id
3211 2341 3429 2412 quidem
3469 2340 3608 2396 velle
3648 2338 3831 2393 redhi-

2245 2443 2396 2510 bere,
2439 2439 2584 2509 qnod
2627 2439 2807 2493 sciunt
2846 2451 2942 2507 per
2969 2449 3140 2490 annos
3177 2433 3419 2504 singulos
3455 2445 3578 2487 esse
3614 2429 3837 2485 solven-

2245 2534 2394 2587 dum.
2427 2532 2573 2586 Vale.
3090 2582 3106 2598 κ

2747 2620 2960 2678 EPIST.
3004 2618 3336 2676 LXXXVIII.

2725 2727 3035 2769 εςιιιιλειιυε
3073 2725 3344 2766 ιιειιδιυιο.

2318 2811 2533 2866 Nullum
2561 2818 2770 2877 tempus
2799 2821 2920 2862 esse
2943 2806 3118 2875 patior
3137 2804 3205 2859 ab
3223 2803 3402 2858 officio
3429 2800 3703 2856 feriarunt.
3728 2797 3838 2853 Meo

2245 2903 2352 2959 rito
2390 2901 2699 2972 properanti
2730 2899 3009 2954 tabellario
3037 2896 3236 2952 cursim
3263 2894 3441 2950 debila
3481 2892 3636 2947 verba
3683 2905 3837 2946 com-

2247 2993 2367 3048 misi
2384 3009 2398 3058 ;
2414 2991 2608 3063 quibus
2630 3004 2814 3060 quaeso
2836 2987 3134 3043 referenda:
3148 2983 3528 3040 vicissitudinis
3542 2998 3726 3038 curam
3744 2997 3837 3035 ca-

2249 3099 2466 3154 pessas,
2499 3083 2619 3137 licet
2650 3082 2831 3136 malim
2854 3080 2965 3151 jam
3001 3090 3092 3135 tuo
3121 3079 3296 3135 reditu
3329 3092 3487 3148 quam
3514 3075 3840 3145 scriptorum

2249 3177 2454 3232 honore
2481 3173 2670 3230 laetari.
2705 3171 2854 3228 Vale.

2774 3261 2990 3318 EPIST.
3019 3259 3310 3316 LXXXIX.

2732 3369 3045 3411 εωιιλςιιυε
3081 3368 3352 3409 ηειριοιο.

2318 3453 2434 3506 Non
2481 3466 2549 3508 ex
2594 3449 2758 3506 officii
2798 3449 3057 3518 parcitate
3084 3449 3382 3503 amicorum
3412 3443 3602 3515 religio
3623 3451 3679 3498 et
3708 3459 3842 3498 cura

2248 3542 2528 3613 pendenda
2584 3551 2688 3598 est.
2746 3539 3070 3612 Plerumque
3123 3541 3266 3595 enim
3311 3536 3582 3595 scribendi
3631 3537 3846 3606 cupidis

2249 3632 2379 3687 deﬁt
2401 3632 2644 3697 occasio;
2671 3647 2772 3688 nec
2797 3641 2976 3687 tamen
2997 3631 3245 3687 amicitia;
3269 3630 3526 3685 memoria
3556 3631 3843 3699 temporali

2249 3725 2465 3780 silentio
2493 3724 2852 3780 consenescit.
2887 3725 3069 3794 Itaque
3097 3723 3241 3794 quod
3273 3722 3548 3792 hucusque
3577 3723 3844 3788 conticui,

2253 3815 2516 3878 voluntati
2561 3832 2667 3871 non
2706 3815 2869 3871 debet
2907 3815 3106 3870 ascribi
3147 3830 3161 3868 :
3206 3813 3372 3868 tnulta
3419 3811 3563 3868 enim
3603 3811 3845 3867 studium

2253 3920 2495 3969 nostrum
2541 3907 2760 3963 fortuita
2810 3907 3194 3977 impedimenta
3245 3907 3542 3960 frenarunt.
3595 3904 3702 3960 Sed
3750 3905 3844 3957 ubi

2251 4000 2623 4069 tempestivam
2653 3999 2922 4070 comperit
2951 3999 3280 4064 facultatem,
3311 3985 3515 4053 contuli
3545 3998 3598 4052 in
3625 3996 3723 4050 has
3755 3996 3845 4048 lit-

2253 4100 2398 4144 teras
2430 4091 2534 4144 mei
2565 4090 2707 4145 circa
2738 4099 2792 4146 te
2837 4090 3095 4161 prepositi
3127 4100 3288 4160 atque
3317 4087 3519 4144 amoris
3548 4085 3842 4148 indicium;

2251 4190 2722 4248 compensatnrus,
2745 4182 2886 4252 quod
2913 4183 3172 4236 hactenus
3195 4180 3338 4245 silui,
3368 4178 3662 4249 frequentia
3693 4179 3848 4247 pagi-

2253 4289 2464 4341 narum,
2497 4274 2542 4328 si
2574 4289 2661 4329 me
2687 4274 2958 4330 incentivo
2978 4271 3211 4344 quodam
3238 4280 3424 4327 mutuo
3441 4271 3706 4327 sermonis
3725 4271 3849 4324 ani-

2255 4381 2339 4440 tqa
2349 4367 2512 4421 veris.
2550 4365 2698 4421 Vale.

2865 4457 3085 4515 EPIST.
3127 4457 3237 4512 XC.

2749 4561 3061 4604 SYMIIACHL'S
3100 4563 3356 4604 ιιειριυιο.

2329 4648 2656 4704 Attentatam
2685 4643 2863 4699 denuo
2887 4643 3246 4698 valetudinem
3273 4649 3415 4696 tuam
3445 4654 3684 4695 meorum
3709 4655 3841 4695 cura

2257 4740 2540 4810 suggessit.
2573 4738 2753 4804 Quare
2778 4734 3097 4789 sollicitatus
3123 4732 3340 4787 incertis
3360 4731 3606 4786 emittere
3633 4731 3836 4802 scripta

2257 4849 2361 4888 non
2385 4831 2594 4894 distuli;
2626 4829 2820 4900 quibus
2849 4837 2906 4880 ut
2931 4825 3000 4881 de
3030 4836 3081 4879 te
3122 4825 3243 4879 laeta
3282 4822 3664 4891 respondeant,
3699 4838 3842 4891 prm-

2258 4925 2416 4981 stabit
2445 4922 2622 4978 divina
2661 4921 2954 4976 miseratio.
2993 4919 3109 4973 Erit
3134 4917 3374 4972 muneris
3399 4915 3476 4970 tui
3503 4924 3562 4970 ut
3590 4916 3703 4970 otio
3724 4931 3846 4971 meo

2259 5017 2601 5074 securitatem
2627 5014 2871 5070 sanitatis
2895 5012 3139 5080 adiicias.
3171 5010 3323 5066 Vale.

2864 5170 3084 5226 EPIST.
3105 5170 3243 5226 XCI.

2745 5275 3056 5316 SYMMACHUS
3091 5276 3364 5316 IIELPIDIO.

2329 5376 2396 5431 Et
2440 5376 2602 5433 rebus
2641 5383 2697 5430 et
2733 5373 2932 5429 litteris
2975 5383 3154 5441 partes
3192 5371 3470 5440 religionis
3508 5373 3850 5438 exsequeris.

2257 5465 2390 5523 Nam
2416 5466 2726 5521 hominibus
2755 5465 2888 5519 meis
2907 5463 3231 5517 adminicula
3259 5461 3459 5515 favoris
3487 5461 3775 5528 impendis,
3794 5473 3857 5514 et

2260 5575 2346 5614 me
2373 5560 2638 5615 sermonis
2669 5558 2744 5612 tui
2776 5558 2983 5610 honore
3013 5556 3315 5626 participas.
3349 5555 3465 5622 Ago
3497 5553 3660 5622 igitur
3689 5561 3856 5620 atque

2261 5650 2433 5705 habeo
2473 5649 2698 5720 gratias,
2743 5647 2969 5702 daturus
3009 5661 3256 5714 operam,
3303 5660 3373 5700 ne
3411 5644 3605 5699 officiis
3646 5651 3856 5699 nostris

2261 5740 2574 5797 vicissitudo
2601 5754 2832 5806 unquam
2864 5737 3138 5795 dissimilis
3157 5737 3444 5804 indicetur.
3480 5735 3630 5791 Vale.
