4074 6176
294 313 378 369 965
1446 305 1923 364 EPISTOLARUM
1967 306 2166 361 LIBER
2212 306 2300 360 VI.
3422 301 3529 356 ‘266

839 419 1056 477 EPIST.
1083 417 1239 474 XCII.
1857 423 1906 478 Λ
1941 417 2030 471 Dei
2069 418 2242 484 venia,
2287 431 2377 473 res
2417 431 2689 488 prosperae
2721 413 3060 484 pollicemur.
3105 411 3211 468 Sed
3247 415 3530 481 praesentia

733 525 1041 566 svuuscuus
1085 525 1352 564 nummo.
1945 511 2063 562 laeta
2093 509 2413 577 cumulabis,
2446 508 2488 562 si
2520 523 2615 577 per
2645 507 2854 562 litteras
2886 504 3015 559 mihi
3048 503 3283 574 cognitio
3314 514 3416 557 tua:
3443 519 3528 558 sa-

349 606 466 660 Cum
505 603 569 658 ad
608 602 776 657 filium
821 617 996 658 meum
1031 601 1320 667 scriberes,
1367 599 1539 655 solum
1587 615 1674 655 me
1711 599 1836 670 styli
1944 601 2067 654 Iutis
2097 601 2412 656 accesserit.
2449 599 2600 653 Vale.

292 698 468 752 honore
505 694 779 748 fraudasti.
828 693 983 747 Potui
1030 702 1081 747 te
1109 691 1310 746 silentii
1338 691 1536 744 talione
1567 689 1834 755 mordere,
2515 691 2732 746 EPIST.
2775 690 2958 746 XCVI.

290 789 368 844 sed
411 786 698 842 amicorum
742 783 1081 854 negligentia:
1117 797 1389 851 nunquam
1425 797 1604 848 parem
1637 794 1841 850 repono
2427 801 2734 841 svumcnus
2775 798 3040 838 nummo.

289 889 642 948 contemptum.
674 881 851 948 Atque
872 878 1075 931 utinam
1106 875 1330 931 reddita:
1359 873 1469 929 filio
1499 888 1621 930 meo
1646 873 1841 928 litterae
2017 876 2239 930 Romam
2274 875 2497 930 rediisse
2527 891 2615 931 me
2648 875 2855 930 nuntio.
2885 877 3063 945 Atque
3091 873 3291 927 utinam
3331 871 3530 926 sanita-

290 973 399 1026 nihil
438 972 738 1041 asperitatis
778 985 846 1024 ex
892 968 1250 1023 conventione
1278 967 1500 1022 fraterni
1540 965 1706 1021 debiti
1741 966 1840 1020 ha-
1947 969 2013 1022 tis
2041 982 2254 1037 quoque
2281 983 2414 1022 meae
2443 968 2604 1023 iudex
2631 981 2755 1022 esse
2785 969 3100 1037 potuissem,
3123 979 3282 1035 quam
3321 963 3527 1019 labefa-

290 1065 513 1118 buissent.
547 1062 660 1130 Ego
689 1076 902 1132 quoque
929 1060 1060 1114 mihi
1089 1073 1426 1130 nequaquam
1445 1056 1660 1112 viderer
1679 1056 1843 1110 omis-
1943 1060 2110 1114 ctavit
2149 1059 2595 1128 peregrinationis
2633 1058 2826 1127 injuria
2861 1067 2914 1112 et
2957 1055 3202 1111 hiemalis
3241 1054 3528 1124 asperitas.

287 1172 377 1211 sus.
406 1156 548 1210 Nunc
574 1156 685 1210 duo
726 1155 929 1226 pariter
959 1155 1294 1218 acciderunt,
1339 1161 1402 1206 ut
1440 1166 1530 1207 me
1571 1160 1628 1206 et
1670 1149 1844 1203 honor
1943 1153 2048 1208 Sed
2070 1152 2182 1208 otio
2209 1153 2453 1207 redditus
2471 1166 2634 1221 spero
2658 1150 3034 1220 meliora.lpse
3059 1157 3121 1203 ut
3146 1149 3330 1203 valeas
3349 1147 3529 1201 divina

285 1248 419 1302 oflicii
449 1248 774 1317 pra-teriret,
808 1256 860 1302 et
896 1248 1213 1316 participata
1243 1260 1364 1301 cum
1401 1243 1511 1299 filio
1539 1243 1844 1298 amaritudo
1947 1243 2442 1314 praestabunt.Natn
2468 1252 2524 1298 ut
2547 1243 2794 1298 homines
2818 1256 2968 1296 meos
2994 1241 3153 1295 solito
3179 1242 3359 1294 favore
3383 1248 3530 1293 tuea-

285 1339 593 1406 percelleret.
626 1338 777 1394 Vale.
1946 1337 2041 1396 ris.
2074 1335 2349 1404 postulare
2389 1350 2493 1390 non
2531 1335 2746 1400 debeo;
2785 1351 2908 1389 cum
2940 1335 3340 1389 incitamentum
3369 1346 3532 1400 spon-

838 1427 1055 1483 EI’IS'I‘.
1085 1425 1266 1482 XCIII.
1948 1436 2102 1481 lanea
2123 1425 2297 1481 officia
2327 1440 2432 1481 non
2455 1427 2755 1496 requirant.
2784 1427 2930 1481 Vale.

746 1533 1363 1618 SYIIMACIIUS-IIELPID-IB.
1443 1607 1534 1618 nr
1615 1608 1628 1618 I

343 1611 674 1666 Formianum
704 1611 858 1665 littus
886 1611 1235 1665 accessimus.
1279 1609 1415 1662 Hinc
1443 1607 1694 1663 Puteolos
1721 1625 1843 1663 mox
2509 1600 2574 1616 ⁸³⁸
2602 1600 2689 1618 ’³³³
2709 1600 2722 1615 ’
2757 1600 2842 1617 ’Ν
2865 1600 2879 1616 ’

2433 1670 2746 1710 εγωυλοιιυε
2785 1671 3050 1710 ιιειριυιο.

287 1701 723 1768 peteruus.Gr2ve
742 1710 825 1754 est
845 1705 988 1754 enim
1012 1699 1114 1753 sub
1134 1699 1353 1753 auribus
1378 1698 1574 1768 judicis
1599 1699 1843 1753 Baiarum
2222 1747 2235 1760 .
2401 1698 2746 1759 ,⁹“””“““”“’”
2786 1698 3050 1710 ”’⁴’““”“”
3090 1748 3104 1762 ,
3147 1750 3160 1761 ,
3226 1749 3239 1760 .
3370 1750 3382 1761 ,
3473 1751 3483 1762 ,

287 1793 614 1819 mnmumm
644 1791 888 1819 Mum“:
941 1790 1116 1819 "Mm
1144 1789 1386 1819 Mnmm
1418 1789 1672 1819 unum“,
1716 1790 1817 1819 mn,
1881 1779 1923 1819 η
2018 1746 2293 1803 Maluertm
2322 1747 2541 1817 quidem
2573 1757 2720 1801 tuum
2753 1747 2995 1802 solamen
3020 1748 3263 1813 adipism,
3295 1764 3416 1819 quia
3453 1751 3536 1803 ht-

282 1793 615 1859 appetenliam
642 1791 912 1844 confiteri.
941 1790 1119 1843 [Iabes
1143 1789 1388 1842 ordinem
1418 1789 1673 1858 propasiti
1715 1790 1840 1844 mei.
1876 1779 1923 1839 Β
2018 1779 2293 1803 “mum”
2322 1779 2541 1817 “""m"
2574 1779 2720 1801 “³““¹
2753 1779 2995 1802 ³¹¹¹⁶¹¹¹¹⁹⁵¹
3020 1779 3263 1813 ⁶““⁸’¹³””
3295 1779 3416 1819 “um
3453 1779 3532 1803 ¹“’

283 1884 379 1908 ,ΑΜ
405 1891 673 1908 ,ΜΝ-,η
718 1879 967 1908 “Md”:
1038 1896 1143 1908 mm
1177 1888 1225 1908 ,Α
1267 1879 1337 1908 n,‘
1380 1892 1569 1908 MM”
1605 1880 1844 1908 “unum”,
1951 1838 2077 1893 teris
2107 1839 2374 1894 secundus
2408 1839 2474 1894 ad
2522 1840 2747 1908 gratiam
2791 1839 2940 1894 locus
2985 1849 3087 1894 est.
3141 1840 3416 1895 Desiderio
3459 1843 3532 1894 tui

283 1884 380 1949 Ipse
405 1891 675 1936 memento
718 1879 994 1951 promissi,
1036 1896 1144 1948 quo
1177 1888 1226 1932 te
1266 1879 1337 1932 ob
1379 1892 1570 1933 causas
1605 1880 1847 1947 publicas
1950 1879 2950 1951 ῘξζῖῘ-’ΪΪΪἽΪ-Ϊέίίῗίτξέξξηξίξζέῗζί
2985 1879 3115 1951 ν”ἶξ-
3141 1879 3418 1951 ’ῘῨ⁰”““”¹“Ῐ
3459 1879 3508 1948 ’Ἴ

285 1932 1004 2043 εξεῆέῖίᾘᾷιῖᾆᾶιῖεᾟιὲωὼτέ
1033 1932 1284 2024 Quianam
1312 1932 1665 2040 spopOIidisti.
1699 1932 1845 2025 Vale.
1947 1932 2269 2036 δεξίνιοτυτη
2301 1932 2989 2043 ⁶⁰ξ¹¹⁰⁸¹¹⁸²¹ἷ⁰⁸³¹ί⁸ί⁸⁰ῖίν
3039 1935 3538 2043 ξ¹ξ³¹ί¹¹¹⁰ί¹ξ¹ξῗί¹¹ἵίί

994 2084 1035 2096 m
1082 2049 1247 2096 ‘m‘m
1344 2025 1358 2038 '
1414 2025 1429 2040 '
1948 2025 2212 2090 animum,
2244 2025 2386 2093 quod
2418 2034 2593 2080 tecum
2625 2026 2821 2080 bonam
2851 2025 3214 2080 valetudinem
3237 2027 3464 2082 rediisse
3483 2028 3536 2081 in

836 2083 1057 2140 ΕΡιδΤο
1082 2081 1272 2136 xcw'
1948 2115 2173 2183 gratiam
2199 2081 2484 2170 nuntiasti.
2530 2116 2650 2184 Ipse
2680 2115 2912 2170 Formiis
2941 2114 3116 2170 adhuc
3137 2115 3376 2170 residere
3402 2081 3539 2171 con-

745 2190 1054 2231 SYIIACHUS
1091 2189 1361 2230 ηεωηυιο.

1957 2205 2120 2269 stitui,
2164 2214 2224 2260 ut
2271 2205 2528 2275 mitigatis
2567 2207 2809 2260 autumni
2860 2205 3082 2260 testibus
3122 2205 3190 2259 ad
3230 2206 3538 2263 suburbana

339 2269 545 2324 Romam
577 2266 1323 2367 egreﬁPS'POS‘leﬁamﬂs
1354 2265 1610 2367 (fulcmm’
1642 2268 1849 2367 ⁸¹¹ξ¹¹ῐ³³ί
1949 2265 2261 2352 concedam.
2309 2265 2492 2367 Neque
2540 2299 2684 2353 enim
2735 2298 2994 2367 temporis
3049 2298 3184 2352 ratio
3215 2299 3435 2366 patitur,
3486 2311 3542 2353 ut

290 2357 464 2414 litteras
494 2371 644 2424 tuas,
675 2359 870 2428 quibus
899 2359 1089 2427 patria:
1109 2358 1380 2412 communi
1425 2357 1600 2426 largas
1641 2359 1718 2412 rei
1755 2374 1853 2411 an-

285 2453 493 2508 nonaria:
514 2453 711 2521 copias
733 2451 1025 2521 polliceris.
1045 2449 1224 2520 Itaque
1242 2450 1456 2520 gemino
1482 2450 1702 2506 affectus
1721 2467 1852 2521 gau-

284 2545 374 2610 dio,
410 2556 462 2599 et
510 2545 671 2614 quasi
716 2544 848 2598 civis
888 2542 1101 2612 publica
1143 2543 1460 2607 securitate,
1501 2553 1557 2598 et
1597 2543 1721 2599 facti
1775 2546 1850 2600 tui

285 2637 425 2703 gloria
459 2637 616 2706 quasi
659 2636 828 2690 frater
867 2636 1267 2704 superexsulto,
1308 2645 1468 2706 teque
1501 2637 1567 2692 ad
1600 2637 1701 2694 hoc
1738 2646 1853 2693 stu-

287 2728 412 2783 dium
435 2730 690 2799 religiosa
721 2729 1104 2784 exhortatione
1123 2728 1420 2794 distimulo,
1446 2728 1570 2784 licet
1595 2729 1734 2784 bona
1759 2746 1853 2785 vo-

279 2820 450 2887 luntas,
480 2836 608 2890 qure
633 2835 698 2875 ex
741 2821 954 2890 ingenio
985 2819 1153 2885 venit,
1177 2835 1281 2876 non
1311 2822 1379 2876 sit
1406 2822 1651 2890 agitanda
1679 2825 1854 2877 calca-

282 2913 424 2965 r.bus.
469 2913 581 2982 Ego
632 2913 850 2966 lectioni
889 2913 1158 2966 sermonis
1194 2914 1269 2966 tui
1308 2912 1504 2966 civium
1545 2923 1850 2968 nostrorum

279 3017 436 3055 curam
470 3003 676 3057 levavi.
728 3003 912 3072 Neque
949 3004 1093 3057 enim
1123 3003 1284 3058 silere
1317 3003 1501 3058 debuit
1530 3013 1636 3058 tam
1665 3005 1851 3060 lauda-

282 3095 382 3148 bilis
417 3103 469 3148 et
509 3104 669 3150 certa
713 3093 1021 3163 promissio.
1053 3094 1328 3163 Superest,
1367 3105 1424 3148 ut
1466 3096 1740 3164 proposito
1767 3111 1853 3151 re-

279 3185 465 3253 ligionis
503 3196 618 3240 ture
651 3185 844 3239 melior
878 3183 1082 3254 aspiret
1108 3195 1354 3250 eventus,
1396 3195 1452 3240 et
1493 3187 1545 3240 in
1575 3196 1849 3256 posterum

276 3289 563 3345 competens
590 3277 762 3332 decus
785 3292 882 3346 pro
905 3286 1054 3331 tanto
1076 3277 1128 3332 in
1155 3279 1380 3347 patriam
1405 3278 1592 3336 labore
1622 3295 1852 3350 respou-

276 3365 396 3422 deat.
421 3367 574 3422 Vale.

861 3437 1076 3492 EPIST.
1103 3437 1262 3493 XCV.

747 3544 1059 3584 SYHMACHUS
1093 3546 1356 3586 HELPIDIO.

335 3621 690 3676 Mediolanum
725 3635 842 3674 sum
882 3621 1080 3676 missus
1115 3637 1143 3675 a
1176 3625 1417 3690 patribus
1447 3627 1513 3680 ad
1545 3642 1849 3687 exoneran-

275 3711 378 3767 dam
414 3714 583 3769 divini
619 3715 878 3784 principis
921 3730 1103 3783 Opem,
1135 3732 1293 3785 quam
1334 3723 1635 3777 communis
1662 3727 1849 3792 patria

277 3806 560 3861 sollicitudo
604 3806 879 3876 poscebat.
909 3805 1152 3862 Celerem
1185 3810 1312 3863 mihi
1343 3813 1597 3882 reditum,
1627 3819 1846 3886 prtefata

300 3943 1843 3968 -————————-—_——

1952 2406 2288 2447 communem
2322 2393 2550 2460 patriam
2580 2400 2806 2447 maestus
2835 2389 3122 2460 ingrediar.
3169 2389 3319 2445 Vale.

2506 2523 2726 2580 EPIST.
2760 2523 2993 2579 XCVIII.

2439 2632 2746 2672 SYMMACIIUS
2784 2631 3050 2671 HELPIDIO.

2024 2728 2080 2783 Si
2118 2729 2356 2784 conditio
2391 2729 2648 2797 temporis
2687 2729 2912 2793 sineret,
2957 2727 3094 2781 votis
3130 2741 3216 2780 me
3245 2725 3348 2779 tuis
3374 2724 3534 2779 etiam

1956 2836 2060 2874 non
2091 2830 2312 2890 rogatus
2342 2820 2662 2888 ingererem.
2695 2819 2812 2886 Qua
2835 2820 2887 2872 in
2919 2834 2977 2872 re
3001 2828 3186 2873 certus
3215 2818 3379 2872 animi
3411 2821 3538 2882 mei,

1955 2913 2304 2966 assertionem
2332 2912 2643 2980 verborum,
2673 2913 2827 2966 sicuti
2855 2911 3110 2978 arbitror,
3144 2926 3249 2964 non
3279 2910 3534 2978 requiris.

1956 3001 2108 3056 Nunc
2140 3002 2368 3057 fortunae
2397 3017 2531 3057 mete
2554 3002 2784 3071 qualitas
2814 3002 2868 3057 in
2900 3011 3104 3056 tantum
3150 3017 3250 3057 nos
3282 3016 3310 3054 a
3342 3002 3544 3056 festivis

1958 3100 2186 3146 excusat
2227 3093 2441 3156 officiis,
2478 3102 2540 3146 ut
2587 3093 2809 3162 insuper
2840 3093 3028 3146 solatia
3058 3091 3316 3162 deposcat
3345 3092 3543 3146 aliena.

1961 3186 2100 3254 Ergo
2132 3185 2251 3254 quia
2276 3186 2327 3238 in
2361 3200 2520 3239 manu
2551 3201 2667 3239 mea
2705 3186 2916 3240 interim
2952 3201 3058 3240 non
3087 3195 3170 3240 est
3199 3185 3546 3255 frequentare

1958 3276 2113 3330 laetos
2152 3286 2484 3342 conventus;
2529 3287 2632 3331 tua:
2670 3279 2788 3346 opis
2827 3281 2930 3330 erit
2971 3276 3155 3331 levare
3201 3288 3543 3332 maerentem.

1961 3370 2232 3436 Quorsum
2263 3370 2404 3425 istud
2439 3370 2682 3440 inquies?
2711 3381 2768 3424 ut
2805 3369 3027 3424 fratrem
3070 3383 3250 3424 meum
3282 3369 3548 3424 Florenti-

1962 3480 2108 3531 num,
2140 3463 2499 3519 clarissimum
2531 3474 2690 3533 atque
2719 3463 3124 3517 ornatissimum
3154 3463 3354 3528 virum,
3387 3478 3544 3531 pere-

1957 3555 2250 3625 grinationi
2293 3570 2428 3611 mete
2470 3557 2746 3610 cohaerere
2777 3555 3015 3623 patiaris.
3052 3556 3280 3609 Tantum
3313 3566 3457 3624 peto,
3490 3566 3548 3610 ut

1959 3645 2027 3701 ab
2057 3661 2122 3702 eo
2157 3647 2529 3718 interpreteris
2567 3647 2802 3715 impendi
2848 3661 2914 3703 ex
2961 3647 3060 3701 hac
3097 3648 3544 3712 commoratione,

1957 3753 2115 3807 quam
2148 3739 2276 3792 mihi
2312 3739 2525 3805 tribuit,
2556 3747 2811 3807 quantum
2839 3753 2906 3792 ex
2936 3737 3054 3807 ejus
3083 3739 3368 3807 praesentia
3395 3737 3546 3793 volu-

1959 3830 2122 3898 ptatis
2154 3830 2454 3884 habuisses.
2487 3829 2634 3883 Vale.

2721 3964 2726 3965 γ
2785 3964 2792 3968 ,

1305 4069 1782 4182 LIBER
1858 4080 2501 4193 SEXTUS.

766 4247 1092 4304 EPISTULA
1128 4249 1363 4303 PRIMA.

630 4352 941 4392 SYIIIACIIUS
986 4355 1271 4394 NICOIACHI
1320 4358 1493 4397 FILIIS.

337 4429 408 4485 De
436 4431 600 4486 rebus
631 4430 845 4498 liquidis
895 4430 1055 4499 atque
1091 4432 1387 4488 manifestis
1424 4437 1622 4491 rectius
1661 4448 1851 4495 natura

276 4540 415 4591 quam
443 4525 583 4580 fama
613 4527 935 4580 consulitur.
959 4528 1097 4596 Ergo
1126 4529 1178 4582 in
1207 4532 1348 4583 tenui
1377 4532 1562 4599 patriae
1586 4534 1851 4602 victu,su-

281 4619 481 4684 perioris
505 4618 863 4689 providentia:
889 4620 1098 4674 laudem
1121 4620 1347 4676 refotam
1375 4639 1480 4678 non
1502 4641 1566 4680 ex
1590 4642 1686 4682 ore
1713 4630 1852 4682 mul-

279 4707 525 4776 titudinis,
558 4712 658 4767 sed
689 4728 755 4766 ex
789 4711 992 4767 ratiooe
1019 4713 1236 4768 humani
1282 4714 1478 4785 ingenii
1511 4719 1848 4788 colligamus.

279 4801 489 4863 Necesse
517 4815 604 4859 est
641 4804 784 4858 enim
830 4818 983 4858 seros
1023 4806 1378 4860 aestimatores
1423 4807 1803 4864 beneficiorum
1831 4855 1845 4877 ,

279 4909 385 4945 cum
407 4895 702 4948 succedant
729 4895 985 4964 angustia:
1002 4893 1189 4963 copiis,
1215 4895 1602 4953 dissimulatam
1626 4901 1848 4968 gratiatn

283 4982 554 5038 collatione
585 4986 804 5039 sentire.
853 4985 919 5038 Et
969 4985 1168 5052 plebes,
1199 4985 1415 5054 quidem
1448 4999 1626 5042 nostra
1659 5006 1853 5058 pauco—

283 5089 388 5128 rum
416 5079 611 5132 studiis
637 5077 861 5132 antehac
891 5079 943 5131 in
977 5079 1156 5132 odium
1187 5081 1315 5133 tanti
1349 5081 1482 5133 civis
1509 5082 1748 5146 subacta,
1776 5093 1852 5137 te-

277 5177 433 5222 statur
455 5171 729 5240 propalam
754 5169 1046 5238 pamitendi
1077 5171 1489 5226 correctionem.
1513 5173 1848 5237 Collegarum

277 5273 392 5314 vero
431 5263 746 5316 notissimus
773 5263 1025 5330 pervicax
1055 5261 1191 5315 livor
1218 5277 1322 5315 nou
1345 5262 1473 5316 sinit
1499 5263 1674 5328 fateri,
1706 5263 1846 5333 quod

278 5353 410 5419 cogit
426 5353 627 5407 veritas
639 5353 901 5422 judicare.
927 5353 1103 5420 Quare
1125 5355 1286 5408 tacito
1303 5353 1613 5408 afficiuntur
1634 5355 1851 5418 rubore,

276 5453 321 5494 et
343 5447 710 5500 convictorum
742 5446 944 5500 similes
983 5447 1050 5500 de
1081 5446 1234 5500 vobis
1272 5447 1509 5514 proferre
1538 5459 1848 5516 nequeunt,

274 5548 382 5601 quze
412 5537 622 5590 sentire
647 5545 927 5606 coguntur.
958 5535 1064 5590 Sed
1098 5537 1210 5589 hac
1256 5535 1465 5606 longius
1491 5539 1711 5607 exsequi
1743 5555 1848 5593 non

270 5633 344 5676 est
367 5641 618 5681 necesse.
647 5627 855 5682 Sufficit
902 5627 1043 5684 enim
1075 5627 1298 5682 rediisse
1319 5628 1384 5681 ad
1414 5629 1846 5684 conciliationem

274 5714 416 5771 famae
447 5727 648 5772 vestra:
676 5719 941 5784 publicum
974 5719 1362 5774 testimonium.
1405 5719 1758 5790 Vivatmodo,
1793 5732 1846 5777 et

542 5811 814 5872 I‘naoe.
864 5812 1096 5873 XVIII.

1879 4669 1928 4728 D

1957 4264 2013 4319 in
2055 4266 2221 4333 patris
2245 4267 2442 4321 celebri
2499 4268 2754 4320 memoria
2786 4267 3034 4322 solatium
3081 4274 3254 4333 tuum,
3285 4273 3341 4322 et
3368 4266 3422 4320 in
3453 4275 3544 4321 tua

1959 4355 2130 4411 salute
2161 4365 2383 4426 paterna
2416 4358 2703 4427 reparatio.
2735 4357 2942 4412 Valete.
3275 4369 3279 4372 ·

2585 4490 2801 4547 EPIST.
2847 4490 2909 4544 II.

2325 4616 2632 4658 SYNMACIIUS
2669 4617 2950 4656 NICOMACIII
2987 4616 3164 4657 FILIIS.

2030 4711 2300 4766 Hilaratus
2325 4723 2407 4767 est
2439 4713 2566 4766 mihi
2591 4712 2707 4767 dies
2737 4713 2930 4766 litteris
2960 4711 3174 4777 vestris,
3202 4720 3258 4768 et
3283 4712 3543 4768 festivita-

1957 4813 2064 4859 tem
2094 4805 2382 4858 natalitiam
2412 4806 2604 4860 domus
2634 4813 2831 4860 nostra
2859 4805 3196 4861 desideratus
3240 4821 3420 4862 sermo
3444 4823 3540 4878 ge-

1956 4895 2196 4950 minavit.
2221 4897 2325 4950 Sed
2344 4897 2566 4951 decursa
2592 4897 2794 4967 paginae
2819 4896 3047 4952 lectione
3066 4899 3384 4966 conrugavit
3405 4899 3537 4952 mihi

1956 4989 2185 5043 frontem
2217 4990 2419 5058 adjecta
2447 4990 2792 5057 subscriptio,
2831 5004 2949 5057 quae
2977 5005 3075 5044 vos
3102 4989 3169 5043 de
3199 4989 3410 5058 peculio
3433 4990 3536 5042 Pe-

1960 5084 2147 5137 tronize
2189 5083 2376 5151 agitari
2421 5083 2615 5151 jnrgiis
2645 5083 2919 5137 indicavit.
2961 5083 3208 5136 Arbitror
3239 5094 3450 5148 tamen,
3493 5083 3538 5137 si

1960 5175 2240 5229 Marciana:
2291 5177 2492 5227 sororis
2520 5182 2714 5227 vestrae
2746 5189 2849 5227 non
2881 5174 2949 5227 sit
2983 5174 3173 5229 clauda
3213 5174 3499 5243 promissio
3522 5216 3538 5240 ,

1957 5264 2312 5319 successionis
2350 5262 2654 5332 ambiguum
2687 5262 2997 5317 domesticae
3026 5277 3185 5331 posse
3233 5264 3529 5324 removeri,

1956 5370 2076 5410 cum
2105 5354 2170 5408 ad
2191 5369 2416 5409 examen
2439 5368 2637 5415 meum,
2663 5353 2804 5422 quod
2832 5353 2946 5422 ipsa
2971 5354 3190 5424 delegit,
3212 5354 3531 5408 documenta

1956 5448 2153 5516 negotii
2185 5446 2458 5500 miseritis.
2474 5446 2606 5513 Qua:
2621 5457 2796 5500 autem
2826 5446 3000 5515 capita
3022 5447 3376 5516 quaestionum
3408 5459 3536 5514 pars

1953 5539 2174 5593 adversa
2205 5547 2572 5602 commoveat,
2626 5537 2836 5594 subdita
2868 5538 3275 5607 enumeratione
3303 5535 3532 5604 signavi,

1954 5639 2012 5684 ut
2039 5639 2222 5684 sancta
2262 5629 2583 5683 unanimitas
2614 5639 2789 5685 vestra
2824 5629 3106 5684 informata
3161 5625 3442 5694 oppositis,
3481 5626 3532 5681 iu

1952 5720 2121 5777 vicem
2155 5735 2248 5792 pro
2279 5736 2338 5776 se
2368 5719 2738 5790 respondenda
2775 5721 3077 5774 meditetur.
3105 5716 3312 5772 Valete.

3257 5810 3298 5870 9
