4046 6170
495 316 598 368 ΞιὶἹ

1079 413 1288 468 EI‘IST.
1333 410 1417 463 III.

821 520 1125 560 SYIIIACIIIIS
1172 515 1454 558 NICOIACHI
1495 512 1669 552 FILIIS.

531 597 759 653 Praefato
805 611 940 667 opus
974 604 1076 659 est,
1101 595 1144 648 si
1175 593 1341 646 ardua
1375 589 1744 660 postulentur:
1778 585 1962 655 pronis
1983 600 2044 639 ac

460 690 707 745 facilibus
747 688 1020 742 admoveri
1074 685 1334 736 ambitum
1379 695 1485 735 non
1524 687 1758 748 oportet.
1804 676 2045 731 Breviter

461 782 624 848 igitur
649 788 705 834 et
730 776 961 831 strictim
990 775 1113 845 quid
1147 775 1312 827 frater
1353 787 1504 826 meus
1534 770 1753 824 Fulvius
1782 768 1848 822 de
1893 765 2045 819 vobis

465 874 665 929 favoris
711 879 898 941 poscat
925 869 1206 923 advertite.
1241 867 1497 920 Sororem
1555 861 1885 929 Pompeiani,
1917 859 2045 912 olim

463 967 579 1020 viro
608 973 896 1027 maturam,
926 970 979 1015 te
1006 959 1224 1028 auspice
1256 961 1307 1011 in
1355 971 1572 1011 manum
1604 963 1753 1024 optat
1781 952 2045 1021 accipere,

463 1072 562 1112 nec
591 1069 789 1125 genere
810 1053 1008 1118 minor,
1042 1061 1097 1104 et
1122 1066 1179 1105 re
1214 1051 1457 1103 fortassis
1486 1048 1749 1116 superior.
1777 1045 1908 1099 Nam
1940 1045 2050 1096 lau-

471 1147 678 1203 dabiles
697 1145 822 1199 vitae
847 1143 964 1214 ejus
984 1151 1152 1203 artes.
1179 1150 1234 1196 et
1269 1157 1332 1196 ex
1357 1141 1618 1195 bonorum
1641 1137 1888 1206 amicitiis
1925 1148 2050 1203 spes

463 1240 727 1296 secundas
755 1239 895 1294 inter
919 1237 1188 1305 sponsalia
1211 1242 1528 1290 ornamenta
1553 1247 1659 1286 non
1683 1227 2050 1284 numero.Sibi

465 1334 609 1388 enim
636 1331 868 1400 quisque
896 1329 1056 1392 habet
1087 1327 1342 1397 quidquid
1393 1325 1504 1392 spei
1551 1335 1606 1378 et
1646 1321 1788 1376 laudi
1819 1319 2048 1374 ducitur.

465 1425 590 1480 Mihi
615 1431 792 1478 autem
817 1429 960 1476 tanta
990 1429 1071 1476 est
1102 1417 1446 1489 perficiendae
1475 1413 1866 1484 cenjunctiouis
1898 1410 2052 1478 hujus

466 1514 759 1586 antiquitas
783 1555 800 1580 ,
830 1522 888 1567 ut
917 1513 971 1567 in
1012 1514 1156 1580 gravi
1191 1511 1333 1563 dono
1364 1507 1640 1561 habiturus
1681 1505 1807 1570 siin,
1837 1503 1880 1556 si
1913 1502 2055 1555 illius

467 1607 609 1662 votis
653 1620 778 1660 cura
825 1613 1002 1658 vestra
1030 1599 1310 1672 profuerit.
1341 1596 1474 1652 Cum
1520 1596 1679 1666 igitur
1718 1609 1804 1649 res
1843 1594 2054 1661 inceptu

468 1698 714 1762 honesta,
748 1693 942 1749 eﬂecttt
976 1692 1147 1745 facilis
1179 1690 1510 1760 posmletur:
1534 1702 1735 1756 qumso,
1770 1697 1826 1738 ut
1851 1684 1903 1737 in
1933 1699 2055 1752 pro-

1622 301 1684 366 Q.
1731 298 1817 352 Al}
1830 294 2073 350 REUUS
2114 292 2551 349 SYMMACHUS.

2065 406 2115 463 Α
2144 401 2240 454 tui.
2259 400 2367 455 Nos
2388 401 2599 455 interim
2624 410 2802 455 mutua
2823 400 3090 456 desideria
3112 399 3410 470 scr'ptione
3434 398 3745 454 foveamus.

3634 289 3747 347 9.68

2150 494 2363 548 Sol.ttiis
2390 493 2530 546 enim
2556 493 2830 548 leniendus
2858 502 2941 548 est
2966 493 3202 559 animus,
3222 492 3440 560 quoties
3465 491 3744 560 protelan-

2149 596 2233 638 tur
2261 593 2460 649 optata.
2499 583 2704 638 Valete.

2759 674 2974 729 EPIS'I‘.
3013 673 3124 729 VII.

2516 781 2824 820 εγωιλεηυε
2862 779 3148 820 ΜΕΟῊΔΩΙΙΙ
3187 779 3370 818 ειιιιε.

2220 875 2525 928 Taburnius
2546 888 2822 928 evocatum
2854 891 2941 929 me
2962 891 3066 928 non
3094 876 3275 939 siluit;
3298 884 3354 929 et
3380 874 3617 929 fortasse
3649 875 3756 928 mi-

2153 966 2364 1030 remini,
2398 964 2528 1018 nihil
2554 979 2714 1034 super
2731 980 2794 1018 ea
2818 980 2878 1020 re
2903 966 3035 1020 meis
3062 965 3274 1035 paginis
3303 965 3619 1020 indicatum.
3640 968 3752 1022 Sed

2152 1058 2277 1124 quia
2321 1058 2504 1112 multis
2535 1073 2600 1112 ac
2628 1060 2951 1113 necessariis
2991 1061 3168 1114 causis
3199 1060 3347 1113 domi
3402 1075 3628 1115 manere
3657 1060 3755 1115 de-

2158 1163 2458 1208 creveram.
2492 1149 2666 1203 inanis
2695 1165 2816 1204 esse
2842 1165 3021 1218 operae
3054 1151 3313 1219 judicavi,
3349 1153 3500 1206 irrita
3530 1152 3598 1207 ad
3629 1169 3750 1216 vos,

2153 1253 2207 1294 et
2234 1241 2563 1294 dissimulata
2613 1243 2871 1309 perferre.
2893 1242 3068 1296 Credo
3098 1253 3276 1296 autem
3309 1254 3516 1297 sancta:
3553 1246 3753 1298 unani-

2157 1333 2328 1387 mitati
2355 1344 2545 1388 vestra:
2572 1334 2904 1400 incomperta
2934 1349 3042 1387 non
3076 1348 3219 1400 esse,
3252 1349 3373 1402 quae
3408 1351 3493 1389 me
3520 1350 3552 1388 a
3585 1351 3749 1405 pere-

2155 1423 2400 1493 grinandi
2430 1424 2658 1477 consilio
2683 1433 3042 1478 retraxerunt.
3071 1423 3204 1478 Nam
3219 1434 3274 1480 et
3294 1425 3519 1480 fractam
3546 1428 3754 1482 valetu-

2156 1516 2336 1569 dinem
2366 1531 2539 1570 meam
2572 1517 2766 1584 nostis,
2815 1525 2870 1570 et
2893 1517 3033 1570 unici
3078 1516 3185 1572 mei
3224 1516 3571 1574 solitudinem
3613 1535 3754 1575 con-

2157 1605 2515 1674 templamini,
2547 1615 2600 1660 et
2624 1607 2935 1674 eruptiones
2957 1607 3235 1662 fluminum
3259 1625 3429 1678 usque
3456 1610 3523 1663 ad
3548 1623 3754 1666 metum

2157 1696 2341 1751 diluvii
2363 1697 2722 1766 comperistis.
2748 1697 2995 1753 Pontium
3027 1715 3242 1769 quoque
3272 1702 3480 1766 ruinas,
3514 1712 3570 1757 et
3600 1720 3755 1758 mon-

468 1786 731 1844 movendo
762 1785 974 1855 negotio
1003 1795 1254 1852 quantam
1288 1797 1372 1837 me
1400 1782 1538 1835 velle
1578 1778 1865 1847 conjicitis,
1899 1774 2049 1829 adhi-
2085 1772 2128 1829 Β
2162 1789 2291 1840 tium
2319 1788 2464 1842 labes
2486 1787 2626 1855 apud
2657 1803 2773 1853 vos,
2800 1800 2856 1842 ut
2876 1789 3132 1854 arbitror,
3157 1789 3294 1844 fama
3328 1807 3434 1846 non
3458 1795 3650 1848 tacuit.
3677 1795 3756 1850 Ex

470 1879 639 1934 beatis
661 1876 997 1932 industriam.
1021 1874 1230 1927 Valete.

1094 1963 1308 2019 EPIST.
1351 1962 1437 2016 IV.

841 2071 1151 2113 SYIIACBUS
1188 2071 1466 2110 NICOIIACIII
1509 2068 1675 2106 I-‘ILIIS.

552 2150 966 2220 Egritudinem,
995 2164 1152 2217 quam
1181 2147 1418 2202 dexteraa
1451 2159 1640 2198 manus
1664 2142 1852 2197 dolore
1901 2139 2060 2194 susti-

481 2259 604 2308 ueo,
637 2242 943 2296 nuntiorum
977 2240 1268 2294 acerbitate
1297 2238 1626 2306 duplicastis.
1664 2235 1854 2289 Acrior
1880 2243 2059 2286 autem

475 2351 600 2390 cura
620 2349 705 2389 me
725 2331 1016 2401 distringit,
1035 2330 1177 2401 quod
1200 2331 1314 2384 scio
1333 2329 1454 2382 filia:
1479 2343 1613 2382 mea:
1635 2327 1878 2381 ciborum
1900 2337 1952 2378 et
1975 2340 2062 2393 po-

479 2440 626 2480 tuum
655 2423 1042 2478 continentiam
1070 2436 1176 2476 non
1218 2435 1376 2490 posse
1404 2419 1640 2474 suaderi.
1666 2417 1874 2472 Anxius
1903 2415 2064 2484 igitur

478 2518 700 2572 vulnere
727 2514 888 2568 animi
917 2521 975 2569 et
1000 2513 1246 2582 corporis
1282 2511 1472 2564 morbo
1491 2551 1506 2574 ,
1535 2522 1706 2578 usque
1733 2507 1799 2560 ad
1824 2505 2061 2559 subscri-

478 2609 636 2663 bendi
663 2607 1071 2676 possibilitatem
1103 2605 1310 2660 litteras
1338 2602 1558 2658 differre
1601 2615 1707 2655 non
1750 2599 1895 2669 potui
1922 2614 1935 2651 :
1968 2595 2062 2650 sed

475 2700 766 2754 dictatione
795 2707 1077 2766 preperata
1124 2695 1293 2763 magis
1323 2692 1672 2749 sollicitudini
1717 2706 1873 2756 meae,
1903 2703 2061 2757 quam

474 2787 846 2842 consuetudini
892 2784 1150 2840 sntisfeci.
1188 2785 1254 2838 Et
1287 2783 1459 2854 primo
1490 2785 1739 2836 timorem
1771 2795 1948 2834 meum
1982 2793 2066 2832 re-

475 2881 688 2948 sponsis
719 2877 930 2941 levetis,
961 2891 1150 2932 exoro.
1187 2876 1387 2930 Dehinc
1419 2883 1491 2939 te,
1517 2873 1734 2927 domina
1775 2870 1906 2936 lilia,
1937 2883 2063 2936 pre-

477 2988 591 3036 cor,
626 2970 786 3025 saluti
814 2968 1035 3023 adversa
1067 2969 1338 3032 declines,
1367 2975 1423 3022 et
1459 2965 1852 3033 interpellatam
1907 2961 2065 3015 toties

476 3061 833 3115 valetudinem
875 3073 1092 3128 repares
1122 3058 1321 3111 auxilio
1369 3057 1764 3120 temperantiae.
1799 3053 1932 3118 Quia
1958 3066 2061 3104 non

2161 1897 2268 1948 quo
2299 1879 2498 1934 factum
2530 1891 2633 1949 est,
2685 1891 2742 1935 ut
2779 1884 2958 1937 caeteri
2994 1899 3207 1952 quoque
3246 1886 3457 1939 veniam
3505 1888 3757 1956 postula-

2161 1981 2302 2034 rent,
2345 1987 2478 2040 quos
2508 1971 2698 2027 similis
2731 1973 2932 2026 aecitus
2980 1975 3274 2038 exciverat,
3308 1985 3504 2044 praeter
3549 1979 3758 2032 Arcen-

2164 2065 2294 2115 tium
2322 2070 2376 2115 et
2400 2062 2788 2130 Evangelium:
2827 2079 3054 2128 quorttm
3095 2064 3324 2118 alterum
3371 2067 3524 2134 vigor
3565 2066 3753 2122 adoleé

2163 2151 2661 2208 sccntiaa.alterum
2694 2152 2941 2206 incautus
2989 2153 3201 2208 animus
3250 2155 3451 2221 objecit
3509 2155 3755 2211 incertis.

2165 2241 2411 2310 Intelligo
2441 2256 2540 2296 vos
2582 2242 2917 2310 profectione
2963 2241 3196 2297 hominis
3242 2259 3346 2298 non
3389 2246 3547 2300 amici
3598 2262 3759 2314 posse

2167 2335 2380 2388 terreri.
2407 2333 2512 2389 Sed
2544 2344 2604 2388 ut
2641 2336 2951 2404 scrupulum
2997 2336 3140 2391 hunc
3170 2337 3426 2406 rejieiatis
3465 2339 3759 2395 admoneo.

2164 2425 2297 2480 Nam
2341 2435 2395 2480 et
2424 2429 2560 2480 meis
2591 2427 2785 2481 litteris
2825 2428 2992 2482 multa
3024 2440 3209 2482 curata
3257 2439 3410 2490 sunt;
3454 2439 3509 2484 et
3535 2433 3759 2501 profici-

2165 2517 2440 2573 scentibus
2469 2519 2651 2572 datum
2692 2521 2962 2588 negotium
3002 2530 3106 2587 est,
3137 2530 3196 2575 ut
3226 2525 3402 2576 aemuli
3432 2524 3761 2580 obtrectatio

2166 2609 2482 2676 repellatur.
2514 2610 2694 2676 Quare
2717 2624 2969 2664 curarum
3001 2613 3151 2666 vacui
3175 2613 3315 2680 agite
3340 2615 3531 2680 otium,
3567 2632 3763 2683 meque

2167 2709 2226 2755 ut
2253 2699 2427 2756 facere
2453 2701 2767 2770 dignamioi,
2792 2706 3115 2773 scriptorum
3140 2707 3457 2762 assiduitate
3494 2709 3758 2766 refovete.

2171 2792 2380 2847 Valete.

2769 2885 2980 2941 EPIST.
3025 2886 3162 2943 VIII.

2546 3012 2857 3052 SYIMACIIUS
2892 3013 3172 3053 NICOIACIII
3206 3015 3376 3054 FILIIS.

487 3109 833 3115 m—n—w-"m
1378 3109 1415 3110 η
1489 3109 1541 3120 .ν
1809 3109 1841 3118 η
2401 3112 2408 3121 .
2777 3114 2783 3120 .
2865 3112 2874 3121 .
3459 3114 3470 3124 ,
3631 3117 3642 3126 ,

477 3154 650 3208 solum
682 3153 898 3206 sanitati
927 3151 1256 3213 commodat,
1301 3165 1486 3202 verum
1518 3148 1676 3200 etiam
1723 3145 1786 3198 ad
1825 3144 2065 3198 testimo-
2092 3132 2139 3195 C
2192 3109 2354 3213 “ard
2379 3111 2484 3213 (ξιτ
2510 3120 2632 3213 “tm
2662 3110 2818 3164 “"b's
2844 3111 3280 3213 ¹¹¹¹ξ¹ξ³ᾗξθ⁸ί⁹³⁸ν
3307 3127 3430 3213 ξξηη
3459 3113 3764 3213 ¹¹¹Ο⁵ίξθῖ¹⁵ί

481 3245 625 3300 nium
656 3243 952 3314 prudentia:
977 3241 1206 3310 pertinet
1231 3241 1405 3292 noxiis
1437 3239 1725 3290 abstinere.
1756 3235 1964 3290 Valete.

1119 3329 1334 3384 EPIST.
1375 3327 1441 3380 V.

853 3439 1164 3480 SYHIIACIIUS
1194 3437 1476 3476 NICOMACIII
1519 3435 1693 3474 FILIIS.

549 3519 896 3575 Severianum
938 3517 1224 3586 prlmorem
1263 3512 1570 3567 C!iteruin:e
1600 3512 1748 3565 urbis
1778 3526 1806 3564 a
1855 3509 2066 3580 publica

481 3609 914 3680 interpellatione
940 3605 1209 3670 revocavi,
1243 3620 1310 3659 ne
1336 3614 1524 3658 saneto
1545 3603 1720 3656 amico
1752 3611 1935 3655 nostro
1964 3600 2066 3656 Se-

481 3719 612 3760 vero
650 3702 862 3757 invidize
890 3699 1087 3770 aliquid
1114 3696 1427 3768 conquestio
1446 3695 1561 3765 ejus
1583 3693 1814 3748 afferret.
1843 3691 2068 3746 Promisi

481 3807 657 3852 autem
687 3794 860 3849 media
887 3791 1237 3846 unanimitate
1266 3798 1374 3852 tua,
1400 3786 1564 3841 decus
1591 3797 1850 3847 nostrum,
1876 3783 1920 3838 si
1941 3781 2066 3852 quid

482 3889 623 3942 inter
648 3899 742 3940 eos
767 3881 1185 3938 concertationis
1210 3888 1314 3947 est,
1349 3892 1505 3947 posse
1533 3875 1695 3929 finiri.
1741 3877 1916 3944 Atque
1949 3873 2069 3927 ideo

482 3993 665 4048 quaeso
710 3987 769 4030 ut
813 3975 929 4029 viro
969 3973 1172 4042 optimo
1202 3969 1402 4025 Severo
1452 3967 1801 4022 terminanda:
1832 3965 1968 4034 apud
2017 3975 2070 4020 te

485 4072 592 4125 litis
612 4079 799 4124 amtor
822 4081 942 4121 esse
966 4066 1225 4134 digneris.
1259 4061 1464 4116 Valete.

1098 4156 1314 4212 EPIST.
1358 4154 1442 4207 Vl.

853 4264 1166 4306 εηιιιλειιυε
1210 4261 1492 4301 NlCOllACHI
1531 4257 1704 4299 FILIIS.

557 4345 831 4413 Tanquam
849 4343 1025 4396 adhuc
1044 4342 1378 4410 negotiorum
1399 4347 1695 4392 vestrorum
1723 4337 1885 4392 nescii
1907 4351 2070 4406 agen-

485 4439 569 4492 dis
597 4437 754 4493 rebus
780 4435 1038 4489 formulas
1069 4431 1366 4502 pr:rlinitis.
1401 4432 1468 4484 At
1492 4446 1591 4500 ego
1619 4431 1952 4484 ttnanimitatt
1985 4445 2070 4483 ve-

488 4540 616 4582 stra:
639 4525 914 4594 utriusque
950 4526 1153 4577 exitum
1203 4538 1379 4576 causa:
1406 4522 1726 4590 jampridem
1758 4522 1987 4585 retexui,
2019 4532 2073 4576 et
2100 4505 2152 4564 D

489 4619 650 4673 credo
676 4617 730 4671 in
760 4629 948 4670 manus
976 4623 1182 4669 vestras
1208 4627 1303 4682 per
1332 4613 1528 4667 milites
1556 4612 1856 4667 vicarianos
1875 4613 2073 4677 delata,

488 4723 610 4779 quae
631 4709 973 4778 scripseram.
997 4705 1186 4761 Merito
1210 4715 1458 4759 enarrata
1485 4712 1541 4758 et
1559 4714 1832 4773 comperta
1856 4721 1962 4759 non
1989 4722 2076 4760 re-

492 4810 634 4868 peto.
690 4799 801 4854 Iloc
830 4797 1002 4852 solum
1032 4795 1194 4850 etiam
1228 4810 1367 4848 nunc
1420 4794 1624 4847 notitia:
1671 4804 1865 4848 vestra:
1893 4805 2076 4849 osten-

491 4892 705 4947 tationis
734 4890 937 4960 pudore
957 4889 1354 4950 subtraxeratn,
1386 4886 1598 4939 misISse
1630 4901 1716 4939 me
1756 4887 2074 4942 necessariis

492 4988 722 5052 litteras,
755 4984 950 5054 qubus
994 4984 1148 5036 amici
1177 4983 1244 5035 de
1272 4980 1462 5034 tutoris
1498 4979 1774 5033 fraudibus
1803 4981 2074 5034 instruan-

492 5090 595 5130 tur.
630 5076 694 5129 Et
720 5084 870 5144 puto,
913 5075 956 5127 si
985 5072 1095 5126 fors
1137 5071 1404 5141 inceptum
1453 5071 1639 5140 juvet,
1673 5069 2069 5124 decernendum

491 5165 690 5235 aliquid
730 5179 836 5234 quo
866 5164 1142 5233 frangatur
1177 5163 1462 5218 obnoxius.
1512 5161 1666 5227 Quod
1712 5177 1838 5217 vero
1874 5161 1980 5216 iter
2006 5162 2071 5215 ad

419 5323 425 5329 .
493 5257 733 5326 proxima
763 5254 882 5310 urbi
915 5255 1111 5324 praedia
1134 5254 1440 5317 distulistis,
1469 5269 1773 5323 quanquam
1796 5255 1958 5309 vestri
1980 5269 2068 5309 cu-

493 5349 883 5419 pientissimus,
913 5347 1215 5414 improbare
1241 5363 1344 5401 non
1375 5363 1612 5417 possum.
1649 5350 1902 5418 Alli-gulis
1931 5351 2073 5404 enim

493 5447 632 5515 piam
654 5458 868 5499 causam
893 5456 1186 5506 morarum,
1211 5451 1370 5509 atque
1395 5443 1515 5496 ideo
1542 5443 1813 5497 desiderio
1843 5458 1962 5497 meo
1980 5459 2073 5498 ne-

492 5539 797 5593 cessitatem
829 5533 1091 5603 religiosae
1119 5532 1416 5588 affectionis
1464 5535 1744 5589 antefero:
1777 5536 1914 5591 haud
1961 5537 2074 5592 scio

493 5645 558 5680 an
611 5627 943 5682 morantibus
989 5623 1140 5678 vobis
1168 5623 1343 5694 aliqua
1379 5625 1620 5680 invitatio
1665 5641 1763 5682 nos
1803 5627 1981 5696 potius
2024 5630 2073 5684 in

493 5721 836 5787 Campaniam
855 5718 1022 5786 possit
1044 5716 1294 5772 educere.
1309 5717 1414 5772 Sed
1432 5717 1530 5773 hoc
1557 5721 1886 5790 relinquatur
1907 5737 2041 5777 even
2056 5755 2070 5763 -

2174 3200 2262 3254 die
2287 3201 2518 3269 septimo
2547 3201 2888 3270 degeremus.
2923 3201 2991 3256 Et
3021 3202 3165 3256 illico
3195 3217 3290 3271 per
3308 3203 3569 3259 illustrem
3589 3207 3765 3260 virum

2174 3294 2428 3347 vicarium
2465 3294 2631 3363 petitu
2673 3309 2793 3347 meo
2822 3306 3064 3349 actorum
3115 3296 3377 3363 processit
3424 3297 3615 3351 editio.
3657 3297 3765 3352 Sed

2175 3403 2305 3456 puer
2333 3395 2532 3452 vester,
2583 3386 2896 3440 inconsultis
2935 3395 3095 3456 atque
3141 3388 3512 3457 ignorantibus
3563 3390 3723 3444 nobis
3749 3435 3763 3455 ,

2174 3481 2306 3533 urbe
2328 3479 2596 3544 discessit,
2617 3487 2674 3530 ut
2690 3487 2770 3531 est
2797 3478 2968 3531 servis
2993 3477 3267 3532 familiaris
3290 3479 3628 3548 improbitas.
3661 3481 3766 3534 Ve-

2173 3580 2280 3624 stra
2313 3569 2365 3623 in
2397 3584 2555 3622 manu
2587 3578 2690 3633 est,
2722 3577 2901 3622 utrum
2942 3569 3044 3624 hoc
3075 3569 3302 3625 inultum
3330 3572 3627 3640 patiamini.
3679 3571 3769 3626 In-

2177 3673 2320 3716 ti-rea
2368 3662 2527 3716 filiam
2569 3677 2741 3716 meam
2769 3661 2962 3731 jactari
3012 3663 3307 3718 instaurate
3356 3664 3612 3733 languore
3659 3682 3770 3720 non

2173 3753 2339 3807 siluit.
2369 3753 2534 3821 Cujus
2565 3751 2736 3807 nuntii
2766 3753 2955 3806 vulnus
2986 3753 3094 3808 alte
3139 3753 3333 3808 insedit
3377 3755 3581 3821 pectori
3608 3771 3769 3820 meo,

2175 3859 2274 3896 nec
2304 3841 2606 3895 abolebitur
2635 3852 2830 3907 metus,
2880 3841 2983 3895 nisi
3034 3850 3215 3896 mutua
3261 3843 3556 3912 scriptione
3602 3843 3768 3899 fidem

2174 3933 2418 3986 sanitatis
2440 3932 2556 3999 ejus
2585 3945 2865 4000 accepero.
2887 3930 3069 3986 Facite
3098 3931 3279 4002 igitur,
3303 3949 3400 3988 oro
3416 3949 3534 3999 vos,
3560 3943 3618 3989 ut
3647 3935 3766 3990 for-

2169 4023 2430 4096 midinem
2468 4039 2645 4079 meam
2693 4023 2959 4079 securitas
3005 4027 3250 4093 protinus
3305 4037 3577 4093 reportata
3611 4041 3770 4082 com-

2176 4129 2364 4173 mutet.
2398 4117 2606 4172 Valete.

2789 4209 3004 4266 EPIST.
3046 4210 3138 4266 IX.

2549 4339 2855 4380 SYIIACBUS
2894 4339 3174 4380 NICOMACIII
3212 4341 3260 4381 PI
3268 4341 3385 4382 LIIS.

2252 4440 2439 4493 Frater
2483 4453 2638 4492 meus
2685 4437 3013 4491 Censorinus
3055 4437 3123 4492 de
3151 4437 3385 4493 confinio
3436 4438 3764 4495 Baianorum

2183 4531 2553 4600 praetoriorum
2573 4530 3014 4598 conquestionem
3043 4538 3211 4584 tentat
3240 4530 3457 4594 iterare,
3487 4547 3649 4599 quam
3679 4534 3769 4586 di-

2181 4622 2309 4676 dicit
2335 4623 2474 4677 inter
2495 4635 2582 4676 me
2620 4629 2674 4674 et
2704 4629 2918 4675 actores
2950 4621 3041 4675 ﬁlii
3079 4623 3183 4675 mei
3215 4621 3524 4690 Pompeiani
3561 4622 3771 4678 dudum

2182 4728 2301 4770 esse
2325 4714 2549 4768 finitam.
2589 4712 2831 4768 Adhibiti
2860 4727 3092 4783 namque
3134 4713 3548 4782 inspectatores,
3578 4731 3768 4782 muro,

2181 4809 2268 4877 qui
2297 4808 2434 4862 inter
2463 4807 2608 4861 aedes
2632 4821 2661 4860 a
2691 4821 2903 4860 summo
2923 4816 3104 4859 monte
3132 4806 3428 4871 descendit,
3463 4808 3626 4862 dividi
3653 4809 3769 4863 loca

2181 4909 2360 4952 nostra
2388 4897 2679 4953 dixerunt:
2714 4908 2940 4963 quorum
2991 4896 3245 4965 judicium
3292 4913 3465 4951 novus
3489 4913 3773 4964 possessor

2180 4992 2350 5046 credit
2380 5003 2537 5060 posse
2583 4989 2840 5044 rescindi.
2883 4991 3077 5054 Quaeso
3109 4989 3268 5058 igitur
3310 4989 3550 5043 adhibito
3591 4991 3774 5046 Felice

2182 5081 2362 5135 amico
2391 5092 2597 5149 nostro,
2623 5089 2678 5135 et
2703 5079 2947 5145 Castore,
2987 5079 3100 5133 veri
3127 5080 3329 5134 arbiter
3355 5094 3476 5135 esse
3505 5079 3770 5150 digneris,

2185 5182 2240 5226 ut
2257 5173 2540 5228 sanctitate
2557 5182 2643 5226 tua
2659 5187 2838 5227 coram
2859 5171 3029 5227 locata
3044 5171 3216 5226 inanis
3228 5174 3510 5226 attentatio
3527 5174 3768 5242 compri-

2184 5273 2377 5318 matur.
2409 5261 2615 5317 Dehinc
2638 5276 2760 5316 cum
2795 5261 2945 5317 fratri
2969 5276 3090 5318 meo
3117 5259 3418 5318 Censorino
3445 5262 3773 5318 satisfecerit

2184 5356 2466 5424 praeterita:
2518 5353 2863 5422 judicationis
2906 5354 3163 5419 assertio,
3207 5361 3331 5408 tunc
3366 5353 3514 5422 operi
3560 5353 3681 5422 ejus
3719 5363 3774 5408 et

2185 5446 2554 5502 molitionilsus
2580 5444 2735 5500 novis
2762 5445 2949 5499 decem
2980 5453 3182 5498 tantum
3211 5444 3407 5513 pedum
3431 5442 3570 5497 ultra
3600 5443 3771 5497 aedili-

2185 5541 2265 5594 cia
2295 5554 2390 5593 sua
2413 5538 2749 5608 permittatur
2775 5537 3041 5605 adjectio:
3073 5538 3143 5590 ita
3180 5545 3238 5590 ut
3268 5535 3495 5606 partium
3530 5534 3689 5600 lines,
3717 5546 3770 5588 et

2185 5629 2379 5699 placito
2408 5629 2832 5698 comprehensus
2860 5641 3137 5695 assensus,
3169 5639 3223 5683 et
3243 5625 3576 5682 constructio
3597 5628 3770 5681 inter-

2187 5725 2321 5782 iecta
2351 5723 2701 5777 discriminet.
2739 5721 2944 5775 Valete.
