4074 6176
276 278 367 332 269

878 373 1094 430 EPIST.
1137 372 1205 428 Χ.

603 484 918 527 εωκλειιυδ
956 479 1243 522 NICOIIACIII
1284 477 1459 518 FILIIS.

337 571 555 638 Rogatos
585 579 685 618 nos
713 577 834 617 esse
856 560 1018 614 audio
1047 557 1112 612 ad
1143 556 1380 625 offigium
1405 553 1708 608 consulare.
1739 549 1838 605 Mi-

275 663 322 718 hi
350 662 618 730 quiescere
635 667 690 710 et
716 655 859 708 domi
893 665 1109 706 manere
1135 647 1404 703 sententia
1441 656 1544 710 est,
1573 654 1690 714 post
1709 643 1834 695 anni

271 753 545 823 superioris
575 749 835 803 laborem.
869 745 985 814 Ipse
1013 741 1138 812 quid
1177 749 1404 805 statuas,
1447 737 1606 790 altius
1637 735 1832 803 cogita,

270 856 319 902 et
344 845 603 912 sapienter
632 836 900 906 expende.
935 835 1208 888 Praesumo
1246 840 1447 892 autem,
1478 843 1597 894 vos,
1630 827 1720 896 qui
1749 825 1832 879 di-

270 948 445 992 cuntur
488 931 641 986 acciti
685 929 1006 983 auctoritate
1038 923 1280 993 praecelsi
1329 921 1461 986 viri,
1512 921 1840 974 edecitnatos

270 1043 396 1090 esse,
421 1033 473 1081 et
502 1025 582 1078 his
613 1019 1022 1075 unanimitatem
1057 1027 1200 1069 tttam
1232 1016 1482 1066 consulto
1512 1025 1632 1062 esse
1661 1007 1837 1062 socia-

270 1130 394 1180 tam;
422 1126 479 1170 ut
500 1114 566 1169 ad
599 1110 838 1182 agendas
865 1109 1062 1178 gratias
1088 1107 1187 1160 sub
1208 1104 1494 1160 occasione
1515 1100 1672 1154 officii
1705 1115 1836 1152 con-

268 1209 446 1264 solaris
471 1201 1068 1262 excurras.Verendum
1092 1208 1270 1252 autem
1293 1206 1394 1262 est,
1422 1212 1488 1248 ne
1511 1196 1554 1247 si
1576 1208 1838 1248 excusan—

266 1303 379 1358 dum
403 1299 693 1370 putaveris.
721 1296 946 1366 proximi
975 1292 1218 1361 rescripti
1249 1289 1629 1359 impetratione
1652 1287 1804 1340 viJea
1822 1315 1837 1326 -

267 1397 332 1450 ris
354 1393 606 1448 offensus.
642 1391 707 1443 Et
735 1391 981 1450 fortasse,
999 1396 1257 1456 quantum
1281 1383 1348 1438 de
1378 1381 1598 1436 incertis
1620 1393 1840 1448 sperare

268 1492 336 1541 tas
364 1495 465 1550 est,
489 1498 648 1539 error
676 1483 796 1544 iste,
822 1496 942 1535 cum
985 1479 1212 1534 feliciter
1243 1477 1482 1538 affueris,
1518 1475 1836 1542 corrigetur.

269 1579 542 1646 Ilispanum
575 1589 682 1626 non
711 1569 949 1639 comperi
981 1577 1224 1638 rogatum
1248 1582 1390 1621 esse.
1419 1564 1715 1619 Considera
1745 1562 1841 1630 igi-

272 1679 346 1721 tur
364 1675 615 1721 eventum
643 1666 920 1730 utriusque
950 1659 1134 1729 partis.
1162 1660 1274 1728 Ego
1296 1659 1472 1712 denuo
1497 1656 1771 1718 nuntiabo,
1795 1654 1838 1708 si

1462 256 1944 316 EPISTULARUM
1987 253 2184 308 LIBER
2233 253 2313 305 \‘l.

1856 370 1906 430 Α
1937 375 2063 420 strae
2085 363 2225 434 quod
2275 363 2564 432 praeceptio
2596 361 2784 416 iterata
2815 361 3129 424 commovit,
3156 363 3382 416 consilio
3413 376 3520 418 tra-

3417 256 3520 310 ἓἸο

1943 457 2132 510 Ιιεηιιω
2187 454 2470 510 solutionis
2525 453 2778 508 utendum
2812 461 2922 517 est;
2971 461 3025 506 et
3073 467 3232 522 pars,
3289 469 3407 521 quae
3458 457 3522 508 ad

1938 566 2250 620 germani-tn
2287 563 2432 602 tuum
2480 547 2732 616 pertinet,
2765 547 3095 616 subjicienda
3141 547 3374 602 auelioni
3413 565 3425 600 :
3469 558 3522 601 ut

1941 640 2244 708 littjusmodi
2279 638 2468 708 injuria
2500 638 2694 692 factum
2721 637 2932 706 juvenis
2971 647 3278 707 exaggeret,
3310 647 3400 690 aut
3431 654 3524 692 ex.

1940 735 2083 804 pleat
2108 733 2460 786 voluntatem.
2476 731 2580 786 Sed
2605 731 2743 784 scire
2760 731 3026 793 desidero,
3046 747 3164 798 quae
3184 730 3519 796 poti-simum

1941 823 2137 893 praedia
2168 822 2232 875 ad
2251 825 2337 891 jtts
2367 824 2536 875 sancti
2570 820 2750 874 ftatris
2781 822 2852 874 tui
2885 837 2978 889 pro
3009 832 3160 890 parte
3193 822 3521 888 pertineant:

1943 934 2008 970 ne
2032 933 2126 987 per
2155 917 2527 985 ignorantiam,
2549 916 2682 984 juris
2710 917 2781 970 tui
2805 931 3028 982 corpora
3057 915 3407 984 apparitionis
3433 931 3522 968 cr-

1943 1027 2032 1064 ror
2060 1016 2331 1062 attrectet.
2358 1008 2598 1062 Fratrem
2625 1019 2858 1062 vestrum
2887 1008 3068 1062 Romae
3100 1011 3361 1075 tantiSper
3384 1024 3523 1061 tene-

1943 1102 2035 1166 bo,
2059 1100 2305 1171 quoniam
2333 1100 2570 1154 subsidia
2612 1114 2841 1152 annona:
2889 1102 2939 1154 in
2969 1099 3083 1153 dies
3111 1099 3293 1169 viginti
3322 1099 3526 1151 oblatio

1946 1194 2273 1264 prorogavit.
2307 1194 2529 1247 Moleste
2561 1193 2720 1260 igitur
2751 1191 2855 1245 filia
2886 1206 2999 1245 mea
3034 1191 3170 1246 ferre
3202 1207 3304 1244 non
3338 1191 3522 1256 debet,

1942 1286 1986 1340 si
2005 1285 2244 1354 jumt-nta
2271 1285 2444 1338 itineri
2465 1283 2579 1352 ejus
2597 1283 2846 1352 deputata
2873 1282 3170 1336 tardavero.
3193 1282 3400 1336 Caetera
3422 1282 3524 1336 Cu-

1942 1393 2131 1431 mazon
2159 1376 2296 1429 filius
2330 1391 2500 1436 meus,
2525 1374 2611 1428 vel
2640 1374 3004 1443 quaerentibus
3034 1375 3204 1437 vobis,
3227 1377 3306 1426 vel
3336 1383 3526 1442 sponte

1945 1470 2207 1523 narrabit.
2237 1469 2310 1522 De
2337 1468 2601 1536 legatione
2625 1466 2880 1521 mittenda
2907 1466 2977 1520 ob
2997 1466 3269 1534 angusdas
3293 1466 3497 1518 frumen
3514 1495 3526 1504 -

1949 1560 2098 1613 tariae
2125 1559 2224 1622 rei,
2279 1573 2444 1625 usque
2475 1557 2538 1609 ad
2569 1557 2800 1611 reditum
2834 1558 2934 1610 viri
2965 1557 3402 1612 excellentissimi
3434 1571 3525 1610 co-

1947 1652 2093 1705 mitis
2127 1662 2386 1704 tractatus
2407 1649 2648 1719 publicus
2682 1649 2976 1702 differetur.
3003 1648 3296 1702 Consilium
3326 1651 3525 1702 sancti-

268 1756 381 1828 quid
410 1769 575 1824 super
611 1754 711 1808 hoc
741 1767 894 1805 novae
925 1750 1249 1818 cognitionis
1284 1747 1597 1802 accesserit.
1633 1744 1840 1798 Valete.
1871 1739 1920 1798 B
1951 1744 2074 1796 tatis
2107 1756 2208 1796 tua:
2237 1741 2450 1795 salubre
2475 1739 2600 1794 milii
2636 1741 2805 1794 visum
2836 1750 2936 1794 est.
2971 1740 3151 1808 Itaque
3175 1740 3311 1794 datis
3338 1741 3402 1793 ad
3429 1742 3526 1792 lto-

872 1839 1087 1894 EI'IST.
1130 1839 1221 1892 XI.

627 1948 938 1989 SYIIACIIUS
984 1945 1268 1985 NICOIACIII
1309 1944 1480 1983 FILIIS.

328 2029 479 2085 Multa
513 2027 655 2082 mihi
686 2025 751 2079 ad
783 2039 877 2078 vos
921 2024 1180 2077 scribenti
1227 2037 1394 2091 pauca
1439 2021 1758 2091 respondes.
1789 2031 1842 2076 et

272 2121 478 2176 moleste
498 2119 622 2173 fero
645 2116 1019 2171 mandatorum
1051 2125 1354 2166 nostrorum
1382 2115 1559 2167 calere
1582 2112 1841 2181 principia

271 2226 416 2280 usque
441 2211 506 2264 ad
547 2209 635 2262 sol
663 2207 898 2262 tudinem
942 2219 1146 2269 meam;
1186 2217 1312 2257 mox
1346 2212 1524 2256 autem
1559 2217 1650 2269 per
1679 2203 1844 2256 silen-

272 2306 382 2358 tium
436 2302 642 2372 frigere
707 2311 1011 2368 proctssus.
1068 2296 1322 2351 Fortasse
1367 2297 1656 2365 quaeratis,
1716 2293 1843 2364 quid

272 2395 412 2449 etiam
461 2406 614 2448 nunc
668 2389 858 2444 referri
917 2387 1282 2442 innocentiam
1329 2401 1504 2442 meam
1556 2386 1841 2454 postulem.

270 2487 512 2554 Capuam:
543 2484 748 2538 domus
781 2481 1012 2550 pretium
1061 2479 1385 2548 scripseram
1415 2493 1536 2533 cum
1570 2477 1845 2532 venditore

270 2576 510 2632 decisum.
564 2574 712 2629 Nihil
768 2573 836 2627 de
889 2573 1005 2640 ejus
1054 2570 1464 2626 confirmatione
1528 2569 1841 2623 reseribitis.

270 2668 560 2724 Samniticc
599 2665 958 2735 possessionis
1000 2661 1314 2718 reformatio
1347 2670 1402 2715 et
1433 2659 1661 2715 vindicta
1691 2675 1845 2712 nian-

270 2759 376 2813 data
400 2771 502 2814 est.
528 2757 772 2812 Tantum
797 2761 1054 2809 vacuatos
1075 2752 1295 2806 d0tibtts
1328 2763 1487 2820 agros
1517 2764 1638 2804 sero
1664 2749 1848 2803 docui-

269 2849 374 2903 stis.
403 2849 608 2903 Adhuc
653 2857 833 2900 tamen
865 2847 1071 2909 nescio,
1121 2843 1248 2912 quid
1297 2841 1563 2896 exltibitio
1611 2839 1847 2909 iniuncta

272 2939 576 3008 profecerit,
600 2937 754 3006 cujus
779 2951 867 2990 me
904 2935 1238 3002 exspectatio
1262 2947 1354 2986 rus
1384 2934 1462 2986 ire
1489 2946 1596 2984 non
1627 2929 1847 3000 patitur.

201 3061 211 3072 ς
278 3030 459 3086 Vereor
481 3030 660 3093 enim,
683 3041 772 3092 ne,
805 3025 949 3095 quod
981 3039 1125 3094 saepe
1157 3026 1356 3078 factum
1383 3032 1488 3088 est,
1517 3021 1847 3076 clandestina

1946 1838 2119 1890 mines
2150 1849 2298 1890 meos
2325 1835 2515 1887 litteris
2535 1875 2550 1898 ,
2583 1832 2762 1886 statim
2788 1833 2920 1900 jus-i
2953 1850 3018 1887 ex
3044 1850 3100 1888 re
3131 1845 3313 1887 00:"8
3359 1836 3524 1903 Apula

1947 1931 2013 1983 ad
2042 1928 2386 1998 Campaniam
2421 1927 2684 1981 frumenta
2715 1928 2930 1980 deferri.
2971 1927 3172 1981 Valete.

2539 2018 2754 2075 EI‘IS'I‘.
2798 2019 2934 2074 XIII.

2313 2127 2617 2166 SYMIACBU"
2660 2126 2940 2165 NICOMACIII
2982 2127 3151 2166 FILIIS.

2018 2204 2316 2258 Assidn'tas
2347 2205 2693 2272 epistolarum
2728 2203 3061 2272 superiorum
3100 2204 3376 2259 scribenda
3407 2220 3532 2260 con-

1943 2296 2191 2363 sumpsit.
2244 2295 2370 2350 Sola
2415 2309 2556 2348 nunc
2607 2306 2850 2363 superest
2901 2296 3240 2351 salutationis
3285 2299 3532 2364 religiosa

1946 2386 2288 2458 generalitas.
2316 2385 2384 2440 Et
2413 2401 2563 2451 sane,
2599 2387 2644 2440 si
2675 2401 2778 2456 qua
2805 2398 3154 2456 suppeterent
3183 2389 3386 2457 paginis
3416 2405 3534 2459 per-

1936 2479 2239 2556 sequenda,
2264 2479 2584 2532 commeanti
2612 2478 2810 2534 rectius
2830 2480 3196 2536 crederentur.
3221 2481 3373 2537 Nunc
3392 2484 3533 2538 enim

1947 2570 2086 2638 ston
2138 2569 2516 2638 indulgendum
2570 2579 2684 2635 est,
2729 2583 2850 2624 cum
2903 2572 3226 2640 recipiendis
3271 2574 3536 2627 mandatis

1950 2659 2398 2728 profit-iscentium
2447 2675 2674 2730 persona
2717 2677 2824 2715 non
2872 2662 3086 2715 sufficit.
3132 2664 3283 2716 Nunc
3325 2665 3369 2718 si
3409 2665 3535 2732 quid

1949 2753 2084 2806 scitu
2111 2751 2327 2820 dignum
2361 2753 2633 2820 putabitis,
2663 2753 2777 2806 sine
2812 2755 2979 2806 nostri
3019 2755 3284 2808 sermonis
3308 2768 3536 2811 excursu

1951 2842 2159 2908 plenius
2185 2856 2215 2894 a
2237 2851 2569 2896 commeante
2593 2843 2827 2897 discetis.
2868 2841 3074 2898 Valete.

2549 2936 2761 2991 EPIST.
2809 2937 2946 2991 XIV.

2330 3044 2635 3083 SYIIIIACIIUS
2674 3045 2960 3084 NICOMACIII
2997 3044 3171 3085 FILIIS.

272 3124 452 3195 aliquid
475 3133 655 3180 tentet
681 3121 944 3190 obreptio.
973 3121 1154 3187 Quare
1187 3129 1279 3172 aut
1306 3117 1576 3182 instruite,
1601 3116 1728 3185 quid
1759 3131 1848 3169 sn-
1875 3102 1919 3160 C
2025 3121 2277 3176 Dubitare
2308 3137 2402 3174 vos
2443 3123 2621 3184 video,
2665 3137 2731 3174 an
2782 3123 2954 3176 ltufini
2989 3139 3199 3191 poenam
3241 3132 3421 3178 secuta
3471 3125 3537 3178 sit

274 3217 425 3283 persit
453 3215 695 3286 negetiis
735 3212 1099 3282 explicandis;
1151 3222 1241 3265 aut
1269 3212 1315 3264 si
1343 3227 1431 3266 res
1461 3211 1514 3265 in
1554 3210 1693 3264 vado
1719 3210 1848 3270 sint,

274 3311 401 3364 viain
423 3309 556 3363 mihi
591 3306 911 3375 usurpandae
930 3305 1255 3360 secessionis
1276 3305 1500 3372 apt-rite.
1528 3303 1661 3356 Cum
1687 3304 1851 3354 fratre

277 3415 385 3456 meo
402 3400 709 3456 Censorino
738 3414 844 3452 non
877 3398 1102 3453 moleste
1126 3400 1239 3450 fero
1265 3393 1362 3450 sub
1378 3394 1619 3465 quolibet
1638 3394 1853 3460 dispen-

278 3493 356 3548 dio
375 3502 560 3548 nostro
579 3491 654 3546 de
676 3489 1000 3544 littoralibus
1030 3489 1216 3558 spatiis
1239 3487 1557 3555 judicatum.
1586 3483 1772 3538 Restat
1793 3493 1852 3536 ut

284 3585 557 3654 iuterjectu
590 3582 732 3638 muri
765 3583 1008 3651 praetoria
1038 3580 1366 3642 dividantur,
1395 3593 1462 3632 ne
1491 3585 1734 3631 cessante
1775 3575 1854 3627 itt-

279 3675 404 3730 dicio
438 3674 830 3744 judicationis,
865 3686 1052 3726 rursus
1083 3671 1274 3724 vicinae
1323 3667 1584 3736 angustiae
1629 3667 1680 3720 itt
1719 3666 1852 3719 alios

278 3781 388 3822 me
411 3765 686 3822 terminos
715 3764 954 3818 nitantur
975 3762 1289 3816 extendere.
1321 3759 1532 3813 Valete.

878 3850 1097 3906 EPIS'I‘.
1132 3849 1246 3904 XII.

635 3957 943 4000 BYIIACHUS
987 3958 1270 3999 NICOIACIII
1308 3957 1481 3996 FILIIS.

341 4038 509 4093 Amici
533 4037 737 4092 litteris
759 4034 1057 4090 delectatus
1072 4048 1212 4094 sum,
1236 4048 1462 4102 quarum
1484 4047 1568 4086 me
1596 4032 1851 4086 lectorem

281 4141 389 4182 esse
417 4128 662 4192 voluisti,
693 4138 749 4184 et
773 4126 935 4181 velim
957 4126 1168 4189 credas,
1193 4124 1327 4178 nihil
1357 4139 1481 4177 eum
1507 4121 1578 4177 de
1601 4138 1856 4192 usurpan-

281 4217 329 4271 di
356 4220 517 4274 animi
547 4219 870 4274 remissione
911 4218 1215 4272 mentitum.
1249 4215 1377 4269 Mihi
1410 4215 1491 4267 vir
1522 4214 1742 4268 illustris
1763 4217 1847 4282 ju-

281 4311 370 4363 dex
402 4311 784 4379 praetorianus,
817 4309 888 4362 ob
917 4309 1258 4362 collationem
1289 4317 1509 4360 senatus
1544 4313 1600 4358 et
1629 4305 1735 4358 alia
1767 4319 1853 4358 re-

283 4403 444 4456 media
491 4402 682 4464 Urbis,
715 4403 972 4468 Augustae
1015 4399 1355 4454 denuntiavit
1412 4399 1678 4460 offensas;
1719 4411 1850 4449 cono

285 4497 542 4559 tristatus,
597 4507 656 4548 ut
681 4496 910 4557 asserit,
947 4492 1198 4559 curione,
1245 4492 1386 4560 quod
1425 4495 1704 4559 praefectus
1737 4489 1854 4544 urbi

287 4585 514 4640 ludorum
545 4587 907 4654 imperiatium
957 4585 1068 4651 die,
1098 4599 1224 4640 cum
1249 4599 1280 4638 a
1315 4593 1508 4640 senatu
1539 4597 1668 4637 caro
1698 4583 1855 4637 nobis

288 4678 627 4741 praesentibus
656 4684 989 4747 posceretur,
1028 4675 1356 4729 oblationem
1386 4689 1725 4728 communem
1766 4687 1854 4742 po-

289 4767 399 4830 pqu
428 4768 736 4836 publicavit.
766 4768 890 4822 Haec
913 4768 1092 4821 omnia
1123 4767 1192 4822 ad
1229 4766 1604 4821 destruendam
1630 4768 1854 4836 promis-

287 4872 451 4912 sorum
481 4875 705 4914 suorum
757 4861 980 4928 gloriam
1021 4860 1320 4928 composita
1368 4861 1690 4927 suspicatur,
1717 4867 1771 4910 et
1800 4858 1852 4911 itt

291 4963 365 5001 tne
390 4951 583 5016 solum,
615 4954 736 5020 quia
767 4953 872 5005 hoc
902 4952 1262 5006 referentibus
1301 4952 1495 5018 placet,
1531 4952 1691 5005 vertit
1722 4952 1857 5003 iuvi-

287 5042 435 5095 diam.
465 5044 760 5114 Respondi,
806 5055 863 5098 ut
891 5047 1034 5113 potui
1058 5045 1322 5114 dignitate
1353 5055 1587 5108 servata,
1625 5044 1741 5112 ejus
1767 5060 1858 5098 ca-

292 5131 400 5186 lori.
442 5133 507 5186 Et
548 5146 803 5202 quantum
835 5136 992 5206 legati
1033 5136 1338 5190 Orientales
1378 5145 1624 5188 asserunt
1664 5136 1856 5206 quibus

291 5222 391 5288 ipse
419 5229 736 5295 scriptorum
787 5242 1029 5282 meorum
1062 5227 1189 5282 fecit
1225 5227 1504 5292 indicium,
1535 5231 1744 5282 cunctis
1771 5245 1856 5284 re-

289 5329 470 5381 sponsa
501 5329 681 5372 nostra
713 5321 1044 5388 placuerunt.
1077 5321 1183 5376 Sed
1215 5336 1280 5374 ne
1305 5322 1514 5373 ratione
1543 5333 1594 5374 et
1621 5323 1857 5379 aucturi-

290 5419 386 5462 tate
429 5411 604 5464 victus
631 5413 836 5476 sileret,
889 5413 1163 5467 molliores
1196 5425 1380 5484 postea
1436 5412 1642 5472 litteras
1674 5417 1852 5480 misit,

289 5515 456 5566 parem
480 5507 870 5573 querimoniam
890 5508 1248 5564 continentes.
1281 5510 1478 5564 Horum
1506 5512 1596 5565 tibi
1617 5509 1854 5564 omnium

287 5600 517 5651 tradetur
545 5601 836 5669 exemplar,
867 5612 924 5656 ιιι
972 5604 1185 5658 noveris
1216 5602 1411 5672 quibus
1455 5604 1701 5658 fluctibus
1731 5620 1854 5672 pcr-

287 5700 596 5756 5trepamur.
623 5693 675 5748 Ill
702 5695 914 5762 negotio
933 5706 1108 5749 autem
1135 5705 1335 5750 saneta:
1367 5698 1732 5751 unanimitatis
1759 5711 1857 5752 ve-

1883 4473 1933 4532 I)

1953 3211 2113 3266 etiam
2155 3212 2444 3280 publicatio
2473 3211 2806 3266 facultatum.
2841 3212 2996 3266 Fides
3028 3221 3226 3284 praesto
3253 3222 3336 3268 est
3367 3214 3540 3282 impe-

1955 3303 2172 3357 rialibus
2197 3305 2401 3374 signata
2439 3306 2739 3373 praeceptis.
2767 3304 2834 3359 Et
2863 3315 3039 3360 tamen
3065 3306 3329 3373 praedonis
3354 3310 3537 3362 annrsi

1955 3396 2142 3448 merita
2196 3397 2553 3466 pendentibus
2614 3412 2717 3450 non
2778 3395 2878 3451 fuit
2935 3397 3344 3465 ambigendum,
3397 3400 3536 3468 quod

1955 3488 2124 3558 spolia
2155 3489 2300 3543 orbis
2331 3489 2604 3543 desiderat
2633 3489 2906 3542 aerarium.
2941 3489 3117 3556 Atque
3157 3489 3360 3542 utinam
3393 3501 3536 3544 tanta

1955 3579 2148 3651 gaudio
2178 3595 2283 3634 non
2313 3582 2647 3648 obstreperet
2671 3579 2912 3635 defectus
2932 3596 3178 3648 annonae,
3209 3596 3365 3650 quam
3397 3587 3535 3636 nutta

1955 3673 2200 3742 producit
2232 3691 2382 3727 novae
2418 3675 2584 3740 frugis
2623 3676 2882 3729 accessio.
2921 3674 3184 3730 Praeterea
3229 3677 3392 3745 ipsius
3439 3678 3538 3731 cibi

1955 3764 2182 3833 qualitas
2238 3765 2406 3834 gignit
2459 3763 2776 3829 horrorem.
2829 3766 3123 3836 corrumpit
3179 3768 3538 3822 valetudinem

1956 3871 2237 3925 corporum
2260 3899 2274 3921 ,
2306 3859 2629 3927 graviorque
2657 3867 2741 3913 est
2776 3857 3080 3912 hominibus
3112 3858 3232 3913 talis
3258 3859 3537 3925 alimonia,

1956 3965 2115 4018 quam
2147 3964 2303 4018 paena
2330 3948 2542 4018 jejunii.
2570 3949 2783 4004 Solatur
2813 3950 2950 4004 inter
2981 3950 3092 4002 ltarc
3123 3951 3373 4018 populum
3416 3967 3537 4020 spes

1957 4039 2208 4094 frumenti
2245 4055 2275 4094 a
2309 4040 2547 4110 patribus
2582 4040 2777 4103 oblati,
2811 4051 2864 4095 et
2914 4042 3160 4110 religiosa
3209 4043 3538 4109 Optitnatintn

1956 4134 2202 4186 voluntas
2231 4142 2377 4187 tenet
2404 4133 2748 4188 concordiam
2775 4134 3024 4188 civitatis.
3063 4134 3212 4188 Nunc
3243 4137 3380 4189 votis
3407 4151 3538 4202 epus

1956 4234 2068 4287 est,
2097 4234 2154 4276 ut
2177 4224 2358 4277 divina
2381 4223 2658 4290 Opitulatio
2685 4225 2900 4278 invehat
2926 4235 3281 4292 commeatus,
3309 4227 3434 4278 dun't
3457 4242 3540 4280 sa-

1959 4315 2040 4369 lus
2063 4316 2258 4370 civium
2283 4315 2484 4384 privata
2514 4315 2801 4368 collatione
2834 4315 3164 4381 producitur.
3195 4315 3395 4369 Valete.

2562 4406 2775 4460 EPIS'I‘.
2817 4406 2932 4459 XV.

2331 4512 2637 4552 SYMIACHUS
2675 4511 2956 4550 NICOIACHI
2999 4514 3172 4552 FILIIS.

2033 4591 2088 4644 In
2117 4604 2208 4644 eas
2236 4590 2505 4659 angustias
2534 4602 2834 4642 commutns
2861 4590 3047 4653 pattia:
3078 4591 3285 4644 fortuna
3317 4591 3542 4647 deducta

1961 4689 2070 4746 est,
2106 4689 2164 4735 ut
2191 4689 2428 4735 extrema
2456 4679 2670 4733 vitanda
2697 4684 2822 4732 sint.
2856 4681 3033 4748 Itaque
3062 4680 3280 4736 fratrem
3305 4694 3540 4738 vestrum

1960 4772 2214 4828 continuo
2239 4774 2309 4828 ad
2331 4788 2420 4825 vos
2443 4783 2570 4838 opto
2593 4771 2885 4836 dimittere,
2915 4773 2996 4826 cui
3028 4772 3396 4829 Basternartos
3421 4792 3543 4831 mox

1963 4863 2206 4932 prarbcre
2236 4861 2526 4932 dignemini
2558 4878 2570 4914 :
2606 4861 2875 4915 feSIinatiu
2904 4861 3020 4930 ejus
3045 4863 3408 4930 jutnentorum
3453 4869 3545 4921 ad-

1961 4956 2228 5011 miniculis
2263 4955 2497 5023 juvetur.
2527 4953 2795 5007 Caeterum
2828 4953 2988 5006 filiam
3035 4970 3206 5007 meam
3239 4960 3417 5011 vexari
3459 4959 3544 5012 iti-

1963 5064 2115 5110 nere,
2146 5048 2300 5101 sicuti
2343 5058 2466 5099 ante
2496 5046 2846 5113 scripseram,
2889 5060 2991 5097 non
3021 5055 3250 5112 oportet.
3283 5047 3543 5112 Quoniam

1962 5154 2075 5208 pOSl
2111 5135 2506 5192 itteotmnodum
2534 5150 2715 5204 grave,
2744 5135 2990 5188 valetudo
3017 5138 3136 5203 ejus
3156 5139 3267 5190 otio
3291 5149 3345 5192 et
3369 5142 3548 5208 quiete

1962 5230 2245 5286 refovenda
2273 5239 2375 5283 est.
2409 5227 2609 5282 Valete.

2551 5317 2770 5373 EPIST.
2814 5316 2952 5371 XVI.

2326 5428 2638 5469 SYIIIACIIUS
2676 5426 2960 5467 NICOMACIII
3001 5427 3176 5466 FILIIS.

2037 5509 2260 5564 Praevitli
2292 5525 2449 5577 quem
2479 5517 2679 5560 metum
2713 5520 2846 5560 mea:
2876 5507 3204 5574 aegritudinis
3229 5505 3381 5558 Vob's
3413 5506 3547 5558 fama

1965 5614 2146 5674 po~set
2188 5604 2465 5658 incutere:
2511 5617 2631 5671 quae
2670 5614 2790 5654 cum
2833 5599 3006 5653 soleat
3049 5613 3207 5665 supra
3251 5612 3434 5651 verum
3483 5597 3550 5651 du

1963 5697 2274 5752 absentibus
2332 5695 2514 5761 loqui,
2565 5690 2989 5761 magnitudinem
3051 5688 3271 5755 periculi
3320 5689 3427 5744 mei
3484 5705 3549 5743 ne
