4074 6176
505 301 602 354 27!

1642 305 1706 368 Ω.
1747 302 2093 359 AURELIUS
2131 303 2573 360 SYMMACIIUS.

3670 315 3774 373 271

499 410 658 465 fando
694 410 906 480 quidem
950 410 1157 465 videtur
1188 425 1446 480 aequasse.
1495 404 1680 481 Itaque
1723 413 1813 467 ubi
1852 413 2081 482 primum
2116 418 2160 475 Α
2191 411 2488 467 dividendae
2537 413 2676 469 inter
2703 428 2794 469 vos
2841 417 3233 473 communionis
3270 432 3430 474 causa
3477 424 3767 489 prmStaliit.

500 503 732 558 formare
775 504 981 557 litteras
1013 518 1107 572 per
1137 503 1495 557 valetudinem
1540 503 1720 573 licuit,
1761 519 1869 558 non
1905 503 2086 558 distuli

499 595 667 650 lenire
714 595 853 664 apud
883 609 979 650 vos
1020 595 1178 665 stylo,
1215 611 1332 665 quae
1377 596 1589 666 vulgata
1633 596 1987 652 credideram.
2022 597 2087 652 Et

501 686 741 752 quamvis
771 686 1136 741 modiﬁcandm
1157 686 1502 742 sollicitudini
1525 696 1718 743 vestra:
1741 689 1884 758 prior
1908 704 2086 744 sermo

499 779 802 842 sufficeret;
836 778 900 831 ad
931 777 1103 832 (edem
1144 789 1321 833 tamen
1353 779 1653 834 securitatis
1693 781 1963 835 attestatio
1998 795 2084 835 se-

499 870 667 923 cunda
713 869 974 938 proficiet.
1024 871 1232 926 Interea
1274 872 1342 926 de
1385 872 1684 928 ordinando
1725 874 1899 928 reditu
1928 874 2082 929 facite

498 962 735 1015 noverim
777 963 904 1030 quid
947 962 1157 1016 consilii
1187 964 1478 1031 cteperitis.
1521 963 1714 1018 Fateor
1763 965 1907 1020 enim
1950 965 2082 1018 mol-

499 1053 684 1107 liorem
716 1067 800 1108 me
829 1069 947 1108 esse
971 1053 1252 1109 affectione
1283 1064 1402 1124 post
1423 1055 1711 1111 discrimen
1743 1057 1951 1123 salutis,
1982 1072 2081 1113 nec

498 1144 718 1199 ulterius
749 1159 907 1214 posse
950 1146 1212 1212 suadere,
1250 1155 1308 1200 ut
1355 1148 1622 1203 desiderio
1674 1163 1805 1202 meo
1842 1160 2077 1204 vestrum

497 1235 659 1289 otium
687 1237 1004 1305 prmferatis.
1035 1236 1248 1290 Valete.

1084 1327 1293 1384 EPIST.
1333 1329 1494 1386 XVII.

861 1433 1168 1474 SYMMACHUS
1206 1435 1489 1476 NICOMACIII
1531 1437 1704 1476 FILIIS.

565 1508 814 1563 Amicitia
842 1509 1054 1575 animis,
1091 1525 1197 1564 non
1238 1512 1392 1564 annis
1423 1512 1735 1566 aestimatur.
1784 1512 1949 1568 Rudis
1979 1514 2074 1583 igi-

498 1611 582 1654 tur
629 1599 725 1653 tibi
753 1614 938 1654 eorum
984 1615 1088 1654 non
1121 1602 1360 1655 videatur
1385 1601 1634 1668 affectus,
1665 1617 1890 1672 quorum
1934 1603 1986 1658 in
2023 1614 2074 1658 te

498 1693 667 1747 cultus
695 1707 931 1746 annosus
960 1703 1062 1746 est.
1112 1693 1221 1747 Hoc
1257 1708 1322 1748 eo
1360 1703 1593 1762 spectat,
1625 1703 1681 1748 ut
1711 1695 1922 1750 noveris
1958 1695 2068 1750 Au-

494 1782 730 1836 xentium
773 1791 829 1838 et
875 1783 1200 1851 Marianum,
1235 1784 1372 1838 filios
1423 1799 1602 1852 meos,
1657 1786 2071 1854 pudentissimos
2103 1781 2148 1840 Β

491 1874 733 1942 juvenes,
761 1872 899 1928 inter
930 1874 1235 1928 laudatores
1267 1886 1382 1928 tuos
1415 1877 1647 1944 primore
1677 1877 1795 1932 loco
1824 1877 2067 1942 censeri;

490 1974 650 2032 atque
680 1964 800 2018 ideo
824 1981 928 2018 non
959 1967 1359 2033 cognoscendus
1390 1982 1526 2021 novo
1552 1968 1720 2035 aditu,
1749 1967 1842 2022 sed
1872 1969 2071 2025 amoris

493 2058 695 2113 foedere
735 2067 791 2113 et
839 2058 1100 2127 religione
1142 2060 1477 2115 recolendos.
1520 2061 1668 2115 Nunc
1715 2061 1822 2116 illis
1853 2061 2068 2130 prolici-

491 2151 675 2205 scendi
716 2151 894 2205 attulit
922 2165 1138 2205 causam
1190 2152 1520 2205 medicorum
1569 2161 1757 2208 coactu
1787 2155 2070 2221 impetrata

493 2243 716 2294 ruratio.
764 2239 896 2294 Nam
939 2240 1147 2295 Stabias
1193 2241 1272 2295 ire
1322 2241 1658 2310 desiderant,
1714 2251 1773 2297 ut
1822 2243 2073 2312 reliquias

494 2333 663 2397 longae
689 2330 1018 2401 aegritudinis
1042 2331 1321 2386 armentali
1348 2333 1484 2386 lacte
1507 2333 1796 2402 depellant.
1823 2333 1931 2390 Sed
1960 2351 2070 2408 ma-

491 2423 659 2488 jorem
697 2419 940 2488 judicant
986 2421 1038 2474 in
1088 2429 1180 2475 tuo
1228 2436 1515 2491 congressu
1563 2438 1685 2479 esse
1725 2424 2068 2481 medicinam.

490 2510 607 2567 Tibi
639 2511 798 2582 igitur
836 2512 1190 2582 assignabitur
1233 2528 1420 2568 eorum
1450 2514 1682 2582 sanitas,
1726 2516 1776 2571 si
1820 2517 2070 2573 remediis

492 2601 775 2656 herbarum
802 2602 1094 2658 salubrium
1137 2602 1372 2658 fomenta
1410 2604 1751 2675 benignitatis
1780 2607 2067 2677 adjeceris.

493 2691 695 2748 Valete.

1045 2784 1263 2839 EPIST.
1307 2784 1489 2840 XVIII.

860 2891 1171 2931 SYMHACIIUS
1210 2891 1492 2932 NICOSIACIII
1526 2893 1697 2934 FILIIS.

559 2967 766 3022 Castori
798 2978 984 3022 nostro
1011 2968 1076 3022 ad
1105 2968 1451 3037 Campaniam
1486 2972 1809 3035 revertenti,
1839 2971 2070 3042 largiora

492 3060 737 3115 mandata
764 3060 832 3114 de
859 3059 1168 3115 domesticis
1203 3061 1362 3115 rebus
1406 3076 1562 3131 quam
1609 3063 1806 3131 scripta
1845 3068 2069 3120 commi-

490 3156 673 3209 simus.
707 3153 865 3207 Plura
904 3153 1066 3221 igitur
1097 3154 1318 3208 auribus
1347 3169 1506 3222 quam
1539 3153 1770 3210 lectione
1813 3160 2067 3214 noscetis.
2098 3149 2145 3211 C

490 3248 687 3301 llorum
734 3247 990 3315 pleraque
1028 3245 1094 3300 ad
1140 3253 1337 3299 statum
1369 3247 1640 3315 pertinent
1669 3249 1882 3316 patriae;
1911 3265 2068 3320 quain

491 3338 698 3391 delectu
741 3337 1121 3390 alimentorum
1166 3338 1402 3406 graviter
1432 3336 1765 3392 laborantem
1808 3342 2070 3407 periculo-

491 3445 606 3484 sum
635 3439 719 3486 est
746 3431 1068 3497 inhabitare,
1097 3431 1320 3500 impium
1344 3443 1397 3487 et
1425 3431 1645 3488 crudele
1669 3433 1939 3491 deserere.
1973 3435 2072 3489 Va-

491 3523 613 3577 lete.

1085 3613 1303 3669 EPIST.
1347 3615 1486 3671 XIX.

867 3720 1176 3760 SYIMAGHUS
1203 3721 1483 3761 NICOIIACHI
1516 3724 1688 3762 FILIIS.

562 3796 832 3852 Germano
881 3798 1176 3863 Taburnio,
1225 3799 1308 3853 cui
1358 3815 1448 3854 me
1489 3802 1700 3856 auxilio
1743 3818 1861 3858 esse
1901 3807 2069 3861 volui-

491 3890 607 3955 stis,
639 3889 800 3945 etiam
827 3890 1014 3944 salutis
1042 3891 1234 3945 dubius
1278 3890 1602 3956 adfuissem,
1635 3895 1680 3948 si
1711 3909 1899 3949 eorum
1938 3911 2074 3966 pra:-

491 3981 714 4033 seutiam
742 3981 848 4034 fors
878 3979 1139 4048 dedisset,
1170 3996 1304 4050 quos
1326 3998 1388 4036 ex
1419 3998 1514 4036 usu
1541 3983 1657 4052 ejus
1681 3987 1919 4054 Oportuit
1943 4001 2074 4042 con-

490 4071 678 4126 veniri.
711 4071 1022 4126 Satisfaciat
1076 4071 1237 4141 igitur
1273 4074 1611 4129 unanimitati
1639 4087 1832 4132 vestrae
1863 4079 2074 4135 animus

490 4175 662 4228 meus,
701 4163 910 4216 etiamsi
955 4164 1060 4217 voti
1089 4162 1384 4218 efficaciam
1431 4167 1642 4235 negavit
1680 4180 1923 4224 eventus.
1956 4170 2075 4238 Ipse

489 4255 667 4310 adhuc
695 4255 983 4320 invalidus,
1018 4256 1112 4310 sed
1156 4257 1265 4325 jam
1298 4258 1518 4326 praefata
1550 4259 1644 4314 Dei
1675 4261 1830 4316 venia
1877 4276 2073 4316 conva-

491 4349 710 4403 lescenti
741 4363 962 4404 securus
989 4349 1104 4404 llaec
1133 4352 1339 4417 scribo;
1370 4362 1622 4424 tantoque
1653 4357 1821 4426 magis
1851 4369 2073 4428 assurgo

491 4440 709 4509 viribus,
755 4451 954 4510 quanto
995 4444 1125 4496 milii
1169 4443 1486 4499 celeriorem
1538 4449 1839 4505 sanctitatis
1879 4459 2074 4506 vestra:

490 4529 721 4584 reditqu
751 4545 873 4599 spes
904 4531 1075 4586 vicina
1110 4535 1389 4601 promittit.
1419 4535 1616 4592 Valete.

1095 4623 1303 4680 EI’IST.
1347 4625 1467 4682 XX.

860 4727 1171 4769 SYMMAKIIUS
1211 4732 1492 4772 NICOHACIII
1533 4735 1704 4776 FILIIS.

565 4803 770 4856 Dudum
814 4807 1097 4858 sanitatem
1139 4808 1263 4860 tiliae
1304 4824 1438 4862 mete
1480 4810 1792 4881 iutcgratam
1824 4831 1944 4871 esse
1992 4833 2077 4872 re-

490 4895 807 4964 scripseras.
835 4897 959 4951 Mox
985 4901 1334 4966 sequentibus
1375 4899 1567 4956 litteris
1595 4904 1938 4960 sollicitudini
1979 4925 2076 4963 no-

493 4995 619 5039 strze
649 4987 939 5042 recidivum
971 4989 1212 5044 aculeum
1242 4991 1552 5047 subdidisti.
1591 4993 1883 5050 Conﬂictor
1912 4998 2074 5068 igitur

493 5079 679 5131 nuntio
735 5081 1062 5145 recentiore,
1107 5083 1230 5148 quia
1277 5084 1446 5153 magis
1493 5085 1717 5142 adversa
1759 5089 2071 5145 creduntur.

497 5171 760 5236 Exsilecto
790 5170 968 5237 anxie,
1001 5183 1059 5226 ut
1086 5175 1127 5225 si
1155 5173 1281 5242 quid
1319 5174 1446 5227 boni
1478 5175 1593 5231 dies
1635 5179 1841 5242 attulit,
1873 5181 2076 5238 indice-

497 5263 580 5316 tis.
614 5260 669 5315 In
704 5275 769 5316 eo
795 5272 972 5318 autem
1015 5265 1153 5334 quod
1191 5280 1286 5321 vos
1320 5267 1589 5325 discessus
1620 5282 1801 5328 noster
1843 5277 2076 5344 excitat,

496 5353 735 5408 habitum
766 5355 961 5409 mentis
1003 5371 1136 5410 meae
1164 5372 1399 5427 agnosco
1425 5379 1436 5413 :
1471 5363 1565 5416 sed
1596 5364 1771 5420 adhuc
1795 5367 2074 5424 desideriis

494 5444 692 5499 mutuis
720 5453 931 5513 prastat
959 5446 1187 5502 suadere
1216 5453 1606 5519 praestantiam,
1632 5471 1789 5525 quam
1816 5461 2081 5527 pteniten~

495 5540 623 5592 dum
661 5537 861 5610 aliquid
911 5554 1005 5609 per
1059 5540 1484 5599 imbecillitatem
1539 5547 1836 5605 affectio-lis
1890 5554 2074 5609 ordiri.

498 5631 616 5684 Mox
644 5647 764 5686 cum
788 5650 1074 5701 germanus
1103 5644 1222 5688 tuus
1244 5637 1310 5690 de
1340 5641 1606 5706 proximo,
1633 5653 1688 5695 ut
1708 5646 1806 5708 ais,
1831 5658 2078 5714 Speratus

498 5721 754 5786 adiuerit,
798 5737 850 5777 et
901 5726 1108 5779 felicem
1157 5727 1326 5793 vobis,
1368 5738 1420 5784 ct
1458 5737 1816 5789 neci-ssarium
1852 5739 2078 5794 reditum

2192 503 2398 560 Valete.

2780 599 2992 655 EPIST.
3039 598 3178 656 XXI.

2551 729 2859 768 SYIIMACIIUS
2896 728 3178 768 NICOMACBI
3221 729 3393 769 FILIIS.

2258 847 2462 902 Fratris
2491 849 2593 902 mei
2633 849 2865 904 Entrecii
2898 850 3213 917 Spectabilis
3237 851 3338 905 viri
3369 851 3568 908 liberos
3597 853 3767 923 impa-

2191 935 2376 990 tientia
2409 936 2616 1006 paterni
2656 942 2856 992 amoris
2891 941 3185 1004 acciverat,
3220 940 3414 1010 quibus
3445 949 3765 1012 properandi

2183 1040 2374 1080 causis
2417 1027 2596 1097 inopia
2645 1031 2792 1083 urbis
2837 1029 3052 1097 adjecit.
3098 1030 3273 1102 Atque
3309 1033 3434 1088 ideo
3483 1049 3766 1092 recursum

2181 1118 2296 1172 sine
2319 1117 2447 1186 justi
2480 1119 2734 1188 temporis
2778 1122 3175 1190 exspectatione
3221 1123 3389 1178 moliti
3438 1135 3584 1180 sunt.
3625 1127 3763 1193 Qua-

2182 1217 2399 1276 propter
2424 1207 2550 1262 dum
2573 1210 2838 1279 navigatio
2867 1212 3216 1266 intractabilis
3243 1222 3358 1279 est,
3391 1215 3444 1267 in
3474 1215 3584 1269 oris
3609 1213 3764 1270 Cam-

2181 1298 2350 1365 pania:
2389 1299 2660 1368 paulisper
2697 1299 2998 1355 haerebunt.
3063 1302 3169 1357 Sed
3213 1317 3280 1357 ne
3320 1306 3762 1373 peregrinationis

2177 1402 2358 1442 amara
2430 1390 2768 1456 sustineant,
2845 1392 3150 1448 humanitas
3204 1403 3380 1449 vestra
3460 1399 3757 1465 prmstabit.

2176 1481 2353 1545 Quare
2378 1481 2550 1535 vicem
2579 1497 2753 1536 meam
2784 1485 2995 1553 suscipe
3023 1501 3035 1537 :
3062 1493 3121 1540 ut
3145 1485 3235 1554 qui
3265 1500 3407 1541 nunc
3435 1501 3465 1540 a
3488 1489 3644 1543 nobis
3668 1504 3760 1545 ne-

2175 1573 2427 1628 cessitate
2453 1573 2646 1628 divulsi
2676 1584 2832 1640 sunt,
2863 1577 3100 1632 animum
3131 1591 3192 1634 se
3225 1593 3404 1633 meum
3434 1583 3484 1635 in
3515 1589 3567 1636 te
3605 1595 3758 1652 repe-

2174 1663 2310 1718 risse
2336 1664 2604 1720 laetentur.
2630 1665 2838 1720 Valete.

2761 1757 2978 1814 EPIST.
3022 1759 3184 1816 XXII.

2539 1883 2850 1924 SYMMACIIUS
2886 1884 3171 1926 NICOHACIII
3214 1888 3390 1928 FILIIS.

2246 1998 2386 2054 Dura
2411 2001 2701 2057 commotio
2727 2011 2831 2072 est,
2858 2019 3018 2075 quam
3053 2006 3224 2079 gignit
3249 2009 3475 2080 injuria:
3501 2011 3597 2068 sed
3626 2015 3754 2072 mol-

2177 2090 2274 2145 lire
2317 2093 2478 2147 debet
2519 2093 2761 2150 dolorem
2808 2097 3072 2153 medicina
3121 2102 3413 2168 patientiae.
3457 2103 3567 2159 Nec
3606 2107 3756 2162 deest

2176 2185 2325 2239 vobis
2357 2200 2482 2239 usus
2509 2187 2733 2242 adversa
2761 2189 3043 2244 tolerandi.
3065 2189 3204 2246 Nam
3234 2193 3428 2250 crebro
3460 2195 3622 2252 ictum
3647 2199 3757 2253 for-

2175 2283 2315 2330 tunae
2346 2277 2488 2332 ferre
2512 2278 2792 2334 didicistis.
2824 2281 2976 2346 Quod
3005 2282 3052 2336 si
3083 2283 3136 2337 in
3166 2287 3416 2341 secundis
3443 2289 3605 2343 rebus
3631 2307 3756 2359 age-

2177 2372 2322 2437 retis,
2351 2369 2471 2440 jure
2502 2370 2729 2427 insolitis
2758 2374 2912 2427 malis
2942 2373 3168 2430 felicitas
3197 2376 3502 2434 laederetur.
3537 2381 3661 2436 Haec
3688 2398 3756 2437 eo

2175 2462 2375 2531 scribo,
2402 2471 2459 2517 ut
2487 2465 2736 2518 miratum
2763 2480 2849 2520 me
2873 2466 3032 2536 scias,
3059 2470 3198 2538 quod
3226 2475 3578 2528 constantiam
3611 2485 3755 2530 tuam

2174 2553 2241 2609 Iis
2270 2556 2479 2624 privata
2510 2557 2828 2624 mutaverit,
2855 2575 3012 2628 quam
3039 2561 3140 2616 sub
3160 2561 3400 2623 affinium
3431 2569 3646 2624 nomine
3676 2571 3757 2640 (ut

2174 2647 2356 2715 opinio
2383 2663 2503 2704 mea
2535 2650 2640 2722 est)
2671 2651 2852 2707 Baiani
2894 2653 3090 2708 littoris
3121 2659 3441 2726 persultator
3477 2662 3753 2721 animam.

2174 2739 2280 2796 Sed
2307 2742 2382 2796 illi
2407 2743 2548 2798 aliud
2579 2746 2842 2802 mercedis
2862 2751 2986 2804 erit.
3011 2749 3196 2804 Causae
3217 2761 3394 2807 autem
3421 2763 3610 2808 vestra:
3633 2771 3756 2823 pro-

2173 2835 2525 2905 pugnaculum
2551 2836 2801 2906 judiciale
2834 2854 2940 2895 non
2963 2841 3152 2896 defuit.
3182 2842 3528 2911 [mpetratum
3555 2846 3754 2915 quippe

2172 2936 2256 2980 est
2283 2927 2350 2981 ab
2387 2929 2556 2981 altero
2584 2929 2948 2998 cognitorum,
2979 2947 3047 2987 ne
3086 2933 3306 3001 impune
3341 2935 3443 3004 sit,
3476 2938 3615 3006 quod
3655 2942 3756 2994 de-

2171 3017 2404 3086 signavit
2437 3018 2747 3088 apparitor:
2782 3021 2848 3076 ab
2877 3022 3047 3078 altero
3083 3035 3140 3078 ut
3176 3025 3464 3081 htereditas
3497 3040 3581 3082 tua
3614 3045 3757 3098 pra:-

2174 3117 2367 3164 stetur.
2407 3108 2586 3179 Ipsum
2616 3126 2826 3182 quoque
2867 3115 3141 3170 dominum
3170 3119 3502 3187 quit-stionis,
3530 3135 3650 3174 cum
3696 3137 3757 3176 se

2176 3199 2244 3253 ab
2261 3215 2389 3268 agro
2414 3203 2696 3270 receperit,
2721 3205 3041 3272 admonebo,
3065 3215 3122 3261 ut
3142 3217 3234 3260 ant
3256 3208 3480 3269 desistat
3502 3215 3754 3279 inempto,

2177 3301 2269 3345 aut
2296 3294 2395 3345 sibi
2427 3293 2671 3362 graviora
2701 3309 2823 3350 esse
2849 3298 3128 3354 referenda
3160 3305 3388 3357 noverit.
3426 3305 3550 3358 lltec
3577 3306 3645 3360 de
3674 3321 3758 3362 re-

2176 3381 2274 3436 bus
2304 3386 2611 3439 domesticis
2650 3386 2781 3440 satis
2820 3389 2959 3443 dtcta
2999 3394 3126 3446 sint.
3169 3393 3361 3449 Patriae
3393 3410 3519 3450 vero
3559 3411 3758 3454 notua:

2177 3474 2315 3527 inter
2354 3484 2552 3528 caetera
2591 3475 2954 3533 frumentariae
2998 3485 3237 3551 penuriae
3265 3486 3438 3554 mala,
3474 3488 3758 3557 legationis

2175 3568 2407 3624 ambitus
2446 3575 2756 3642 nequiorem
2801 3579 2970 3634 facem
3013 3582 3268 3637 subdidit.
3322 3583 3454 3638 Nam
3496 3587 3760 3656 principio

2179 3657 2614 3720 l’ostbumianum
2638 3676 2694 3722 et
2720 3669 2998 3727 Pinianuin
3021 3673 3233 3729 duobus
3253 3677 3388 3732 aulae
3407 3681 3759 3734 summatibus

2171 3749 2348 3816 junxit
2376 3753 2590 3817 electio,
2622 3757 2722 3811 sub
2749 3773 2812 3813 ea
2839 3766 3186 3830 expi-essione
3206 3766 3390 3834 judicii
3410 3806 3426 3832 ,
3459 3778 3517 3823 ut
3544 3771 3595 3823 in
3625 3770 3710 3840 ips
3729 3786 3760 3825 s

2175 3841 2305 3893 solis
2343 3842 2499 3910 plena
2527 3862 2648 3901 esse
2679 3851 2869 3919 legatio
2898 3856 3185 3909 diceretur.
3218 3857 3517 3928 lnterjectis
3545 3861 3757 3929 diebus,

2176 3946 2297 3986 cum
2321 3938 2569 3991 mandata
2591 3942 2795 3995 ordinis
2821 3953 3077 4000 tractatus
3099 3950 3450 4016 expenderet,
3480 3951 3758 4008 Paulinum

2176 4026 2282 4080 illis
2317 4031 2491 4082 studia
2519 4033 2722 4101 privata
2748 4036 3066 4104 junxerunt.
3091 4040 3227 4096 Hinc
3256 4053 3373 4097 orta
3402 4046 3630 4098 certatio
3670 4063 3759 4100 us-

2175 4137 2280 4192 que
2302 4129 2367 4178 ad
2399 4126 2628 4186 nefarias
2667 4145 2870 4202 pugnas
2900 4150 2986 4190 me
3028 4136 3249 4191 absente
3278 4139 3559 4207 processit.
3588 4140 3758 4196 Pudet

2176 4219 2380 4284 dicere,
2406 4235 2524 4289 qua:
2550 4224 2602 4276 in
2645 4238 2703 4278 se
2732 4230 3016 4294 optimates
3054 4239 3274 4286 senatus
3300 4231 3527 4286 erimina
3551 4244 3606 4288 et
3640 4249 3759 4288 nia-

2177 4309 2369 4364 ledicta
2395 4313 2740 4380 projeccrint.
2764 4317 2869 4370 Sed
2896 4318 3224 4374 dirimendas
3250 4323 3481 4390 partium
3508 4329 3759 4393 quaestio-

2180 4413 2276 4454 nes
2303 4416 2422 4454 nieo
2451 4403 2699 4458 dicuntur
2721 4406 2959 4461 doluisse
2990 4411 3212 4476 judicio.
3240 4410 3375 4466 Fors
3415 4413 3634 4478 viderit,
3667 4417 3758 4484 qui

2100 4521 2154 4581 Β
2186 4493 2304 4546 linis
2333 4508 2550 4550 causam
2585 4497 2851 4565 publicam
2875 4513 3104 4555 maneat.
3129 4501 3347 4558 Interim
3373 4517 3590 4560 senatus
3619 4505 3761 4560 fama

2179 4582 2463 4651 laceratur,
2485 4594 2540 4639 et
2563 4587 2902 4644 infortunatis
2931 4593 3092 4644 etiam
3124 4595 3325 4648 crimen
3355 4597 3602 4651 accessit.
3627 4597 3680 4651 Si
3707 4613 3761 4653 ιη

2181 4691 2370 4730 ηιιιιυε
2401 4693 2548 4733 meas
2574 4684 2818 4736 venerint
2841 4696 3182 4740 monumenta
3205 4697 3507 4757 gestorum,
3537 4691 3762 4760 legendo

2181 4769 2432 4835 noscetis,
2461 4785 2581 4838 qua:
2615 4771 2900 4828 verborum
2947 4790 3187 4830 meorum
3221 4781 3540 4834 verecundia
3589 4781 3761 4836 noluit

2180 4859 2469 4927 explicare.
2503 4863 2705 4918 Valete.

2745 4956 2961 5013 EPIST.
3004 4958 3188 5014 XXIII.

2550 5088 2859 5128 SYMIACIIUS
2897 5089 3182 5129 NICOMACIII
3218 5091 3391 5133 Ηωιε.

2253 5184 2418 5238 Debui
2453 5187 2642 5242 litteris
2685 5190 2975 5258 abstinere,
3005 5195 3282 5262 spectabili
3323 5195 3442 5251 viro
3482 5195 3592 5252 filio
3639 5211 3766 5254 meo

2185 5273 2346 5330 Decio
2373 5290 2734 5346 cunmcante,
2757 5296 2847 5348 qui
2876 5283 3120 5352 religioni
3150 5296 3342 5340 vestrae
3383 5287 3535 5356 plura
3578 5303 3765 5342 narra-

2182 5365 2289 5434 bit,
2331 5382 2488 5436 quam
2541 5379 2722 5438 posset
2771 5374 3080 5441 paginarum
3133 5384 3309 5431 textus
3352 5379 3624 5447 amplecti.
3657 5379 3767 5436 Sed

2178 5460 2565 5529 jucttnditatem
2583 5503 2599 5529 ,
2622 5480 2782 5534 quam
2813 5467 3008 5523 tribuet
3037 5472 3268 5525 fraterna
3292 5476 3602 5542 praesentia,
3627 5475 3768 5545 stylu

2183 5567 2379 5623 augere
2409 5569 2516 5608 non
2549 5556 2736 5625 piguit.
2773 5557 2975 5614 Idcirco
3007 5563 3342 5617 unanimitati
3370 5575 3560 5618 vestrae
3596 5566 3765 5620 hono-

2186 5662 2296 5701 rem
2329 5648 2664 5704 salutationis
2695 5651 2962 5720 impertio,
2994 5665 3050 5707 ut
3073 5655 3332 5713 adventus
3355 5657 3459 5713 mei
3489 5671 3742 5728 exspeCta

2187 5743 2259 5795 tio
2286 5743 2394 5796 oris
2423 5759 2642 5798 inlinere
2673 5744 2959 5801 mitigetur.
3000 5747 3202 5802 Valete.
