4046 6170
273 331 362 383 273
1442 318 1919 372 EPISTULARUM
1962 318 2160 373 LIBER
2205 321 2286 375 VI.

803 431 1018 487 EPIST.
1062 429 1248 484 XXIV.

606 537 918 578 SVIHIACHUS
958 537 1239 577 NICOMACIII
1277 535 1454 578 FILIIS.

329 617 594 688 Sapricius,
624 617 707 670 vir
733 624 955 670 ornatus
993 629 1057 668 ac
1093 614 1222 669 mihi
1267 613 1570 677 familiaris,
1602 613 1828 680 diligen-

270 709 378 762 tiam
401 716 588 762 sanctte
613 706 983 760 unanimitatis
1013 715 1117 759 tuae
1146 705 1260 760 sine
1295 703 1682 771 adstipulatore
1708 717 1826 756 me-

269 802 455 855 ruisset.
484 797 586 853 Sed
615 797 737 865 quia
767 797 922 866 primi
962 795 1139 850 aditus
1169 810 1351 851 sermo
1376 795 1716 850 commendat
1748 795 1828 847 in-

266 891 498 961 cognitas,
529 889 839 944 facilitatem
877 888 980 943 sibi
1029 888 1406 965 promerendzc
1453 887 1828 942 familiaritatis

265 993 353 1038 tua:
375 997 464 1053 per
485 997 571 1038 me
599 983 804 1050 optavit
826 981 1045 1051 aperiri.
1074 980 1298 1050 Dignum
1329 990 1411 1034 est
1443 981 1620 1048 igitur,
1652 988 1709 1034 ut
1734 995 1828 1034 cu-

263 1074 568 1144 pidissimum
613 1073 691 1126 tui
720 1072 881 1127 obvio
907 1086 1094 1126 amore
1125 1071 1404 1139 suscipias,
1440 1079 1495 1125 ct
1535 1071 1826 1125 amicitiam

261 1166 552 1231 postulatam
584 1179 692 1219 non
725 1165 777 1217 in
817 1163 960 1234 longi
993 1178 1124 1219 usus
1164 1170 1490 1218 tentamenta
1522 1163 1821 1232 procrasti-

260 1273 362 1322 nes,
390 1257 478 1312 sed
498 1257 679 1311 statim
709 1256 864 1327 parili
888 1256 1163 1313 voluntate
1187 1245 1458 1310 desiderio
1487 1254 1825 1311 advenzantis

257 1363 513 1406 occurras.
542 1349 747 1404 Valete.

807 1439 1026 1495 EPIST.
1068 1439 1234 1494 XXV.

605 1548 918 1588 εγωιλοῐιυε
956 1547 1241 1588 NICOIIACBI
1280 1547 1437 1587 FILIIS
1448 1574 1458 1585 .

317 1623 619 1678 Zenodotus
659 1624 800 1679 filius
849 1638 998 1678 meus
1050 1623 1286 1678 nondum
1340 1632 1390 1678 te
1439 1624 1831 1677 consuetudine

255 1715 486 1784 propiore
517 1716 806 1785 cognovit,
838 1715 932 1770 sed
976 1712 1117 1768 fama
1149 1713 1468 1770 conciliante
1511 1714 1622 1783 jam
1657 1715 1830 1767 susci-

3414 329 3516 382 27f

1855 431 1896 487 Α
1927 426 2354 487 dimensiunibus
2385 433 2653 488 communi
2695 434 2962 492 desiderio
2993 437 3303 493 satisfa'ere
3338 440 3520 508 digne-

1935 519 2082 574 mini.
2120 520 2321 578 Valete.

2503 616 2716 672 EPIST.
2761 617 2951 672 XXIX.

2301 721 2606 762 SYSIRIACHUS
2647 724 2931 766 NICOMACIII
2973 724 3148 764 FILIIS.

2005 795 2254 852 Dicendae
2288 800 2441 854 vobis
2489 801 2678 854 salutis
2725 803 2970 867 occasio,
3015 812 3070 859 et
3116 801 3402 873 qumrenda
3446 813 3529 856 est

1934 886 2061 940 mihi
2091 901 2235 955 saepe
2267 890 2307 942 si
2341 889 2498 954 desit,
2530 902 2584 946 et
2610 893 3004 961 amplectenda,
3031 894 3074 948 si
3105 901 3298 962 prarsto
3328 892 3428 956 sit;
3460 906 3526 944 eo

1935 977 2164 1031 maxime
2198 986 2470 1046 tempore,
2506 997 2610 1050 quo
2638 983 2704 1036 de
2738 983 2859 1036 ﬁlia:
2892 999 3025 1038 metu
3061 983 3288 1036 sanitate
3328 981 3525 1034 sollici-

1935 1073 2038 1132 tor,
2076 1068 2228 1136 cujus
2259 1071 2618 1126 valetudinem
2663 1074 2824 1129 credo
2868 1075 3029 1129 etiam
3056 1073 3276 1143 jejuniis
3317 1073 3523 1126 sancia-

1935 1167 2062 1214 tam.
2094 1161 2371 1216 Absolvite
2401 1163 2564 1232 igitur
2592 1173 2790 1218 metum
2825 1174 3064 1219 nostrum
3097 1165 3282 1218 nuntio
3305 1178 3527 1233 prospe-

1934 1267 2138 1307 rorum.
2176 1253 2299 1308 Mihi
2332 1257 2491 1309 etiam
2526 1272 2667 1311 nunc
2693 1271 2911 1325 gressus
2940 1257 3181 1311 inﬁrmus
3208 1265 3310 1311 est.
3340 1255 3446 1311 Sed
3479 1257 3523 1310 si

1933 1351 2112 1410 optata
2156 1345 2222 1396 de
2261 1345 2412 1400 vobis
2451 1356 2666 1401 nmttms
2697 1363 2876 1402 sermo
2914 1349 3224 1415 pertulerit,
3278 1349 3521 1415 protinus

1934 1437 2235 1504 corpusculi
2267 1439 2485 1505 querela
2525 1441 2820 1494 sedabitur.
2854 1440 2968 1494 Non
2999 1439 3271 1494 omiserim
3299 1439 3526 1509 jungere

1935 1531 2161 1598 paginas,
2188 1533 2326 1599 quod
2359 1532 2736 1588 Martinianum
2765 1535 3048 1588 conventio
3073 1534 3342 1603 iudicialis
3359 1549 3524 1602 expu-

1937 1623 2089 1687 lerit;
2121 1628 2203 1677 cui
2247 1635 2424 1679 tantus
2454 1633 2630 1680 terror
2658 1630 2904 1682 incussus
2933 1639 3016 1682 est
3043 1627 3112 1682 ob
3146 1628 3401 1682 omissam
3435 1626 3527 1681 diu

1937 1714 2003 1768 ad
2037 1714 2234 1770 Gallias
2258 1716 2679 1786 profectionem,
2706 1727 2764 1772 ut
2795 1719 2843 1773 ei
2882 1733 3107 1773 necesse
3137 1717 3296 1772 fuerit
3323 1733 3528 1786 prmve—

256 1809 340 1874 pit.
367 1805 491 1860 Nam
524 1821 648 1860 cum
680 1820 911 1875 propere
953 1806 1196 1860 Lucanus
1223 1821 1286 1860 ac
1316 1805 1526 1860 Brutios
1561 1812 1708 1873 petat
1737 1805 1831 1857 hu-
1866 1790 1911 1847 Β
1939 1810 2053 1863 nire
2085 1811 2279 1865 itinere
2325 1811 2530 1880 privato
2569 1811 2914 1866 exbibitionis
2957 1811 3226 1880 injuriam.
3262 1810 3338 1864 De
3376 1811 3526 1865 Atel-

252 1912 370 1953 uore
391 1907 642 1968 cogente,
671 1896 1023 1953 nihilominus
1047 1898 1102 1952 in
1130 1905 1481 1966 conspectum
1515 1906 1662 1953 tuum
1688 1897 1831 1952 flexo

253 1989 426 2044 itinere
473 1988 640 2058 gestit
692 2003 1000 2044 excurrere.
1047 1987 1200 2043 Hunc
1249 1990 1302 2042 in
1350 1987 1637 2042 amicitiam
1686 1996 1829 2041 tuam

250 2089 478 2149 tanquam
524 2086 877 2149 mystagogus
927 2078 1141 2142 induco,
1187 2088 1347 2147 atque
1396 2078 1448 2132 in
1495 2093 1580 2132 me
1624 2078 1829 2145 recipio

250 2171 446 2239 dignum
478 2185 631 2237 esse,
674 2185 834 2240 quem
864 2170 1081 2240 diligas.
1121 2170 1178 2225 Si
1218 2171 1344 2239 quid
1391 2169 1551 2241 igitur
1590 2169 1828 2238 parentis

250 2261 533 2318 testimonio
577 2263 790 2329 tribuis,
827 2263 1063 2318 adultam
1092 2278 1212 2318 mox
1254 2263 1395 2333 apud
1435 2275 1485 2318 te
1511 2263 1826 2332 religionem

247 2356 430 2422 primus
449 2357 634 2412 aditus
658 2355 999 2410 adventantis
1024 2355 1292 2420 inveniat;
1323 2370 1550 2425 eamque
1569 2355 1828 2410 continuo

246 2447 535 2516 experiatur
558 2446 865 2502 facilitatem
887 2446 962 2501 tui
987 2447 1240 2515 pectoris.
1258 2461 1416 2513 quam
1434 2445 1533 2501 scit
1555 2461 1826 2516 nunquam

244 2538 454 2593 delatam
475 2552 608 2594 esse
631 2538 874 2593 novitati.
901 2537 1107 2593 Valete.

805 2653 1022 2710 EPIST.
1065 2652 1257 2708 XXVI.

609 2761 917 2802 SVMMACHUS
955 2761 1241 2803 NICOHACIII
1280 2761 1454 2803 FILIIS.
1551 2781 1555 2786 ν

303 2862 390 2917 Diu
422 2878 647 2918 mecum
683 2863 798 2932 ipse
822 2861 1106 2928 contendi,
1137 2871 1196 2918 ut
1221 2862 1287 2917 ad
1319 2877 1414 2916 vos
1460 2863 1650 2932 pignus
1679 2877 1828 2918 com~

238 2970 382 3011 mune
418 2956 792 3024 dimitterem,
817 2955 912 3011 sed
945 2955 1076 3010 vicit
1103 2954 1338 3022 affectio,
1373 2957 1606 3011 maxime
1644 2971 1826 3011 assur-

236 3055 380 3112 geate
405 3047 635 3116 specula
669 3046 1061 3115 proficientium
1090 3047 1452 3102 conditorum.
1479 3048 1611 3102 Nam
1639 3048 1824 3118 viginti

236 3137 340 3191 dies
370 3139 519 3193 urbis
562 3137 830 3191 alimoniis
860 3152 1020 3206 parca
1061 3138 1272 3193 interim
1320 3140 1582 3208 promittit
1619 3154 1824 3211 expen-

234 3227 325 3280 sio.
367 3227 648 3282 Praeterea
699 3227 1017 3296 amplissimi
1069 3228 1273 3282 ordinis
1325 3229 1558 3285 secunda
1611 3230 1828 3285 collatio

232 3333 580 3374 accessurum
611 3319 887 3373 securitati
911 3319 1110 3390 aliquid
1140 3321 1438 3389 pollicetur.
1469 3321 1829 3378 Nihilominus

233 3409 379 3462 etiam
410 3409 604 3464 carnis
630 3411 835 3465 oblatio
879 3410 1090 3466 animos
1132 3411 1389 3467 Romanae
1421 3413 1591 3482 plebis
1631 3415 1822 3469 erexit.

232 3497 416 3554 Redire
443 3500 623 3569 igitur
652 3501 718 3554 ad
749 3515 845 3555 vos
868 3500 1110 3570 jumenta
1144 3505 1371 3572 praecepi
1393 3545 1407 3568 ,
1437 3518 1603 3573 agens
1627 3506 1827 3574 gratias

231 3591 358 3656 quod
387 3593 780 3648 necessitatem
809 3593 991 3649 fratris
1019 3596 1181 3650 vestri
1208 3597 1462 3666 congruis
1484 3598 1827 3654 adminiculis

229 3682 484 3747 iuveritis.
553 3682 879 3754 Legatorum
926 3684 1105 3740 adhuc
1158 3687 1370 3741 vacillat
1424 3688 1638 3743 electio.
1693 3689 1824 3744 Nam

235 3772 626 3829 Posthumiano
659 3787 711 3829 et
745 3775 990 3842 Piniano,
1022 3790 1158 3846 quos
1203 3793 1233 3831 a
1282 3777 1544 3847 principio
1590 3779 1827 3835 mandati

229 3866 306 3920 sui
334 3876 563 3923 senatus
606 3877 928 3936 agnoverat,
957 3869 1144 3923 tertius
1181 3868 1435 3924 Paulinus
1461 3870 1744 3940 asseritur,
1774 3881 1828 3927 et

231 3956 412 4013 divisis
458 3961 515 4014 in
572 3959 751 4016 studia
799 3959 1038 4028 partibus
1084 3960 1260 4016 adhuc
1297 3959 1538 4016 differtur
1591 3963 1824 4029 utilitas;

225 4063 340 4102 cum
392 4050 696 4104 terminum
739 4049 1165 4106 confirmationis
1209 4053 1511 4122 acceperit,
1554 4052 1710 4124 plena
1735 4070 1825 4109 co-

230 4139 392 4208 gnitio
420 4141 727 4198 deferetur.
764 4141 974 4197 Valete.

801 4231 1016 4287 EPIST.
1061 4232 1272 4290 XXVII.

597 4336 913 4378 SYIIIIACIIUS
951 4339 1234 4380 NICOHACIII
1275 4341 1452 4382 FILIIS.

290 4409 532 4468 Uberius
576 4413 921 4468 scribendum
954 4423 1064 4481 est,
1094 4415 1142 4470 si
1179 4417 1632 4473 commendentur
1671 4420 1822 4476 inco-

221 4503 371 4568 gniti.
414 4501 629 4558 Justiui
670 4514 847 4558 autem
894 4506 1199 4575 gravissimi
1243 4516 1406 4577 atque
1457 4511 1822 4566 honestissimi
1850 4528 1905 4590 ι)

222 4591 317 4646 viri
342 4595 574 4662 antiqua
620 4593 900 4649 nobiscum
939 4596 1274 4653 familiaritas
1303 4600 1696 4656 conciliationis
1727 4604 1823 4656 ad-

225 4685 546 4738 miniculum
578 4699 685 4739 non
725 4686 971 4754 reqttirit.
1008 4686 1151 4742 Satis
1184 4697 1267 4744 est
1305 4690 1487 4760 igitur,
1516 4692 1560 4745 si
1593 4693 1640 4746 ei
1674 4708 1820 4746 amo-

221 4787 331 4829 rem
361 4777 594 4831 solitum
617 4777 894 4833 deferatis.
924 4779 1054 4847 Quae
1082 4795 1210 4836 vero
1232 4783 1298 4837 ad
1329 4799 1425 4839 nos
1451 4785 1742 4854 pertinent,
1767 4796 1822 4842 ct

222 4868 466 4929 proxime
517 4867 862 4923 unanimitati
909 4878 1106 4926 vestrm
1150 4872 1345 4929 litteris
1389 4875 1621 4932 indicata
1664 4887 1818 4945 sunt,

224 4974 363 5015 nunc
389 4976 490 5015 ore
520 4961 690 5030 ipsius
719 4963 1038 5032 pandentur.
1060 4965 1272 5022 Valete.

784 5079 992 5136 EPIST.
1036 5081 1272 5138 XXVIII.

603 5186 911 5228 SYIIACIIUS
945 5188 1230 5230 NICOHACIII
1273 5192 1449 5232 FILIIS.

286 5281 344 5338 Si
377 5283 518 5353 quid
551 5282 754 5339 homini
778 5293 945 5340 tntum
970 5296 1076 5352 est,
1106 5287 1155 5341 in
1186 5302 1337 5358 spem
1360 5290 1484 5345 vita:
1509 5291 1713 5349 redisse
1735 5311 1820 5350 me

213 5372 406 5429 nuntio
457 5383 589 5445 post
626 5375 962 5430 internarum
1007 5377 1246 5434 dolorem
1266 5420 1282 5445 ,
1311 5380 1403 5451 qui
1439 5397 1525 5438 me
1555 5384 1706 5439 vobis
1735 5401 1820 5442 re-

213 5476 374 5533 pente
392 5465 766 5523 subtraxerat.
794 5469 852 5525 Si
878 5468 1006 5540 quid
1029 5469 1195 5541 igitur
1213 5473 1367 5529 vobis
1385 5489 1634 5546 asperum
1662 5478 1818 5535 fama:

209 5558 432 5614 licentia
462 5560 761 5628 nuntiavit,
805 5561 1045 5632 antiquet
1073 5563 1292 5619 oblivio.
1328 5565 1600 5637 Praecipue
1636 5577 1817 5626 autem

212 5652 578 5717 impetratum
608 5651 761 5715 volo,
803 5667 869 5708 ne
899 5653 1193 5722 improvida
1233 5656 1594 5714 sollicitudine
1633 5675 1819 5715 recur-

209 5743 361 5799 ratis.
391 5739 516 5798 Sed
548 5743 667 5810 quia
709 5757 796 5800 res
823 5749 981 5802 vertit
1007 5745 1074 5802 ad
1114 5747 1370 5816 salutem,
1407 5750 1568 5818 justis
1609 5752 1817 5809 itineris

1937 1905 2056 1956 lano
2083 1904 2209 1974 quid
2246 1905 2360 1960 ﬁeri
2383 1906 2629 1971 velimus,
2661 1906 2835 1960 amico
2864 1905 3256 1960 interveniente
3279 1905 3527 1973 qumsivit

1932 1995 2164 2049 auditor.
2211 1996 2516 2066 Respondi,
2569 1998 2971 2067 postjudicium
3018 1997 3314 2052 sacerdotis
3357 1998 3525 2051 solam

1933 2104 2018 2141 me
2043 2100 2360 2157 exspectare
2384 2090 2671 2145 vindictam
2706 2091 2951 2146 conﬁatzc
2979 2106 3148 2160 nuper
3173 2089 3409 2144 invidim.
3440 2090 3528 2144 Ni-

1937 2178 2228 2235 hilominus
2259 2181 2310 2235 in
2335 2182 2616 2237 arbitrium
2642 2190 2790 2236 tuum
2815 2181 3098 2236 statuenda
3127 2183 3308 2250 rejeci.
3334 2181 3528 2247 Qumso

1932 2269 2114 2338 igitur,
2144 2281 2200 2324 ut
2230 2271 2372 2326 inter
2397 2272 2653 2326 feriarum
2683 2287 2862 2327 moras
2883 2314 2898 2338 ,
2938 2272 3063 2341 quid
3095 2273 3232 2327 facto
3258 2287 3394 2342 opus
3419 2274 3524 2340 sit,

1932 2363 2171 2433 digneris
2202 2366 2442 2435 aperire;
2476 2367 2745 2436 simulque
2782 2367 2986 2436 cogites
3024 2375 3210 2422 contra
3255 2366 3527 2420 interven-

1935 2464 2044 2508 tum
2095 2463 2176 2510 tot
2216 2457 2546 2524 antistitum,
2595 2458 2720 2527 quid
2771 2459 2942 2526 possit
2981 2459 3180 2527 magis,
3211 2471 3369 2527 quam
3398 2457 3526 2527 quid

1931 2547 2126 2603 debeat
2153 2549 2452 2618 impetrari.
2485 2550 2670 2621 Neque
2692 2551 2836 2606 enim
2861 2550 3087 2620 justitiae
3113 2559 3167 2604 et
3196 2550 3520 2604 innocentiae

1863 2671 1876 2688 ι
1932 2637 2127 2692 deferri
2160 2638 2446 2707 plurimum
2486 2648 2697 2710 potest,
2731 2655 2855 2697 cum
2901 2640 3007 2696 illis
3043 2645 3343 2696 reverentia
3388 2639 3525 2695 reli-

1928 2728 2105 2798 gionis
2124 2730 2433 2800 opponitur.
2460 2730 2668 2786 Valete.

2499 2821 2720 2877 EPIST.
2763 2821 2936 2876 XXX.

2303 2925 2617 2967 SYHKACHUS
2656 2926 2812 2967 NICOM
2820 2927 2940 2966 ACEI
2977 2925 3156 2966 FILIIS.

2001 3004 2290 3074 Postquam
2327 3003 2627 3059 dimisimus
2675 3019 2932 3075 puerum,
2983 3003 3185 3058 multus
3227 3016 3414 3058 rumor
3441 3000 3525 3056 In-

1931 3096 2162 3163 crebuit,
2190 3097 2528 3152 sanctitatem
2558 3105 2702 3150 tuam
2736 3096 2907 3152 sacris
2938 3095 3128 3152 litteris
3153 3093 3481 3152 evocandam
3506 3110 3521 3148 :

1853 3156 1903 3220 ο
1935 3189 2004 3241 ita
2035 3193 2094 3241 ut
2122 3156 2284 3243 etiam
2316 3201 2513 3242 nomen
2554 3186 2791 3242 Gratiani
2836 3188 3110 3258 cujusdam
3131 3225 3146 3252 ,
3197 3187 3286 3257 qui
3332 3186 3522 3258 hujus-

1933 3276 2075 3332 modi
2101 3277 2297 3346 scripta
2331 3277 2633 3346 perlaturus
2659 3279 2943 3346 asseritur,
2976 3281 3030 3332 in
3061 3279 3271 3348 publico
3291 3293 3386 3335 ore
3406 3293 3523 3333 ver-

1929 3379 2100 3426 setur.
2129 3371 2242 3426 Hoc
2269 3373 2370 3427 etsi
2408 3371 2586 3426 adhuc
2617 3373 2745 3426 mihi
2782 3373 3048 3428 incertum
3079 3372 3310 3437 videtur,
3341 3382 3522 3427 tacen-

1929 3463 2057 3517 dum
2097 3470 2278 3520 tamen
2337 3479 2444 3518 non
2502 3463 2730 3520 credidi.
2784 3463 2900 3518 Erit
2952 3478 3178 3519 summa:
3225 3461 3520 3517 divinitatis

1929 3563 2165 3610 statuere
2194 3555 2339 3610 circa
2357 3568 2479 3622 vos,
2497 3554 2820 3611 confirmare
2836 3553 3082 3610 ordinem
3113 3568 3516 3624 prosperorum.

1931 3644 2134 3700 Valete.

2497 3736 2716 3794 EPIST.
2757 3736 2948 3793 XXXI.

2293 3844 2604 3884 SYDIMACIIUS
2640 3844 2926 3886 NICOMACIII
2966 3843 3140 3885 PILIIS.

2001 3917 2098 3972 Vir
2143 3918 2470 3975 clarissimus
2519 3919 2856 3989 Principius,
2906 3935 3105 3989 genere
3150 3927 3206 3976 et
3253 3918 3519 3989 probitate

1929 4011 2279 4081 conspicuus,
2310 4013 2828 4068 commendationem
2859 4028 2965 4067 non
2994 4013 3220 4082 requirit
3247 4011 3476 4068 alienam
3499 4055 3513 4079 ,

1929 4116 2051 4156 cum
2076 4105 2150 4157 tui
2180 4119 2392 4174 quoque
2423 4105 2475 4159 in
2505 4119 2565 4160 se
2591 4106 2790 4159 amoris
2809 4112 2971 4174 atque
2997 4104 3183 4175 iudicii
3214 4106 3519 4162 testimonio

1930 4191 2208 4261 glorietur.
2241 4193 2404 4261 Cujus
2444 4194 2581 4249 bona
2627 4195 2783 4250 latius
2824 4196 3182 4264 explicarem,
3230 4195 3333 4250 nisi
3375 4202 3520 4250 esset

1929 4298 2106 4352 opera
2131 4284 2482 4343 redundantis
2510 4287 2718 4342 cunctis
2742 4297 2865 4342 nota
2896 4288 3177 4356 replicare.
3212 4287 3324 4341 lloc
3351 4302 3516 4342 unum

1930 4374 2192 4444 adjecisse
2230 4374 2493 4441 sufﬁciet,
2545 4376 2802 4446 quidquid
2847 4377 2922 4430 illi
2972 4376 3393 4432 honoriﬁcentia
3423 4374 3518 4430 tri-

1930 4466 2131 4532 bueris,
2157 4467 2224 4523 ad
2249 4482 2440 4524 omnes
2464 4467 2657 4536 bonos,
2681 4469 2770 4538 qui
2792 4484 2914 4525 eum
2939 4469 3186 4540 diligunt,
3216 4469 3514 4540 pervenire.

1933 4554 2135 4613 Valete.

2488 4649 2705 4706 EPIST.
2749 4649 2966 4706 XXXII.

2297 4753 2628 4796 εῑωιλοιιυε·
2649 4757 2933 4798 ΝΙΕΟΜΔΟΙΙΙ
2973 4757 3146 4798 ςιιιιε.

2001 4830 2054 4884 In
2097 4830 2404 4886 suburbano
2449 4832 2587 4903 dego
2631 4847 2867 4889 secessu.
2916 4833 3048 4888 Nam
3098 4841 3154 4889 et
3192 4833 3515 4889 urbanarum

1929 4921 2086 4978 taedet
2115 4923 2478 4979 molestiarum
2502 4965 2517 4990 ,
2549 4933 2606 4980 et
2637 4926 2782 4980 villa:
2823 4935 3082 4980 autumno
3109 4926 3408 4980 commoda:
3434 4926 3517 4994 ju-

1930 5015 2101 5069 cunda
2133 5015 2524 5070 instauratione
2550 5017 2807 5074 delecmr.
2847 5017 3114 5074 Praeterea
3159 5017 3515 5089 frequentiam

1930 5105 2090 5172 mihi,
2125 5122 2244 5175 qua:
2269 5108 2380 5162 sola
2416 5107 2598 5162 Romae
2628 5109 2956 5164 honorabilis
2984 5109 3273 5180 indicatur,
3314 5109 3518 5164 amico-

1928 5213 2047 5252 rum
2086 5207 2304 5267 prastat
2342 5199 2620 5253 adventus.
2656 5199 2760 5255 Sed
2805 5215 2911 5253 non
2952 5199 3292 5256 mediocriter
3337 5199 3512 5264 nepti-

1927 5289 2063 5345 culaa
2092 5304 2227 5344 mete
2261 5288 2430 5358 Gallae
2475 5290 2756 5346 inﬁrmitas
2786 5291 3071 5346 conturbat
3099 5291 3191 5346 otii
3231 5301 3396 5345 nostri
3428 5305 3512 5344 se-

1928 5380 2240 5441 curitatem;
2283 5377 2350 5433 de
2396 5393 2496 5448 qua
2551 5388 2610 5433 ut
2655 5387 2861 5434 mature
2911 5381 3088 5435 votiva
3134 5389 3189 5436 et
3231 5378 3510 5436 commoda

1927 5469 2213 5535 nuntietis,
2255 5470 2532 5539 opitulatio
2572 5469 2750 5525 divina
2800 5472 3096 5540 praestabit.
3136 5472 3255 5526 Tibi
3299 5476 3512 5535 autem,

1924 5563 2139 5618 domina
2183 5563 2321 5626 ﬁlia,
2365 5571 2621 5634 quantum
2669 5564 2723 5619 in
2765 5565 2879 5620 dies
2922 5566 3162 5635 singulos
3203 5562 3513 5620 refectionis

1925 5656 2177 5720 accedat,
2219 5672 2401 5726 qumso
2429 5673 2574 5714 cura:
2610 5657 2809 5713 habeas
2855 5655 3260 5711 indicare.-Erit
3289 5655 3391 5710 hoc
3435 5665 3514 5711 te-

1926 5749 2234 5806 stimonium
2266 5748 2506 5817 religiosi
2542 5751 2593 5808 in
2622 5765 2708 5808 me
2733 5747 2897 5806 animi
2936 5748 3036 5804 tui'
3071 5747 3117 5806 si
3148 5757 3203 5805 et
3228 5749 3510 5807 consulue.
