4074 6176
562 310 668 363 273

1691 311 1754 376 ρ.
1801 306 2146 364 sunmus
2183 306 2623 367 svnnacuns.
3731 320 3825 375 ‘276

562 421 635 474 ris
658 420 891 488 sanitati,
917 427 973 477 et
1001 420 1052 475 in
1080 420 1318 476 notitiam
1348 434 1518 474 meam
1547 420 1804 489 placitura
1831 416 2131 488 pertuleris.
2166 417 2215 476 Α
2243 416 2407 471 divini
2456 419 2711 489 principis
2748 420 2981 490 alloquia
3019 420 3242 478 deferri.
3295 422 3353 477 In
3396 423 3612 492 negotio
3653 437 3822 483 autem

559 509 763 566 Valete.

1097 600 1310 657 EPIST.
1353 600 1591 656 XXXIII.

920 708 1012 746 SVII
1022 709 1223 749 IACIIIJS
1260 708 1545 749 NICOIACIII
1584 709 1758 749 πιιηε.

622 780 675 833 Si
703 796 806 849 qua
851 782 1026 836 adhuc
1068 782 1135 836 de
1178 783 1357 837 Sicilia
1402 798 1715 851 speramus,
1751 786 1953 839 incerta
1984 795 2130 840 sunt.

552 873 679 925 Nam
711 889 832 926 cum
862 875 1051 928 littera;
1094 876 1306 928 Eusebii
1351 877 1742 941 unntiaverint,
1774 876 1973 931 dudmn
2004 878 2130 931 circi

548 978 596 1020 et
629 981 806 1021 scena:
836 967 1067 1021 artifices
1099 969 1412 1038 navigasse,
1442 976 1602 1024 etiam
1635 985 1775 1024 nunc
1803 971 1870 1025 de
1899 972 2129 1026 adventu

545 1074 730 1113 eorum
762 1075 948 1115 rumor
975 1061 1027 1115 in
1056 1074 1246 1129 operto
1274 1071 1356 1116 est
1388 1079 1401 1114 :
1433 1074 1593 1131 atque
1620 1062 1741 1117 ideo
1772 1064 2127 1132 apparitorem

544 1151 735 1219 placuit
767 1152 1055 1221 pOstulari,
1088 1152 1175 1222 qui
1204 1154 1495 1221 peragratis
1523 1154 1718 1223 ubique
1745 1155 2010 1210 littoribus
2035 1171 2128 1210 ex-

544 1240 743 1306 plorata
774 1241 827 1295 in
857 1256 1016 1296 aures
1047 1254 1257 1296 IIOSlraS
1287 1252 1543 1309 reportet.
1576 1244 1761 1299 Crevit
1786 1256 1964 1300 autem
1997 1262 2124 1301 cura

542 1331 818 1393 ludorum,
855 1340 1132 1400 postquam
1174 1333 1540 1400 frequentibus
1579 1335 1771 1388 studiis
1807 1336 2121 1390 relationem

537 1421 606 1477 de
634 1422 1032 1491 amphitheatro
1064 1424 1421 1488 promerendo
1443 1426 1669 1495 populus
1694 1428 2001 1495 postulavit,
2031 1432 2119 1498 qui

536 1526 657 1565 mox
697 1510 895 1580 judicis
926 1511 1227 1580 impetravit
1254 1530 1555 1568 assensum.
1589 1515 1680 1569 Dei
1714 1524 1872 1571 nutus
1902 1517 2116 1587 efﬁciet,

2249 519 2368 574 tuo,
2398 525 2519 579 quae
2555 526 2651 580 per
2688 526 2773 567 me
2814 513 2897 582 agi
2928 514 3172 568 volueras
3198 514 3338 582 apud
3368 522 3614 569 sanctum
3660 518 3818 570 tribu-

2244 617 2405 663 num,
2441 617 2548 656 non
2591 603 2787 660 invitus
2815 605 3107 675 ingredior.
3142 606 3347 660 Interea
3386 606 3453 662 ad
3485 607 3816 667 Formianum

2242 693 2390 746 littus
2418 693 2522 747 iter
2551 709 2835 762 promove,
2868 704 2922 752 et
2943 710 3064 752 eum
3093 696 3159 751 ad
3189 704 3242 750 te
3267 696 3461 752 delata:
3489 697 3682 754 litterae
3709 699 3816 755 fne-

2239 784 2367 849 rint,
2402 784 2627 839 Romam
2652 785 2810 840 citius
2837 801 3116 842 excurras.
3146 785 3300 843 Vale.

2762 876 2980 952 Epist.
3019 877 3284 932 xxxvu.

2602 983 2915 1026 SYIIACIIUS
2952 986 3236 1027 NICOIACBI
3276 987 3451 1026 FILIIS.

2305 1057 2600 1113 Dietionem
2628 1060 2816 1114 salutis
2843 1060 3108 1123 antefero,
3132 1077 3249 1130 qua:
3271 1072 3326 1116 et
3356 1075 3481 1118 vnto
3505 1077 3628 1119 meo
3655 1077 3812 1135 supra

2228 1151 2407 1202 omnia
2441 1152 2726 1213 convenit,
2767 1159 2823 1205 et
2865 1151 3125 1206 litterario
3169 1152 3395 1208 debetur
3431 1155 3675 1211 exordio.
3717 1157 3813 1212 De-

2228 1239 2353 1298 hine
2380 1244 2671 1314 diligentiae
2703 1255 2841 1311 tuae,
2871 1248 3086 1301 domina
3129 1247 3232 1302 ﬁlia
3252 1290 3268 1313 ,
3312 1251 3609 1308 natalitium
3636 1252 3811 1309 fratris

2227 1335 2301 1389 tui
2331 1338 2650 1392 commendo
2672 1338 2995 1393 convivium.
3027 1339 3195 1394 Ilomo
3229 1342 3372 1396 enim
3400 1353 3586 1399 noster
3617 1344 3811 1416 allegat

2226 1428 2345 1498 fuga
2387 1441 2664 1486 nautarum
2710 1432 2889 1487 littora
2930 1433 3205 1488 destituta.
3236 1433 3366 1502 Qua:
3396 1450 3485 1491 res
3518 1438 3805 1507 compulit,

2223 1530 2278 1575 nt
2294 1519 2560 1577 sanctitati
2587 1534 2691 1578 tute
2717 1523 2857 1578 factu
2879 1524 3083 1579 minora
3106 1527 3460 1582 committam.
3482 1528 3557 1583 De
3581 1530 3806 1597 publicis

535 1613 594 1657 ut
618 1620 779 1672 super
806 1604 907 1656 hoc
932 1604 1093 1658 etiam
1129 1604 1294 1660 divini
1325 1608 1578 1677 principis
1613 1611 1906 1666 concordet
1936 1622 2119 1667 aucto-
2218 1612 2497 1667 scribenda
2522 1628 2629 1668 non
2655 1627 2977 1685 suppetunt;
3007 1617 3211 1687 absque
3236 1632 3324 1683 eo,
3348 1619 3491 1688 quod
3515 1621 3567 1676 in
3591 1621 3803 1691 Trajani

532 1696 680 1747 rltas.
717 1692 913 1750 Valete.

2221 1701 2393 1766 platea
2427 1704 2577 1757 ruina
2625 1705 2785 1760 unius
2827 1705 3013 1760 insula:
3045 1708 3240 1777 pressit
3278 1708 3579 1766 habitantes
3611 1728 3630 1767 :
3661 1713 3802 1782 quod

2143 1778 2191 1837 Β
2219 1792 2355 1847 adeo
2393 1795 2457 1849 ad
2492 1796 2755 1850 fortunam
2794 1796 3025 1853 vehiculi
3057 1799 3254 1867 publici
3298 1800 3503 1869 plebeia
3533 1778 3695 1859 vertit
3722 1804 3803 1859 inc

2216 1887 2371 1953 vitlia,
2408 1888 2595 1959 ntjam
2632 1891 2841 1960 privato
2866 1901 3078 1947 rectore
3103 1903 3302 1949 utatur.
3335 1893 3492 1950 Vale.

2731 1979 2945 2037 EPIST.
2987 1980 3276 2037 XXXVIII.

2580 2085 2893 2127 εῒιωλειωδ
2929 2087 3214 2128 κιοοιιλοιη
3252 2088 3425 2129 εἰιηε.

2284 2159 2503 2216 Amicus
2532 2173 2719 2217 noster
2746 2165 2977 2218 Severus
3002 2164 3247 2219 molestia
3274 2165 3484 2234 publica
3505 2163 3760 2222 liberatus
3778 2208 3794 2231 ,

2209 2251 2264 2305 in
2303 2252 2488 2320 patriae
2532 2253 2698 2307 utinm
2732 2254 2989 2318 revertit,
3031 2268 3191 2320 quem
3237 2269 3360 2309 mox
3406 2254 3548 2324 apud
3578 2254 3795 2311 fratrem

2208 2349 2441 2397 vestrum
2482 2343 2742 2398 vicarium
2773 2345 3122 2411 spectabilem
3162 2344 3370 2409 virum,
3400 2354 3458 2400 et
3493 2347 3796 2401 sanctitatis

2207 2441 2310 2487 ture
2336 2436 2548 2503 pagina,
2576 2442 2632 2488 et
2650 2436 2848 2488 veteris
2872 2436 3013 2488 inter
3034 2447 3129 2489 eos
3149 2434 3398 2490 amicitia
3410 2435 3547 2504 juvit
3567 2435 3794 2506 agnitio.

2206 2524 2321 2579 Mea
2350 2526 2489 2579 circa
2520 2527 2802 2595 praetorios
2829 2535 3118 2596 apparatus
3145 2542 3274 2582 cura
3300 2528 3609 2584 crebrescit.
3635 2529 3793 2597 Quod

2203 2631 2269 2672 eo
2299 2617 2478 2672 scribo
2496 2657 2512 2683 ,
2544 2629 2601 2672 ut
2631 2619 2895 2689 intelligat
2920 2620 3246 2675 unanimitas
3274 2625 3449 2674 Vestra
3477 2622 3791 2677 adminiculi

2202 2708 2285 2761 sui
2314 2708 2624 2764 societatem
2659 2708 2977 2764 desiderari.
3019 2709 3129 2765 Nec
3158 2725 3280 2765 sum
3307 2710 3624 2779 imperiosus
3660 2726 3794 2767 exa-

2202 2808 2340 2862 ctor,
2372 2809 2430 2853 ut
2468 2800 2558 2869 qui
2598 2802 2794 2865 sciam,
2829 2802 3176 2857 necessitates
3206 2817 3353 2857 meas
3391 2814 3511 2871 post
3549 2812 3792 2860 vestrum

2201 2888 2539 2943 commodum
2570 2889 2929 2945 collocandas.
2963 2889 3101 2957 Sed,
3132 2891 3177 2945 si
3208 2890 3343 2945 bene
3372 2892 3602 2956 :cstimo,
3628 2892 3796 2946 satis-

2202 2978 2395 3033 facient
2427 2978 2579 3033 vobis
2606 2978 2672 3033 ad
2704 2979 3048 3036 refectionem
3086 2980 3367 3050 praesentis
3402 2980 3601 3036 mensis
3631 2981 3793 3036 indu-

2199 3070 2317 3124 ciae.
2335 3069 2525 3125 Paucis
2549 3069 2785 3125 habitum
2811 3070 3042 3139 propriae
3063 3070 3355 3126 voluntatis
3374 3072 3592 3140 exposui
3617 3088 3632 3129 :
3656 3073 3787 3142 quid

2118 3137 2166 3199 (ἶ
2202 3158 2343 3213 facto
2374 3175 2510 3229 opus
2546 3160 2645 3225 sit,
2689 3137 2868 3214 vestro
2895 3137 3137 3231 relinquo
3157 3160 3361 3232 judicio
3391 3179 3403 3214 :
3438 3137 3497 3216 ut
3532 3164 3601 3216 sit
3629 3137 3789 3215 vobis

2199 3251 2552 3316 laudabilius,
2599 3252 2733 3306 mihi
2765 3252 3000 3322 gratius,
3031 3253 3173 3323 quod
3200 3256 3527 3322 spontaneos
3560 3252 3792 3309 affectus

2196 3344 2441 3414 elegerit.
2478 3343 2685 3399 Valete.

2740 3432 2959 3488 EPIST.
3002 3431 3247 3489 XXXIX.

2565 3540 2872 3581 ενδιιιλςιιυε
2910 3540 3196 3581 NICOMACIII
3235 3540 3407 3580 FILIIS.

2267 3617 2433 3672 Miror
2463 3633 2689 3686 pueros,
2718 3632 2854 3688 quos
2879 3616 3110 3672 diversis
3132 3616 3323 3672 diebus
3348 3616 3415 3670 ad
3442 3616 3790 3672 sanctitatem

2196 3717 2425 3762 vestram
2458 3709 2732 3774 misimus,
2765 3707 3057 3775 retardari;
3091 3722 3190 3763 nec
3230 3718 3408 3762 tamen
3445 3721 3599 3761 usum
3642 3710 3789 3763 scri-

2194 3799 2390 3870 ptionis
2420 3801 2741 3865 omittimus,
2773 3800 2914 3856 scire
2934 3804 3212 3871 cupientes
3231 3841 3245 3864 ,
3273 3808 3530 3869 quantum
3560 3800 3794 3855 refectio

2195 3892 2498 3962 profecerit.
2545 3891 2919 3947 Incunctanter
2957 3892 3121 3962 igitur
3151 3889 3539 3962 exspectationi
3582 3902 3793 3947 nostra:

2193 3981 2490 4037 satisfaciat
2519 3997 2769 4037 recursus
2798 3981 3041 4051 alloquii.
3068 3980 3274 4036 Valete.

2794 4073 3011 4131 EPIST.
3051 4074 3166 4129 XL.

2560 4179 2873 4221 SYIMACIIUS
2913 4180 3193 4220 μιοοιηεω
3231 4180 3405 4219 Πιιις.

2265 4257 2441 4313 Prima
2482 4256 2610 4311 mihi
2641 4258 2888 4327 voluptas
2916 4265 2995 4312 est
3039 4255 3329 4323 sciscitari,
3375 4270 3533 4326 quem
3575 4262 3792 4310 statum

2191 4352 2436 4407 sanitatis
2485 4350 2725 4405 habeatis
2767 4368 2780 4403 :
2827 4349 2878 4405 in
2921 4350 3173 4405 secundis
3212 4349 3417 4418 reliqua
3465 4350 3749 4406 collocabo
3774 4392 3794 4416 ,

2191 4463 2313 4519 qua:
2355 4448 2554 4503 dudum
2604 4444 2922 4515 requirenda
2972 4445 3222 4500 duxiStis.
3272 4444 3538 4500 Gravibus
3587 4445 3798 4500 civitas

2110 4510 2163 4571 Β
2190 4539 2513 4596 Sollicitatur
2536 4536 2764 4591 ostentis
2787 4579 2803 4604 ,
2831 4550 3057 4606 quorum
3086 4536 3288 4591 leviora
3331 4547 3606 4602 praetereo.
3643 4535 3795 4591 Illud

2191 4642 2315 4687 ante
2343 4630 2522 4685 omnia
2554 4628 2929 4698 interpretatio
2962 4627 3129 4683 tristis
3170 4629 3464 4693 horrescit,
3506 4627 3647 4698 quod
3678 4643 3797 4681 na-

2191 4723 2280 4777 tali
2316 4721 2476 4778 Urbis
2506 4720 2783 4775 suil‘ectum
2809 4719 3082 4775 consulem
3111 4734 3301 4774 currus
3328 4735 3435 4789 quo
3464 4718 3797 4784 vehebatur,

2187 4812 2392 4867 evolvit
2422 4827 2515 4881 per
2541 4812 2794 4866 ferociam
2825 4810 3087 4880 bigarum,
3118 4826 3237 4879 qua:
3262 4810 3591 4877 triumphum
3615 4811 3799 4866 velte-

2189 4905 2338 4961 bant.
2376 4904 2557 4975 Itaque
2588 4908 2817 4975 palmata
2861 4907 3121 4971 amictus,
3154 4914 3211 4958 et
3242 4904 3509 4958 consulari
3554 4902 3801 4973 in~ignis

2183 5010 2396 5059 ornatu,
2426 4997 2593 5051 fracto
2613 5012 2769 5051 crure
2788 4996 3029 5051 sublatus
3050 5008 3153 5049 est.
3172 4994 3405 5050 UfI‘endit
3430 5010 3517 5051 me
3540 4994 3801 5053 infausta

2181 5093 2439 5155 narratio,
2472 5098 2635 5158 atque
2666 5086 2787 5142 ideo
2813 5087 2865 5141 in
2893 5085 2993 5142 hac
3019 5087 3366 5155 espositione
3389 5086 3617 5140 servabo
3643 5085 3797 5141 bre-

2182 5183 2426 5238 vitatem.
2461 5182 2580 5236 Tibi
2604 5181 2657 5236 in
2685 5179 2801 5235 dies
2825 5182 3086 5249 singulos,
3114 5180 3281 5233 decus
3310 5189 3554 5233 nostrum
3573 5217 3590 5242 ,
3620 5177 3799 5233 domi

2185 5275 2422 5344 forisque
2462 5273 2603 5328 fama
2632 5272 2910 5328 ﬂorentior
2936 5279 3043 5327 est.
3091 5272 3155 5327 Et
3182 5272 3524 5338 prmsetttium
3553 5270 3803 5340 quidem

2183 5383 2361 5423 rerum
2393 5381 2493 5421 nos
2532 5373 2699 5423 testes
2723 5378 2929 5419 sumus.
2963 5363 3196 5418 Externa
3220 5362 3419 5430 judicia
3453 5360 3806 5417 Caecilianam

2180 5459 2407 5515 asseruit
2425 5499 2439 5521 ,
2467 5472 2498 5512 a
2524 5471 2631 5526 quo
2661 5456 2935 5525 sigillatim
2960 5456 3128 5510 relata
3151 5469 3470 5511 enumerare
3501 5453 3807 5512 fastidium

2182 5561 2297 5617 est,
2336 5564 2460 5605 eum
2505 5550 2561 5603 in
2603 5564 2811 5603 sunnna
2840 5549 3026 5620 gloria:
3056 5558 3163 5603 tua:
3200 5556 3393 5604 cuncta
3424 5546 3808 5607 conveniant.

2183 5642 2462 5698 Dominam
2492 5640 2654 5696 ﬁliam
2681 5657 2853 5696 meant
2876 5641 3159 5696 salutatam
3183 5656 3306 5694 cunt
3331 5638 3659 5694 dulcissimis
3690 5656 3813 5698 ne-

2182 5735 2396 5805 potibus
2420 5735 2564 5807 volo,
2592 5749 2712 5807 qua:
2736 5742 2788 5790 te
2817 5732 3168 5789 contexendis
3193 5730 3244 5786 in
3274 5737 3585 5801 apparatum
3617 5728 3812 5787 ludo-

1065 1788 1282 1844 EI’IST.
1327 1788 1565 1845 XXXIV.

891 1893 1201 1934 SYMMACIIUi
1240 1896 1523 1953 NICOIACIII
1565 1898 1738 1936 FILIIS.

597 1965 786 2021 Frater
819 1979 996 2023 vester
1038 1969 1127 2024 diu
1159 1973 1322 2025 animi
1362 1973 1587 2028 aﬂ‘ectns
1624 1976 1810 2029 dolore
1845 1974 1915 2030 ob
1949 1977 2111 2032 amis-

524 2075 643 2113 sum
687 2062 1031 2132 magistrum,
1063 2064 1229 2130 cmpit
1267 2080 1451 2119 aurem
1497 2067 1738 2135 prtebcre
1778 2068 2105 2137 solantibus,

524 2154 674 2222 cujus
696 2158 1009 2210 maestituth
1034 2171 1117 2211 me
1139 2172 1352 2227 quoque
1381 2160 1614 2226 graviter
1638 2162 1897 2218 sauciavit
1916 2205 1932 2230 ,
1967 2179 2106 2232 prre-

524 2256 607 2300 ter
631 2247 1007 2316 cogitationem
1031 2290 1044 2311 ,
1093 2265 1211 2319 qua:
1255 2265 1355 2305 nos
1390 2250 1459 2306 de
1496 2252 1743 2322 eligendo
1779 2267 2107 2325 praeceptore

521 2338 786 2393 sollicitat.
819 2339 874 2394 Sl
907 2341 1068 2407 igitur
1102 2342 1279 2410 placet
1319 2344 1694 2399 communibus
1724 2345 1915 2401 litteris
1949 2350 2017 2403 ab
2045 2348 2106 2401 il-

522 2428 673 2483 lustri
698 2430 814 2484 viro
839 2431 1078 2485 Adriano
1105 2431 1314 2487 Gallum
1342 2433 1613 2489 rhetorem
1632 2480 1644 2502 ,
1677 2451 1834 2505 quem
1866 2438 2104 2504 proxime

519 2520 781 2575 Eusebius
811 2538 919 2575 non
958 2523 1284 2591 ingesserat,
1319 2525 1678 2593 postulemus,
1720 2542 1789 2582 ne
1824 2528 2100 2598 pignorum

518 2622 823 2667 nostrorum
863 2613 1068 2669 indoles
1099 2614 1153 2668 in
1192 2617 1434 2678 profectu
1472 2618 1642 2682 posita
1679 2620 1977 2675 deseratur.
2018 2623 2101 2677 Me
2125 2644 2144 2667 ο

516 2702 710 2758 futura:
744 2702 1030 2769 editionis,
1078 2716 1131 2759 et
1169 2705 1338 2769 labor,
1387 2715 1443 2761 et
1479 2716 1726 2778 sumptus
1761 2720 2000 2766 exercet.
2042 2710 2097 2766 In

515 2795 861 2864 disponendis
876 2796 1017 2851 enim
1039 2797 1294 2866 praemiis,
1307 2812 1610 2869 quanquam
1630 2816 1855 2855 numero
1871 2801 2096 2857 vestium

513 2887 643 2942 satis
664 2887 903 2953 afﬁuam,
927 2889 1180 2944 nonnulla
1205 2889 1379 2946 adhuc
1405 2890 1593 2948 deesse
1610 2896 1887 2963 apparatui
1909 2894 2098 2965 depre-

514 2980 707 3037 hendo.
741 2981 943 3038 Valete.

1066 3074 1276 3132 EPIST.
1318 3076 1537 3132 XXXV.

886 3179 1194 3221 εῖκιιιιοιιυε
1231 3182 1515 3223 NICOIIACBI
1554 3185 1724 3224 FILIIS.

579 3252 826 3322 Quandiu
860 3255 1059 3324 jactata
1090 3258 1391 3312 rumoribus
1422 3267 1624 3315 temere
1656 3259 1976 3315 differuntur
2001 3258 2090 3315 cn-

509 3361 690 3400 rarum
722 3360 919 3400 vacuus
944 3348 1135 3403 otiare.
1168 3347 1224 3403 Si
1256 3348 1380 3418 quid
1421 3349 1604 3404 auditu
1632 3351 1853 3421 dignum
1884 3351 2092 3423 fideque

508 3437 796 3493 subnixum
844 3440 1113 3494 recentior
1142 3454 1320 3495 sermo
1362 3444 1694 3511 pervexerit,
1740 3459 1913 3515 neque
1957 3462 2093 3500 nun-

508 3530 706 3593 tiandi,
755 3524 930 3599 neque
973 3530 1232 3586 suadendi
1281 3532 1519 3599 partibus
1563 3534 1864 3589 abstinebo.
1918 3535 2091 3591 Unum

508 3623 612 3678 hoc
632 3633 756 3677 ante
779 3623 856 3677 rei
880 3625 1252 3679 necessitatem
1274 3625 1341 3678 de
1364 3640 1483 3677 meo
1504 3640 1656 3680 sume
1677 3628 1921 3690 consilio,
1948 3627 2090 3681 nulla

506 3715 715 3769 ratione
755 3722 808 3769 te
839 3729 995 3784 posse
1024 3715 1354 3769 evocationis
1397 3716 1747 3771 honoriﬁcent
1774 3734 1858 3771 am
1900 3718 1982 3780 de;
2007 3735 2091 3772 re-

503 3808 631 3860 eari.
678 3806 752 3862 De
783 3805 945 3861 fratre
976 3815 1153 3862 autem
1181 3815 1360 3862 vestro
1389 3819 1582 3877 praeter
1611 3808 1918 3864 mandatum
1960 3810 2089 3864 nihil

503 3898 664 3953 etiam
693 3913 833 3954 nunc
861 3901 1130 3968 Opinionis
1155 3901 1479 3970 accepimus.
1516 3900 1618 3970 Ipsi
1657 3900 1771 3956 haec
1796 3901 1864 3958 de
1889 3904 2088 3970 nuptiis

505 3990 865 4058 Ostiensibus,
896 3992 961 4045 ad
994 4006 1148 4060 quas,
1183 4007 1280 4047 nos
1306 3994 1405 4046 viri
1441 3993 1663 4047 illustris
1689 3993 1925 4048 Sallustii
1948 3994 2090 4048 illius

502 4081 683 4151 iunior
715 4084 987 4148 evocavit,
1028 4084 1354 4138 contulimus
1397 4086 1448 4138 in
1481 4085 1748 4155 paginam.
1781 4084 1886 4141 Sed
1918 4088 2090 4141 conti-

501 4186 608 4227 nuo
626 4172 696 4228 ob
718 4173 969 4228 ludorum
999 4178 1440 4244 praeparationem
1467 4178 1633 4231 ltoina
1668 4178 1955 4246 repetenda
1982 4187 2084 4232 est.

501 4264 598 4319 Diu
627 4266 772 4321 enim
804 4265 937 4321 mihi
963 4267 1061 4322 ista
1089 4268 1328 4324 curanda
1358 4277 1484 4323 sunt
1514 4287 1526 4322 :
1558 4285 1677 4340 qua:
1706 4270 1888 4338 facile,
1921 4273 1964 4325 si
1994 4271 2089 4325 atl-

499 4367 641 4411 esset
682 4359 939 4414 sanctitas
971 4370 1185 4429 vestra,
1231 4362 1533 4417 communis
1581 4363 1852 4433 diligentia
1903 4373 2088 4434 posset

498 4448 802 4505 absolvere.
834 4448 1043 4505 Va‘ete.

1038 4543 1251 4598 EPIST.
1296 4544 1535 4599 XXXVI.

870 4647 1181 4688 SYHUMLIIUS
1219 4649 1500 4689 NICDMACIII
1543 4652 1716 4689 FILIIS.

566 4723 698 4774 (ium
729 4722 798 4775 ab
826 4731 1018 4790 agente
1046 4724 1097 4776 in
1127 4725 1290 4778 rebus
1315 4740 1483 4778 sacrae
1517 4727 1707 4780 litterre
1735 4727 1866 4781 mihi
1892 4728 2084 4784 redde-

499 4824 705 4882 rentur,
738 4814 931 4885 quibns
960 4815 1025 4869 ad
1051 4815 1282 4871 officium
1315 4818 1553 4884 prascelsi
1577 4818 1676 4872 viri
1703 4820 1937 4875 consulis
1957 4836 2080 4876 evo-

496 4923 713 4976 cantur;
756 4907 861 4962 vidi
906 4908 1038 4963 alias
1087 4923 1239 4979 atque
1280 4909 1347 4963 ad
1393 4918 1541 4963 tuum
1585 4925 1782 4965 nomen
1826 4912 2079 4978 emis~as,

495 4999 689 5070 quibus
720 5009 771 5055 te
807 4999 1206 5055 honoriﬁcentia
1248 5000 1542 5071 imperialis
1579 5002 1788 5055 accivit.
1828 5001 2080 5057 Consulis

494 5107 707 5162 quoque
736 5094 929 5162 scripti
972 5093 1112 5148 idem
1156 5108 1320 5163 agens
1366 5092 1630 5148 exhibuit.
1662 5094 1876 5148 Suadeo
1919 5094 2081 5163 igitur

497 5196 706 5241 mature
748 5188 848 5241 iter
890 5186 1158 5253 instruas,
1189 5187 1276 5242 cui
1317 5200 1423 5241 non
1449 5186 1745 5242 coltmrebit
1789 5186 2074 5256 Hispanus.

496 5277 653 5333 Aliud
679 5291 893 5348 quoque
920 5280 1176 5339 accessit,
1215 5278 1356 5347 quod
1389 5285 1440 5333 te
1480 5279 1648 5347 possit
1693 5277 1913 5334 hortari.
1945 5278 2075 5333 Nam

492 5372 574 5426 vir
597 5371 818 5426 illustris
841 5372 1004 5426 frater
1028 5386 1179 5425 meus
1205 5370 1507 5436 Neoterius,
1537 5371 1739 5425 domini
1768 5371 1945 5425 fratris
1973 5371 2075 5424 ηιρί

493 5462 805 5524 admirator.
834 5462 902 5516 ad
930 5460 1174 5516 eamdem
1203 5476 1421 5516 causam
1463 5471 1679 5531 regatus
1700 5506 1714 5528 ,
1764 5462 1956 5517 solatia
1987 5461 2079 5516 tibi

494 5564 551 5609 ct
589 5555 899 5624 adiumenta
941 5553 1233 5624 prrestabit.
1274 5552 1410 5607 Nolo
1452 5553 1613 5623 igitur
1649 5551 1925 5624 ambigas,
1956 5567 2077 5606 cum

493 5649 633 5701 scias
661 5632 977 5704 auctoritate
1009 5645 1248 5717 pratcelsi
1274 5645 1371 5700 viri
1403 5645 1603 5700 electas
1632 5645 1928 5701 amicorum
1960 5659 2080 5699 esse

496 5752 787 5807 personas.
821 5741 1021 5806 tibique
1050 5740 1166 5797 ha:c
1205 5738 1414 5810 prima,
1448 5747 1570 5809 post
1609 5736 1771 5793 dubia
1816 5736 2075 5805 fortuna},
