4074 6176
295 280 384 332 277
1475 261 1952 320 EPISTULARUM
1995 259 2197 314 LIBER
2240 259 2326 315 VI.

3429 265 3531 322 278

296 406 400 444 runt
440 385 670 442 vestibus
714 385 963 454 religiose
1000 398 1031 437 a
1079 383 1235 438 nobis
1279 382 1447 436 voluit
1493 377 1846 436 commoneri.
1875 379 1927 436 Α
1955 374 2120 430 animi
2150 374 2254 430 mei
2286 383 2538 445 tanquam
2565 374 2936 444 intempestiva
2969 383 3255 445 praetereo,
3281 385 3336 430 et
3357 385 3531 431 tamen

295 483 422 537 Sciet
447 480 596 548 igitur
623 493 686 532 ex
709 477 966 542 subditis,
996 475 1122 546 quid
1162 475 1216 530 in
1246 475 1674 544 supplementum
1703 486 1844 542 prte-

295 574 428 627 toria:
448 569 701 640 largitatis
723 576 970 638 oporteat
996 566 1304 636 pra-parari.
1345 565 1546 621 Valete.

863 657 1082 714 EPIST.
1122 656 1259 710 XLI.

635 766 945 806 svuuacnus
981 748 1263 804 tvtcorucn't
1299 761 1472 801 rimis.

351 843 478 898 Male
503 851 582 898 est
608 843 820 910 animo,
865 851 1142 910 postquam
1187 839 1348 892 filiam
1389 850 1562 890 meam
1609 847 1845 902 compert

290 945 526 990 consueto
549 935 737 989 dolore
776 934 992 997 vexari;
1023 944 1076 986 et
1104 937 1202 984 iter
1232 931 1298 982 ad
1334 943 1427 983 vos
1471 927 1724 980 inchoare
1754 939 1843 978 vo-

290 1030 507 1088 luissem,
543 1025 645 1078 nisi
672 1036 726 1078 et
756 1041 840 1078 me
868 1024 1101 1092 gravedo
1129 1019 1353 1087 capitis,
1381 1026 1436 1072 et
1465 1015 1842 1087 Symmachum

287 1131 506 1171 nostrum
539 1115 702 1171 febris
750 1116 961 1182 inopina
994 1114 1250 1168 retineret
1289 1129 1300 1163 :
1341 1109 1493 1178 cujus
1539 1108 1844 1176 corporales

284 1212 510 1278 querelas
538 1221 755 1279 praesrat
785 1210 963 1271 silere,
997 1223 1064 1261 ne
1093 1205 1392 1260 sanctitatis
1425 1211 1616 1256 vestrm
1645 1199 1844 1254 sollici-

284 1303 395 1356 tudo
421 1303 739 1372 geminetur.
775 1301 839 1354 Et
869 1311 1014 1354 ct-rte
1044 1305 1208 1352 lrater
1235 1310 1387 1351 meus
1419 1294 1718 1357 Comazon,
1750 1292 1843 1347 de-

281 1393 464 1447 siderio
493 1403 678 1446 vestro
709 1391 841 1444 urbe
868 1390 1140 1459 digressus
1161 1430 1178 1456 ,
1208 1387 1526 1442 cumulatius
1556 1399 1676 1454 qua:
1699 1391 1841 1437 tace—

280 1499 385 1538 mus
412 1485 680 1554 expedet.
714 1483 988 1538 Postularc
1015 1496 1120 1536 non
1150 1478 1342 1544 debeo,
1376 1478 1515 1548 quod
1546 1484 1735 1544 sponte
1766 1472 1842 1526 fa-

277 1576 446 1642 cietis,
480 1585 537 1630 ut
563 1591 813 1630 curarum
840 1583 1142 1628 nostrarum
1181 1572 1598 1641 magnitudinem
1628 1566 1839 1636 scriptis

279 1669 549 1722 laetioribus
573 1666 960 1738 comprimatis.
988 1664 1190 1717 Valete.

846 1755 1060 1811 EPIST.
1101 1755 1258 1809 XLII.

626 1864 932 1903 SYIIACHUS
971 1862 1250 1902 NICOIIACHI
1293 1860 1465 1898 FILIIS.

337 1941 544 1996 Eusebii
580 1956 752 2010 nuper
772 1942 981 1996 litteras
1011 1939 1244 2006 sumpsi,
1272 1939 1379 2008 qui;
1405 1952 1465 1990 us
1504 1936 1715 2004 aurigas
1746 1950 1840 1987 no-

276 2043 397 2084 stros
431 2041 483 2085 et
510 2031 724 2100 aliquos
767 2031 1012 2085 scenicos
1056 2030 1174 2084 navi
1211 2027 1526 2095 impositos,
1560 2037 1612 2080 et
1649 2040 1841 2080 secun-

275 2123 380 2176 dum
409 2133 736 2191 praeceptum
769 2137 947 2178 meum
993 2121 1186 2176 missos
1223 2120 1289 2174 ad
1319 2119 1666 2186 Campaniam
1699 2133 1833 2170 nunc

277 2213 419 2266 tiavit.
451 2213 654 2268 lubeat
702 2214 859 2282 igitur
904 2214 1161 2266 sanctitas
1187 2221 1362 2265 vestra
1402 2209 1840 2278 diligentissimos

274 2315 578 2358 scrutatores
613 2321 780 2375 usque
822 2304 1216 2360 Salernitanutn
1263 2303 1413 2357 littus
1453 2301 1747 2363 accedere,
1781 2313 1840 2354 ut

273 2409 522 2467 susceptos
555 2397 816 2468 Neapolin
849 2407 1260 2467 prosequantur,
1293 2396 1372 2450 vel
1401 2394 1617 2464 aliquod
1649 2395 1715 2447 de
1744 2395 1838 2446 ad-

273 2501 408 2544 ventu
433 2507 627 2546 eorum
673 2499 982 2546 scrutentur
1027 2490 1300 2545 indicium.
1351 2488 1580 2544 Felicem
1626 2503 1838 2557 quoque

272 2599 590 2641 communem
633 2588 864 2640 amicum
909 2587 1166 2642 monitum
1205 2587 1357 2650 volo,
1405 2588 1450 2640 si
1491 2583 1834 2652 Campaniam

271 2675 469 2732 feliciter
500 2678 781 2744 venerint,
817 2678 1048 2733 annonis
1078 2687 1130 2731 et
1159 2677 1461 2747 sumptibus
1493 2675 1832 2745 adjttventur,

269 2771 493 2823 continua
538 2770 618 2824 ad
656 2785 755 2824 nos
799 2770 1138 2840 navigatioiie
1185 2767 1450 2822 mittendi.
1499 2767 1631 2833 Quia
1677 2766 1837 2836 longe

269 2871 374 2915 ante
393 2861 574 2928 ludos,
605 2871 659 2916 et
680 2863 824 2932 ipsos
840 2861 1127 2932 jungendis
1143 2862 1295 2930 equis
1316 2861 1532 2916 erudite
1552 2860 1832 2927 debemus,

269 2959 314 3003 et
349 2953 568 3006 novitati
623 2967 810 3006 eorum
844 2952 1079 3006 favorem
1113 2951 1280 3021 plebis
1325 2952 1564 3006 allicere.
1613 2953 1833 3006 Summa

269 3041 406 3108 igitur
427 3044 703 3111 petitionis
739 3057 872 3097 mea:
902 3044 1012 3097 haec
1036 3051 1146 3107 est,
1175 3053 1234 3096 ut
1261 3044 1326 3095 ad
1356 3042 1599 3096 homines
1621 3050 1833 3095 vestros

269 3132 516 3204 inquisitio
546 3149 767 3202 eorum,
799 3144 852 3188 et
875 3134 1134 3204 perfectio
1160 3133 1393 3188 celerata
1423 3133 1702 3202 pertineat.

825 3225 1041 3281 EPIST.
1085 3224 1262 3278 XLIII.

632 3333 944 3374 SYIIIACHUS
971 3333 1254 3373 NICOIIACHI
1286 3331 1457 3371 FILIIS.

323 3406 632 3464 Crocodilos
675 3409 918 3464 theatrali
949 3410 1253 3479 spectaculo
1284 3408 1580 3476 publicatos
1613 3405 1668 3460 in
1700 3421 1834 3475 prae-

268 3505 468 3556 sentiam
513 3512 754 3556 vestram
798 3515 1013 3556 servare
1053 3501 1409 3554 tentavimus:
1451 3500 1544 3552 sed
1588 3512 1836 3567 perseve-

269 3600 401 3646 rante
434 3591 644 3657 inedia,
698 3605 820 3661 quae
862 3592 981 3647 illos
1010 3606 1103 3658 per
1129 3591 1244 3646 dies
1280 3591 1658 3659 quinquaginta
1707 3605 1830 3657 pro-

267 3681 403 3737 ducta
433 3684 771 3749 macerabat;
795 3684 1044 3739 secundis
1067 3685 1204 3739 ludis
1225 3685 1657 3751 congressionum
1683 3697 1833 3737 more

267 3775 476 3830 confecti
498 3785 649 3831 sunt.
694 3777 834 3831 Duos
868 3776 1027 3830 etiam
1058 3790 1197 3829 nunc
1225 3775 1492 3844 spirantes
1517 3774 1569 3826 in
1595 3781 1829 3827 vestrum

266 3851 555 3924 differemus
570 3869 885 3935 adventum,
898 3870 1022 3924 licet
1037 3883 1130 3923 eos
1149 3869 1252 3924 cibi
1275 3868 1590 3924 abstinentia
1615 3867 1830 3937 longum

267 3957 423 4016 vivere
451 3977 613 4032 posse
643 3977 746 4017 non
768 3962 1050 4030 spondeat.
1084 3959 1288 4015 Valete.

815 4053 1032 4109 EPIST.
1076 4052 1256 4107 XLIV.

621 4161 931 4202 SYMIACHUS
957 4162 1239 4203 NICOIACHI
1270 4162 1443 4202 FILIIS.

331 4234 686 4293 Redundantis
713 4249 796 4294 est
819 4255 997 4308 opera:
1020 4255 1310 4294 memorem
1333 4253 1693 4295 commonere.
1723 4236 1828 4293 Sed

268 4343 488 4402 suscepta
515 4334 814 4388 amicorum
846 4334 1053 4403 negotia
1087 4349 1420 4403 nequaquam
1467 4346 1565 4387 nos
1609 4330 1826 4385 modum

269 4436 460 4480 servare
481 4429 774 4494 patiuntur.
805 4428 981 4491 Quare
1003 4437 1057 4480 ut
1087 4425 1242 4480 amici
1274 4424 1580 4480 communis
1608 4422 1823 4478 Herculi

273 4509 326 4563 V.
352 4513 409 4568 (Ξ.
449 4511 626 4569 votiva
661 4517 907 4570 mandata
937 4517 1132 4571 acriter
1161 4518 1497 4585 exsequaris,
1524 4530 1681 4570 orare
1721 4530 1827 4570 non

269 4602 452 4661 desino.
479 4606 667 4662 Faciat
693 4619 872 4662 autem
893 4623 1014 4663 eum
1035 4610 1211 4663 studio
1233 4619 1432 4663 sanctae
1461 4607 1828 4662 unanimitatis

269 4705 359 4748 tuae
393 4699 635 4753 assensio
682 4701 1136 4769 propinquorum:
1183 4700 1446 4778 siquidem
1496 4700 1634 4754 filius
1679 4713 1829 4754 meus

272 4783 560 4844 Valentinus
586 4792 817 4846 asseruit
838 4807 897 4847 se
925 4808 1139 4863 quoque
1169 4793 1473 4848 consultum
1504 4791 1696 4846 litteris
1731 4791 1828 4845 Ju-

270 4876 398 4944 liani,
431 4883 621 4936 eadem
658 4898 781 4953 qua:
819 4883 1067 4939 volumus
1111 4883 1179 4938 de
1224 4883 1527 4953 nuptiarum
1583 4883 1826 4952 pactione

270 4969 497 5025 suasisse.
531 4972 732 5028 Valete.

821 5066 1038 5124 EPIST.
1088 5066 1244 5121 XLV.

616 5171 925 5213 SYIIACHUS
951 5173 1235 5213 NICOIIACHI
1262 5171 1430 5212 FILIIS.

329 5240 603 5314 Postquam
651 5259 702 5304 te
731 5250 982 5318 jactatam
1023 5252 1260 5320 comperi
1303 5249 1492 5305 dolore
1539 5257 1819 5313 consueto,

268 5335 424 5389 omnis
479 5340 801 5408 reliquarum
860 5341 1277 5395 sollicitudinum
1338 5353 1580 5396 mearum
1631 5353 1822 5394 sensus

269 5429 482 5482 evanuit.
514 5429 666 5497 Nam,
709 5441 769 5485 ut
812 5433 885 5487 ait
920 5431 1306 5502 Hippocrates:
1346 5431 1630 5486 Praesentia
1664 5430 1827 5484 hebe-

269 5525 429 5574 tantnr
456 5521 811 5595 incommoda,
861 5526 908 5582 si
952 5527 1039 5582 cui
1087 5525 1244 5581 dolor
1290 5526 1464 5594 major
1512 5524 1821 5579 accesserit.

269 5609 515 5681 Exspecto
537 5619 724 5686 igitur,
753 5628 810 5674 ut
836 5631 1058 5690 accepto
1091 5620 1161 5675 de
1189 5627 1240 5676 te
1269 5619 1468 5674 indicio
1498 5619 1704 5673 laetiore
1726 5657 1741 5682 ,
1773 5617 1827 5670 in

271 5713 454 5767 pnores
481 5723 632 5766 curas
660 5723 918 5770 revertar.
947 5713 1158 5770 Cetera
1181 5713 1236 5770 in
1265 5713 1367 5769 hac
1387 5710 1825 5768 consternatione

1950 465 2420 520 commonitorium
2441 466 2630 535 junxi,
2675 467 2818 538 quod
2850 467 3008 522 velim
3040 467 3255 522 redacta
3297 467 3351 522 in
3383 475 3531 520 tran-

1950 556 2175 628 quillum
2203 556 2433 613 sanitate
2460 559 2792 613 consideres.
2823 559 3032 615 Valete.

2517 648 2734 705 EPIST.
2768 650 2950 704 XLVI.

2338 760 2644 800 SYMIACHUS
2675 760 2960 800 NICOMACHI
2986 759 3034 798 ῐιἸ
3043 758 3160 798 LIIS.

2020 835 2203 891 Nullas
2225 838 2437 907 quidem
2468 838 2620 892 nobis
2645 852 2741 905 per
2765 837 3036 892 hominem
3054 845 3296 890 nostrum
3324 834 3530 890 litteras

1947 926 2234 983 detulistis.
2284 927 2389 983 Sed
2435 928 2565 982 mihi
2606 929 2878 982 silentium
2919 927 3287 982 unanitnitatis
3329 933 3526 980 vestra:

1947 1035 2280 1090 nequaquam
2316 1022 2460 1078 licuit
2493 1022 2755 1087 aemulari,
2796 1023 2879 1076 vel
2920 1021 3061 1089 quod
3096 1021 3166 1076 ita
3197 1021 3521 1088 sollicitudo,

1945 1127 2104 1180 quam
2151 1112 2219 1166 de
2263 1127 2348 1166 me
2391 1128 2495 1165 non
2538 1111 2733 1166 frustra
2781 1113 2996 1181 geritis,
3049 1111 3382 1181 postulabat,
3439 1111 3526 1164 Vel

1946 1203 2086 1270 quod
2115 1219 2199 1257 me
2240 1202 2292 1256 in
2338 1203 2510 1256 officia
2540 1202 2848 1271 scriptionis
2897 1217 3048 1256 amor
3076 1217 3235 1257 verus
3278 1200 3522 1268 impellit.

1945 1292 2166 1346 Gratum
2211 1295 2364 1346 vobis
2397 1293 2560 1346 fuisse
2591 1293 2787 1347 factum
2820 1308 2997 1348 meum
3042 1292 3287 1362 rescripti
3324 1291 3528 1346 vicissi-

1946 1384 2072 1437 tudo
2099 1383 2396 1438 testabitur.
2433 1381 2632 1437 Valete.

2505 1474 2715 1529 EPIST.
2759 1474 2966 1530 XLVII.

2331 1581 2635 1625 SVHIACHUS
2663 1581 2946 1622 NICOMACHI
2973 1583 3147 1623 FILIIS.

2017 1658 2177 1715 Urbis
2205 1661 2415 1729 negotia
2453 1673 2554 1714 nec
2584 1669 2736 1714 vacat
2765 1661 2922 1724 scire,
2955 1676 3054 1715 nec
3085 1661 3213 1716 libet
3244 1660 3481 1716 scribere
3512 1678 3526 1714 :

1869 1736 1918 1797 Β
1946 1751 2158 1803 animus
2180 1750 2320 1803 enim
2354 1763 2504 1802 meus
2529 1750 2720 1802 morbo
2748 1752 2990 1819 corporis
3019 1759 3339 1819 occupatus,
3366 1751 3527 1805 rebus

1943 1841 2136 1894 alienis
2163 1855 2345 1893 curant
2375 1841 2544 1894 nescit
2572 1840 2872 1896 intendere.
2928 1841 3099 1896 Unum
3148 1843 3251 1896 hoc
3299 1843 3412 1897 scio
3458 1844 3527 1896 de

1943 1931 2299 1986 seditionibus
2345 1931 2560 1986 nuntios
2603 1947 2723 1985 csse
2769 1935 3064 1998 mentitos;
3107 1945 3265 2003 atque
3315 1935 3451 1988 adeo
3495 1949 3526 1987 a

1947 2041 2075 2079 vero
2107 2025 2393 2078 dissentire
2421 2039 2686 2090 rumores,
2724 2039 2778 2079 ut
2809 2041 3080 2094 nunquam
3116 2027 3306 2094 majori
3336 2027 3525 2096 plausu

1945 2116 2261 2184 praefectura
2289 2116 2560 2171 celebrata
2589 2115 2676 2170 sit.
2704 2117 2888 2187 Itaque
2912 2118 3087 2172 studia
3111 2117 3283 2186 plebis
3306 2121 3357 2172 in
3384 2117 3527 2187 judi-

1943 2226 2061 2265 cem
2096 2209 2248 2265 favor
2279 2225 2492 2280 quoque
2515 2210 2719 2264 ordinis
2749 2210 3052 2264 temulatur.
3081 2210 3204 2264 ch
3232 2209 3298 2264 ad
3329 2225 3449 2274 nos,
3482 2211 3526 2264 si

1943 2322 2045 2378 qua
2076 2307 2322 2361 doloraut
2363 2304 2710 2376 intercapedo
2746 2305 2980 2360 admittit
3009 2303 3183 2360 officia
3212 2303 3526 2369 visentium,

1944 2399 2056 2468 pari
2081 2398 2318 2453 omnium
2351 2413 2601 2452 sermone
2633 2400 2972 2468 perveniunt.
3014 2399 3218 2453 Caetera
3249 2397 3523 2452 hominum

1942 2498 2270 2554 vestrorum,
2314 2491 2406 2559 qui
2443 2501 2724 2544 versantur
2768 2490 2822 2544 in
2865 2489 3112 2560 publico,
3158 2491 3330 2561 stylus
3368 2491 3526 2545 debet

1941 2583 2173 2650 aperire.
2227 2581 2304 2637 De
2347 2599 2433 2638 me
2484 2592 2607 2637 tunc
2629 2583 2803 2638 aliena
2849 2583 3138 2655 quaerenda
3187 2593 3356 2650 sunt,
3403 2598 3524 2640 cum

1943 2677 2157 2747 propria
2186 2677 2410 2731 adversa
2440 2677 2828 2745 requieverint.
2855 2677 3056 2732 Valete.

2487 2766 2706 2822 EPIST.
2747 2766 2983 2822 XLVIII.

2317 2873 2628 2913 ενωιΑειιυε
2655 2874 2940 2913 NICOMIACIII
2969 2874 3145 2914 HLIIS.

2009 2949 2258 3004 Natalitio
2277 2965 2517 3012 munere,
2536 2950 2676 3019 quod
2703 2951 3025 3020 treqnentari
3053 2967 3082 3005 a
3105 2951 3257 3006 vobis
3279 2966 3373 3021 per
3397 2952 3522 3006 mul.

1938 3051 2021 3097 tos
2048 3058 2217 3096 annos
2253 3043 2553 3096 communis
2588 3042 2815 3097 felicitas
2861 3042 3048 3107 faciet,
3097 3052 3339 3099 nostrum
3388 3043 3522 3098 hila-

1861 3109 1908 3172 δ
1942 3135 2101 3190 rastis
2129 3133 2388 3202 animum,
2417 3144 2653 3189 vestrum
2681 3135 2967 3203 probasds.
3014 3137 3088 3191 De
3132 3149 3238 3206 quo
3285 3151 3372 3190 me
3402 3153 3522 3206 pro-

1941 3227 2049 3282 lise
2068 3226 2308 3281 scribere
2330 3227 2648 3280 verecundia
2670 3239 2846 3280 vestra
2873 3242 2976 3281 non
3003 3229 3219 3296 patitur.
3241 3225 3522 3296 Copiosior

1940 3331 2118 3374 tamen
2146 3320 2200 3373 in
2232 3317 2482 3374 sensibus
2503 3327 2683 3372 manet
2711 3320 2902 3386 gratia,
2930 3332 3088 3388 quam
3120 3332 3372 3373 sermone
3401 3333 3522 3387 pro-

1939 3413 2163 3468 feratur.
2189 3411 2320 3480 Quae
2343 3412 2410 3466 ad
2441 3412 2627 3467 urbem
2664 3413 2952 3481 pertinent,
2990 3411 3210 3466 indiculi
3240 3412 3522 3467 coita-ren-

1941 3507 2008 3560 tis
2037 3505 2264 3560 lectione
2290 3504 2546 3559 noscetis.
2594 3503 2710 3558 Tibi
2733 3519 2884 3570 vero,
2917 3504 3132 3558 domina
3159 3503 3295 3570 lilia,
3334 3503 3520 3558 eadem

1935 3598 2200 3668 religione
2240 3613 2344 3668 qua
2386 3598 2604 3668 dignum
2637 3605 2740 3661 est,
2792 3597 3010 3667 injungo
3054 3611 3241 3651 curam
3273 3597 3521 3666 juvandae

1938 3692 2263 3747 valetudinis
2288 3708 2302 3744 :
2329 3701 2388 3745 ut
2407 3690 2658 3745 omnibus
2682 3689 2839 3744 nobis
2861 3689 3105 3744 sanitatis
3133 3699 3237 3744 tua:
3262 3689 3520 3745 securitas

1935 3783 2198 3853 voluptati
2225 3782 2314 3838 sit.
2350 3783 2558 3837 Valete.

2506 3851 2718 3908 EPIST.
2763 3850 2948 3905 XLIX.

2317 3959 2342 3999 8
2351 3956 2626 3998 ηιιιΑειιυε
2661 3961 2690 3997 Ν
2699 3957 2942 3998 ICOMACHI
2973 3956 3146 3997 FILIIS.

2005 4039 2232 4093 Homine
2280 4047 2464 4093 vestro
2519 4039 2585 4089 ad
2634 4034 2984 4104 Campaniam
3031 4043 3336 4090 revertente
3380 4033 3517 4089 scri-

1935 4131 2107 4185 benda
2137 4127 2481 4197 consumpsi;
2524 4135 2579 4183 et
2611 4138 2787 4182 tamen
2823 4136 3068 4182 sanctum
3101 4137 3262 4196 atque
3291 4125 3520 4180 honora-

1938 4221 2102 4276 bilem
2124 4220 2296 4275 virum
2327 4229 2604 4289 parentem
2630 4228 2871 4272 vestrum
2900 4218 3158 4272 Severum
3192 4215 3336 4269 nolui
3367 4214 3516 4269 abire

1935 4326 2160 4366 vacuum
2180 4311 2477 4366 litterarum
2505 4323 2774 4363 mearum:
2794 4317 2850 4362 ut
2875 4319 2929 4360 et
2959 4321 3162 4361 morem
3179 4305 3519 4360 salutationis

1935 4417 2284 4471 exsequerer,
2317 4408 2373 4455 et
2401 4400 2468 4454 de
2497 4415 2686 4468 opere,
2708 4399 2850 4468 quod
2880 4397 3025 4452 domi
3050 4395 3350 4462 construis,
3374 4395 3520 4466 judi-

1855 4476 1907 4536 Ῑ)
1933 4495 2073 4550 cium
2097 4507 2231 4548 meae
2257 4491 2604 4562 inspectionis
2631 4489 3285 4559 aperirem.'l‘bermarum
3309 4497 3365 4543 et
3383 4487 3520 4542 situs

1934 4597 1990 4642 et
2018 4584 2314 4655 amplitudo
2335 4583 2624 4638 admodum
2654 4582 2875 4653 placuit.
2902 4582 2960 4636 ln
2987 4581 3284 4636 minoribus
3313 4580 3518 4636 balneis

1936 4677 2245 4747 piscinalem
2289 4675 2510 4745 picturis
2559 4673 2736 4742 potius
2764 4687 2923 4742 quam
2957 4672 3170 4727 musivo
3199 4671 3381 4727 excoli
3411 4687 3517 4725 non

1936 4771 2174 4840 probavi.
2205 4769 2312 4824 Hes
2341 4766 2617 4833 admonet,
2649 4774 2706 4820 ut
2733 4768 3028 4836 profectum
3057 4765 3336 4819 Messalam
3359 4775 3518 4817 nocte

1932 4881 1997 4922 ea
2046 4879 2205 4934 quam
2265 4871 2568 4918 consecutae
2625 4870 2751 4915 sunt
2791 4875 2946 4915 nona:
2992 4860 3197 4914 Martia:
3237 4857 3514 4912 noveritis.

1937 4960 2117 5029 Legati
2145 4958 2328 5013 cmteri
2351 4971 2474 5012 mox
2494 4963 2806 5025 sequentur.
2839 4953 3056 5008 Adverti
3088 4963 3263 5006 tamen
3294 4967 3358 5006 ex
3383 4966 3518 5020 quo-

1934 5050 2178 5106 rumdam
2204 5047 2494 5117 colloquio,
2532 5047 2582 5100 in
2624 5045 2849 5114 gratiam
2881 5045 3092 5112 domus,
3121 5040 3190 5098 de
3216 5058 3319 5111 qua
3355 5039 3517 5110 pleri-

1933 5159 2037 5213 que
2067 5151 2335 5197 nostrates
2366 5141 2464 5195 viri
2496 5139 2741 5194 edulibus
2771 5139 3087 5202 farciuntur,
3118 5137 3363 5208 quaedam
3394 5149 3514 5190 esse

1932 5237 2118 5292 lenita.
2171 5235 2275 5291 Sed
2319 5250 2437 5289 mea
2463 5248 2589 5288 cura
2619 5247 2722 5287 non
2753 5232 2944 5295 deerit,
3003 5246 3072 5286 ne
3101 5231 3225 5299 quid
3255 5227 3517 5284 mandatis

1931 5335 2152 5384 senatus
2181 5342 2274 5396 per
2314 5326 2709 5380 conniventiam
2741 5323 3073 5379 detrahatur.
3110 5321 3314 5378 Valete.

2551 5413 2769 5472 EPIST.
2811 5413 2871 5467 L.

2319 5521 2625 5562 SVMMACHIIS
2649 5521 2935 5562 NICOMACHI
2965 5521 3142 5560 FILIIS.

2001 5603 2252 5659 Scribere
2282 5619 2386 5656 non
2418 5616 2608 5656 recuso
2635 5617 2651 5657 ;
2674 5601 2770 5656 sed
2795 5601 2955 5655 tnalui
2984 5599 3201 5654 domino
3237 5595 3346 5651 filio
3391 5611 3510 5652 meo

1933 5698 2137 5757 Sibidio
2166 5694 2431 5752 narranda
2461 5710 2638 5751 coram
2673 5709 2767 5756 per.
2809 5692 2978 5748 otium
3023 5703 3323 5746 reservare.
3386 5691 3509 5748 Sola
