4074 6176
518 285 616 340 279

1688 277 1753 341 ρ.
1796 270 2139 329 AURELIUS
2174 270 2612 328 SYMMACIIUS.

3688 275 3793 330 9.80

517 395 672 465 igitur
695 393 1016 449 salutatione
1043 392 1290 462 fungetur
1315 389 1430 444 [nec
1463 389 1652 458 pagina
1678 427 1694 452 ,
1735 385 1891 455 cujus
1922 383 2100 438 brevi-
2127 384 2181 443 Δ
2209 383 2449 449 reduxit;
2488 384 2732 454 quaedam
2774 386 2966 439 collata
3005 385 3057 440 in
3109 384 3292 440 titulos
3337 383 3570 438 breviter
3600 401 3789 454 percu-

519 500 600 542 tas
629 497 682 543 et
702 499 882 542 veSIro
905 486 1095 541 honori
1122 483 1436 548 satisfaciet,
1470 495 1568 538 nec
1593 481 1671 536 illi
1695 477 1978 535 referenda
2007 476 2102 532 de.

519 588 721 649 ccrpet.
764 578 968 633 Valete.
1141 643 1334 700 EPIST
1388 642 1454 698 LI

897 752 1207 794 εῑιηίλοιιυε
1233 751 1518 792 NICOHACIII
1549 749 1720 788 FILIIS.

586 833 861 888 Prioribus
885 832 1084 886 litteris
1117 829 1489 897 comperistis,
1542 841 1662 896 quae
1706 837 1848 878 nunc
1880 835 2103 888 respon-

517 924 643 978 dere
667 923 978 993 potuissem.
1012 920 1258 975 Rcdiisse
1281 934 1384 973 non
1413 918 1656 986 pteuitct.
1681 913 1812 967 Nam
1835 923 1889 965 et
1917 910 2104 965 salutis

517 1029 790 1088 compotes
839 1032 1058 1082 sumus;
1113 1026 1169 1071 et
1211 1031 1305 1084 per
1349 1014 1680 1083 diligentiam
1723 1011 2102 1079 magistrorum

517 1113 694 1166 fratris
721 1112 886 1166 vestri
920 1110 1190 1179 profectos
1220 1107 1504 1174 adolescit,
1533 1106 1634 1160 hoc
1659 1112 1862 1157 tantum
1892 1101 2105 1156 mordet

515 1207 777 1268 animum,
828 1203 970 1272 quod
1019 1202 1177 1270 longo
1219 1216 1249 1254 a
1285 1199 1438 1254 vobis
1482 1199 1676 1253 itinere
1724 1197 2099 1250 discernimur.

516 1293 620 1352 Sed
647 1295 968 1363 scriptorum
1000 1292 1145 1346 vices
1182 1290 1436 1358 frequens
1479 1303 1611 1343 usus
1652 1295 1903 1342 exerceat
1940 1302 1952 1338 :
1987 1299 2104 1339 sar-

516 1386 722 1441 ciemus
747 1385 890 1440 inter
915 1398 1015 1438 nos
1039 1381 1339 1452 prmsentizn
1367 1382 1718 1447 voluptatem.
1754 1378 1959 1433 Valete.

1127 1490 1344 1547 EPIST.
1389 1491 1498 1546 LII.

897 1598 1210 1640 SYMMACIIUS
1239 1597 1526 1638 NICOMACIII
1558 1598 1728 1636 FILIIS.

587 1678 862 1734 Adventus
889 1677 1092 1732 domini
1135 1684 1192 1732 et
1221 1675 1478 1746 principis
1507 1675 1680 1730 nostri
1715 1674 1894 1729 denuo
1923 1685 2108 1743 postu-

2205 472 2384 541 curri,
2424 483 2482 528 ut
2519 475 2637 530 sine
2679 474 2894 530 fastidio
2944 475 3192 532 lectionis
3225 473 3495 529 insinuata
3536 479 3789 533 noscatis.

2205 563 2415 620 Valete.

2809 637 3024 694 EPIST.
3058 637 3189 692 LVI.

2585 745 2898 784 SYMIACIIUS
2925 746 3209 786 NICOIACIII
3237 746 3411 785 FILIIS.

2275 818 2453 875 Credo
2503 835 2646 874 nunc
2687 822 2865 874 saltim
2925 822 3134 890 priores
3169 821 3373 875 domini
3417 821 3519 876 mei
3548 820 3792 876 Praefecti

2205 909 2411 965 litteras
2439 910 2532 964 tibi
2558 911 2796 966 redditas
2826 929 2838 964 :
2879 926 3000 981 qua:
3047 913 3091 966 si
3127 926 3256 966 casu
3295 911 3478 980 aliquo
3505 922 3597 965 aut
3623 913 3794 982 negli-

2204 1001 2382 1070 gentia
2415 1003 2692 1070 portitoris
2716 1004 2914 1072 elapsce
2941 1014 3088 1070 sunt,
3126 1019 3193 1058 en
3224 1004 3318 1058 tibi
3353 1005 3514 1057 aliam
3553 991 3791 1058 subtilis-

2205 1095 2326 1149 simi
2359 1096 2455 1149 viri
2484 1096 2751 1166 paginam,
2779 1096 2862 1150 cui
2894 1111 2982 1151 me
3004 1095 3147 1150 hunc
3178 1110 3484 1151 sermonem
3513 1097 3672 1164 jussit
3697 1095 3791 1148 ad-

2201 1186 2462 1255 jungere;
2509 1195 2566 1240 ut
2615 1187 2741 1254 quid
2774 1187 3056 1242 sententiae
3087 1187 3184 1242 tibi
3231 1187 3301 1241 sit
3337 1187 3407 1241 de
3453 1186 3795 1256 suscipiendo

2206 1281 2452 1349 negotio,
2493 1281 2580 1335 cui
2617 1289 2670 1335 te
2707 1289 2856 1350 optat
2888 1281 3154 1344 adhiberi,
3201 1281 3284 1336 bis
3313 1281 3591 1336 consultus
3625 1293 3791 1347 expe-

2205 1370 2340 1425 dias.
2368 1371 2505 1426 Puto
2529 1374 2671 1426 enim
2698 1385 2796 1426 vos
2823 1375 2874 1426 in
2907 1372 3188 1428 meliorem
3219 1372 3583 1428 valetudinem
3614 1386 3793 1426 rever-

2207 1463 2360 1528 tisse,
2393 1472 2672 1534 postquam
2704 1465 2832 1518 mihi
2863 1465 3067 1521 fecistis
3093 1465 3346 1520 indicium
3366 1505 3382 1531 ,
3419 1467 3561 1534 quod
3599 1481 3789 1520 rever-

2206 1554 2345 1609 sioni
2375 1565 2570 1608 vestra:
2591 1556 2811 1609 morbus
2840 1557 3100 1612 obstaret.
3141 1556 3207 1611 Et
3250 1572 3346 1611 nos
3373 1557 3588 1626 quidem
3623 1557 3793 1610 malu-

2208 1665 2347 1714 mus,
2379 1661 2433 1702 ut
2459 1650 2723 1719 integrata
2753 1658 2894 1703 statu
2927 1650 3174 1704 sanitatis
3198 1649 3428 1704 reditum
3459 1649 3790 1719 spondeam,

518 1768 705 1822 laudus
741 1775 844 1822 est.
890 1767 1206 1821 Theodorus
1239 1740 1500 1821 enim-vir
1539 1764 1800 1829 illustris,
1850 1740 2102 1820 Mediola-
2140 1752 2185 1812 Β
2212 1741 2307 1794 sed
2351 1741 2393 1794 εί
2427 1741 2732 1809 corpusculi
2775 1742 3007 1810 querelae
3034 1751 3216 1795 Votum
3249 1750 3545 1802 morantur,
3571 1740 3792 1793 eviden-

517 1859 764 1914 uensium
790 1858 1056 1928 legatione
1083 1865 1356 1926 suscepta,
1388 1855 1518 1912 eniti
1549 1854 1766 1919 dicitur,
1799 1862 1857 1908 ut
1885 1865 2105 1912 senatus

518 1953 860 2021 petitionibus
889 1950 1219 2021 provinciale
1241 1948 1565 2005 desiderium
1587 1947 1916 2016 prieferatur.
1960 1948 2104 2002 Prae-

518 2046 687 2100 fectus
708 2045 855 2100 urbis
891 2044 1016 2098 huic
1047 2041 1261 2112 negotio
1283 2041 1621 2095 sanctitatem
1660 2049 1803 2093 tuam
1834 2051 1979 2108 optat
2011 2041 2107 2094 ad-

519 2139 712 2206 hiberi,
753 2153 913 2209 quem
959 2145 1086 2206 puto
1130 2151 1293 2204 super
1345 2136 1447 2190 hoc
1486 2135 1696 2190 litteras
1743 2134 1808 2188 ad
1855 2149 1948 2188 vos
1983 2149 2105 2189 esse

518 2230 833 2284 missurum.
882 2229 1078 2282 Ilortor
1127 2227 1308 2296 igitur,
1356 2234 1414 2280 ut
1445 2226 1646 2294 scripto
1689 2225 1806 2294 ejus
1853 2235 2106 2279 evocatus

516 2323 756 2394 digneris
797 2337 1082 2378 accurrere
1121 2331 1248 2376 ante
1285 2329 1552 2385 senatum,
1603 2320 1694 2390 qui
1735 2319 1910 2374 idibus
1932 2319 2105 2374 Juniis

517 2417 638 2470 erit.
671 2416 793 2483 Ipso
820 2415 963 2469 enim
993 2415 1078 2468 die
1107 2414 1312 2484 legatos
1341 2413 1578 2468 arbitror
1599 2412 1894 2482 eligendos.
1934 2412 2104 2467 Multa

515 2514 644 2561 sunt
669 2507 860 2560 domus
889 2514 1089 2560 vestra:
1118 2504 1351 2575 negotia,
1385 2520 1503 2574 qua:
1525 2519 1555 2558 a
1587 2513 1637 2558 te
1676 2519 1856 2558 coram
1889 2505 1988 2559 sub
2009 2519 2105 2559 oc-

515 2601 734 2654 casione
757 2613 934 2654 causaa
959 2598 1183 2668 publica:
1215 2597 1592 2652 terminentur.
1632 2595 1901 2651 Praeterea
1923 2597 2103 2649 votiva

519 2691 714 2759 legatio
739 2699 853 2754 est,
903 2704 1024 2758 qua:
1058 2687 1198 2756 apud
1227 2701 1386 2744 aures
1415 2687 1810 2742 evocandorum
1861 2685 2107 2740 amabilis

515 2783 691 2837 futura
717 2781 992 2838 credatur.
1024 2781 1220 2850 Quseso
1248 2796 1317 2837 ne
1343 2780 1582 2845 differas,
1615 2788 1672 2834 ut
1712 2779 2107 2835 rec0nciliatio-

519 2893 640 2935 nem
667 2877 956 2949 prmteritae
975 2862 1161 2947 gratiae
1183 2873 1552 2944 consequaris.
1576 2871 1784 2928 Valete.

1109 2983 1329 3041 EPIST.
1375 2983 1508 3038 LIII.

893 3093 1200 3134 εγιίδιλοιιυε
1230 3091 1518 3132 NICOIACIII
1547 3089 1723 3130 FILIIS.

588 3173 877 3229 Maximum
924 3178 1162 3225 veterem
1201 3167 1464 3230 amicum,
1497 3166 1592 3220 sed
1629 3179 1824 3220 novum
1853 3173 2102 3234 agentem

517 3267 572 3320 in
600 3264 778 3328 rebus,
811 3262 1039 3330 accipite
1077 3259 1216 3315 inter
1250 3257 1451 3313 tirones
1490 3271 1612 3311 cum
1643 3257 1841 3311 canitie
1872 3257 2105 3309 militan-

517 3371 646 3412 tem.
681 3355 763 3411 Ab
805 3354 908 3408 hoc
943 3349 1308 3424 procontanda
1338 3348 1596 3403 discetis:
1628 3358 1788 3416 atque
1817 3345 1941 3400 ideo
1969 3346 2103 3401 mihi

518 3448 767 3519 fugienda
796 3455 880 3501 est
907 3443 1128 3514 prolixa:
1149 3441 1392 3512 epistola:
1422 3440 1615 3510 gratia.
1649 3439 1870 3506 Absque
1898 3439 2097 3492 ailven-

517 3551 604 3595 tus
624 3541 787 3594 vestri
820 3537 1099 3606 petitione,
1123 3549 1282 3604 quem
1311 3533 1619 3603 frequenter
1644 3533 1900 3586 exambio
1919 3570 1934 3595 ,
1979 3540 2034 3586 et
2058 3530 2105 3586 si

518 3629 843 3687 desiderium
871 3629 1036 3683 vestri
1056 3627 1291 3690 sineret,
1322 3624 1430 3694 jam
1468 3623 1629 3678 silere
1663 3623 1912 3676 deberem
1933 3661 1950 3688 ,
1979 3622 2104 3690 quia

517 3723 896 3779 verecundiam
917 3729 1106 3775 creant
1136 3715 1486 3773 inefficaciter
1515 3715 1799 3785 postulata.
1828 3713 1933 3769 Sed
1956 3727 2108 3767 amor

519 3817 576 3870 in
605 3829 701 3870 vos
741 3827 894 3868 meus
927 3825 1093 3881 prope
1129 3806 1517 3880 impudentiam
1558 3806 1748 3861 suadet
1793 3806 2106 3874 frequenter

519 3911 723 3965 elusus.
776 3907 979 3960 Vereor
1029 3913 1232 3970 autem,
1293 3914 1363 3955 ne
1410 3897 1533 3953 ideo
1586 3908 1826 3952 vestrum
1877 3897 2106 3951 reditum

519 3998 896 4070 promiseritis,
929 4014 997 4052 ne
1030 4003 1273 4051 nostrum
1302 3991 1368 4046 ad
1396 4006 1493 4046 vos
1525 3989 1888 4061 prohiberetis
1917 4003 2109 4044 excur-

521 4107 663 4146 sum.
694 4089 897 4145 Valete.

1114 4153 1333 4212 EPIST.
1375 4153 1507 4208 LIV.

902 4263 1216 4306 SYIIIIACIIUS
1241 4262 1527 4303 NICOIACIII
1555 4261 1730 4301 FILIIS.

591 4346 833 4404 Salutem
874 4343 1027 4398 vobis
1068 4355 1374 4412 precamur,
1423 4340 1576 4409 cujus
1615 4339 1895 4403 indicium,
1941 4353 2108 4408 puero

521 4448 845 4504 revertente,
885 4447 1137 4506 optamus
1173 4435 1451 4504 accipere.
1501 4433 1613 4488 Mea
1663 4432 1914 4488 valetudo
1957 4441 2106 4488 caret

2130 3120 2178 3185 C

2210 1831 2351 1887 tibus
2393 1833 2606 1902 scriptis
2647 1835 3105 1902 exspectationem
3149 1833 3478 1888 consulentis
3509 1831 3792 1886 absolvite.

2213 1922 2359 1978 Vale.

2797 1994 3012 2052 EPIST.
3055 1994 3213 2049 LVII.

2585 2101 2893 2140 SVIIACIIUS
2920 2101 3203 2140 NICOHACIII
3245 2099 3416 2138 FILIIS.

2279 2177 2662 2245 Superioribus
2683 2177 2873 2232 diebus
2893 2185 2949 2230 et
2971 2191 3102 2230 mea}
3128 2175 3268 2228 circa
3293 2189 3388 2228 vos
3415 2172 3792 2234 observantia,

2208 2281 2264 2325 et
2292 2279 2484 2324 vestra:
2512 2271 2901 2339 exspectationi
2944 2269 3116 2324 multo
3171 2268 3521 2337 epistularum
3570 2281 3794 2321 numero

2206 2363 2466 2418 satisfeci.
2501 2362 2628 2418 Haec
2657 2378 2784 2417 vero
2807 2363 2998 2433 pagina
3027 2362 3236 2430 copiam
3269 2375 3377 2415 non
3405 2360 3651 2429 requirit,
3674 2374 3793 2412 cum

2207 2456 2311 2511 hoc
2341 2465 2543 2510 tantum
2576 2455 2967 2512 benevolentia:
3014 2464 3205 2512 vestra:
3255 2470 3352 2524 pro
3391 2463 3550 2524 captu
3586 2453 3794 2508 consilii

2210 2551 2314 2605 mei
2338 2551 2622 2619 suadeam,
2662 2560 2719 2605 ut
2750 2551 2817 2605 ad
2852 2551 3161 2620 prmfcctum
3210 2550 3462 2619 praetorio
3499 2547 3794 2603 Siciliensis

2207 2657 2386 2698 causa:
2426 2651 2618 2698 vestra:
2659 2644 2801 2699 actio
2833 2643 3218 2706 transferatur;
3268 2641 3315 2697 si
3363 2653 3541 2696 tamen
3592 2639 3792 2708 aliquid

2207 2735 2360 2792 vobis
2389 2735 2772 2806 experiendum
2802 2736 2925 2791 data
2952 2735 3153 2790 oblatio
3184 2733 3503 2790 reservabit.
3530 2731 3680 2788 Vale.

2775 2867 2994 2926 EPIST.
3025 2867 3203 2922 LVIII.

2585 2973 2892 3016 εἴκωσι-ωε
2917 2975 3201 3015 ΝΙΩΟΜΑΟΙΙΙ
3231 2976 3407 3016 I-‘ILIIS.

2283 3049 2574 3120 Postquam
2604 3050 2795 3120 pignus
2823 3059 3064 3105 nostrum
3094 3051 3330 3107 Sibidins
3359 3052 3581 3107 Romam
3613 3053 3790 3116 rediit,

2207 3141 2428 3196 nuntius
2481 3139 2604 3210 fuit,
2660 3151 2892 3210 quantus
2923 3141 3086 3196 filiam
3119 3157 3290 3197 meam
3339 3148 3499 3198 vexet
3550 3144 3793 3212 corporis

2205 3233 2398 3299 dolor;
2451 3247 2604 3288 meus
2636 3248 2850 3303 quoque
2877 3233 3091 3288 animus
3129 3235 3397 3303 aegrescit.
3439 3235 3624 3304 Itaque
3654 3233 3794 3289 litte-

2206 3338 2294 3378 ras
2315 3323 2447 3377 nihil
2478 3333 2714 3379 moratus
2745 3324 2920 3389 emisi,
2961 3325 3120 3380 anxie
3151 3336 3359 3395 petens,-
3389 3325 3561 3395 priino
3585 3325 3791 3380 me‘dica

2208 3432 2310 3484 ope
2339 3427 2396 3472 et
2423 3416 2750 3471 abstinentia
2783 3417 3068 3472 noxiorum
3093 3418 3159 3473 ad
3190 3417 3472 3472 sanitatem
3511 3417 3790 3486 juventur:

2208 3507 2404 3562 dehinc
2458 3508 2705 3578 rescripti
2754 3509 2888 3565 fides
2930 3510 3211 3567 abolendae
3256 3511 3600 3567 sollicitudini
3659 3526 3795 3565 mea:

2209 3597 2475 3654 consulat.
2499 3599 2604 3669 Ipsi
2637 3609 2755 3668 post
2783 3601 3080 3670 legatorum
3109 3604 3492 3672 profectionem
3527 3617 3618 3658 rus
3647 3602 3795 3656 Vati-

2209 3704 2426 3756 canum,
2467 3689 2611 3760 quod
2645 3700 2831 3746 vestro
2875 3693 3075 3762 praedio
3120 3694 3381 3761 cohaeret,
3429 3695 3792 3756 accessimus;

2209 3791 2284 3849 et,
2315 3782 2363 3837 si
2389 3781 2522 3836 nihil
2553 3783 2808 3852 disposita
2831 3786 3145 3850 conturbet;
3199 3787 3252 3840 in
3283 3787 3497 3856 Apriles
3542 3786 3796 3841 kalendas

2210 3872 2351 3927 villae
2394 3873 2505 3927 otio
2560 3874 2891 3930 defruemur.
2938 3876 3220 3932 Juniirum
3279 3878 3526 3932 delectus
3578 3877 3796 3931 urbanis

2212 3963 2427 4020 familiis
2469 3965 2789 4036 imperatus,
2845 3985 3018 4040 usque
3073 3971 3139 4024 ad
3189 3972 3374 4026 :nterni
3417 3971 3672 4040 principis
3711 3986 3796 4026 re-

2211 4069 2407 4123 sponsa
2458 4058 2732 4124 pendebit.
2784 4061 2859 4114 De
2893 4061 3199 4132 conjunctis
3243 4062 3642 4131 exemplaribus
3688 4063 3795 4116 for—

2212 4161 2353 4200 mam
2408 4149 2660 4216 praecepti
2710 4151 2992 4222 utriusque
3035 4158 3290 4208 noscetis.
3351 4153 3480 4208 Ilaac
3527 4153 3646 4222 quia
3689 4153 3795 4208 tuis

2211 4236 2404 4293 litteris
2432 4238 2735 4294 desiderata
2765 4252 2889 4296 sunt
2911 4283 2924 4303 ,
2957 4244 3100 4299 misi.
3147 4245 3413 4300 Caeterum
3459 4260 3604 4298 mera
3634 4251 3795 4313 atque

2211 4329 2367 4384 unica
2399 4330 2527 4385 mihi
2558 4347 2718 4387 causa
2750 4333 3014 4390 dictandae
3039 4336 3282 4406 epistola:
3330 4336 3452 4401 fuit,
3499 4344 3558 4390 ut
3593 4335 3658 4390 ad
3695 4351 3795 4388 nos

2210 4437 2372 4492 super
2401 4423 2524 4478 filiae
2547 4441 2684 4483 mea:
2711 4428 3016 4483 valetudine
3037 4442 3188 4486 certa
3217 4438 3272 4486 et.
3292 4430 3465 4486 amica
3491 4437 3619 4485 voto
3658 4426 3795 4484 refe-

523 4531 734 4586 interim
780 4495 1079 4592 doloribus,
1138 4526 1235 4582 sed
1282 4525 1482 4595 indiget
1532 4526 1814 4592 firmitate,
1872 4495 2184 4581 maximeD
2213 4527 2419 4573 rantur.
2461 4519 2612 4574 Vale.

521 4621 900 4678 accedentibus
941 4620 1117 4686 curis,
1170 4634 1305 4688 quas
1352 4619 1596 4688 proxime
1646 4617 1784 4672 facta
1832 4633 1863 4672 a
1917 4629 2106 4673 senatu

521 4715 668 4767 auxit
695 4712 916 4766 oblatio.
971 4712 1054 4766 Ire
1097 4711 1309 4780 longius
1352 4711 1519 4780 piget,
1569 4725 1694 4762 cum
1734 4709 1850 4763 haec
1894 4724 2108 4779 quoque

521 4807 728 4863 securis
755 4807 938 4860 animo
963 4804 1255 4873 ingessisse
1285 4804 1560 4871 paeniteat.
1615 4801 1820 4856 Valete.

1131 4893 1346 4950 EPIST.
1388 4892 1497 4948 LV.

909 4999 1220 5041 εγιωλοηυε
1247 4999 1535 5039 NICOMACIII
1567 4998 1740 5039 FILIIS.

593 5079 716 5134 Ileri
751 5094 846 5146 per
891 5078 1164 5132 hominem
1206 5091 1384 5130 meum
1431 5075 1621 5142 scripsi
1667 5082 1811 5129 metu
1847 5074 2101 5142 percitus,

519 5183 801 5244 postquam
851 5171 920 5226 de
959 5169 1268 5225 valetudine
1308 5169 1431 5222 lilize
1483 5183 1619 5222 mea:
1665 5182 1846 5222 amara
1887 5169 2102 5235 cognitu

521 5264 808 5319 nuntiastis
828 5303 842 5326 ,
873 5271 928 5317 et
965 5261 1140 5316 adhuc
1171 5261 1440 5330 pendente
1482 5275 1744 5327 responso
1778 5260 1991 5313 crucior
2023 5257 2106 5311 iu-

519 5356 708 5412 certis.
735 5356 864 5410 Peto
891 5355 1051 5424 igitur
1075 5353 1289 5407 edoceri
1315 5351 1443 5421 quid
1466 5351 1514 5405 ei
1539 5350 1604 5404 ad
1631 5351 2100 5404 confirmationem

521 5450 768 5505 sanitatis
791 5447 1104 5504 accesserit.
1139 5448 1338 5500 Rerum
1367 5460 1491 5500 vero
1518 5445 1863 5514 prmsentium
1900 5442 2102 5497 nullum

522 5544 673 5596 vobis
703 5542 956 5596 iudicium
990 5540 1165 5593 facere
1193 5539 1538 5592 decreverant
1567 5582 1581 5604 ,
1619 5553 1684 5592 ue
1718 5538 1768 5589 in
1809 5551 1970 5589 aures
2015 5552 2105 5590 vc-

521 5641 658 5687 stras
680 5634 936 5700 redirent,
962 5645 1082 5700 qua:
1111 5628 1374 5698 probabili
1400 5627 1728 5681 discessione
1751 5626 1973 5680 vitastis.
1995 5626 2102 5681 Sed

521 5724 643 5788 quia
671 5725 867 5780 civicus
891 5740 1040 5780 amor
1078 5725 1132 5779 in
1162 5725 1373 5794 negotia
1411 5721 1611 5776 urbana
1653 5736 1835 5776 curam
1869 5731 2102 5776 chtram

2803 4615 3021 4672 EPIST.
3061 4616 3197 4672 LIX.

2595 4720 2907 4762 SYMIMIIUS
2936 4723 3223 4764 NICOIACBI
3254 4723 3423 4764 FILIIS.

2284 4795 2600 4852 Anteriores
2630 4797 2824 4854 littera:
2856 4811 2980 4867 tute,
3027 4817 3162 4868 quas
3190 4818 3313 4856 mox
3350 4803 3469 4856 ali:e
3488 4813 3796 4860 consecuta:

2211 4895 2358 4953 sunt,
2397 4903 2549 4956 spem
2599 4891 2729 4945 mihi
2777 4892 3114 4962 aliquatenus
3155 4894 3358 4949 reditus
3399 4893 3473 4948 tui
3513 4893 3790 4950 fecerant:

2214 4980 2467 5035 secundat
2497 4983 2756 5051 promissa
2781 4996 3096 5040 vacuarunt.
3123 4987 3198 5041 Ita
3221 4997 3277 5041 ut
3300 4998 3419 5057 post
3443 4990 3637 5043 multas
3666 5003 3797 5045 cau-

2215 5088 2303 5127 sas
2325 5073 2623 5143 negationis
2665 5091 2787 5130 meo
2825 5078 3058 5132 consilio
3097 5080 3368 5148 sequenda
3402 5081 3795 5135 committeres.

2213 5165 2320 5221 Sed
2344 5181 2444 5236 ego
2469 5169 2729 5237 cogitans,
2761 5169 2936 5238 primo
2970 5171 3092 5225 filiae
3122 5185 3256 5224 mea:
3291 5172 3665 5226 couturhatam
3696 5187 3795 5225 va-

2215 5260 2530 5325 letudinem,
2561 5277 2678 5330 qum
2700 5262 2917 5330 spoliari
2959 5264 3150 5317 solatio
3194 5272 3286 5318 tuo
3326 5279 3430 5317 non
3455 5273 3626 5330 potest
3657 5281 3671 5316 :
3700 5263 3798 5318 de-

2215 5356 2340 5410 hinc
2364 5355 2623 5409 stomachi
2648 5355 2719 5409 tui
2742 5356 3186 5421 imbecillitatem,
3211 5371 3370 5425 quam
3392 5371 3512 5411 esse
3534 5357 3796 5426 imparem

2209 5446 2402 5502 scribis
2455 5447 2632 5500 itineri
2683 5449 3094 5514 promovendo:
3151 5459 3260 5502 tum
3307 5449 3590 5504 consilium
3637 5450 3798 5506 amici

2211 5541 2413 5607 paterni
2455 5539 2620 5591 otium
2676 5539 3012 5606 praeferentis
3049 5559 3059 5592 :
3101 5540 3295 5596 dehinc
3337 5543 3797 5610 exspectationem

2209 5631 2431 5686 illustris
2464 5630 2581 5696 viri,
2612 5647 2770 5700 quem
2802 5632 2890 5685 ditt
2921 5633 3236 5688 existimans
3257 5634 3563 5689 abfuturum
3597 5651 3610 5688 :
3655 5649 3796 5703 pra:-

2211 5735 2278 5780 tet
2293 5739 2354 5779 ea
2381 5724 2850 5792 interpretationes
2876 5724 3174 5794 hominum,
3210 5727 3300 5797 qui
3330 5738 3380 5783 te
3401 5768 3416 5796 ,
3449 5735 3508 5784 ut
3533 5727 3612 5782 ais
3633 5767 3649 5794 ,
3679 5727 3796 5794 Opi-
