4046 6170
278 305 366 360 281

1492 314 1968 373 EPISTOLARUM
2013 317 2211 374 LIBER
2255 321 2339 376 VI.

3443 339 3547 392 282

273 426 462 470 nantur
520 431 714 472 munus
762 418 1034 487 publicum
1086 420 1354 490 recepisse
1401 423 1452 476 in
1512 425 1848 478 occasionem
1881 427 1925 481 A
1959 440 2024 478 ne
2068 443 2270 482 moram
2299 439 2530 485 vestram
2579 435 2753 486 votiva
2789 436 2984 504 legatio
3011 437 3118 506 jun
3166 456 3305 496 nunc
3349 461 3410 496 ex
3445 461 3540 498 usu

269 508 604 576 negotiorum
630 518 876 564 tuorum:
902 511 1223 580 permissam
1245 513 1375 566 mihi
1403 513 1849 570 deliberationem

267 599 417 653 vobis
445 597 694 653 refundo.
730 597 971 670 Iniquum
1003 611 1086 658 est
1109 603 1252 656 enim
1287 612 1364 658 tot
1403 606 1665 674 oppositis
1698 622 1848 676 qua:-

265 695 531 749 stionibus
557 696 851 750 obnoxiam
884 697 999 752 ﬁeri
1030 699 1349 753 sententiam
1380 715 1578 768 meam,
1601 710 1658 756 et
1688 702 1849 757 [idem

264 787 537 842 suadentls
564 789 785 844 incertis
811 789 1110 845 futurorum
1143 791 1357 848 casibus
1376 794 1622 864 obligari.
1641 795 1846 851 Interea

263 877 652 932 constituenda:
675 879 754 933 rei
783 879 898 934 dies
929 881 1185 935 existimo
1216 884 1606 952 prorogandos,
1647 894 1702 938 et
1728 887 1847 952 epi-

263 965 452 1019 stolam
486 975 632 1022 tuam
685 969 947 1037 tantisper
991 971 1218 1027 reddere
1272 975 1603 1041 magistratui
1645 985 1848 1046 tempe-

258 1058 390 1111 ravi.
418 1057 629 1124 P-rimo,
659 1061 781 1130 quia
813 1063 1118 1116 reverentia
1163 1056 1300 1117 nuda
1335 1073 1420 1120 est
1454 1083 1466 1117 :
1500 1066 1694 1121 dehinc
1724 1069 1845 1135 quia

255 1162 448 1203 causas
518 1152 822 1221 negationis
878 1151 1017 1206 infra
1067 1154 1368 1210 devotionis
1427 1159 1844 1226 magnitudinem

256 1241 525 1306 praetulit;
575 1249 637 1295 et
673 1242 817 1310 quod
863 1257 1080 1298 nossem
1135 1245 1380 1313 pluribus
1435 1247 1680 1316 legenda,
1728 1263 1847 1317 qua:

253 1330 574 1399 scripseras.
611 1332 746 1389 Volo
774 1335 936 1404 igitur
958 1377 974 1401 ,
1023 1345 1080 1390 ut
1109 1338 1417 1392 reverentia
1462 1340 1842 1406 cumulatiore,

250 1429 304 1474 et
349 1423 692 1491 gravioribus
722 1426 958 1494 querelis
983 1429 1390 1483 excusationem
1427 1440 1570 1483 tuam
1615 1433 1844 1494 munias,

253 1513 294 1567 si
324 1514 585 1571 voluntas
624 1521 882 1572 manserit
910 1518 1113 1574 laboris
1151 1528 1206 1576 et
1247 1521 1460 1577 itineris
1500 1521 1844 1590 deprecandi.

248 1604 469 1662 Valete.

879 1679 1097 1737 EPIST.
1136 1681 1248 1736 LX.

624 1782 934 1824 SYMIIACIIUS
971 1786 1251 1826 NICOMACIII
1293 1789 1361 1827 ΠΙ
1378 1789 1463 1828 IIS.

312 1855 514 1911 Prisca
554 1857 892 1915 observantia
940 1862 1082 1918 hunc
1121 1865 1392 1921 scribendi
1423 1866 1665 1922 ordinem
1697 1866 1842 1935 fecit,

244 1957 299 2002 ut
347 1949 520 2003 domo
565 1952 789 2019 profecti
828 1953 1070 2010 ofﬁcium
1115 1956 1356 2013 litterarii
1385 1959 1627 2014 muneris
1669 1961 1847 2029 auspi-

243 2051 464 2094 centur.
499 2040 605 2096 Sed
653 2042 870 2114 longum
896 2046 1074 2102 visum
1119 2055 1203 2102 est
1251 2049 1451 2118 operiri
1483 2052 1846 2106 unanimitatis

243 2138 352 2185 tute
385 2130 616 2197 litteras,
647 2149 873 2204 quarum
905 2151 1005 2192 nos
1030 2139 1301 2208 arguimus
1327 2140 1654 2196 tarditatem.
1673 2145 1845 2212 Atque

243 2217 371 2277 ideo
421 2232 632 2278 mutato
679 2241 775 2280 usu
807 2227 860 2280 in
901 2226 1005 2283 hoc
1043 2243 1236 2283 munus
1264 2233 1562 2300 erupimus.
1591 2232 1846 2302 Superest

241 2320 298 2366 ut
349 2312 534 2370 libens
561 2316 845 2385 rependas,
879 2335 998 2388 qua:
1029 2319 1285 2378 inchoare
1315 2322 1601 2386 debueras.
1633 2337 1687 2380 et
1716 2342 1843 2394 pro-

239 2416 443 2459 vocare
494 2421 752 2463 exerceas
795 2412 995 2480 stylum
1046 2411 1277 2468 indicem
1311 2425 1413 2470 tua;
1442 2418 1708 2475 sanitatis.
1741 2420 1843 2490 Ipsi

238 2492 288 2548 in
323 2496 602 2551 Arabiana
631 2497 862 2555 dominae
894 2501 1019 2558 lilia:
1049 2520 1184 2560 mea:
1211 2517 1588 2574 exspectamus
1637 2512 1841 2566 adven-

238 2592 357 2639 tum
396 2603 410 2640 :
451 2586 582 2643 licet
611 2599 662 2645 te
692 2591 854 2646 etiam
898 2593 1062 2650 decus
1093 2606 1338 2652 nostrum
1379 2599 1697 2655 solemnium
1729 2603 1844 2660 die-

235 2688 363 2731 rum
391 2678 535 2734 ratio
560 2681 844 2738 confestim
871 2685 1136 2754 spondeat
1163 2687 1494 2746 adfuturum.
1527 2691 1731 2747 Valete.

841 2817 1059 2875 EPIST.
1100 2819 1238 2876 LXI.

619 2923 930 2967 SYIIACHUS
966 2927 1250 2970 NICOMACIII
1290 2933 1463 2973 FILIIS.

305 2994 465 3051 Felix
499 3000 721 3054 materia
763 3011 846 3055 est
887 3003 1117 3060 suadere
1150 3007 1339 3060 otium.
1369 3008 1474 3064 Sed
1508 3009 1622 3065 ha~c
1645 3011 1839 3066 exhor-

235 3085 371 3142 tatio
416 3087 659 3144 animum
709 3092 791 3146 sui
816 3093 953 3162 juris
981 3096 1226 3166 requirit.
1257 3097 1366 3154 Nos
1396 3115 1571 3169 neque
1601 3101 1838 3160 residere

236 3180 443 3246 patitur
481 3180 759 3238 liventium
792 3185 974 3255 factio,
1025 3203 1124 3244 nec
1170 3189 1265 3243 lilii
1309 3190 1525 3259 juvenis
1575 3194 1840 3250 institutio

236 3269 461 3340 longum
491 3274 844 3343 peregrinari.
877 3279 1054 3345 Quare
1083 3288 1142 3334 ut
1171 3295 1456 3350 possumus
1477 3325 1492 3350 ,
1541 3285 1701 3341 modo
1746 3287 1834 3342 ab-

235 3373 425 3415 scessu
454 3401 471 3427 ,
502 3364 665 3418 modo
695 3367 870 3421 reditu
896 3409 912 3436 ,
943 3372 1212 3426 variamus
1262 3373 1503 3430 locorum
1533 3376 1838 3432 distinctio-

236 3466 378 3505 nem.
414 3452 760 3510 Testimonio
787 3468 870 3512 est
901 3460 1015 3515 hazc
1053 3463 1281 3527 epistola
1308 3502 1324 3529 ,
1374 3466 1682 3521 suburbano
1711 3482 1840 3538 agro

236 3558 406 3611 nuper
437 3548 660 3612 emissa,
688 3563 847 3618 quam
877 3550 944 3606 de
984 3550 1199 3608 Corano
1226 3565 1435 3622 nostro,
1467 3560 1512 3612 si
1559 3560 1691 3614 nihil
1725 3561 1838 3615 dis-

235 3636 409 3702 posita
444 3636 762 3705 turbaverit,
799 3641 903 3695 alia
934 3655 1312 3713 consequetur.
1349 3648 1598 3704 Vestrum
1627 3662 1708 3706 est
1740 3652 1839 3706 hu-

233 3723 472 3792 jusmodi
518 3728 776 3785 absentia:
828 3740 1025 3788 nostra:
1070 3736 1436 3793 conditionem
1490 3741 1682 3796 litteris
1732 3743 1839 3798 fre-

237 3816 531 3881 quentibus
559 3833 777 3889 augere,
810 3824 854 3878 si
879 3825 1084 3894 placet;
1119 3829 1332 3897 juvara,
1361 3831 1407 3885 si
1435 3831 1705 3901 displicet.
1732 3833 1838 3888 Va-

235 3907 357 3967 lete.

827 3987 1043 4045 EPIST.
1087 3990 1248 4047 LXII.

615 4092 928 4136 SYIIIACHUS
963 4098 1247 4139 NICOMACIII
1288 4102 1336 4140 FI
1345 4101 1462 4144 LIIS.

305 4167 494 4238 Legati
540 4171 745 4227 ordinis
761 4175 948 4229 «nostri
975 4191 1042 4231 ex
1074 4192 1171 4231 usu
1200 4179 1334 4234 actis
1361 4179 1608 4235 omnibus
1655 4195 1836 4237 rever-

237 4266 442 4316 terunt.
470 4261 605 4318 Nam
648 4274 703 4321 et
744 4267 976 4323 tironum
1018 4272 1328 4340 conquievit
1373 4271 1620 4340 indictio,
1661 4286 1715 4329 et
1739 4290 1832 4329 ar-

238 4353 380 4420 genti
430 4355 589 4410 nobis
622 4356 753 4411 facta
785 4359 952 4428 gratia
977 4370 1083 4415 est.
1115 4362 1291 4431 Super
1316 4362 1620 4432 impetratis
1653 4375 1828 4421 tamen

238 4441 413 4498 adhuc
458 4455 710 4513 speratur
762 4451 957 4505 oratio.
1006 4451 1158 4507 Nunc
1211 4453 1511 4510 domestica
1551 4463 1608 4511 et
1648 4457 1830 4511 animo

239 4544 421 4591 vestro
464 4538 642 4593 amica
683 4539 990 4612 jungemus.
1038 4545 1158 4600 Stat
1201 4547 1478 4603 nobiscum
1509 4549 1827 4604 valetudinis

240 4623 462 4683 bonum.
478 4627 637 4698 Saepe
661 4632 919 4687 urbanam
940 4639 1414 4692 commorationem
1439 4640 1682 4708 proximo
1705 4656 1828 4695 rure

240 4714 640 4788 distinguimus.
674 4723 798 4778 Sola
826 4739 926 4781 nos
953 4728 1118 4782 ’θεειτὶ
1146 4730 1390 4784 absentia
1434 4741 1692 4785 macerat.
1720 4731 1827 4787 Sed

241 4807 288 4860 si
335 4811 383 4864 in
424 4825 776 4884 conspectum
825 4827 1070 4874 nostrum
1118 4836 1347 4890 pr0pere
1394 4824 1680 4889 veneritis;
1730 4839 1830 4878 nos

242 4915 451 4970 quoque
484 4921 764 4962 recursum
795 4921 1032 4966 vestrum
1061 4913 1114 4968 in
1143 4914 1488 4984 Campaniam
1516 4931 1637 4971 cum
1679 4917 1830 4970 volu-

247 5001 388 5059 ptate
411 4998 805 5054 comitabimur.
840 5001 1039 5058 Valete.

813 5132 1026 5190 EPIST.
1068 5135 1246 5190 LXIII.

613 5255 919 5299 SHIIIACIIUS
958 5263 1241 5303 NICOMACIII
1278 5265 1454 5308 FILIIS.

319 5348 416 5405 Per
464 5352 737 5411 hominem
770 5373 947 5413 meum
995 5360 1200 5416 litteras
1244 5361 1518 5417 dederam.
1556 5363 1823 5419 Continuo

241 5439 409 5494 adluit
437 5445 698 5500 Maximus
721 5487 736 5514 ,
766 5449 857 5518 qui
889 5451 1022 5505 alias
1049 5452 1342 5519 postularet
1379 5470 1392 5505 :
1428 5468 1596 5524 quare
1622 5455 1824 5509 saluta-

243 5531 436 5584 tionem
471 5538 752 5604 geminare
784 5555 890 5595 non
918 5543 1106 5610 piguit.
1141 5543 1402 5600 Praeterea
1433 5550 1610 5616 exegit
1637 5563 1824 5604 recens

245 5626 457 5679 nuntius
499 5642 662 5696 super
689 5631 920 5687 adventu
949 5635 1148 5689 domini
1179 5646 1232 5690 et
1261 5637 1516 5707 principis
1546 5640 1736 5705 nostri,
1767 5649 1824 5694 ιιι

246 5726 339 5768 vos
361 5716 424 5771 de
452 5719 626 5775 reditu
655 5738 1086 5794 communercm,
1113 5745 1270 5795 quem
1293 5739 1562 5786 maturare
1593 5731 1818 5797 debetis,

1957 518 2172 587 publico
2202 520 2462 589 iteranda,
2503 537 2806 593 praevertat.
2845 528 3046 586 Valete.

2529 617 2745 671 EPIST.
2789 619 2971 673 LXIV.

2329 718 2639 762 SVIIMACIIUS
2673 725 2954 765 NICOBIACIII
2993 728 3166 768 FILIIS.

2027 798 2344 866 Purgatorio
2391 801 2784 860 medicamento
2823 807 2997 860 alvum
3031 824 3286 866 vacuasse
3327 822 3375 866 te
3405 815 3540 869 scri-

1951 901 2134 956 pseras
2160 929 2175 953 ,
2202 899 2258 942 ut
2301 889 2482 944 fervor
2508 893 2783 948 oculorum
2813 911 2932 950 cum
2972 907 3168 954 czetero
3195 916 3359 959 onere
3386 904 3541 961 dece-

1949 981 2122 1037 deret.
2158 983 2312 1040 Scire
2365 988 2614 1054 postulo,
2669 1005 2735 1043 an
2789 991 3044 1058 praedicta
3097 996 3304 1049 curatio
3350 997 3538 1051 efﬁcax

1949 1072 2131 1142 fuerit,
2158 1091 2257 1128 nec
2282 1078 2550 1146 subegerit
2573 1095 2730 1133 causa
2761 1083 2920 1137 etiam
2949 1087 3226 1155 sanguinis
3252 1089 3540 1145 emissione

1947 1184 2115 1222 venas
2144 1169 2337 1238 iuvari.
2375 1172 2476 1225 Par
2523 1175 2750 1236 requirit
2792 1175 3005 1230 affectio
3031 1217 3045 1242 ,
3092 1188 3344 1247 quantam
3389 1183 3539 1236 vobis

1950 1257 2106 1312 ﬁdem
2146 1259 2302 1314 faciat
2333 1262 2453 1316 lilia:
2479 1277 2614 1318 mea:
2635 1265 2853 1330 sanitas,
2883 1274 2939 1320 ut
2969 1267 3051 1320 his
3077 1282 3140 1322 ex
3164 1279 3286 1322 voto
3313 1271 3538 1339 cognitis

1950 1349 2372 1405 sollicitudinum
2423 1363 2576 1408 acuta
2628 1354 2916 1424 deponam.
2969 1358 3098 1411 Nam
3149 1360 3277 1414 mihi
3326 1363 3395 1414 oh
3437 1363 3537 1416 alia

1949 1453 2162 1508 quoque
2183 1457 2326 1511 aegre
2354 1453 2438 1498 est
2469 1446 2650 1500 turbas
2681 1449 2865 1516 patriae
2890 1451 3164 1518 cogitanti,
3192 1467 3324 1521 quas
3354 1455 3539 1521 praeci-

1952 1546 2054 1599 pue
2101 1543 2316 1588 movent
2356 1536 2407 1588 in
2455 1551 2608 1590 usum
2659 1538 2945 1594 militarem
3002 1542 3165 1609 petita
3204 1544 3440 1598 servilia.
3475 1546 3540 1601 Et

1950 1637 2048 1678 nos
2077 1625 2290 1692 quidem
2321 1627 2527 1682 crebris
2557 1629 2802 1697 precibus
2845 1632 3156 1697 obnitimur,
3187 1645 3242 1689 et
3276 1635 3416 1690 diem
3443 1637 3538 1690 du-

1950 1714 2126 1768 cimus
2151 1717 2530 1784 supp'icando;
2553 1719 2771 1788 jamque
2801 1720 2866 1774 ad
2893 1723 3120 1789 pretium
3152 1727 3354 1794 argenti
3379 1727 3536 1795 quin-

1879 1783 1924 1841 Β
1951 1821 2054 1875 que
2098 1807 2354 1862 librarum
2399 1809 2590 1864 misera
2636 1811 2904 1866 oblatione
2946 1825 3258 1882 perventum
3290 1828 3394 1872 est.
3427 1820 3534 1874 Sed

1951 1913 2167 1963 vereor,
2219 1915 2288 1955 ne
2337 1916 2434 1955 nos
2462 1902 2684 1956 alterius
2714 1905 2789 1958 rei
2831 1904 2954 1975 fuga
2999 1916 3225 1976 utroque
3254 1910 3535 1977 despoliet.

1950 1991 2242 2048 Prmlectus
2283 1994 2491 2064 agendo
2539 1999 2754 2066 negotio
2799 1999 3015 2066 segnior
3041 2001 3219 2066 visus,
3251 2001 3537 2071 Lampadio

1947 2097 2264 2140 successore
2307 2095 2546 2140 mutatus
2574 2097 2691 2154 est,
2723 2087 2877 2157 cujus
2922 2089 3160 2145 moribus
3197 2092 3537 2149 crediderunt

1947 2176 2302 2245 impossibilia
2351 2182 2678 2247 promoveri.
2723 2182 2873 2237 Nunc
2921 2193 3066 2252 peto,
3098 2194 3156 2239 ut
3203 2201 3288 2240 me
3314 2187 3536 2242 anxium

1946 2269 2150 2336 majore
2176 2285 2325 2340 cura,
2372 2286 2493 2340 quae
2520 2287 2620 2326 vos
2652 2274 2890 2342 respicit,
2921 2276 3169 2332 elevetis.
3201 2276 3332 2331 Nam
3363 2278 3537 2333 adhuc

1945 2361 2243 2418 discrucior
2284 2363 2488 2418 incerto
2519 2379 2617 2434 per
2642 2380 2845 2420 moram
2876 2369 3097 2434 servuli,
3127 2369 3219 2438 qui
3246 2369 3444 2425 dudum
3471 2373 3536 2425 ad

1946 2466 2041 2506 vos
2087 2454 2158 2508 ob
2206 2455 2394 2510 eadem
2439 2457 2711 2512 noscenda
2755 2459 2990 2528 missus,
3024 2461 3252 2516 necdum
3293 2463 3534 2518 revertit.

1944 2544 2151 2601 Valete.

2530 2639 2748 2696 EPIST.
2793 2642 2950 2696 LXV.

2319 2746 2625 2786 SYMIIACBUS
2664 2747 2948 2788 NICOIIACIII
2988 2749 3160 2788 FILIIS.

2013 2818 2304 2876 Scribenda
2333 2837 2441 2877 non
2468 2823 2704 2889 desunt,
2751 2823 2846 2878 sed
2895 2824 3081 2878 horret
3131 2824 3342 2878 animus
3389 2825 3532 2893 loqui

1942 2911 2074 2965 dura
2105 2921 2426 2966 memoratu.
2455 2910 2629 2966 Video
2655 2920 2831 2967 tamen
2877 2912 3072 2967 famam
3102 2928 3278 2968 rerum
3308 2915 3531 2969 urbana-

1943 3018 2060 3056 rum
2091 3017 2425 3072 nequaquam
2459 3019 2617 3073 posse
2641 3004 2906 3070 cohiberi,
2951 3020 3090 3074 qute,
3139 3014 3198 3060 ut
3227 3007 3341 3061 ﬁeri
3368 3017 3532 3074 amat,

1945 3093 1999 3148 in
2027 3094 2199 3162 majus
2227 3097 2515 3164 praesentia
2548 3097 2838 3151 nuntiabit.
2867 3095 2922 3151 ld
2955 3112 3022 3152 ne
3051 3097 3279 3163 accidat,
3312 3097 3529 3153 Brevia-

1944 3186 2026 3240 rio
2051 3187 2234 3242 addito
2261 3188 2530 3243 noscenda
2559 3189 2915 3246 discrevimus
2952 3209 2964 3244 :
3012 3199 3072 3246 ut
3116 3205 3290 3260 neque
3317 3191 3530 3258 littera,

1943 3290 2063 3344 qute
2091 3277 2243 3331 vobis
2266 3277 2645 3335 salutationem
2670 3279 2871 3347 ferunt,
2913 3280 2982 3335 de
3006 3281 3254 3336 sollicitis
3281 3282 3530 3336 amaritu-

1942 3367 2121 3421 dinem
2174 3369 2429 3437 trahant,
2475 3379 2532 3425 et
2578 3370 2928 3426 nihilominus
2959 3374 3234 3426 rumorum
3268 3373 3532 3427 licentiam

1942 3459 2076 3515 ﬁdes
2104 3460 2407 3530 scriptionis
2437 3461 2707 3518 excludat.
2737 3463 2842 3519 Sed
2870 3463 2938 3519 de
2969 3462 3053 3516 his
3082 3463 3358 3518 hactenus.
3388 3463 3537 3517 Filiae

1941 3567 2077 3607 mea:
2108 3553 2354 3609 valetudo
2381 3554 2598 3624 gravior
2627 3555 2757 3609 mihi
2794 3554 3008 3610 caeteris
3036 3562 3140 3620 est,
3171 3553 3365 3618 quibus
3396 3568 3537 3607 nunc

1938 3643 2152 3699 animus
2195 3657 2498 3713 asperatur.
2551 3646 2814 3715 Exspecto
2861 3647 3023 3716 igitur
3067 3653 3129 3699 ut
3181 3645 3282 3708 illi,
3314 3645 3423 3698 Deo
3449 3644 3529 3711 ju-

1939 3743 2098 3790 vante
2121 3775 2137 3800 ,
2187 3735 2252 3790 ad
2281 3738 2508 3792 salutem
2537 3752 2661 3794 esse
2705 3739 2882 3793 omnia
2936 3738 3218 3792 nuntietis.
3251 3737 3326 3791 De
3351 3751 3455 3805 qua
3486 3738 3530 3790 si

1936 3836 2066 3883 voto
2093 3838 2219 3898 apta
2246 3844 2582 3901 comperero,
2616 3846 2738 3900 pars
2770 3833 2871 3886 ista
2909 3831 3084 3884 solatii
3114 3845 3367 3886 curarum
3393 3844 3529 3899 quo-

1937 3935 2042 3989 que
2066 3935 2308 3976 mearum
2339 3922 2544 3993 reliqua
2572 3922 2854 3988 tnitigabit.
2889 3921 3098 3976 Valete.

2515 4013 2732 4069 EPIST.
2773 4012 2958 4068 LXVI.

2308 4117 2620 4158 εγιιωοιιυε
2659 4119 2941 4159 NICOIIACIII
2981 4118 3155 4158 FILIIS.

2005 4191 2198 4247 Paucis
2241 4207 2270 4246 a
2302 4194 2472 4261 patria
2501 4194 2689 4248 diebus
2717 4193 2983 4247 abluimus
3007 4232 3024 4258 ,
3073 4201 3130 4247 et
3175 4189 3526 4246 theatralibus

1933 4281 2073 4336 ludis
2103 4281 2333 4336 reditum
2368 4292 2606 4337 nostrum
2637 4283 2886 4351 suffragia
2917 4284 3113 4337 civium
3141 4292 3524 4351 poposcerunt.

1936 4370 2044 4426 Nos
2088 4378 2267 4426 tamen
2310 4375 2471 4425 etiam
2522 4387 2664 4426 nunc
2700 4372 3062 4426 suburbanum
3113 4373 3212 4426 vite
3256 4370 3524 4426 Ostiensis

1933 4461 2214 4516 incolimus
2239 4502 2256 4528 ,
2289 4476 2563 4516 recursum
2601 4463 2861 4530 tantisper
2911 4470 3205 4526 morantes,
3236 4477 3302 4515 ne
3332 4476 3518 4530 preces

1935 4560 2278 4620 exspectasse
2324 4552 2621 4608 videamur.
2653 4553 2807 4619 Quod
2854 4553 2900 4608 si
2949 4553 3123 4607 facere
3163 4568 3229 4608 ex
3258 4553 3524 4607 sententia

1936 4643 2210 4712 religionis
2242 4652 2345 4698 tua:
2376 4653 2533 4697 antea
2565 4644 2853 4698 voluissem
2881 4684 2897 4708 ,
2944 4653 3001 4699 et
3037 4645 3286 4698 vitassem
3321 4645 3523 4711 pericu-

1936 4731 2073 4796 losa,
2106 4749 2226 4801 qnte
2260 4742 2379 4800 post
2406 4743 2590 4788 secuta
2622 4743 2770 4800 sunt,
2804 4744 2858 4788 et
2887 4737 3219 4804 exspectatio
3263 4737 3365 4790 mei
3407 4735 3523 4806 plus

1934 4824 2208 4892 dignitatis
2241 4825 2535 4881 habuisset.
2560 4827 2665 4882 Sed
2691 4843 2794 4881 una
2825 4828 2920 4882 fuit
2946 4827 3103 4897 hujus
3129 4830 3336 4883 consilii
3365 4830 3522 4893 ratio,

1935 4931 2005 4970 ne
2033 4916 2344 4986 quihusdam
2392 4918 2512 4973 loco
2543 4919 2727 4986 pulsus
2753 4919 2988 4986 viderer,
3029 4927 3084 4975 et
3109 4919 3410 4975 verecunda
3444 4921 3524 4975 di-

1933 5007 2136 5064 scessio
2165 5017 2400 5063 verteret
2443 5011 2496 5063 in
2545 5018 2724 5064 notam
2763 5010 3080 5065 timiditatis.
3115 5011 3190 5065 De
3221 5011 3402 5066 Siculo
3430 5027 3521 5064 ne-

1934 5097 2078 5166 gmio
2103 5107 2284 5153 vestro
2307 5109 2526 5155 sanctus
2543 5102 2813 5154 Comazon
2840 5117 2926 5156 me
2957 5115 3169 5170 quoque
3196 5101 3524 5157 assentiente

1936 5192 2230 5262 rescripsit.
2251 5190 2405 5245 Circa
2435 5207 2549 5247 rem
2579 5205 2816 5248 nostram
2839 5194 3072 5249 Siculam
3104 5193 3373 5250 turbidum
3401 5209 3522 5249 esse

1935 5281 2238 5338 Nectarium
2270 5283 2468 5338 indicio
2511 5292 2672 5338 erunt
2697 5286 2908 5346 litterae,
2938 5300 3071 5354 quas
3099 5303 3271 5355 nuper
3296 5287 3519 5341 Euscius

1939 5373 2105 5428 misit.
2130 5372 2262 5426 Peto
2291 5387 2418 5442 ergo
2441 5416 2453 5440 ,
2503 5384 2558 5426 ut
2587 5374 2748 5429 homo
2777 5390 2954 5429 rerum
2989 5376 3222 5444 nescius,
3249 5378 3337 5444 qui
3364 5375 3518 5430 cubi-

1933 5463 2056 5517 culo
2079 5463 2296 5518 clausus
2321 5463 2488 5518 otittm
2515 5464 2678 5532 lavet,
2705 5465 2908 5535 scripto
2944 5483 2972 5520 a
3003 5468 3154 5522 vobis
3183 5477 3519 5533 coerceatur,

1933 5569 2000 5608 ne
2028 5562 2148 5623 post
2175 5553 2242 5607 de
2267 5553 2464 5609 Euscio
2495 5557 2651 5610 aliter
2681 5557 2898 5622 sentiat,
2929 5558 2972 5628 si
3002 5557 3225 5611 validius
3248 5555 3395 5624 justo
3421 5573 3518 5612 no-

1931 5655 2039 5697 stra
2065 5641 2386 5698 defenderit.
2409 5645 2584 5715 lpsarn
2614 5645 2848 5701 hominis
2873 5645 3041 5700 nostri
3063 5646 3343 5712 epistolam
3372 5650 3514 5711 misi,

1935 5744 1991 5792 ut
2014 5736 2328 5792 tentanteuti
2354 5736 2694 5796 insolentiam
2722 5738 2790 5794 de
2820 5737 2936 5801 eius
2960 5736 3196 5794 moribus
3217 5740 3516 5804 testimelis.
