4046 6170
530 303 639 362 283

1710 299 1776 366 ρ.
1819 297 2164 353 AUltELIUS
2201 295 2647 354 SYIIMACIIUS.

3706 308 3806 366 284

530 440 688 495 quem
715 431 920 479 certum
952 430 1038 477 est
1059 436 1089 476 a
1127 419 1282 475 nobis
1308 416 1450 471 nolle
1480 411 1821 482 reprehendi.
1851 411 2112 466 I’etieram
2146 413 2192 469 Α
2220 407 2442 462 discidia
2469 409 2941 480 sarciuntur:quia
2967 412 3362 469 festinationem
3394 413 3646 470 solidilali
3676 433 3805 472 co..-

529 516 896 588 superioribus
926 513 1140 583 scriptis
1170 523 1227 566 ut
1252 507 1531 566 Puteolani
1563 504 1797 574 praetorii
1826 503 1930 557 mei
1958 503 2116 564 latus,

530 623 636 678 quo
664 611 768 662 itur
794 606 860 660 ad
905 606 1120 660 balneas
1146 647 1162 672 ,
1192 602 1546 667 dispositione
1584 597 1706 651 clivi
1739 596 1998 650 mollioris
2025 609 2118 648 or-

529 715 709 755 nares.
740 699 796 754 Si
831 698 988 751 dilata
1017 709 1106 751 res
1134 707 1239 759 εει,
1289 703 1412 762 peto
1444 703 1654 755 rursus,
1688 686 1853 741 facias
1889 703 1905 741 :
1943 684 1989 740 si
2021 685 2119 738 im-

531 791 696 861 pleta,
730 789 988 856 rescribe,
1021 802 1127 856 quo
1156 786 1438 852 gaudeam.
1471 780 1624 835 Vale.

1093 876 1310 932 EPIST.
1351 872 1561 928 LXVII.

898 984 1208 1026 SYMIIACIIUS
1247 981 1534 1024 NICOHACIII
1573 979 1748 1020 FILIIS.

515 1131 522 1134 _
602 1067 800 1121 Verum
829 1077 941 1132 est,
977 1063 1200 1133 nequire
1231 1063 1502 1115 hominem
1531 1070 1721 1114 cuncta
1757 1056 1958 1127 pariter
1993 1061 2120 1109 voto

529 1159 701 1212 amica
728 1155 930 1211 sortiri.
954 1154 1165 1222 Quanto
1191 1152 1513 1206 luculentius
1537 1150 1768 1203 natalem
1800 1146 1930 1201 mihi
1955 1144 2116 1209 diem,

529 1249 574 1303 si
621 1245 968 1308 adfuissctis,
1017 1243 1284 1313 egissem?
1339 1241 1480 1310 quod
1530 1241 1580 1294 in
1627 1239 1889 1308 reliquum
1939 1234 2116 1289 saltim

529 1341 831 1396 numerosis
875 1354 1137 1392 annorum
1189 1335 1530 1406 proceSsibus
1569 1333 1677 1387 fors
1707 1340 1855 1388 orata
1890 1339 2116 1400 praesta-

531 1433 626 1486 bit.
657 1432 900 1496 Interea,
951 1430 1166 1484 domina
1215 1428 1363 1493 ﬁlia,
1411 1426 1729 1480 honoratum
1779 1439 1866 1477 me
1914 1421 2118 1490 Optimo

532 1524 744 1579 laniﬁcii
776 1525 850 1577 tui
882 1531 1229 1577 monumento
1269 1520 1402 1574 satis
1430 1518 1658 1588 gaudeo.
1695 1516 1808 1572 Una
1838 1513 2037 1585 quippe
2064 1518 2120 1564 et

529 1631 681 1670 amor
710 1617 764 1669 in
797 1625 1068 1682 parentem
1100 1623 1274 1679 tuum,
1323 1621 1377 1666 et
1405 1611 1664 1666 industria
1694 1608 2005 1662 matronalis
2032 1606 2115 1660 in-

529 1708 740 1760 claruit.
774 1707 862 1760 Sic
890 1707 1078 1774 priscae
1113 1705 1323 1760 femina:
1353 1705 1512 1757 vitam
1545 1701 1775 1756 coluisse
1815 1700 2113 1753 traduntur.

2224 501 2366 555 ditor
2397 502 2598 571 primus
2624 512 2749 558 ante
2781 505 2922 572 tulit,
2949 514 3007 559 et
3035 507 3304 574 antiquior
3331 511 3378 560 ei
3409 513 3519 562 visa
3565 519 3654 562 est
3672 511 3808 565 cele-

2222 594 2354 648 ritas
2380 593 2587 661 utendi,
2616 609 2775 664 quam
2800 596 3064 651 securitas
3087 597 3510 652 succedentium;
3542 599 3648 653 Vos
3677 614 3806 655 nova

2222 696 2276 741 et
2299 701 2472 740 savum
2497 702 2750 742 mansura
2778 688 3040 743 molimini
3067 707 3080 742 :
3104 688 3369 758 siquidem
3401 705 3580 744 sermo
3606 689 3810 747 distulit

2222 780 2467 848 quadam
2517 793 2614 833 vos
2660 779 2958 835 .Iucullanis
3005 781 3260 849 operibus
3302 781 3563 850 mquanda
3594 781 3807 837 fecisse.

2221 871 2332 927 Nec
2376 879 2558 926 tamen
2589 873 2742 927 vobis
2779 872 3031 943 impendii
3065 872 3428 940 magnitudine
3467 873 3809 928 cesserimus.

2225 965 2328 1018 Par
2368 966 2511 1018 enim
2561 973 2806 1033 sumptus
2849 974 2972 1029 est,
3021 965 3190 1020 semel
3239 964 3408 1019 solida
3444 966 3711 1022 collocare
3759 975 3813 1022 et

2222 1072 2367 1128 saepe
2395 1057 2662 1128 integrare
2689 1057 2954 1112 cadentia.
2977 1057 3126 1114 Vale.

2792 1150 3008 1206 .EPIST.
3050 1151 3237 1208 LXXI.

2591 1257 2903 1298 SYIIACHUS
2938 1260 3223 1300 NICOIIACIII
3265 1260 3435 1300 FILIIS.

2295 1331 2568 1401 lndulgete
2597 1333 2810 1388 deliciis
2829 1375 2845 1398 ,
2875 1335 3088 1404 quando
3131 1335 3199 1390 ita
3234 1345 3392 1390 terra:
3434 1351 3497 1390 ac
3528 1337 3692 1391 maris
3720 1351 3811 1392 co-

2225 1425 2323 1492 piis
2351 1425 2687 1492 redundatis,
2722 1436 2779 1480 ut
2805 1427 2959 1482 vobis
2988 1427 3348 1496 pollucibilem
3381 1432 3576 1483 victum
3610 1429 3807 1483 utrius-

2221 1536 2326 1589 que
2371 1519 2626 1575 elementi
2675 1520 2944 1576 ministret
2984 1523 3278 1589 opulentia.
3323 1522 3470 1586 Nos.
3511 1523 3639 1576 satis
3683 1532 3807 1588 est,

2221 1613 2362 1681 quod
2398 1613 2636 1666 omnium
2661 1653 2676 1675 ,
2729 1629 2848 1681 quas
2886 1613 3081 1683 capitis
3107 1657 3121 1679 ,
3178 1628 3326 1680 parte
3353 1614 3648 1669 drfruitnut'
3674 1615 3812 1668 adeo

2223 1701 2463 1770 largiter,
2511 1712 2566 1756 ut
2604 1704 2704 1772 ipsi
2753 1719 2966 1772 quoque
3012 1704 3209 1775 opimis
3253 1704 3476 1774 dapibus
3505 1705 3809 1760 afﬁnamus.

530 1801 597 1854 Et
625 1800 739 1852 illas
785 1799 1000 1867 quidem
1028 1799 1339 1854 deliciarum
1369 1797 1551 1850 sterile
1593 1795 1848 1850 sacculum
1879 1791 2029 1857 colo,
2056 1800 2110 1845 et
2141 1785 2186 1846 Β
2219 1796 2424 1851 Valete.

531 1891 648 1945 telis
673 1892 908 1944 animum
934 1890 1158 1958 jubebat
1185 1889 1466 1944 intendere
1506 1904 1522 1942 :
1564 1889 1688 1957 quia
1715 1887 1966 1941 illecebra
1995 1899 2113 1938 ces-

529 1991 681 2036 sante
712 1991 1013 2049 temporum
1040 1981 1252 2035 vivitur.
1280 1979 1403 2034 Tibi
1432 1993 1578 2041 vero,
1607 1987 1660 2032 et
1691 1977 1831 2031 Baite
1857 1977 2114 2043 apposita:

528 2088 711 2128 curam
744 2073 906 2127 sobrii
953 2073 1132 2141 operis
1161 2071 1451 2126 detrahere
1481 2085 1586 2124 non
1625 2077 1867 2138 possunt.
1901 2067 2114 2122 Renun-

530 2165 632 2219 tias
661 2175 846 2235 stagna
889 2163 1260 2229 verrentibus,
1295 2171 1350 2216 et
1376 2162 1618 2216 residens
1647 2171 1736 2213 aut
1762 2157 2115 2213 obambulms

529 2259 668 2312 inter
697 2271 858 2326 pensa
885 2268 938 2312 et
965 2256 1234 2324 foragines
1264 2254 1561 2324 puellarum
1591 2294 1607 2320 ,
1650 2267 1784 2322 quas
1809 2251 1951 2306 solas
1975 2250 2116 2304 arbi-

529 2350 690 2402 traris
733 2361 896 2402 sexus
948 2346 1023 2401 tui
1070 2347 1311 2400 delicias.
1345 2345 1535 2400 Merito
1584 2343 1745 2414 igitur
1785 2352 1836 2398 te
1862 2357 2003 2402 amo.
2035 2341 2118 2395 di-

527 2453 794 2508 gnamque
820 2439 936 2493 viro
969 2450 1058 2492 tuo
1081 2437 1526 2508 judico-.quando
1553 2436 1709 2490 nobis
1740 2449 1890 2504 teque
1922 2434 2036 2488 laus
2063 2442 2118 2488 et

527 2535 772 2603 voluptas
797 2549 862 2587 ex
910 2534 1052 2587 illius
1091 2532 1421 2602 perfectione
1458 2529 1748 2586 adventitia
1772 2570 1788 2595 ,
1829 2538 1884 2584 et
1922 2543 1987 2584 ex
2027 2535 2116 2581 tua

527 2627 790 2698 probitate
816 2626 1043 2697 genuina
1075 2635 1178 2680 est.
1211 2624 1365 2679 Vale.

1081 2717 1296 2772 EPIST.
1340 2714 1566 2771 LXVIII.

893 2823 1205 2865 SYIMACIIUS
1243 2823 1326 2864 ΜΟ
1344 2823 1525 2863 )ΙΑοΗΙ
1567 2822 1740 2861 ιηωιε.

596 2903 914 2970 Quanquam
936 2915 1174 2969 sperem.
1199 2900 1414 2969 praefata
1445 2900 1534 2953 Dei
1559 2901 1736 2959 venia,
1758 2911 1885 2949 mox
1918 2895 1968 2949 iu
1991 2908 2119 2949 con-

526 3003 772 3063 spectum
803 3001 1044 3047 mtttuum
1080 3006 1179 3048 nos
1204 3007 1327 3046 esse
1356 3002 1613 3045 venturos
1654 3005 1669 3044 :
1707 2998 1884 3042 tamen
1927 2985 2120 3040 litteris

526 3086 798 3142 absﬁnere
842 3101 948 3140 non
979 3085 1178 3151 debui,
1223 3101 1291 3139 ne
1319 3084 1464 3153 quod
1513 3094 1725 3151 tempus
1771 3079 2120 3136 familiaribus

527 3186 737 3233 careret
763 3177 978 3232 ofﬁciis.
999 3177 1164 3233 Sume
1188 3175 1347 3245 igitur
1369 3175 1700 3244 praslibatam
1720 3173 2118 3240 salutationem,
2148 3154 2195 3215 C

528 3284 688 3338 quam
727 3269 820 3321 tibi
857 3267 984 3323 boni
1013 3266 1235 3334 auSpicii
1277 3267 1450 3335 gratia
1478 3265 1656 3320 adhuc
1685 3265 1828 3336 stylo
1860 3265 2124 3335 impendi-

529 3373 669 3424 mus,
701 3357 796 3414 sed
823 3371 954 3412 voce
983 3358 1226 3427 proxime
1254 3355 1580 3412 deferemus.
1601 3356 1751 3412 Vale.

1109 3471 1321 3526 EPIST.
1364 3468 1547 3524 LXIX.

910 3579 1214 3619 SYIIIIACIIUS
1255 3579 1533 3619 Μεοιιλεξιι
1575 3579 1748 3618 ειιιιιε.

604 3655 843 3728 Eleganti
874 3664 1181 3712 commento
1210 3656 1482 3710 silentium
1512 3666 1747 3710 vestrum
1771 3667 1998 3725 purgare
2026 3671 2120 3706 vo-

533 3749 732 3804 luistis.
780 3749 1023 3818 Allegata
1063 3757 1146 3802 est
1184 3749 1327 3803 enim
1369 3747 1576 3802 cauti-la
1623 3746 1853 3801 tristium
1906 3746 2118 3800 nuntio-

533 3856 676 3904 rum,
707 3840 942 3910 quandiu
973 3839 1206 3894 secunda
1237 3840 1586 3894 succederent
1624 3857 1638 3892 :
1683 3847 1741 3893 ut
1768 3853 1853 3904 ea,
1885 3853 2004 3908 quae
2035 3839 2120 3892 iu-

531 3933 802 3988 termissio
819 3931 1126 4002 scriptionis
1145 3941 1272 3986 ante
1292 3936 1580 3996 celaverat,
1601 3932 1894 3987 laetioribus
1912 3931 2121 3986 indiciis

533 4024 913 4092 proderentur.
944 4023 1050 4080 Sed
1081 4019 1240 4075 nobis
1266 4036 1323 4079 et
1357 4023 1448 4078 illa
1483 4039 1576 4093 per
1609 4026 1825 4078 nuntios
1857 4023 2118 4092 incognita

534 4128 640 4168 non
694 4114 944 4182 fuerunt,
978 4123 1028 4170 et
1075 4114 1187 4169 hate
1210 4129 1324 4170 sera
1357 4115 1643 4168 admodum
1673 4115 1784 4168 visa
1832 4125 1976 4168 sunt.
2008 4113 2120 4167 Au-

529 4205 689 4272 gebat
730 4205 874 4260 enim
923 4219 1200 4260 rumorum
1259 4205 1532 4260 licentiam
1578 4205 1814 4273 suspicio
1858 4193 2119 4260 cessantis

529 4296 713 4350 officii.
737 4297 799 4351 Et
829 4305 1004 4351 tamen
1028 4311 1348 4353 succensere
1371 4313 1475 4351 non
1501 4312 1802 4366 possumus,
1834 4310 2117 4368 postquam

529 4389 696 4455 gratia
746 4389 1090 4457 praesentium
1141 4388 1440 4443 litterarum
1494 4391 1807 4444 memoriam
1860 4388 2117 4458 praeteriti

529 4478 733 4532 doloris
775 4479 993 4534 exemit.
1039 4480 1195 4535 Modo
1241 4492 1514 4536 memento
1571 4497 1752 4536 curam
1797 4483 1920 4553 styli
1977 4483 2116 4537 inter

531 4570 797 4640 praecipua
825 4579 879 4626 et
905 4575 1074 4640 prima
1123 4574 1337 4638 sortiri;
1381 4590 1448 4628 ne
1479 4574 1635 4644 hujus
1666 4575 1901 4644 exempli
1933 4590 2113 4629 recor-

527 4661 674 4715 datio
704 4661 934 4730 majores
976 4663 1152 4719 denuo
1182 4675 1358 4719 metus
1401 4665 1629 4732 afferat,
1679 4666 1802 4720 dum
1842 4666 2114 4721 credimus

527 4754 628 4808 sub
655 4758 1057 4826 exspectatione
1099 4759 1382 4815 meliorum
1431 4775 1619 4815 rursus
1667 4760 1841 4831 aliqua
1888 4760 2113 4816 adversa

528 4846 765 4902 rcticeri.
790 4847 997 4905 Valete.

1107 4920 1326 4978 EPIST.
1368 4921 1531 4976 LXX.

899 5028 1210 5069 SYIIACHUB
1246 5029 1399 5070 Μοοκ
1409 5030 1530 5069 ACIII
1571 5030 1741 5068 FILIIS.

597 5103 695 5156 Diu
737 5104 807 5158 ab
851 5106 992 5176 ston
1038 5105 1214 5161 fateor
1247 5113 1597 5176 temperasse.
1628 5105 1767 5160 Nihil
1801 5105 1941 5160 enim
1971 5106 2112 5176 quod

523 5194 908 5262 scriberemus,
957 5199 1198 5252 emersit.
1229 5197 1428 5251 Salutis
1475 5207 1653 5252 autem
1699 5205 1893 5252 vestra":
1936 5196 2112 5252 laetam

523 5285 685 5341 ﬁdem
715 5284 784 5340 de
815 5285 1217 5343 adventantium
1258 5303 1511 5343 sermone
1539 5289 1836 5359 capiebam.
1871 5288 2111 5344 Tandem

522 5377 881 5432 cessationem
913 5377 1042 5433 vicit
1085 5379 1320 5434 affectio.
1357 5381 1687 5448 lleparamns
1718 5380 1880 5450 igitur
1905 5395 2111 5435 morem

523 5467 766 5524 dicendae
791 5468 1001 5534 salutis,
1029 5471 1182 5524 vacui
1213 5473 1452 5525 omnimn
1481 5473 1837 5543 negotiorum.
1867 5473 1994 5527 Post
2009 5473 2114 5542 Ty-

525 5559 732 5615 burtem
773 5561 968 5630 quippe
993 5563 1350 5616 secessionem
1390 5564 1574 5617 Romae
1602 5565 1708 5618 otia
1742 5565 1883 5618 lenta
1917 5567 2113 5632 produ-

525 5649 715 5708 cimus.
771 5654 878 5710 Sed
934 5671 1040 5710 non
1101 5668 1484 5725 usquequaque
1539 5657 1866 5724 agendarum
1932 5674 2111 5714 rerum

525 5754 710 5797 sumus
758 5744 991 5802 desides.
1039 5746 1169 5802 Nam
1217 5747 1358 5805 domi
1419 5757 1796 5814 corruptorum
1843 5750 2111 5815 parietum

2773 1889 2988 1944 IiPIS'I‘.
3035 1890 3244 1945 LXXII.

2592 1994 2898 2035 SVMNACHUS
2938 1997 3220 2037 NICOIIACIII
3261 1998 3435 2040 FILIIS.

2291 2071 2484 2124 Patria:
2533 2087 2597 2125 ac
2645 2073 2931 2142 penatibus
2973 2073 3197 2139 redditi,
3224 2074 3467 2142 quzrdam
3512 2074 3709 2144 quibus
3735 2072 3813 2128 of-

2220 2161 2556 2217 fenderemnr
2585 2164 2890 2219 invenimus
2922 2181 2938 2219 :
2972 2165 3232 2236 siquidem
3275 2164 3520 2220 Ostiense
3551 2165 3814 2236 praedium

2220 2269 2458 2309 nosuum
2492 2255 2748 2325 frequens
2778 2257 2953 2326 pulsat
2977 2258 3282 2327 impressio.
3311 2257 3417 2312 Sed
3444 2257 3486 2311 si
3509 2257 3658 2312 vobis
3691 2272 3816 2326 pro-

2219 2363 2376 2416 spere
2427 2356 2606 2416 optata
2652 2349 2983 2417 procedunt,
3016 2356 3266 2417 praestate
3316 2347 3518 2402 litteras
3541 2391 3555 2415 ,
3583 2362 3816 2418 quarum

2220 2439 2402 2493 lattitia
2427 2447 2631 2508 tergeat
2652 2440 2848 2494 nubem
2879 2439 3160 2506 prmscntis
3193 2439 3422 2508 injuriae.
3438 2436 3593 2495 Vale.

2763 2530 2977 2585 EPIST.
3019 2529 3249 2584 LXXIII.

2596 2635 2908 2677 εγιωλωιυε
2946 2636 3229 2676 ΝΙΟΟΙΙΑΟῙΙΙ
3269 2633 3444 2675 ῖιιιις.

2293 2712 2499 2767 Renum
2532 2713 2717 2768 dolore
2744 2713 3060 2768 discrucior.
3085 2712 3189 2767 Sed
3217 2729 3284 2768 ne
3315 2711 3485 2780 major
3512 2711 3578 2766 ad
3600 2721 3817 2766 vestras

2220 2822 2376 2862 aures
2407 2807 2549 2862 fama
2578 2807 2875 2876 perveniat,
2904 2818 3221 2878 praesentem
3253 2815 3458 2861 statum
3490 2806 3820 2862 valetudinis

2223 2899 2460 2954 breviter
2516 2901 2764 2954 iudicavi.
2813 2899 2944 2955 Cum
2995 2899 3114 2954 laeta
3160 2901 3558 2964 successerint,
3607 2913 3818 2954 morem

2221 3007 2400 3048 meum
2415 2992 2803 3051 secutus.dabo
2828 2993 2893 3044 ad
2918 3006 3015 3046 vos
3039 2993 3286 3060 paginam
3307 2992 3587 3048 laetiorem.
3604 2990 3817 3046 Valete.

2766 3083 2983 3140 EPIST.
3025 3083 3262 3139 LXXIV.

2593 3189 2903 3230 εῖιιηλοηυε
2941 3191 3226 3230 ΝΙΟΟἋᾹΩΠΙ
3265 3189 3438 3228 FILIIS.

2295 3269 2412 3324 Non
2444 3268 2637 3323 frustra
2670 3269 2929 3325 hactenus
2961 3284 3216 3337 responsa
3246 3269 3569 3323 distulimus.
3597 3268 3819 3323 Tracta~

2227 3369 2311 3415 tus
2341 3359 2486 3414 enim
2533 3361 2727 3427 uegetii
2776 3369 2833 3415 et
2875 3359 3183 3414 chartarum
3225 3358 3564 3428 investigatio
3610 3373 3821 3413 moram

2221 3451 2349 3519 justi
2379 3453 2634 3521 temporis
2660 3452 2965 3520 exigebant.
2996 3453 3120 3507 Haec
3147 3452 3234 3506 ubi
3264 3451 3511 3506 absoluta
3539 3459 3692 3517 sunt,
3720 3468 3822 3506 cae-

2226 3545 2375 3611 teris,
2406 3559 2527 3614 qua:
2555 3557 2732 3598 causa:
2770 3546 2941 3613 poscit
2976 3544 3278 3609 instructio,
3312 3543 3646 3612 reciprocum
3682 3544 3823 3598 litte-

2225 3649 2404 3688 rarum
2436 3649 2630 3688 munus
2660 3633 2974 3703 adjecimus.
3021 3633 3121 3703 Ipsi
3151 3637 3294 3688 enim
3329 3635 3511 3688 multis
3547 3633 3818 3688 obstanti-

2226 3724 2324 3779 bus
2349 3727 2516 3790 curis,
2566 3726 2668 3780 iter
2695 3724 2763 3780 ad
2794 3739 2892 3779 vos
2918 3727 3201 3794 nequimus
3225 3726 3488 3794 arripere.
3517 3723 3824 3780 Consilium

2227 3829 2424 3885 tamen,
2457 3819 2600 3889 quod
2633 3819 2980 3874 transactioni
3013 3829 3205 3874 vestra;
3236 3833 3513 3888 possemus
3531 3819 3822 3880 adhibere.

2223 3912 2548 3967 cumulatius
2573 3926 2639 3966 ex
2669 3911 2775 3964 alio
2805 3921 3026 3980 parente
3055 3911 3298 3981 capietis.
3320 3911 3421 3977 Qui
3444 3910 3544 3966 etsi
3571 3910 3824 3980 adjutoru

2224 4021 2329 4058 non
2382 4005 2618 4072 indiget,
2659 4003 2965 4073 dignabitur
3013 4014 3190 4058 tamen
3235 4003 3306 4057 ob
3351 4003 3532 4058 inania
3579 4003 3717 4072 fori,
3768 4013 3821 4058 ct

2222 4098 2425 4150 sutelas
2470 4107 2718 4151 veterum
2769 4097 3158 4160 formularum,
3191 4105 3433 4152 sanctum
3465 4094 3822 4152 Prosdocium

2224 4189 2522 4258 pacatolari
2548 4201 2862 4243 :venturum
2886 4189 2952 4244 ad
2985 4204 3081 4244 vos
3114 4192 3378 4260 protinus,
3403 4203 3522 4244 cum
3555 4189 3822 4260 reliquias

2224 4283 2377 4336 malm
2407 4283 2728 4338 valetudinis
2759 4284 2911 4352 plena
2943 4284 3173 4338 sanitate
3202 4283 3488 4339 limaverit.
3513 4281 3669 4339 Vale.

2787 4373 2996 4428 EPIST.
3034 4373 3244 4428 LXXV.

2591 4474 2904 4519 SYIIIACIUS
2941 4480 3223 4520 NICOIACIII
3264 4480 3435 4521 FILIIS.

2143 4523 2192 4583 θ
2291 4557 2415 4611 Fuit
2459 4555 2670 4610 animus
2717 4555 2936 4609 Fundos
2985 4558 3301 4624 praeterire,
3333 4557 3380 4611 si
3423 4571 3519 4611 vos
3565 4555 3824 4611 Formias

2219 4648 2513 4703 accessisse
2541 4648 2872 4706 didicissem.
2899 4647 3185 4716 Postquam
3216 4648 3372 4703 aliter
3394 4647 3597 4715 evenit,
3623 4649 3823 4718 partiri

2220 4742 2321 4794 iti-r
2350 4742 2548 4809 placuit
2594 4741 2660 4795 ad
2707 4741 3056 4796 minuendum
3107 4740 3371 4797 laborem.
3417 4743 3532 4797 Erit
3565 4743 3734 4812 igitur
3765 4743 3822 4798 in

2219 4832 2442 4884 arbitrio
2487 4830 2734 4885 Fortuna:
2787 4841 2960 4887 ratum
3013 4833 3212 4899 facere,
3244 4843 3300 4887 ut
3339 4833 3407 4888 ad
3443 4834 3691 4902 quintum
3721 4849 3825 4890 ca-

2223 4924 2407 4978 lendas
2437 4927 2702 4993 Augustas
2730 4924 3020 4979 Formiana
3051 4925 3182 4981 sede
3213 4941 3543 4980 recreemur.
3576 4925 3708 4980 Hmc
3736 4936 3824 4980 est

2219 5015 2379 5068 animi
2411 5015 2576 5069 nostri
2608 5014 2928 5081 destinatio;
2963 5030 3104 5072 nunc
3135 5018 3185 5070 in
3213 5018 3508 5074 caelestium
3537 5033 3704 5074 manu
3736 5026 3827 5074 est

2217 5105 2439 5161 effectus
2467 5106 2657 5175 optati.
2692 5105 2840 5161 Vale.

2758 5197 2971 5252 EPIST.
3013 5197 3250 5252 LXXVI.

2585 5301 2896 5344 SYIIMACIIIJS
2935 5305 3218 5346 NICOIACIII
3260 5305 3434 5347 FILIIS.

2290 5381 2473 5436 Nullus
2509 5381 2713 5452 absque
2756 5383 3001 5450 epismlis
3051 5385 3187 5439 meis
3235 5385 3353 5440 dies
3396 5385 3612 5441 labitur.
3668 5385 3822 5454 Quid

2218 5475 2262 5531 si
2291 5475 2509 5530 allatum
2543 5483 2782 5530 mutuum
2837 5475 3172 5532 redderetis?
3210 5476 3319 5533 Nec
3355 5487 3532 5533 tamen
3585 5479 3822 5548 pcenitet

2217 5567 2524 5637 diligentiae,
2567 5567 2810 5638 quamvis
2856 5567 3030 5624 honor
3057 5569 3442 5625 vicissitudinis
3484 5571 3821 5640 negligatur.

2220 5660 2348 5714 Nam
2383 5676 2502 5729 qua;
2539 5675 2604 5715 ex
2654 5675 2804 5714 more
2852 5660 3019 5724 ﬁunt,
3063 5661 3224 5716 etiain
3255 5664 3482 5733 gratuita
3511 5663 3817 5718 delectant.

2222 5752 2333 5816 Ego
2364 5751 2429 5806 ad
2459 5751 2742 5807 sanitatem
2789 5751 2934 5808 len'to
2965 5752 3139 5809 adhuc
3181 5754 3352 5815 gradu
3400 5754 3660 5815 nrovchor
3688 5771 3704 5808 :
3731 5765 3812 5810 at.
