4046 6170
279 273 390 326 285

273 487 422 530 ctum
452 476 902 532 deliberationem
932 486 1236 543 sequestro.
1282 475 1419 540 Quid
1461 475 1563 545 ipsi
1607 475 1673 530 de
1700 476 1875 531 reditu

273 577 370 620 aut
399 565 690 620 suburbata
713 564 1140 620 commoratione
1167 565 1487 630 statueritis,
1521 573 1644 620 avet
1664 564 1876 620 animus

275 659 516 714 edoceri.
545 659 692 714 Vale.

815 728 1030 786 EPIST.
1073 728 1334 784 LXXVII.

643 833 956 874 εγωηοπυε
996 833 1277 874 NICOHACIII
1321 831 1494 872 FILIIS.

344 910 616 965 Anteveni
657 911 1055 978 inquisitionem
1077 953 1094 976 ,
1145 926 1265 965 cum
1295 925 1395 964 vos
1425 909 1685 965 sollicitos
1725 909 1871 975 fore,

272 1003 420 1071 quod
451 1017 628 1057 essent
652 1003 842 1057 morbo
872 1012 1186 1067 attentatus,
1210 1002 1570 1056 adverterem.
1597 1002 1662 1055 Et
1686 1016 1874 1070 quam-

271 1094 357 1148 vis
407 1096 558 1149 ultro
607 1097 917 1164 scripserim
946 1096 1149 1149 doloris
1199 1096 1303 1149 mei
1348 1093 1573 1148 adversa
1606 1093 1810 1148 tenuari
1855 1110 1868 1146 :

261 1185 555 1240 abolendae
569 1196 745 1239 tamen
760 1185 1132 1240 sollicitudinis
1145 1199 1306 1238 causa
1325 1185 1466 1256 (qua:
1478 1185 1615 1252 apud
1630 1193 1872 1238 amanti-5

262 1293 490 1346 semper
523 1277 793 1332 incredula
818 1278 923 1341 e~t)
949 1293 1088 1332 nunc
1117 1291 1331 1346 quoque
1363 1276 1570 1339 nuntio,
1593 1277 1635 1328 si
1667 1275 1868 1329 dictum

262 1369 453 1422 nullus
472 1367 700 1422 fortunae
727 1370 862 1422 livor
878 1368 1177 1435 eﬂ'ascinet,
1199 1369 1250 1422 in
1282 1367 1625 1422 concordiam
1658 1382 1865 1421 mecum

261 1460 560 1513 sanitatem
592 1459 786 1514 redire.
820 1459 925 1514 Sed
959 1460 1195 1513 nondum
1233 1474 1450 1514 sensum
1483 1475 1659 1513 meum
1704 1473 1865 1528 pene-

261 1559 370 1602 trat
405 1549 694 1603 immanitas
734 1549 1001 1604 litloralis.
1045 1549 1177 1604 Nam
1208 1559 1267 1604 ut
1309 1565 1374 1604 ex
1406 1550 1562 1621 longa
1595 1551 1759 1603 maris
1783 1550 1868 1619 ja-

266 1640 517 1694 ctatione
537 1640 746 1694 stabilis
770 1655 987 1708 gressus
1018 1655 1142 1695 sero
1171 1652 1483 1710 reparatur:
1515 1643 1594 1696 sic
1622 1649 1865 1709 tempore

1488 270 1969 328 EPISTULARUM
2011 274 2210 328 LIBER
2259 276 2366 328 VII.

275 400 384 454 que
411 384 536 438 ideo
564 383 773 438 itineris
801 381 1072 438 ulterioris
1100 381 1380 451 ambiguus
1411 395 1581 452 usque
1607 382 1671 436 ad
1702 381 1876 449 profe—
1904 387 1958 445 Α

3468 285 3573 340 286

2532 385 2746 440 EPIST.
2793 387 3029 442 LXXIX.

2353 491 2660 530 εγιιιιιιοιιυε
2697 492 2985 533 NICOIACHI
3026 494 3201 535 FILIIS.

2052 583 2245 638 Erum
2274 594 2489 640 maneat
2519 586 2605 641 hic
2631 587 2767 657 dies,
2798 592 2887 658 qui
2919 599 2970 644 te
3003 592 3189 657 nobis,
3219 593 3325 647 lilia
3350 639 3364 661 ,
3396 596 3566 651 dedit.

1979 674 2132 729 Hunc
2154 690 2253 744 ego
2283 684 2338 729 et
2382 677 2590 745 gaudiis
2618 682 2830 747 mentis,
2861 691 2916 734 et
2946 681 3232 736 verborum
3275 683 3570 740 honoribus

1979 781 2075 834 per
2103 767 2299 820 multos
2352 782 2612 823 annorum
2655 785 2905 826 recursus
2945 773 3221 828 vobiscum
3263 783 3389 844 opto
3426 777 3566 832 cele-

1979 859 2155 923 brare,
2204 858 2438 926 adjicere
2468 859 2633 915 etiam
2681 861 2810 916 mihi
2842 862 3115 934 ingravata
3140 904 3157 932 ,
3213 865 3306 920 tibi
3334 867 3567 935 jucunda

1977 954 2314 1007 munuscula.
2341 952 2407 1008 Ut
2431 969 2572 1009 nunc
2596 955 2790 1010 lineam
2821 957 2976 1022 misi;
3004 957 3155 1026 cujus
3173 967 3349 1028 potest
3367 960 3569 1014 oblatio

1975 1045 2167 1111 exigua
2194 1060 2296 1098 non
2323 1045 2524 1110 videri,
2569 1046 2614 1100 si
2647 1048 2814 1117 magis
2853 1049 2958 1104 mei
2985 1049 3038 1104 in
3063 1065 3160 1104 vos
3185 1052 3372 1120 animi,
3403 1067 3562 1123 quam

1973 1137 2056 1190 sui
2091 1138 2244 1207 pretii
2275 1139 2635 1195 aestimatione
2666 1142 2946 1210 pendatur.
2973 1143 3124 1200 Vale.

2531 1256 2742 1308 EPIST.
2786 1257 2997 1311 LXXX.

2337 1360 2649 1402 SYMMACIIL‘S
2689 1364 2970 1404 NICOMACHI
3014 1367 3184 1404 FILIIS.

2040 1455 2279 1511 Natalem
2321 1456 2552 1511 domina:
2601 1459 2722 1515 filize
2771 1477 2936 1526 meae,
2968 1477 3126 1531 quem
3168 1478 3258 1530 per
3287 1479 3548 1519 annorun.

1969 1561 2221 1602 recursus
2267 1560 2512 1616 optamus
2539 1564 2661 1604 esse
2689 1566 3032 1606 numerosum
3051 1593 3067 1618 ,
3095 1554 3366 1608 vobiscum
3394 1569 3554 1624 agere

1968 1647 2022 1693 et
2070 1638 2386 1708 participare
2427 1640 2756 1706 voluissem,
2797 1644 2900 1696 nisi
2951 1645 3228 1713 proposito
3274 1646 3559 1701 restitisset

256 1745 399 1798 opus
425 1739 533 1794 est,
556 1740 614 1784 ut
636 1731 762 1785 tanti
787 1732 910 1786 mali
938 1731 1184 1786 decessio
1205 1733 1378 1786 loeum
1404 1733 1560 1786 faciat
1578 1733 1859 1802 voluptati.
1892 1757 1938 1816 Β
1968 1729 2218 1784 imbrium
2259 1731 2610 1786 continuatio.
2641 1732 2937 1816 Fuugimur
2964 1745 3139 1789 tamen
3170 1735 3420 1804 religioso
3455 1736 3550 1788 ho-

259 1822 405 1890 Ergo
432 1837 612 1892 neque
635 1821 932 1878 Formiana:
957 1839 1089 1887 orae,
1120 1839 1291 1894 neque
1332 1823 1702 1878 mdiﬁcationis
1728 1839 1861 1878 mea:

257 1915 535 1980 tantisper
553 1914 712 1967 ullam
736 1915 891 1983 capio
917 1915 1276 1970 dulcedinem.
1296 1915 1400 1971 Sed
1428 1917 1561 1979 haec,
1594 1923 1653 1968 ut
1675 1929 1854 1984 spero,

256 2007 442 2057 omnia
483 2020 607 2059 cum
641 2006 782 2060 bono
803 2005 1122 2060 valetudinis
1152 2017 1507 2070 revertentur,
1541 2021 1772 2076 moxque
1791 2005 1858 2060 ad

258 2096 509 2149 laetitiam
532 2098 699 2151 vestri
727 2099 890 2151 animi
919 2098 1058 2167 ston
1089 2113 1210 2151 meo
1249 2098 1641 2152 communicata
1673 2110 1857 2167 perve-

256 2187 428 2241 nient.
467 2186 625 2243 Vale.

796 2257 1014 2314 EPIST.
1055 2257 1339 2313 LXXVIII.

635 2362 942 2403 SYIIIIACIIUS
981 2363 1267 2403 NICOMACIII
1308 2363 1484 2403 FILIIS.

319 2437 464 2493 Cum
493 2438 626 2492 milii
657 2455 789 2508 puer
812 2452 988 2494 vester
1010 2456 1169 2495 unum
1193 2440 1474 2508 epistolam
1500 2439 1852 2499 reddidisset:

250 2542 305 2586 ut
338 2531 698 2586 rescriberem
733 2531 1003 2600 protinus,
1048 2541 1296 2601 tanquam
1326 2547 1448 2587 mox
1488 2532 1758 2587 rediturus
1787 2532 1854 2588 ad

250 2638 348 2677 vos
374 2623 641 2676 incubuit.
675 2621 782 2676 Sed
813 2630 864 2676 ut
895 2621 1094 2689 didici,
1124 2623 1236 2692 ipse
1257 2624 1323 2677 ad
1355 2624 1608 2677 ulteriora
1633 2635 1855 2676 comen-

249 2714 412 2775 dens,
448 2712 667 2765 mimica
697 2727 825 2766 usus
853 2720 935 2766 est
963 2713 1176 2778 teclma,
1207 2727 1311 2782 quo
1342 2715 1588 2782 paginam
1615 2721 1851 2766 nostram

248 2825 439 2864 comes
482 2809 602 2878 ejus
638 2809 888 2864 Rusticus
925 2809 1256 2879 deportaret.
1298 2807 1390 2861 llle
1434 2806 1656 2860 alteram
1711 2820 1852 2859 nunc

248 2916 535 2972 regressus
557 2905 782 2970 accepit.
810 2901 1005 2957 Ridere
1025 2917 1121 2956 vos
1147 2900 1399 2966 arbitror,
1448 2898 1590 2970 quod
1619 2913 1716 2968 ego
1734 2912 1853 2954 ser-

247 2994 338 3046 vili
379 2991 826 3062 circumscriptus
863 2995 1114 3061 Sll'OpIta,
1165 3005 1262 3060 pro
1289 2999 1437 3044 sorte
1472 2988 1702 3058 simplici
1749 2989 1848 3042 du-

247 3084 393 3152 plum
449 3084 732 3139 solverint.
780 3081 911 3137 Nam
953 3083 1179 3138 callidus
1205 3081 1458 3148 vernula,
1504 3079 1644 3150 quod
1679 3078 1846 3134 semel

248 3177 496 3244 pertulit,
530 3177 614 3230 bis
639 3175 861 3244 recepit.
895 3175 1180 3246 Pergerem
1214 3173 1444 3242 longius,
1482 3173 1526 3226 si
1549 3171 1847 3242 adjicienda

247 3279 624 3337 suppeterent.
649 3268 757 3323 Vos
788 3269 840 3322 in
865 3270 1159 3339 propinquo
1183 3267 1353 3334 urbis,
1379 3266 1675 3321 relebriore
1707 3263 1848 3318 fama

249 3376 433 3414 rerum
466 3360 647 3429 agitis,
670 3368 725 3414 et
749 3360 864 3430 pari
890 3359 1022 3414 Otio.
1045 3357 1297 3413 Vestrum
1324 3366 1408 3412 est
1429 3355 1614 3425 procul
1647 3354 1849 3424 positos

248 3455 422 3510 ditare
451 3455 737 3523 comperti.
773 3453 923 3507 Vale.

1965 1836 2098 1875 nore
2135 1821 2358 1888 jucundi
2408 1824 2743 1878 munusculi:
2776 1835 3052 1893 petentes,
3093 1836 3150 1880 ιιι
3200 1828 3556 1896 susceptionis

1963 1911 2291 1981 benignitate
2315 1913 2457 1967 oblat
2479 1915 2600 1967 ouis
2629 1915 2844 1969 exilitas
2870 1927 3147 1985 augeatur.
3192 1917 3344 1972 Vale.

2512 2046 2724 2104 EPIST.
2764 2048 3002 2102 LXXXI.

2329 2155 2636 2196 SYMHACBUS
2673 2155 2956 2195 NlCOllACIﬂ
2996 2157 3172 2196 Ριιιιιε.

2031 2250 2231 2305 Omnes
2253 2250 2318 2304 ad
2345 2263 2444 2304 nos
2475 2250 2700 2305 natalitii
2723 2251 2953 2305 convivii
2981 2252 3162 2320 copias
3188 2252 3551 2308 transtulistis.

1960 2342 2069 2399 Sed
2122 2358 2285 2397 unum
2335 2343 2536 2408 deluit,
2587 2342 2872 2412 quominus
2925 2341 2992 2396 ad
3035 2351 3277 2397 nostrum
3317 2343 3553 2398 animum

1959 2433 2287 2489 redundaret
2337 2434 2493 2503 plena
2544 2432 2804 2488 festivitas
2853 2451 2866 2486 :
2914 2434 3055 2505 quod
3113 2450 3220 2489 non
3274 2434 3550 2490 vobiscum

1960 2526 2134 2596 patius
2190 2537 2383 2580 cuncta
2449 2526 2884 2596 consumpsimus
2940 2543 2953 2580 :
3003 2542 3230 2597 quorum
3282 2529 3552 2583 contuitus

1957 2626 2119 2688 atque
2139 2619 2417 2674 convictus
2431 2620 2814 2673 commendare
2835 2635 3216 2689 nonnunquam
3232 2620 3370 2676 solet
3386 2621 3549 2675 etiam

1958 2726 2114 2780 parca
2135 2711 2400 2766 convivia.
2436 2713 2611 2779 Quare
2638 2721 2690 2766 et
2713 2712 2885 2777 vobis,
2909 2721 2963 2765 et
2993 2712 3262 2765 communi
3301 2711 3508 2780 pignori
3532 2753 3547 2777 ,

1954 2803 2108 2872 cujus
2154 2804 2450 2858 solemnem
2481 2803 2622 2857 diem
2652 2803 2833 2856 Sedula
2882 2801 3140 2872 religione
3182 2803 3498 2857 celebrastis
3523 2842 3541 2867 ,

1956 2894 2152 2950 uberes
2214 2907 2498 2963 precamur
2550 2907 2760 2954 annos,
2814 2909 3086 2948 recursum
3118 2892 3171 2948 in
3218 2892 3334 2948 haec
3361 2894 3548 2948 eadem

1954 2985 2090 3041 festa
2115 2999 2482 3039 numerosum.
2509 2985 2674 3039 Decet
2703 2986 2845 3040 enim
2868 2985 2986 3054 plus
3011 2993 3261 3053 parentes
3283 2985 3546 3040 inoll'ensa

1954 3079 2198 3135 felicitas.
2244 3077 2408 3132 Nobis
2446 3077 2678 3148 Tyburis
2715 3093 2842 3130 aura
2904 3077 3199 3139 blanditur;
3230 3077 3324 3133 sed
3363 3089 3546 3133 contra

1955 3180 2238 3239 exasperat
2258 3169 2494 3224 animum
2517 3169 2657 3224 male
2678 3179 2826 3239 gesta
2851 3171 2986 3224 ratio
3015 3170 3334 3226 villicorum.
3361 3169 3545 3240 Neque

1955 3277 2084 3334 ager
2101 3263 2312 3318 cultura
2345 3262 2506 3328 nitet,
2538 3271 2594 3316 et
2625 3260 2893 3317 fructuum
2929 3277 3053 3329 pars
3082 3277 3272 3332 magna
3301 3262 3546 3322 debetur.

1957 3355 2195 3426 nihilque
2232 3355 2342 3425 jam
2391 3355 2606 3410 colonis
2635 3365 2885 3425 superest
2915 3354 3222 3410 facultatum
3244 3395 3260 3422 ,
3291 3354 3431 3426 quod
3460 3365 3544 3409 aut

1959 3447 2149 3500 rationi
2181 3446 2496 3515 opituletur,
2529 3457 2620 3500 aut
2648 3446 2837 3501 cultui.
2870 3445 3019 3502 Vale.

1189 3762 1663 3870 LIBER
1758 3760 2048 3866 SEP
2071 3760 2366 3866 TIM
2385 3759 2605 3868 US.

745 3947 1028 4001 EPISTOL
1047 3953 1073 4000 \
1115 3947 1349 4000 PRIMA.

631 4053 940 4093 SYIIIIACIIUS
979 4054 1257 4093 εγωιΔοιιο
1299 4055 1459 4092 FILIO.

319 4157 490 4210 Sume
520 4150 701 4203 alacer
734 4148 937 4215 paterni
968 4163 1235 4203 sermonis
1263 4148 1580 4216 auspicium,
1612 4153 1666 4201 et
1692 4146 1842 4200 dein-

251 4261 375 4314 ceps
399 4243 567 4298 ofﬁcii
593 4242 774 4311 parilis
793 4241 842 4294 in
865 4255 964 4295 nos
981 4253 1097 4295 esto
1114 4241 1416 4295 munificus.
1441 4239 1611 4295 Simul
1632 4240 1836 4306 accipe,

251 4337 387 4407 quod
416 4350 546 4394 voto
579 4347 670 4387 tuo
690 4335 963 4400 congruit,
994 4333 1162 4389 fasces
1193 4341 1440 4404 prmturae
1470 4343 1605 4402 tute,
1629 4333 1682 4385 in
1714 4346 1835 4386 eum

2586 3946 2800 4003 EPIST.
2843 3949 2932 4003 Ill.

2483 4052 2796 4094 SVMMACIIUS
2843 4056 3008 4096 FlLlOo

2016 4146 2293 4201 Secundas
2319 4147 2386 4200 ad
2431 4149 2811 4204 amabilitatem
2841 4159 2983 4205 tuam
3035 4151 3240 4208 litteras
3268 4155 3451 4216 mitto.
3484 4165 3539 4210 ut

1940 4238 2009 4292 sit
2029 4239 2316 4293 assiduitas
2341 4239 2445 4294 mei
2475 4243 2740 4295 sermonis
2763 4243 2972 4310 utrique
2994 4244 3208 4296 solatio.
3235 4244 3313 4298 Tu
3333 4259 3543 4314 quoque

1940 4328 2175 4382 studium
2227 4344 2403 4382 meum
2433 4369 2448 4393 ,
2480 4331 2694 4399 quoties
2722 4331 2973 4385 dominas
3009 4343 3063 4386 et
3094 4335 3260 4387 frater
3287 4342 3408 4389 tuus
3453 4352 3539 4390 oc-

251 4443 448 4481 annum
503 4425 734 4480 feliciter
762 4423 1134 4493 proferendos,
1166 4428 1248 4480 cui
1273 4426 1534 4480 advocata
1561 4422 1838 4478 numinum
1869 4392 1916 4451 υ
1944 4417 2192 4472 casiones
2245 4420 2542 4486 repererit,
2588 4420 2842 4474 aemulare
2876 4437 2891 4475 :
2924 4431 2976 4476 et
3003 4423 3149 4477 salus
3179 4432 3264 4478 tua
3299 4424 3428 4478 mihi
3455 4439 3538 4480 se-

253 4521 552 4579 voluntale,
585 4530 684 4584 ego
712 4530 922 4584 quoque
952 4516 1106 4572 Ianus
1140 4517 1405 4571 intersim.
1449 4516 1643 4586 Optato
1682 4514 1841 4584 igitur

253 4608 431 4663 lzetare
457 4624 744 4676 processu,
773 4618 828 4664 et
870 4616 1189 4677 propagatos
1219 4607 1311 4661 tibi
1338 4620 1508 4660 annos
1530 4606 1652 4658 vita:
1680 4611 1840 4672 atque

255 4699 471 4754 honoris
502 4700 859 4770 interpretare
888 4717 901 4751 :
927 4699 1170 4768 longiora
1193 4699 1333 4752 cnim
1360 4697 1512 4761 fiunt,
1543 4713 1662 4767 quae
1687 4697 1831 4752 «ηπε-

254 4802 457 4844 runtur.
485 4790 593 4846 Nec
615 4791 828 4846 dubites
859 4791 1069 4857 utrique
1100 4800 1341 4842 nostrum
1367 4790 1707 4858 prospexisse
1735 4791 1839 4842 for-

253 4890 472 4946 ιιιηίιιης
525 4892 584 4936 ιιι
627 4895 681 4937 et
732 4894 854 4937 lutts
895 4884 1236 4950 magist'atus
1285 4881 1500 4950 juvetur
1553 4881 1834 4951 praesentia

258 4973 434 5041 patris,
462 4983 517 5027 et
547 4974 804 5030 festorum
839 4985 1050 5028 lucrum
1079 4975 1352 5044 voluptate
1382 4989 1564 5028 coram
1595 4974 1832 5028 defruar.

261 5063 397 5118 Vale.

889 5157 1102 5212 EPIST.
1145 5157 1206 5212 Il.

788 5265 1094 5305 SYNHACIIUS
1135 5266 1294 5304 FILIO.

318 5336 416 5392 Ubi
446 5339 674 5407 primum
703 5342 972 5396 scribendi
1002 5343 1129 5397 milii
1161 5342 1226 5396 ad
1255 5357 1351 5397 vos
1378 5343 1584 5412 copiam
1613 5341 1835 5396 familia-

255 5430 322 5483 ris
363 5432 588 5502 ingessit
617 5436 856 5503 occasio,
879 5453 984 5490 non
1009 5436 1189 5491 distuli
1221 5435 1542 5492 desiderium
1577 5437 1655 5491 tui
1696 5438 1832 5492 scri-

254 5523 423 5588 ptione
453 5527 638 5579 testari
664 5543 678 5579 :
708 5534 764 5580 ut
790 5527 978 5581 salutis
1009 5542 1142 5582 mea:
1172 5538 1352 5582 certus
1384 5537 1525 5582 tuam
1557 5542 1746 5590 cures,
1780 5537 1834 5582 et

255 5613 471 5670 subinde
500 5617 795 5673 absentiam
825 5635 997 5675 uncam
1040 5613 1294 5676 litterario
1325 5619 1595 5689 voluptate
1621 5620 1828 5676 solcris.

256 5700 395 5761 Valc.

1943 4511 2226 4565 curitatem
2257 4510 2488 4576 tribuat,
2511 4521 2565 4565 et
2589 4511 2910 4582 scripturum
2961 4513 3268 4582 iucunditas
3301 4515 3537 4586 volupta-

1944 4619 2072 4663 tem.
2101 4607 2250 4662 Vale.

2561 4699 2778 4757 EPIST.
2821 4699 2912 4755 IV.

2478 4807 2792 4848 SYIIACIIUS
2830 4809 2990 4850 FILIO.

2010 4883 2344 4939 Circensium
2398 4885 2728 4938 solentnitati
2785 4886 3086 4941 consularis
3137 4887 3531 4956 magnificentia

1940 4975 2221 5030 satisfecit.
2251 4975 2518 5028 Ludorum
2545 4974 2723 5030 adhuc
2744 4986 2798 5030 et
2827 4979 3066 5031 muneris
3086 4978 3533 5048 splendidissimze

1941 5069 2221 5123 imminent
2251 5068 2585 5131 functiones;
2611 5069 2806 5137 quibus
2834 5078 2963 5122 ante
2998 5069 3315 5125 Februarias
3339 5087 3529 5138 nonas,

1940 5168 1998 5212 ut
2049 5164 2353 5228 opinamur,
2408 5159 2670 5226 impletis,
2715 5161 2816 5215 iter
2864 5161 2929 5214 ad
2981 5172 3161 5216 nostra
3205 5164 3529 5234 relegemus.

1939 5250 2064 5306 Haec
2085 5266 2151 5306 eo
2180 5251 2393 5314 scribo,
2442 5259 2500 5303 ut
2525 5249 2710 5305 laetitia
2737 5253 3083 5308 amabilitatis
3123 5264 3226 5310 tum
3273 5269 3369 5325 spe
3415 5270 3530 5309 me«

1939 5343 2072 5397 liore
2103 5350 2374 5410 pascatur.
2405 5339 2561 5396 Vale.

2577 5431 2767 5487 EPIS’I‘
2779 5472 2791 5486 .
2821 5433 2887 5489 V.

2482 5539 2788 5582 εγωηοηυε
2819 5542 2980 5582 FILIO.

2009 5617 2186 5673 Credo
2209 5617 2342 5671 alias
2369 5617 2575 5672 litteras
2597 5634 2745 5673 meas
2768 5621 2820 5672 in
2850 5634 3039 5673 manus
3061 5615 3402 5673 amabilitatis
3427 5629 3531 5674 tua!

1940 5721 2065 5768 ante
2121 5721 2393 5768 venturas.
2450 5711 2620 5782 lluj‘us
2672 5727 2902 5781 namque
2953 5710 3195 5782 epistola:
3247 5712 3530 5781 portitores
