4046 6170
523 305 626 357 287

1703 304 1767 368 ρ.
1810 302 2159 358 AURELIUS
2199 302 2643 360 SYMMACIIUS.

3719 325 3823 378 288

522 415 668 468 ιρηιο
715 414 904 469 itinere
955 415 1128 468 ηιυιος
1169 414 1394 468 reduces
1426 423 1838 480 prosequentur.
1894 413 2005 482 Ego
2036 422 2113 466 ta—
2144 419 2189 472 Α
2221 414 2363 467 tibus
2387 416 2601 483 scriptis
2624 421 2676 470 in
2704 420 2944 474 nuntiam
2975 430 3118 476 tuam
3151 424 3401 480 similiter
3424 437 3674 496 ventura,
3703 449 3822 503 qua:

523 520 644 559 men
675 505 1019 560 salutationis
1042 519 1264 558 munere
1287 504 1561 558 abstinere
1587 518 1694 556 non
1729 504 1875 572 potui
1911 522 1924 554 :
1957 503 2118 556 malui

524 599 668 650 enim
699 597 999 650 redundare
1026 595 1261 649 ollicium
1291 609 1415 648 sero
1444 593 1763 662 perfectum,
1791 610 1949 663 quam
1978 593 2123 648 desi-

524 689 805 743 deraretur
834 689 1115 742 omissum.
1143 687 1273 740 Tua:
1303 686 1643 741 amabilitatis
1687 689 1914 742 necdum
1961 689 2119 741 ullam

526 777 807 845 epistolam
830 779 1054 844 sumpsi,
1077 791 1261 846 quaeso
1281 787 1338 832 ut
1360 777 1517 846 hujus
1541 778 1630 832 tibi
1651 780 1889 833 muneris
1911 793 2120 832 summa

524 870 734 921 curatio
759 869 851 924 sit.
900 869 977 922 Ex
1011 877 1106 921 tuo
1147 869 1289 923 enim
1332 870 1508 924 metiri
1538 870 1719 923 animo
1749 883 1904 938 putes
1927 910 1942 934 ,
1990 872 2117 940 quid

525 959 808 1014 lcvaminis
853 959 1166 1014 absentibus
1206 959 1404 1014 tribuat
1447 959 1736 1015 assiduitas
1786 961 2116 1030 scriptionis.

524 1046 677 1104 Vale.

1148 1141 1359 1196 EPIST.
1402 1141 1490 1195 VI.

1069 1246 1378 1286 SVIIACHIIS
1410 1249 1570 1286 FILIO.

589 1316 934 1374 Desideratas
948 1323 1545 1389 proximeamabilitatis
1559 1333 1661 1377 tua:
1675 1323 1876 1378 litteras
1889 1325 2114 1393 sumpsi,

519 1409 714 1477 quibus
745 1410 1079 1465 indicabatur
1103 1421 1157 1466 et
1188 1412 1443 1466 sedulitas
1461 1415 1625 1468 animi
1648 1417 1743 1479 tui,
1777 1425 1830 1469 et
1853 1417 2120 1482 profectus

519 1501 744 1570 ingenii.
790 1503 917 1558 Sola
955 1505 1199 1571 epismlte
1245 1507 1481 1559 brevitas
1528 1522 1864 1575 nequaquam
1897 1519 2120 1575 paterno

519 1594 796 1649 desiderio
838 1597 1117 1651 satisfecit.
1157 1599 1308 1662 Quod
1342 1612 1408 1652 eo
1457 1599 1668 1665 scribo,
1714 1608 1771 1652 ut
1818 1601 2116 1670 intelligas,

526 1695 780 1752 quantum
821 1702 886 1739 ex
935 1703 1185 1741 sermone
1226 1700 1316 1742 tuo
1378 1689 1613 1758 ceperim
1660 1691 1977 1758 voluptatis,
2027 1694 2118 1760 qui

2223 508 2483 574 gaudeas.
2520 509 2672 564 Vale.

2841 581 3058 639 EPIST.
3103 585 3193 640 XI.

2756 686 3068 729 SVIHACHUS
3097 692 3258 732 FILIO.

2292 758 2539 828 Assurgit
2593 761 2806 817 animus
2838 780 3028 835 mens,
3079 769 3292 836 quoties
3321 773 3676 829 amabilitatis
3725 786 3826 833 tua:

2221 863 2401 905 sermo
2424 853 2684 908 defertur.
2711 857 2840 910 Nam
2864 868 2918 913 et
2942 862 3184 917 sanitatis
3215 873 3318 918 tua:
3349 878 3602 935 apportat
3637 872 3824 936 fidem,

2219 954 2274 996 et
2303 945 2602 1011 profectum
2631 950 2868 1004 ostendit
2907 953 3128 1022 ingenii.
3185 956 3380 1012 llortor
3408 960 3589 1031 igitur,
3643 974 3704 1018 ut
3738 983 3822 1021 me

2223 1035 2523 1104 bujnsmodi
2556 1040 2747 1109 lingua;
2781 1042 3015 1099 ﬂosculis
3047 1046 3353 1117 frequenter
3381 1067 3658 1123 aSpergas.
3707 1057 3820 1114 Nec

2223 1130 2381 1184 ullam
2421 1133 2772 1188 cessationem
2816 1136 2906 1190 tibi
2947 1137 3216 1205 vindices,
3247 1141 3371 1196 dum
3401 1146 3678 1212 testitnas,
3737 1165 3822 1204 me

2223 1221 2370 1276 brevi
2409 1223 2736 1277 adfuturum.
2776 1227 3021 1282 Planiora
3068 1231 3212 1284 enim
3260 1232 3422 1296 ﬁent,
3473 1246 3528 1290 et
3575 1237 3821 1294 faciliora

2221 1314 2402 1366 omnia
2442 1315 2509 1367 ad
2557 1318 2980 1386 recurrendum,
3023 1321 3067 1375 si
3095 1323 3303 1392 paginis
3351 1325 3455 1381 tuis
3497 1333 3823 1386 revertentis

2223 1408 2436 1457 animus
2465 1404 2740 1462 incitetur.
2774 1407 2924 1462 Vale.

2835 1501 3050 1559 EPIST.
3092 1504 3210 1558 XII.

2767 1605 3077 1648 SVIIACIIUS
3107 1611 3270 1650 PILIO.

2293 1677 2540 1747 Magnum
2562 1679 2615 1732 in
2639 1680 2854 1735 modum
2873 1683 3184 1739 sollicitavit
3205 1702 3291 1742 me
3312 1688 3692 1759 inaequalitatis
3715 1703 3820 1752 tute

518 1791 717 1843 quem,
736 1778 961 1844 copiam
979 1779 1234 1834 defuisse.
1260 1780 1390 1846 Quis
1418 1782 1560 1835 enim
1590 1791 1740 1849 optet
1763 1784 2065 1837 salicum“
2083 1829 2097 1851 ν
2134 1774 2178 1832 Β
2206 1771 2422 1824 nuntius
2443 1810 2457 1833 ,
2487 1770 2609 1824 licet
2637 1773 2900 1828 securitas
2927 1775 3173 1831 sanitatis
3197 1777 3386 1834 iisdem
3430 1781 3624 1839 litteris
3658 1799 3813 1842 esset

519 1867 620 1920 nisi
675 1883 854 1922 rerum
902 1870 1210 1925 bniiarum?
1256 1873 1486 1927 Posthac
1534 1874 1692 1944 igitur
1747 1877 2111 1945 indulgentius

515 1958 714 2026 scribe,
749 1960 838 2015 lux
865 1977 1002 2023 mea,
1035 1973 1091 2017 ut
1114 1965 1355 2032 pleniore
1395 1966 1518 2036 styli
1565 1972 1638 2022 tui
1678 1983 1903 2024 munere
1932 1970 2112 2034 legen-

519 2050 589 2104 tis
613 2053 826 2108 animus
855 2057 1155 2122 expleatur.

1134 2148 1351 2204 EPIST.
1396 2149 1505 2203 VII.

1065 2252 1374 2293 SVMMACIIL'S
1403 2256 1564 2294 FILIO.

587 2327 829 2379 Accessit
853 2331 1268 2395 peregrinationi
1289 2343 1485 2385 nosam
1511 2332 1704 2401 largivr
1726 2332 1839 2387 dies
1861 2347 1926 2388 ex
1953 2348 2105 2389 com'

517 2415 962 2481 perendinatione
988 2419 1258 2486 ludorum,
1290 2435 1424 2490 quos
1445 2423 1744 2491 pluviarum
1774 2424 2106 2480 interventus

516 2508 808 2561 retardant.
843 2509 947 2563 Sed
981 2511 1122 2576 volo,
1153 2519 1208 2565 ut
1234 2511 1372 2566 hanc
1397 2512 1711 2569 dilationem
1742 2516 1932 2570 salutis
1971 2532 2105 2571 mere

513 2606 696 2651 certus
737 2596 932 2653 leniter
962 2600 1138 2667 feras,
1181 2612 1235 2656 et
1261 2604 1587 2659 desiderium
1621 2605 1693 2660 tui
1719 2647 1734 2672 ,
1781 2608 1921 2675 quod
1962 2607 2103 2676 apud

512 2702 599 2742 tne
621 2692 818 2745 crescit
845 2705 912 2746 ex
943 2707 1115 2760 mora,
1143 2694 1268 2764 styli
1297 2696 1612 2753 assiduitate
1636 2699 1850 2754 soleris.
1874 2699 2029 2755 Vale.

1115 2827 1333 2884 EPIST.
1364 2829 1501 2885 VIII.

1055 2932 1369 2974 SVIIACBUS
1398 2936 1562 2976 FILIO.

579 3002 827 3072 Conﬁdo,
852 3007 1080 3066 solando
1105 3011 1286 3067 animo
1309 3021 1401 3068 tuo
1446 3013 1572 3086 styli
1600 3015 1706 3070 mei
1731 3014 2099 3072 assiduitatem

2211 1863 2481 1928 adjuncta.
2509 1861 2686 1928 Quare
2712 1865 2873 1917 an’mi
2913 1867 3154 1922 incertus
3183 1886 3506 1939 appropero,
3534 1891 3700 1931 orans
3727 1879 3813 1934 di-

2214 1957 2338 2004 vina
2372 1951 2638 2017 praesidia,
2672 1963 2729 2006 ut
2765 1964 2816 2008 te
2845 1968 3150 2025 compotem
3179 1959 3332 2015 bona:
3360 1965 3717 2037 valetudinis,
3761 1981 3819 2025 et

2210 2043 2435 2110 epistola
2485 2057 2632 2106 mea,
2679 2053 2733 2098 et
2763 2061 3014 2103 recursus
3046 2051 3300 2106 ittveniat.
3334 2055 3458 2109 Haec
3483 2059 3629 2112 enim
3692 2065 3804 2116 voti

2213 2137 2420 2204 paterni
2454 2135 2761 2204 impetratio
2810 2139 3002 2206 faciet,
3027 2153 3082 2197 ut
3109 2144 3332 2202 rediisse
3365 2147 3620 2207 delectet.
3656 2152 3812 2209 Vale.

2814 2271 3028 2328 EPIST.
3069 2274 3210 2331 XIII.

2753 2378 3062 2422 SVlﬂlACﬂUS
3097 2384 3260 2424 FILIO.

2281 2447 2387 2504 lter
2407 2465 2584 2506 meum
2617 2453 2771 2508 fama:
2802 2457 3031 2511 varietas
3054 2461 3363 2520 retardavit.
3399 2464 3533 2521 Nam
3562 2467 3694 2526 dum
3723 2490 3817 2528 ex-

2208 2539 2360 2607 ploro
2407 2552 2524 2606 tua,
2573 2553 2626 2597 et
2671 2546 3060 2614 longitudinem
3105 2550 3208 2606 via:
3253 2553 3462 2610 dierum
3524 2559 3816 2631 interposi.

2207 2631 2352 2686 tione
2381 2633 2671 2705 distinguo,
2705 2637 2918 2692 tandem
2944 2650 3156 2695 sextum
3181 2645 3285 2697 cal.
3313 2646 3528 2701 Martias
3554 2650 3816 2708 Mediola-

2206 2737 2329 2775 num
2346 2725 2624 2792 per'l‘iceni
2643 2728 2929 2797 longinqua
2947 2735 3189 2799 perveni.
3206 2735 3353 2790 Nunc
3368 2737 3609 2795 laborem
3627 2759 3813 2800 meum

2207 2811 2410 2868 domini
2451 2827 2502 2870 et
2536 2818 2793 2888 principis
2823 2823 2991 2876 nostri
3021 2825 3248 2881 blandus
3271 2843 3451 2884 sermo
3473 2834 3682 2890 solatus
3705 2850 3809 2892 est.

2208 2903 2382 2974 Spero
2404 2907 2565 2962 etiam
2591 2909 2911 2979 legationem
2937 2914 3084 2970 brevi
3114 2917 3170 2972 in
3198 2920 3440 2974 notitiam
3468 2921 3634 2978 divini
3660 2929 3812 2994 prin-

2209 2996 2346 3066 cipis
2373 2998 2742 3067 perferendam
2779 3020 2792 3056 :
2821 3003 3086 3074 siquidem
3117 3008 3199 3062 vir
3242 3020 3430 3065 cuncta
3466 3018 3770 3082 prmcelsus
3796 3062 3812 3083 ,

512 3111 671 3165 posse
697 3100 964 3156 sufficere.
995 3102 1126 3157 Nam
1171 3107 1477 3169 recentibus
1514 3109 1730 3177 scriptis
1773 3110 1914 3167 hunc
1958 3112 2100 3168 addo
2125 3133 2171 3195 ε
2202 3088 2518 3195 Infima
2547 3099 2726 3160 partes
2748 3108 2928 3195 3P“)
2956 3098 3397 3195 ξυέὶιίςδῖῃοδίᾳ
3423 3106 3558 3160 ordo
3582 3109 3812 3164 manda-

509 3203 851 3257 sermonem,
881 3192 1034 3261 cujus
1067 3195 1229 3248 lectio
1252 3196 1344 3250 tibi
1367 3211 1517 3266 spem
1562 3200 1765 3253 reditus
1808 3201 1914 3257 mei
1945 3201 2103 3273 polli—

512 3281 752 3348 cebitur,
789 3283 834 3336 si
878 3283 987 3338 fors
1016 3297 1342 3357 praesumpta
1379 3289 1682 3344 confirmet.
1723 3291 1880 3346 Ratio
1921 3305 2101 3350 autem

515 3369 674 3438 hujus
693 3371 1066 3429 aestimationis
1109 3377 1161 3430 in
1193 3387 1380 3446 aperto
1401 3388 1484 3432 est
1513 3395 1528 3433 :
1565 3381 1687 3448 quia
1720 3390 1838 3450 post
1857 3385 2101 3454 magniﬁ-

505 3475 624 3513 cant
671 3463 916 3518 ludorum
968 3468 1330 3524 consularium
1377 3469 1709 3528 functibnem
1762 3475 1875 3530 sola
1923 3477 2099 3534 adhuc

504 3569 684 3609 arena:
704 3565 873 3611 restat
894 3559 1078 3614 editio.
1099 3561 1332 3616 Mutetur
1346 3564 1506 3632 igitur
1521 3565 1733 3621 animus
1748 3567 1800 3621 in
1818 3569 2092 3636 gaudium,

502 3651 558 3698 et
581 3645 834 3715 adeptum
865 3663 988 3706 esse
1018 3659 1069 3706 te
1094 3652 1277 3719 crede,
1317 3653 1457 3722 quod
1484 3656 1755 3724 possibilis
1779 3657 2090 3728 conjectura

503 3735 790 3803 promittit.
823 3737 976 3796 Vale.

2202 3179 2277 3232 vit
2301 3193 2424 3233 mox
2453 3194 2572 3234 cum
2605 3183 2867 3251 praesidiis
2893 3186 3240 3246 validissimis
3269 3193 3452 3248 adfore
3495 3199 3751 3253 nnntiatu
3765 3216 3812 3252 r.

2201 3267 2396 3324 Vestro
2444 3271 2660 3326 silentio
2707 3274 3054 3332 vehementer
3091 3279 3334 3336 offendor
3373 3301 3386 3336 :
3438 3291 3604 3356 atque
3685 3289 3817 3343 ideo

2201 3369 2354 3429 peto,
2406 3371 2464 3416 ιιι
2492 3364 2936 3433 peregrinationis
2974 3384 3108 3425 mem
3148 3373 3460 3441 patientiam
3481 3377 3684 3433 crebro
3723 3381 3811 3449 ju<

2199 3453 2339 3507 vetis
2384 3451 2568 3507 affatu.
2617 3454 2768 3510 Vale.

2810 3527 3026 3586 EPIST.
3068 3531 3209 3589 XIV.

2759 3637 3073 3679 SYIHACHUS
3104 3639 3266 3680 FILIO.

2264 3705 2399 3760 Cum
2445 3709 2712 3765 veredarii
2757 3712 2971 3768 deesset
3019 3717 3274 3782 occasio,
3326 3718 3534 3786 privato
3583 3720 3801 3779 homini

2195 3795 2468 3852 reddenda
2518 3800 2717 3870 scripta
2768 3805 3032 3860 commisi.
3087 3807 3239 3862 Hunc
3279 3809 3348 3863 ad
3387 3825 3482 3865 vos
3562 3815 3810 3871 arbitror

2191 3898 2317 3940 sero
2337 3899 2639 3944 venturum.
2668 3892 2952 3964 Utriusque
2979 3895 3171 3951 litteris
3191 3897 3378 3953 eadem
3429 3905 3806 3973 continentur,

2193 3978 2334 4045 quod
2359 3989 2568 4036 sextum
2591 3983 2695 4037 cal.
2723 3983 2934 4041 Martias
2965 3986 3322 4045 Mediolanum
3347 3992 3516 4047 multo
3539 3995 3799 4053 anfractu

2191 4068 2585 4127 citcumvectus
2623 4075 2963 4144 intraverim,
3005 4089 3400 4151 veneratusque
3434 4083 3718 4141 dominum
3751 4099 3805 4144 et

2191 4163 2486 4234 principem
2513 4177 2776 4233 nostrum,
2794 4169 2948 4239 cujus
2971 4185 3152 4226 sermo
3179 4175 3390 4231 itineris
3417 4180 3521 4231 mei
3553 4179 3804 4236 laborent

2188 4261 2577 4327 compensavit.
2635 4261 2692 4316 In
2754 4265 3101 4332 prtesentiam
3157 4267 3256 4322 viri
3302 4279 3494 4324 cuncta
3548 4273 3805 4341 prmcelsi

2187 4349 2400 4404 comitis
2439 4351 2642 4420 agenda
2670 4353 2909 4421 produco
2941 4373 2955 4423 ;
2989 4372 3147 4425 quem
3176 4374 3301 4414 mox
3326 4399 3341 4425 ,
3376 4361 3487 4416 Deo
3531 4363 3801 4432 juvante,

2187 4440 2369 4495 adfore
2399 4444 2705 4499 nuntiorum
2737 4447 3020 4502 conﬁrmat
3042 4452 3292 4506 assertio.
3317 4453 3468 4508 Nunc
3514 4464 3622 4510 tua:
3649 4473 3805 4513 cura:

2190 4532 2281 4594 sit,
2306 4533 2471 4588 decus
2508 4545 2770 4603 nostrum,
2815 4539 3266 4610 peregrinationis
3302 4559 3434 4601 mea:
3465 4561 3623 4601 curas
3653 4546 3805 4620 styli

2190 4624 2510 4679 assiduitate
2539 4627 2723 4682 SllIﬂl'i.
2750 4629 2900 4682 Vale.

2797 4719 3019 4776 EPIST.
3059 4721 3181 4780 XV.

2719 4825 3032 4868 SYIMACHUS
3079 4829 3237 4871 FILIO.

2264 4897 2529 4955 Amicitia:
2571 4911 2770 4957 nostra:
2809 4906 3194 4975 contemplatio
3236 4923 3388 4979 spem
3421 4909 3552 4964 mihi
3586 4914 3801 4969 ailven~

2193 4998 2278 5044 tus
2309 4993 2384 5046 tui
2417 4991 2636 5049 fecerat.
2673 4995 2843 5066 Prope
2871 5007 2954 5053 est
2983 5007 3042 5053 ut
3070 5014 3284 5057 errasse
3311 5019 3394 5058 me
3421 5006 3671 5070 credam,
3697 5009 3802 5077 qui

2189 5092 2240 5137 te
2271 5087 2488 5153 speravi
2517 5088 2569 5141 in
2599 5099 2950 5158 conspectum
2983 5095 3222 5162 parentis
3261 5108 3451 5166 sponte
3476 5108 3796 5156 venturum.

2185 5173 2408 5240 Quando
2431 5176 2592 5248 igitur
2612 5179 2730 5236 sine
2757 5183 2959 5237 ambitu
2992 5195 3176 5241 nostro
3204 5198 3349 5242 recte
3373 5188 3551 5245 facere
3581 5194 3800 5262 nescis,

2184 5277 2369 5324 oratus
2397 5286 2720 5342 appropera.
2757 5275 2821 5329 Et
2848 5275 2892 5330 si
2921 5285 2972 5332 te
2999 5280 3288 5348 superbum
3317 5280 3498 5350 Tybur
3523 5285 3797 5351 explevit,

2194 5360 2551 5418 Laurentibus
2589 5366 2752 5435 sylvis
2791 5382 3002 5424 amoena
3040 5380 3352 5439 commota;
3401 5389 3500 5427 nec
3543 5381 3797 5434 verearis

2193 5453 2334 5508 ruris
2361 5453 2564 5510 horridi
2593 5455 3079 5516 denuntiationem.
3127 5461 3184 5515 In
3217 5464 3386 5518 oculis
3417 5474 3499 5518 est
3527 5471 3796 5523 venanti-

2192 5543 2292 5598 bus
2316 5560 2503 5602 mare:
2535 5548 2736 5603 celebri
2766 5551 2961 5606 itinere
2983 5551 3105 5605 villa
3134 5553 3546 5623 prtestringitnr.
3581 5557 3637 5610 In
3665 5558 3794 5625 ipsa

2192 5636 2297 5690 itur
2326 5636 2586 5706 ferarum,
2618 5641 2838 5708 cubilia,
2873 5643 3031 5712 plano
3060 5657 3124 5697 ac
3152 5645 3333 5712 patulo
3363 5659 3608 5702 accessu.
3661 5649 3795 5706 Etsi

2192 5727 2304 5784 lucc
2325 5728 2596 5798 abessent,
2622 5734 2849 5789 anteiret
2877 5733 3128 5789 nimirum
3159 5750 3340 5790 sc-rmo
3370 5736 3506 5792 inter
3534 5754 3630 5794 nos
3659 5756 3794 5796 mus

1128 3832 1343 3889 EPIST.
1375 3834 1470 3890 IX.

1041 3940 1350 3983 εῑιιιυιιοιιυε
1379 3944 1540 3984 FILIO.

571 4011 876 4069 Scintillare
923 4017 1258 4073 acuminibus
1301 4028 1460 4090 atque
1503 4024 1787 4078 sententiis
1832 4025 2092 4093 epistolas

499 4106 614 4152 ttias
629 4102 834 4170 gaudeo
861 4121 873 4155 :
897 4103 1052 4160 decet
1078 4109 1220 4161 enim
1246 4108 1389 4179 loqui
1415 4113 1770 4168 exsultantius
1789 4116 2086 4184 juvenilem

496 4191 754 4248 calorem.
789 4193 892 4249 Sed
917 4195 1059 4264 volo,
1091 4207 1148 4251 ut
1169 4198 1221 4252 in
1244 4200 1363 4255 aliis
1389 4203 1628 4258 materiis
1649 4205 1849 4260 aculeis
1877 4209 2082 4264 oratio-

501 4285 583 4340 nis
625 4290 792 4344 utaris
823 4307 837 4344 :
869 4289 990 4346 huic
1015 4304 1197 4349 autem
1243 4297 1429 4366 generi
1466 4299 1774 4370 scriptionis
1817 4315 2084 4362 maturum

500 4379 703 4450 aliquid
730 4395 783 4439 et
813 4390 1077 4442 comicum
1111 4390 1342 4446 misceas
1375 4409 1389 4446 :
1419 4393 1560 4461 quod
1589 4395 1683 4449 tibi
1715 4405 1770 4451 et
1813 4398 2083 4454 rhetorem

504 4478 651 4524 tuttm
678 4475 842 4529 credo
878 4480 1188 4548 praecipere.
1217 4481 1347 4536 Nam
1377 4493 1434 4538 ut
1468 4483 1521 4538 in
1552 4487 1747 4540 vestitu
1781 4487 2080 4559 hominum,
2112 4498 2160 4557 ι)

498 4571 805 4633 ceteroque
848 4568 970 4620 vita:
1000 4572 1168 4637 cultu,
1197 4575 1316 4629 loco
1346 4590 1408 4630 ac
1452 4580 1678 4648 tempori
1711 4591 1830 4650 apta
1863 4597 2085 4638 sumun-

496 4663 582 4706 tur
611 4671 626 4710 :
658 4656 726 4709 ita
773 4659 1104 4729 ingeniorum
1152 4669 1380 4722 varietas
1409 4671 1461 4724 in
1489 4671 1839 4730 familiaribus
1868 4678 2084 4746 scriptis

495 4743 869 4814 negligentiam
895 4752 1179 4818 quamdam
1208 4757 1370 4813 debet
1396 4761 1626 4828 imitari,
1677 4763 1730 4818 in
1781 4743 2086 4824 forensibus

500 4850 627 4889 vero
646 4848 867 4906 quatere
897 4857 1044 4898 arma
1073 4844 1356 4904 facundia.
1382 4851 1488 4906 Sed
1519 4853 1585 4907 de
1609 4856 1691 4908 bis
1715 4871 1820 4911 non
1859 4860 1948 4914 ibo
1972 4861 2086 4917 lon-

494 4925 632 4992 gius.
664 4926 832 5000 Perge
855 4932 1089 5002 interim,
1115 4953 1222 5006 quo
1247 4948 1296 4996 te
1319 4942 1492 4997 aetatis
1513 4943 1768 5014 impetus,
1797 4957 1851 5004 et
1876 4961 2085 5010 natura:

493 5015 656 5071 ardor
697 5019 944 5089 impellit.
985 5025 1086 5081 Mei
1118 5029 1226 5083 voti
1253 5040 1412 5101 caput
1446 5042 1565 5100 est,
1599 5035 1735 5092 bene
1783 5039 1988 5109 valeas,
2032 5053 2088 5100 et

492 5121 650 5179 supra
675 5125 843 5169 annos
873 5121 992 5172 tuo’s
1023 5119 1320 5176 litterarum
1349 5123 1474 5180 dote
1497 5126 1751 5184 ditescas.
1784 5129 1936 5188 Vale.

1119 5253 1333 5312 EPIST.
1375 5258 1420 5314 X
1433 5299 1446 5312 .

1029 5359 1336 5404 εγωιιΑοιιιῑε
1366 5367 1526 5408 FILIO.

567 5426 755 5483 Amico
788 5440 972 5488 nostro
999 5433 1173 5491 Annio
1197 5441 1396 5495 cursim
1440 5446 1783 5512 prattereunti
1826 5447 1974 5517 potui
2001 5463 2090 5505 so-

493 5521 596 5578 lam
629 5525 921 5580 dictionem
970 5527 1155 5582 Salutis
1188 5529 1496 5600 injungere;
1528 5537 1621 5590 sed
1652 5537 1836 5594 debuit
1879 5540 1971 5596 tibi
2000 5557 2087 5597 sa-

492 5616 669 5670 nitatis
697 5633 828 5674 meae
861 5621 1018 5674 fidem
1056 5620 1234 5676 facere
1272 5621 1441 5679 lectio
1471 5625 1790 5684 litterarum.
1832 5632 1960 5687 Esto
1989 5633 2086 5703 igi-

490 5714 574 5759 lur
593 5709 770 5762 animo
797 5711 1002 5770 lmtiore
1049 5733 1060 5770 :
1092 5724 1145 5772 et
1173 5729 1350 5781 spera.
1385 5718 1548 5777 decus
1578 5738 1775 5786 meum,
1830 5726 2082 5788 frequen-
