4046 6170
237 302 338 357 289

1441 298 1926 356 EPISTOLARUM
1969 299 2167 357 LIBER
2211 304 2322 360 VII.

3409 322 3514 378 290

236 423 376 477 tuus,
406 419 463 466 et
505 409 800 466 litterarum
833 409 1070 464 liberalis
1099 409 1348 474 collatio,
1382 409 1700 463 Tarentinas
1727 418 1820 462 aut
1848 411 1898 468 Α
1931 426 2167 466 mensam
2195 414 2520 470 succinxerit
2550 417 2738 474 modus
2764 420 3131 490 voluntarius;
3164 435 3255 480 aut
3281 442 3512 498 unquam

233 504 439 558 Siculas
461 503 783 570 voluptates.
818 501 996 568 Quare
1017 502 1061 555 si
1087 510 1140 555 tu
1163 516 1375 571 quoque
1399 500 1522 556 huic
1543 503 1824 556 sententia:

233 610 447 649 manum
489 593 741 664 porrigis,
779 593 920 648 adde
961 602 1012 646 te
1051 593 1423 647 rusticantium
1465 607 1722 657 numero;
1769 601 1826 647 et

233 686 501 754 paulisper
521 683 758 739 Catones
782 694 943 754 atque
969 683 1162 737 Atilios
1191 684 1468 751 :emulare,
1493 698 1629 754 quos
1649 684 1822 739 vomis

231 788 280 832 et
307 777 442 832 stiva
473 776 542 830 ad
569 777 883 832 consulares
908 775 1056 830 misit
1081 788 1322 830 secures.
1354 774 1500 831 Vale.

826 907 1047 964 EPIST.
1085 908 1226 963 XVI.

726 1014 1034 1068 svumcnus
1083 1014 1315 1054 ΑΤτΑιο.

295 1099 482 1154 Vieem
516 1098 786 1154 sermonis
826 1098 932 1152 mei
962 1096 1299 1152 desiderasse
1342 1106 1393 1152 te
1433 1095 1677 1164 gaudeo:
1723 1095 1818 1150 sed

222 1192 453 1246 amolior
486 1191 742 1245 invidiam
777 1189 1137 1259 negligentiae.
1176 1189 1365 1243 Parata
1389 1189 1532 1243 enim
1563 1202 1816 1258 reSpousa

221 1286 465 1342 deseruit
495 1285 805 1340 tabellarius
836 1292 980 1349 tuus,
1009 1283 1244 1350 excitus,
1279 1292 1335 1335 ut
1366 1280 1527 1335 fando
1554 1282 1812 1348 comperi,

221 1376 550 1431 valetudinis
594 1385 698 1428 tua:
742 1374 928 1429 dubio.
993 1371 1258 1442 Agnoscis
1310 1386 1504 1440 nempe
1554 1369 1816 1424 infucatas

220 1483 362 1531 esse,
394 1482 501 1522 nec
528 1483 594 1521 ex
624 1466 730 1519 alto
759 1465 898 1519 trahi
927 1464 1242 1518 cessationis
1280 1478 1414 1516 mea:
1441 1477 1649 1516 causas.
1698 1463 1814 1516 Non

220 1562 301 1615 ibo
333 1559 580 1628 longius,
613 1557 736 1625 quia
777 1556 956 1610 brevis
987 1565 1070 1610 est
1100 1556 1328 1609 assertio
1356 1555 1615 1609 veritatis.
1664 1555 1816 1609 Nunc

219 1651 512 1706 sanitatem
561 1650 656 1704 tibi
702 1649 962 1718 gratulor,
1006 1662 1108 1717 qua
1162 1657 1282 1715 post
1336 1646 1559 1700 nimium
1611 1657 1813 1700 metum

219 1745 472 1812 cognita,
531 1741 757 1795 multum
813 1740 988 1809 gaudii
1047 1738 1101 1792 in
1155 1749 1374 1807 pectore
1429 1752 1549 1792 meo
1602 1737 1814 1792 diluxit.

221 1833 486 1888 Indicium
509 1842 690 1888 autem
713 1830 1028 1901 respirantis
1048 1829 1247 1899 vigoris
1279 1837 1486 1882 tuarum
1515 1827 1813 1882 litterarum

219 1925 531 1995 iucunditas
561 1923 815 1993 praetulit.
861 1922 1008 1975 Petis
1037 1935 1268 1986 namque
1297 1919 1361 1973 ad
1393 1919 1815 1974 confirmandam

219 2017 585 2072 valetudinem
616 2015 740 2085 styli
771 2014 873 2068 mei
903 2013 1137 2068 remedia
1171 2011 1598 2066 subministrem.
1643 2011 1819 2066 Festi-

222 2114 354 2165 vitas
381 2112 487 2165 ista
511 2110 704 2163 Baiana
727 2117 826 2162 est.
857 2106 1045 2160 Nimiis
1067 2105 1272 2159 salibus
1304 2117 1354 2159 te
1381 2103 1529 2158 sinus
1553 2104 1815 2158 Lucrinus

220 2205 424 2260 infecit.
459 2203 629 2257 Estne
659 2199 860 2268 aliquid
891 2200 944 2253 in
968 2198 1147 2253 verbis
1171 2197 1328 2260 meis,
1352 2196 1494 2267 quod
1516 2211 1676 2253 aures
1699 2207 1815 2252 tuas

218 2295 491 2365 soSpitet?
531 2292 671 2364 quod
717 2291 1038 2348 medicinam
1078 2291 1328 2345 sensibus
1369 2288 1575 2344 faciat?
1615 2288 1812 2354 Credo,

217 2389 526 2444 consentio.
553 2387 686 2441 Nam
717 2386 1032 2456 plerumque
1059 2397 1239 2438 amara
1272 2383 1462 2436 hausta
1490 2381 1556 2437 ad
1585 2383 1812 2436 salutem

216 2481 434 2545 valent,
481 2488 536 2534 et
583 2479 759 2534 succis
803 2477 1046 2532 tristibus
1097 2475 1289 2530 affecta
1322 2473 1654 2530 refoventur.
1707 2475 1812 2530 Sed

217 2573 445 2626 nimium
479 2577 739 2639 quantum
771 2581 964 2622 avarus
994 2582 1072 2632 es,
1112 2567 1201 2635 qui
1232 2565 1488 2621 Flaviano
1524 2580 1645 2620 meo
1675 2581 1814 2634 prae-

216 2678 370 2720 sente
398 2664 688 2733 quidquam
720 2661 981 2732 requiris;
1025 2659 1078 2713 in
1109 2675 1214 2728 quo
1244 2668 1387 2713 tanta
1429 2674 1607 2714 rerum
1641 2659 1810 2712 bona-

222 2770 342 2808 rum
377 2752 726 2807 delinimenta
771 2759 931 2815 sunt,
978 2759 1037 2803 ut
1075 2747 1204 2802 mihi
1234 2748 1386 2816 quasi
1424 2747 1569 2816 apud
1603 2751 1812 2804 sirenas

215 2854 300 2897 aut
334 2842 682 2912 Lot0phagos
714 2839 938 2893 haesisse
965 2838 1217 2893 videaris.
1268 2840 1445 2906 Atque
1481 2838 1681 2892 utinam
1721 2853 1811 2893 ve-

214 2942 328 2986 stro
356 2933 472 2985 otio
497 2931 778 3000 jungerer.
828 2929 954 2983 Plus
982 2929 1050 2984 de
1077 2929 1235 2983 vobis
1263 2943 1541 2997 carperem
1583 2929 1811 2984 salubri-

216 3025 374 3088 tatis,
423 3038 587 3093 quam
631 3032 684 3076 tu
727 3021 1038 3086 desideras,
1087 3021 1178 3090 qui
1220 3035 1251 3074 a
1292 3037 1379 3077 me
1417 3023 1559 3076 solas
1604 3022 1810 3078 litteras

215 3115 535 3186 poposcisti.
569 3113 715 3169 Vale.

806 3204 1022 3261 EPIST.
1064 3205 1226 3259 XVII.

720 3312 1026 3352 SYMMACHUS
1077 3313 1302 3353 ATTALO.

279 3389 376 3444 Nae
402 3403 510 3458 ego
538 3387 730 3443 frustm
774 3389 1028 3444 hactenus
1068 3391 1238 3457 tacui,
1285 3391 1412 3446 dum
1464 3402 1515 3447 te
1561 3391 1805 3461 promissi

215 3493 390 3535 certus
442 3481 714 3549 opperior.
768 3480 1007 3536 Tandem
1057 3483 1388 3538 redeundum
1440 3485 1570 3538 mihi
1613 3496 1696 3540 est
1739 3486 1806 3540 ad

216 3580 471 3626 consueta
501 3573 713 3638 solatia,
745 3574 1022 3628 meliorum
1055 3574 1448 3644 desperatione.
1487 3578 1549 3632 Et
1578 3577 1808 3634 fortasse

217 3678 509 3719 succenses
537 3664 793 3718 diuturno
821 3665 1036 3720 silentio
1067 3681 1208 3721 meo.
1254 3667 1308 3721 Id
1340 3682 1467 3722 vero
1493 3670 1653 3723 etiam
1683 3670 1808 3724 reli-

217 3770 375 3823 quum
409 3768 518 3822 est,
559 3766 619 3811 ut
657 3758 838 3812 irritus
872 3760 985 3827 spei
1016 3761 1371 3816 cunctationis
1406 3776 1670 3818 arcessar.
1715 3763 1807 3818 Est

219 3845 372 3912 igitur
396 3847 473 3900 tui
492 3845 633 3914 juris
655 3862 816 3915 super
836 3849 1095 3904 ordiendo
1123 3851 1310 3904 itinere
1336 3858 1481 3905 stare
1507 3853 1802 3919 promissis.

219 3937 300 3991 Me
324 3948 644 3994 contentum
673 3940 798 4009 styli
828 3941 1094 3996 levamine
1125 3958 1228 3996 non
1259 3944 1480 4013 pigebit.
1527 3945 1636 3999 lloc
1660 3956 1808 4002 certe

217 4028 516 4083 otTieiorum
550 4031 897 4096 commercio,
928 4041 1022 4086 aut
1047 4033 1283 4098 solabor,
1324 4033 1465 4104 quod
1498 4049 1602 4089 non
1629 4037 1803 4101 venis,

217 4131 306 4174 aut
331 4122 604 4186 merebor,
635 4123 775 4192 quod
807 4124 1010 4176 venias.
1042 4123 1186 4178 Vale.

797 4233 1013 4289 EPIST.
1044 4235 1230 4292 XVIII.

726 4339 1032 4382 SVHIACHUS
1071 4343 1303 4383 ATTALO.

294 4433 542 4488 Proxime
562 4435 630 4490 de
652 4435 937 4491 Formiano
964 4438 1083 4500 sinu
1112 4453 1388 4507 regressus
1416 4439 1468 4492 in
1500 4438 1662 4492 larem
1685 4438 1807 4493 Cte-

224 4524 374 4589 lium,
406 4525 569 4578 domo
593 4525 704 4594 jam
734 4527 822 4580 diu
857 4538 907 4581 te
938 4529 1128 4583 abesse
1155 4531 1414 4596 comperi.
1463 4530 1650 4583 Datum
1682 4544 1802 4583 mox
1836 4496 1885 4557 θ

226 4617 496 4683 negotium
559 4627 646 4671 est
695 4617 994 4686 TheOphilo
1033 4621 1304 4674 communi
1347 4620 1520 4674 amico
1574 4630 1628 4676 et
1667 4635 1808 4676 nunc

227 4704 427 4758 itineris
471 4706 576 4760 mei
620 4708 790 4772 socio,
835 4717 892 4762 ut
928 4718 983 4764 et
1021 4708 1086 4763 ad
1130 4719 1182 4764 te
1220 4711 1273 4763 in
1316 4710 1582 4780 Tyburem
1621 4726 1805 4780 agrum

229 4794 426 4848 reditus
463 4797 568 4850 mei
613 4797 830 4852 nuntius
868 4810 1135 4868 pergeret,
1179 4810 1234 4855 et
1272 4802 1608 4855 salutationis
1644 4803 1806 4856 verba

229 4882 475 4939 deferret.
526 4886 679 4942 llune
717 4896 806 4952 tu,
846 4899 906 4942 ut
946 4905 1006 4945 es
1045 4893 1289 4944 curiosus
1327 4906 1505 4944 rerum
1537 4905 1804 4959 mearum,

230 4978 374 5040 quasi
417 4978 590 5046 aliqua
635 4978 729 5034 tibi
776 4979 831 5034 in
871 4997 969 5035 nos
1012 4982 1232 5037 decreto
1279 4983 1490 5051 publico
1534 4985 1808 5054 inquisitio

232 5079 368 5120 esset
397 5071 625 5138 tributa,
660 5074 923 5128 versando
955 5076 1128 5143 palam
1167 5075 1346 5130 facere
1390 5079 1642 5146 coegisti,
1687 5094 1807 5146 quae

236 5157 359 5213 foris
383 5177 678 5231 gesseram.
721 5165 851 5220 Nam
880 5167 981 5222 hoc
1009 5167 1274 5224 confessa:
1302 5179 1427 5224 sunt
1459 5171 1648 5225 litterae
1680 5181 1802 5236 tum,

232 5265 360 5313 quas
387 5253 523 5307 idem
552 5256 632 5309 vir
658 5259 890 5324 optimus
915 5258 1247 5328 Theophilus
1273 5263 1590 5329 reportavit.
1623 5263 1809 5318 Fuerit

235 5342 567 5412 benignitatis
606 5354 712 5400 tuae
753 5356 966 5403 actuum
1011 5365 1252 5405 meorum
1285 5352 1492 5421 fastigia
1537 5362 1592 5408 et
1632 5355 1804 5422 capita

231 5431 562 5503 disquirere;
613 5447 791 5492 utrum
831 5454 908 5493 ειη
925 5439 1020 5495 bra
1049 5444 1278 5496 vectatio
1315 5443 1488 5511 campi
1537 5457 1600 5497 ac
1644 5442 1807 5498 maris

233 5527 584 5583 valetudinem
636 5545 809 5584 meam
853 5530 1087 5600 juverit;
1138 5548 1206 5587 an
1257 5534 1394 5588 ullus
1438 5534 1580 5602 agris
1610 5535 1807 5590 nostris

231 5617 429 5681 cultus,
481 5621 690 5677 aedibus
732 5623 896 5689 nitor,
945 5626 1125 5694 pecori
1177 5641 1431 5680 numerus
1479 5627 1804 5692 accesserit;

234 5708 353 5775 quid
382 5709 649 5767 aftluxerit
679 5714 896 5771 elilium
928 5716 1234 5784 copiarum;
1268 5727 1442 5774 utrum
1469 5719 1804 5776 cumularem

1931 503 2175 560 Formias
2238 506 2415 562 vicina
2482 510 2662 578 urbe,
2735 512 3110 584 longinquiore
3168 523 3509 578 mutaverim.

1931 596 2177 652 Etiamne
2205 601 2489 668 explorare
2519 611 2568 656 te
2597 602 2675 656 fas
2701 602 2829 672 fuit,
2871 607 2996 676 quid
3040 611 3222 677 procul
3262 610 3332 664 ab
3370 612 3514 668 arbi-

1927 689 2024 740 tris
2064 691 2362 744 studiorum
2404 707 2648 747 meorum
2681 710 2808 749 cura
2841 698 3131 753 contulerit
3162 701 3211 754 in
3243 701 3511 771 paginas?

1927 778 2190 834 Utrumne
2240 798 2324 835 me
2374 795 2649 850 operatum
2704 787 2882 853 ceris,
2937 797 3142 845 stantes
3195 792 3509 863 plerumque

1924 869 2065 921 oculi
2097 879 2149 922 et
2189 871 2406 938 palloris
2437 873 2586 942 signa
2614 874 2960 931 detexerint?
3005 878 3412 948 Exploratorem
3455 893 3509 938 te

1921 961 2089 1029 stylus
2117 977 2267 1016 meus
2293 965 2512 1032 patitur.
2546 966 2714 1020 Duces
2739 969 2942 1023 amicos
2972 972 3335 1039 suspicionum
3365 976 3501 1040 vias,

1921 1061 1974 1108 et
2003 1052 2046 1106 si
2077 1052 2181 1107 dici
2217 1063 2412 1121 potest,
2444 1056 2609 1110 odore
2637 1066 2796 1127 atque
2824 1061 3060 1128 vestigiis
3089 1062 3286 1131 scripta
3321 1074 3505 1120 nostra

1921 1143 2174 1197 venaris?
2205 1143 2356 1197 Nunc
2387 1159 2486 1214 ego
2513 1144 2652 1200 scire
2681 1148 2910 1215 postulo,
2940 1150 3066 1216 quni
3098 1151 3148 1204 in
3178 1153 3506 1222 Tyburtibus

1920 1233 2177 1302 pomariis
2201 1233 2497 1289 litterarum
2521 1237 2701 1304 operis
2723 1252 2997 1292 exerceas.
3033 1241 3215 1297 Solum
3240 1244 3339 1297 hoe
3361 1245 3502 1300 fama

1918 1328 2125 1392 attulit;
2175 1328 2420 1382 balneum
2467 1329 2557 1383 tibi
2601 1344 2771 1397 nuper
2799 1341 3168 1401 exstructum,
3211 1334 3300 1388 cui
3343 1337 3504 1390 torris

1919 1432 2055 1471 unus
2097 1419 2162 1471 ad
2200 1419 2330 1486 justi
2354 1419 2546 1472 caloris
2578 1420 2828 1488 pabulum
2867 1423 3181 1478 satisfacere
3233 1437 3502 1480 narratur.

1917 1509 2212 1563 Lectitasse
2241 1520 2419 1563 autem
2459 1518 2511 1563 te
2551 1511 2603 1563 in
2645 1511 2810 1564 multo
2852 1513 2962 1565 otio
3004 1515 3282 1584 utriusque
3310 1515 3504 1584 lingum

1916 1608 2193 1660 atn‘tores,
2238 1600 2352 1668 ipse
2383 1600 2540 1654 index
2575 1599 2743 1655 fuisti.
2796 1602 2907 1670 Ego
2949 1612 3126 1658 tamen
3174 1622 3280 1660 non
3323 1623 3506 1677 qumro

1918 1708 1986 1746 an
2024 1693 2226 1762 aliquid
2270 1693 2430 1747 etiam
2476 1695 2777 1762 scripseris.
2832 1697 3218 1752 Animadverto
3262 1700 3405 1753 enim
3451 1712 3505 1756 te

1848 1771 1893 1829 Β
1919 1786 2089 1854 gloria
2119 1787 2464 1841 conscientias
2500 1787 2702 1856 proprii
2731 1789 2908 1856 operis
2934 1803 3239 1855 accensum,
3271 1791 3505 1846 voluisse

1918 1893 2266 1947 cognoscere,
2299 1895 2366 1933 an
2395 1893 2497 1948 ego
2523 1895 2737 1948 quoque
2765 1881 2904 1934 idem
2951 1881 3192 1935 fecerim.
3244 1881 3348 1937 Sed
3388 1883 3500 1952 jam

1917 1970 2134 2024 omissis
2163 1970 2408 2037 epistolis
2434 1969 2595 2024 velim
2628 1971 2856 2026 redeas:
2899 1972 2999 2025 nisi
3034 1973 3169 2027 forte
3209 1973 3284 2028 tui
3325 1974 3502 2030 balnei

1917 2060 2098 2114 brevis
2146 2069 2390 2130 sumptus
2442 2060 2715 2124 hortatur,
2770 2077 2838 2116 ne
2887 2062 3104 2117 deseras
3156 2056 3502 2133 pareimouiaa

1916 2151 2380 2208 consuetudinem.
2413 2152 2565 2207 Vale.

2507 2242 2726 2299 EPIST.
2771 2243 2911 2300 XIX.

2408 2349 2718 2389 SYHMACHUS
2765 2351 3000 2392 ΑττΑιο.

1987 2423 2102 2478 Duo
2131 2424 2333 2492 pariter
2358 2424 2646 2479 commissa
2674 2424 2726 2478 in
2753 2426 3044 2481 amicitiam
3075 2428 3369 2485 redemisti.
3402 2431 3500 2486 Din

1913 2515 2152 2584 epistolae
2181 2523 2283 2570 tua:
2309 2515 2512 2570 salibus
2538 2515 2806 2581 ahfueras,
2839 2516 2970 2571 nihil
2999 2520 3296 2588 scripseras
3324 2538 3336 2574 :
3378 2523 3500 2590 quis

1911 2603 2142 2660 Colchus
2171 2616 2261 2660 aut
2288 2606 2582 2660 Thessalus
2613 2617 2769 2660 cantu
2801 2616 2894 2662 aut
2925 2623 3082 2662 manu
3119 2611 3214 2663 has
3245 2611 3498 2667 offensio-

1913 2713 2007 2752 nes
2037 2698 2312 2752 levasset?
2359 2698 2496 2766 Ergo
2527 2697 2597 2752 ob
2623 2697 2865 2764 epistola
2890 2697 3301 2754 delinimenlum
3330 2705 3500 2756 venia:

1912 2789 2141 2857 pretium
2165 2788 2326 2843 feres.
2366 2787 2496 2844 Sino
2521 2797 2577 2841 ut
2599 2788 2755 2842 amici
2782 2788 2857 2842 tui
2882 2791 3114 2857 nuptiale
3137 2789 3329 2845 festum
3353 2808 3497 2848 cura:

1913 2896 2116 2936 vacuus
2137 2895 2415 2948 exerceas,
2439 2891 2492 2935 et
2513 2879 2698 2935 urbem
2724 2882 3039 2950 Tyburtem,
3063 2898 3181 2950 quae
3205 2899 3374 2953 nuper
3401 2886 3495 2940 tibi

1912 2973 2055 3028 faces
2085 2973 2340 3041 praetulit,
2380 2987 2720 3026 communem
2749 2972 2944 3026 lunoni
2985 2982 3039 3027 et
3071 2975 3282 3028 Herculi
3305 2975 3494 3032 facias.

1912 3064 2240 3126 lleverteris,
2270 3072 2328 3118 ut
2353 3077 2532 3129 spero,
2581 3072 2705 3131 post
2733 3063 2935 3131 repotia
2966 3065 3018 3116 in
3044 3063 3274 3119 Coelium
3304 3065 3496 3123 lare'm.

1835 3126 1883 3188 θ
1915 3157 2006 3210 Vel
2042 3157 2087 3210 si
2119 3156 2292 3210 adhuc
2318 3126 2468 3224 juvat
2495 3126 2711 3209 aestivos
2738 3126 2854 3209 dies
2883 3155 2934 3208 io
2970 3155 3226 3224 pomariis
3255 3157 3359 3212 tuis
3388 3158 3492 3213 du-

1909 3261 2068 3312 cere;
2117 3248 2313 3302 iterum
2347 3247 2442 3301 tibi
2483 3246 2778 3313 indignatio
2808 3261 2926 3302 mea
2957 3247 3252 3304 litterarum
3284 3258 3496 3306 tuarum

1912 3339 2072 3395 melle
2101 3339 2360 3409 placanda
2386 3345 2488 3393 est.
2517 3337 2669 3392 Vale.

2520 3428 2739 3485 EPIST.
2779 3429 2897 3483 XX.

2410 3534 2722 3576 SYMMACHUS
2761 3535 2989 3576 ATTALO.

1986 3612 2116 3666 Villa
2144 3612 2396 3683 Tyburis,
2442 3627 2562 3682 quae
2605 3613 2850 3682 proxime
2898 3613 2951 3667 in
2997 3614 3086 3682 jus
3131 3622 3278 3668 tuum
3312 3616 3493 3680 venit,

1911 3705 2131 3772 majoris
2162 3703 2358 3774 ingenii
2411 3703 2813 3772 prmdicatorem
2858 3705 3104 3774 requirit.
3159 3705 3272 3774 Ego
3314 3717 3491 3762 tamen

1910 3795 2104 3866 lingua;
2151 3795 2421 3864 modicus,
2474 3803 2530 3849 ut
2576 3805 2792 3863 potero,
2842 3797 3018 3852 verbis
3065 3798 3324 3852 honorem
3372 3799 3494 3854 loco

1911 3885 2123 3940 faciam.
2154 3886 2291 3954 Quid
2316 3887 2402 3940 hic
2424 3888 2475 3941 in
2502 3887 2672 3954 positu
2695 3887 2887 3940 :edium
2908 3887 3202 3942 venustatis
3229 3888 3340 3942 est!
3373 3889 3494 3958 quis

1909 3979 2082 4034 situs!
2123 3987 2353 4047 quantus
2377 3992 2438 4031 ex
2471 3979 2616 4032 edito
2645 3979 2751 4032 late
2789 3978 2839 4030 in
2869 3978 3025 4045 plana
3053 3982 3284 4047 jactatus
3309 3979 3494 4033 oculo-

1911 4073 2068 4126 rum!
2115 4071 2480 4140 Frequentare
2510 4071 2606 4124 has
2645 4070 2802 4124 sedes
2833 4071 3223 4126 Orchomenias
3262 4072 3489 4127 dixerim

1911 4162 2071 4228 deas,
2115 4172 2276 4230 atque
2305 4176 2396 4215 eas
2436 4161 2624 4215 sedulo
2662 4161 2908 4226 adnisas,
2954 4171 3010 4216 ut
3054 4170 3104 4216 te
3145 4163 3495 4218 conciliarent

1912 4252 2116 4307 aedibus
2147 4253 2260 4306 suis
2287 4252 2582 4306 dominum.
2617 4252 2787 4320 Perge
2816 4253 2977 4321 igitur
3004 4261 3060 4306 ut
3085 4252 3234 4317 facis,
3260 4261 3316 4307 et
3340 4254 3495 4308 victis

1911 4358 2027 4397 ωνο
2057 4342 2220 4397 redde
2261 4343 2574 4397 novitatem.
2630 4344 2795 4397 Multo
2840 4344 2942 4396 hoc
2985 4342 3125 4396 factu
3170 4345 3490 4412 promptius,

1910 4449 2071 4503 quam
2097 4434 2235 4503 quod
2267 4433 2554 4488 Hesiodum
2587 4433 2765 4486 ferunt
2807 4433 2980 4500 posito
3021 4432 3173 4486 senio
3212 4433 3267 4487 in
3294 4432 3494 4488 virides

1911 4538 2079 4577 annos
2108 4523 2355 4578 rediisse.
2405 4521 2614 4576 Interea
2641 4523 2914 4591 gratulare
2945 4521 3098 4576 nobis
3125 4522 3319 4579 bonam
3347 4524 3494 4579 vale-

1912 4617 2176 4679 tudinem;
2209 4631 2326 4686 quae
2354 4623 2412 4669 ut
2438 4614 2531 4668 tibi
2560 4629 2774 4684 quoque
2803 4614 3018 4683 longum
3049 4614 3326 4683 secundet,
3354 4615 3496 4671 inter

1911 4709 2116 4780 fastigia
2146 4719 2230 4765 est
2253 4717 2498 4763 votorum
2529 4722 2792 4762 meorum.
2824 4707 2971 4762 Vale.

2507 4799 2719 4854 EPIST.
2763 4798 2905 4854 XXI.

2409 4907 2712 4948 SYHMACHUS
2761 4906 2990 4946 ATTALO.

1989 4987 2274 5057 Postquam
2308 4986 2437 5041 mihi
2480 4987 2686 5039 litteras
2717 4993 2834 5038 tuas
2865 4983 3145 5038 rhedarius
3185 4999 3335 5038 meus
3364 4984 3489 5038 red-

1911 5079 2077 5146 didit,
2125 5088 2180 5132 et
2225 5078 2474 5131 salutatio
2519 5093 2584 5131 ex
2629 5075 2820 5130 itinere
2851 5084 3055 5146 portata
3096 5075 3489 5131 observantiam

1914 5179 2148 5223 nostram
2178 5168 2344 5222 solvit
2369 5168 2651 5236 religione;
2685 5166 2840 5221 datus
2868 5174 2954 5221 est
2979 5166 3106 5220 mihi
3136 5167 3335 5234 aditus,
3373 5182 3492 5220 cre-

1913 5262 2011 5316 hro
2031 5261 2156 5316 dum
2178 5260 2380 5328 aberis,
2397 5266 2572 5313 tecum
2597 5258 2873 5326 loquendi.
2897 5258 3073 5325 Quare
3093 5258 3159 5312 ab
3181 5257 3265 5312 his
3284 5256 3489 5322 ordior,

1913 5339 2031 5424 quae
2057 5355 2108 5408 in
2139 5362 2264 5407 voto
2292 5361 2383 5406 tuo
2413 5352 2582 5420 prima
2612 5358 2756 5404 sunt.
2804 5349 2971 5404 Deum
3001 5364 3152 5420 pace,
3185 5364 3300 5404 mea
3330 5357 3492 5417 atque

1910 5444 2050 5498 unici
2103 5443 2178 5497 tui
2225 5443 2429 5496 sanitas
2473 5442 2634 5510 viget.
2691 5440 2936 5496 Urbauas
2987 5441 3171 5496 turbas
3209 5440 3490 5503 Vaticano,

1909 5535 1961 5587 in
1993 5542 2250 5603 quantum
2280 5533 2422 5598 licet,
2450 5547 2574 5587 rure
2600 5531 2834 5587 declino.
2879 5533 2944 5586 lit
2975 5542 3175 5592 tamen,
3204 5531 3248 5584 si
3275 5531 3492 5599 quando

1909 5627 1962 5682 in
2010 5633 2206 5680 coetum
2251 5639 2528 5692 vocamur,
2581 5624 2649 5679 ad
2692 5624 3007 5693 obsequium
3038 5620 3250 5677 concilii
3294 5622 3490 5691 publici

1910 5717 2107 5785 pedem
2139 5716 2338 5773 refero.
2386 5716 2510 5773 Scio
2545 5725 2596 5771 te
2627 5715 2760 5772 nihil
2790 5713 3020 5781 amplius
3049 5712 3117 5768 de
3147 5711 3301 5768 nobis
3332 5713 3489 5770 velle.
