4074 6176
488 309 587 368 291

1647 286 1710 353 ρ.
1755 276 2100 337 AURELIL‘S
2139 272 2582 333 smnacuus.

3649 264 3757 318 ‘29!

493 416 842 481 Tantumdem
873 419 1192 482 pernoscere
1219 414 1396 460 rerum
1426 409 1637 452 tuarum
1664 391 1916 449 desiderii
1946 404 2067 444 mo-
2100 390 2146 446 Α
2175 383 2422 454 quiescit.
2454 381 2604 448 Quod
2637 379 2850 450 quidem
2881 376 2996 433 ﬁeri
3027 383 3277 446 οροτιειιε
3307 370 3622 436 consentio;
3665 376 3757 426 sed

496 529 579 571 tus
605 511 856 582 postulat.
891 502 1041 556 Vale.

1071 564 1288 622 EPIST.
1329 560 1496 617 XXII.

983 670 1292 714 SYIHACHUS
1342 663 1575 706 Αττιιο.

569 764 748 831 Longa
793 772 883 813 me
929 748 1246 810 deliberatio
1293 745 1508 808 habuit,
1561 755 1628 794 an
1675 736 1770 792 tibi
1821 735 2078 788 honorem

503 857 675 910 facere
687 826 797 906 sub
813 849 957 918 justa
981 843 1184 898 reditus
1206 837 1366 893 vestri
1389 830 1787 902 exspectatione
1804 826 2081 879 deberem.

504 945 744 1000 Verebar
779 913 944 1000 enim,
987 951 1056 990 ne
1089 930 1362 987 festinatio
1396 938 1480 977 tua
1510 923 1713 977 solatiis
1739 917 1909 971 obviis
1937 913 2084 967 fran-

504 1045 738 1108 geretur.
791 1031 894 1086 Sed
938 1029 1041 1081 ltoc
1081 1022 1387 1088 ambiguum
1432 1016 1594 1071 solvit
1631 1013 1768 1066 ratio
1796 1006 2082 1069 contraria,

507 1099 625 1200 quae
650 1141 800 1197 spem
830 1121 997 1185 dedit,
1026 1119 1122 1172 has
1148 1117 1354 1170 litteras
1391 1105 1682 1164 revertenti
1721 1099 2085 1160 stimulorum,

511 1191 616 1276 non
639 1191 910 1273 frenorum
933 1212 1101 1266 instar
1124 1209 1352 1262 futuras.
1402 1203 1468 1256 Et
1489 1197 1732 1254 consulto
1755 1192 1945 1247 atl’ecto
1969 1191 2090 1244 bre-

511 1313 750 1372 vitatem,
779 1306 946 1360 solam
979 1300 1071 1355 tibi
1101 1295 1390 1368 przrfereus
1419 1291 1711 1344 dictionem
1743 1282 1932 1337 salutis
1975 1296 1990 1335 :
2037 1288 2094 1331 ut

515 1400 797 1456 verborum
843 1405 1084 1447 meorum
1104 1367 1341 1454 exiguus
1372 1383 1595 1442 haustus
1633 1374 1902 1430 efficacior
1929 1370 2000 1424 sit
2027 1367 2095 1422 ad

514 1487 905 1550 sollicitandam
934 1483 1100 1544 sitim,
1127 1493 1284 1548 quam
1313 1471 1652 1543 explendam.
1685 1467 1834 1521 Vale.

1084 1610 1299 1666 EPIST.
1343 1603 1532 1661 XXIII.

1011 1712 1322 1757 εγωιλοιιυε
1363 1706 1595 1750 ATTALO.

2180 495 2284 548 non
2314 485 2573 542 eatenus,
2624 481 2684 528 ut
2724 471 3052 541 pontificium
3084 478 3233 524 tuum
3267 468 3318 522 in
3348 467 3545 521 damna
3577 476 3759 520 nostra

2181 568 2490 640 protendas.
2535 567 2799 620 Parumne
2827 573 2931 630 est,
2959 563 3099 629 quod
3132 561 3246 629 ipse
3275 572 3428 628 aeque
3452 557 3762 613 desideran-

2181 664 2281 718 dus
2310 661 2639 718 consortium
2669 671 2845 711 meum
2873 654 3102 716 deseris,
3131 660 3185 706 et
3215 651 3422 705 invides
3452 650 3608 704 nobis
3635 664 3765 704 exo-

2184 755 2538 824 ptatissimam
2583 746 2946 805 societatem?
3006 745 3228 811 Insuper
3276 742 3507 797 alterum
3557 755 3768 810 quoque

2185 846 2482 903 delenificis
2513 843 2712 897 amoris
2743 841 2946 894 artibus
2989 836 3221 900 retines;
3266 834 3431 888 credo
3472 834 3768 901 conjiciens

2186 942 2608 996 acceleraturum
2631 950 2752 990 esse
2778 948 2865 988 tne
2886 931 3137 994 reditum,
3167 929 3211 982 si
3243 940 3470 995 utroque
3491 926 3768 979 destituar.

2189 1035 2257 1090 At
2286 1048 2386 1103 ego
2414 1030 2674 1086 denuntio
2716 1041 2850 1096 opus
2893 1038 3013 1080 esse
3059 1021 3346 1086 monitore,
3395 1018 3489 1088 qui
3537 1017 3772 1072 retrahat

2192 1131 2504 1184 haerentem.
2549 1124 2703 1188 Nam,
2738 1128 2794 1174 ut
2823 1118 2949 1184 scis,
2980 1132 3099 1171 amo
3128 1117 3320 1179 otium,
3355 1127 3544 1181 pascor
3571 1112 3770 1180 quiete.

2194 1225 2405 1278 Instrno
2435 1221 2610 1288 itaque
2651 1227 2703 1272 te
2741 1215 3026 1268 adversum
3061 1211 3434 1266 Ientitudinem
3465 1223 3638 1261 meam
3667 1225 3679 1260 :
3728 1206 3770 1260 si

2195 1312 2432 1368 absentis
2454 1309 2610 1364 amici
2630 1308 2740 1378 jam
2763 1304 3041 1360 desideras
3066 1302 3319 1367 reditum,
3351 1308 3536 1370 patere
3556 1297 3773 1352 brevem

2198 1402 2479 1473 praesentis
2505 1413 2816 1456 excursum.
2842 1395 2994 1450 Vale.

2734 1489 2948 1546 EPIST.
2993 1487 3230 1543 XXVIII.

2660 1596 2965 1640 SYMMACIIUS
3003 1593 3322 1635 HACEDONIO.

2278 1681 2425 1735 Licet
2449 1677 2778 1749 gravissimis
2799 1674 3035 1728 febribus
3059 1669 3369 1739 impedirer,
3395 1682 3498 1720 non
3523 1663 3665 1734 potui
3690 1661 3783 1717 de-

591 1799 887 1873 Requirunt
917 1809 1024 1858 me,
1055 1791 1240 1855 credo,
1271 1787 1414 1843 oculi
1447 1785 1520 1838 tui
1547 1803 1559 1836 :
1603 1795 1754 1836 mens
1779 1778 1968 1833 adesse
1995 1789 2100 1829 non
2132 1756 2180 1815 Β
2209 1789 2402 1843 negare
2438 1771 2532 1826 tibi
2570 1768 3030 1824 honorificentiam
3060 1765 3382 1825 litterarum,
3417 1775 3484 1814 ne
3513 1756 3784 1828 religionis

2316 1865 2344 1873 ..
2513 1861 2526 1873 ο
2587 1861 2620 1873 ιο
2847 1857 2916 1873 Iv-
2942 1872 2950 1873 κ
3003 1864 3044 1873 ._
3090 1870 3102 1873 -
3123 1870 3174 1873 ,μ
3225 1855 3270 1873 2_.
3325 1851 3540 1873 _.-__I.___-
3592 1849 3784 1873 --.ΔΑ-..ι

522 1895 753 1951 dubitet.
808 1889 1014 1943 Mecum
1065 1884 1210 1938 enim
1261 1878 1539 1948 diligentia
1590 1876 1665 1928 tui
1711 1874 2100 1942 peregrinatur,

525 1995 799 2054 totumque
828 1979 992 2034 animi
1032 1975 1314 2030 all’ectione
1356 1967 1695 2027 circumfero.
1745 1961 2106 2018 Nihilominus

523 2089 749 2134 exerceo
769 2073 908 2141 style
928 2067 1177 2122 amicitiae
1200 2064 1548 2130 voluptatem.
1577 2056 1731 2124 Quod
1752 2055 1795 2108 si
1819 2064 1873 2108 tu
1895 2063 2107 2120 quoque

527 2168 753 2223 invicem
785 2161 998 2224 feceris,
1026 2158 1238 2212 eveniet
1267 2164 1322 2208 tit
1356 2155 1568 2222 longum
1599 2149 1744 2203 fruar
1771 2145 1864 2200 otii
1893 2155 2108 2212 posses-

527 2261 711 2321 siOne;
755 2255 880 2325 quia
911 2267 1016 2306 non
1048 2249 1264 2318 negabis
1304 2245 1446 2315 quod
1492 2256 1579 2297 me
1621 2239 1788 2310 possit
1816 2233 2104 2291 abducere.

533 2349 685 2404 Vale.

1098 2405 1312 2463 EPIST.
1354 2402 1540 2458 XXIV.

1024 2509 1328 2554 SYIIIIACIIUS
1382 2505 1615 2548 ATTALO.

602 2599 684 2656 Ad
711 2593 1112 2664 Neapolitanam
1144 2597 1427 2656 provectus
1451 2594 1623 2645 oram,
1649 2578 1858 2632 litteras
1883 2571 2111 2640 sumpsi,

531 2693 726 2764 quibus
751 2701 851 2743 nos
875 2686 928 2740 in
955 2684 1243 2736 adventum
1273 2687 1419 2732 tuum
1450 2672 1590 2728 Baiis
1619 2670 1860 2725 residere
1880 2664 2112 2736 jussisti.

533 2780 819 2838 Asserebat
841 2776 1077 2847 perlator
1091 2768 1334 2840 epistolae
1352 2766 1635 2821 imminere
1653 2773 1944 2816 excursum
1968 2767 2116 2810 tuum

533 2870 768 2926 calcibus
791 2846 924 2921 suis.
955 2860 1094 2929 Quid
1121 2859 1375 2920 facerem,
1403 2869 1525 2910 cum
1555 2867 1642 2908 me
1669 2864 1771 2906 nec
1801 2850 1947 2904 locus
1975 2846 2118 2901 idem

536 2960 782 3018 teneret?
811 2956 1125 3028 Expeditius
1155 2953 1329 3006 visum
1361 2958 1445 3004 est
1474 2958 1532 3003 ut
1561 2960 1591 3000 a
1619 2955 1671 3000 te
1697 2941 1873 3014 potius
1895 2942 2119 3011 gratiam

535 3050 880 3110 continuandi
935 3048 1002 3103 ad
1053 3059 1149 3100 vos
1205 3044 1414 3098 itineris
1467 3051 1833 3111 posceremus.
1903 3033 2123 3090 Amicos

2209 1861 2795 1936 negligensjudicarer.
2846 1857 2958 1911 Nec
3001 1864 3178 1909 tamen
3225 1855 3278 1908 in
3325 1851 3543 1906 multam
3591 1849 3785 1904 seriem

2208 1970 2507 2028 propagare
2536 1953 2742 2007 litteras
2768 1949 2910 2004 valui
2935 1965 2950 2002 :
2983 1963 3206 2017 quarunt
3234 1945 3466 2001 brevitas
3494 1940 3786 2008 inculpabi-

2211 2052 2276 2104 Iis
2302 2058 2404 2110 est,
2434 2061 2554 2100 cum
2583 2059 2648 2099 ex
2691 2040 2884 2108 injuria
2913 2035 3253 2103 valetudinis,
3288 2050 3392 2090 non
3419 2049 3487 2089 ex
3515 2032 3788 2087 voluntate

2210 2139 2520 2197 descendat.
2558 2134 2709 2189 Vale.

2779 2221 2997 2279 EPIST.
3039 2219 3234 2275 XXIX.

2661 2326 2968 2369 SYIIACIIUS
3006 2321 3328 2364 HACEDONIO.

2285 2412 2469 2481 Neque
2495 2407 2673 2462 fratris
2700 2406 2870 2459 nostri
2889 2402 2948 2457 V.
2975 2400 3039 2456 C.
3069 2398 3335 2454 Procliani
3362 2394 3623 2466 profectio
3642 2405 3794 2461 passa

2216 2513 2299 2559 est
2329 2511 2385 2556 ut
2415 2501 2629 2555 silerem
2649 2539 2663 2560 ,
2689 2509 2861 2566 neque
2889 2503 3070 2548 nostra
3099 2490 3224 2544 sivit
3249 2486 3476 2542 affectio.
3509 2494 3567 2539 ut
3603 2483 3796 2537 officiis

2219 2607 2595 2664 temperarem.
2623 2589 2768 2658 Cape
2798 2587 2959 2656 igitur
2985 2584 3224 2640 debitum
3259 2595 3450 2634 munus
3477 2575 3716 2646 alloquii,
3747 2583 3798 2628 et

2223 2698 2280 2740 ut
2309 2699 2395 2740 me
2422 2681 2584 2736 facias
2614 2678 3028 2749 promptiorem,
3067 2670 3436 2742 impertienda:
3463 2665 3800 2723 salutationis

2220 2791 2436 2847 operam
2466 2773 2774 2842 frequenter
2803 2781 3021 2837 ttsurpa.
3052 2765 3207 2819 Vale.

2799 2878 3013 2934 EPIST.
3056 2875 3225 2931 XXX.

2741 2985 3050 3027 SYIIIACIIUS
3089 2983 3299 3023 ATTICO.

2300 3075 2393 3129 Est
2415 3069 2631 3142 quidem
2672 3064 2800 3120 mihi
2834 3063 2974 3118 ruris
3005 3061 3171 3116 otium
3201 3056 3456 3126 volup'ati
3489 3053 3620 3109 :sed
3661 3051 3801 3108 anti-

535 3148 711 3210 enim,
741 3157 848 3197 non
879 3141 1033 3194 Baias
1061 3133 1411 3198 desiderasti;
1455 3130 1558 3186 nisi
1599 3129 1736 3184 forte
1774 3129 1864 3182 illo
1894 3124 2117 3181 luxuria
2144 3117 2192 3182 ϐ
2222 3117 3141 3210 “naggi'gdi—éorﬁ‘l’i’gemmam“
3165 3168 3178 3204 ε
3200 3117 3365 3210 quar'e
3392 3147 3581 3200 Ofﬁciis

2222 3165 2462 3236 quiorem
2483 3158 2666 3230 judico
2701 3157 2774 3209 tui
2816 3153 3141 3207 voluntatem
3165 3168 3178 3204 :
3200 3163 3365 3219 quare
3392 3147 3584 3200 officiis
3613 3158 3803 3199 consu-

539 3241 660 3293 sinu
705 3233 954 3288 traheris.
1001 3226 1391 3284 Comitabimur
1439 3233 1522 3291 te,
1572 3221 1616 3275 si
1663 3234 1729 3274 eo
1776 3218 1952 3273 redire
2003 3230 2118 3270 ma-

541 3327 740 3384 lueris:
775 3319 1019 3392 quamvis
1061 3316 1296 3386 regionis
1336 3315 1492 3368 IsIIIIS
1525 3311 1718 3366 caelum
1765 3306 2033 3362 salubrius
2066 3312 2122 3360 et

541 3431 698 3488 pares
726 3413 896 3482 copiae
924 3412 1050 3464 sint.
1102 3406 1217 3462 Erit
1255 3406 1401 3474 optio
1431 3413 1541 3469 tua,
1574 3399 1854 3456 intendere
1883 3396 2011 3460 iter,
2054 3409 2122 3448 an

543 3510 785 3578 relegere
812 3504 1124 3559 debeamus.
1158 3498 1235 3554 Ad
1261 3497 1628 3553 defensionem
1663 3507 1835 3547 meam
1864 3490 2120 3560 pertinet,

543 3618 611 3656 eo
634 3601 949 3653 redeuntem
982 3602 1034 3648 te
1061 3592 1246 3661 sequi,
1291 3589 1378 3644 ubi
1406 3587 1784 3642 adventantem
1811 3590 2126 3651 exspectare

546 3709 654 3749 non
680 3687 850 3760 pomi.
883 3686 1032 3741 Vale.

1118 3751 1333 3808 EPIST.
1387 3748 1556 3806 XXV.

1041 3862 1346 3906 SYIIIIACIIUS
1386 3858 1623 3901 ATTALO.

615 3949 673 4005 Si
697 3944 1072 4017 respondis‘ses
1097 3939 1338 4010 epistolae
1367 3951 1522 4002 meae,
1552 3935 1785 3989 levasses
1812 3943 1981 3985 onere
2007 3943 2131 3984 con-

548 4040 828 4096 scientiam
865 4045 1011 4091 tuam
1037 4051 1052 4088 :
1091 4046 1234 4087 nunc
1262 4039 1499 4085 nostram
1530 4023 1897 4080 taciturnitate
1922 4017 2128 4090 juvisti.

551 4133 792 4200 Repensa
820 4128 965 4184 enim
992 4124 1168 4180 officia
1195 4123 1433 4178 lmtitiam
1465 4119 1592 4174 mihi
1625 4123 1911 4186 praestant,
1941 4120 2131 4181 negata

551 4221 848 4278 victoriam.
896 4219 962 4272 Et
991 4216 1104 4272 scio
1134 4230 1201 4269 ex
1229 4210 1522 4268 abundanti
1551 4223 1706 4278 posse
1739 4205 1948 4268 facere,
1991 4201 2134 4271 quod

551 4330 648 4368 nos
676 4313 846 4368 multo
872 4307 1070 4364 sudore
1093 4304 1446 4374 destringitis.
1482 4300 1588 4356 Sed
1613 4299 1735 4368 quia
1763 4297 1967 4351 invides
1995 4294 2130 4348 bona

553 4411 710 4461 verba
756 4401 1078 4464 lectoribus;
1127 4413 1192 4452 ne
1238 4397 1345 4451 vim
1377 4395 1555 4448 facete
1589 4391 1871 4448 existimer
1898 4386 2134 4442 avaritia:

555 4503 675 4557 tunc,
705 4490 1046 4560 diSpendintn
1078 4501 1255 4540 meum
1283 4485 1508 4538 devoro.
1541 4481 1687 4536 Vale.

1123 4622 1338 4678 EPIST.
1373 4619 1564 4674 XXVI.

1011 4727 1323 4769 SYMMACIIUS
1361 4724 1679 4766 MACEDONIO.

629 4811 814 4870 Audeo
837 4818 887 4864 te
909 4809 962 4862 in
987 4821 1172 4876 agrum
1196 4805 1510 4859 Lavinatum
1535 4817 1712 4856 meum
1738 4810 1858 4868 post
1876 4800 2141 4870 Tyburtes

561 4920 750 4976 rogare
776 4901 1039 4957 delicias:
1086 4912 1185 4951 nec
1227 4910 1344 4949 sum
1387 4893 1618 4962 religiosi
1659 4889 1910 4946 desiderii
1951 4890 2141 4955 longus

561 5004 827 5068 precator.
883 4993 958 5046 Ea
985 4989 1181 5059 quippe
1213 4989 1353 5040 inter
1381 4985 1584 5039 amicos
1627 4979 1943 5052 petitionum
1985 4979 2146 5034 debet

562 5104 679 5144 es~e
711 5083 969 5146 conditio,
997 5091 1054 5136 ut
1080 5077 1463 5150 praestantibus
1491 5089 1660 5146 prona
1690 5072 1994 5138 videantur,
2027 5083 2146 5139 qua:

562 5187 686 5232 sunt
714 5189 903 5245 magna
935 5169 1302 5243 poscentibus.
1341 5167 1486 5220 \‘ale.

1125 5301 1337 5356 EPIS'I‘.
1380 5297 1593 5354 XXVII.

1031 5411 1336 5460 εγκηλοιιυε
1375 5405 1692 5447 MACEDONIO.

637 5516 789 5572 Soles
813 5503 1106 5574 affirmare,
1127 5505 1269 5576 quod
1293 5521 1377 5559 me
1402 5504 1496 5559 tibi
1522 5501 1798 5572 praeferas.
1833 5501 2027 5557 Posset
2053 5501 2154 5557 hoc

568 5624 685 5664 esse
713 5605 990 5671 credibile,
1015 5603 1062 5656 si
1087 5599 1254 5656 ﬁlium
1283 5611 1457 5652 meum
1491 5595 1726 5650 Attalum
1755 5595 1820 5649 ad
1850 5610 1950 5650 nos
1973 5596 2158 5650 venire

571 5699 852 5768 patereris.
901 5696 958 5750 In
1009 5705 1100 5749 tuo
1143 5690 1286 5746 enim
1342 5688 1456 5758 jure
1503 5699 1608 5756 est,
1663 5687 1767 5742 tuis
1809 5687 2026 5749 monitis
2065 5700 2158 5742 ac-

2165 4479 2217 4538 D

2225 3232 2457 3316 laribus,
2501 3251 2547 3304 si
2591 3248 2705 3302 fors
2747 3245 2948 3301 dictum
2976 3242 3143 3311 juvet,
3186 3244 3454 3309 spectator
3492 3245 3547 3290 et
3583 3232 3804 3289 conviva

2226 3363 2330 3402 non
2357 3352 2536 3401 deero.
2573 3340 2722 3396 Vale.

2787 3405 3001 3462 EPIST.
3042 3403 3234 3459 XXXI.

2740 3510 3051 3554 εγωιιειιυε
3090 3509 3305 3550 ATTICO.

2300 3593 2598 3651 Retrahere
2625 3607 2721 3645 nos
2760 3606 2791 3645 e
2818 3587 3121 3656 Campaniae
3165 3584 3367 3655 gremio
3399 3581 3653 3654 'I'yburtis
3697 3578 3810 3648 agri

2229 3688 2476 3743 laudibus
2519 3683 2723 3740 studes.
2773 3683 2866 3734 Est
2913 3679 3021 3744 ille,
3069 3687 3125 3731 ut
3161 3675 3443 3745 praedicas,
3489 3675 3541 3729 in
3569 3681 3662 3727 tuo
3689 3687 3814 3725 rure

2229 3780 2427 3834 densus
2453 3776 2744 3846 cupressis,
2777 3783 2828 3827 et
2868 3771 3093 3825 fontimn
3123 3769 3322 3836 largus,
3351 3778 3404 3821 et
3429 3775 3684 3821 montano
3709 3765 3813 3818 situ

2232 3871 2476 3940 frigidus.
2525 3870 2718 3924 Essent
2760 3867 2874 3920 haec
2915 3863 3043 3917 mihi
3073 3859 3446 3924 desideranda,
3495 3860 3540 3914 si
3573 3867 3622 3912 te
3667 3870 3813 3910 mora

2235 3963 2488 4017 uberiore
2516 3957 2832 4013 tenuissent.
2860 3956 3008 4008 hunc
3029 3951 3383 4022 properatoin
3411 3950 3594 4004 urbem
3614 3947 3813 4009 reditu,

2235 4053 2416 4107 nescio
2442 4065 2598 4120 quam
2640 4048 2766 4102 mihi
2807 4044 3025 4100 fastiditi
3057 4045 3154 4097 loci
3199 4040 3558 4110 suspicionem
3601 4035 3815 4092 dedisti.

2237 4144 2444 4199 Habent
2471 4142 2613 4197 enim
2645 4154 2789 4206 saepe
2817 4138 3120 4206 voluptates
3146 4138 3461 4188 satietatem.
3494 4129 3643 4198 Quod
3673 4129 3716 4182 si
3747 4128 3819 4180 ita

2236 4245 2341 4299 est,
2370 4232 2699 4288 satisfactum
2728 4226 2958 4283 Formiis
2986 4236 3134 4296 puto,
3167 4225 3357 4294 quibus
3382 4221 3817 4280 renuntiaveras;

2237 4345 2358 4386 cum
2385 4327 2479 4382 tibi
2504 4325 2661 4380 etiam
2693 4323 2908 4392 praelata
2937 4319 3272 4388 displiceant.
3307 4315 3460 4369 Vale.

2795 4450 3010 4507 EPIST.
3047 4447 3266 4503 XXXII.

2755 4556 3063 4598 SYHMACIIUS
3101 4553 3318 4594 ATTICO.

2319 4641 2576 4713 lielegere
2614 4640 2716 4695 iter
2760 4648 2814 4692 et
2853 4639 2903 4691 in
2947 4644 3291 4705 conspectum
3337 4640 3574 4687 vestrum
3613 4627 3827 4683 tandem

2245 4734 2421 4790 redire
2445 4731 2786 4796 meditamur,
2823 4729 2947 4783 licet
2979 4727 3072 4781 lilii
3105 4726 3272 4780 nostri
3303 4725 3494 4778 virium
3520 4721 3666 4776 vacui
3699 4721 3829 4782 sint,

2245 4835 2301 4882 et
2326 4840 2411 4880 me
2435 4823 2662 4878 febrium
2689 4837 2826 4876 noxa
2857 4819 3169 4884 tentaverit;
3194 4819 3463 4872 minuetur
3485 4827 3659 4868 tamen
3683 4811 3836 4866 labor

2253 4913 2546 4970 intervallis
2568 4912 2818 4968 brevibus
2841 4914 3202 4964 mansionum.
3245 4908 3416 4977 Spero
3446 4906 3686 4960 locorum
3717 4917 3837 4956 mu-

2255 5007 2455 5063 talione
2501 5017 2876 5073 processurum
2919 4999 3118 5071 aliqu'd
3162 5001 3378 5069 optatis.
3427 4998 3620 5053 Curam
3664 4995 3714 5048 in
3749 5008 3839 5047 me

2256 5097 2543 5166 diligentiae
2571 5105 2675 5148 tua:
2698 5110 2796 5148 usu
2826 5093 3100 5163 probatam
3122 5106 3366 5146 crescere
3387 5090 3437 5144 in
3459 5089 3574 5142 dies
3597 5085 3840 5155 gaudeo:

2259 5187 2342 5242 cui
2371 5189 2612 5256 impense
2647 5183 2824 5240 verbis
2849 5184 3049 5253 gratias
3075 5196 3310 5252 agerem,
3330 5181 3373 5234 si
3402 5179 3454 5234 id
3471 5177 3644 5233 laudis
3668 5179 3846 5246 potius

2261 5277 2616 5342 affectatione,
2648 5290 2806 5346 quam
2831 5275 3038 5330 sincera
3073 5275 3268 5343 pietate
3296 5271 3522 5326 faceres.
3554 5268 3709 5324 Vale.

2805 5405 3021 5462 EPIST.
3062 5404 3305 5460 XXXIII.

2767 5512 3076 5554 SYIIACIIUS
3113 5511 3310 5551 ATTICO

2340 5594 2593 5649 Proxime
2623 5592 2876 5649 indicium
2904 5590 3094 5646 salutis
3121 5604 3254 5646 mea:
3303 5586 3542 5658 praetuli;
3592 5598 3691 5638 nec
3719 5580 3850 5636 dum

2266 5688 2408 5759 quod
2438 5689 2665 5743 invicem
2689 5685 2758 5741 de
2787 5683 3057 5756 prosperis
3102 5683 3207 5738 tuis
3234 5681 3487 5750 legerent,
3541 5675 3852 5734 reddidisti.
