  <div class='ocr_page' id='page_1' title='image "/cluster/home/n/w/nwhite01/storage/ocr_20150623/18/hvd.32044023361694/156.png"; bbox 0 0 4074 6176; ppageno 0'>
   <div class='ocr_carea' id='block_1_1' title="bbox 267 297 378 349">
    <p class='ocr_par' dir='ltr' id='par_1_1' title="bbox 267 297 378 349">
     <span class='ocr_line' id='line_1_1' title="bbox 267 297 378 349; baseline -0.036 1"><span class='ocrx_word' id='word_1_1' title='bbox 267 297 378 349; x_wconf 73' lang='lat'><strong>293</strong></span> 
     </span>
    </p>
   </div>
   <div class='ocr_carea' id='block_1_2' title="bbox 269 486 1863 552">
    <p class='ocr_par' dir='ltr' id='par_1_2' title="bbox 269 486 1863 552">
     <span class='ocr_line' id='line_1_2' title="bbox 269 486 1863 552; baseline -0.009 -1"><span class='ocrx_word' id='word_1_2' title='bbox 269 500 488 552; x_wconf 87' lang='lat' dir='ltr'><strong>iterare.</strong></span> <span class='ocrx_word' id='word_1_3' title='bbox 520 494 690 549; x_wconf 86' lang='lat' dir='ltr'><strong>Tanta</strong></span> <span class='ocrx_word' id='word_1_4' title='bbox 721 501 804 547; x_wconf 89' lang='lat' dir='ltr'><strong>est</strong></span> <span class='ocrx_word' id='word_1_5' title='bbox 830 491 971 546; x_wconf 89' lang='lat' dir='ltr'><strong>enim</strong></span> <span class='ocrx_word' id='word_1_6' title='bbox 996 489 1257 545; x_wconf 71' lang='lat' dir='ltr'><strong>securitas</strong></span> <span class='ocrx_word' id='word_1_7' title='bbox 1285 489 1448 542; x_wconf 91' lang='lat' dir='ltr'><strong>animi</strong></span> <span class='ocrx_word' id='word_1_8' title='bbox 1473 488 1525 541; x_wconf 93' lang='lat' dir='ltr'><strong>io</strong></span> <span class='ocrx_word' id='word_1_9' title='bbox 1551 501 1650 541; x_wconf 92' lang='lat' dir='ltr'><strong>nos</strong></span> <span class='ocrx_word' id='word_1_10' title='bbox 1678 486 1775 550; x_wconf 88' lang='lat' dir='ltr'><strong>tui,</strong></span> <span class='ocrx_word' id='word_1_11' title='bbox 1805 495 1863 538; x_wconf 89' lang='grc' dir='ltr'><strong>ιιι</strong></span> 
     </span>
    </p>
   </div>
   <div class='ocr_carea' id='block_1_3' title="bbox 266 576 1857 656">
    <p class='ocr_par' dir='ltr' id='par_1_3' title="bbox 266 576 1857 656">
     <span class='ocr_line' id='line_1_3' title="bbox 266 576 1857 656; baseline -0.007 -16"><span class='ocrx_word' id='word_1_12' title='bbox 266 599 560 656; x_wconf 78' lang='lat' dir='ltr'><strong>repensum</strong></span> <span class='ocrx_word' id='word_1_13' title='bbox 591 591 773 653; x_wconf 89' lang='lat' dir='ltr'><strong>putem</strong></span> <span class='ocrx_word' id='word_1_14' title='bbox 801 581 1058 651; x_wconf 87' lang='lat' dir='ltr'><strong>quidquid</strong></span> <span class='ocrx_word' id='word_1_15' title='bbox 1085 579 1153 634; x_wconf 89' lang='lat' dir='ltr'><strong>ab</strong></span> <span class='ocrx_word' id='word_1_16' title='bbox 1181 586 1396 634; x_wconf 90' lang='lat' dir='ltr'><strong>amante</strong></span> <span class='ocrx_word' id='word_1_17' title='bbox 1426 577 1672 633; x_wconf 88' lang='lat' dir='ltr'><strong>debetur.</strong></span> <span class='ocrx_word' id='word_1_18' title='bbox 1709 576 1857 630; x_wconf 88' lang='lat' dir='ltr'><strong>Vale.</strong></span> 
     </span>
    </p>
   </div>
   <div class='ocr_carea' id='block_1_4' title="bbox 825 711 1328 769">
    <p class='ocr_par' dir='ltr' id='par_1_4' title="bbox 825 711 1328 769">
     <span class='ocr_line' id='line_1_4' title="bbox 825 711 1328 769; baseline -0.008 -1"><span class='ocrx_word' id='word_1_19' title='bbox 825 712 1040 769; x_wconf 80' lang='lat' dir='ltr'><strong>EPIST.</strong></span> <span class='ocrx_word' id='word_1_20' title='bbox 1084 711 1328 766; x_wconf 87' lang='lat' dir='ltr'><strong>XXXIV.</strong></span> 
     </span>
    </p>
   </div>
   <div class='ocr_carea' id='block_1_5' title="bbox 778 817 1342 860">
    <p class='ocr_par' dir='ltr' id='par_1_5' title="bbox 778 817 1342 860">
     <span class='ocr_line' id='line_1_5' title="bbox 778 817 1342 860; baseline -0.009 0"><span class='ocrx_word' id='word_1_21' title='bbox 778 819 1086 860; x_wconf 66' lang='lat' dir='ltr'><strong>SYMMACHUS</strong></span> <span class='ocrx_word' id='word_1_22' title='bbox 1126 817 1342 858; x_wconf 78' lang='lat' dir='ltr'><strong>ATTICO.</strong></span> 
     </span>
    </p>
   </div>
   <div class='ocr_carea' id='block_1_6' title="bbox 349 891 1864 963">
    <p class='ocr_par' dir='ltr' id='par_1_6' title="bbox 349 891 1864 963">
     <span class='ocr_line' id='line_1_6' title="bbox 349 891 1864 963; baseline -0.005 -10"><span class='ocrx_word' id='word_1_23' title='bbox 349 896 704 953; x_wconf 80' lang='lat' dir='ltr'><strong>Salutationis</strong></span> <span class='ocrx_word' id='word_1_24' title='bbox 733 895 1192 950; x_wconf 80' lang='lat' dir='ltr'><strong>Imuoriticentiam</strong></span> <span class='ocrx_word' id='word_1_25' title='bbox 1239 894 1582 963; x_wconf 67' lang='lat' dir='ltr'><strong>prmlocutus,</strong></span> <span class='ocrx_word' id='word_1_26' title='bbox 1633 891 1864 946; x_wconf 89' lang='lat' dir='ltr'><strong>Getulici</strong></span> 
     </span>
    </p>
   </div>
   <div class='ocr_carea' id='block_1_7' title="bbox 267 984 1862 1059">
    <p class='ocr_par' dir='ltr' id='par_1_7' title="bbox 267 984 1862 1059">
     <span class='ocr_line' id='line_1_7' title="bbox 267 984 1862 1059; baseline -0.004 -16"><span class='ocrx_word' id='word_1_27' title='bbox 267 989 482 1059; x_wconf 77' lang='lat' dir='ltr'><strong>agentis</strong></span> <span class='ocrx_word' id='word_1_28' title='bbox 529 989 582 1041; x_wconf 93' lang='lat' dir='ltr'><strong>in</strong></span> <span class='ocrx_word' id='word_1_29' title='bbox 621 988 779 1042; x_wconf 85' lang='lat' dir='ltr'><strong>rebus</strong></span> <span class='ocrx_word' id='word_1_30' title='bbox 808 1002 1074 1055; x_wconf 81' lang='lat' dir='ltr'><strong>exsequor</strong></span> <span class='ocrx_word' id='word_1_31' title='bbox 1106 986 1448 1052; x_wconf 81' lang='lat' dir='ltr'><strong>postulatum,</strong></span> <span class='ocrx_word' id='word_1_32' title='bbox 1489 985 1577 1053; x_wconf 90' lang='lat' dir='ltr'><strong>qui</strong></span> <span class='ocrx_word' id='word_1_33' title='bbox 1626 999 1656 1037; x_wconf 93' lang='lat' dir='ltr'><strong>a</strong></span> <span class='ocrx_word' id='word_1_34' title='bbox 1689 995 1739 1037; x_wconf 89' lang='lat' dir='ltr'><strong>te</strong></span> <span class='ocrx_word' id='word_1_35' title='bbox 1775 984 1862 1052; x_wconf 90' lang='lat' dir='ltr'><strong>ju-</strong></span> 
     </span>
    </p>
   </div>
   <div class='ocr_carea' id='block_1_8' title="bbox 268 1078 1861 1149">
    <p class='ocr_par' dir='ltr' id='par_1_8' title="bbox 268 1078 1861 1149">
     <span class='ocr_line' id='line_1_8' title="bbox 268 1078 1861 1149; baseline -0.005 -11"><span class='ocrx_word' id='word_1_36' title='bbox 268 1095 413 1138; x_wconf 83' lang='lat' dir='ltr'><strong>stum</strong></span> <span class='ocrx_word' id='word_1_37' title='bbox 441 1081 679 1136; x_wconf 79' lang='lat' dir='ltr'><strong>favorem</strong></span> <span class='ocrx_word' id='word_1_38' title='bbox 708 1095 804 1149; x_wconf 91' lang='lat' dir='ltr'><strong>per</strong></span> <span class='ocrx_word' id='word_1_39' title='bbox 827 1095 911 1133; x_wconf 90' lang='lat' dir='ltr'><strong>me</strong></span> <span class='ocrx_word' id='word_1_40' title='bbox 937 1087 1088 1146; x_wconf 83' lang='lat' dir='ltr'><strong>Optat</strong></span> <span class='ocrx_word' id='word_1_41' title='bbox 1108 1079 1350 1145; x_wconf 84' lang='lat' dir='ltr'><strong>adipisci.</strong></span> <span class='ocrx_word' id='word_1_42' title='bbox 1378 1078 1732 1132; x_wconf 71' lang='lat' dir='ltr'><strong>Humanitatis</strong></span> <span class='ocrx_word' id='word_1_43' title='bbox 1756 1088 1861 1131; x_wconf 76' lang='lat' dir='ltr'><strong>tua:</strong></span> 
     </span>
    </p>
   </div>
   <div class='ocr_carea' id='block_1_9' title="bbox 265 1170 1863 1241">
    <p class='ocr_par' dir='ltr' id='par_1_9' title="bbox 265 1170 1863 1241">
     <span class='ocr_line' id='line_1_9' title="bbox 265 1170 1863 1241; baseline -0.004 -13"><span class='ocrx_word' id='word_1_44' title='bbox 265 1185 350 1228; x_wconf 88' lang='lat' dir='ltr'><strong>est</strong></span> <span class='ocrx_word' id='word_1_45' title='bbox 379 1172 631 1241; x_wconf 81' lang='lat' dir='ltr'><strong>amplecti</strong></span> <span class='ocrx_word' id='word_1_46' title='bbox 675 1170 1003 1239; x_wconf 86' lang='lat' dir='ltr'><strong>probabilem</strong></span> <span class='ocrx_word' id='word_1_47' title='bbox 1052 1171 1419 1235; x_wconf 79' lang='lat' dir='ltr'><strong>voluntatem,</strong></span> <span class='ocrx_word' id='word_1_48' title='bbox 1471 1183 1863 1237; x_wconf 89' lang='lat' dir='ltr'><strong>numerumque</strong></span> 
     </span>
    </p>
   </div>
   <div class='ocr_carea' id='block_1_10' title="bbox 265 1258 1862 1332">
    <p class='ocr_par' dir='ltr' id='par_1_10' title="bbox 265 1258 1862 1332">
     <span class='ocr_line' id='line_1_10' title="bbox 265 1258 1862 1332; baseline -0.006 -12"><span class='ocrx_word' id='word_1_49' title='bbox 265 1278 481 1326; x_wconf 89' lang='lat' dir='ltr'><strong>eorum,</strong></span> <span class='ocrx_word' id='word_1_50' title='bbox 510 1263 603 1332; x_wconf 87' lang='lat' dir='ltr'><strong>qui</strong></span> <span class='ocrx_word' id='word_1_51' title='bbox 637 1269 690 1316; x_wconf 90' lang='lat' dir='ltr'><strong>te</strong></span> <span class='ocrx_word' id='word_1_52' title='bbox 715 1261 839 1329; x_wconf 88' lang='lat' dir='ltr'><strong>jure</strong></span> <span class='ocrx_word' id='word_1_53' title='bbox 865 1260 1186 1330; x_wconf 78' lang='lat' dir='ltr'><strong>suspiciunt,</strong></span> <span class='ocrx_word' id='word_1_54' title='bbox 1232 1259 1534 1330; x_wconf 89' lang='lat' dir='ltr'><strong>adjectione</strong></span> <span class='ocrx_word' id='word_1_55' title='bbox 1580 1258 1708 1314; x_wconf 91' lang='lat' dir='ltr'><strong>novi</strong></span> <span class='ocrx_word' id='word_1_56' title='bbox 1749 1258 1862 1312; x_wconf 81' lang='lat' dir='ltr'><strong>cul-</strong></span> 
     </span>
    </p>
   </div>
   <div class='ocr_carea' id='block_1_11' title="bbox 266 1351 838 1423">
    <p class='ocr_par' dir='ltr' id='par_1_11' title="bbox 266 1351 838 1423">
     <span class='ocr_line' id='line_1_11' title="bbox 266 1351 838 1423; baseline -0.003 -13"><span class='ocrx_word' id='word_1_57' title='bbox 266 1355 404 1410; x_wconf 80' lang='lat' dir='ltr'><strong>toris</strong></span> <span class='ocrx_word' id='word_1_58' title='bbox 431 1366 652 1423; x_wconf 86' lang='lat' dir='ltr'><strong>augere.</strong></span> <span class='ocrx_word' id='word_1_59' title='bbox 684 1351 838 1408; x_wconf 90' lang='lat' dir='ltr'><strong>Vale.</strong></span> 
     </span>
    </p>
   </div>
   <div class='ocr_carea' id='block_1_12' title="bbox 830 1444 1304 1500">
    <p class='ocr_par' dir='ltr' id='par_1_12' title="bbox 830 1444 1304 1500">
     <span class='ocr_line' id='line_1_12' title="bbox 830 1444 1304 1500; baseline -0.004 0"><span class='ocrx_word' id='word_1_60' title='bbox 830 1444 1048 1500; x_wconf 87' lang='lat' dir='ltr'><strong>EPIST.</strong></span> <span class='ocrx_word' id='word_1_61' title='bbox 1088 1444 1304 1500; x_wconf 90' lang='lat' dir='ltr'><strong>XXXV.</strong></span> 
     </span>
    </p>
   </div>
   <div class='ocr_carea' id='block_1_13' title="bbox 800 1551 1318 1591">
    <p class='ocr_par' dir='ltr' id='par_1_13' title="bbox 800 1551 1318 1591">
     <span class='ocr_line' id='line_1_13' title="bbox 800 1551 1318 1591; baseline 0 -1"><span class='ocrx_word' id='word_1_62' title='bbox 800 1552 1108 1591; x_wconf 65' lang='grc' dir='ltr'>εῑιιιιλοιιυς</span> <span class='ocrx_word' id='word_1_63' title='bbox 1144 1551 1318 1591; x_wconf 77' lang='lat' dir='ltr'><strong>DECIO.</strong></span> 
     </span>
    </p>
   </div>
   <div class='ocr_carea' id='block_1_14' title="bbox 345 1646 1860 1714">
    <p class='ocr_par' dir='ltr' id='par_1_14' title="bbox 345 1646 1860 1714">
     <span class='ocr_line' id='line_1_14' title="bbox 345 1646 1860 1714; baseline -0.004 -8"><span class='ocrx_word' id='word_1_64' title='bbox 345 1650 604 1706; x_wconf 79' lang='lat' dir='ltr'><strong>Animum</strong></span> <span class='ocrx_word' id='word_1_65' title='bbox 635 1664 812 1704; x_wconf 90' lang='lat' dir='ltr'><strong>meum</strong></span> <span class='ocrx_word' id='word_1_66' title='bbox 841 1646 1094 1714; x_wconf 82' lang='lat' dir='ltr'><strong>Campani</strong></span> <span class='ocrx_word' id='word_1_67' title='bbox 1124 1647 1320 1701; x_wconf 79' lang='lat' dir='ltr'><strong>littoris</strong></span> <span class='ocrx_word' id='word_1_68' title='bbox 1350 1648 1860 1702; x_wconf 86' lang='lat' dir='ltr'><strong>commemoratione</strong></span> 
     </span>
    </p>
   </div>
   <div class='ocr_carea' id='block_1_15' title="bbox 268 1737 1938 1810">
    <p class='ocr_par' dir='ltr' id='par_1_15' title="bbox 268 1737 1938 1810">
     <span class='ocr_line' id='line_1_15' title="bbox 268 1737 1938 1810; baseline -0.001 -15"><span class='ocrx_word' id='word_1_69' title='bbox 268 1742 576 1796; x_wconf 84' lang='lat' dir='ltr'><strong>sollicitas:</strong></span> <span class='ocrx_word' id='word_1_70' title='bbox 608 1740 703 1794; x_wconf 82' lang='lat' dir='ltr'><strong>sed</strong></span> <span class='ocrx_word' id='word_1_71' title='bbox 736 1739 889 1793; x_wconf 88' lang='lat' dir='ltr'><strong>nobis</strong></span> <span class='ocrx_word' id='word_1_72' title='bbox 918 1753 1130 1807; x_wconf 92' lang='lat' dir='ltr'><strong>quoque</strong></span> <span class='ocrx_word' id='word_1_73' title='bbox 1169 1739 1221 1792; x_wconf 92' lang='lat' dir='ltr'><strong>in</strong></span> <span class='ocrx_word' id='word_1_74' title='bbox 1261 1737 1592 1792; x_wconf 70' lang='lat' dir='ltr'><strong>Praenestino</strong></span> <span class='ocrx_word' id='word_1_75' title='bbox 1620 1754 1746 1792; x_wconf 91' lang='lat' dir='ltr'><strong>rure</strong></span> <span class='ocrx_word' id='word_1_76' title='bbox 1793 1739 1860 1793; x_wconf 89' lang='lat' dir='ltr'><strong>de</strong></span> <span class='ocrx_word' id='word_1_77' title='bbox 1890 1751 1938 1810; x_wconf 76' lang='grc' dir='ltr'><strong>Β</strong></span> 
     </span>
    </p>
   </div>
   <div class='ocr_carea' id='block_1_16' title="bbox 263 1829 1859 1904">
    <p class='ocr_par' dir='ltr' id='par_1_16' title="bbox 263 1829 1859 1904">
     <span class='ocr_line' id='line_1_16' title="bbox 263 1829 1859 1904; baseline -0.003 -15"><span class='ocrx_word' id='word_1_78' title='bbox 263 1836 524 1904; x_wconf 77' lang='lat' dir='ltr'><strong>gentibus</strong></span> <span class='ocrx_word' id='word_1_79' title='bbox 553 1848 658 1888; x_wconf 89' lang='lat' dir='ltr'><strong>non</strong></span> <span class='ocrx_word' id='word_1_80' title='bbox 689 1833 865 1886; x_wconf 84' lang='lat' dir='ltr'><strong>minus</strong></span> <span class='ocrx_word' id='word_1_81' title='bbox 907 1831 1238 1900; x_wconf 82' lang='lat' dir='ltr'><strong>voluptatum</strong></span> <span class='ocrx_word' id='word_1_82' title='bbox 1269 1831 1524 1899; x_wconf 86' lang='lat' dir='ltr'><strong>suppetit.</strong></span> <span class='ocrx_word' id='word_1_83' title='bbox 1575 1829 1695 1884; x_wconf 91' lang='lat' dir='ltr'><strong>Sint</strong></span> <span class='ocrx_word' id='word_1_84' title='bbox 1737 1830 1859 1885; x_wconf 84' lang='lat' dir='ltr'><strong>licet</strong></span> 
     </span>
    </p>
   </div>
   <div class='ocr_carea' id='block_1_17' title="bbox 266 1923 1856 1993">
    <p class='ocr_par' dir='ltr' id='par_1_17' title="bbox 266 1923 1856 1993">
     <span class='ocr_line' id='line_1_17' title="bbox 266 1923 1856 1993; baseline 0 -17"><span class='ocrx_word' id='word_1_85' title='bbox 266 1929 452 1993; x_wconf 76' lang='lat' dir='ltr'><strong>plures</strong></span> <span class='ocrx_word' id='word_1_86' title='bbox 483 1926 758 1979; x_wconf 84' lang='lat' dir='ltr'><strong>hominum</strong></span> <span class='ocrx_word' id='word_1_87' title='bbox 782 1924 1086 1986; x_wconf 68' lang='lat' dir='ltr'><strong>sententiat,</strong></span> <span class='ocrx_word' id='word_1_88' title='bbox 1115 1938 1234 1992; x_wconf 59' lang='lat' dir='ltr'><strong>quae</strong></span> <span class='ocrx_word' id='word_1_89' title='bbox 1275 1923 1563 1976; x_wconf 89' lang='lat' dir='ltr'><strong>maritimis</strong></span> <span class='ocrx_word' id='word_1_90' title='bbox 1605 1931 1856 1976; x_wconf 87' lang='lat' dir='ltr'><strong>montana</strong></span> 
     </span>
    </p>
   </div>
   <div class='ocr_carea' id='block_1_18' title="bbox 266 2017 1858 2092">
    <p class='ocr_par' dir='ltr' id='par_1_18' title="bbox 266 2017 1858 2092">
     <span class='ocr_line' id='line_1_18' title="bbox 266 2017 1858 2092; baseline -0.003 -17"><span class='ocrx_word' id='word_1_91' title='bbox 266 2032 594 2092; x_wconf 88' lang='lat' dir='ltr'><strong>postpooant</strong></span> <span class='ocrx_word' id='word_1_92' title='bbox 622 2037 638 2070; x_wconf 86' lang='lat'><strong>:</strong></span> <span class='ocrx_word' id='word_1_93' title='bbox 662 2035 762 2088; x_wconf 83' lang='lat' dir='ltr'><strong>ego</strong></span> <span class='ocrx_word' id='word_1_94' title='bbox 788 2029 965 2073; x_wconf 77' lang='lat' dir='ltr'><strong>tamen</strong></span> <span class='ocrx_word' id='word_1_95' title='bbox 996 2018 1228 2072; x_wconf 84' lang='lat' dir='ltr'><strong>vitandis</strong></span> <span class='ocrx_word' id='word_1_96' title='bbox 1249 2017 1471 2072; x_wconf 72' lang='lat' dir='ltr'><strong>testibus</strong></span> <span class='ocrx_word' id='word_1_97' title='bbox 1493 2018 1663 2086; x_wconf 87' lang='lat' dir='ltr'><strong>magis</strong></span> <span class='ocrx_word' id='word_1_98' title='bbox 1679 2017 1858 2086; x_wconf 84' lang='lat' dir='ltr'><strong>judico</strong></span> 
     </span>
    </p>
   </div>
   <div class='ocr_carea' id='block_1_19' title="bbox 267 2108 1858 2178">
    <p class='ocr_par' dir='ltr' id='par_1_19' title="bbox 267 2108 1858 2178">
     <span class='ocr_line' id='line_1_19' title="bbox 267 2108 1858 2178; baseline -0.001 -14"><span class='ocrx_word' id='word_1_99' title='bbox 267 2127 580 2176; x_wconf 76' lang='lat' dir='ltr'><strong>nemorosst,</strong></span> <span class='ocrx_word' id='word_1_100' title='bbox 632 2125 792 2178; x_wconf 81' lang='lat' dir='ltr'><strong>quam</strong></span> <span class='ocrx_word' id='word_1_101' title='bbox 838 2110 982 2162; x_wconf 90' lang='lat' dir='ltr'><strong>cultu</strong></span> <span class='ocrx_word' id='word_1_102' title='bbox 1010 2118 1193 2177; x_wconf 87' lang='lat' dir='ltr'><strong>aperta</strong></span> <span class='ocrx_word' id='word_1_103' title='bbox 1219 2123 1531 2177; x_wconf 76' lang='lat' dir='ltr'><strong>congruere.</strong></span> <span class='ocrx_word' id='word_1_104' title='bbox 1567 2108 1858 2178; x_wconf 84' lang='lat' dir='ltr'><strong>Adjeceras</strong></span> 
     </span>
    </p>
   </div>
   <div class='ocr_carea' id='block_1_20' title="bbox 265 2198 1856 2269">
    <p class='ocr_par' dir='ltr' id='par_1_20' title="bbox 265 2198 1856 2269">
     <span class='ocr_line' id='line_1_20' title="bbox 265 2198 1856 2269; baseline -0.002 -14"><span class='ocrx_word' id='word_1_105' title='bbox 265 2204 328 2255; x_wconf 88' lang='lat' dir='ltr'><strong>ad</strong></span> <span class='ocrx_word' id='word_1_106' title='bbox 361 2203 760 2255; x_wconf 89' lang='lat' dir='ltr'><strong>irritamentum</strong></span> <span class='ocrx_word' id='word_1_107' title='bbox 807 2200 1148 2269; x_wconf 79' lang='lat' dir='ltr'><strong>profectionis</strong></span> <span class='ocrx_word' id='word_1_108' title='bbox 1193 2209 1412 2263; x_wconf 67' lang='lat' dir='ltr'><strong>nostrae,</strong></span> <span class='ocrx_word' id='word_1_109' title='bbox 1461 2198 1628 2254; x_wconf 82' lang='lat' dir='ltr'><strong>filium</strong></span> <span class='ocrx_word' id='word_1_110' title='bbox 1679 2215 1856 2253; x_wconf 91' lang='lat' dir='ltr'><strong>meum</strong></span> 
     </span>
    </p>
   </div>
   <div class='ocr_carea' id='block_1_21' title="bbox 265 2291 1856 2360">
    <p class='ocr_par' dir='ltr' id='par_1_21' title="bbox 265 2291 1856 2360">
     <span class='ocr_line' id='line_1_21' title="bbox 265 2291 1856 2360; baseline -0.003 -12"><span class='ocrx_word' id='word_1_111' title='bbox 265 2295 586 2348; x_wconf 72' lang='lat' dir='ltr'><strong>Flavianum</strong></span> <span class='ocrx_word' id='word_1_112' title='bbox 619 2292 768 2347; x_wconf 88' lang='lat' dir='ltr'><strong>brevi</strong></span> <span class='ocrx_word' id='word_1_113' title='bbox 803 2301 976 2346; x_wconf 86' lang='lat' dir='ltr'><strong>tecum</strong></span> <span class='ocrx_word' id='word_1_114' title='bbox 1009 2291 1264 2344; x_wconf 89' lang='lat' dir='ltr'><strong>futurum.</strong></span> <span class='ocrx_word' id='word_1_115' title='bbox 1298 2291 1466 2360; x_wconf 85' lang='lat' dir='ltr'><strong>Hujus</strong></span> <span class='ocrx_word' id='word_1_116' title='bbox 1493 2307 1592 2359; x_wconf 88' lang='lat' dir='ltr'><strong>ego</strong></span> <span class='ocrx_word' id='word_1_117' title='bbox 1621 2305 1856 2359; x_wconf 62' lang='lat' dir='ltr'><strong>praesen-</strong></span> 
     </span>
    </p>
   </div>
   <div class='ocr_carea' id='block_1_22' title="bbox 265 2383 1852 2453">
    <p class='ocr_par' dir='ltr' id='par_1_22' title="bbox 265 2383 1852 2453">
     <span class='ocr_line' id='line_1_22' title="bbox 265 2383 1852 2453; baseline -0.001 -17"><span class='ocrx_word' id='word_1_118' title='bbox 265 2387 332 2437; x_wconf 76' lang='lat' dir='ltr'><strong>tia</strong></span> <span class='ocrx_word' id='word_1_119' title='bbox 356 2385 470 2453; x_wconf 91' lang='lat' dir='ltr'><strong>jam</strong></span> <span class='ocrx_word' id='word_1_120' title='bbox 518 2384 608 2438; x_wconf 91' lang='lat' dir='ltr'><strong>diu</strong></span> <span class='ocrx_word' id='word_1_121' title='bbox 641 2383 880 2438; x_wconf 88' lang='lat' dir='ltr'><strong>defruor.</strong></span> <span class='ocrx_word' id='word_1_122' title='bbox 922 2383 996 2436; x_wconf 80' lang='lat' dir='ltr'><strong>Ex</strong></span> <span class='ocrx_word' id='word_1_123' title='bbox 1034 2398 1140 2452; x_wconf 91' lang='lat' dir='ltr'><strong>quo</strong></span> <span class='ocrx_word' id='word_1_124' title='bbox 1169 2383 1425 2452; x_wconf 76' lang='lat' dir='ltr'><strong>intelligis</strong></span> <span class='ocrx_word' id='word_1_125' title='bbox 1449 2391 1646 2437; x_wconf 84' lang='lat' dir='ltr'><strong>sortem</strong></span> <span class='ocrx_word' id='word_1_126' title='bbox 1679 2397 1852 2435; x_wconf 89' lang='lat' dir='ltr'><strong>meam</strong></span> 
     </span>
    </p>
   </div>
   <div class='ocr_carea' id='block_1_23' title="bbox 263 2475 1854 2545">
    <p class='ocr_par' dir='ltr' id='par_1_23' title="bbox 263 2475 1854 2545">
     <span class='ocr_line' id='line_1_23' title="bbox 263 2475 1854 2545; baseline -0.003 -14"><span class='ocrx_word' id='word_1_127' title='bbox 263 2479 434 2532; x_wconf 88' lang='lat' dir='ltr'><strong>multo</strong></span> <span class='ocrx_word' id='word_1_128' title='bbox 470 2491 595 2532; x_wconf 88' lang='lat' dir='ltr'><strong>esse</strong></span> <span class='ocrx_word' id='word_1_129' title='bbox 643 2479 926 2545; x_wconf 88' lang='lat' dir='ltr'><strong>potiorem.</strong></span> <span class='ocrx_word' id='word_1_130' title='bbox 981 2475 1112 2529; x_wconf 79' lang='lat' dir='ltr'><strong>Nam</strong></span> <span class='ocrx_word' id='word_1_131' title='bbox 1159 2485 1212 2529; x_wconf 91' lang='lat' dir='ltr'><strong>et</strong></span> <span class='ocrx_word' id='word_1_132' title='bbox 1259 2475 1711 2543; x_wconf 87' lang='lat' dir='ltr'><strong>comparationem</strong></span> <span class='ocrx_word' id='word_1_133' title='bbox 1754 2475 1854 2527; x_wconf 91' lang='lat' dir='ltr'><strong>loci</strong></span> 
     </span>
    </p>
   </div>
   <div class='ocr_carea' id='block_1_24' title="bbox 263 2552 1857 2635">
    <p class='ocr_par' dir='ltr' id='par_1_24' title="bbox 263 2552 1857 2635">
     <span class='ocr_line' id='line_1_24' title="bbox 263 2552 1857 2635; baseline -0.003 -15"><span class='ocrx_word' id='word_1_134' title='bbox 263 2567 548 2635; x_wconf 81' lang='lat' dir='ltr'><strong>utriusque</strong></span> <span class='ocrx_word' id='word_1_135' title='bbox 579 2568 632 2620; x_wconf 92' lang='lat' dir='ltr'><strong>in</strong></span> <span class='ocrx_word' id='word_1_136' title='bbox 657 2566 907 2634; x_wconf 89' lang='lat' dir='ltr'><strong>ambiguo</strong></span> <span class='ocrx_word' id='word_1_137' title='bbox 936 2552 1212 2626; x_wconf 82' lang='lat' dir='ltr'><strong>collocavi.</strong></span> <span class='ocrx_word' id='word_1_138' title='bbox 1244 2575 1297 2619; x_wconf 92' lang='lat' dir='ltr'><strong>et</strong></span> <span class='ocrx_word' id='word_1_139' title='bbox 1331 2565 1639 2619; x_wconf 89' lang='lat' dir='ltr'><strong>societatem</strong></span> <span class='ocrx_word' id='word_1_140' title='bbox 1672 2563 1857 2633; x_wconf 82' lang='lat' dir='ltr'><strong>pigno-</strong></span> 
     </span>
    </p>
   </div>
   <div class='ocr_carea' id='block_1_25' title="bbox 262 2655 1853 2726">
    <p class='ocr_par' dir='ltr' id='par_1_25' title="bbox 262 2655 1853 2726">
     <span class='ocr_line' id='line_1_25' title="bbox 262 2655 1853 2726; baseline -0.001 -15"><span class='ocrx_word' id='word_1_141' title='bbox 262 2661 336 2711; x_wconf 86' lang='lat' dir='ltr'><strong>ris</strong></span> <span class='ocrx_word' id='word_1_142' title='bbox 362 2658 496 2721; x_wconf 91' lang='lat' dir='ltr'><strong>mei,</strong></span> <span class='ocrx_word' id='word_1_143' title='bbox 541 2672 644 2726; x_wconf 92' lang='lat' dir='ltr'><strong>qua</strong></span> <span class='ocrx_word' id='word_1_144' title='bbox 675 2657 906 2710; x_wconf 77' lang='lat' dir='ltr'><strong>maxime</strong></span> <span class='ocrx_word' id='word_1_145' title='bbox 949 2657 1269 2726; x_wconf 58' lang='lat' dir='ltr'><strong>gloriabare,</strong></span> <span class='ocrx_word' id='word_1_146' title='bbox 1317 2657 1367 2709; x_wconf 91' lang='lat' dir='ltr'><strong>in</strong></span> <span class='ocrx_word' id='word_1_147' title='bbox 1417 2655 1646 2709; x_wconf 90' lang='lat' dir='ltr'><strong>fructum</strong></span> <span class='ocrx_word' id='word_1_148' title='bbox 1677 2671 1853 2710; x_wconf 90' lang='lat' dir='ltr'><strong>meum</strong></span> 
     </span>
    </p>
   </div>
   <div class='ocr_carea' id='block_1_26' title="bbox 262 2747 1852 2817">
    <p class='ocr_par' dir='ltr' id='par_1_26' title="bbox 262 2747 1852 2817">
     <span class='ocr_line' id='line_1_26' title="bbox 262 2747 1852 2817; baseline -0.002 -16"><span class='ocrx_word' id='word_1_149' title='bbox 262 2749 537 2802; x_wconf 84' lang='lat' dir='ltr'><strong>transtuli.</strong></span> <span class='ocrx_word' id='word_1_150' title='bbox 559 2749 698 2817; x_wconf 82' lang='lat' dir='ltr'><strong>Ergo</strong></span> <span class='ocrx_word' id='word_1_151' title='bbox 727 2759 781 2803; x_wconf 87' lang='lat' dir='ltr'><strong>tu</strong></span> <span class='ocrx_word' id='word_1_152' title='bbox 805 2749 979 2816; x_wconf 72' lang='lat' dir='ltr'><strong>po=ius</strong></span> <span class='ocrx_word' id='word_1_153' title='bbox 1009 2749 1242 2802; x_wconf 90' lang='lat' dir='ltr'><strong>remetiri</strong></span> <span class='ocrx_word' id='word_1_154' title='bbox 1273 2747 1338 2801; x_wconf 93' lang='lat' dir='ltr'><strong>ad</strong></span> <span class='ocrx_word' id='word_1_155' title='bbox 1368 2763 1466 2800; x_wconf 88' lang='lat' dir='ltr'><strong>nos</strong></span> <span class='ocrx_word' id='word_1_156' title='bbox 1494 2747 1631 2800; x_wconf 90' lang='lat' dir='ltr'><strong>viam</strong></span> <span class='ocrx_word' id='word_1_157' title='bbox 1656 2756 1852 2799; x_wconf 89' lang='lat' dir='ltr'><strong>mutata</strong></span> 
     </span>
    </p>
   </div>
   <div class='ocr_carea' id='block_1_27' title="bbox 260 2836 1856 2908">
    <p class='ocr_par' dir='ltr' id='par_1_27' title="bbox 260 2836 1856 2908">
     <span class='ocr_line' id='line_1_27' title="bbox 260 2836 1856 2908; baseline -0.001 -17"><span class='ocrx_word' id='word_1_158' title='bbox 260 2838 583 2893; x_wconf 89' lang='lat' dir='ltr'><strong>conditione</strong></span> <span class='ocrx_word' id='word_1_159' title='bbox 613 2839 838 2894; x_wconf 85' lang='lat' dir='ltr'><strong>deberes</strong></span> <span class='ocrx_word' id='word_1_160' title='bbox 868 2839 931 2892; x_wconf 90' lang='lat' dir='ltr'><strong>ad</strong></span> <span class='ocrx_word' id='word_1_161' title='bbox 981 2841 1304 2904; x_wconf 81' lang='lat' dir='ltr'><strong>satietatem,</strong></span> <span class='ocrx_word' id='word_1_162' title='bbox 1351 2853 1509 2908; x_wconf 90' lang='lat' dir='ltr'><strong>qnam</strong></span> <span class='ocrx_word' id='word_1_163' title='bbox 1540 2837 1634 2890; x_wconf 88' lang='lat' dir='ltr'><strong>tibi</strong></span> <span class='ocrx_word' id='word_1_164' title='bbox 1678 2836 1856 2890; x_wconf 85' lang='lat' dir='ltr'><strong>attulit</strong></span> 
     </span>
    </p>
   </div>
   <div class='ocr_carea' id='block_1_28' title="bbox 260 2928 1854 2999">
    <p class='ocr_par' dir='ltr' id='par_1_28' title="bbox 260 2928 1854 2999">
     <span class='ocr_line' id='line_1_28' title="bbox 260 2928 1854 2999; baseline 0.001 -18"><span class='ocrx_word' id='word_1_165' title='bbox 260 2930 544 2998; x_wconf 82' lang='lat' dir='ltr'><strong>copiarum</strong></span> <span class='ocrx_word' id='word_1_166' title='bbox 571 2928 756 2997; x_wconf 80' lang='lat' dir='ltr'><strong>longus</strong></span> <span class='ocrx_word' id='word_1_167' title='bbox 785 2943 932 2983; x_wconf 84' lang='lat' dir='ltr'><strong>usus.</strong></span> <span class='ocrx_word' id='word_1_168' title='bbox 961 2929 1090 2984; x_wconf 83' lang='lat' dir='ltr'><strong>Nam</strong></span> <span class='ocrx_word' id='word_1_169' title='bbox 1117 2929 1432 2999; x_wconf 88' lang='lat' dir='ltr'><strong>Campania,</strong></span> <span class='ocrx_word' id='word_1_170' title='bbox 1465 2940 1520 2982; x_wconf 92' lang='lat' dir='ltr'><strong>ut</strong></span> <span class='ocrx_word' id='word_1_171' title='bbox 1552 2937 1632 2982; x_wconf 90' lang='lat' dir='ltr'><strong>est</strong></span> <span class='ocrx_word' id='word_1_172' title='bbox 1663 2929 1854 2982; x_wconf 86' lang='lat' dir='ltr'><strong>absen-</strong></span> 
     </span>
    </p>
   </div>
   <div class='ocr_carea' id='block_1_29' title="bbox 261 3019 1852 3090">
    <p class='ocr_par' dir='ltr' id='par_1_29' title="bbox 261 3019 1852 3090">
     <span class='ocr_line' id='line_1_29' title="bbox 261 3019 1852 3090; baseline 0.003 -20"><span class='ocrx_word' id='word_1_173' title='bbox 261 3022 406 3072; x_wconf 80' lang='lat' dir='ltr'><strong>tibus</strong></span> <span class='ocrx_word' id='word_1_174' title='bbox 436 3019 834 3089; x_wconf 80' lang='lat' dir='ltr'><strong>desiderabilis,</strong></span> <span class='ocrx_word' id='word_1_175' title='bbox 881 3021 950 3073; x_wconf 89' lang='lat' dir='ltr'><strong>ita</strong></span> <span class='ocrx_word' id='word_1_176' title='bbox 1001 3020 1154 3074; x_wconf 77' lang='lat' dir='ltr'><strong>facile</strong></span> <span class='ocrx_word' id='word_1_177' title='bbox 1199 3021 1379 3090; x_wconf 83' lang='lat' dir='ltr'><strong>explet</strong></span> <span class='ocrx_word' id='word_1_178' title='bbox 1424 3030 1714 3075; x_wconf 83' lang='lat' dir='ltr'><strong>morantes.</strong></span> <span class='ocrx_word' id='word_1_179' title='bbox 1748 3021 1852 3074; x_wconf 88' lang='lat' dir='ltr'><strong>Sed</strong></span> 
     </span>
    </p>
   </div>
   <div class='ocr_carea' id='block_1_30' title="bbox 267 3111 1934 3182">
    <p class='ocr_par' dir='ltr' id='par_1_30' title="bbox 267 3111 1934 3182">
     <span class='ocr_line' id='line_1_30' title="bbox 267 3111 1934 3182; baseline 0.002 -19"><span class='ocrx_word' id='word_1_180' title='bbox 267 3111 334 3165; x_wconf 91' lang='lat' dir='ltr'><strong>de</strong></span> <span class='ocrx_word' id='word_1_181' title='bbox 363 3111 474 3166; x_wconf 87' lang='lat' dir='ltr'><strong>hoc</strong></span> <span class='ocrx_word' id='word_1_182' title='bbox 506 3127 610 3165; x_wconf 92' lang='lat' dir='ltr'><strong>non</strong></span> <span class='ocrx_word' id='word_1_183' title='bbox 644 3113 729 3164; x_wconf 87' lang='lat' dir='ltr'><strong>ibo</strong></span> <span class='ocrx_word' id='word_1_184' title='bbox 761 3114 989 3181; x_wconf 71' lang='lat' dir='ltr'><strong>longius,</strong></span> <span class='ocrx_word' id='word_1_185' title='bbox 1010 3129 1076 3167; x_wconf 88' lang='lat' dir='ltr'><strong>ne</strong></span> <span class='ocrx_word' id='word_1_186' title='bbox 1103 3113 1174 3166; x_wconf 75' lang='lat' dir='ltr'><strong>illi</strong></span> <span class='ocrx_word' id='word_1_187' title='bbox 1205 3112 1427 3181; x_wconf 78' lang='lat' dir='ltr'><strong>regioni,</strong></span> <span class='ocrx_word' id='word_1_188' title='bbox 1447 3129 1566 3180; x_wconf 67' lang='lat' dir='ltr'><strong>quae</strong></span> <span class='ocrx_word' id='word_1_189' title='bbox 1597 3130 1642 3165; x_wconf 71' lang='grc' dir='ltr'><strong>ην</strong></span> <span class='ocrx_word' id='word_1_190' title='bbox 1669 3113 1745 3165; x_wconf 60' lang='grc' dir='ltr'><strong>ὴίη</strong></span> <span class='ocrx_word' id='word_1_191' title='bbox 1768 3128 1854 3166; x_wconf 91' lang='lat' dir='ltr'><strong>ac-</strong></span> <span class='ocrx_word' id='word_1_192' title='bbox 1883 3114 1934 3182; x_wconf 78' lang='grc' dir='ltr'>ο</span> 
     </span>
    </p>
   </div>
   <div class='ocr_carea' id='block_1_31' title="bbox 260 3203 1852 3272">
    <p class='ocr_par' dir='ltr' id='par_1_31' title="bbox 260 3203 1852 3272">
     <span class='ocr_line' id='line_1_31' title="bbox 260 3203 1852 3272; baseline 0 -16"><span class='ocrx_word' id='word_1_193' title='bbox 260 3203 580 3272; x_wconf 73' lang='lat' dir='ltr'><strong>ceptissima</strong></span> <span class='ocrx_word' id='word_1_194' title='bbox 600 3212 700 3268; x_wconf 88' lang='lat' dir='ltr'><strong>est,</strong></span> <span class='ocrx_word' id='word_1_195' title='bbox 718 3203 1054 3269; x_wconf 90' lang='lat' dir='ltr'><strong>denuntiare,</strong></span> <span class='ocrx_word' id='word_1_196' title='bbox 1073 3203 1119 3256; x_wconf 89' lang='lat' dir='ltr'><strong>si</strong></span> <span class='ocrx_word' id='word_1_197' title='bbox 1141 3219 1359 3266; x_wconf 89' lang='lat' dir='ltr'><strong>venero,</strong></span> <span class='ocrx_word' id='word_1_198' title='bbox 1380 3203 1647 3256; x_wconf 71' lang='lat' dir='ltr'><strong>fastidium</strong></span> <span class='ocrx_word' id='word_1_199' title='bbox 1677 3218 1852 3257; x_wconf 90' lang='lat' dir='ltr'><strong>meum</strong></span> 
     </span>
    </p>
   </div>
   <div class='ocr_carea' id='block_1_32' title="bbox 261 3297 656 3354">
    <p class='ocr_par' dir='ltr' id='par_1_32' title="bbox 261 3297 656 3354">
     <span class='ocr_line' id='line_1_32' title="bbox 261 3297 656 3354; baseline -0.005 -2"><span class='ocrx_word' id='word_1_200' title='bbox 261 3299 474 3354; x_wconf 83' lang='lat' dir='ltr'><strong>videar.</strong></span> <span class='ocrx_word' id='word_1_201' title='bbox 508 3297 656 3352; x_wconf 88' lang='lat' dir='ltr'><strong>Vale.</strong></span> 
     </span>
    </p>
   </div>
   <div class='ocr_carea' id='block_1_33' title="bbox 824 3387 1316 3443">
    <p class='ocr_par' dir='ltr' id='par_1_33' title="bbox 824 3387 1316 3443">
     <span class='ocr_line' id='line_1_33' title="bbox 824 3387 1316 3443; baseline -0.002 -1"><span class='ocrx_word' id='word_1_202' title='bbox 824 3387 1037 3443; x_wconf 74' lang='lat' dir='ltr'><strong>El‘IS&#39;I&#39;.</strong></span> <span class='ocrx_word' id='word_1_203' title='bbox 1081 3387 1316 3442; x_wconf 85' lang='lat' dir='ltr'><strong>XXXVI.</strong></span> 
     </span>
    </p>
   </div>
   <div class='ocr_carea' id='block_1_34' title="bbox 807 3497 1328 3536">
    <p class='ocr_par' dir='ltr' id='par_1_34' title="bbox 807 3497 1328 3536">
     <span class='ocr_line' id='line_1_34' title="bbox 807 3497 1328 3536; baseline 0 -2"><span class='ocrx_word' id='word_1_204' title='bbox 807 3497 1117 3535; x_wconf 69' lang='lat' dir='ltr'><strong>SYIIIIACIIUS</strong></span> <span class='ocrx_word' id='word_1_205' title='bbox 1159 3498 1328 3536; x_wconf 77' lang='lat' dir='ltr'><strong>DECIO.</strong></span> 
     </span>
    </p>
   </div>
   <div class='ocr_carea' id='block_1_35' title="bbox 331 3592 1853 3660">
    <p class='ocr_par' dir='ltr' id='par_1_35' title="bbox 331 3592 1853 3660">
     <span class='ocr_line' id='line_1_35' title="bbox 331 3592 1853 3660; baseline -0.001 -12"><span class='ocrx_word' id='word_1_206' title='bbox 331 3592 591 3648; x_wconf 78' lang='lat' dir='ltr'><strong>Noiidom</strong></span> <span class='ocrx_word' id='word_1_207' title='bbox 637 3592 1041 3660; x_wconf 84' lang='lat' dir='ltr'><strong>Neapolitanum</strong></span> <span class='ocrx_word' id='word_1_208' title='bbox 1091 3592 1238 3646; x_wconf 90' lang='lat' dir='ltr'><strong>littus</strong></span> <span class='ocrx_word' id='word_1_209' title='bbox 1286 3593 1632 3657; x_wconf 80' lang='lat' dir='ltr'><strong>acci-ssintus,</strong></span> <span class='ocrx_word' id='word_1_210' title='bbox 1689 3593 1853 3647; x_wconf 79' lang='lat' dir='ltr'><strong>visuri</strong></span> 
     </span>
    </p>
   </div>
   <div class='ocr_carea' id='block_1_36' title="bbox 261 3686 1855 3750">
    <p class='ocr_par' dir='ltr' id='par_1_36' title="bbox 261 3686 1855 3750">
     <span class='ocr_line' id='line_1_36' title="bbox 261 3686 1855 3750; baseline -0.002 -10"><span class='ocrx_word' id='word_1_211' title='bbox 261 3702 451 3742; x_wconf 82' lang='lat' dir='ltr'><strong>arcem</strong></span> <span class='ocrx_word' id='word_1_212' title='bbox 484 3686 799 3740; x_wconf 87' lang='lat' dir='ltr'><strong>deliciarum</strong></span> <span class='ocrx_word' id='word_1_213' title='bbox 833 3695 1064 3739; x_wconf 85' lang='lat' dir='ltr'><strong>tuarum.</strong></span> <span class='ocrx_word' id='word_1_214' title='bbox 1120 3686 1223 3741; x_wconf 89' lang='lat' dir='ltr'><strong>Sed</strong></span> <span class='ocrx_word' id='word_1_215' title='bbox 1275 3696 1450 3740; x_wconf 88' lang='lat' dir='ltr'><strong>tamen</strong></span> <span class='ocrx_word' id='word_1_216' title='bbox 1492 3687 1691 3750; x_wconf 86' lang='lat' dir='ltr'><strong>omnia,</strong></span> <span class='ocrx_word' id='word_1_217' title='bbox 1736 3699 1855 3750; x_wconf 75' lang='lat' dir='ltr'><strong>quae</strong></span> 
     </span>
    </p>
   </div>
   <div class='ocr_carea' id='block_1_37' title="bbox 261 3775 1852 3849">
    <p class='ocr_par' dir='ltr' id='par_1_37' title="bbox 261 3775 1852 3849">
     <span class='ocr_line' id='line_1_37' title="bbox 261 3775 1852 3849; baseline -0.001 -19"><span class='ocrx_word' id='word_1_218' title='bbox 261 3777 591 3849; x_wconf 79' lang='lat' dir='ltr'><strong>Tyrrhenus</strong></span> <span class='ocrx_word' id='word_1_219' title='bbox 618 3776 792 3839; x_wconf 86' lang='lat' dir='ltr'><strong>alluit,</strong></span> <span class='ocrx_word' id='word_1_220' title='bbox 825 3776 1056 3830; x_wconf 88' lang='lat' dir='ltr'><strong>nominis</strong></span> <span class='ocrx_word' id='word_1_221' title='bbox 1087 3776 1164 3830; x_wconf 93' lang='lat' dir='ltr'><strong>tui</strong></span> <span class='ocrx_word' id='word_1_222' title='bbox 1195 3777 1347 3846; x_wconf 87' lang='lat' dir='ltr'><strong>plena</strong></span> <span class='ocrx_word' id='word_1_223' title='bbox 1374 3785 1514 3829; x_wconf 91' lang='lat' dir='ltr'><strong>sunt.</strong></span> <span class='ocrx_word' id='word_1_224' title='bbox 1549 3776 1684 3843; x_wconf 86' lang='lat' dir='ltr'><strong>Quid</strong></span> <span class='ocrx_word' id='word_1_225' title='bbox 1713 3775 1852 3828; x_wconf 90' lang='lat' dir='ltr'><strong>mul-</strong></span> 
     </span>
    </p>
   </div>
   <div class='ocr_carea' id='block_1_38' title="bbox 261 3867 1852 3936">
    <p class='ocr_par' dir='ltr' id='par_1_38' title="bbox 261 3867 1852 3936">
     <span class='ocr_line' id='line_1_38' title="bbox 261 3867 1852 3936; baseline -0.001 -15"><span class='ocrx_word' id='word_1_226' title='bbox 261 3870 354 3921; x_wconf 76' lang='lat' dir='ltr'><strong>ta?</strong></span> <span class='ocrx_word' id='word_1_227' title='bbox 382 3867 698 3922; x_wconf 84' lang='lat' dir='ltr'><strong>successisti</strong></span> <span class='ocrx_word' id='word_1_228' title='bbox 729 3869 782 3922; x_wconf 92' lang='lat' dir='ltr'><strong>in</strong></span> <span class='ocrx_word' id='word_1_229' title='bbox 809 3869 1004 3922; x_wconf 85' lang='lat' dir='ltr'><strong>famam</strong></span> <span class='ocrx_word' id='word_1_230' title='bbox 1035 3867 1274 3933; x_wconf 89' lang='lat' dir='ltr'><strong>Luculli;</strong></span> <span class='ocrx_word' id='word_1_231' title='bbox 1328 3883 1434 3934; x_wconf 91' lang='lat' dir='ltr'><strong>quo</strong></span> <span class='ocrx_word' id='word_1_232' title='bbox 1462 3869 1631 3936; x_wconf 88' lang='lat' dir='ltr'><strong>magis</strong></span> <span class='ocrx_word' id='word_1_233' title='bbox 1665 3867 1852 3931; x_wconf 86' lang='lat' dir='ltr'><strong>miror,</strong></span> 
     </span>
    </p>
   </div>
   <div class='ocr_carea' id='block_1_39' title="bbox 258 3958 1856 4028">
    <p class='ocr_par' dir='ltr' id='par_1_39' title="bbox 258 3958 1856 4028">
     <span class='ocr_line' id='line_1_39' title="bbox 258 3958 1856 4028; baseline 0 -16"><span class='ocrx_word' id='word_1_234' title='bbox 258 3961 328 4012; x_wconf 88' lang='lat' dir='ltr'><strong>ad</strong></span> <span class='ocrx_word' id='word_1_235' title='bbox 357 3959 470 4013; x_wconf 83' lang='lat' dir='ltr'><strong>alia</strong></span> <span class='ocrx_word' id='word_1_236' title='bbox 499 3968 552 4011; x_wconf 93' lang='lat' dir='ltr'><strong>te</strong></span> <span class='ocrx_word' id='word_1_237' title='bbox 579 3973 960 4028; x_wconf 87' lang='lat' dir='ltr'><strong>nonnunquam</strong></span> <span class='ocrx_word' id='word_1_238' title='bbox 992 3975 1148 4028; x_wconf 85' lang='lat' dir='ltr'><strong>posse</strong></span> <span class='ocrx_word' id='word_1_239' title='bbox 1179 3961 1442 4014; x_wconf 88' lang='lat' dir='ltr'><strong>transire:</strong></span> <span class='ocrx_word' id='word_1_240' title='bbox 1480 3958 1578 4012; x_wconf 86' lang='lat' dir='ltr'><strong>nisi</strong></span> <span class='ocrx_word' id='word_1_241' title='bbox 1612 3959 1751 4012; x_wconf 90' lang='lat' dir='ltr'><strong>forte</strong></span> <span class='ocrx_word' id='word_1_242' title='bbox 1781 3959 1856 4012; x_wconf 83' lang='lat' dir='ltr'><strong>fa-</strong></span> 
     </span>
    </p>
   </div>
   <div class='ocr_carea' id='block_1_40' title="bbox 259 4050 1852 4122">
    <p class='ocr_par' dir='ltr' id='par_1_40' title="bbox 259 4050 1852 4122">
     <span class='ocr_line' id='line_1_40' title="bbox 259 4050 1852 4122; baseline -0.002 -16"><span class='ocrx_word' id='word_1_243' title='bbox 259 4053 430 4106; x_wconf 85' lang='lat' dir='ltr'><strong>stidio</strong></span> <span class='ocrx_word' id='word_1_244' title='bbox 460 4050 603 4121; x_wconf 89' lang='lat' dir='ltr'><strong>fugis</strong></span> <span class='ocrx_word' id='word_1_245' title='bbox 630 4055 834 4119; x_wconf 85' lang='lat' dir='ltr'><strong>copias,</strong></span> <span class='ocrx_word' id='word_1_246' title='bbox 865 4061 920 4106; x_wconf 92' lang='lat' dir='ltr'><strong>et</strong></span> <span class='ocrx_word' id='word_1_247' title='bbox 947 4053 1238 4107; x_wconf 72' lang='lat' dir='ltr'><strong>mutatione</strong></span> <span class='ocrx_word' id='word_1_248' title='bbox 1269 4054 1497 4122; x_wconf 80' lang='lat' dir='ltr'><strong>castigas</strong></span> <span class='ocrx_word' id='word_1_249' title='bbox 1526 4052 1852 4106; x_wconf 85' lang='lat' dir='ltr'><strong>satietatem.</strong></span> 
     </span>
    </p>
   </div>
   <div class='ocr_carea' id='block_1_41' title="bbox 262 4143 1855 4214">
    <p class='ocr_par' dir='ltr' id='par_1_41' title="bbox 262 4143 1855 4214">
     <span class='ocr_line' id='line_1_41' title="bbox 262 4143 1855 4214; baseline -0.003 -14"><span class='ocrx_word' id='word_1_250' title='bbox 262 4145 373 4200; x_wconf 86' lang='lat' dir='ltr'><strong>Sed</strong></span> <span class='ocrx_word' id='word_1_251' title='bbox 405 4145 634 4198; x_wconf 87' lang='lat' dir='ltr'><strong>nimium</strong></span> <span class='ocrx_word' id='word_1_252' title='bbox 663 4147 920 4198; x_wconf 87' lang='lat' dir='ltr'><strong>hactenus</strong></span> <span class='ocrx_word' id='word_1_253' title='bbox 949 4144 1186 4199; x_wconf 82' lang='lat' dir='ltr'><strong>abfuisti.</strong></span> <span class='ocrx_word' id='word_1_254' title='bbox 1218 4144 1354 4200; x_wconf 86' lang='lat' dir='ltr'><strong>Puto</strong></span> <span class='ocrx_word' id='word_1_255' title='bbox 1373 4145 1482 4212; x_wconf 82' lang='lat' dir='ltr'><strong>jam</strong></span> <span class='ocrx_word' id='word_1_256' title='bbox 1511 4143 1855 4214; x_wconf 68' lang='lat' dir='ltr'><strong>parcimoniaz</strong></span> 
     </span>
    </p>
   </div>
   <div class='ocr_carea' id='block_1_42' title="bbox 261 4236 1854 4304">
    <p class='ocr_par' dir='ltr' id='par_1_42' title="bbox 261 4236 1854 4304">
     <span class='ocr_line' id='line_1_42' title="bbox 261 4236 1854 4304; baseline 0.001 -14"><span class='ocrx_word' id='word_1_257' title='bbox 261 4236 622 4292; x_wconf 85' lang='lat' dir='ltr'><strong>diuturnitate</strong></span> <span class='ocrx_word' id='word_1_258' title='bbox 663 4237 1003 4292; x_wconf 87' lang='lat' dir='ltr'><strong>conciliatum</strong></span> <span class='ocrx_word' id='word_1_259' title='bbox 1049 4239 1140 4293; x_wconf 85' lang='lat' dir='ltr'><strong>tibi</strong></span> <span class='ocrx_word' id='word_1_260' title='bbox 1184 4239 1509 4294; x_wconf 84' lang='lat' dir='ltr'><strong>desiderium</strong></span> <span class='ocrx_word' id='word_1_261' title='bbox 1556 4237 1854 4304; x_wconf 83' lang='lat' dir='ltr'><strong>copiarum.</strong></span> 
     </span>
    </p>
   </div>
   <div class='ocr_carea' id='block_1_43' title="bbox 261 4326 1858 4398">
    <p class='ocr_par' dir='ltr' id='par_1_43' title="bbox 261 4326 1858 4398">
     <span class='ocr_line' id='line_1_43' title="bbox 261 4326 1858 4398; baseline 0.001 -18"><span class='ocrx_word' id='word_1_262' title='bbox 261 4327 406 4393; x_wconf 87' lang='lat' dir='ltr'><strong>Quin</strong></span> <span class='ocrx_word' id='word_1_263' title='bbox 439 4341 571 4396; x_wconf 87' lang='lat' dir='ltr'><strong>ergo</strong></span> <span class='ocrx_word' id='word_1_264' title='bbox 601 4326 668 4380; x_wconf 88' lang='lat' dir='ltr'><strong>ad</strong></span> <span class='ocrx_word' id='word_1_265' title='bbox 696 4343 796 4382; x_wconf 87' lang='lat' dir='ltr'><strong>nos</strong></span> <span class='ocrx_word' id='word_1_266' title='bbox 823 4329 1046 4398; x_wconf 87' lang='lat' dir='ltr'><strong>gradum</strong></span> <span class='ocrx_word' id='word_1_267' title='bbox 1076 4332 1392 4396; x_wconf 75' lang='lat' dir='ltr'><strong>promoves?</strong></span> <span class='ocrx_word' id='word_1_268' title='bbox 1436 4339 1529 4382; x_wconf 90' lang='lat' dir='ltr'><strong>aut</strong></span> <span class='ocrx_word' id='word_1_269' title='bbox 1556 4329 1600 4383; x_wconf 91' lang='lat' dir='ltr'><strong>si</strong></span> <span class='ocrx_word' id='word_1_270' title='bbox 1631 4329 1858 4382; x_wconf 88' lang='lat' dir='ltr'><strong>libenter</strong></span> 
     </span>
    </p>
   </div>
   <div class='ocr_carea' id='block_1_44' title="bbox 265 4416 1855 4488">
    <p class='ocr_par' dir='ltr' id='par_1_44' title="bbox 265 4416 1855 4488">
     <span class='ocr_line' id='line_1_44' title="bbox 265 4416 1855 4488; baseline 0 -19"><span class='ocrx_word' id='word_1_271' title='bbox 265 4416 376 4472; x_wconf 86' lang='lat' dir='ltr'><strong>illic</strong></span> <span class='ocrx_word' id='word_1_272' title='bbox 407 4427 607 4471; x_wconf 81' lang='lat' dir='ltr'><strong>nostrze</strong></span> <span class='ocrx_word' id='word_1_273' title='bbox 635 4418 937 4473; x_wconf 89' lang='lat' dir='ltr'><strong>immoraris</strong></span> <span class='ocrx_word' id='word_1_274' title='bbox 973 4419 1280 4488; x_wconf 82' lang='lat' dir='ltr'><strong>frugalitati,</strong></span> <span class='ocrx_word' id='word_1_275' title='bbox 1329 4418 1654 4473; x_wconf 76' lang='lat' dir='ltr'><strong>redeundum</strong></span> <span class='ocrx_word' id='word_1_276' title='bbox 1702 4417 1855 4471; x_wconf 90' lang='lat' dir='ltr'><strong>nobis</strong></span> 
     </span>
    </p>
   </div>
   <div class='ocr_carea' id='block_1_45' title="bbox 270 4508 1853 4578">
    <p class='ocr_par' dir='ltr' id='par_1_45' title="bbox 270 4508 1853 4578">
     <span class='ocr_line' id='line_1_45' title="bbox 270 4508 1853 4578; baseline 0.001 -20"><span class='ocrx_word' id='word_1_277' title='bbox 270 4522 503 4574; x_wconf 87' lang='lat' dir='ltr'><strong>propere</strong></span> <span class='ocrx_word' id='word_1_278' title='bbox 517 4517 621 4573; x_wconf 86' lang='lat' dir='ltr'><strong>est,</strong></span> <span class='ocrx_word' id='word_1_279' title='bbox 639 4525 773 4578; x_wconf 89' lang='lat' dir='ltr'><strong>quos</strong></span> <span class='ocrx_word' id='word_1_280' title='bbox 802 4525 906 4563; x_wconf 92' lang='lat' dir='ltr'><strong>non</strong></span> <span class='ocrx_word' id='word_1_281' title='bbox 938 4509 1092 4564; x_wconf 87' lang='lat' dir='ltr'><strong>decet</strong></span> <span class='ocrx_word' id='word_1_282' title='bbox 1118 4510 1318 4564; x_wconf 86' lang='lat' dir='ltr'><strong>alienas</strong></span> <span class='ocrx_word' id='word_1_283' title='bbox 1335 4509 1589 4564; x_wconf 81' lang='lat' dir='ltr'><strong>aﬂ&#39;ectare</strong></span> <span class='ocrx_word' id='word_1_284' title='bbox 1613 4508 1853 4563; x_wconf 88' lang='lat' dir='ltr'><strong>delicias.</strong></span> 
     </span>
    </p>
   </div>
   <div class='ocr_carea' id='block_1_46' title="bbox 273 4597 424 4652">
    <p class='ocr_par' dir='ltr' id='par_1_46' title="bbox 273 4597 424 4652">
     <span class='ocr_line' id='line_1_46' title="bbox 273 4597 424 4652; baseline 0.013 -4"><span class='ocrx_word' id='word_1_285' title='bbox 273 4597 424 4652; x_wconf 86' lang='lat' dir='ltr'><strong>Vale.</strong></span> 
     </span>
    </p>
   </div>
   <div class='ocr_carea' id='block_1_47' title="bbox 809 4691 1330 4748">
    <p class='ocr_par' dir='ltr' id='par_1_47' title="bbox 809 4691 1330 4748">
     <span class='ocr_line' id='line_1_47' title="bbox 809 4691 1330 4748; baseline 0 -2"><span class='ocrx_word' id='word_1_286' title='bbox 809 4692 1024 4748; x_wconf 81' lang='lat' dir='ltr'><strong>EPIST.</strong></span> <span class='ocrx_word' id='word_1_287' title='bbox 1066 4691 1330 4747; x_wconf 78' lang='lat' dir='ltr'><strong>XXXVII.</strong></span> 
     </span>
    </p>
   </div>
   <div class='ocr_carea' id='block_1_48' title="bbox 804 4797 1316 4837">
    <p class='ocr_par' dir='ltr' id='par_1_48' title="bbox 804 4797 1316 4837">
     <span class='ocr_line' id='line_1_48' title="bbox 804 4797 1316 4837; baseline 0.002 -2"><span class='ocrx_word' id='word_1_288' title='bbox 804 4797 1112 4836; x_wconf 67' lang='lat' dir='ltr'><strong>SYMIACHUS</strong></span> <span class='ocrx_word' id='word_1_289' title='bbox 1144 4799 1316 4837; x_wconf 77' lang='lat' dir='ltr'><strong>ltEClO.</strong></span> 
     </span>
    </p>
   </div>
   <div class='ocr_carea' id='block_1_49' title="bbox 343 4892 1854 4967">
    <p class='ocr_par' dir='ltr' id='par_1_49' title="bbox 343 4892 1854 4967">
     <span class='ocr_line' id='line_1_49' title="bbox 343 4892 1854 4967; baseline 0.005 -23"><span class='ocrx_word' id='word_1_290' title='bbox 343 4892 618 4960; x_wconf 78' lang='lat' dir='ltr'><strong>Voluptati</strong></span> <span class='ocrx_word' id='word_1_291' title='bbox 645 4893 773 4946; x_wconf 90' lang='lat' dir='ltr'><strong>mihi</strong></span> <span class='ocrx_word' id='word_1_292' title='bbox 799 4903 903 4958; x_wconf 88' lang='lat' dir='ltr'><strong>est,</strong></span> <span class='ocrx_word' id='word_1_293' title='bbox 942 4897 1084 4964; x_wconf 91' lang='lat' dir='ltr'><strong>quod</strong></span> <span class='ocrx_word' id='word_1_294' title='bbox 1121 4899 1284 4950; x_wconf 85' lang='lat' dir='ltr'><strong>vales.</strong></span> <span class='ocrx_word' id='word_1_295' title='bbox 1315 4897 1416 4951; x_wconf 90' lang='lat' dir='ltr'><strong>Sed</strong></span> <span class='ocrx_word' id='word_1_296' title='bbox 1449 4897 1588 4967; x_wconf 90' lang='lat' dir='ltr'><strong>quod</strong></span> <span class='ocrx_word' id='word_1_297' title='bbox 1624 4897 1854 4952; x_wconf 88' lang='lat' dir='ltr'><strong>Formiis</strong></span> 
     </span>
    </p>
   </div>
   <div class='ocr_carea' id='block_1_50' title="bbox 271 4981 1852 5054">
    <p class='ocr_par' dir='ltr' id='par_1_50' title="bbox 271 4981 1852 5054">
     <span class='ocr_line' id='line_1_50' title="bbox 271 4981 1852 5054; baseline 0.004 -19"><span class='ocrx_word' id='word_1_298' title='bbox 271 4983 474 5035; x_wconf 82' lang='lat' dir='ltr'><strong>nostris</strong></span> <span class='ocrx_word' id='word_1_299' title='bbox 513 4981 857 5051; x_wconf 80' lang='lat' dir='ltr'><strong>Neapolitana</strong></span> <span class='ocrx_word' id='word_1_300' title='bbox 897 4999 988 5038; x_wconf 90' lang='lat' dir='ltr'><strong>ora</strong></span> <span class='ocrx_word' id='word_1_301' title='bbox 1039 4988 1336 5054; x_wconf 67' lang='lat' dir='ltr'><strong>prwfertur,</strong></span> <span class='ocrx_word' id='word_1_302' title='bbox 1383 4987 1746 5042; x_wconf 86' lang='lat' dir='ltr'><strong>animadverto</strong></span> <span class='ocrx_word' id='word_1_303' title='bbox 1777 4989 1852 5042; x_wconf 91' lang='lat' dir='ltr'><strong>tui</strong></span> 
     </span>
    </p>
   </div>
   <div class='ocr_carea' id='block_1_51' title="bbox 273 5074 1852 5146">
    <p class='ocr_par' dir='ltr' id='par_1_51' title="bbox 273 5074 1852 5146">
     <span class='ocr_line' id='line_1_51' title="bbox 273 5074 1852 5146; baseline 0.006 -21"><span class='ocrx_word' id='word_1_304' title='bbox 273 5089 382 5126; x_wconf 87' lang='lat' dir='ltr'><strong>non</strong></span> <span class='ocrx_word' id='word_1_305' title='bbox 406 5087 528 5127; x_wconf 83' lang='lat' dir='ltr'><strong>esse</strong></span> <span class='ocrx_word' id='word_1_306' title='bbox 547 5074 754 5143; x_wconf 89' lang='lat' dir='ltr'><strong>judicii.</strong></span> <span class='ocrx_word' id='word_1_307' title='bbox 805 5075 860 5129; x_wconf 88' lang='lat' dir='ltr'><strong>Itt</strong></span> <span class='ocrx_word' id='word_1_308' title='bbox 903 5077 1128 5146; x_wconf 75' lang='lat' dir='ltr'><strong>gratiam</strong></span> <span class='ocrx_word' id='word_1_309' title='bbox 1157 5080 1353 5146; x_wconf 88' lang='lat' dir='ltr'><strong>quippe</strong></span> <span class='ocrx_word' id='word_1_310' title='bbox 1381 5081 1718 5146; x_wconf 66' lang='lat' dir='ltr'><strong>prmsetttittm</strong></span> <span class='ocrx_word' id='word_1_311' title='bbox 1747 5097 1852 5135; x_wconf 89' lang='lat' dir='ltr'><strong>non</strong></span> 
     </span>
    </p>
   </div>
   <div class='ocr_carea' id='block_1_52' title="bbox 271 5165 1854 5229">
    <p class='ocr_par' dir='ltr' id='par_1_52' title="bbox 271 5165 1854 5229">
     <span class='ocr_line' id='line_1_52' title="bbox 271 5165 1854 5229; baseline 0.005 -13"><span class='ocrx_word' id='word_1_312' title='bbox 271 5165 620 5229; x_wconf 86' lang='lat' dir='ltr'><strong>sententiam,</strong></span> <span class='ocrx_word' id='word_1_313' title='bbox 648 5165 744 5218; x_wconf 83' lang='lat' dir='ltr'><strong>sed</strong></span> <span class='ocrx_word' id='word_1_314' title='bbox 775 5166 932 5219; x_wconf 84' lang='lat' dir='ltr'><strong>verba</strong></span> <span class='ocrx_word' id='word_1_315' title='bbox 964 5167 1180 5221; x_wconf 58' lang='lat' dir='ltr'><strong>mutasti</strong></span> <span class='ocrx_word' id='word_1_316' title='bbox 1205 5187 1218 5221; x_wconf 73' lang='grc' dir='ltr'>ε</span> <span class='ocrx_word' id='word_1_317' title='bbox 1248 5171 1346 5222; x_wconf 89' lang='lat' dir='ltr'><strong>nisi</strong></span> <span class='ocrx_word' id='word_1_318' title='bbox 1377 5171 1515 5225; x_wconf 87' lang='lat' dir='ltr'><strong>forte</strong></span> <span class='ocrx_word' id='word_1_319' title='bbox 1539 5187 1716 5227; x_wconf 89' lang='lat' dir='ltr'><strong>rerum</strong></span> <span class='ocrx_word' id='word_1_320' title='bbox 1737 5183 1854 5225; x_wconf 84' lang='lat' dir='ltr'><strong>tua-</strong></span> 
     </span>
    </p>
   </div>
   <div class='ocr_carea' id='block_1_53' title="bbox 272 5257 1854 5332">
    <p class='ocr_par' dir='ltr' id='par_1_53' title="bbox 272 5257 1854 5332">
     <span class='ocr_line' id='line_1_53' title="bbox 272 5257 1854 5332; baseline 0.006 -22"><span class='ocrx_word' id='word_1_321' title='bbox 272 5271 394 5311; x_wconf 81' lang='lat' dir='ltr'><strong>rum</strong></span> <span class='ocrx_word' id='word_1_322' title='bbox 429 5257 646 5314; x_wconf 86' lang='lat' dir='ltr'><strong>collatio</strong></span> <span class='ocrx_word' id='word_1_323' title='bbox 667 5259 811 5327; x_wconf 89' lang='lat' dir='ltr'><strong>facit,</strong></span> <span class='ocrx_word' id='word_1_324' title='bbox 843 5261 973 5316; x_wconf 92' lang='lat' dir='ltr'><strong>illud</strong></span> <span class='ocrx_word' id='word_1_325' title='bbox 1003 5262 1096 5316; x_wconf 91' lang='lat' dir='ltr'><strong>tibi</strong></span> <span class='ocrx_word' id='word_1_326' title='bbox 1124 5277 1244 5318; x_wconf 90' lang='lat' dir='ltr'><strong>esse</strong></span> <span class='ocrx_word' id='word_1_327' title='bbox 1282 5265 1592 5332; x_wconf 88' lang='lat' dir='ltr'><strong>jucundius,</strong></span> <span class='ocrx_word' id='word_1_328' title='bbox 1626 5266 1714 5320; x_wconf 83' lang='lat' dir='ltr'><strong>tibi</strong></span> <span class='ocrx_word' id='word_1_329' title='bbox 1740 5264 1854 5320; x_wconf 89' lang='lat' dir='ltr'><strong>fru-</strong></span> 
     </span>
    </p>
   </div>
   <div class='ocr_carea' id='block_1_54' title="bbox 269 5351 1850 5428">
    <p class='ocr_par' dir='ltr' id='par_1_54' title="bbox 269 5351 1850 5428">
     <span class='ocr_line' id='line_1_54' title="bbox 269 5351 1850 5428; baseline 0.007 -24"><span class='ocrx_word' id='word_1_330' title='bbox 269 5361 391 5405; x_wconf 84' lang='lat' dir='ltr'><strong>etus</strong></span> <span class='ocrx_word' id='word_1_331' title='bbox 417 5351 653 5407; x_wconf 89' lang='lat' dir='ltr'><strong>uberior.</strong></span> <span class='ocrx_word' id='word_1_332' title='bbox 687 5354 794 5410; x_wconf 90' lang='lat' dir='ltr'><strong>Sed</strong></span> <span class='ocrx_word' id='word_1_333' title='bbox 821 5366 1008 5411; x_wconf 88' lang='lat' dir='ltr'><strong>natura</strong></span> <span class='ocrx_word' id='word_1_334' title='bbox 1035 5359 1309 5428; x_wconf 74' lang='lat' dir='ltr'><strong>regionum</strong></span> <span class='ocrx_word' id='word_1_335' title='bbox 1339 5363 1450 5416; x_wconf 89' lang='lat' dir='ltr'><strong>suis</strong></span> <span class='ocrx_word' id='word_1_336' title='bbox 1476 5362 1706 5428; x_wconf 91' lang='lat' dir='ltr'><strong>meritis,</strong></span> <span class='ocrx_word' id='word_1_337' title='bbox 1744 5377 1850 5416; x_wconf 92' lang='lat' dir='ltr'><strong>non</strong></span> 
     </span>
    </p>
   </div>
   <div class='ocr_carea' id='block_1_55' title="bbox 271 5444 1852 5520">
    <p class='ocr_par' dir='ltr' id='par_1_55' title="bbox 271 5444 1852 5520">
     <span class='ocr_line' id='line_1_55' title="bbox 271 5444 1852 5520; baseline 0.008 -26"><span class='ocrx_word' id='word_1_338' title='bbox 271 5444 472 5496; x_wconf 88' lang='lat' dir='ltr'><strong>nostris</strong></span> <span class='ocrx_word' id='word_1_339' title='bbox 493 5445 782 5514; x_wconf 64' lang='lat' dir='ltr'><strong>questibus</strong></span> <span class='ocrx_word' id='word_1_340' title='bbox 807 5449 1118 5504; x_wconf 73' lang='lat' dir='ltr'><strong>aestimanda</strong></span> <span class='ocrx_word' id='word_1_341' title='bbox 1137 5457 1241 5505; x_wconf 91' lang='lat' dir='ltr'><strong>est.</strong></span> <span class='ocrx_word' id='word_1_342' title='bbox 1263 5451 1328 5506; x_wconf 81' lang='lat' dir='ltr'><strong>Et</strong></span> <span class='ocrx_word' id='word_1_343' title='bbox 1342 5452 1468 5520; x_wconf 90' lang='lat' dir='ltr'><strong>quid</strong></span> <span class='ocrx_word' id='word_1_344' title='bbox 1495 5453 1563 5508; x_wconf 91' lang='lat' dir='ltr'><strong>de</strong></span> <span class='ocrx_word' id='word_1_345' title='bbox 1594 5453 1694 5507; x_wconf 92' lang='lat' dir='ltr'><strong>hoc</strong></span> <span class='ocrx_word' id='word_1_346' title='bbox 1715 5454 1852 5506; x_wconf 84' lang='lat' dir='ltr'><strong>mul-</strong></span> 
     </span>
    </p>
   </div>
   <div class='ocr_carea' id='block_1_56' title="bbox 269 5535 1851 5607">
    <p class='ocr_par' dir='ltr' id='par_1_56' title="bbox 269 5535 1851 5607">
     <span class='ocr_line' id='line_1_56' title="bbox 269 5535 1851 5607; baseline 0.01 -22"><span class='ocrx_word' id='word_1_347' title='bbox 269 5535 360 5586; x_wconf 82' lang='lat' dir='ltr'><strong>ta?</strong></span> <span class='ocrx_word' id='word_1_348' title='bbox 388 5535 698 5590; x_wconf 84' lang='lat' dir='ltr'><strong>Testabitur</strong></span> <span class='ocrx_word' id='word_1_349' title='bbox 723 5540 1073 5594; x_wconf 87' lang='lat' dir='ltr'><strong>commoratio</strong></span> <span class='ocrx_word' id='word_1_350' title='bbox 1094 5549 1202 5607; x_wconf 88' lang='lat' dir='ltr'><strong>tua,</strong></span> <span class='ocrx_word' id='word_1_351' title='bbox 1234 5559 1300 5597; x_wconf 91' lang='lat' dir='ltr'><strong>an</strong></span> <span class='ocrx_word' id='word_1_352' title='bbox 1334 5543 1404 5598; x_wconf 89' lang='lat' dir='ltr'><strong>ibi</strong></span> <span class='ocrx_word' id='word_1_353' title='bbox 1429 5544 1682 5600; x_wconf 86' lang='lat' dir='ltr'><strong>libentius</strong></span> <span class='ocrx_word' id='word_1_354' title='bbox 1709 5546 1851 5602; x_wconf 90' lang='lat' dir='ltr'><strong>otie-</strong></span> 
     </span>
    </p>
   </div>
   <div class='ocr_carea' id='block_1_57' title="bbox 269 5629 1850 5705">
    <p class='ocr_par' dir='ltr' id='par_1_57' title="bbox 269 5629 1850 5705">
     <span class='ocr_line' id='line_1_57' title="bbox 269 5629 1850 5705; baseline 0.009 -28"><span class='ocrx_word' id='word_1_355' title='bbox 269 5631 380 5679; x_wconf 83' lang='lat' dir='ltr'><strong>ris:</strong></span> <span class='ocrx_word' id='word_1_356' title='bbox 409 5640 534 5680; x_wconf 85' lang='lat' dir='ltr'><strong>eum</strong></span> <span class='ocrx_word' id='word_1_357' title='bbox 561 5629 612 5680; x_wconf 90' lang='lat' dir='ltr'><strong>in</strong></span> <span class='ocrx_word' id='word_1_358' title='bbox 657 5629 874 5685; x_wconf 89' lang='lat' dir='ltr'><strong>dubium</strong></span> <span class='ocrx_word' id='word_1_359' title='bbox 905 5648 1010 5686; x_wconf 90' lang='lat' dir='ltr'><strong>non</strong></span> <span class='ocrx_word' id='word_1_360' title='bbox 1047 5634 1244 5702; x_wconf 80' lang='lat' dir='ltr'><strong>veniat,</strong></span> <span class='ocrx_word' id='word_1_361' title='bbox 1275 5634 1415 5705; x_wconf 92' lang='lat' dir='ltr'><strong>quod</strong></span> <span class='ocrx_word' id='word_1_362' title='bbox 1453 5651 1482 5690; x_wconf 89' lang='lat' dir='ltr'><strong>a</strong></span> <span class='ocrx_word' id='word_1_363' title='bbox 1519 5651 1604 5692; x_wconf 90' lang='lat' dir='ltr'><strong>me</strong></span> <span class='ocrx_word' id='word_1_364' title='bbox 1651 5637 1850 5692; x_wconf 88' lang='lat' dir='ltr'><strong>invitus</strong></span> 
     </span>
    </p>
   </div>
   <div class='ocr_carea' id='block_1_58' title="bbox 267 5719 811 5776">
    <p class='ocr_par' dir='ltr' id='par_1_58' title="bbox 267 5719 811 5776">
     <span class='ocr_line' id='line_1_58' title="bbox 267 5719 811 5776; baseline 0.013 -7"><span class='ocrx_word' id='word_1_365' title='bbox 267 5719 619 5773; x_wconf 76' lang='lat' dir='ltr'><strong>absresseris.</strong></span> <span class='ocrx_word' id='word_1_366' title='bbox 666 5722 811 5776; x_wconf 84' lang='lat' dir='ltr'><strong>Vale.</strong></span> 
     </span>
    </p>
   </div>
   <div class='ocr_carea' id='block_1_59' title="bbox 1450 281 2320 340">
    <p class='ocr_par' dir='ltr' id='par_1_59' title="bbox 1450 281 2320 340">
     <span class='ocr_line' id='line_1_59' title="bbox 1450 281 2320 340; baseline -0.002 0"><span class='ocrx_word' id='word_1_367' title='bbox 1450 281 1928 340; x_wconf 68' lang='lat' dir='ltr'><strong>EPISTOLARUM</strong></span> <span class='ocrx_word' id='word_1_368' title='bbox 1972 282 2168 338; x_wconf 79' lang='lat' dir='ltr'><strong>LIBER</strong></span> <span class='ocrx_word' id='word_1_369' title='bbox 2214 285 2320 340; x_wconf 92' lang='lat' dir='ltr'><strong>VII.</strong></span> 
     </span>
    </p>
   </div>
   <div class='ocr_carea' id='block_1_60' title="bbox 269 395 1944 474">
    <p class='ocr_par' dir='ltr' id='par_1_60' title="bbox 269 395 1944 474">
     <span class='ocr_line' id='line_1_60' title="bbox 269 395 1944 474; baseline -0.01 -14"><span class='ocrx_word' id='word_1_370' title='bbox 269 406 387 460; x_wconf 80' lang='lat' dir='ltr'><strong>Non</strong></span> <span class='ocrx_word' id='word_1_371' title='bbox 419 403 565 474; x_wconf 86' lang='lat' dir='ltr'><strong>piget</strong></span> <span class='ocrx_word' id='word_1_372' title='bbox 597 411 774 458; x_wconf 88' lang='lat' dir='ltr'><strong>tamen</strong></span> <span class='ocrx_word' id='word_1_373' title='bbox 817 411 940 456; x_wconf 90' lang='lat' dir='ltr'><strong>ante</strong></span> <span class='ocrx_word' id='word_1_374' title='bbox 977 398 1301 454; x_wconf 83' lang='lat' dir='ltr'><strong>solutionem</strong></span> <span class='ocrx_word' id='word_1_375' title='bbox 1354 397 1661 466; x_wconf 85' lang='lat' dir='ltr'><strong>religiosum</strong></span> <span class='ocrx_word' id='word_1_376' title='bbox 1712 395 1861 448; x_wconf 75' lang='lat' dir='ltr'><strong>tentis</strong></span> <span class='ocrx_word' id='word_1_377' title='bbox 1893 395 1944 453; x_wconf 73' lang='grc' dir='ltr'><strong>Α</strong></span> 
     </span>
    </p>
   </div>
   <div class='ocr_carea' id='block_1_61' title="bbox 3449 298 3554 351">
    <p class='ocr_par' dir='ltr' id='par_1_61' title="bbox 3449 298 3554 351">
     <span class='ocr_line' id='line_1_61' title="bbox 3449 298 3554 351; baseline 0.01 -1"><span class='ocrx_word' id='word_1_378' title='bbox 3449 298 3554 351; x_wconf 62' lang='grc' dir='ltr'><strong>ΞΜ</strong></span> 
     </span>
    </p>
   </div>
   <div class='ocr_carea' id='block_1_62' title="bbox 2493 398 3038 457">
    <p class='ocr_par' dir='ltr' id='par_1_62' title="bbox 2493 398 3038 457">
     <span class='ocr_line' id='line_1_62' title="bbox 2493 398 3038 457; baseline 0.009 -5"><span class='ocrx_word' id='word_1_379' title='bbox 2493 398 2710 456; x_wconf 83' lang='lat' dir='ltr'><strong>EPIST.</strong></span> <span class='ocrx_word' id='word_1_380' title='bbox 2755 400 3038 457; x_wconf 84' lang='lat' dir='ltr'><strong>XXXVIII.</strong></span> 
     </span>
    </p>
   </div>
   <div class='ocr_carea' id='block_1_63' title="bbox 2496 507 3018 547">
    <p class='ocr_par' dir='ltr' id='par_1_63' title="bbox 2496 507 3018 547">
     <span class='ocr_line' id='line_1_63' title="bbox 2496 507 3018 547; baseline 0 -1"><span class='ocrx_word' id='word_1_381' title='bbox 2496 507 2806 546; x_wconf 68' lang='lat' dir='ltr'><strong>SVINACHUS</strong></span> <span class='ocrx_word' id='word_1_382' title='bbox 2843 509 3018 547; x_wconf 76' lang='lat' dir='ltr'><strong>DECIO.</strong></span> 
     </span>
    </p>
   </div>
   <div class='ocr_carea' id='block_1_64' title="bbox 2033 601 3544 668">
    <p class='ocr_par' dir='ltr' id='par_1_64' title="bbox 2033 601 3544 668">
     <span class='ocr_line' id='line_1_64' title="bbox 2033 601 3544 668; baseline 0.002 -11"><span class='ocrx_word' id='word_1_383' title='bbox 2033 601 2212 657; x_wconf 83' lang='lat' dir='ltr'><strong>Jocari</strong></span> <span class='ocrx_word' id='word_1_384' title='bbox 2237 604 2364 657; x_wconf 90' lang='lat' dir='ltr'><strong>mihi</strong></span> <span class='ocrx_word' id='word_1_385' title='bbox 2396 605 2540 660; x_wconf 84' lang='lat' dir='ltr'><strong>visus</strong></span> <span class='ocrx_word' id='word_1_386' title='bbox 2564 621 2644 668; x_wconf 90' lang='lat' dir='ltr'><strong>es,</strong></span> <span class='ocrx_word' id='word_1_387' title='bbox 2687 620 2807 659; x_wconf 93' lang='lat' dir='ltr'><strong>cum</strong></span> <span class='ocrx_word' id='word_1_388' title='bbox 2846 616 2898 660; x_wconf 90' lang='lat' dir='ltr'><strong>te</strong></span> <span class='ocrx_word' id='word_1_389' title='bbox 2926 607 3190 661; x_wconf 85' lang='lat' dir='ltr'><strong>scriberes</strong></span> <span class='ocrx_word' id='word_1_390' title='bbox 3217 606 3374 661; x_wconf 89' lang='lat' dir='ltr'><strong>obvia</strong></span> <span class='ocrx_word' id='word_1_391' title='bbox 3405 608 3544 661; x_wconf 70' lang='lat' dir='ltr'><strong>mili.</strong></span> 
     </span>
    </p>
   </div>
   <div class='ocr_carea' id='block_1_65' title="bbox 1967 698 3556 766">
    <p class='ocr_par' dir='ltr' id='par_1_65' title="bbox 1967 698 3556 766">
     <span class='ocr_line' id='line_1_65' title="bbox 1967 698 3556 766; baseline 0.002 -14"><span class='ocrx_word' id='word_1_392' title='bbox 1967 706 2076 752; x_wconf 89' lang='lat' dir='ltr'><strong>tum</strong></span> <span class='ocrx_word' id='word_1_393' title='bbox 2107 713 2253 751; x_wconf 86' lang='lat' dir='ltr'><strong>arma</strong></span> <span class='ocrx_word' id='word_1_394' title='bbox 2283 699 2548 753; x_wconf 89' lang='lat' dir='ltr'><strong>timuisse.</strong></span> <span class='ocrx_word' id='word_1_395' title='bbox 2573 699 2750 752; x_wconf 89' lang='lat' dir='ltr'><strong>Credo</strong></span> <span class='ocrx_word' id='word_1_396' title='bbox 2781 715 2847 754; x_wconf 88' lang='lat' dir='ltr'><strong>ne</strong></span> <span class='ocrx_word' id='word_1_397' title='bbox 2876 709 3023 753; x_wconf 91' lang='lat' dir='ltr'><strong>tuum</strong></span> <span class='ocrx_word' id='word_1_398' title='bbox 3054 701 3154 755; x_wconf 89' lang='lat' dir='ltr'><strong>iter</strong></span> <span class='ocrx_word' id='word_1_399' title='bbox 3181 701 3232 754; x_wconf 91' lang='lat' dir='ltr'><strong>in</strong></span> <span class='ocrx_word' id='word_1_400' title='bbox 3251 698 3556 766; x_wconf 67' lang='lat' dir='ltr'><strong>Campania:</strong></span> 
     </span>
    </p>
   </div>
   <div class='ocr_carea' id='block_1_66' title="bbox 1967 789 3563 860">
    <p class='ocr_par' dir='ltr' id='par_1_66' title="bbox 1967 789 3563 860">
     <span class='ocr_line' id='line_1_66' title="bbox 1967 789 3563 860; baseline 0.002 -17"><span class='ocrx_word' id='word_1_401' title='bbox 1967 790 2252 858; x_wconf 84' lang='lat' dir='ltr'><strong>longinqua</strong></span> <span class='ocrx_word' id='word_1_402' title='bbox 2300 805 2673 858; x_wconf 87' lang='lat' dir='ltr'><strong>sequeremur.</strong></span> <span class='ocrx_word' id='word_1_403' title='bbox 2715 789 2847 844; x_wconf 87' lang='lat' dir='ltr'><strong>Nam</strong></span> <span class='ocrx_word' id='word_1_404' title='bbox 2880 792 2923 844; x_wconf 89' lang='lat' dir='ltr'><strong>si</strong></span> <span class='ocrx_word' id='word_1_405' title='bbox 2954 792 3067 860; x_wconf 91' lang='lat' dir='ltr'><strong>ipse</strong></span> <span class='ocrx_word' id='word_1_406' title='bbox 3101 791 3191 846; x_wconf 91' lang='lat' dir='ltr'><strong>diu</strong></span> <span class='ocrx_word' id='word_1_407' title='bbox 3233 803 3474 846; x_wconf 85' lang='lat' dir='ltr'><strong>versatus</strong></span> <span class='ocrx_word' id='word_1_408' title='bbox 3503 794 3563 846; x_wconf 78' lang='lat' dir='ltr'><strong>in</strong></span> 
     </span>
    </p>
   </div>
   <div class='ocr_carea' id='block_1_67' title="bbox 1967 881 3555 953">
    <p class='ocr_par' dir='ltr' id='par_1_67' title="bbox 1967 881 3555 953">
     <span class='ocr_line' id='line_1_67' title="bbox 1967 881 3555 953; baseline 0.003 -20"><span class='ocrx_word' id='word_1_409' title='bbox 1967 886 2182 946; x_wconf 69' lang='lat' dir='ltr'><strong>castris,</strong></span> <span class='ocrx_word' id='word_1_410' title='bbox 2217 881 2457 935; x_wconf 80' lang='lat' dir='ltr'><strong>nonnihil</strong></span> <span class='ocrx_word' id='word_1_411' title='bbox 2502 883 2708 936; x_wconf 87' lang='lat' dir='ltr'><strong>timoris</strong></span> <span class='ocrx_word' id='word_1_412' title='bbox 2758 893 3010 951; x_wconf 70' lang='lat' dir='ltr'><strong>mpertus</strong></span> <span class='ocrx_word' id='word_1_413' title='bbox 3039 899 3126 949; x_wconf 90' lang='lat' dir='ltr'><strong>es;</strong></span> <span class='ocrx_word' id='word_1_414' title='bbox 3175 899 3273 953; x_wconf 85' lang='lat' dir='ltr'><strong>ego</strong></span> <span class='ocrx_word' id='word_1_415' title='bbox 3305 892 3441 953; x_wconf 73' lang='lat' dir='ltr'><strong>toga:</strong></span> <span class='ocrx_word' id='word_1_416' title='bbox 3468 899 3555 938; x_wconf 86' lang='lat' dir='ltr'><strong>as-</strong></span> 
     </span>
    </p>
   </div>
   <div class='ocr_carea' id='block_1_68' title="bbox 1965 974 3554 1044">
    <p class='ocr_par' dir='ltr' id='par_1_68' title="bbox 1965 974 3554 1044">
     <span class='ocr_line' id='line_1_68' title="bbox 1965 974 3554 1044; baseline 0 -17"><span class='ocrx_word' id='word_1_417' title='bbox 1965 985 2173 1038; x_wconf 83' lang='lat' dir='ltr'><strong>suetus,</strong></span> <span class='ocrx_word' id='word_1_418' title='bbox 2204 974 2326 1042; x_wconf 82' lang='lat' dir='ltr'><strong>quid</strong></span> <span class='ocrx_word' id='word_1_419' title='bbox 2371 974 2740 1028; x_wconf 80' lang='lat' dir='ltr'><strong>amaritudinis</strong></span> <span class='ocrx_word' id='word_1_420' title='bbox 2787 975 3130 1030; x_wconf 84' lang='lat' dir='ltr'><strong>incidissem?</strong></span> <span class='ocrx_word' id='word_1_421' title='bbox 3189 977 3294 1030; x_wconf 89' lang='lat' dir='ltr'><strong>Sed</strong></span> <span class='ocrx_word' id='word_1_422' title='bbox 3328 992 3431 1031; x_wconf 91' lang='lat' dir='ltr'><strong>non</strong></span> <span class='ocrx_word' id='word_1_423' title='bbox 3463 992 3554 1044; x_wconf 90' lang='lat' dir='ltr'><strong>pa-</strong></span> 
     </span>
    </p>
   </div>
   <div class='ocr_carea' id='block_1_69' title="bbox 1967 1066 3553 1135">
    <p class='ocr_par' dir='ltr' id='par_1_69' title="bbox 1967 1066 3553 1135">
     <span class='ocr_line' id='line_1_69' title="bbox 1967 1066 3553 1135; baseline 0.003 -16"><span class='ocrx_word' id='word_1_424' title='bbox 1967 1066 2093 1132; x_wconf 87' lang='lat' dir='ltr'><strong>tior,</strong></span> <span class='ocrx_word' id='word_1_425' title='bbox 2145 1075 2200 1118; x_wconf 85' lang='lat' dir='ltr'><strong>ut</strong></span> <span class='ocrx_word' id='word_1_426' title='bbox 2251 1067 2342 1118; x_wconf 85' lang='lat' dir='ltr'><strong>tibi</strong></span> <span class='ocrx_word' id='word_1_427' title='bbox 2388 1066 2453 1119; x_wconf 81' lang='lat' dir='ltr'><strong>ad</strong></span> <span class='ocrx_word' id='word_1_428' title='bbox 2488 1082 2691 1119; x_wconf 88' lang='lat' dir='ltr'><strong>mOratn</strong></span> <span class='ocrx_word' id='word_1_429' title='bbox 2743 1069 2909 1135; x_wconf 80' lang='lat' dir='ltr'><strong>pinsit</strong></span> <span class='ocrx_word' id='word_1_430' title='bbox 2948 1069 3192 1121; x_wconf 75' lang='lat' dir='ltr'><strong>a&#39;ntttlata</strong></span> <span class='ocrx_word' id='word_1_431' title='bbox 3247 1070 3553 1135; x_wconf 83' lang='lat' dir='ltr'><strong>trepidatio.</strong></span> 
     </span>
    </p>
   </div>
   <div class='ocr_carea' id='block_1_70' title="bbox 1969 1159 3550 1231">
    <p class='ocr_par' dir='ltr' id='par_1_70' title="bbox 1969 1159 3550 1231">
     <span class='ocr_line' id='line_1_70' title="bbox 1969 1159 3550 1231; baseline 0.002 -19"><span class='ocrx_word' id='word_1_432' title='bbox 1969 1159 2122 1213; x_wconf 82' lang='lat' dir='ltr'><strong>Caret</strong></span> <span class='ocrx_word' id='word_1_433' title='bbox 2149 1160 2315 1227; x_wconf 82' lang='lat' dir='ltr'><strong>Appia</strong></span> <span class='ocrx_word' id='word_1_434' title='bbox 2351 1170 2460 1212; x_wconf 88' lang='lat' dir='ltr'><strong>tota</strong></span> <span class='ocrx_word' id='word_1_435' title='bbox 2490 1160 2768 1226; x_wconf 76' lang='lat' dir='ltr'><strong>militibus,</strong></span> <span class='ocrx_word' id='word_1_436' title='bbox 2804 1161 3118 1213; x_wconf 63' lang='lat' dir='ltr'><strong>transvectis</strong></span> <span class='ocrx_word' id='word_1_437' title='bbox 3145 1162 3414 1227; x_wconf 89' lang='lat' dir='ltr'><strong>omnibus,</strong></span> <span class='ocrx_word' id='word_1_438' title='bbox 3461 1165 3550 1231; x_wconf 89' lang='lat' dir='ltr'><strong>qni</strong></span> 
     </span>
    </p>
   </div>
   <div class='ocr_carea' id='block_1_71' title="bbox 1974 1250 3554 1322">
    <p class='ocr_par' dir='ltr' id='par_1_71' title="bbox 1974 1250 3554 1322">
     <span class='ocr_line' id='line_1_71' title="bbox 1974 1250 3554 1322; baseline 0.002 -19"><span class='ocrx_word' id='word_1_439' title='bbox 1974 1259 2164 1318; x_wconf 89' lang='lat' dir='ltr'><strong>pacato</strong></span> <span class='ocrx_word' id='word_1_440' title='bbox 2202 1250 2399 1304; x_wconf 71' lang='lat' dir='ltr'><strong>Africa:</strong></span> <span class='ocrx_word' id='word_1_441' title='bbox 2441 1261 2584 1303; x_wconf 91' lang='lat' dir='ltr'><strong>statu</strong></span> <span class='ocrx_word' id='word_1_442' title='bbox 2636 1250 2688 1304; x_wconf 89' lang='lat' dir='ltr'><strong>in</strong></span> <span class='ocrx_word' id='word_1_443' title='bbox 2737 1251 3052 1318; x_wconf 88' lang='lat' dir='ltr'><strong>obsequium</strong></span> <span class='ocrx_word' id='word_1_444' title='bbox 3099 1252 3261 1304; x_wconf 91' lang='lat' dir='ltr'><strong>divini</strong></span> <span class='ocrx_word' id='word_1_445' title='bbox 3303 1254 3554 1322; x_wconf 81' lang='lat' dir='ltr'><strong>principis</strong></span> 
     </span>
    </p>
   </div>
   <div class='ocr_carea' id='block_1_72' title="bbox 1966 1342 3553 1413">
    <p class='ocr_par' dir='ltr' id='par_1_72' title="bbox 1966 1342 3553 1413">
     <span class='ocr_line' id='line_1_72' title="bbox 1966 1342 3553 1413; baseline 0.001 -18"><span class='ocrx_word' id='word_1_446' title='bbox 1966 1351 2320 1396; x_wconf 87' lang='lat' dir='ltr'><strong>reverterunt.</strong></span> <span class='ocrx_word' id='word_1_447' title='bbox 2369 1342 2527 1410; x_wconf 87' lang='lat' dir='ltr'><strong>Quid,</strong></span> <span class='ocrx_word' id='word_1_448' title='bbox 2559 1344 2700 1412; x_wconf 90' lang='lat' dir='ltr'><strong>quod</strong></span> <span class='ocrx_word' id='word_1_449' title='bbox 2731 1343 2891 1396; x_wconf 88' lang='lat' dir='ltr'><strong>etiam</strong></span> <span class='ocrx_word' id='word_1_450' title='bbox 2927 1344 3090 1410; x_wconf 91' lang='lat' dir='ltr'><strong>patria</strong></span> <span class='ocrx_word' id='word_1_451' title='bbox 3123 1344 3172 1396; x_wconf 92' lang='lat' dir='ltr'><strong>in</strong></span> <span class='ocrx_word' id='word_1_452' title='bbox 3199 1345 3357 1396; x_wconf 87' lang='lat' dir='ltr'><strong>rebus</strong></span> <span class='ocrx_word' id='word_1_453' title='bbox 3384 1359 3553 1413; x_wconf 88' lang='lat' dir='ltr'><strong>angu-</strong></span> 
     </span>
    </p>
   </div>
   <div class='ocr_carea' id='block_1_73' title="bbox 1965 1435 3554 1504">
    <p class='ocr_par' dir='ltr' id='par_1_73' title="bbox 1965 1435 3554 1504">
     <span class='ocr_line' id='line_1_73' title="bbox 1965 1435 3554 1504; baseline -0.001 -16"><span class='ocrx_word' id='word_1_454' title='bbox 1965 1435 2084 1497; x_wconf 90' lang='lat' dir='ltr'><strong>stis,</strong></span> <span class='ocrx_word' id='word_1_455' title='bbox 2132 1435 2215 1488; x_wconf 86' lang='lat' dir='ltr'><strong>vel</strong></span> <span class='ocrx_word' id='word_1_456' title='bbox 2266 1445 2422 1504; x_wconf 84' lang='lat' dir='ltr'><strong>opem</strong></span> <span class='ocrx_word' id='word_1_457' title='bbox 2465 1435 2748 1499; x_wconf 91' lang='lat' dir='ltr'><strong>bonorum,</strong></span> <span class='ocrx_word' id='word_1_458' title='bbox 2799 1435 2880 1487; x_wconf 87' lang='lat' dir='ltr'><strong>vel</strong></span> <span class='ocrx_word' id='word_1_459' title='bbox 2934 1435 3248 1488; x_wconf 89' lang='lat' dir='ltr'><strong>societatem</strong></span> <span class='ocrx_word' id='word_1_460' title='bbox 3297 1435 3554 1504; x_wconf 78' lang='lat' dir='ltr'><strong>requirit?</strong></span> 
     </span>
    </p>
   </div>
   <div class='ocr_carea' id='block_1_74' title="bbox 1965 1523 3554 1595">
    <p class='ocr_par' dir='ltr' id='par_1_74' title="bbox 1965 1523 3554 1595">
     <span class='ocr_line' id='line_1_74' title="bbox 1965 1523 3554 1595; baseline 0 -17"><span class='ocrx_word' id='word_1_461' title='bbox 1965 1523 2150 1595; x_wconf 87' lang='lat' dir='ltr'><strong>Neque</strong></span> <span class='ocrx_word' id='word_1_462' title='bbox 2176 1523 2334 1578; x_wconf 79' lang='lat' dir='ltr'><strong>etiam</strong></span> <span class='ocrx_word' id='word_1_463' title='bbox 2366 1523 2703 1591; x_wconf 67' lang='lat' dir='ltr'><strong>praesentiam</strong></span> <span class='ocrx_word' id='word_1_464' title='bbox 2746 1534 2984 1577; x_wconf 89' lang='lat' dir='ltr'><strong>nostram</strong></span> <span class='ocrx_word' id='word_1_465' title='bbox 3013 1525 3124 1579; x_wconf 90' lang='lat' dir='ltr'><strong>sola</strong></span> <span class='ocrx_word' id='word_1_466' title='bbox 3159 1541 3410 1594; x_wconf 88' lang='lat' dir='ltr'><strong>prospera</strong></span> <span class='ocrx_word' id='word_1_467' title='bbox 3440 1525 3554 1593; x_wconf 87' lang='lat' dir='ltr'><strong>ejus</strong></span> 
     </span>
    </p>
   </div>
   <div class='ocr_carea' id='block_1_75' title="bbox 1965 1614 3553 1685">
    <p class='ocr_par' dir='ltr' id='par_1_75' title="bbox 1965 1614 3553 1685">
     <span class='ocr_line' id='line_1_75' title="bbox 1965 1614 3553 1685; baseline 0 -14"><span class='ocrx_word' id='word_1_468' title='bbox 1965 1627 2300 1684; x_wconf 74' lang='lat' dir='ltr'><strong>exspectant.</strong></span> <span class='ocrx_word' id='word_1_469' title='bbox 2325 1614 2718 1669; x_wconf 80' lang='lat' dir='ltr'><strong>Laudabilioris</strong></span> <span class='ocrx_word' id='word_1_470' title='bbox 2740 1614 2900 1669; x_wconf 84' lang='lat' dir='ltr'><strong>ofﬁcii</strong></span> <span class='ocrx_word' id='word_1_471' title='bbox 2931 1625 3032 1679; x_wconf 91' lang='lat' dir='ltr'><strong>est,</strong></span> <span class='ocrx_word' id='word_1_472' title='bbox 3055 1617 3372 1685; x_wconf 75' lang='lat' dir='ltr'><strong>participare</strong></span> <span class='ocrx_word' id='word_1_473' title='bbox 3396 1617 3553 1671; x_wconf 83' lang='lat' dir='ltr'><strong>dubia</strong></span> 
     </span>
    </p>
   </div>
   <div class='ocr_carea' id='block_1_76' title="bbox 1965 1707 3551 1774">
    <p class='ocr_par' dir='ltr' id='par_1_76' title="bbox 1965 1707 3551 1774">
     <span class='ocr_line' id='line_1_76' title="bbox 1965 1707 3551 1774; baseline 0.001 -16"><span class='ocrx_word' id='word_1_474' title='bbox 1965 1723 2085 1760; x_wconf 84' lang='lat' dir='ltr'><strong>rum</strong></span> <span class='ocrx_word' id='word_1_475' title='bbox 2115 1708 2341 1760; x_wconf 84' lang='lat' dir='ltr'><strong>civibus.</strong></span> <span class='ocrx_word' id='word_1_476' title='bbox 2389 1707 2492 1761; x_wconf 90' lang='lat' dir='ltr'><strong>Sed</strong></span> <span class='ocrx_word' id='word_1_477' title='bbox 2513 1707 2624 1774; x_wconf 89' lang='lat' dir='ltr'><strong>jam</strong></span> <span class='ocrx_word' id='word_1_478' title='bbox 2659 1721 2784 1772; x_wconf 88' lang='lat' dir='ltr'><strong>spes</strong></span> <span class='ocrx_word' id='word_1_479' title='bbox 2807 1710 2996 1760; x_wconf 87' lang='lat' dir='ltr'><strong>melior</strong></span> <span class='ocrx_word' id='word_1_480' title='bbox 3026 1708 3171 1760; x_wconf 87' lang='lat' dir='ltr'><strong>urbis</strong></span> <span class='ocrx_word' id='word_1_481' title='bbox 3203 1719 3408 1762; x_wconf 65' lang='lat' dir='ltr'><strong>tlttB~liP</strong></span> <span class='ocrx_word' id='word_1_482' title='bbox 3440 1711 3551 1762; x_wconf 80' lang='lat' dir='ltr'><strong>vul-</strong></span> 
     </span>
    </p>
   </div>
   <div class='ocr_carea' id='block_1_77' title="bbox 1967 1799 3547 1869">
    <p class='ocr_par' dir='ltr' id='par_1_77' title="bbox 1967 1799 3547 1869">
     <span class='ocr_line' id='line_1_77' title="bbox 1967 1799 3547 1869; baseline 0.001 -16"><span class='ocrx_word' id='word_1_483' title='bbox 1967 1810 2074 1853; x_wconf 89' lang='lat' dir='ltr'><strong>tum</strong></span> <span class='ocrx_word' id='word_1_484' title='bbox 2107 1808 2340 1862; x_wconf 76' lang='lat' dir='ltr'><strong>serenat,</strong></span> <span class='ocrx_word' id='word_1_485' title='bbox 2389 1810 2443 1853; x_wconf 90' lang='lat' dir='ltr'><strong>et</strong></span> <span class='ocrx_word' id='word_1_486' title='bbox 2479 1799 2728 1852; x_wconf 88' lang='lat' dir='ltr'><strong>alimonia</strong></span> <span class='ocrx_word' id='word_1_487' title='bbox 2764 1799 2976 1852; x_wconf 90' lang='lat' dir='ltr'><strong>interim</strong></span> <span class='ocrx_word' id='word_1_488' title='bbox 3023 1801 3236 1869; x_wconf 87' lang='lat' dir='ltr'><strong>proviso</strong></span> <span class='ocrx_word' id='word_1_489' title='bbox 3268 1801 3392 1853; x_wconf 88' lang='lat' dir='ltr'><strong>fulta</strong></span> <span class='ocrx_word' id='word_1_490' title='bbox 3420 1803 3547 1854; x_wconf 81' lang='lat' dir='ltr'><strong>sub-</strong></span> 
     </span>
    </p>
   </div>
   <div class='ocr_carea' id='block_1_78' title="bbox 1963 1889 3387 1960">
    <p class='ocr_par' dir='ltr' id='par_1_78' title="bbox 1963 1889 3387 1960">
     <span class='ocr_line' id='line_1_78' title="bbox 1963 1889 3387 1960; baseline 0.001 -16"><span class='ocrx_word' id='word_1_491' title='bbox 1963 1891 2123 1957; x_wconf 91' lang='lat' dir='ltr'><strong>sidio,</strong></span> <span class='ocrx_word' id='word_1_492' title='bbox 2153 1889 2319 1958; x_wconf 82' lang='lat' dir='ltr'><strong>frugis</strong></span> <span class='ocrx_word' id='word_1_493' title='bbox 2343 1889 2554 1960; x_wconf 73' lang='lat' dir='ltr'><strong>Libyca:</strong></span> <span class='ocrx_word' id='word_1_494' title='bbox 2584 1889 2869 1958; x_wconf 84' lang='lat' dir='ltr'><strong>st-pulatur</strong></span> <span class='ocrx_word' id='word_1_495' title='bbox 2897 1890 3203 1944; x_wconf 78' lang='lat' dir='ltr'><strong>adventum.</strong></span> <span class='ocrx_word' id='word_1_496' title='bbox 3237 1889 3387 1946; x_wconf 91' lang='lat' dir='ltr'><strong>Vale.</strong></span> 
     </span>
    </p>
   </div>
   <div class='ocr_carea' id='block_1_79' title="bbox 2514 2025 3005 2079">
    <p class='ocr_par' dir='ltr' id='par_1_79' title="bbox 2514 2025 3005 2079">
     <span class='ocr_line' id='line_1_79' title="bbox 2514 2025 3005 2079; baseline 0 0"><span class='ocrx_word' id='word_1_497' title='bbox 2514 2025 2732 2079; x_wconf 83' lang='lat' dir='ltr'><strong>EPIST.</strong></span> <span class='ocrx_word' id='word_1_498' title='bbox 2766 2025 3005 2079; x_wconf 80' lang='lat' dir='ltr'><strong>XXXIX.</strong></span> 
     </span>
    </p>
   </div>
   <div class='ocr_carea' id='block_1_80' title="bbox 2506 2132 3028 2172">
    <p class='ocr_par' dir='ltr' id='par_1_80' title="bbox 2506 2132 3028 2172">
     <span class='ocr_line' id='line_1_80' title="bbox 2506 2132 3028 2172; baseline 0 0"><span class='ocrx_word' id='word_1_499' title='bbox 2506 2132 2818 2172; x_wconf 71' lang='lat' dir='ltr'><strong>SYIHACBUS</strong></span> <span class='ocrx_word' id='word_1_500' title='bbox 2852 2133 3028 2172; x_wconf 81' lang='lat' dir='ltr'><strong>DECIt).</strong></span> 
     </span>
    </p>
   </div>
   <div class='ocr_carea' id='block_1_81' title="bbox 2037 2229 3552 2304">
    <p class='ocr_par' dir='ltr' id='par_1_81' title="bbox 2037 2229 3552 2304">
     <span class='ocr_line' id='line_1_81' title="bbox 2037 2229 3552 2304; baseline 0.004 -20"><span class='ocrx_word' id='word_1_501' title='bbox 2037 2230 2356 2299; x_wconf 81' lang='lat' dir='ltr'><strong>Plerumque</strong></span> <span class='ocrx_word' id='word_1_502' title='bbox 2401 2229 2512 2283; x_wconf 90' lang='lat' dir='ltr'><strong>fors</strong></span> <span class='ocrx_word' id='word_1_503' title='bbox 2560 2230 2819 2299; x_wconf 88' lang='lat' dir='ltr'><strong>disposita</strong></span> <span class='ocrx_word' id='word_1_504' title='bbox 2867 2231 3187 2286; x_wconf 89' lang='lat' dir='ltr'><strong>conturbat:</strong></span> <span class='ocrx_word' id='word_1_505' title='bbox 3220 2232 3362 2304; x_wconf 86' lang='lat' dir='ltr'><strong>quod</strong></span> <span class='ocrx_word' id='word_1_506' title='bbox 3413 2251 3552 2291; x_wconf 89' lang='lat' dir='ltr'><strong>nunc</strong></span> 
     </span>
    </p>
   </div>
   <div class='ocr_carea' id='block_1_82' title="bbox 1965 2320 3551 2392">
    <p class='ocr_par' dir='ltr' id='par_1_82' title="bbox 1965 2320 3551 2392">
     <span class='ocr_line' id='line_1_82' title="bbox 1965 2320 3551 2392; baseline 0.001 -15"><span class='ocrx_word' id='word_1_507' title='bbox 1965 2322 2095 2377; x_wconf 91' lang='lat' dir='ltr'><strong>mibi</strong></span> <span class='ocrx_word' id='word_1_508' title='bbox 2145 2336 2240 2375; x_wconf 90' lang='lat' dir='ltr'><strong>usu</strong></span> <span class='ocrx_word' id='word_1_509' title='bbox 2283 2320 2449 2386; x_wconf 89' lang='lat' dir='ltr'><strong>venit,</strong></span> <span class='ocrx_word' id='word_1_510' title='bbox 2502 2322 2591 2391; x_wconf 93' lang='lat' dir='ltr'><strong>qui</strong></span> <span class='ocrx_word' id='word_1_511' title='bbox 2639 2322 2902 2376; x_wconf 87' lang='lat' dir='ltr'><strong>Etruscos</strong></span> <span class='ocrx_word' id='word_1_512' title='bbox 2945 2337 3174 2392; x_wconf 88' lang='lat' dir='ltr'><strong>vapores</strong></span> <span class='ocrx_word' id='word_1_513' title='bbox 3223 2324 3551 2379; x_wconf 85' lang='lat' dir='ltr'><strong>salubritatis</strong></span> 
     </span>
    </p>
   </div>
   <div class='ocr_carea' id='block_1_83' title="bbox 1961 2411 3551 2479">
    <p class='ocr_par' dir='ltr' id='par_1_83' title="bbox 1961 2411 3551 2479">
     <span class='ocr_line' id='line_1_83' title="bbox 1961 2411 3551 2479; baseline 0.001 -14"><span class='ocrx_word' id='word_1_514' title='bbox 1961 2426 2121 2465; x_wconf 89' lang='lat' dir='ltr'><strong>causa</strong></span> <span class='ocrx_word' id='word_1_515' title='bbox 2153 2411 2302 2466; x_wconf 91' lang='lat' dir='ltr'><strong>adire</strong></span> <span class='ocrx_word' id='word_1_516' title='bbox 2331 2426 2436 2466; x_wconf 91' lang='lat' dir='ltr'><strong>non</strong></span> <span class='ocrx_word' id='word_1_517' title='bbox 2468 2412 2638 2479; x_wconf 91' lang='lat' dir='ltr'><strong>potui,</strong></span> <span class='ocrx_word' id='word_1_518' title='bbox 2686 2421 2922 2466; x_wconf 88' lang='lat' dir='ltr'><strong>retentus</strong></span> <span class='ocrx_word' id='word_1_519' title='bbox 2959 2413 3149 2469; x_wconf 90' lang='lat' dir='ltr'><strong>subitis</strong></span> <span class='ocrx_word' id='word_1_520' title='bbox 3174 2422 3227 2468; x_wconf 83' lang='lat' dir='ltr'><strong>et</strong></span> <span class='ocrx_word' id='word_1_521' title='bbox 3257 2415 3551 2468; x_wconf 89' lang='lat' dir='ltr'><strong>tumultua-</strong></span> 
     </span>
    </p>
   </div>
   <div class='ocr_carea' id='block_1_84' title="bbox 1962 2501 3552 2573">
    <p class='ocr_par' dir='ltr' id='par_1_84' title="bbox 1962 2501 3552 2573">
     <span class='ocr_line' id='line_1_84' title="bbox 1962 2501 3552 2573; baseline 0 -18"><span class='ocrx_word' id='word_1_522' title='bbox 1962 2502 2077 2555; x_wconf 72' lang='lat' dir='ltr'><strong>riis.</strong></span> <span class='ocrx_word' id='word_1_523' title='bbox 2125 2501 2274 2555; x_wconf 81' lang='lat' dir='ltr'><strong>Nullo</strong></span> <span class='ocrx_word' id='word_1_524' title='bbox 2309 2502 2468 2570; x_wconf 86' lang='lat' dir='ltr'><strong>igitur</strong></span> <span class='ocrx_word' id='word_1_525' title='bbox 2495 2501 2588 2553; x_wconf 87' lang='lat' dir='ltr'><strong>tibi</strong></span> <span class='ocrx_word' id='word_1_526' title='bbox 2630 2516 2725 2570; x_wconf 90' lang='lat' dir='ltr'><strong>per</strong></span> <span class='ocrx_word' id='word_1_527' title='bbox 2767 2516 2852 2554; x_wconf 87' lang='lat' dir='ltr'><strong>nte</strong></span> <span class='ocrx_word' id='word_1_528' title='bbox 2881 2501 3133 2554; x_wconf 78' lang='lat' dir='ltr'><strong>indicitur</strong></span> <span class='ocrx_word' id='word_1_529' title='bbox 3161 2518 3308 2557; x_wconf 86' lang='lat' dir='ltr'><strong>mora</strong></span> <span class='ocrx_word' id='word_1_530' title='bbox 3344 2522 3356 2557; x_wconf 91' lang='lat'>:</span> <span class='ocrx_word' id='word_1_531' title='bbox 3391 2504 3552 2573; x_wconf 89' lang='lat' dir='ltr'><strong>quio-</strong></span> 
     </span>
    </p>
   </div>
   <div class='ocr_carea' id='block_1_85' title="bbox 1962 2592 3550 2660">
    <p class='ocr_par' dir='ltr' id='par_1_85' title="bbox 1962 2592 3550 2660">
     <span class='ocr_line' id='line_1_85' title="bbox 1962 2592 3550 2660; baseline 0.002 -15"><span class='ocrx_word' id='word_1_532' title='bbox 1962 2593 2070 2645; x_wconf 91' lang='lat' dir='ltr'><strong>imo</strong></span> <span class='ocrx_word' id='word_1_533' title='bbox 2093 2598 2146 2646; x_wconf 86' lang='lat' dir='ltr'><strong>et</strong></span> <span class='ocrx_word' id='word_1_534' title='bbox 2174 2592 2378 2658; x_wconf 88' lang='lat' dir='ltr'><strong>hortor,</strong></span> <span class='ocrx_word' id='word_1_535' title='bbox 2412 2601 2466 2645; x_wconf 87' lang='lat' dir='ltr'><strong>et</strong></span> <span class='ocrx_word' id='word_1_536' title='bbox 2522 2592 2754 2660; x_wconf 89' lang='lat' dir='ltr'><strong>postulo,</strong></span> <span class='ocrx_word' id='word_1_537' title='bbox 2807 2602 2861 2645; x_wconf 88' lang='lat' dir='ltr'><strong>ttt</strong></span> <span class='ocrx_word' id='word_1_538' title='bbox 2915 2593 3162 2646; x_wconf 77' lang='lat' dir='ltr'><strong>feStinato</strong></span> <span class='ocrx_word' id='word_1_539' title='bbox 3215 2594 3408 2656; x_wconf 80' lang='lat' dir='ltr'><strong>itinere</strong></span> <span class='ocrx_word' id='word_1_540' title='bbox 3441 2595 3550 2648; x_wconf 63' lang='lat' dir='ltr'><strong>lto-</strong></span> 
     </span>
    </p>
   </div>
   <div class='ocr_carea' id='block_1_86' title="bbox 1963 2685 3549 2755">
    <p class='ocr_par' dir='ltr' id='par_1_86' title="bbox 1963 2685 3549 2755">
     <span class='ocr_line' id='line_1_86' title="bbox 1963 2685 3549 2755; baseline 0.001 -17"><span class='ocrx_word' id='word_1_541' title='bbox 1963 2701 2102 2739; x_wconf 83' lang='lat' dir='ltr'><strong>ntam</strong></span> <span class='ocrx_word' id='word_1_542' title='bbox 2134 2686 2357 2750; x_wconf 85' lang='lat' dir='ltr'><strong>revisas,</strong></span> <span class='ocrx_word' id='word_1_543' title='bbox 2387 2685 2690 2753; x_wconf 68' lang='lat' dir='ltr'><strong>reddasque</strong></span> <span class='ocrx_word' id='word_1_544' title='bbox 2718 2686 2872 2738; x_wconf 81' lang='lat' dir='ltr'><strong>nobis</strong></span> <span class='ocrx_word' id='word_1_545' title='bbox 2898 2686 3290 2753; x_wconf 77' lang='lat' dir='ltr'><strong>jncunditatem</strong></span> <span class='ocrx_word' id='word_1_546' title='bbox 3319 2702 3549 2755; x_wconf 57' lang='lat' dir='ltr'><strong>praesen.</strong></span> 
     </span>
    </p>
   </div>
   <div class='ocr_carea' id='block_1_87' title="bbox 1963 2775 3544 2848">
    <p class='ocr_par' dir='ltr' id='par_1_87' title="bbox 1963 2775 3544 2848">
     <span class='ocr_line' id='line_1_87' title="bbox 1963 2775 3544 2848; baseline 0.004 -19"><span class='ocrx_word' id='word_1_547' title='bbox 1963 2778 2050 2830; x_wconf 73' lang='lat' dir='ltr'><strong>tia:</strong></span> <span class='ocrx_word' id='word_1_548' title='bbox 2080 2784 2204 2840; x_wconf 71' lang='lat' dir='ltr'><strong>tute,</strong></span> <span class='ocrx_word' id='word_1_549' title='bbox 2232 2792 2333 2846; x_wconf 89' lang='lat' dir='ltr'><strong>qua</strong></span> <span class='ocrx_word' id='word_1_550' title='bbox 2357 2775 2526 2830; x_wconf 89' lang='lat' dir='ltr'><strong>defrui</strong></span> <span class='ocrx_word' id='word_1_551' title='bbox 2559 2776 2610 2830; x_wconf 88' lang='lat' dir='ltr'><strong>itt</strong></span> <span class='ocrx_word' id='word_1_552' title='bbox 2637 2775 2958 2829; x_wconf 89' lang='lat' dir='ltr'><strong>suburbanis</strong></span> <span class='ocrx_word' id='word_1_553' title='bbox 2984 2792 3090 2830; x_wconf 89' lang='lat' dir='ltr'><strong>non</strong></span> <span class='ocrx_word' id='word_1_554' title='bbox 3119 2778 3364 2848; x_wconf 85' lang='lat' dir='ltr'><strong>contigit.</strong></span> <span class='ocrx_word' id='word_1_555' title='bbox 3391 2778 3544 2835; x_wconf 88' lang='lat' dir='ltr'><strong>Vale.</strong></span> 
     </span>
    </p>
   </div>
   <div class='ocr_carea' id='block_1_88' title="bbox 2574 2905 2935 2961">
    <p class='ocr_par' dir='ltr' id='par_1_88' title="bbox 2574 2905 2935 2961">
     <span class='ocr_line' id='line_1_88' title="bbox 2574 2905 2935 2961; baseline 0.003 -2"><span class='ocrx_word' id='word_1_556' title='bbox 2574 2905 2787 2960; x_wconf 67' lang='lat' dir='ltr'><strong>I‘LPIST.</strong></span> <span class='ocrx_word' id='word_1_557' title='bbox 2822 2907 2935 2961; x_wconf 86' lang='lat' dir='ltr'><strong>XL.</strong></span> 
     </span>
    </p>
   </div>
   <div class='ocr_carea' id='block_1_89' title="bbox 2491 3013 3015 3053">
    <p class='ocr_par' dir='ltr' id='par_1_89' title="bbox 2491 3013 3015 3053">
     <span class='ocr_line' id='line_1_89' title="bbox 2491 3013 3015 3053; baseline 0.004 -2"><span class='ocrx_word' id='word_1_558' title='bbox 2491 3013 2798 3051; x_wconf 70' lang='lat' dir='ltr'><strong>SYIHACIIUS</strong></span> <span class='ocrx_word' id='word_1_559' title='bbox 2838 3014 3015 3053; x_wconf 76' lang='lat' dir='ltr'><strong>DECIO.</strong></span> 
     </span>
    </p>
   </div>
   <div class='ocr_carea' id='block_1_90' title="bbox 2033 3107 3545 3183">
    <p class='ocr_par' dir='ltr' id='par_1_90' title="bbox 2033 3107 3545 3183">
     <span class='ocr_line' id='line_1_90' title="bbox 2033 3107 3545 3183; baseline 0.005 -22"><span class='ocrx_word' id='word_1_560' title='bbox 2033 3108 2146 3161; x_wconf 87' lang='lat' dir='ltr'><strong>Jam</strong></span> <span class='ocrx_word' id='word_1_561' title='bbox 2169 3107 2367 3161; x_wconf 88' lang='lat' dir='ltr'><strong>dudum</strong></span> <span class='ocrx_word' id='word_1_562' title='bbox 2409 3109 2555 3164; x_wconf 88' lang='lat' dir='ltr'><strong>curis</strong></span> <span class='ocrx_word' id='word_1_563' title='bbox 2581 3109 2808 3178; x_wconf 77' lang='lat' dir='ltr'><strong>publicis</strong></span> <span class='ocrx_word' id='word_1_564' title='bbox 2852 3112 3128 3166; x_wconf 90' lang='lat' dir='ltr'><strong>absolutus</strong></span> <span class='ocrx_word' id='word_1_565' title='bbox 3168 3113 3410 3183; x_wconf 86' lang='lat' dir='ltr'><strong>relegere</strong></span> <span class='ocrx_word' id='word_1_566' title='bbox 3444 3113 3545 3169; x_wconf 77' lang='lat' dir='ltr'><strong>iter</strong></span> 
     </span>
    </p>
   </div>
   <div class='ocr_carea' id='block_1_91' title="bbox 1960 3201 3543 3270">
    <p class='ocr_par' dir='ltr' id='par_1_91' title="bbox 1960 3201 3543 3270">
     <span class='ocr_line' id='line_1_91' title="bbox 1960 3201 3543 3270; baseline 0.004 -16"><span class='ocrx_word' id='word_1_567' title='bbox 1960 3201 2153 3269; x_wconf 90' lang='lat' dir='ltr'><strong>potius,</strong></span> <span class='ocrx_word' id='word_1_568' title='bbox 2201 3216 2360 3270; x_wconf 87' lang='lat' dir='ltr'><strong>quam</strong></span> <span class='ocrx_word' id='word_1_569' title='bbox 2410 3202 2662 3268; x_wconf 91' lang='lat' dir='ltr'><strong>auspiciis</strong></span> <span class='ocrx_word' id='word_1_570' title='bbox 2707 3203 3004 3257; x_wconf 83' lang='lat' dir='ltr'><strong>litterarum</strong></span> <span class='ocrx_word' id='word_1_571' title='bbox 3035 3206 3210 3260; x_wconf 76' lang='lat' dir='ltr'><strong>lenire</strong></span> <span class='ocrx_word' id='word_1_572' title='bbox 3249 3207 3543 3261; x_wconf 89' lang='lat' dir='ltr'><strong>amicorum</strong></span> 
     </span>
    </p>
   </div>
   <div class='ocr_carea' id='block_1_92' title="bbox 1958 3293 3546 3368">
    <p class='ocr_par' dir='ltr' id='par_1_92' title="bbox 1958 3293 3546 3368">
     <span class='ocr_line' id='line_1_92' title="bbox 1958 3293 3546 3368; baseline 0.001 -20"><span class='ocrx_word' id='word_1_573' title='bbox 1958 3293 2222 3348; x_wconf 89' lang='lat' dir='ltr'><strong>desideria</strong></span> <span class='ocrx_word' id='word_1_574' title='bbox 2255 3295 2510 3350; x_wconf 64' lang='lat' dir='ltr'><strong>debuisti.</strong></span> <span class='ocrx_word' id='word_1_575' title='bbox 2539 3295 2670 3350; x_wconf 85' lang='lat' dir='ltr'><strong>Nam</strong></span> <span class='ocrx_word' id='word_1_576' title='bbox 2701 3297 2744 3350; x_wconf 88' lang='lat' dir='ltr'><strong>si</strong></span> <span class='ocrx_word' id='word_1_577' title='bbox 2771 3297 3022 3351; x_wconf 86' lang='lat' dir='ltr'><strong>valetudo</strong></span> <span class='ocrx_word' id='word_1_578' title='bbox 3051 3312 3116 3352; x_wconf 81' lang='lat' dir='ltr'><strong>ex</strong></span> <span class='ocrx_word' id='word_1_579' title='bbox 3138 3299 3400 3352; x_wconf 86' lang='lat' dir='ltr'><strong>sententia</strong></span> <span class='ocrx_word' id='word_1_580' title='bbox 3424 3314 3546 3368; x_wconf 56' lang='lat' dir='ltr'><strong>sup.</strong></span> 
     </span>
    </p>
   </div>
   <div class='ocr_carea' id='block_1_93' title="bbox 1959 3387 3544 3461">
    <p class='ocr_par' dir='ltr' id='par_1_93' title="bbox 1959 3387 3544 3461">
     <span class='ocr_line' id='line_1_93' title="bbox 1959 3387 3544 3461; baseline 0.006 -24"><span class='ocrx_word' id='word_1_581' title='bbox 1959 3387 2118 3453; x_wconf 87' lang='lat' dir='ltr'><strong>petit;</strong></span> <span class='ocrx_word' id='word_1_582' title='bbox 2149 3387 2272 3453; x_wconf 89' lang='lat' dir='ltr'><strong>quid</strong></span> <span class='ocrx_word' id='word_1_583' title='bbox 2306 3402 2482 3441; x_wconf 63' lang='lat' dir='ltr'><strong>causa!</strong></span> <span class='ocrx_word' id='word_1_584' title='bbox 2511 3388 2706 3452; x_wconf 89' lang='lat' dir='ltr'><strong>dicam,</strong></span> <span class='ocrx_word' id='word_1_585' title='bbox 2739 3391 2880 3459; x_wconf 89' lang='lat' dir='ltr'><strong>quod</strong></span> <span class='ocrx_word' id='word_1_586' title='bbox 2914 3391 3116 3444; x_wconf 87' lang='lat' dir='ltr'><strong>diutius</strong></span> <span class='ocrx_word' id='word_1_587' title='bbox 3163 3393 3214 3445; x_wconf 91' lang='lat' dir='ltr'><strong>in</strong></span> <span class='ocrx_word' id='word_1_588' title='bbox 3255 3391 3544 3461; x_wconf 87' lang='lat' dir='ltr'><strong>Campania</strong></span> 
     </span>
    </p>
   </div>
   <div class='ocr_carea' id='block_1_94' title="bbox 1957 3478 3546 3539">
    <p class='ocr_par' dir='ltr' id='par_1_94' title="bbox 1957 3478 3546 3539">
     <span class='ocr_line' id='line_1_94' title="bbox 1957 3478 3546 3539; baseline 0.004 -7"><span class='ocrx_word' id='word_1_589' title='bbox 1957 3478 2294 3532; x_wconf 83' lang='lat' dir='ltr'><strong>demoraris?</strong></span> <span class='ocrx_word' id='word_1_590' title='bbox 2344 3482 2425 3534; x_wconf 82' lang='lat' dir='ltr'><strong>An</strong></span> <span class='ocrx_word' id='word_1_591' title='bbox 2473 3490 2530 3533; x_wconf 93' lang='lat' dir='ltr'><strong>ut.</strong></span> <span class='ocrx_word' id='word_1_592' title='bbox 2574 3496 2672 3534; x_wconf 89' lang='lat' dir='ltr'><strong>nos</strong></span> <span class='ocrx_word' id='word_1_593' title='bbox 2712 3483 3111 3538; x_wconf 83' lang='lat' dir='ltr'><strong>amantissimos</strong></span> <span class='ocrx_word' id='word_1_594' title='bbox 3152 3485 3228 3538; x_wconf 90' lang='lat' dir='ltr'><strong>ttti</strong></span> <span class='ocrx_word' id='word_1_595' title='bbox 3258 3484 3546 3539; x_wconf 82' lang='lat' dir='ltr'><strong>defraudes</strong></span> 
     </span>
    </p>
   </div>
   <div class='ocr_carea' id='block_1_95' title="bbox 1957 3570 3542 3644">
    <p class='ocr_par' dir='ltr' id='par_1_95' title="bbox 1957 3570 3542 3644">
     <span class='ocr_line' id='line_1_95' title="bbox 1957 3570 3542 3644; baseline 0.004 -20"><span class='ocrx_word' id='word_1_596' title='bbox 1957 3570 2132 3634; x_wconf 80' lang='lat' dir='ltr'><strong>benis,</strong></span> <span class='ocrx_word' id='word_1_597' title='bbox 2163 3587 2282 3640; x_wconf 70' lang='lat' dir='ltr'><strong>qua:</strong></span> <span class='ocrx_word' id='word_1_598' title='bbox 2314 3573 2365 3625; x_wconf 90' lang='lat' dir='ltr'><strong>in</strong></span> <span class='ocrx_word' id='word_1_599' title='bbox 2413 3580 2464 3626; x_wconf 90' lang='lat' dir='ltr'><strong>te</strong></span> <span class='ocrx_word' id='word_1_600' title='bbox 2495 3573 2731 3628; x_wconf 86' lang='lat' dir='ltr'><strong>solemus</strong></span> <span class='ocrx_word' id='word_1_601' title='bbox 2774 3574 3064 3644; x_wconf 83' lang='lat' dir='ltr'><strong>amplecti?</strong></span> <span class='ocrx_word' id='word_1_602' title='bbox 3091 3576 3344 3643; x_wconf 86' lang='lat' dir='ltr'><strong>Qttiuimo</strong></span> <span class='ocrx_word' id='word_1_603' title='bbox 3372 3577 3542 3644; x_wconf 90' lang='lat' dir='ltr'><strong>urbis,</strong></span> 
     </span>
    </p>
   </div>
   <div class='ocr_carea' id='block_1_96' title="bbox 1959 3663 3539 3735">
    <p class='ocr_par' dir='ltr' id='par_1_96' title="bbox 1959 3663 3539 3735">
     <span class='ocr_line' id='line_1_96' title="bbox 1959 3663 3539 3735; baseline 0.004 -21"><span class='ocrx_word' id='word_1_604' title='bbox 1959 3663 2234 3730; x_wconf 78' lang='lat' dir='ltr'><strong>nostrique</strong></span> <span class='ocrx_word' id='word_1_605' title='bbox 2269 3663 2643 3727; x_wconf 89' lang='lat' dir='ltr'><strong>reminiscere,</strong></span> <span class='ocrx_word' id='word_1_606' title='bbox 2694 3674 2748 3718; x_wconf 91' lang='lat' dir='ltr'><strong>et</strong></span> <span class='ocrx_word' id='word_1_607' title='bbox 2774 3665 2903 3719; x_wconf 92' lang='lat' dir='ltr'><strong>dum</strong></span> <span class='ocrx_word' id='word_1_608' title='bbox 2933 3668 3302 3735; x_wconf 89' lang='lat' dir='ltr'><strong>opportunitas</strong></span> <span class='ocrx_word' id='word_1_609' title='bbox 3339 3671 3539 3722; x_wconf 70' lang='lat' dir='ltr'><strong>mstatis</strong></span> 
     </span>
    </p>
   </div>
   <div class='ocr_carea' id='block_1_97' title="bbox 1958 3755 3543 3829">
    <p class='ocr_par' dir='ltr' id='par_1_97' title="bbox 1958 3755 3543 3829">
     <span class='ocr_line' id='line_1_97' title="bbox 1958 3755 3543 3829; baseline 0.004 -21"><span class='ocrx_word' id='word_1_610' title='bbox 1958 3755 2167 3819; x_wconf 84' lang='lat' dir='ltr'><strong>invitat,</strong></span> <span class='ocrx_word' id='word_1_611' title='bbox 2214 3755 2316 3808; x_wconf 83' lang='lat' dir='ltr'><strong>iter</strong></span> <span class='ocrx_word' id='word_1_612' title='bbox 2353 3755 2576 3810; x_wconf 87' lang='lat' dir='ltr'><strong>festinus</strong></span> <span class='ocrx_word' id='word_1_613' title='bbox 2605 3771 2824 3826; x_wconf 85' lang='lat' dir='ltr'><strong>usurpa,</strong></span> <span class='ocrx_word' id='word_1_614' title='bbox 2879 3769 2936 3811; x_wconf 90' lang='lat' dir='ltr'><strong>ut</strong></span> <span class='ocrx_word' id='word_1_615' title='bbox 2965 3758 3118 3829; x_wconf 90' lang='lat' dir='ltr'><strong>longa</strong></span> <span class='ocrx_word' id='word_1_616' title='bbox 3148 3760 3408 3814; x_wconf 78' lang='lat' dir='ltr'><strong>absentia:</strong></span> <span class='ocrx_word' id='word_1_617' title='bbox 3439 3769 3543 3814; x_wconf 76' lang='lat' dir='ltr'><strong>tua:</strong></span> 
     </span>
    </p>
   </div>
   <div class='ocr_carea' id='block_1_98' title="bbox 1957 3848 3340 3918">
    <p class='ocr_par' dir='ltr' id='par_1_98' title="bbox 1957 3848 3340 3918">
     <span class='ocr_line' id='line_1_98' title="bbox 1957 3848 3340 3918; baseline 0.004 -18"><span class='ocrx_word' id='word_1_618' title='bbox 1957 3848 2150 3902; x_wconf 88' lang='lat' dir='ltr'><strong>damna</strong></span> <span class='ocrx_word' id='word_1_619' title='bbox 2178 3848 2391 3903; x_wconf 91' lang='lat' dir='ltr'><strong>tandem</strong></span> <span class='ocrx_word' id='word_1_620' title='bbox 2423 3857 2605 3918; x_wconf 88' lang='lat' dir='ltr'><strong>optato</strong></span> <span class='ocrx_word' id='word_1_621' title='bbox 2636 3850 2810 3905; x_wconf 90' lang='lat' dir='ltr'><strong>reditu</strong></span> <span class='ocrx_word' id='word_1_622' title='bbox 2838 3851 3158 3907; x_wconf 86' lang='lat' dir='ltr'><strong>sarciantur.</strong></span> <span class='ocrx_word' id='word_1_623' title='bbox 3191 3851 3340 3906; x_wconf 90' lang='lat' dir='ltr'><strong>Vale.</strong></span> 
     </span>
    </p>
   </div>
   <div class='ocr_carea' id='block_1_99' title="bbox 2560 3961 2941 4017">
    <p class='ocr_par' dir='ltr' id='par_1_99' title="bbox 2560 3961 2941 4017">
     <span class='ocr_line' id='line_1_99' title="bbox 2560 3961 2941 4017; baseline 0.005 -3"><span class='ocrx_word' id='word_1_624' title='bbox 2560 3961 2771 4015; x_wconf 86' lang='lat' dir='ltr'><strong>EPIST.</strong></span> <span class='ocrx_word' id='word_1_625' title='bbox 2805 3962 2941 4017; x_wconf 88' lang='lat' dir='ltr'><strong>XLI.</strong></span> 
     </span>
    </p>
   </div>
   <div class='ocr_carea' id='block_1_100' title="bbox 2488 4065 3000 4108">
    <p class='ocr_par' dir='ltr' id='par_1_100' title="bbox 2488 4065 3000 4108">
     <span class='ocr_line' id='line_1_100' title="bbox 2488 4065 3000 4108; baseline 0.004 -4"><span class='ocrx_word' id='word_1_626' title='bbox 2488 4065 2795 4106; x_wconf 71' lang='lat' dir='ltr'><strong>SYIIIIACBUS</strong></span> <span class='ocrx_word' id='word_1_627' title='bbox 2825 4069 3000 4108; x_wconf 80' lang='lat' dir='ltr'><strong>DECIO.</strong></span> 
     </span>
    </p>
   </div>
   <div class='ocr_carea' id='block_1_101' title="bbox 2027 4160 3540 4234">
    <p class='ocr_par' dir='ltr' id='par_1_101' title="bbox 2027 4160 3540 4234">
     <span class='ocr_line' id='line_1_101' title="bbox 2027 4160 3540 4234; baseline 0.005 -21"><span class='ocrx_word' id='word_1_628' title='bbox 2027 4160 2144 4229; x_wconf 89' lang='lat' dir='ltr'><strong>Quo</strong></span> <span class='ocrx_word' id='word_1_629' title='bbox 2169 4161 2299 4215; x_wconf 90' lang='lat' dir='ltr'><strong>abiit</strong></span> <span class='ocrx_word' id='word_1_630' title='bbox 2328 4162 2716 4230; x_wconf 86' lang='lat' dir='ltr'><strong>promissorum</strong></span> <span class='ocrx_word' id='word_1_631' title='bbox 2757 4163 2929 4218; x_wconf 81' lang='lat' dir='ltr'><strong>fides?</strong></span> <span class='ocrx_word' id='word_1_632' title='bbox 2968 4166 3217 4234; x_wconf 88' lang='lat' dir='ltr'><strong>Speranti</strong></span> <span class='ocrx_word' id='word_1_633' title='bbox 3265 4183 3540 4222; x_wconf 90' lang='lat' dir='ltr'><strong>recursum</strong></span> 
     </span>
    </p>
   </div>
   <div class='ocr_carea' id='block_1_102' title="bbox 1959 4252 3543 4324">
    <p class='ocr_par' dir='ltr' id='par_1_102' title="bbox 1959 4252 3543 4324">
     <span class='ocr_line' id='line_1_102' title="bbox 1959 4252 3543 4324; baseline 0.005 -20"><span class='ocrx_word' id='word_1_634' title='bbox 1959 4261 2108 4305; x_wconf 92' lang='lat' dir='ltr'><strong>tuum</strong></span> <span class='ocrx_word' id='word_1_635' title='bbox 2139 4252 2398 4306; x_wconf 89' lang='lat' dir='ltr'><strong>litteraria</strong></span> <span class='ocrx_word' id='word_1_636' title='bbox 2432 4253 2728 4307; x_wconf 87' lang='lat' dir='ltr'><strong>levamenta</strong></span> <span class='ocrx_word' id='word_1_637' title='bbox 2785 4253 3038 4312; x_wconf 88' lang='lat' dir='ltr'><strong>tribuisti.</strong></span> <span class='ocrx_word' id='word_1_638' title='bbox 3088 4257 3264 4309; x_wconf 84' lang='lat' dir='ltr'><strong>Potuit</strong></span> <span class='ocrx_word' id='word_1_639' title='bbox 3310 4256 3543 4324; x_wconf 82' lang='lat' dir='ltr'><strong>jucunda</strong></span> 
     </span>
    </p>
   </div>
   <div class='ocr_carea' id='block_1_103' title="bbox 1960 4343 3543 4415">
    <p class='ocr_par' dir='ltr' id='par_1_103' title="bbox 1960 4343 3543 4415">
     <span class='ocr_line' id='line_1_103' title="bbox 1960 4343 3543 4415; baseline 0.002 -18"><span class='ocrx_word' id='word_1_640' title='bbox 1960 4343 2115 4398; x_wconf 89' lang='lat' dir='ltr'><strong>nobis</strong></span> <span class='ocrx_word' id='word_1_641' title='bbox 2145 4343 2302 4412; x_wconf 89' lang='lat' dir='ltr'><strong>hujus</strong></span> <span class='ocrx_word' id='word_1_642' title='bbox 2333 4345 2574 4398; x_wconf 87' lang='lat' dir='ltr'><strong>muneris</strong></span> <span class='ocrx_word' id='word_1_643' title='bbox 2611 4358 2734 4398; x_wconf 88' lang='lat' dir='ltr'><strong>esse</strong></span> <span class='ocrx_word' id='word_1_644' title='bbox 2777 4349 3073 4413; x_wconf 84' lang='lat' dir='ltr'><strong>perceptio,</strong></span> <span class='ocrx_word' id='word_1_645' title='bbox 3121 4346 3167 4399; x_wconf 91' lang='lat' dir='ltr'><strong>si</strong></span> <span class='ocrx_word' id='word_1_646' title='bbox 3216 4346 3347 4399; x_wconf 89' lang='lat' dir='ltr'><strong>nihil</strong></span> <span class='ocrx_word' id='word_1_647' title='bbox 3388 4361 3543 4415; x_wconf 76' lang='lat' dir='ltr'><strong>gran-</strong></span> 
     </span>
    </p>
   </div>
   <div class='ocr_carea' id='block_1_104' title="bbox 1962 4434 3543 4504">
    <p class='ocr_par' dir='ltr' id='par_1_104' title="bbox 1962 4434 3543 4504">
     <span class='ocr_line' id='line_1_104' title="bbox 1962 4434 3543 4504; baseline 0.001 -15"><span class='ocrx_word' id='word_1_648' title='bbox 1962 4437 2080 4489; x_wconf 89' lang='lat' dir='ltr'><strong>dius</strong></span> <span class='ocrx_word' id='word_1_649' title='bbox 2103 4434 2506 4504; x_wconf 85' lang='lat' dir='ltr'><strong>spopoudisses.</strong></span> <span class='ocrx_word' id='word_1_650' title='bbox 2550 4435 2632 4488; x_wconf 83' lang='lat' dir='ltr'><strong>An</strong></span> <span class='ocrx_word' id='word_1_651' title='bbox 2657 4435 2862 4488; x_wconf 89' lang='lat' dir='ltr'><strong>veritus</strong></span> <span class='ocrx_word' id='word_1_652' title='bbox 2897 4450 2956 4490; x_wconf 93' lang='lat' dir='ltr'><strong>es</strong></span> <span class='ocrx_word' id='word_1_653' title='bbox 2993 4435 3302 4490; x_wconf 89' lang='lat' dir='ltr'><strong>deliciarum</strong></span> <span class='ocrx_word' id='word_1_654' title='bbox 3333 4445 3543 4491; x_wconf 89' lang='lat' dir='ltr'><strong>tuarum</strong></span> 
     </span>
    </p>
   </div>
   <div class='ocr_carea' id='block_1_105' title="bbox 1962 4529 3542 4602">
    <p class='ocr_par' dir='ltr' id='par_1_105' title="bbox 1962 4529 3542 4602">
     <span class='ocr_line' id='line_1_105' title="bbox 1962 4529 3542 4602; baseline 0.001 -16"><span class='ocrx_word' id='word_1_655' title='bbox 1962 4531 2301 4586; x_wconf 86' lang='lat' dir='ltr'><strong>consularem</strong></span> <span class='ocrx_word' id='word_1_656' title='bbox 2323 4529 2495 4584; x_wconf 88' lang='lat' dir='ltr'><strong>virum</strong></span> <span class='ocrx_word' id='word_1_657' title='bbox 2522 4530 2751 4585; x_wconf 80' lang='lat' dir='ltr'><strong>testem?</strong></span> <span class='ocrx_word' id='word_1_658' title='bbox 2779 4530 2908 4585; x_wconf 91' lang='lat' dir='ltr'><strong>nihil</strong></span> <span class='ocrx_word' id='word_1_659' title='bbox 2938 4531 3044 4602; x_wconf 88' lang='lat' dir='ltr'><strong>egit</strong></span> <span class='ocrx_word' id='word_1_660' title='bbox 3067 4531 3181 4587; x_wconf 64' lang='lat' dir='ltr'><strong>hac</strong></span> <span class='ocrx_word' id='word_1_661' title='bbox 3198 4537 3394 4586; x_wconf 90' lang='lat' dir='ltr'><strong>cautio.</strong></span> <span class='ocrx_word' id='word_1_662' title='bbox 3409 4532 3542 4588; x_wconf 85' lang='lat' dir='ltr'><strong>Ocu-</strong></span> 
     </span>
    </p>
   </div>
   <div class='ocr_carea' id='block_1_106' title="bbox 1965 4622 3542 4690">
    <p class='ocr_par' dir='ltr' id='par_1_106' title="bbox 1965 4622 3542 4690">
     <span class='ocr_line' id='line_1_106' title="bbox 1965 4622 3542 4690; baseline 0.004 -14"><span class='ocrx_word' id='word_1_663' title='bbox 1965 4623 2030 4676; x_wconf 90' lang='lat' dir='ltr'><strong>lis</strong></span> <span class='ocrx_word' id='word_1_664' title='bbox 2055 4623 2322 4677; x_wconf 90' lang='lat' dir='ltr'><strong>subtracta</strong></span> <span class='ocrx_word' id='word_1_665' title='bbox 2351 4622 2630 4688; x_wconf 90' lang='lat' dir='ltr'><strong>miracula,</strong></span> <span class='ocrx_word' id='word_1_666' title='bbox 2674 4622 2894 4677; x_wconf 90' lang='lat' dir='ltr'><strong>auribus</strong></span> <span class='ocrx_word' id='word_1_667' title='bbox 2923 4624 3287 4690; x_wconf 82' lang='lat' dir='ltr'><strong>deprehendo.</strong></span> <span class='ocrx_word' id='word_1_668' title='bbox 3328 4626 3458 4680; x_wconf 81' lang='lat' dir='ltr'><strong>Nam</strong></span> <span class='ocrx_word' id='word_1_669' title='bbox 3488 4636 3542 4682; x_wconf 88' lang='lat' dir='ltr'><strong>ut</strong></span> 
     </span>
    </p>
   </div>
   <div class='ocr_carea' id='block_1_107' title="bbox 1960 4715 3544 4787">
    <p class='ocr_par' dir='ltr' id='par_1_107' title="bbox 1960 4715 3544 4787">
     <span class='ocr_line' id='line_1_107' title="bbox 1960 4715 3544 4787; baseline 0.001 -18"><span class='ocrx_word' id='word_1_670' title='bbox 1960 4718 2184 4787; x_wconf 88' lang='lat' dir='ltr'><strong>quisque</strong></span> <span class='ocrx_word' id='word_1_671' title='bbox 2215 4726 2396 4771; x_wconf 89' lang='lat' dir='ltr'><strong>nostra</strong></span> <span class='ocrx_word' id='word_1_672' title='bbox 2427 4715 2719 4770; x_wconf 81' lang='lat' dir='ltr'><strong>offenditur</strong></span> <span class='ocrx_word' id='word_1_673' title='bbox 2749 4717 3099 4785; x_wconf 89' lang='lat' dir='ltr'><strong>parcimonia,</strong></span> <span class='ocrx_word' id='word_1_674' title='bbox 3153 4728 3203 4772; x_wconf 90' lang='lat' dir='ltr'><strong>te</strong></span> <span class='ocrx_word' id='word_1_675' title='bbox 3239 4719 3431 4774; x_wconf 90' lang='lat' dir='ltr'><strong>abesse</strong></span> <span class='ocrx_word' id='word_1_676' title='bbox 3457 4734 3544 4772; x_wconf 88' lang='lat' dir='ltr'><strong>sn-</strong></span> 
     </span>
    </p>
   </div>
   <div class='ocr_carea' id='block_1_108' title="bbox 1956 4794 3542 4880">
    <p class='ocr_par' dir='ltr' id='par_1_108' title="bbox 1956 4794 3542 4880">
     <span class='ocr_line' id='line_1_108' title="bbox 1956 4794 3542 4880; baseline -0.001 -15"><span class='ocrx_word' id='word_1_677' title='bbox 1956 4794 2148 4878; x_wconf 77' lang='lat' dir='ltr'><strong>spirat.</strong></span> <span class='ocrx_word' id='word_1_678' title='bbox 2196 4809 2380 4880; x_wconf 87' lang='lat' dir='ltr'><strong>Itaque</strong></span> <span class='ocrx_word' id='word_1_679' title='bbox 2412 4809 2466 4863; x_wconf 91' lang='lat' dir='ltr'><strong>in</strong></span> <span class='ocrx_word' id='word_1_680' title='bbox 2505 4810 2888 4865; x_wconf 91' lang='lat' dir='ltr'><strong>contumeliam</strong></span> <span class='ocrx_word' id='word_1_681' title='bbox 2932 4810 3163 4866; x_wconf 90' lang='lat' dir='ltr'><strong>convivii</strong></span> <span class='ocrx_word' id='word_1_682' title='bbox 3214 4812 3319 4864; x_wconf 92' lang='lat' dir='ltr'><strong>mei</strong></span> <span class='ocrx_word' id='word_1_683' title='bbox 3372 4811 3542 4879; x_wconf 85' lang='lat' dir='ltr'><strong>palam</strong></span> 
     </span>
    </p>
   </div>
   <div class='ocr_carea' id='block_1_109' title="bbox 1959 4899 3543 4970">
    <p class='ocr_par' dir='ltr' id='par_1_109' title="bbox 1959 4899 3543 4970">
     <span class='ocr_line' id='line_1_109' title="bbox 1959 4899 3543 4970; baseline 0 -15"><span class='ocrx_word' id='word_1_684' title='bbox 1959 4901 2304 4958; x_wconf 87' lang='lat' dir='ltr'><strong>desideraris.</strong></span> <span class='ocrx_word' id='word_1_685' title='bbox 2330 4900 2475 4956; x_wconf 88' lang='lat' dir='ltr'><strong>Sciet</strong></span> <span class='ocrx_word' id='word_1_686' title='bbox 2505 4899 2620 4956; x_wconf 65' lang='lat' dir='ltr'><strong>haec</strong></span> <span class='ocrx_word' id='word_1_687' title='bbox 2657 4899 2906 4964; x_wconf 88' lang='lat' dir='ltr'><strong>Senatus,</strong></span> <span class='ocrx_word' id='word_1_688' title='bbox 2949 4902 3130 4955; x_wconf 88' lang='lat' dir='ltr'><strong>audiet</strong></span> <span class='ocrx_word' id='word_1_689' title='bbox 3159 4902 3408 4970; x_wconf 89' lang='lat' dir='ltr'><strong>populus.</strong></span> <span class='ocrx_word' id='word_1_690' title='bbox 3439 4901 3543 4956; x_wconf 89' lang='lat' dir='ltr'><strong>Ne-</strong></span> 
     </span>
    </p>
   </div>
   <div class='ocr_carea' id='block_1_110' title="bbox 1957 4991 3543 5062">
    <p class='ocr_par' dir='ltr' id='par_1_110' title="bbox 1957 4991 3543 5062">
     <span class='ocr_line' id='line_1_110' title="bbox 1957 4991 3543 5062; baseline 0 -15"><span class='ocrx_word' id='word_1_691' title='bbox 1957 5009 2060 5062; x_wconf 91' lang='lat' dir='ltr'><strong>que</strong></span> <span class='ocrx_word' id='word_1_692' title='bbox 2087 4995 2230 5048; x_wconf 91' lang='lat' dir='ltr'><strong>enim</strong></span> <span class='ocrx_word' id='word_1_693' title='bbox 2263 5007 2480 5060; x_wconf 86' lang='lat' dir='ltr'><strong>possum</strong></span> <span class='ocrx_word' id='word_1_694' title='bbox 2508 4992 2664 5046; x_wconf 88' lang='lat' dir='ltr'><strong>aliter</strong></span> <span class='ocrx_word' id='word_1_695' title='bbox 2708 4991 2896 5046; x_wconf 86' lang='lat' dir='ltr'><strong>ulcisci</strong></span> <span class='ocrx_word' id='word_1_696' title='bbox 2935 4992 3192 5046; x_wconf 75' lang='lat' dir='ltr'><strong>absentiae</strong></span> <span class='ocrx_word' id='word_1_697' title='bbox 3215 4994 3543 5061; x_wconf 66' lang='lat' dir='ltr'><strong>tuarjustum</strong></span> 
     </span>
    </p>
   </div>
   <div class='ocr_carea' id='block_1_111' title="bbox 1955 5082 2400 5140">
    <p class='ocr_par' dir='ltr' id='par_1_111' title="bbox 1955 5082 2400 5140">
     <span class='ocr_line' id='line_1_111' title="bbox 1955 5082 2400 5140; baseline -0.011 0"><span class='ocrx_word' id='word_1_698' title='bbox 1955 5085 2216 5140; x_wconf 78' lang='lat' dir='ltr'><strong>dolorem.</strong></span> <span class='ocrx_word' id='word_1_699' title='bbox 2251 5082 2400 5138; x_wconf 90' lang='lat' dir='ltr'><strong>Vale.</strong></span> 
     </span>
    </p>
   </div>
   <div class='ocr_carea' id='block_1_112' title="bbox 2535 5173 2958 5229">
    <p class='ocr_par' dir='ltr' id='par_1_112' title="bbox 2535 5173 2958 5229">
     <span class='ocr_line' id='line_1_112' title="bbox 2535 5173 2958 5229; baseline 0.002 -3"><span class='ocrx_word' id='word_1_700' title='bbox 2535 5173 2757 5229; x_wconf 84' lang='lat' dir='ltr'><strong>EPIST.</strong></span> <span class='ocrx_word' id='word_1_701' title='bbox 2799 5173 2958 5227; x_wconf 88' lang='lat' dir='ltr'><strong>XLII.</strong></span> 
     </span>
    </p>
   </div>
   <div class='ocr_carea' id='block_1_113' title="bbox 2482 5277 3010 5318">
    <p class='ocr_par' dir='ltr' id='par_1_113' title="bbox 2482 5277 3010 5318">
     <span class='ocr_line' id='line_1_113' title="bbox 2482 5277 3010 5318; baseline 0 -2"><span class='ocrx_word' id='word_1_702' title='bbox 2482 5277 2790 5318; x_wconf 67' lang='lat' dir='ltr'><strong>SYMIACIIUS</strong></span> <span class='ocrx_word' id='word_1_703' title='bbox 2829 5278 3010 5318; x_wconf 77' lang='grc' dir='ltr'><strong>θεσιο.</strong></span> 
     </span>
    </p>
   </div>
   <div class='ocr_carea' id='block_1_114' title="bbox 2031 5355 3539 5427">
    <p class='ocr_par' dir='ltr' id='par_1_114' title="bbox 2031 5355 3539 5427">
     <span class='ocr_line' id='line_1_114' title="bbox 2031 5355 3539 5427; baseline -0.003 -14"><span class='ocrx_word' id='word_1_704' title='bbox 2031 5357 2409 5427; x_wconf 79' lang='lat' dir='ltr'><strong>Abrumpcnda</strong></span> <span class='ocrx_word' id='word_1_705' title='bbox 2435 5356 2580 5425; x_wconf 90' lang='lat' dir='ltr'><strong>juste</strong></span> <span class='ocrx_word' id='word_1_706' title='bbox 2607 5355 2836 5410; x_wconf 88' lang='lat' dir='ltr'><strong>cessatio</strong></span> <span class='ocrx_word' id='word_1_707' title='bbox 2881 5366 2984 5423; x_wconf 89' lang='lat' dir='ltr'><strong>est,</strong></span> <span class='ocrx_word' id='word_1_708' title='bbox 3024 5355 3159 5412; x_wconf 90' lang='lat' dir='ltr'><strong>etin</strong></span> <span class='ocrx_word' id='word_1_709' title='bbox 3198 5356 3390 5411; x_wconf 79' lang='lat' dir='ltr'><strong>aﬂ&#39;atus</strong></span> <span class='ocrx_word' id='word_1_710' title='bbox 3418 5371 3539 5410; x_wconf 89' lang='lat' dir='ltr'><strong>mu-</strong></span> 
     </span>
    </p>
   </div>
   <div class='ocr_carea' id='block_1_115' title="bbox 1959 5449 3540 5517">
    <p class='ocr_par' dir='ltr' id='par_1_115' title="bbox 1959 5449 3540 5517">
     <span class='ocr_line' id='line_1_115' title="bbox 1959 5449 3540 5517; baseline -0.002 -11"><span class='ocrx_word' id='word_1_711' title='bbox 1959 5462 2078 5507; x_wconf 89' lang='lat' dir='ltr'><strong>tuos</strong></span> <span class='ocrx_word' id='word_1_712' title='bbox 2102 5467 2227 5507; x_wconf 91' lang='lat' dir='ltr'><strong>cura</strong></span> <span class='ocrx_word' id='word_1_713' title='bbox 2271 5450 2558 5517; x_wconf 91' lang='lat' dir='ltr'><strong>tendenda,</strong></span> <span class='ocrx_word' id='word_1_714' title='bbox 2612 5465 2681 5505; x_wconf 90' lang='lat' dir='ltr'><strong>ne</strong></span> <span class='ocrx_word' id='word_1_715' title='bbox 2727 5449 2924 5505; x_wconf 90' lang='lat' dir='ltr'><strong>veteris</strong></span> <span class='ocrx_word' id='word_1_716' title='bbox 2973 5450 3113 5506; x_wconf 90' lang='lat' dir='ltr'><strong>inter</strong></span> <span class='ocrx_word' id='word_1_717' title='bbox 3153 5466 3253 5505; x_wconf 90' lang='lat' dir='ltr'><strong>nos</strong></span> <span class='ocrx_word' id='word_1_718' title='bbox 3291 5450 3540 5503; x_wconf 68' lang='lat' dir='ltr'><strong>amicitiai</strong></span> 
     </span>
    </p>
   </div>
   <div class='ocr_carea' id='block_1_116' title="bbox 1955 5540 3540 5611">
    <p class='ocr_par' dir='ltr' id='par_1_116' title="bbox 1955 5540 3540 5611">
     <span class='ocr_line' id='line_1_116' title="bbox 1955 5540 3540 5611; baseline -0.003 -11"><span class='ocrx_word' id='word_1_719' title='bbox 1955 5544 2270 5600; x_wconf 88' lang='lat' dir='ltr'><strong>memoriam</strong></span> <span class='ocrx_word' id='word_1_720' title='bbox 2297 5541 2566 5598; x_wconf 90' lang='lat' dir='ltr'><strong>scribendi</strong></span> <span class='ocrx_word' id='word_1_721' title='bbox 2597 5541 2869 5611; x_wconf 86' lang='lat' dir='ltr'><strong>neglectus</strong></span> <span class='ocrx_word' id='word_1_722' title='bbox 2898 5549 3162 5598; x_wconf 90' lang='lat' dir='ltr'><strong>attenuet.</strong></span> <span class='ocrx_word' id='word_1_723' title='bbox 3193 5540 3344 5606; x_wconf 88' lang='lat' dir='ltr'><strong>Quod</strong></span> <span class='ocrx_word' id='word_1_724' title='bbox 3375 5551 3436 5596; x_wconf 93' lang='lat' dir='ltr'><strong>ut</strong></span> <span class='ocrx_word' id='word_1_725' title='bbox 3471 5541 3540 5595; x_wconf 85' lang='lat' dir='ltr'><strong>li—</strong></span> 
     </span>
    </p>
   </div>
   <div class='ocr_carea' id='block_1_117' title="bbox 1958 5633 3534 5702">
    <p class='ocr_par' dir='ltr' id='par_1_117' title="bbox 1958 5633 3534 5702">
     <span class='ocr_line' id='line_1_117' title="bbox 1958 5633 3534 5702; baseline -0.002 -11"><span class='ocrx_word' id='word_1_726' title='bbox 1958 5637 2168 5691; x_wconf 88' lang='lat' dir='ltr'><strong>bentius</strong></span> <span class='ocrx_word' id='word_1_727' title='bbox 2209 5635 2406 5690; x_wconf 86' lang='lat' dir='ltr'><strong>dehinc</strong></span> <span class='ocrx_word' id='word_1_728' title='bbox 2449 5635 2635 5700; x_wconf 82' lang='lat' dir='ltr'><strong>facias,</strong></span> <span class='ocrx_word' id='word_1_729' title='bbox 2682 5650 2712 5690; x_wconf 89' lang='lat' dir='ltr'><strong>a</strong></span> <span class='ocrx_word' id='word_1_730' title='bbox 2746 5650 2832 5690; x_wconf 90' lang='lat' dir='ltr'><strong>me</strong></span> <span class='ocrx_word' id='word_1_731' title='bbox 2869 5649 3022 5688; x_wconf 88' lang='lat' dir='ltr'><strong>sume</strong></span> <span class='ocrx_word' id='word_1_732' title='bbox 3067 5633 3410 5702; x_wconf 90' lang='lat' dir='ltr'><strong>principium.</strong></span> <span class='ocrx_word' id='word_1_733' title='bbox 3453 5636 3534 5691; x_wconf 80' lang='lat' dir='ltr'><strong>En</strong></span> 
     </span>
    </p>
   </div>
   <div class='ocr_carea' id='block_1_118' title="bbox 1956 5727 3538 5795">
    <p class='ocr_par' dir='ltr' id='par_1_118' title="bbox 1956 5727 3538 5795">
     <span class='ocr_line' id='line_1_118' title="bbox 1956 5727 3538 5795; baseline -0.001 -12"><span class='ocrx_word' id='word_1_734' title='bbox 1956 5729 2048 5783; x_wconf 85' lang='lat' dir='ltr'><strong>tibi</strong></span> <span class='ocrx_word' id='word_1_735' title='bbox 2081 5729 2282 5784; x_wconf 85' lang='lat' dir='ltr'><strong>litteras</strong></span> <span class='ocrx_word' id='word_1_736' title='bbox 2305 5728 2678 5785; x_wconf 88' lang='lat' dir='ltr'><strong>salutationem</strong></span> <span class='ocrx_word' id='word_1_737' title='bbox 2709 5727 2968 5794; x_wconf 89' lang='lat' dir='ltr'><strong>ferentes,</strong></span> <span class='ocrx_word' id='word_1_738' title='bbox 2999 5741 3133 5795; x_wconf 89' lang='lat' dir='ltr'><strong>quas</strong></span> <span class='ocrx_word' id='word_1_739' title='bbox 3156 5727 3404 5785; x_wconf 83' lang='lat' dir='ltr'><strong>sensibus</strong></span> <span class='ocrx_word' id='word_1_740' title='bbox 3431 5731 3538 5785; x_wconf 79' lang='lat' dir='ltr'><strong>tuis</strong></span> 
     </span>
    </p>
   </div>
  </div>
