4046 6170
503 274 607 328 995
1668 276 1730 340 ρ.
1775 275 2122 332 AURELIUS
2161 277 2601 335 SYMMACIIUS.
2791 343 2794 347 _
3685 289 3788 341 296

501 387 762 456 voluptati
809 399 929 442 esse
972 387 1253 442 teSIabltur
1297 385 1458 440 officii
1510 386 1802 440 aemulatio.
1849 388 2004 452 Quod
2045 389 2091 442 si
2120 393 2170 450 Α
2198 388 2420 444 domino
2457 399 2517 444 et
2559 389 2668 444 filio
2719 405 2838 446 meo
2881 391 3154 460 Flaviano,
3185 409 3345 463 quem
3388 401 3646 467 prosequi
3689 397 3789 454 hoc

500 477 663 532 etiam
712 479 958 547 portitori
1013 480 1240 533 fructum
1302 477 1584 546 patrocinii
1639 479 1711 532 tui
1760 495 1942 533 sermo
1991 480 2094 534 iste
2201 480 2401 536 viatico
2428 481 2601 536 debeo
2622 523 2636 547 ,
2668 498 2768 538 nec
2797 483 2993 552 aliquid
3022 485 3314 554 adjungere
3342 500 3358 545 :
3388 488 3511 557 quia
3542 499 3631 543 tua
3664 503 3786 560 erga

500 571 840 636 quaesiverit;
875 571 1234 640 praecedentis
1264 570 1462 625 silentii
1490 571 1759 626 accusabo
1787 572 2090 641 dispendia.
2197 588 2320 628 eum
2351 573 2629 644 diligentia
2673 591 2778 630 non
2817 575 3006 642 recipit
3042 589 3414 645 augmentum.
3463 580 3594 637 Volo
3631 582 3788 651 igitur

498 661 777 717 Constabit
804 659 970 727 enim,
1019 663 1266 731 pluribus
1307 678 1393 717 me
1440 663 1683 732 potuisse
1709 665 2014 733 consulere,
2045 666 2093 720 si
2197 666 2433 733 noveris,
2481 683 2587 721 non
2615 682 2736 722 esse
2781 667 3000 733 fastidii,
3046 669 3188 738 quod
3217 685 3374 740 quam
3403 672 3683 727 minimum
3715 674 3783 729 de

501 763 552 809 te
574 754 772 823 alloqui
805 765 929 810 ante
951 756 1262 825 cozpissem.
1302 753 1451 809 Vale.

2195 771 2262 812 eo
2293 757 2597 823 scribimus,
2625 759 2720 812 sed
2757 759 3059 814 securitatis
3085 762 3153 815 de
3185 771 3270 814 tua
3313 773 3492 817 mente
3521 778 3784 832 pratsum-

1073 891 1288 944 EPIST.
1332 889 1516 944 xu".
2195 857 2323 916 βίω.
2357 848 2502 944 Talis
2524 848 2812 944 jugitergin
2854 865 2976 904 eum
3022 852 3427 944 essediguare,
3477 855 3692 922 qualem
3734 863 3787 910 te

2195 948 2346 996 vetus
2377 940 2615 994 amicitia
2641 941 2926 1011 pollicetur
2950 958 2964 995 :
2992 944 3076 996 cui
3109 943 3292 1012 adjicit
3320 943 3394 998 tui
3417 946 3640 999 honoris
3665 961 3788 1015 gra-

563 1070 697 1127 Cum
728 1073 840 1128 ruri
872 1031 1577 1143 agere—tnilibert—ateucteli
1622 1090 1869 1144 gressum
1913 1076 2087 1132 refor-
2193 1031 2315 1097 ἀπ’
2336 1039 2394 1087 ω
2418 1046 2538 1102 qua
2551 1047 2648 1102 pro
2676 1047 2741 1088 eo
2763 1032 2904 1087 velle
2923 1032 3111 1101 debes’
3129 1049 3287 1104 posse
3313 1049 3615 1106 nonneges’
3634 1036 3785 1092 vale'

497 1178 667 1229 mans,
719 1165 873 1234 cujus
903 1180 989 1220 me
1031 1180 1159 1219 usus
1186 1174 1309 1234 post
1340 1165 1584 1220 dolorem
1615 1175 1886 1232 moratur;
1935 1168 2088 1222 fami-
2747 1161 2961 1224 EPIST.
3003 1168 3235 1223 XLVIII.

497 1261 814 1316 liarissinius
853 1276 1004 1315 meus
1061 1261 1323 1315 ordiendo
1372 1261 1551 1316 itineri
1596 1272 1814 1330 paratus
1858 1261 1982 1316 fecit
2018 1261 2086 1316 ad
2715 1272 3030 1314 svuncuus
3071 1275 3248 1314 DECIO.

495 1354 842 1409 scribendum
888 1355 967 1408 sui
1009 1355 1241 1422 copiam.
1276 1353 1428 1409 Illico
1465 1353 1692 1408 amicam
1741 1355 1921 1408 studio
1965 1369 2086 1409 meo
2261 1348 2472 1405 Favore
2503 1358 2594 1404 tuo
2618 1349 2814 1405 factum
2864 1361 2966 1419 est,
3001 1353 3418 1407 utevectionum
3463 1353 3784 1410 adminicula

496 1448 776 1516 amplexus
801 1450 1255 1512 communionem,
1283 1448 1478 1516 scripta
1499 1463 1605 1502 non
1635 1449 1816 1503 distuli
1849 1466 1862 1502 :
1891 1465 2011 1519 quae
2031 1459 2087 1504 ct
2187 1457 2552 1507 sumeremus.
2604 1444 2797 1511 quibus
2850 1440 3142 1497 familiares
3193 1444 3295 1498 mei
3345 1445 3578 1512 empluri
3619 1460 3786 1514 equits

497 1537 634 1592 inter
666 1552 764 1593 nos
792 1546 1054 1607 angerent
1080 1540 1465 1593 commercium
1508 1539 1806 1609 religionis,
1851 1551 1905 1595 et
1935 1557 2086 1596 com-
2185 1530 2412 1586 CurUleS
2440 1533 2508 1586 ad
2539 1532 2850 1600 Hispaniam
2892 1545 3283 1588 commearent
3313 1535 3506 1600 Ωιιωεο
3536 1537 3704 1605 igitur
3737 1540 3786 1594 in

497 1628 697 1681 meanti
727 1629 953 1696 primum
991 1628 1131 1696 apud
1172 1637 1224 1682 te
1254 1631 1456 1683 notitiae
1493 1630 1655 1685 limen
1687 1632 1979 1700 aperirent.
2027 1632 2084 1687 Si
2187 1642 2300 1681 rem
2329 1628 2522 1681 missos
2545 1643 2666 1681 mox
2695 1629 2921 1682 transire
2945 1629 3266 1698 praecipias;
3293 1631 3435 1699 quod
3461 1631 3622 1700 longo
3653 1643 3788 1687 tem-

497 1718 800 1787 probabiles
831 1718 988 1788 hujus
1009 1719 1251 1787 epistola:
1281 1735 1472 1774 causas
1505 1731 1685 1790 putas,
1719 1722 1846 1776 mihi
1871 1736 2081 1778 sertno-
2114 1756 2160 1816 Β
2190 1731 2319 1784 pore
2347 1731 2482 1786 opus
2506 1726 2608 1780 est,
2636 1728 2691 1770 ut
2730 1718 2798 1772 de
2823 1719 3045 1787 singulis
3061 1720 3354 1785 provinciis
3379 1722 3613 1790 optimos
3627 1738 3792 1792 quos-

497 1812 577 1866 nis
604 1811 681 1865 tui
712 1813 905 1881 gratia,
936 1812 1013 1866 illi
1036 1811 1238 1867 amoris
1269 1812 1474 1869 fructus
1499 1813 1730 1869 eveniat.
1758 1813 1912 1870 Vale.
2114 1810 2154 1816 —
2191 1826 2295 1872 αυο
2321 1821 2573 1878 ειοθτρεῑ
2601 1810 2813 1874 e“30130,
2846 1820 2901 1865 ει
2947 1813 3212 1865 morosior
3260 1813 3467 1866 cautela
3507 1814 3790 1882 perducat.

1078 1948 1292 2003 EPIST.
1336 1948 1522 2004 χωνο
2191 1902 2455 1957 Praeterea
2480 1902 2573 1956 tibi
2602 1904 2830 1957 validius
2856 1904 3207 1974 obligabor,si
3240 1905 3450 1960 duobus
3473 1904 3594 1959 aliis
3626 1921 3788 1960 vere-

2197 1993 2282 2046 dis
2310 1993 2624 2047 eorumdem
2657 1993 2760 2047 iter
2781 1995 2984 2062 juveris
3017 2011 3030 2046 :
3057 1994 3365 2049 dividentur
3386 1996 3529 2048 enim
3557 1995 3791 2065 singuli,

1022 2053 1331 2092 sruuacuus
1374 2054 1549 2094 nemo.

570 2131 904 2185 Remuneror
942 2129 1073 2183 mihi
1111 2130 1308 2184 dictam
1355 2144 1386 2183 a
1425 2140 1477 2185 te
1527 2131 1792 2197 salutem,
1845 2134 2068 2203 quamvi:

2196 2093 2258 2138 ut
2277 2099 2342 2138 ex
2372 2083 2603 2139 diversis
2628 2085 2916 2152 provinciis
2945 2085 3251 2141 edeciment
3277 2087 3542 2142 lectiores.
3576 2087 3693 2140 Erit
3720 2089 3791 2140 iui

2193 2175 2434 2203 ιιιηιλιζιιῖὶ
2503 2184 2621 2203 “Ar.
2654 2175 2916 2203 ζΙΙηοο-Α...
2947 2185 2995 2203 ,ιο
3030 2177 3582 2203 -ι-..ιηιιιιιιηιζοηζηηηη
3617 2178 3791 2203 ..ἶ-η...

539 2175 1476 2246 ,;;,ῖ;;·ῖ;ζ·,ζ;“;;’·;;;,,ἶςζ“;;ς;ε,ζ,;ζ
1494 2175 1810 2246 ,Ϊξξξξῖξξξ
1841 2175 2090 2246 ξξῖξίξξίῗ
2191 2175 2468 2241 beneficii,
2503 2184 2626 2244 post
2654 2175 2918 2230 illustrem
2945 2185 2998 2230 et
3030 2177 3583 2246 praeceilentissimnm
3617 2178 3794 2231 virum

539 2224 547 2232 .
861 2222 871 2232 .
934 2221 946 2232 .
1274 2221 1286 2232 .
1326 2221 1337 2232 .
1367 2221 1380 2232 .
1567 2240 1575 2250 ,
1604 2224 1616 2235 ,
2191 2221 2468 2241 ---.----..,
2505 2221 2626 2244 ν---
2654 2221 2918 2230 --._--.-...
2947 2221 2998 2230 ν.
3031 2221 3583 2246 ,,.,υ-,,........--....,....

499 2221 2092 2337 f‘ffE’ﬁipf‘jffnf2132212???f".':f{'i‘:'ff’ﬁﬂ‘ﬁ'f‘
2190 2266 2469 2332 comitem,
2498 2266 2756 2336 quidquid
2783 2266 2964 2321 domui
2997 2275 3193 2322 nostra;
3236 2267 3486 2337 prtetoria
3535 2266 3632 2322 filii
3689 2271 3798 2323 mei

500 2317 2086 2426 ξῗῗῗῗῖπῖᾁΤἚέῩΪἾΤῗἾῗἾΪῪ,ῬῩἾ-ῗῗίυῗθδτέί⁰¹θθ¹²ῗ·
2191 2357 2355 2412 ediiio
2386 2357 2694 2426 splendoris
2720 2356 3003 2426 adiecerit-
3036 2357 3189 2415 Vale.

501 2405 666 2474 llujus
695 2406 839 2460 enim
866 2405 1155 2475 diligentia:
1185 2407 1460 2475 voluptate
1488 2407 1702 2462 animus
1731 2424 1883 2464 meus
1912 2410 2086 2477 pasci-

497 2508 603 2551 tur.
637 2497 728 2551 Est
757 2498 915 2566 ithur
939 2506 1027 2551 tua
1057 2497 1228 2568 optio,
1259 2511 1324 2551 an
1351 2497 1404 2553 in
1442 2515 1528 2554 me
1553 2501 1686 2554 velis
1711 2516 1855 2571 sape
1885 2501 2090 2555 littera-
2758 2491 2978 2548 EPIST.
3021 2492 3212 2551 XLIX.

495 2603 613 2641 rum
653 2603 775 2643 esse
819 2589 1125 2654 munificus,
1175 2590 1314 2656 quod
1366 2589 1582 2658 quidem
1631 2595 1863 2646 maxime
1902 2592 2082 2661 Cupio.
2728 2595 3043 2636 SYHMACHUS
3083 2598 3261 2637 DECIO-

493 2678 600 2734 Sed
631 2680 676 2734 si
720 2679 934 2747 quando
979 2680 1134 2734 nobis
1185 2679 1390 2735 fructus
1437 2683 1539 2736 iste
1586 2681 1848 2748 defuerit;
1896 2683 2084 2738 eadem
2262 2675 2612 2732 CertiSSit'mls
2641 2686 2830 2732 contra
2861 2694 3050 2734 omnes
3077 2681 3341 2750 prOCellas
3367 2683 3528 2735 animi
3554 2683 3629 2737 tui
3669 2699 3799 2753 pora

497 2768 624 2823 mihi
654 2769 846 2840 gaudia
876 2781 1051 2825 tecum
1080 2769 1336 2840 loquendi
1366 2786 1547 2826 sermo
1577 2785 1763 2829 noster
1786 2773 2083 2844 praestabit.
2190 2774 2276 2823 tus
2303 2778 2421 2835 est;
2477 2769 2600 2823 ideo
2631 2769 2694 2823 ad
2750 2779 2802 2826 te
2853 2773 3057 2826 sororis
3099 2786 3233 2827 mea:
3289 2772 3425 2828 filius
3454 2775 3568 2842 spei
3615 2787 3802 2830 certus

500 2859 647 2916 Vale.
2189 2863 2440 2914 accurrit.
2496 2860 2704 2929 Negotii
2755 2871 2932 2916 autem
2979 2878 3148 2932 genus
3191 2863 3258 2916 de
3304 2863 3639 2919 humanitate
3683 2880 3793 2920 sa:-

1078 2953 1294 3009 EPIST.
1335 2954 1498 3010 XLV.
2186 2949 2291 3003 culi
2316 2959 2590 3018 exspectat
2617 2951 2898 3016 auxilium,
2925 2954 3079 3021 cujus
3107 2953 3334 3019 quabtas
3366 2955 3658 3009 virtutibus
3683 2960 3795 3010 tuis

1018 3060 1332 3101 “unctius
1371 3062 1544 3101 υεοιο,
2189 3055 2412 3108 precum
2462 3041 2687 3095 lectione
2729 3045 3014 3110 pandetur.
3065 3043 3204 3113 Ergo
3249 3045 3485 3112 ptolixus
3513 3061 3639 3099 esse
3681 3063 3791 3102 non

561 3137 678 3194 Una
700 3138 814 3192 hinc
840 3138 924 3191 via
953 3147 1036 3192 est
1062 3152 1166 3207 qua
1201 3140 1436 3194 maxime
1465 3140 1670 3194 civibus
1711 3155 1774 3195 ac
1805 3140 2084 3197 familiari-
2110 3123 2157 3187 C
2189 3133 2358 3189 debeo
2387 3143 2666 3188 enarrator
2695 3134 2905 3203 injuriae
2925 3176 2941 3202 ,
2992 3150 3114 3190 cum
3142 3137 3337 3191 seriem
3369 3137 3627 3192 desiderii
3654 3138 3796 3193 fides

493 3229 592 3283 bus
621 3229 758 3283 meis
786 3230 1009 3298 prosim,
1054 3229 1101 3283 si
1142 3244 1238 3284 eos
1283 3230 1335 3284 in
1373 3231 1681 3286 clientelam
1719 3242 1886 3301 tuam,
1931 3233 2082 3302 Quasi
2190 3227 2600 3296 supplicationis
2623 3236 2878 3294 exiionat.
2905 3228 3010 3282 Has
3041 3239 3220 3283 autem
3269 3229 3413 3284 solas
3445 3239 3630 3298 partes
3659 3231 3800 3286 mihi

492 3328 831 3389 mystagogus
851 3320 1118 3374 inducam.
1142 3320 1292 3388 Quod
1317 3336 1459 3376 nunc
1481 3337 1578 3392 pro
1601 3323 1903 3380 Gaudentio
1922 3325 2079 3390 facio,
2189 3320 2416 3390 injungit
2440 3322 2670 3390 affectio,
2698 3330 2757 3376 ut
2784 3337 2879 3391 pro
2901 3321 3127 3392 conjuge
3167 3321 3406 3391 pignoris
3450 3325 3578 3386 mei,
3631 3324 3800 3393 cujus

491 3412 607 3462 νει-ο
635 3409 850 3480 generis
875 3411 1131 3465 senatorii
1162 3429 1174 3464 :
1212 3412 1366 3479 cujus
1395 3413 1738 3484 modestiam,
1788 3417 1835 3471 si
1859 3419 2080 3486 propius
2188 3413 2486 3480 ραιιρθτιειιῑ
2514 3415 2692 3483 ετδνίδ
2723 3421 2942 3482 Paratur
2981 3413 3167 3478 milia.
3197 3412 3508 3482 ευπτεείυω
3537 3413 3613 3467 illi
3641 3413 3805 3470 f1W0-

495 3500 812 3568 inspexeris,
862 3501 1130 3569 repereris
1165 3502 1326 3557 claris
1373 3505 1637 3560 natalibus
1679 3521 1888 3575 parem.
1918 3509 2083 3577 Igitur
2187 3500 2260 3555 ris
2283 3501 2612 3556 exambiam-
2651 3502 2798 3557 Vale.

498 3593 549 3645 in
575 3583 829 3662 obsequia
861 3601 949 3648 tua
982 3595 1350 3649 incunctanter
1390 3609 1659 3666 receptus,
1708 3608 1832 3654 ante
1864 3601 2077 3670 plenam
2803 3591 3018 3650 ΕΡΙὸΤο
3074 3592 3136 3646 L-

491 3685 571 3736 sui
605 3684 878 3752 fiduciam,
908 3701 1065 3755 quant
1100 3702 1222 3740 mox
1253 3687 1326 3740 illi
1357 3702 1565 3742 morum
1595 3691 1872 3758 prmstabit
1901 3693 2075 3760 inspe-
2717 3699 3029 3739 SYHNACIIUS
3068 3698 3245 3738 DECIO-

488 3778 612 3844 ctio,
651 3779 1001 3846 intell'gatde
1023 3794 1083 3834 se
1116 3781 1424 3835 testimonio
1457 3797 1578 3838 meo
1603 3783 1891 3840 creditum.
1927 3785 2068 3840 Vale.

2255 3775 2443 3830 Gaudii
2474 3775 2542 3829 de
2573 3783 2626 3830 te
2662 3778 2764 3830 mei
2805 3791 2906 3830 nec
2933 3776 3047 3844 ipse
3075 3783 3373 3830 ostentator
3407 3789 3533 3831 esse
3563 3791 3671 3845 per
3701 3793 3810 3833 ve-

1061 3890 1281 3946 EPIST.
1324 3892 1509 3947 XLVI.
2182 3867 2489 3922 rccundiam
2519 3883 2733 3936 possum
2753 3909 2767 3932 ,
2805 3882 2902 3923 nec
2931 3876 3122 3922 testem
3155 3869 3379 3922 alterum
3409 3870 3537 3924 cito.
3570 3869 3810 3926 Sufficit

2180 3960 2349 4024 enim,
2384 3961 2528 4029 quod
2573 3975 2810 4014 amorem
2861 3974 3039 4014 meum
3080 3959 3149 4014 de
3188 3969 3274 4013 tua
3320 3970 3501 4014 mente
3550 3962 3806 4017 metiris.

2182 4050 2359 4104 Debeo
2391 4060 2573 4106 tamen
2604 4051 2844 4106 Iustitiam
2877 4050 3143 4116 confiteri,
3177 4066 3296 4120 qua:
3323 4053 3670 4118 praefectura:
3705 4054 3812 4108 ha-

2181 4141 2344 4197 benas
2389 4144 2455 4198 ad
2489 4144 2683 4198 bonam
2717 4143 2993 4198 transtulit
3023 4143 3376 4197 voluntatem.
3421 4144 3636 4198 Interea
3682 4160 3805 4198 non

2180 4233 2389 4288 minore
2411 4234 2626 4288 abundo
2650 4234 2857 4299 ltetitia,
2889 4233 3033 4304 quod
3069 4233 3273 4288 domini
3306 4243 3362 4288 et
3392 4234 3485 4288 filii
3514 4236 3629 4290 mei
3667 4236 3812 4290 Fla-

2179 4326 2319 4378 viani
2353 4326 2593 4394 prolixus
2625 4326 2679 4379 in
2712 4325 3002 4394 jndicando
3049 4326 3201 4380 labor
3230 4335 3411 4394 optata
3441 4327 3628 4395 quiete
3661 4341 3811 4396 per-

2179 4415 2282 4469 frui
2310 4416 2522 4470 meruit.
2555 4415 2737 4485 Neque
2763 4414 2905 4470 enim
2935 4425 2986 4469 te
3027 4414 3229 4470 differri
3270 4415 3360 4469 diu
3402 4415 3469 4468 ab
3504 4419 3614 4470 hoc
3649 4430 3813 4484 pra:-

2102 4497 2152 4556 D
2178 4507 2285 4561 mio
2313 4523 2408 4575 par
2436 4506 2553 4575 fuit,
2587 4521 2760 4576 neque
2801 4507 2947 4560 illum
2975 4506 3042 4562 ab
3071 4508 3181 4561 otio
3205 4507 3490 4561 retardari.
3542 4507 3674 4562 IIoc
3730 4523 3809 4562 eo

2175 4597 2372 4661 scribo,
2399 4606 2458 4651 ut
2486 4598 2701 4652 noveris
2740 4612 2840 4652 nos
2881 4613 2978 4666 pro
3009 4607 3102 4651 tuo
3141 4597 3344 4652 honore
3379 4612 3538 4668 agere
3568 4611 3815 4655 aeterno

2175 4692 2398 4761 principi
2428 4691 2650 4761 gratias,
2683 4701 2737 4746 et
2774 4702 2826 4746 te
2858 4691 2998 4746 idem
3043 4691 3220 4746 facere
3251 4707 3346 4761 pro
3393 4692 3536 4745 illius
3566 4695 3816 4748 securi-

2170 4792 2278 4840 tate
2308 4785 2528 4841 debere.
2576 4787 2786 4841 Interea
2831 4799 3038 4854 quaeso,
3071 4795 3128 4839 ut
3157 4784 3212 4838 in
3242 4784 3486 4854 epistolis
3519 4784 3814 4856 frequen-

2181 4878 2358 4930 tandis
2389 4893 2592 4932 morem
2626 4887 2773 4932 tuum
2802 4887 3008 4946 teneas,
3041 4893 3139 4932 nec
3160 4877 3378 4946 privatis
3395 4876 3598 4933 ofﬁciis
3633 4891 3814 4935 actus

2170 4970 2412 5037 publicos
2439 4969 2652 5024 obstare
2680 4970 2937 5024 causeris.
2971 4969 3103 5022 Nam
3144 4967 3439 5038 multijugis
3467 4971 3814 5026 necessita-

2175 5060 2318 5114 tibus
2349 5075 2442 5128 par
2479 5059 2622 5114 fuisti
2657 5078 2670 5112 :
2719 5061 3031 5129 nullumque
3071 5060 3419 5129 experientia:
3455 5075 3649 5128 genus
3683 5075 3814 5131 est,

2172 5151 2326 5220 cujus
2351 5151 2660 5220 magnitudo
2691 5151 2774 5204 vel
2802 5152 3010 5206 novitas
3032 5160 3082 5207 te
3111 5151 3283 5220 possit
3319 5166 3349 5205 a
3380 5152 3628 5222 negotiis
3654 5155 3812 5209 ami-

2173 5245 2317 5298 citia:
2346 5244 2544 5299 debitis
2583 5258 2835 5298 avocare.
2871 5244 3020 5298 Vale.

1025 3999 1329 4038 SYIIIIACIIUS
1369 3999 1546 4040 DECIO.

557 4091 854 4162 Singularis
882 4095 1044 4149 animi
1074 4095 1146 4149 tui
1188 4097 1400 4151 bonitas
1430 4112 1576 4166 saepe
1606 4107 1761 4152 vocat
1803 4099 1868 4152 ad
1901 4099 2074 4168 justas

486 4184 771 4250 petitiones
815 4185 1063 4239 fiduciam
1104 4201 1300 4241 meam.
1333 4188 1448 4242 Non
1481 4197 1566 4242 est
1597 4189 1756 4260 igitur
1797 4205 2075 4245 commen-

482 4275 760 4329 dationum
787 4275 1132 4331 familiarium
1156 4279 1391 4334 verenda
1421 4280 1788 4348 reprehensio,
1815 4297 1934 4336 cum
1960 4283 2075 4352 ipse

483 4367 550 4418 ad
599 4369 699 4422 hoc
729 4383 814 4422 me
840 4369 1074 4423 studium
1109 4371 1218 4425 voti
1265 4371 1589 4443 benignitate
1628 4375 1903 4430 sollicitos.
1939 4376 2074 4445 Spes

482 4471 610 4525 ergo
635 4470 780 4512 certa
801 4470 904 4524 est,
946 4471 1126 4528 gratas
1169 4462 1261 4516 tibi
1306 4462 1421 4517 fore
1450 4465 1660 4519 litteras
1687 4467 1880 4536 quibus
1907 4481 2068 4520 orna-

483 4548 744 4602 tissimum
789 4552 959 4604 virum
987 4552 1322 4608 Desiderium
1352 4565 1589 4609 veterem
1621 4559 1852 4611 amicum
1891 4573 2067 4612 meum

485 4653 794 4708 prosequor.
833 4640 1135 4697 Domestica
1168 4643 1292 4697 huic
1322 4659 1482 4698 causa
1523 4647 1802 4713 rumpendi
1848 4649 1940 4702 Otii
1974 4647 2067 4702 ad-

482 4731 648 4783 movit
675 4735 1070 4786 necessitatem.
1099 4735 1228 4787 liam
1260 4735 1413 4790 facile
1436 4737 1698 4804 jacturam
1723 4738 2068 4795 dissimulare

482 4820 759 4888 potuisset,
811 4824 852 4875 si
902 4822 1210 4877 admitteret
1253 4839 1500 4893 magnum
1551 4827 1786 4879 animum
1839 4841 2066 4899 angusta

481 4913 714 4970 fortuna.
763 4917 835 4969 Ex
884 4917 1000 4986 ipso
1049 4917 1209 4971 latius
1253 4918 1463 4983 audies,
1513 4920 1770 4988 quidquid
1819 4922 2063 4989 epistolae

479 5007 715 5059 brevitas
743 5015 954 5062 recusat
985 5008 1291 5064 absolvere.
1331 5009 1456 5063 Mihi
1487 5010 1616 5065 satis
1645 5020 1752 5078 est,
1785 5025 1880 5079 pro
1914 5027 1980 5066 eo
2008 5013 2060 5066 in

480 5096 787 5148 universum
807 5112 1018 5165 rogare.
1045 5097 1289 5166 Suscipe,
1317 5112 1435 5166 oro,
1459 5098 1825 5155 benefaciendi
1850 5103 2067 5170 provin-

477 5202 635 5250 Ciam,
653 5203 771 5256 quae
796 5187 1068 5243 hominum
1094 5192 1282 5245 merita
1309 5191 1416 5246 Deo
1433 5193 1685 5261 applicat,
1705 5193 2065 5265 clarioresque

480 5282 682 5334 fructus
711 5295 775 5334 ex
813 5280 969 5349 hujus
997 5285 1279 5338 commodo
1309 5299 1464 5352 cape.
1488 5285 1614 5339 Mihi
1642 5287 1785 5340 enim
1817 5287 2064 5342 videntur

688 5333 731 5386 ,ί
765 5333 769 5334 ⁷
801 5333 821 5389 ,ν
1005 5333 1273 5389 “.Ῐ”“”’”
1316 5333 1463 5389 ’.Ἵῗῖ
1488 5333 1614 5389 "Il":
1828 5333 2055 5342 ’““’“”“’
2789 5334 3005 5389 EPIST.
3049 5333 3130 5388 LI.

478 5375 735 5430 beneficia
766 5375 883 5445 plus
911 5378 1155 5431 conferre
1186 5379 1484 5446 prresmnti.
1522 5377 1672 5433 Vale.
2701 5375 3011 5482 smz'A-cvnh
3050 5375 3210 5481 ω

1035 5489 1251 5544 ΕΙἾΞΤ-
1295 5491 1503 5547 XLV'I-
2242 5516 2481 5571 Habeant
2507 5515 2750 5573 fortassis
2777 5517 2898 5570 alia:
2916 5517 3412 5572 commendationes
3435 5531 3580 5571 mea:
3617 5518 3815 5575 inter-

1007 5596 1315 5636 δνδηίλοίίυε
1355 5598 1532 5637 ³⁸⁸³0·
2170 5608 2525 5674 pretationem
2581 5607 2928 5678 benignitatis
2971 5625 2984 5662 ε
3037 5608 3138 5662 ista
3182 5607 3370 5677 jndicii
3424 5617 3527 5663 est.
3598 5610 3818 5667 ΤΙ-δύο

547 5691 654 5744 Nec
679 5693 946 5750 abstinere
977 5691 1168 5749 litteris
1199 5708 1418 5762 possunt
1451 5693 1826 5764 proficiscente
1871 5696 1936 5750 ad
1966 5711 2062 5752 vos
2167 5698 2309 5752 enim
2357 5710 2540 5756 sancto
2586 5699 2790 5770 pectori
2846 5709 2936 5756 tuo
2975 5699 3190 5756 fratrem
3243 5715 3420 5756 meum
3457 5699 3769 5758 Severum
3795 5747 3817 5771 ,
