4046 6170
260 282 357 347 297

1430 272 1913 339 EPISTULARUM
1952 282 2152 333 mucis
2183 282 2290 333 vn.

3429 280 3534 337 293

258 401 557 469 episcopum
606 401 844 457 omnium
893 410 1158 457 sectarum
1206 398 1549 455 attestatione
1599 394 1838 451 laudabi-
1864 396 1915 455 A
1944 391 2115 459 culpat
2145 399 2235 446 aut
2263 390 2461 445 erroris
2492 391 2734 458 incurrit,
2755 399 2941 448 contra
2973 391 3113 449 illius
3134 394 3384 449 meritum
3410 412 3530 452 meo

256 490 356 546 lem
392 508 406 544 :
436 492 504 546 de
528 506 634 559 quo
660 494 809 562 plura
846 509 931 549 me
956 494 1158 560 dicere,
1189 501 1245 548 et
1269 490 1572 560 desperatio
1599 484 1842 559 aequandi

258 583 533 647 meriti,et
561 580 729 652 ipsius
756 584 928 654 pudor
975 600 1081 638 non
1135 582 1283 638 sinit.
1343 581 1609 636 Prmterea
1658 579 1833 647 testis,

253 686 355 726 non
388 672 677 728 laudatoris
708 685 887 744 partes
926 673 1140 743 recepi;
1174 672 1266 727 tibi
1318 684 1600 727 reservans
1631 676 1839 722 morum

251 761 366 830 ejus
406 762 816 833 inspectionem.
856 765 1024 833 Quem
1063 780 1186 820 cum
1232 765 1443 833 penitus
1472 760 1793 831 expenderis
1822 802 1837 825 ,

252 854 490 921 reperies
520 868 605 909 me
634 856 866 910 cessisse
893 859 1071 923 ponus
1100 854 1217 925 ejus
1258 851 1523 921 laudibus,
1555 867 1714 923 quam
1744 860 1840 921 per

252 945 626 1016 negligentiam
654 946 911 1002 defuisse.
947 943 1101 1002 Vale.

853 1035 1070 1091 EPIST.
1126 1030 1232 1091 LII.

780 1136 1092 1183 εῖιηιιοιιυε
1129 1140 1306 1182 DECIO.

311 1217 452 1284 Quid
486 1216 581 1273 tibi
619 1232 717 1287 pro
744 1228 885 1272 tanta
930 1220 983 1273 in
1012 1230 1098 1273 me
1127 1231 1382 1288 meosque
1433 1228 1559 1271 cura
1614 1215 1835 1285 dignum

242 1309 576 1379 rependam?
605 1310 789 1366 Ofﬁcia
837 1321 923 1365 tua
954 1326 1141 1366 revera
1171 1325 1386 1380 aequare
1425 1325 1530 1364 non
1570 1322 1785 1376 possum
1820 1324 1833 1361 :

239 1400 486 1470 spondeo
515 1410 712 1467 tamen,
750 1416 1021 1471 nunquam
1075 1416 1162 1456 me
1209 1402 1351 1455 cultu
1381 1399 1575 1455 mentis
1612 1406 1666 1453 et
1708 1394 1839 1451 affe-

239 1494 424 1549 ctione
448 1508 743 1549 cessurum.
776 1494 886 1549 Nec
910 1495 1124 1565 ambigo
1152 1495 1313 1549 etiam
1338 1503 1391 1548 te
1414 1509 1510 1563 pro
1537 1491 1836 1548 benefactis

238 1583 413 1637 solam
452 1583 579 1638 boni
608 1585 769 1639 animi
797 1585 1100 1640 mercedem
1130 1593 1467 1654 exspectare.
1499 1583 1605 1639 Sed
1649 1585 1700 1636 in
1731 1582 1832 1637 hac

238 1675 632 1729 contestatione
669 1676 856 1745 gratiae
884 1677 1082 1731 morari
1113 1692 1201 1731 me
1247 1676 1458 1746 longius
1501 1675 1673 1743 pudor
1714 1683 1835 1728 tuus

1946 481 2186 551 digneris
2216 482 2516 537 interventu
2553 485 2815 540 relaxare.
2843 484 2995 539 Vale.

2527 571 2750 627 EPIST.
2790 572 2948 627 LVII.

2466 677 2775 719 εῖκκΑειιυε
2815 679 2991 719 DECIO.

2015 748 2082 805 Et
2112 746 2325 808 virtutis
2354 761 2409 809 et
2438 756 2695 823 propositi
2718 756 2792 810 tui
2824 765 2927 823 est,
2951 757 3121 811 bonos
3143 769 3383 827 quosque
3410 773 3530 813 sus-

1941 839 2124 907 cipere
2151 858 2165 896 :
2196 840 2337 897 inter
2374 859 2507 913 quos
2546 845 2851 901 Alexander
2882 850 3334 917 contemplatione
3363 847 3531 903 bone»

1942 929 2096 982 statis
2120 929 2239 997 jure
2264 942 2533 988 censetur.
2564 934 2717 991 Hunc
2742 944 2796 991 et
2833 936 2885 990 in
2928 936 3295 1006 adjumentum
3336 938 3442 1003 sui,
3475 950 3529 993 ct

1940 1019 2139 1073 amoris
2171 1020 2223 1073 in
2256 1030 2307 1075 te
2355 1025 2461 1077 mei
2501 1026 2687 1091 gratia,
2736 1026 3083 1080 familiaribus
3112 1028 3305 1082 litteris
3344 1041 3528 1093 prose.

1940 1117 2117 1176 cutus,
2149 1111 2420 1179 impendio
2449 1114 2730 1183 deprecor,
2760 1125 2821 1170 ut
2848 1118 2920 1171 illi
2962 1118 3200 1173 favorem
3230 1133 3524 1189 congruum

1940 1199 2163 1268 tribuas,
2196 1204 2322 1258 mihi
2344 1205 2763 1263 vicissitudinem
2792 1211 3057 1265 sermonis
3078 1212 3344 1266 exsolvas.
3373 1211 3522 1267 Vale.

2507 1296 2725 1353 EPIST.
2765 1298 2949 1353 LVIII.

2486 1401 2797 1444 εγωιΑοιιυε
2836 1405 3013 1445 υεοιο.

2008 1474 2152 1529 Duas
2178 1476 2538 1532 oratiunculas
2568 1492 2716 1533 meas
2740 1490 2914 1548 nuper
2938 1480 3131 1545 editas,
3181 1480 3250 1535 ad
3289 1480 3520 1536 illustres

1936 1564 2101 1633 viros,
2133 1566 2383 1622 virtutum
2423 1579 2477 1623 et
2530 1569 2828 1625 litterarum
2884 1572 3187 1627 sacerdotio
3230 1572 3519 1641 praeditos,

1940 1654 2173 1711 Felicem
2202 1666 2257 1712 et
2301 1658 2615 1714 Minervium
2658 1662 2800 1715 misi.
2850 1662 3049 1715 Ilarum
3101 1663 3260 1717 etiam
3318 1674 3371 1718 te
3400 1703 3416 1726 ,
3467 1676 3520 1719 ut

236 1776 341 1817 non
371 1763 499 1818 sinit
524 1783 537 1817 :
568 1739 754 1821 debieri
780 1766 1148 1835 enimjudicas
1178 1739 1425 1823 amicitia:
1455 1739 1653 1823 nostrae
1683 1764 1836 1836 quid-
1863 1739 1912 1804 Β
1938 1754 2204 1800 “maniam
2231 1748 2358 1817 mei»
2404 1749 2451 1803 εί
2497 1750 2858 1806 mediocribus
2905 1752 3129 1819 ίηεεηίίε
3153 1768 3259 1806 mm
3287 1752 3519 1807 οπθηάεδ

234 1853 365 1922 quid
395 1868 495 1925 ego
521 1855 684 1911 credo
722 1858 989 1926 pr'cBStari.
1016 1856 1166 1912 Vale.

835 1946 1054 2002 EPIST.
1106 1941 1237 2001 LIII.

776 2046 1088 2092 SYIIIACHUS
1130 2052 1301 2092 DECIO.

302 2121 485 2176 Parva
513 2129 595 2178 est
623 2125 1016 2181 commendatio
1046 2126 1368 2195 scriptorum
1413 2141 1677 2195 meorum,
1709 2144 1831 2183 cum

238 2208 531 2265 Eusebium
555 2212 871 2268 familiarem
896 2214 1002 2267 vita
1026 2214 1306 2280 innocens,
1337 2223 1392 2269 et
1418 2226 1622 2271 annosa
1647 2218 1836 2272 militia

238 2301 395 2356 bonis
415 2303 714 2373 quibusque
734 2304 1001 2359 conciliet.
1033 2303 1143 2359 Suo
1187 2304 1348 2374 igitur
1381 2306 1640 2374 przeditus
1671 2303 1807 2362 meri

238 2400 315 2458 to,
357 2393 726 2447 testimonium
758 2409 856 2464 pro
898 2403 949 2450 te
978 2408 1179 2463 meum,
1213 2410 1323 2450 non
1354 2397 1612 2452 ambitum
1642 2410 1799 2468 postu

234 2481 388 2537 lavit.
413 2482 483 2537 Et
512 2491 692 2539 tamen
720 2485 992 2543 abstinere
1018 2503 1122 2542 non
1149 2486 1320 2543 debeo
1350 2488 1437 2542 tali
1465 2504 1664 2558 genere
1691 2491 1836 2545 littea

237 2590 424 2630 rarum
450 2616 467 2642 ,
496 2574 664 2646 magis
693 2588 751 2632 ut
771 2576 895 2634 fidei
926 2580 1268 2647 satisfaciam,
1295 2596 1452 2651 quam
1481 2591 1538 2635 ut
1565 2579 1833 2637 labantem

233 2665 631 2735 gratificatione
674 2678 993 2725 sustentem.
1037 2668 1165 2726 Haec
1208 2669 1371 2741 igitur
1395 2671 1668 2741 petitionis
1699 2686 1833 2728 mea:

233 2768 449 2811 summa
482 2765 586 2823 est,
614 2765 673 2812 ut
696 2757 748 2812 in
780 2761 1038 2828 praeclaro
1070 2769 1287 2829 pectore
1317 2771 1409 2817 tuo
1436 2760 1662 2818 formam
1689 2764 1831 2819 circa

233 2860 290 2904 se
318 2848 619 2905 voluntatis
644 2860 781 2905 mea:
803 2851 1061 2907 inveniat.
1091 2853 1241 2909 Vale.

842 2942 1056 2998 EPIST.
1096 2942 1231 3000 LIV.

762 3043 1073 3089 SYIIACIIUS
1124 3042 1300 3090 DECIO.

1938 1836 2037 1903 ris,
2077 1845 2205 1907 opto
2231 1854 2351 1895 esse
2397 1841 2677 1898 lectorem.
2726 1843 2831 1913 Ipsi
2870 1844 3156 1898 voluminis
3194 1844 3401 1913 copiam
3448 1845 3523 1898 fa-

1937 1928 2100 1984 cient.
2129 1931 2205 1985 Ita
2242 1932 2384 1986 enim
2434 1933 2672 1989 studiose
2717 1936 2911 1989 famam
2955 1950 3129 1989 meam
3170 1936 3434 2002 nutriunt,
3466 1943 3520 1990 ut

1934 2019 2182 2091 suffragia
2216 2023 2479 2078 bonorum
2512 2024 2643 2079 mihi
2673 2024 2916 2079 nesciant
2953 2025 3209 2081 invidere.
3247 2025 3394 2082 Vale.

2523 2114 2742 2170 EPIST.
2792 2115 2933 2170 LIX.

2473 2222 2781 2264 SYIMACIIUS
2824 2225 3001 2265 DECIO.

2006 2294 2202 2352 Sacras
2231 2298 2362 2355 mihi
2385 2299 2589 2355 litteras
2617 2300 2790 2355 Julius
2809 2316 2976 2371 agens
3000 2302 3052 2356 in
3077 2301 3235 2357 rebus
3255 2301 3519 2359 exhibuit.

1937 2385 2312 2456 leopardorum
2352 2392 2770 2447 munificentiam
2800 2395 3161 2450 continentes.
3196 2394 3340 2449 Idem
3374 2403 3516 2449 tuam

1933 2479 2295 2537 desideratam
2329 2483 2485 2539 nobis
2525 2484 2770 2553 paginam
2814 2484 2973 2540 simul
3006 2485 3244 2539 tradidit.
3272 2485 3518 2554 Principe

1933 2570 2095 2641 igitur
2116 2571 2236 2628 Ioco
2250 2574 2587 2629 salutatiOnis
2612 2575 2705 2630 tibi
2730 2576 2882 2630 solvo
2902 2577 3280 2631 reverentiam.
3312 2576 3517 2632 Dehinc

1933 2660 2167 2729 postulo,
2201 2670 2261 2716 ut
2280 2676 2377 2731 pro
2406 2676 2492 2718 me
2521 2664 2721 2733 gratias
2763 2678 2889 2734 agas
2912 2666 3106 2719 votivae
3132 2664 3391 2734 largitatis
3429 2680 3516 2718 auo

1934 2750 2259 2821 ctori:qute
2308 2753 2596 2822 jucundior
2642 2754 2765 2820 erit,
2815 2757 2859 2809 si
2888 2755 2937 2808 e‘i
2988 2752 3514 2808 commendationem

1931 2844 2240 2913 prosecutio
2271 2854 2571 2915 opportuna
2604 2845 2912 2915 prastiterit
2941 2863 2955 2899 :
2984 2853 3038 2900 et
3066 2845 3206 2914 quod
3247 2858 3515 2899 vereoun»

1932 2934 2019 2990 dia
2050 2951 2170 2991 mea
2213 2937 2300 2992 vix
2353 2937 2578 3007 implere
2630 2938 2912 3005 potuisset,
2953 2939 3066 2992 oris
3109 2937 3184 2992 tui
3233 2936 3515 2993 an‘abilitas

1933 3037 2282 3098 exsequatur.
2350 3027 2523 3098 Spero
2572 3029 2714 3084 enim
2772 3042 2838 3083 ex
2883 3040 3132 3085 tnenSura
3180 3026 3515 3096 affectionis,

300 3116 467 3174 Utes
493 3116 664 3175 solers
692 3122 930 3175 omnium
962 3134 1161 3184 rerum,
1202 3122 1310 3176 scis
1346 3132 1605 3192 quantum
1634 3121 1830 3193 legatio
1854 3087 1902 3156 (ἶ
1932 3133 2092 3188 quam
2148 3118 2214 3173 de
2255 3127 2309 3174 te
2354 3127 2604 3187 mereor,
2656 3119 2797 3189 quod
2850 3119 3273 3175 cumulatissime
3318 3121 3516 3190 possim

236 3208 620 3264 sollicitudinis
666 3209 878 3276 habeat,
917 3222 1175 3279 quantum
1208 3213 1567 3282 peregrinatio
1596 3212 1830 3269 difﬁcul-

236 3298 361 3352 tatis
403 3298 770 3354 circumferat.
821 3300 947 3354 Hazc
990 3299 1206 3356 domino
1234 3311 1286 3357 et
1333 3302 1444 3357 filio
1490 3318 1613 3358 meo
1652 3305 1833 3360 Attalo

238 3397 459 3444 senatus
487 3388 754 3444 desideria
774 3393 1141 3461 prosequenti,
1170 3406 1321 3446 amor
1352 3402 1471 3446 tuus
1496 3394 1629 3449 levia
1647 3404 1699 3449 et
1722 3404 1833 3451 tuta

239 3478 538 3545 praestabit.
586 3478 809 3548 Suscipe
856 3480 1016 3550 igitur
1063 3489 1244 3550 partes
1282 3482 1623 3551 benignitatis
1650 3493 1705 3539 et
1735 3500 1832 3555 pe-

241 3568 412 3622 titioni
448 3584 587 3624 mea:
616 3569 846 3639 debitas,
864 3580 918 3626 et
944 3580 1035 3626 tuo
1057 3573 1271 3641 ingenio
1293 3583 1670 3645 congruentes.
1691 3576 1833 3631 Satis

242 3660 422 3715 Attalo
453 3659 744 3731 videbitur,
785 3662 1022 3733 quisquis
1061 3662 1167 3719 erit
1192 3675 1414 3723 eventus
1434 3666 1614 3733 officii,
1648 3666 1832 3724 curam

242 3764 336 3819 pro
358 3765 422 3807 se
448 3750 715 3808 meruisse
742 3754 987 3823 potioris.
1016 3754 1167 3811 Vale.

851 3842 1069 3899 EPIST.
1118 3844 1230 3902 LV.

771 3948 1081 3992 εῖωίλοηυε
1117 3948 1295 3993 DECIO.

311 4024 473 4095 Saepe
497 4037 619 4089 nos,
644 4033 705 4079 ut
733 4026 1009 4092 condecet,
1040 4027 1231 4083 litteris
1259 4030 1573 4085 muneraris.
1605 4028 1828 4089 Obsole-

240 4130 395 4171 scere
420 4116 571 4171 enim
595 4118 819 4185 quadam
844 4117 1043 4173 silentii
1070 4119 1315 4190 rubigine
1340 4122 1639 4175 animorum
1659 4122 1832 4179 ftedus

243 4208 543 4260 existimas.
599 4206 787 4262 Facias
819 4206 1053 4262 officium
1099 4211 1369 4279 germanis
1399 4213 1589 4267 studiis
1614 4214 1833 4269 animis-

244 4311 349 4365 que
369 4297 724 4355 conveniens.
762 4297 864 4352 Pro
890 4315 992 4368 qua
1034 4314 1095 4354 re
1121 4300 1290 4354 vicem
1323 4302 1417 4355 tibi
1456 4304 1718 4357 sermonis
1749 4319 1834 4357 re-

245 4386 385 4442 ferre
414 4404 521 4441 non
553 4388 759 4442 distuli.
794 4389 956 4458 Cujus
977 4404 1039 4444 ea
1065 4390 1261 4445 solutio
1284 4400 1387 4455 est,
1417 4401 1475 4447 ut
1510 4408 1593 4447 me
1619 4393 1829 4450 alfectui

244 4487 341 4530 tuo
363 4479 524 4533 etiam
554 4495 696 4533 nunc
729 4482 955 4535 sentiam
987 4481 1305 4539 debitorem.
1330 4484 1519 4540 Omnia
1565 4486 1706 4540 enim
1755 4484 1834 4539 fa-

246 4570 340 4623 cili
371 4570 763 4637 vicissitudine,
787 4582 839 4626 et
871 4572 1312 4642 compensatione
1342 4576 1656 4631 redduntur.
1692 4575 1834 4631 Con-

248 4667 450 4714 tractus
479 4676 609 4716 vero
640 4663 886 4718 amicitiae
908 4674 962 4719 et
989 4666 1259 4735 religionis
1296 4675 1530 4721 aeternus
1558 4677 1660 4721 est.
1684 4665 1833 4734 Vale,

247 4761 303 4803 et
330 4752 391 4805 ad
416 4753 758 4807 scribendum
785 4754 1009 4825 diligens
1024 4771 1144 4812 esse
1160 4770 1463 4827 persevera.
1491 4757 1599 4814 Nos
1628 4760 1835 4814 littera-

246 4856 369 4895 rum
391 4845 580 4898 solatia
606 4860 976 4916 suggeremus,
1000 4850 1193 4918 quibus
1220 4858 1311 4903 aut
1334 4850 1571 4904 animum
1596 4851 1834 4907 mulceas

248 4946 563 5006 occupatus,
597 4948 690 4992 aut
717 4940 884 4992 vicem
919 4939 1123 4995 referas
1152 4942 1380 4996 otiosus.
1416 4941 1563 4996 Vale.

851 5029 1065 5085 EPIST.
1106 5030 1243 5085 LVI.

777 5132 1080 5173 εῐηλςιιυε
1118 5134 1292 5174 υεσισ.

332 5202 435 5257 Tua
451 5214 604 5259 vetus
630 5206 930 5260 humanitas
944 5222 1040 5261 nos
1055 5210 1300 5261 hortatur
1320 5222 1475 5276 opem
1492 5208 1834 5278 poscentibus

245 5307 364 5347 non
387 5310 596 5365 negare.
618 5295 723 5351 Pro
738 5297 1015 5352 Theodulo
1034 5308 1210 5353 autem
1240 5298 1507 5353 scribendi
1534 5298 1661 5353 mihi
1686 5299 1748 5352 ad
1779 5309 1830 5353 te

242 5398 410 5438 causa
433 5388 751 5455 propensior
780 5397 885 5452 est,
914 5404 1033 5443 cum
1061 5390 1130 5443 sit
1151 5390 1372 5444 colonus
1400 5404 1651 5458 agrorum
1680 5404 1828 5444 meo-

240 5493 392 5542 rum,
419 5488 573 5547 atqne
592 5479 666 5533 illi
694 5480 871 5534 debita
896 5483 1085 5550 magis,
1109 5497 1265 5551 quam
1291 5482 1531 5549 precaria
1546 5496 1674 5536 cura
1694 5496 1829 5550 prte-

240 5579 438 5626 s-tetur.
463 5572 627 5626 Serva
653 5574 811 5642 igitur
832 5575 1270 5628 consuetudinem
1301 5583 1466 5639 tuam,
1500 5583 1549 5628 et
1582 5574 1828 5642 precibus

244 5662 410 5727 meis,
432 5670 489 5714 ut
524 5676 639 5714 mos
668 5671 788 5715 tuus
818 5663 1097 5731 promittit,
1147 5663 1417 5720 inﬂectere
1443 5680 1454 5719 :
1490 5673 1547 5718 ut
1575 5662 1827 5733 quidquid

537 5756 801 5814 ΡΑτκοι.
850 5755 1078 5815 XVIII.

1936 3209 2353 3281 magnitudinem
2385 3219 2581 3265 nostrae
2613 3209 2986 3279 gratulationis
3025 3211 3268 3281 implere.
3294 3210 3444 3268 Vale.

2536 3294 2753 3356 EPIST.
2803 3300 2916 3355 LX.

2446 3409 2760 3450 SYHMACBUS
2819 3408 2996 3448 DECIO.

2006 3479 2273 3538 Onerabat
2302 3486 2679 3540 verecundiam
2720 3500 2918 3551 meam,
2943 3485 3084 3554 quod
3112 3482 3258 3554 prior
3286 3487 3515 3557 scripse-

1935 3586 2042 3627 ras.
2073 3573 2341 3629 Continuo
2366 3575 2531 3629 altera
2575 3574 2800 3643 epistola
2831 3582 2923 3629 tua
2955 3586 3186 3645 gravata
3223 3577 3385 3633 fronti
3413 3580 3516 3633 dn-

1936 3663 2060 3733 plex
2085 3664 2238 3719 fenus
2271 3665 2543 3735 imposuit.
2590 3664 2863 3731 Formido,
2897 3665 3040 3735 quod
3064 3666 3244 3737 cupio,
3271 3684 3341 3724 ne
3385 3671 3516 3725 mihi

1935 3761 2061 3808 ante
2107 3752 2427 3810 solutionem
2457 3754 2686 3809 duorum
2740 3764 3109 3811 contraetuum
3155 3758 3344 3813 tertius
3391 3773 3422 3812 a
3465 3768 3519 3814 te

1936 3859 2118 3902 sermo
2146 3845 2430 3903 tribuatur.
2463 3847 2638 3903 Habet
2676 3848 2873 3917 quippe
2904 3849 3041 3903 hanc
3088 3841 3479 3918 impatientiam
3502 3893 3516 3915 ,

1936 3951 2055 4006 qua:
2084 3938 2138 3992 in
2173 3946 2226 3993 te
2250 3938 2437 4007 pollet,
2469 3938 2580 3993 oris
2605 3937 2842 4005 ubertas,
2875 3947 2933 3992 ut
2976 3939 3320 3994 intervallum
3351 3941 3517 3996 vicis-

1918 4026 2151 4103 »situdini
2179 4035 2357 4098 neget,
2399 4034 2454 4081 et
2476 4026 2651 4082 officia
2683 4026 2918 4081 nondum
2948 4039 3287 4096 compensata
3316 4044 3518 4099 praeve-

1938 4117 2066 4172 niat.
2107 4116 2220 4173 Una
2263 4118 2425 4187 igitur
2452 4117 2519 4172 ad
2549 4118 2968 4173 satisfactionem
3013 4119 3098 4174 via
3149 4130 3432 4190 superest;
3463 4135 3518 4178 ut

1939 4210 2195 4279 imparem
2226 4225 2313 4265 me
2349 4210 2490 4279 stylo
2540 4208 2735 4275 fatear,
2785 4212 3028 4280 quamvis
3074 4212 3220 4267 cultu
3267 4214 3518 4268 amicitia:

1937 4316 2119 4371 parem
2169 4315 2274 4355 non
2314 4315 2526 4370 negem.
2575 4301 2686 4356 Nec
2722 4305 3106 4356 contumaciter
3150 4302 3266 4357 fieri
3316 4311 3467 4371 putes
3501 4345 3515 4365 ,

1938 4390 2082 4461 quod
2131 4390 2227 4445 tibi
2271 4390 2437 4443 animi
2478 4389 2581 4445 mei
2620 4389 2949 4459 diligentiam
2999 4389 3240 4445 confero.
3268 4392 3517 4460 Alioquin

1937 4481 2134 4537 frustra
2160 4494 2189 4534 a
2219 4490 2270 4537 te
2294 4479 2507 4550 diligor,
2531 4480 2631 4534 nisi
2658 4480 2941 4535 affectione
2970 4481 3146 4534 saltim
3169 4495 3268 4537 nos
3298 4483 3517 4551 patiaris

1935 4572 2247 4642 comparari.
2306 4571 2482 4638 Quare
2539 4579 2659 4641 post
2716 4570 2855 4625 hanc
2909 4570 3294 4639 professionem
3343 4588 3515 4627 meam

1936 4662 2163 4718 laudata:
2195 4661 2454 4717 facundiae
2501 4661 2700 4716 donum
2750 4662 3028 4732 frequenta
3059 4678 3073 4717 :
3109 4678 3217 4728 me,
3245 4666 3289 4719 si
3346 4666 3515 4719 rarior

1935 4753 2119 4820 fuero,
2151 4760 2422 4809 memento
2450 4753 2697 4814 cessisse.
2727 4751 2809 4806 An
2854 4766 2956 4821 ego
2981 4751 3239 4806 adversus
3261 4754 3515 4823 judicium

1936 4845 2205 4915 publicum
2253 4859 2538 4914 provocem
2590 4843 2806 4914 scriptis
2860 4844 3204 4914 epistolarum
3250 4846 3515 4912 regiarum

1939 4935 2284 5006 magistrum?
2309 4935 2560 4990 Nostrum
2592 4942 2693 5002 est,
2720 4936 3015 5003 pastorales
3040 4936 3225 4989 inflare
3248 4937 3514 5003 calamos;

1938 5035 2087 5081 tuum
2127 5026 2296 5082 sacris
2341 5026 2484 5081 tibiis
2527 5038 2744 5081 carmen
2797 5025 3032 5080 iocinere
3073 5043 3087 5079 :
3132 5040 3231 5079 nos
3265 5027 3514 5093 obtundit

1937 5119 2124 5182 otium,
2158 5125 2209 5171 te
2235 5132 2361 5171 usus
2388 5126 2623 5171 exercet.
2650 5115 2761 5170 Nisi
2790 5114 2927 5171 forte
2952 5116 3089 5169 lianc
3129 5125 3364 5171 nostram
3406 5119 3510 5187 pri-

1937 5218 2073 5262 vatae
2101 5208 2221 5261 vitze
2249 5207 2578 5261 vacationem
2603 5206 2770 5275 magis
2795 5215 3147 5274 opportunam
3173 5204 3510 5273 frequentan-

1935 5298 2020 5353 dis
2048 5297 2239 5353 litteris
2271 5308 2442 5365 putas.
2480 5295 2634 5349 Vides
2668 5310 2775 5348 non
2803 5296 2990 5350 eodem
3020 5307 3166 5350 motu
3198 5297 3415 5350 flumina
3446 5299 3511 5351 de

1932 5397 2122 5457 stagno
2151 5402 2390 5456 serpere,
2419 5385 2559 5440 etde
2587 5385 2730 5440 fonte
2756 5400 3058 5454 properare.
3090 5387 3261 5442 Omne
3287 5386 3426 5455 quod
3458 5386 3510 5441 in

1933 5493 2093 5533 cursu
2122 5485 2224 5541 est,
2254 5476 2414 5544 viget.
2447 5474 2791 5530 Continuatio
2815 5476 3184 5547 experientize,
3217 5477 3357 5529 vires
3385 5489 3512 5529 suas

1933 5578 2172 5624 renovat.
2203 5567 2480 5622 Sublatum
2511 5564 2605 5619 tibi
2634 5574 2734 5631 est,
2768 5566 2910 5635 quod
2954 5566 3277 5625 respondere
3308 5565 3507 5635 potuis-

1933 5675 2037 5716 ses.
2073 5658 2179 5714 Fac
2203 5657 2478 5728 deinceps,
2506 5657 2596 5729 qui
2627 5658 2771 5741 vaies
2798 5656 3065 5712 scribendi
3094 5656 3243 5724 copia
3264 5699 3278 5721 ,
3311 5665 3369 5711 ut
3399 5665 3514 5712 tan-

3201 5748 3275 5809 10
