4074 6176
558 254 661 313 999

1725 234 1787 298 Q.
1830 225 2173 285 AURELIUS
2213 224 2649 307 SYIISIACHUS.

3714 216 3814 275 500

560 377 675 421 tum
704 358 834 419 mihi
861 355 1044 413 afferat
1093 347 1357 406 facultatis
1401 343 1701 412 exemplum
1752 351 1924 419 tuum,
1972 351 2140 413 quan-
2168 336 2447 407 Asillialis
2495 335 2831 406 improbitas.
2884 333 3040 404 Saepe
3088 332 3153 387 ad
3210 337 3475 387 rectorem
3528 325 3815 409 provincia

561 469 673 515 tum
711 451 978 526 ingenium
1008 460 1183 515 meum
1218 457 1323 497 non
1350 438 1517 495 dedit.
1555 435 1702 513 Vale.

1136 533 1357 605 ,Ertsr.
1415 528 1549 585 LXI.

1035 641 1339 687 εγιωλοηυε
1392 636 1660 678 PATRICIO.

634 728 1080 790 Denuntiaveram
1102 718 1243 789 quod
1270 714 1442 788 rarior
1470 714 1521 767 in
1547 707 1833 780 scribendo
1860 719 2032 761 essem
2057 702 2138 759 fu-

562 834 731 878 turus.
760 815 899 885 Quid
925 810 1173 868 amicitiae
1199 805 1409 879 faciam,
1446 817 1563 872 quae
1590 799 1755 871 cogit,
1785 793 2139 875 ut‘mentiarl

559 909 772 968 Descivi
801 922 832 962 a
858 901 1163 976 proposito:
1188 897 1284 953 sed
1313 894 1477 951 credo
1502 902 1555 965 te
1584 888 1890 962 hujusmodi
1914 887 2141 957 probare

560 1002 847 1059 fallaciam.
886 997 1036 1053 Nunc
1069 991 1229 1048 velim
1275 988 1476 1061 cOgites
1512 1000 1676 1056 quam
1726 982 1977 1053 frequens
2020 992 2141 1049 esse

558 1095 778 1156 debeas,
809 1088 899 1159 qui
925 1086 1040 1156 spei
1075 1083 1304 1152 amplius
1332 1078 1593 1136 obtulisti.
1638 1077 1721 1132 An
1768 1089 1873 1127 non
1917 1070 2067 1141 prior
2089 1070 2139 1123 in

560 1199 646 1251 me
668 1181 932 1253 jaculatus
958 1192 1017 1233 es
1057 1176 1167 1230 oris
1207 1171 1283 1227 tui
1312 1168 1577 1239 munera?
1619 1165 1823 1232 Quibus
1851 1178 1949 1233 ego
1978 1161 2142 1217 veluti

562 1278 781 1333 herbam
814 1272 1120 1345 porrigens,
1156 1281 1278 1322 eum
1308 1264 1481 1320 venire
1529 1259 1785 1330 petitione
1817 1253 2139 1325 respondeo.

559 1368 772 1423 Maneas
800 1379 896 1420 oro
944 1359 1241 1432 promissis,
1265 1365 1321 1411 et
1356 1362 1650 1423 coeptorum
1683 1359 1891 1404 tuorum
1916 1345 2143 1414 diligen-

561 1462 686 1516 tian
727 1467 932 1513 teneas.
959 1453 1143 1508 Fidem
1194 1462 1335 1505 tuam
1357 1443 1636 1509 convenio,
1664 1440 1755 1512 qui
1785 1455 1872 1496 me
1899 1452 2039 1509 pene
2065 1436 2145 1506 ja-

560 1553 688 1607 ctito
713 1548 1013 1605 mentitum.
1047 1543 1197 1599 Vale.
1554 1568 1564 1577 -

1118 1630 1336 1689 EPIST.
1389 1628 1553 1693 LXII.

1034 1734 1346 1780 SYIHIACHUS
1398 1730 1644 1774 PATRICIO
1659 1758 1672 1770 .

627 1820 750 1876 Ideo
775 1816 1007 1878 amicitia
1034 1819 1340 1882 comparata
1364 1818 1465 1876 est,
1516 1814 1575 1875 ut
1604 1803 1906 1877 officiorum
1935 1798 2141 1871 vicibus

561 1918 743 1967 mutua
784 1908 1112 1979 gubernetur
1156 1902 1378 1957 utilitas.
1428 1898 1629 1965 furem
1662 1900 1981 1964 praesentem
2022 1904 2142 1959 spe-

559 2014 671 2060 ctat
694 2002 917 2072 praefata
963 1997 1249 2055 sententia.
1293 1993 1569 2057 Praesumo
1598 2001 1829 2057 namque
1850 1982 2142 2053 eximitatis

560 2108 664 2151 tua:
690 2092 866 2150 studio
914 2087 1360 2159 supplicationem
1411 2083 1594 2149 l'ratris
1640 2077 1747 2132 mei
1802 2072 2141 2136 Callistiani,

558 2198 714 2257 a'que
742 2184 858 2254 ejus
886 2179 1088 2246 uxoris,
1111 2183 1385 2233 exsortem
1425 2170 1562 2242 sacri
1602 2166 1852 2223 beneficii
1874 2178 1978 2219 non
2004 2162 2145 2217 futu-

559 2255 672 2331 ram
698 2293 712 2340 ;
740 2276 824 2329 cui
856 2281 911 2328 et
935 2268 1161 2339 azquitas
1201 2264 1473 2329 desiderii,
1498 2271 1552 2317 et
1578 2262 1773 2331 usitata
1805 2255 2141 2329 impetratio-

566 2366 649 2421 nis
703 2365 871 2427 forma
919 2358 1174 2429 suffragio
1217 2364 1318 2425 est.
1348 2353 1572 2425 Quando
1601 2351 1763 2423 igitur
1806 2348 1939 2423 nihil
1968 2347 2147 2402 obstat

557 2458 763 2523 oratis,
812 2453 1039 2511 admove
1080 2448 1330 2521 iuvandis
1382 2444 1637 2515 precibus
1687 2438 2141 2511 benevolentiam.

542 2550 687 2617 Quae
716 2560 838 2602 eum
884 2543 981 2600 tibi
1024 2543 1205 2597 innata
1254 2538 1351 2604 sit,
1384 2533 1611 2593 remittit
1653 2530 1782 2607 mihi
1820 2526 2145 2617 deprecandi

557 2610 817 2694 laborem.
844 2636 979 2691 Nam
1006 2646 1144 2704 pene
1184 2629 1438 2700 lnjuriam
1480 2625 1607 2687 facit
1652 2610 2013 2697 benignitati,
2054 2618 2144 2693 qui

556 2731 710 2786 anxie
737 2730 888 2800 petit,
922 2724 1064 2797 quod
1095 2720 1399 2795 praestantis
1443 2728 1633 2785 natura
1679 2721 1872 2783 sponte
1910 2709 2143 2785 promit-

558 2823 642 2878 tit.
682 2821 831 2876 Vale.

1116 2883 1330 2941 EPlS'l‘.
1386 2881 1564 2955 LXlll.

1024 2972 1333 3031 smnicuus
1384 2983 1658 3026 rnmcro.

2241 427 2414 482 delata
2440 427 2777 513 querimonia
2809 426 2958 500 parvi
3002 424 3178 509 habita
3197 429 3291 505 est
3320 436 3416 511 per
3445 418 3710 503 ignaviam
3733 406 3815 487 jn-

2239 519 2485 583 dicantis.
2530 516 2692 587 Ergo,
2722 517 2971 593 quoniam
3002 514 3236 579 remedia
3286 513 3495 593 minora
3540 524 3645 575 non
3689 524 3812 578 pro-

2230 610 2365 668 siint
2383 653 2397 675 ,
2424 611 2489 665 ad
2521 611 2723 691 majora
2748 590 3098 687 cunfugimus.
3129 607 3293 683 Feras
3322 590 3511 683 opem,
3536 590 3719 672 quast
3740 610 3810 665 te,
3834 671 3842 680 ι

2240 720 2309 759 ne
2334 694 2421 759 res
2448 713 2526 759 tot
2555 688 2766 772 injuriis
2794 684 3050 783 exhausta
3078 694 3409 769 succumbat.
3440 684 3611 750 Debes
3638 694 3742 753 .hoc
3764 704 3814 777 et

2230 788 2346 861 tua:
2387 793 2563 860 famae,
2590 803 2645 848 et
2668 793 2917 848 amicitia:
2955 804 3119 855 meat;
3153 797 3219 870 ¹ιιι
3258 785 3604 873 peculiariter
3628 785 3815 856 juvare

2234 856 2476 956 digneris
2498 856 2757 957 justitiam
2780 882 3051 955 postulati.
3075 856 3224 959 Vale.

2797 997 3014 1053 EPIST.
3059 994 3265 1052 LXVII.

2758 1101 3069 1161 svumcnus
3107 1101 3302 1155 surio.

2312 1180 2413 1248 Qui
2443 1188 2626 1251 sperat
2650 1180 2798 1257 brevi
2825 1195 2885 1236 se
2914 1189 3197 1247 veniturum
3227 1180 3282 1233 in
3312 1184 3656 1247 conspectum
3686 1173 3818 1235 ami-

2241 1287 2460 1340 corum,
2505 1273 2644 1327 solet
2670 1270 2966 1341 scribendis
3004 1269 3249 1344 epistolis
3272 1267 3567 1341 abstinere.
3610 1264 3738 1341 Mihi
3767 1272 3818 1342 et

2244 1362 2334 1418 illa
2364 1378 2511 1432 spes,
2540 1362 2753 1431 visendi
2788 1369 2870 1427 te,
2910 1360 3117 1431 integra
3158 1367 3275 1426 est,
3317 1366 3371 1439 et
3398 1355 3669 1431 fastidium
3714 1368 3818 1408 non

2243 1463 2394 1510 creat
2428 1453 2672 1521 litterarii
2711 1466 2838 1507 usus
2881 1451 3067 1526 officii.
3096 1449 3326 1527 Celebre
3364 1448 3524 1525 igitur
3564 1446 3818 1521 honorent

2246 1556 2395 1613 tuum
2422 1546 2595 1600 salute
2618 1544 2873 1609 dicenda,
2904 1558 3003 1613 nec
3032 1540 3246 1609 interim
3274 1553 3438 1615 posco
3465 1536 3779 1606 rescriptum
3803 1550 3818 1585 :

2247 1636 2370 1708 quia
2400 1635 2574 1707 fmnus
2606 1634 2728 1705 styli
2759 1634 2865 1690 mei
2895 1631 3198 1709 fabularum
3221 1643 3451 1705 munere
3477 1642 3550 1707 ex
3576 1625 3820 1699 proximo

2168 1698 2217 1765 Β
2246 1698 2576 1800 repensabis.
2608 1698 2759 1798 Vale.

2706 1792 2709 1797 ’
2800 1792 3015 1851 EPIST.
3058 1790 3290 1848 LXVIII.

2746 1882 3053 1940 srnlcuus
3090 1895 3320 1959 animo.

2311 1978 2555 2049 Intelligo
2576 1976 2903 2047 diligentiam
2921 2016 2935 2041 ,
2961 1990 3120 2046 quam
3155 1981 3357 2029 sanctae
3384 1967 3567 2029 domui
3599 1978 3704 2022 tua:
3729 1965 3823 2020 de-

2248 2074 2383 2141 fero,
2415 2070 2636 2126 nimium
2669 2066 2762 2123 tibi
2803 2081 2924 2135 esse
2965 2060 3316 2134 compertam.
3349 2062 3481 2116 lline
3521 2067 3636 2122 est,
3682 2055 3821 2126 quod

2245 2180 2455 2221 mecum
2488 2154 2610 2219 lauta
2644 2159 3030 2229 communicas,
3067 2166 3122 2221 et
3148 2156 3380 2225 domina
3410 2169 3473 2209 ac
3521 2152 3644 2207 filiai
3688 2164 3819 2205 mere

2244 2246 2602 2312 valetudinem
2632 2240 2771 2323 style
2800 2237 3003 2323 indicas
3037 2234 3090 2305 in
3120 2234 3271 2318 spem
3308 2240 3486 2303 redire
3514 2243 3817 2317 meliorem.

2246 2347 2360 2417 Ago
2388 2345 2546 2416 igitur
2571 2322 2766 2398 uberes
2794 2341 3015 2409 gratias,
3046 2328 3100 2415 et
3130 2324 3268 2411 Deos
3297 2322 3509 2409 precor,
3534 2324 3593 2388 ut
3620 2343 3710 2411 tua
3741 2346 3824 2405 se.

2244 2435 2418 2490 eunda
2448 2432 2749 2503 proficiant.
2777 2429 2942 2499 Nobis
2964 2418 3180 2485 tardior
3202 2426 3572 2491 Africanarum
3610 2421 3823 2487 navium

2247 2502 2579 2579 commeatus
2623 2520 2812 2597 incutit
2853 2506 3035 2588 curas,
3064 2504 3118 2573 et
3165 2502 3420 2599 sterilitas
3462 2508 3818 2583 conditorum.

2244 2606 2580 2693 Quapropter
2620 2605 2687 2681 ad
2722 2606 3069 2693 collationem
3119 2602 3325 2674 vacati,
3356 2597 3592 2663 remedia
3640 2604 3827 2674 patrial

2246 2686 2438 2763 usitata
2469 2686 2834 2776 promisimus.
2878 2703 2983 2761 Sed
3014 2702 3151 2757 votis
3181 2715 3318 2772 opus
3342 2709 3424 2755 est
3443 2740 3458 2764 ,
3493 2708 3552 2753 ut
3579 2697 3825 2769 volunta-

2244 2799 2340 2853 riae
2362 2794 2638 2868 sponsioni
2665 2788 2862 2851 solutio
2887 2802 3137 2863 prompta
3166 2791 3507 2863 respondeat.
3537 2789 3685 2845 Vale.

2816 2885 3034 2945 EPIST.
3074 2883 3258 2940 LXIX.
3296 2874 3301 2877 ’
3474 2876 3477 2877 ⁷

2756 2972 3068 3033 svumtcuus
3104 2989 3331 3031 ALPIDIO.

626 3071 853 3148 Tantum
884 3082 1005 3124 esse
1039 3052 1176 3136 apud
1220 3060 1277 3120 te
1304 3065 1403 3120 loci
1426 3054 1653 3148 Aurelio
1672 3073 1801 3147 meo
1828 3055 2055 3143 gaudeo,
2084 3062 2145 3110 ut

2324 3070 2682 3133 Tradiderltnt
2709 3054 3002 3143 memoriae,
3027 3066 3115 3137 qui
3138 3076 3224 3122 res
3254 3065 3455 3135 priscas
3484 3063 3648 3148 locuti
3678 3071 3823 3145 sunt,

560 3178 586 3215 a
614 3175 701 3217 me
730 3142 828 3216 tibi
868 3148 1095 3215 traditus
1135 3157 1364 3235 invicem
1396 3148 1494 3235 sub
1525 3130 2148 3225 commet'idatjione‘red-

560 3237 738 3307 datur.
792 3238 986 3306 Vicisti
1034 3232 1433 3316 nostrampro
1468 3259 1534 3299 eo
1589 3232 2147 3313 diligentiam,'quam

562 3341 716 3410 iubes
762 3352 1092 3396 accrescere.
1132 3326 1315 3413 Itaque
1351 3326 1469 3413 sum
1514 3333 1658 3409 dicto
1701 3330 1944 3387 audiens.
1996 3330 2149 3385 Nulla

566 3430 709 3485 enim
755 3428 953 3485 caritas
990 3428 1063 3481 ita
1114 3421 1268 3502 plena
1301 3411 1404 3491 est,
1442 3422 1514 3483 ut
1552 3429 1896 3495 augmentum
1926 3433 2031 3475 non
2061 3434 2151 3475 ea-

563 3522 691 3591 piat.
723 3519 804 3574 Me
826 3517 987 3573 domo
1011 3500 1222 3582 abesse,
1252 3500 1305 3570 et
1325 3510 1632 3583 Campania:
1663 3500 1811 3580 pasci
1835 3510 1946 3566 otio
1974 3508 2149 3565 libens

563 3604 827 3663 admittes.
862 3605 991 3660 Nam
1022 3604 1166 3660 soles
1212 3603 1507 3658 amicorum
1554 3614 1833 3669 prospera,
1875 3598 2151 3668 voluptate

565 3699 779 3777 partiri.
810 3696 929 3753 Tibi
960 3696 1134 3751 honor
1162 3695 1367 3777 militiis
1404 3695 1578 3763 pariat
1604 3692 1825 3746 fructus
1846 3692 2149 3777 secundos:

565 3768 769 3846 sitivita
800 3794 983 3843 nostra
1004 3762 1418 3851 secura,'vcstra
1441 3776 1752 3853 conspicua.
1787 3762 1947 3853 vale."
2018 3780 2019 3783 “

1134 3916 1351 3973 EPIST.
1391 3916 1575 3972 LXIV.

1044 4022 1350 4064 SYDHIACHUS
1405 4020 1669 4062 PATRICIO.

638 4098 1063 4167 Propinquorum
1110 4112 1353 4152 meorum
1395 4110 1586 4150 causas
1631 4093 1917 4165 Martyrins
1968 4106 2152 4163 prose-

568 4188 766 4257 quitur,
790 4188 882 4256 qui
910 4188 1005 4242 has
1035 4203 1064 4242 a
1093 4202 1179 4243 me
1204 4188 1407 4259 litteras
1437 4186 1492 4241 in
1514 4185 1828 4254 suffragium
1859 4198 2013 4239 suum
2038 4200 2152 4239 mc—

568 4282 697 4336 ruit.
738 4279 931 4347 Quatso
962 4289 1019 4334 ut
1046 4276 1294 4334 effectum
1339 4278 1541 4347 sperati
1573 4276 1643 4333 de
1683 4284 1736 4331 te
1774 4275 1972 4330 favoris
2013 4273 2153 4349 obti-

568 4378 710 4425 neat.
742 4369 894 4428 Vale.

1139 4436 1355 4493 EPIST.
1405 4436 1565 4493 LXV.

1050 4542 1356 4585 SVMNACHUS
1400 4542 1664 4585 PATBICIO.

650 4621 706 4673 in
734 4629 851 4674 tuas
883 4632 1072 4695 manus
1092 4618 1270 4674 veniet
1307 4633 1468 4673 causa
1494 4619 1597 4673 mei
1626 4617 1885 4688 pignoris,
1933 4615 2067 4671 adeo
2090 4625 2151 4693 ut

567 4712 737 4764 amica
768 4709 973 4779 legibus
1012 4709 1279 4764 fulciatur.
1311 4707 1414 4764 Sed
1447 4718 1504 4763 ut
1546 4718 1629 4764 est
1664 4708 2006 4763 multiformis
2036 4709 2151 4777 ple-

574 4813 798 4868 rumque
845 4797 1066 4868 perfidia
1113 4806 1371 4863 tutorum,
1423 4798 1477 4852 in
1524 4797 1698 4852 varias
1742 4811 1802 4852 se
1842 4786 2152 4872 frequenter

566 4899 710 4943 artes
738 4888 921 4944 vertit.
953 4887 1230 4943 Obnoxios
1257 4886 1440 4951 credo,
1462 4900 1604 4940 nunc
1632 4884 1808 4940 saltim
1857 4900 2011 4940 sacro
2035 4900 2152 4942 ces-

568 4994 723 5035 suros
752 4979 992 5046 oraculo,
1022 4979 1066 5033 si
1097 4987 1272 5033 vestra
1304 4978 1529 5058 mquitas
1550 4973 1884 5048 suggerenda
1909 4961 2151 5033 celebra-
2176 4990 2179 4991 '

563 5073 722 5129 verit.
764 5072 912 5126 Vale.
985 5072 994 5084 '

1148 5159 1358 5216 EPIST.
1399 5159 1579 5214 LXVI.

1090 5266 1399 5306 SVBMALIIUS
1437 5265 1627 5305 ALIPIO.

640 5341 987 5401 Salutationis
1014 5340 1218 5397 honore
1248 5340 1491 5412 praefato,
1518 5339 1832 5393 familiarem
1881 5338 2149 5411 precatio-

570 5449 691 5490 nem
742 5433 817 5489 tui
870 5432 1032 5487 animi
1081 5440 1328 5487 annecto.
1368 5432 1526 5502 Agris
1564 5431 1738 5495 enim,
1778 5444 1913 5500 quos
1953 5430 2004 5485 in
2037 5431 2149 5485 Ca2-

570 5523 795 5580 sarieusi
841 5522 1161 5580 Mauritania
1200 5520 1557 5591 possidemus,
1595 5530 1654 5575 ut
1707 5521 1820 5575 fieri
1865 5528 2007 5575 amat
2057 5537 2151 5591 per

571 5614 910 5672 dominorum
939 5614 1253 5683 absentiam,
1286 5602 1418 5669 nihil
1455 5613 1644 5684 reliqui
1674 5612 1799 5670 facit
1823 5612 1983 5669 officii
2011 5628 2151 5681 pra:—

2253 3164 2308 3219 in
2346 3163 2610 3235 judicium
2640 3159 2927 3231 quemdam
2963 3166 3245 3223 vocatum,
3282 3156 3423 3226 quod
3454 3155 3632 3211 Aricia
3672 3164 3828 3221 tenus

2252 3255 2551 3326 precarium
2574 3252 2641 3314 de
2662 3251 2836 3305 amico
2863 3250 3197 3327 cantherium
3228 3256 3520 3314 mutuatus,
3553 3247 3827 3302 ulterioris

2250 3343 2374 3399 clivi
2411 3343 2577 3398 ardua
2617 3328 2965 3420 prasterisset.
3016 3339 3201 3396 Fuerit
3237 3339 3350 3394 haec
3393 3338 3743 3407 pareimonia,
3773 3350 3829 3393 et

2250 3436 2523 3509 diligentia
2547 3429 2796 3506 pauperis
2821 3433 3033 3507 saeculi,
3061 3441 3119 3487 ut
3146 3440 3526 3502 praaterveetus
3550 3432 3827 3486 decretum

2253 3529 2459 3592 locum,
2489 3525 2828 3583 commisisse
2863 3525 2916 3587 in
2958 3524 3246 3579 amicitiam
3275 3522 3565 3579 diceretur.
3606 3522 3831 3577 Assum-

2254 3621 2335 3689 psi
2366 3619 2559 3691 igitur,
2598 3617 2741 3687 quod
2785 3630 2937 3672 amor
2987 3626 3109 3672 tuus
3158 3602 3470 3686 ingerebat;
3515 3623 3830 3687 tantumque

2252 3710 2440 3765 absum
2480 3723 2511 3763 ι
2554 3717 2701 3765 metu
2738 3707 3107 3763 s'uccensionis
3152 3715 3289 3776 tum,
3333 3714 3393 3762 ut
3431 3720 3642 3783 sperem
3686 3706 3830 3760 ultro

2254 3798 2450 3855 bonam
2480 3798 2689 3853 fiduciae
2716 3812 2853 3853 mete
2883 3796 3125 3867 gratiam.
3158 3797 3387 3853 Necesse
3414 3804 3499 3852 est
3534 3797 3676 3853 enim
3706 3811 3832 3866 pro-

2254 3887 2351 3944 bes
2380 3888 2521 3958 quod
2548 3887 2665 3959 ipse
2690 3888 2931 3943 fecisses.
2983 3887 3087 3944 Sed
3118 3887 3243 3959 quid
3271 3887 3388 3943 haec
3417 3895 3668 3957 tanquam
3698 3901 3825 3957 pur-

2252 3984 2374 4049 gata
2406 3978 2676 4048 produco?
2703 3978 2779 4034 De
2812 3978 3095 4034 Formiano
3126 3978 3306 4034 scribo
3332 3980 3535 4048 integer
3563 3977 3830 4034 valetudi-

2254 4071 2371 4135 nis;
2404 4068 2545 4125 unde
2572 4083 2829 4138 equorum
2853 4069 3097 4149 copulam
3125 4068 3295 4140 magis
3341 4068 3632 4125 exercitam
3666 4083 3829 4137 quam

2254 4162 2526 4234 fatigatam
2552 4163 2756 4219 remisi.
2782 4163 2954 4219 Malos
2980 4164 3248 4234 paulisper
3275 4164 3489 4219 tenebo.
3520 4163 3665 4220 Hane
3683 4163 3831 4233 enim

2255 4254 2484 4322 dederas
2529 4255 2800 4324 optionem
2836 4272 2851 4311 :
2882 4270 3041 4325 quam
3089 4256 3135 4311 si
3176 4256 3576 4325 repudiassem,
3616 4254 3835 4310 viderer

2256 4346 2507 4401 libentius
2531 4345 2585 4399 in
2612 4346 2933 4416 usurpandis
2960 4345 3036 4401 uti
3064 4347 3243 4403 animo
3269 4360 3413 4413 meo,
3439 4360 3597 4417 quam
3625 4343 3679 4401 in
3712 4360 3833 4417 per-

2175 4409 2232 4472 D
2257 4435 2434 4491 missis
2455 4445 2546 4491 tuo
2570 4409 2783 4491 cedere.
2808 4434 2960 4489 Vale.

2834 4523 3049 4581 EPIST.
3091 4524 3254 4580 LXX.

2769 4626 3080 4670 SVIIIMCHUS
3116 4629 3311 4671 Αιιιηο.

2325 4702 2458 4758 Cum
2489 4702 2762 4759 molestias
2789 4706 3022 4760 urbanas
3052 4714 3305 4773 retracto,
3337 4706 3526 4779 abesse
3555 4706 3789 4762 delectat
3816 4724 3833 4761 :

2255 4808 2378 4850 cum
2429 4809 2527 4849 vos
2572 4795 2895 4865 cogitatione
2942 4797 3313 4866 contemplor,
3366 4798 3524 4852 tmdet
3574 4799 3839 4855 absentiae

2258 4902 2412 4943 mete.
2445 4886 2675 4942 Medium
2715 4897 2799 4943 est
2840 4889 2999 4959 igitur
3047 4890 3289 4945 levamen
3335 4891 3386 4945 in
3433 4891 3657 4951 litteris;
3698 4905 3840 4959 quas

2256 4979 2378 5035 ideo
2398 4980 2464 5035 ad
2494 4989 2545 5037 te
2573 4981 2727 5045 dedi,
2752 4980 2989 5060 utsimul
3021 4989 3077 5036 et
3102 4981 3352 5035 amicitiai
3404 4980 3750 5044 satisfaciam,
3783 4990 3843 5033 et

2255 5081 2470 5126 secutus
2505 5072 2842 5141 exemplum.
2877 5080 2993 5126 tuas
3038 5072 3169 5126 mihi
3211 5072 3470 5140 epistolas
3500 5082 3749 5141 praestes,
3786 5074 3842 5125 in

2254 5163 2444 5233 quibus
2470 5161 2618 5218 vides
2645 5164 2762 5233 plus
2787 5177 2909 5217 esse
2940 5162 3135 5216 solatii.
3166 5161 3313 5215 Vale.

2825 5253 3039 5321 Episr.
3083 5252 3268 5307 LXXI.

2767 5355 3078 5419 εῐιιιμοιιυε
3116 5355 3314 5396 Αιιῐηο.

2323 5433 2615 5488 Plurimum
2646 5433 2778 5488 mihi
2811 5434 2930 5502 opis
2960 5442 3117 5503 atque
3161 5432 3454 5502 adjumentl
3496 5438 3604 5487 tua:
3646 5427 3843 5489 litterae

2255 5525 2319 5577 ad
2348 5524 2805 5579 confirmationem
2835 5524 3076 5579 sanitatis
3105 5523 3437 5593 impcrtiunt.
3468 5520 3669 5599 Primo,
3693 5517 3844 5587 quod

2256 5622 2308 5669 te
2356 5628 2649 5670 memorem
2692 5616 2861 5671 nostri
2910 5629 3029 5670 esse
3057 5622 3323 5671 testantur
3372 5630 3389 5669 :
3444 5596 3661 5674 dehinc,
3694 5611 3844 5676 quod
