4074 6176
276 192 390 257 ,501

1505 192 1987 254 EPISTOLARUM
2028 198 2234 256 LIBER
2273 200 2381 258 VII.

3473 221 3578 283 3M

276 298 490 365 indicia
518 312 627 360 tua:
648 305 1025 376 prosperitatis
1046 310 1352 378 apportant.
1381 307 1578 367 Fateor
1603 309 1762 378 igitur
1787 310 1878 365 ad-
1900 315 1960 372 Α
1989 313 2285 370 esltiberet.
2310 318 2545 385 Quarum
2571 324 2913 397 perceptione
2932 329 3455 403 principlo‘ltetatus;
3483 342 3576 397 ubi

290 397 697 457 hucinﬁrmam
723 398 1086 461 valetudinem
1117 400 1643 471 mearutsuriptorum
1674 412 1885 457 tuorum
1980 418 2275 462 commune
2326 408 2519 479 pignus
2565 411 2884 472 decubuisse
2930 397 3156 490 cognovi
3181 464 3197 490 ,
3241 397 3577 485 candidatus

282 491 608 559 assiduitate
643 490 880 547 ταωνετί
910 501 1121 563 satque
1151 492 1413 564 intelligo,
1451 492 1579 564 quid
1624 508 1691 548 ex
1740 509 1882 560 prae—

285 584 466 639 sentia
491 597 576 637 tua
607 581 1009 639 commoditatis
1050 584 1330 639 habiturus
1356 584 1489 651 sim,
1521 599 1641 639 cum
1676 593 1881 639 tantum

286 690 354 731 es
378 674 576 741 litteris
603 673 934 730 salubritatis
956 673 1221 728 indicibus
1241 674 1519 744 accipiam.
1550 674 1697 727 Vale.

543 754 584 781 ρ

855 785 1076 843 EPIST.
1112 780 1326 843 LXXII.

751 891 1063 939 εγωιλοιιω
1105 892 1413 935 ηυιτιιωω,

358 970 727 1028 λίθαίοιεηιιω
767 970 1040 1041 proiectus
1068 970 1187 1029 haec
1221 972 1424 1039 Scribe,
1458 981 1514 1031 et
1548 971 1679 1035 hinc
1710 972 1880 1029 hortm

284 1062 611 1127 riﬁewtiam
631 1063 783 1121 vobis
802 1063 995 1125 debita
1014 1064 1352 1127 salutationis
1366 1064 1626 1127 exhibeo.
1648 1064 1878 1135 (ﬁrmum

282 1164 394 1219 est,
428 1165 485 1216 ut
522 1169 644 1215 mea
680 1169 816 1213 cura
834 1154 914 1215 de
956 1155 1110 1216 vobis
1147 1156 1321 1213 relatu
1364 1156 1468 1227 pite
1497 1155 1879 1215 vicissitudinis

281 1247 581 1318 mitigetur.
606 1247 815 1308 Valete.

833 1336 1054 1401 EPIST.
1090 1339 1329 1401 LXXIII.

746 1438 1061 1491 δῑωοιιυε
1099 1440 1412 1493 ευτιυιιυε,

348 1520 729 1589 Pet-venimus.
781 1524 876 1582 sed
913 1524 1130 1583 venisse
1170 1523 1282 1593 iam
1324 1523 1569 1595 poenitet.
1617 1525 1749 1582 Nam
1781 1526 1871 1583 ubi

278 1616 520 1685 primum
558 1617 731 1672 solum
775 1616 954 1671 Baiani
996 1617 1200 1673 littoris
1240 1617 1473 1688 contigi,
1500 1616 1685 1675 statim
1718 1619 1874 1689 pedis

1987 508 2107 550 sum
2156 508 2379 567 repente
2415 503 2772 562 amaritudine
2810 508 3075 567 lectionis.
3103 513 3211 569 Sed
3243 516 3365 586 quia
3409 518 3575 575 filium

1987 595 2229 642 nostrum
2250 590 2525 647 redditum
2564 596 2781 652 sanitati
2829 599 3110 669 subiuncta
3157 603 3489 676 docuerunt,
3521 611 3571 664 in

1982 680 2329 748 tranquillum
2352 682 2530 739 denuo
2558 687 2768 743 Animus
2797 692 3125 762 remigravit.
3155 696 3287 752 Mea
3308 698 3575 755 valetudi-

1982 769 2069 822 nis
2090 778 2286 825 statum
2308 773 2523 843 scriptis
2547 778 2916 847 superioribus
2939 782 3197 852 iudicavi;
3220 788 3373 857 cujus
3396 788 3575 846 denuo

1980 858 2293 949 meminisse
2321 877 2429 918 non
2457 878 2592 935 opus
2612 877 2733 933 est,
2762 885 2842 926 ne
2869 886 2966 927 vos
2992 873 3239 932 sollicita:
3265 878 3574 949 scriptionis

1982 948 2196 1005 iteratio
2215 955 2517 1012 conturbet.
2540 958 2746 1017 Valete.
2771 987 2785 1000 ο

2529 1049 2747 1106 EPiS'I‘.
2784 1053 3029 1110 LXXIX.
3122 1060 3129 1067 “

2448 1153 2546 1195 ενι
2554 1156 2758 1199 uacuus
2790 1161 3103 1203 ηυηιιωυς.

2058 1224 2132 1283 De
2160 1228 2335 1284 reditu
2367 1230 2463 1287 ﬁlii
2492 1236 2660 1289 nostri
2692 1234 2873 1293 Fausti
2900 1241 3231 1308 praenuntias
3256 1245 3418 1313 paulo
3448 1255 3572 1302 ante

1982 1316 2188 1374 litteras
2217 1321 2369 1389 misi,
2401 1334 2459 1377 ut
2485 1325 2784 1382 accelerata
2822 1331 3084 1386 securitas
3121 1332 3375 1389 desiderii
3408 1339 3571 1392 vestri

1980 1407 2364 1479 impatientiam
2391 1415 2693 1485 mitigaret;
2735 1419 2830 1475 sed
2871 1436 3070 1479 munus
3105 1424 3443 1483 salutationis
3473 1429 3572 1484 ite-

1978 1513 2100 1556 rare
2125 1504 2242 1571 ipso
2270 1503 2427 1560 etiam
2470 1508 2845 1576 proﬁciscente
2882 1527 2989 1568 non
3017 1513 3206 1586 piguit.
3233 1516 3421 1587 Capite
3468 1519 3568 1588 igia

1977 1598 2066 1644 tur
2094 1593 2362 1662 geminam
2408 1596 2739 1667 voluptatem
2770 1617 2784 1653 :
2812 1602 2991 1671 primo
3025 1620 3093 1660 ex
3136 1606 3308 1676 ipsius
3357 1609 3566 1674 reditu;

276 1682 470 1761 dolore
490 1708 773 1775 correptus
796 1722 939 1762 sum.
963 1708 1140 1777 Atque
1160 1706 1281 1766 ideo
1307 1682 1471 1777 pauca
1494 1682 1871 1775 dictavi,-mox

1979 1682 2173 1738 dehinc
2199 1700 2267 1741 ex
2292 1700 2544 1743 sermone
2566 1688 2829 1759 fraterno,
2856 1706 2963 1763 quo
2987 1696 3138 1751 vobis
3162 1696 3402 1755 redditos
3422 1700 3567 1755 sanis

277 1796 327 1849 in
355 1796 653 1852 scribendo
682 1798 890 1855 futurus
928 1796 1171 1861 uberior,
1216 1798 1260 1855 si
1310 1814 1399 1857 me
1446 1800 1649 1855 sanitas
1694 1811 1875 1870 optata

276 1888 612 1959 respexerit,
648 1900 703 1948 et
737 1899 936 1949 vestris
959 1890 1192 1949 invicem
1220 1890 1417 1949 littera:
1442 1893 1868 1962 provocaverint.

280 1977 493 2039 Valete.
986 2046 994 2049 ,
1088 2046 1089 2049 η

818 2046 1037 2114 EPIST.
1078 2046 1319 2114 LXXIV.

746 2159 1060 2205 SYIIACIIUS
1090 2161 1401 2203 FRATBIBUS.

340 2234 530 2293 Primn
559 2232 821 2303 adventu,
858 2247 916 2293 ut
950 2237 1153 2308 scripto
1196 2237 1483 2309 superiore
1514 2238 1870 2309 signavimus,

271 2325 532 2387 valetudo
561 2335 747 2384 nostra
773 2341 1025 2398 percussa
1047 2339 1163 2387 est:
1188 2343 1285 2385 seu
1314 2328 1672 2385 insalubrlbus
1693 2332 1869 2403 aquis,

267 2420 385 2474 sive
416 2421 560 2474 aeris
594 2420 909 2481 mutatione.
943 2420 1076 2479 Fors
1104 2422 1323 2481 viderit.
1369 2422 1523 2480 Nune
1549 2434 1722 2481 status
1759 2442 1872 2480 me-

268 2508 375 2565 lior
404 2512 576 2581 erepit
598 2512 664 2567 ad
676 2526 831 2568 versa
855 2521 1077 2571 tenuare
1100 2530 1116 2569 :
1139 2513 1235 2572 sed
1262 2529 1371 2585 pra:
1397 2514 1606 2571 caeteris
1630 2517 1872 2572 remedio

268 2604 370 2658 fuit
392 2646 409 2672 ,
438 2604 586 2675 quod
618 2619 712 2660 vos
761 2604 972 2661 salvere
1013 2606 1386 2676 cognovimus.
1433 2605 1587 2675 Quod
1631 2608 1677 2662 si
1709 2608 1869 2663 etiam

268 2695 483 2751 reditus
512 2696 683 2751 nostri
721 2706 930 2767 tempus
958 2697 1247 2767 inquiritis,
1281 2698 1347 2751 ad
1375 2697 1497 2757 idus
1519 2698 1768 2754 Octobris
1797 2701 1871 2755 le-

267 2805 402 2863 gere
423 2790 551 2859 iter,
567 2789 616 2846 si
637 2789 781 2846 dicto
799 2789 1013 2847 fortuna
1030 2790 1193 2857 adsit,
1218 2798 1488 2862 optamus.
1511 2789 1717 2847 Valete.

842 2904 1063 2964 EPIST.
1109 2904 1320 2961 LXXV.

736 3012 1048 3055 SYIIACBUS
1092 3013 1192 3054 Plu
1199 3010 1407 3055 ’1⁵818138-

1978 1775 2073 1830 tati
2095 1789 2412 1835 communes
2440 1780 2638 1837 liberos
2656 1782 2976 1840 indicamus.
3003 1786 3209 1844 Valete.

2529 1894 2746 1950 EPIST.
2790 1895 3007 1953 LXXX.

2442 1999 2754 2042 εῖηωοιιυδ
2792 2002 3103 2046 εκλτιιιιςυς.

2048 2073 2425 2143 Superioribus
2449 2078 2641 2135 diebus
2672 2079 2879 2136 litteras
2904 2080 3272 2153 frequentavi;
3296 2082 3393 2142 sed
3424 2086 3566 2145 nulla

1975 2166 2265 2224 assiduitas
2307 2169 2449 2239 potis
2490 2181 2573 2226 est
2601 2172 2838 2228 animum
2884 2177 3118 2233 amantis
3158 2178 3401 2248 explere.
3431 2181 3566 2236 Puto

1974 2271 2153 2315 autem
2185 2261 2336 2316 vobis
2377 2262 2445 2318 ad
2489 2265 2854 2335 cegnitionem
2892 2266 3165 2336 sufﬁcere,
3205 2269 3350 2340 quod
3386 2268 3567 2328 valere

1976 2362 2077 2405 nos
2107 2352 2431 2409 scribimus:
2463 2354 2589 2410 licet
2615 2368 2900 2413 commune
2920 2358 3120 2429 pignus
3162 2361 3348 2431 paucis
3372 2360 3566 2417 diebus

1974 2443 2247 2512 sanguinis
2272 2444 2533 2502 eﬂ'usione
2557 2456 2807 2503 vexatum
2825 2489 2841 2516 ,
2867 2450 2962 2505 otii
2994 2452 3163 2507 nostri
3194 2452 3448 2507 minuerit
3472 2466 3566 2507 vos

1976 2534 2271 2603 luptatem;
2304 2538 2445 2607 quod
2474 2539 2585 2607 jam
2614 2538 2795 2596 divina
2824 2555 2927 2611 ope
2945 2540 3013 2598 ad
3044 2544 3256 2614 plenam
3282 2543 3565 2601 sanitatem

1975 2629 2138 2697 caapit
2160 2643 2458 2700 emergere.
2484 2630 2691 2687 Valete.

2518 2721 2735 2778 EPIST.
2785 2723 3026 2779 LXXXI.

2455 2826 2764 2869 SYIIIACIIUS
2801 2828 3075 2871 κεεελιι.

2050 2896 2283 2959 Fortuna
2313 2919 2435 2960 cum
2467 2905 2675 2961 civibus
2707 2908 2907 2963 nostris
2935 2908 3162 2964 revertit
3203 2909 3258 2964 in
3300 2911 3562 2982 gratiam,

1978 3003 2260 3065 postquam
2290 3004 2342 3051 te
2376 2994 2481 3051 sibi
2512 2997 2812 3067 respublica
2842 2994 3153 3055 vindicavit.
3181 3000 3563 3058 Anuunteran-

338 3089 471 3150 Scio
510 3097 567 3145 et
607 3087 900 3151 desiderari
932 3097 995 3145 et
1033 3088 1338 3159 exspectari
1383 3103 1414 3144 a
1461 3089 1617 3148 vobis
1662 3090 1871 3151 lituras
1899 3044 1947 3112 ο
1978 3044 2078 3141 dus
2104 3044 2187 3140 est
2218 3085 2378 3155 igitur
2417 3044 2632 3142 exteris
2662 3089 3004 3157 sperantibus
3033 3091 3338 3161 aequitatem
3362 3092 3563 3150 lucun-

268 3194 445 3247 meas,
479 3180 608 3249 quia
637 3180 802 3235 moris
829 3187 944 3245 est,
972 3188 1031 3233 ut
1074 3193 1269 3245 munus
1312 3179 1619 3250 huiusmodi
1645 3196 1675 3237 a
1705 3182 1868 3252 proli-

272 3271 613 3329 ciseentibus
640 3271 881 3329 inchoet.
913 3270 1227 3341 Auspicium
1258 3285 1388 3342 ergo
1414 3272 1568 3328 vobis
1592 3274 1871 3329 servanda:

271 3363 418 3419 inter
449 3377 553 3417 nos
584 3360 925 3419 salutationis
965 3363 1186 3429 emitto;
1232 3376 1566 3434 nequaquam
1595 3364 1868 3431 dubitans,

270 3463 528 3524 tanquam
574 3453 734 3523 signo
774 3452 903 3513 dato
944 3453 1012 3509 ad
1054 3453 1487 3525 respondendum
1519 3469 1614 3510 vos
1655 3454 1870 3511 desides

270 3563 376 3603 non
404 3546 642 3605 futuros.
668 3545 877 3603 Valete.

814 3632 1038 3697 EPIST.
1089 3632 1326 3697 LXXVI.

742 3742 1049 3786 δῖιιιεπυε
1092 3745 1404 3791 ηΑτκωυε.

337 3818 682 3890 Religiosum
713 3829 874 3891 atque
916 3822 1156 3881 votivum
1193 3833 1306 3888 est.
1350 3832 1407 3879 ut
1450 3835 1480 3877 ι
1511 3816 1869 3894 quaestoribus

264 3911 577 3968 candidatis
606 3910 744 3966 dona
775 3912 1035 3968 solemnia
1076 3912 1370 3983 potissimis
1407 3921 1567 3983 atque
1605 3913 1871 3970 amicissi-

267 4002 371 4057 mis
402 4001 727 4057 offerantur.
759 4002 877 4070 Quo
908 4003 961 4057 in
994 4018 1220 4059 numero
1245 4004 1365 4074 jure
1409 4004 1727 4060 censemini.
1770 4004 1867 4060 Of-

267 4093 386 4148 fero
429 4092 598 4163 igitur
649 4093 803 4147 vobis
846 4093 1143 4151 eburneum
1179 4094 1486 4168 dypticunt,
1518 4106 1573 4151 et
1611 4097 1869 4152 canistet~

268 4185 380 4239 lum
425 4194 745 4255 argenteum
783 4186 1042 4243 librarum
1076 4188 1306 4244 duarum
1346 4189 1441 4244 lilii
1471 4190 1575 4245 mei
1626 4191 1862 4257 nomine,

266 4276 359 4346 qui
390 4278 748 4348 quaestorium
779 4293 976 4334 munus
1021 4279 1265 4336 exhibuit
1291 4298 1305 4336 :
1336 4291 1393 4337 et
1436 4282 1707 4351 impendio
1739 4298 1866 4352 prc-

1974 3178 2075 3231 dus
2115 3177 2473 3234 amicissimus
2521 3193 2704 3245 meus;
2750 3195 2911 3249 quem
2964 3183 3155 3237 morbo
3201 3184 3311 3252 jam
3357 3184 3565 3243 diutino

1973 3283 2219 3338 gravem,
2262 3271 2582 3340 praefectura
2623 3273 2870 3328 eminens
2929 3274 2997 3329 ad
3046 3277 3404 3346 cegnitionem
3449 3282 3563 3349 pri-

1975 3364 2110 3416 ratae
2149 3361 2257 3417 litis
2301 3362 2595 3417 exciverat.
2639 3363 2735 3418 Est
2777 3363 2855 3418 iili
2894 3364 3109 3434 quidem
3147 3367 3412 3433 votivum,
3463 3370 3564 3425 sub

1973 3455 2222 3509 examine
2268 3463 2360 3510 tuo
2410 3454 2740 3525 respondere
2795 3457 3105 3526 propositis.
3152 3457 3259 3514 Sed
3310 3461 3561 3517 valetudo

1974 3544 2236 3600 voluntati
2266 3544 2547 3614 obnititur,
2571 3560 2690 3616 qua:
2713 3543 2976 3603 elfusione
2996 3549 3271 3618 sanguinis
3299 3552 3560 3618 sauciata,

1974 3633 2225 3691 itinerum
2253 3646 2465 3692 recusat
2506 3637 2730 3693 incerta.
2759 3637 2870 3694 Nec
2911 3638 3086 3695 deerit
3119 3639 3206 3710 jus
3229 3641 3563 3699 adversantis

1976 3727 2251 3795 petitioni,
2283 3727 2329 3783 si
2368 3728 2435 3783 ad
2470 3727 2735 3784 Viearium
2777 3737 2927 3785 tuum
2975 3730 3291 3800 disceptatio
3336 3734 3564 3789 transfe-

1974 3828 2142 3873 ratur.
2168 3818 2295 3873 Hmc
2324 3819 2483 3890 igitur
2508 3834 2718 3874 summa
2741 3830 2824 3875 est
2847 3822 3133 3890 postulati:
3159 3832 3216 3877 ut
3244 3837 3364 3877 cum
3388 3838 3565 3879 causa:

1975 3908 2105 3964 nihil
2146 3909 2369 3965 deloco
2416 3918 2630 3980 pereat,
2677 3912 2907 3965 salutem
2957 3912 3157 3967 homini
3206 3914 3562 3983 peregrinatio

1976 4012 2181 4056 remota
2210 4002 2479 4057 conciliet.
2517 4001 2667 4056 Vale.
2762 4015 2778 4028 ’

2492 4092 2707 4148 EPIST.
2753 4092 3015 4147 LXXXII.

2455 4189 2767 4238 svunscubs
2807 4191 3081 4238 IIESSALzE.

2045 4274 2356 4331 Instruenda
2397 4273 2526 4329 mihi
2567 4284 2726 4344 atque
2754 4273 3065 4328 adornanda
3097 4282 3325 4343 prtetura
3353 4282 3462 4337 est,
3493 4276 3560 4329 ad

266 4382 391 4433 cor,
436 4374 499 4421 ut
550 4366 689 4423 hanc
738 4368 1205 4427 honoriﬁcentiam
1248 4372 1542 4443 dignemini
1590 4382 1867 4444 gratanter
1896 4418 1946 4444 ἢ
1972 4368 2127 4436 cuius
2154 4366 2443 4421 editionem
2476 4362 2859 4433 magnitudinis
2886 4372 2993 4417 tute
3022 4375 3311 4433 processus
3347 4363 3559 4419 animas

267 4460 556 4531 mm
584 4460 792 4517 MM
816 4533 1034 4591 EPIST.
1068 4534 1325 4591 Lxxvu.
1376 4522 1379 4523 ί

740 4638 1049 4689 ιῒυιηοιιυε
1090 4644 1397 4685 FBA‘I‘MBUS.

342 4715 589 4775 Subesse
615 4714 824 4788 aliquas
862 4719 1078 4777 silentio
1107 4734 1228 4776 meo
1257 4735 1448 4776 causas
1484 4729 1678 4791 sponte
1721 4722 1865 4777 testi-

274 4821 425 4861 mare
454 4808 747 4879 potuistis:
783 4825 904 4864 nam
944 4811 1216 4881 quomodo
1252 4812 1551 4868 omisissem
1591 4813 1865 4883 religionis

275 4899 488 4963 munia,
531 4899 575 4953 si
616 4900 890 4955 valerem?
931 4916 1074 4957 nunc
1120 4902 1373 4973 paulatim
1412 4901 1601 4958 dolore
1641 4903 1867 4958 cedente

269 4986 510 5042 officium
555 4989 895 5045 salutationis
924 4989 1141 5047 diﬁ‘erre
1180 5005 1286 5047 non
1333 4992 1503 5060 potui.
1548 4991 1722 5048 Vestri
1762 4995 1867 5047 erit

270 5081 510 5135 muneris
536 5079 741 5136 referre
768 5091 1009 5138 mutuam
1032 5085 1224 5139 vicem.
1258 5084 1388 5151 Quae
1416 5083 1548 5138 mihi
1576 5084 1692 5139 dies
1713 5092 1865 5153 opta-

270 5182 322 5225 ta
350 5175 660 5243 pertulerit,
690 5175 757 5231 ad
786 5176 1269 5233 eonvalescendum
1299 5179 1532 5233 fomenta
1563 5177 1860 5247 praestabit.

272 5262 481 5319 Valete.
778 5269 790 5277 '

795 5356 1014 5414 EPIST.
1056 5356 1341 5414 LXXVIII.

736 5464 1049 5506 εγιικλειιυε
1086 5463 1401 5505 νιιλτιιιιιυε.

338 5536 632 5608 Postquam
671 5540 951 5612 paginam,
984 5556 1106 5613 quas
1135 5542 1289 5597 vobis
1329 5540 1709 5596 salutationem
1751 5539 1866 5595 τετ-

271 5641 382 5700 ret,
414 5634 609 5699 emisi;
643 5643 883 5706 tempore
915 5634 1097 5705 affuit,
1129 5635 1217 5706 qui
1264 5634 1395 5691 mihi
1427 5643 1632 5692 vestras
1659 5631 1865 5690 litteras
1900 5707 1905 5712 Α

1892 4418 1947 4478 D

1979 4460 2070 4513 vit.
2117 4460 2412 4527 Inceptum
2458 4456 2603 4511 enim
2651 4464 2831 4511 meum
2882 4454 3088 4511 viribus
3139 4453 3320 4515 fratris
3359 4464 3560 4512 utetur.

1976 4551 2171 4619 Quaeso
2214 4550 2377 4621 igitur
2412 4562 2625 4604 mecum
2668 4546 2919 4616 religiose
2948 4546 3123 4601 votiva
3153 4546 3326 4602 ofﬁcia
3358 4550 3561 4616 partia-

1977 4644 2072 4710 ris,
2103 4652 2156 4698 et
2185 4640 2541 4697 familiaribus
2568 4639 2705 4695 meis
2730 4639 2794 4693 ad
2827 4638 3095 4709 Hispaniae
3122 4638 3408 4709 longinqua
3439 4655 3561 4711 per.

1974 4734 2245 4805 gentibus,
2277 4733 2347 4789 ob
2378 4745 2639 4802 equorum
2669 4730 2933 4787 curulium
2981 4733 3407 4801 coemptionem,
3451 4732 3563 4787 suf.

1976 4827 2138 4897 frsgia
2171 4820 2517 4897 pr‘omovendi
2544 4823 2743 4895 negotii
2769 4822 3006 4893 digneris
3030 4837 3291 4878 annuere.
3319 4822 3559 4892 Longum

1976 4921 2098 4985 fiat,
2130 4919 2174 4974 si
2212 4919 2370 4973 velim
2418 4916 2613 4972 litteris
2643 4915 2942 4984 praestanda
2990 4929 3332 4984 percurrere.
3362 4913 3553 4983 Capita

1974 5026 2153 5066 rerum
2174 5009 2416 5079 subjecto
2435 5007 2672 5063 indiculo
2693 5006 2917 5061 strictim
2936 5006 3137 5061 notavi.
3154 5006 3272 5061 Tibi
3292 5006 3558 5076 integrum

1972 5105 2076 5157 erit
2111 5100 2346 5169 adjicere
2394 5097 2687 5159 beneficia,
2732 5096 2777 5150 si
2815 5111 2918 5167 qua
2949 5096 3117 5167 stylus
3155 5099 3385 5166 petentis
3425 5091 3561 5150 ου’ιὶ-

1972 5196 2059 5251 sit.
2092 5194 2240 5249 Vale.

2490 5259 2704 5315 EPIST.
2748 5258 3037 5314 LXXXIII.

2430 5367 2568 5406 SYII
2579 5366 2744 5407 ACIIUS
2787 5366 3057 5406 IESSALE.

2042 5449 2097 5505 Si
2138 5444 2265 5517 quid
2313 5459 2411 5515 pro
2439 5444 2615 5498 amico
2651 5454 2813 5514 atque
2855 5442 3094 5497 ttnanimi
3145 5455 3268 5495 meo
3311 5436 3557 5493 Jucunde

1967 5542 2144 5606 priora
2169 5537 2364 5607 scripta
2388 5535 2701 5602 valuissent,
2725 5534 2947 5605 agendis
2974 5534 3141 5603 magis
3165 5530 3370 5600 gratiis,
3393 5543 3554 5598 quant

1967 5627 2285 5689 renovandis
2317 5626 2665 5698 petitionibus
2694 5641 2723 5681 a
2772 5641 2857 5684 me
2892 5638 3071 5682 sermo
3110 5620 3555 5691 impenderetur:
