4046 6170
538 254 640 313 505

1725 248 1783 316 ρ.
1829 245 2171 302 AURELIUS
2209 236 2646 307 svmrscno’s.

3710 253 3809 310 3M

537 363 633 427 sed
672 360 793 430 quia
843 360 894 414 in
941 356 1090 414 civili
1136 356 1347 426 negotio
1391 363 1550 425 auget
1591 354 1710 424 ejus
1756 356 2121 410 infirmitatem
2152 357 2206 415 Α
2231 366 2333 423 est,
2367 359 2511 428 quod
2540 359 2687 429 cupit
2715 360 2835 417 foro
2861 368 2953 416 tuo
2980 374 3088 416 non
3110 361 3372 417 obscurus
3397 369 3518 417 ortu
3548 371 3698 418 actor
3725 379 3810 420 ac.

536 454 726 510 crebra
756 451 1064 513 conventio,
1090 449 1202 518 jam
1237 461 1340 502 non
1383 461 1482 516 pro
1520 459 1702 510 causa,
1749 444 1845 499 sed
1888 459 1984 513 pro
2024 458 2120 498 va-

536 544 772 601 letudine
804 541 1076 596 familiaris
1106 539 1212 596 mei
1248 541 1488 592 instauro
1519 551 1844 592 sermonem.
1876 536 1944 590 Et
1972 543 2120 590 certe

536 635 764 689 difficilis
801 630 1106 701 impetratio
1135 643 1256 683 esse
1296 643 1402 682 non
1450 627 1665 693 debuit,
1712 637 1994 697 postquam
2044 626 2117 680 illi

531 727 752 781 divinus
781 725 980 778 affatus.
1004 725 1174 790 longae
1210 718 1658 790 peregrinationis
1687 717 1919 785 gratiam
1949 716 2074 770 fecit
2100 756 2115 770 .

537 818 688 885 cujus
727 815 816 871 rei.
849 813 1249 870 exsecutionem
1302 810 1469 864 miror
1498 823 1619 864 esse
1659 807 1964 871 difficilem,
1995 819 2116 859 cum

533 907 724 964 lenitas
747 916 834 962 tua
861 906 1031 960 soleat
1055 902 1175 958 talia
1197 902 1356 957 etiam
1387 901 1506 956 sine
1531 898 1775 967 rescripti
1803 897 2118 952 auctoritate

537 1013 812 1075 praestare.
858 1002 1160 1072 Impensius
1198 1000 1360 1070 igitur
1397 1012 1612 1067 quasso,
1647 1004 1708 1050 ut
1747 994 1946 1050 Vicarii
1995 991 2114 1047 foro

534 1109 678 1164 saepe
707 1095 758 1148 in
789 1093 870 1148 his
893 1091 1110 1161 judiciis
1154 1089 1352 1159 agitata
1380 1101 1541 1143 causa
1569 1085 1826 1141 reddatur
1851 1102 1864 1137 :
1903 1083 2118 1153 quando

532 1188 636 1243 hoc
658 1195 713 1241 et
737 1201 906 1242 sacra:
933 1185 1123 1239 littera:
1150 1184 1435 1252 imperant,
1469 1186 1524 1236 et
1547 1177 1870 1250 judiciorum
1896 1191 2003 1231 non
2033 1189 2119 1231 re-

535 1280 669 1338 futat
699 1279 1026 1336 humanitas.
1051 1275 1204 1330 Vale.

1055 1365 1272 1421 EPIST.
1317 1363 1599 1419 LXXXIV.

1017 1469 1327 1514 SVIHACIIUS
1364 1469 1639 1510 ΗΕΞΘΑΒΕ.

607 1553 843 1609 Primam
888 1549 1018 1606 mihi
1063 1545 1330 1602 scribendi
1375 1541 1822 1609 causam‘religio
1871 1540 2028 1604 fecit,
2061 1547 2120 1594 ut

533 1644 764 1702 amicitia
797 1649 979 1697 nostra
1016 1638 1209 1694 litteris
1238 1637 1533 1692 excolatur.
1568 1634 1867 1691 Secundam
1898 1646 2119 1702 sugges-

531 1740 602 1794 sit
630 1735 952 1797 humanitas,
976 1739 1034 1786 ut
1060 1731 1177 1785 viro
1205 1728 1408 1798 optimo
1434 1726 1695 1781 Thalasso
1721 1724 1964 1779 familiari
1994 1736 2116 1777 meo
2146 1703 2192 1767 Β

530 1838 621 1882 tua
650 1825 965 1882 concilietur
993 1822 1226 1877 affectio.
1258 1821 1515 1890 Superest
1576 1826 1634 1874 ut
1663 1826 1718 1872 et
1746 1816 1876 1871 mihi
1905 1831 2116 1870 sermo-

531 1918 615 1978 nis
657 1917 736 1973 tui
784 1914 1097 1985 vicissitudo
1143 1911 1500 1982 respondeat,
1543 1919 1598 1966 et
1635 1907 2010 1966 commendato
2051 1921 2118 1962 ex

529 2007 795 2068 sententia
825 2005 1079 2078 procedat
1099 2011 1360 2073 optatum.
1397 2001 1546 2056 Vale.

1048 2093 1264 2170 EPIST.
1303 2091 1564 2148 LXXXV.

1019 2199 1326 2242 SYMIACHUS
1368 2199 1641 2240 MESSALE.

602 2283 676 2341 Et
701 2283 804 2339 mei
835 2281 977 2338 circa
1009 2288 1062 2335 te
1093 2277 1352 2348 prepositi
1381 2275 1520 2331 ratio
1547 2272 1792 2345 peposcit
1830 2278 1889 2327 ut
1917 2269 2119 2325 scribe-

529 2391 674 2441 rem,
713 2383 768 2430 et
796 2373 911 2427 viro
939 2355 1274 2434 clarissimo,
1300 2377 1459 2437 atque
1499 2364 1844 2421 ornatissimo
1885 2362 2118 2438 Eusebio

531 2467 874 2538 adstipulatio
905 2478 1027 2519 mea
1055 2462 1244 2518 deesse
1271 2475 1379 2516 non
1407 2459 1592 2514 debuit
1617 2476 1630 2512 :
1663 2471 1824 2528 quem
1853 2456 2020 2525 probe
2048 2453 2117 2510 de

529 2559 749 2631 optimis
777 2558 908 2631 viris
936 2555 1188 2611 meritum
1218 2565 1402 2622 quasso
1425 2561 1511 2604 tua
1539 2549 1840 2617 benignitas
1868 2559 2120 2600 munere-

529 2658 640 2706 tur.
680 2649 813 2704 Nam
843 2644 1130 2703 laudabilis
1170 2644 1413 2721 quisque
1437 2641 1576 2695 hanc
1603 2639 1773 2694 solam
1812 2633 2117 2691 mercedem

529 2741 753 2813 pudoris
779 2748 940 2810 atque
973 2735 1270 2792 honestatis
1299 2741 1547 2803 exoptat,
1578 2741 1636 2786 ut
1665 2731 1731 2785 ad
1761 2729 2005 2784 intimam
2043 2725 2122 2782 fa-

531 2833 892 2893 miliaritatem
937 2832 1222 2904 bonorum,
1260 2827 1446 2898 tuique
1491 2824 1776 2891 similium,
1820 2836 1954 2894 pura
1983 2833 2118 2876 con-

529 2928 802 2986 ciliatione
830 2923 1129 2997 perveniat.
1159 2919 1314 2975 Vale.

1051 3011 1268 3067 EPIST.
1312 3007 1597 3065 LXXXVI.

1009 3117 1320 3159 SYIIIACIIUS
1364 3115 1634 3155 κεεελιιιε.

601 3197 789 3253 Omnis
819 3193 1214 3254 commendatio
1249 3190 1444 3244 amicis
1486 3188 1852 3244 testimonium
1899 3183 2116 3250 tribuit,

531 3287 843 3357 sufiragium
887 3291 1105 3354 praastat
1148 3280 1452 3351 incognitis.
1485 3279 1773 3334 Processus
1823 3277 2007 3346 igitur,
2038 3275 2121 3330 vir

531 3379 928 3442 ornatissimus,
958 3375 1096 3429 filius
1127 3387 1299 3437 meus,
1331 3386 1437 3426 non
1469 3379 1551 3426 est
1577 3371 1629 3424 in
1659 3384 1720 3425 ea
1752 3377 1902 3437 parte
1933 3381 2122 3422 nume-

533 3469 754 3534 randus,
789 3468 874 3522 cui
906 3464 1167 3522 beneficio
1197 3463 1396 3531 scripta
1428 3469 1780 3532 prmstantur;
1813 3458 1907 3514 sed
1942 3459 2120 3528 potius

533 3561 589 3616 in
632 3574 727 3622 ea,
767 3557 853 3612 cui
903 3553 1215 3611 vicissitudo
1259 3569 1325 3607 ex
1364 3566 1549 3606 amore
1601 3549 1940 3620 persolvitur.
1984 3548 2120 3605 Puto

532 3649 640 3720 iam
667 3649 870 3717 liquere
893 3646 1022 3712 tibi,
1047 3659 1168 3714 quae
1189 3642 1328 3698 circa
1355 3643 1502 3696 illum
1532 3640 1864 3696 familiariter
1893 3639 2119 3694 tenenda

532 3743 603 3795 sit
633 3739 798 3794 forma
824 3738 1040 3809 judicii,
1071 3751 1228 3807 quem
1247 3736 1376 3790 .sine
1424 3734 1608 3789 favore
1654 3731 1995 3788 commendo.
2030 3730 2122 3785 Di-

532 3847 693 3902 gnum
719 3841 801 3884 est
829 3830 1009 3899 igitur,
1031 3835 1290 3898 quantum
1323 3824 1462 3895 apud
1494 3840 1578 3878 me
1609 3823 1783 3878 meriti
1814 3820 2119 3890 collocavit,

535 3929 742 3977 tantum
765 3919 902 3991 apud
929 3929 980 3976 te
1010 3916 1352 3986 benignitatis
1379 3916 1633 3970 inveniat.
1662 3914 1811 3970 Vale.

1037 4010 1257 4066 EPIST.
1297 4008 1606 4065 LXXXVII.

1020 4120 1327 4160 SVNMACIIUS
1355 4117 1624 4159 κεδεΑιΑ-ς.

605 4203 889 4260 Numidam
921 4200 1264 4272 familiaritas
1283 4210 1465 4255 nostra
1483 4197 1621 4268 apud
1649 4207 1699 4253 te
1719 4196 1876 4253 debet
1893 4195 2116 4266 juvare:

535 4310 697 4365 quem
743 4304 836 4349 tuo
877 4291 1029 4348 trado
1075 4289 1349 4359 suffragio,
1381 4300 1439 4346 ut
1484 4291 1756 4355 meritum,
1795 4287 1936 4358 quod
1977 4286 2118 4355 apud

536 4402 638 4442 nos
668 4385 908 4440 honestis
939 4383 1127 4439 officiis
1149 4381 1450 4445 collocavit,
1480 4391 1568 4435 tua
1592 4395 1690 4451 pro
1713 4396 1796 4434 me
1823 4394 1950 4434 cura
1973 4393 2123 4438 come

536 4489 746 4548 penset.
780 4476 953 4531 Mores
985 4474 1220 4530 hominis
1259 4488 1326 4528 ex
1373 4487 1496 4527 meo
1525 4471 1697 4540 pende
1733 4470 1957 4540 judicio,
1988 4470 2122 4525 etin

538 4569 790 4624 omnibus
811 4584 931 4638 qua:
968 4568 1170 4622 utilitas
1207 4566 1324 4636 ejus
1350 4564 1602 4634 exquirit,
1632 4573 1812 4619 votum
1853 4578 2125 4620 commen-

539 4660 720 4716 dantis
749 4660 981 4716 imitare.
1020 4658 1164 4712 Vale.

1048 4745 1264 4804 EPIST.
1294 4745 1630 4802 LXXXVIII.

1029 4855 1334 4896 SYMIIACBUS
1368 4853 1637 4894 IIESSALB.

608 4931 873 4991 Amicitias
901 4939 1182 5001 parentum
1213 4937 1360 4985 recte
1387 4929 1440 4984 in
1469 4929 1668 5000 liberos
1697 4926 2114 4998 transferuntur,

539 5034 602 5081 ut
649 5026 844 5080 caritas
893 5021 1062 5079 semel
1108 5021 1235 5076 inita
1289 5018 1688 5076 successoribus
1738 5033 1923 5073 eorum
1972 5019 2123 5074 velut

545 5115 889 5170 hatreditario
925 5114 1048 5184 jure
1072 5112 1333 5183 proficiat.
1365 5114 1480 5179 Quo
1502 5111 1720 5168 nomine
1746 5110 1934 5180 optimi
1960 5125 2124 5181 quon-

541 5207 664 5260 dam
698 5205 799 5258 viri
827 5204 1070 5273 Gregorii
1101 5203 1265 5258 filiuro
1296 5204 1619 5271 diligendum
1653 5202 1851 5272 pariter
1879 5218 1942 5258 ac
1969 5210 2123 5258 tuen-

539 5297 668 5350 dttm
701 5296 898 5364 rvcepi.
951 5294 1071 5349 Fuit
1107 5297 1248 5350 enim
1281 5295 1409 5348 mihi
1439 5311 1558 5350 cum
1595 5306 1744 5364 patre
1787 5296 1905 5364 ejus
1958 5295 2120 5350 fidum

539 5388 715 5443 fmdus
746 5387 1078 5451 animorum;
1107 5386 1200 5441 sed
1239 5386 1512 5456 religionis
1538 5386 1777 5442 debitum
1806 5397 1976 5445 tecum
1998 5395 2127 5456 opto

545 5481 751 5550 partiri.
776 5481 1115 5550 Quapropter
1137 5494 1318 5548 qumso
1361 5488 1424 5534 ut
1449 5496 1627 5536 curam
1660 5495 1832 5536 meam
1858 5495 1954 5550 pro
1978 5496 2043 5534 eo
2071 5479 2124 5534 in

544 5572 628 5626 his
663 5588 787 5642 qua:
824 5589 951 5628 usus
990 5573 1300 5642 peposcerit
1338 5573 1668 5640 exscquaris.
1731 5573 1874 5629 Inter
1929 5583 2123 5628 cmtera

544 5671 722 5718 autem
747 5674 864 5720 vola
886 5666 1100 5736 juvenis
1123 5663 1450 5738 praecipuum
1476 5665 1713 5723 liberalis
1730 5670 1891 5726 animi
1915 5671 2123 5741 signum

2227 450 2423 503 cedere
2447 464 2462 502 :
2485 449 2572 502 cui
2597 451 2691 515 (ut
2715 451 2904 521 spero)
2927 458 2980 506 et
3007 451 3371 521 magisterium
3400 451 3684 520 splendore
3724 455 3805 509 di-

2216 544 2401 608 cendi,
2427 553 2480 599 et
2505 545 2816 616 suffragium
2842 547 3038 604 mentis
3061 548 3298 605 bonitate
3326 547 3626 620 prmstabis.
3657 547 3804 604 Vale.

2741 661 2957 718 EPIST.
3001 663 3294 722 LXXXIX.
3335 680 3340 682 '

2708 767 3019 808 SYMIACIIUS
3049 769 3317 810 IESSALE.

2293 838 2610 895 Jamdudum
2644 840 2845 897 litteras
2867 859 3014 900 meas
3049 845 3104 899 in
3141 859 3330 899 manus
3355 852 3472 899 tuas
3493 843 3657 899 credo
3684 857 3807 912 per-

2222 931 2359 984 latas
2382 930 2574 1000 quibus
2619 933 2844 1003 allegavi
2883 936 3024 1004 quod
3050 934 3270 1004 judiciis
3314 933 3666 1004 approbatum
3695 941 3806 997 est,

2221 1024 2452 1080 amicum
2482 1038 2659 1079 meum
2680 1025 3006 1094 Jucundum,
3021 1041 3325 1097 quanquam
3344 1024 3420 1081 tui
3433 1024 3695 1080 examinis
3717 1037 3808 1079 cu-

2221 1116 2427 1188 pidum,
2455 1131 2550 1185 per
2570 1116 2929 1172 valetudinem
2974 1133 3078 1172 non
3108 1132 3270 1188 posse
3308 1115 3599 1188 proficisci.
3639 1114 3806 1184 Hujus

2222 1209 2276 1264 in
2307 1209 2423 1264 dies
2452 1209 2677 1265 morbus
2707 1210 2983 1280 augescit:
3006 1219 3061 1266 et
3084 1212 3204 1267 ideo
3250 1220 3434 1280 repeto
3459 1210 3805 1279 postu'atum.

2220 1315 2291 1355 ne
2321 1299 2523 1356 incidat
2563 1300 2820 1355 invidiam
2850 1302 3230 1367 contumaciae,
3277 1300 3366 1371 qui
3408 1299 3804 1355 miserationem

2222 1399 2479 1446 meretur.
2512 1391 2578 1445 Et
2607 1405 2738 1446 sane
2761 1392 2904 1447 civili
2926 1407 3104 1447 causa:
3135 1391 3266 1447 nihil
3287 1391 3538 1460 decerpet
3566 1391 3807 1444 humani-

2224 1490 2324 1547 tas,
2369 1483 2414 1536 si
2463 1481 2531 1536 ad
2577 1481 2850 1536 Vicarium
2885 1491 3124 1537 vestrum
3167 1480 3517 1536 transferatur
3555 1493 3802 1536 examen.

2221 1573 2356 1627 Nam
2387 1573 2588 1638 pariter
2607 1581 2662 1627 et
2691 1571 2956 1627 laboranti
2983 1572 3300 1628 detrahetur
3327 1571 3542 1642 injuria,
3563 1578 3620 1626 et
3645 1583 3804 1638 uego-

2225 1665 2301 1720 tio
2329 1665 2450 1720 ﬁnis
2468 1663 2690 1720 «debitus
2711 1664 2943 1720 eveniet.
2974 1663 3123 1718 Vale.

2814 1754 3040 1810 EPIST.
3081 1754 3196 1810 XC.

2710 1862 3018 1904 BYMIACBUS
3055 1855 3324 1903 υεςελιι.

2294 1939 2548 1996 Probavit
2575 1939 2798 1995 effecws
2825 1955 2930 1993 non
2954 1939 3226 1993 immerito
3255 1952 3393 1994 a~me
3421 1944 3657 2006 sperata,
3684 1947 3808 2004 qua:

2219 2045 2480 2105 praestare
2506 2033 2754 2103 dignatus
2782 2045 2863 2098 es,
2895 2031 3172 2101 magisque
3210 2045 3298 2086 me
3327 2030 3536 2100 culpam
3569 2027 3718 2097 potui
3733 2041 3808 2081 ~sc

2219 2125 2567 2190 contrahere,
2613 2125 2660 2178 si
2711 2122 2853 2192 apud
2905 2130 3195 2186 amantem,
3231 2120 3519 2174 Praatorias
3571 2118 3811 2188 pignoris

2219 2218 2392 2274 nostri
2423 2216 2772 2272 necessitates
2792 2213 2996 2284 pudore
3019 2213 3328 2267 tacuissem.
3343 2210 3540 2266 ~Ornari
3562 2223 3695 2278 ergo
3717 2224 3811 2259 nos

2219 2310 2429 2382 gaudeo
2461 2308 2830 2378 frequentibus
2863 2305 3064 2361 amoris
3093 2304 3168 2359 tui
3201 2301 3519 2360 testimoniis
3551 2316 3564 2352 :
3603 2309 3659 2354 et
3688 2298 3813 2352 volo

2220 2388 2428 2475 speres,
2460 2400 2716 2471 quidquid
2743 2401 2927 2471 gratiae
2963 2397 3128 2454 editio
3155 2405 3338 2452 nostra
3379 2391 3716 2462 qumsiverit,
3746 2389 3812 2444 ad

2221 2504 2311 2551 tua
2341 2493 2601 2550 beneficia
2627 2507 2713 2547 me
2738 2489 2964 2546 cedente
2995 2487 3354 2545 referendum.
3382 2485 3534 2540 Vale.

2817 2600 3039 2657 EPIST.
3079 2597 3214 2654 XCL

2709 2709 3018 2751 εωιιιλειιυε
3048 2705 3320 2747 κεεελιε.

2293 2788 2536 2844 Honores
2557 2785 2772 2857 quidem
2819 2783 3035 2853 semper
3052 2782 3186 2836 vitae
3213 2795 3276 2834 ac
3306 2779 3601 2834 litterarum
3622 2775 3815 2847 splen-

2217 2879 2354 2936 dore
2375 2878 2610 2948 gessisti.
2639 2875 2744 2930 Sed
2785 2875 3050 2930 bonorum
3090 2885 3234 2927 nunc
3262 2869 3501 2925 omnium
3525 2866 3816 2938 gratulatio

2219 2979 2328 3036 est,
2357 2971 2520 3024 etiam
2559 2966 2833 3037 publicum
2863 2964 2958 3019 tibi
2999 2963 3165 3019 decus
3207 2975 3328 3017 esse
3365 2960 3618 3014 delatum.
3675 2957 3816 3027 Opto

2138 3069 2195 3138 α
2224 3062 2385 3131 igitur
2409 3075 2475 3115 ex
2513 3057 2781 3113 sententia
2814 3054 2981 3126 partis
3011 3053 3204 3108 fruaris
3226 3051 3556 3121 insignibus,
3587 3057 3644 3104 et
3689 3062 3817 3118 pro-

2223 3161 2411 3206 vectus
2439 3150 2491 3203 in
2515 3147 2790 3202 cumulum
2819 3145 3024 3216 glorim,
3055 3141 3474 3215 magnitudinem
3497 3140 3691 3211 judicii
3718 3138 3819 3194 im-

2223 3240 2444 3314 perialis
2473 3239 2796 3310 atquipares.
2825 3236 2976 3291 Vale.

2809 3321 3030 3380 EPIST.
3071 3322 3231 3380 XCII.

2715 3421 3022 3475 ammentis
3051 3430 3317 3473 lessus.

2277 3512 2469 3570 Officii
2501 3511 2604 3567 mei
2633 3518 2716 3566 est
2750 3510 2995 3564 nuntiare
3044 3507 3183 3577 quod
3228 3507 3471 3568 valeam;
3504 3502 3639 3569 voti,
3674 3511 3736 3557 ut
3770 3510 3825 3556 te

2223 3606 2433 3662 salvere
2463 3616 2807 3674 cognoscam.
2841 3601 2980 3670 Ergo
3023 3599 3218 3654 indicio
3246 3610 3630 3668 prosperorum
3661 3610 3821 3650 meo-

2223 3710 2340 3751 rum
2388 3703 2570 3764 partes
2607 3692 2836 3746 amantis
2879 3689 3139 3760 implevi;
3174 3699 3230 3744 tu
3265 3686 3396 3742 mihi
3440 3686 3613 3741 adhuc
3651 3686 3827 3740 debes

2223 3789 2468 3844 sanitatis
2499 3795 2604 3840 tua:
2629 3784 2844 3855 gaudia.
2877 3783 3007 3849 Quae
3042 3790 3100 3835 ut
3135 3780 3309 3834 solida
3332 3777 3445 3832 fide
3475 3777 3528 3831 in
3571 3776 3824 3830 notitiam

2222 3893 2398 3934 meam
2427 3877 2662 3940 veniant,
2685 3885 2738 3930 et
2768 3873 3001 3928 Deorum
3032 3870 3210 3937 favor,
3242 3879 3298 3925 et
3331 3879 3416 3922 tua
3448 3865 3653 3936 scripta
3679 3879 3825 3936 prae.

2219 3971 2462 4027 stabunt.
2490 3967 2644 4022 Vaie.

2789 4034 3003 4092 EPIST.
3045 4031 3230 4088 XCIII.

2689 4142 3004 4185 SYIIIIACIIUS
3035 4137 3351 4181 LONGIIANQ.

2299 4224 2488 4282 Amico
2509 4223 2690 4278 animo
2719 4219 2912 4291 gaudia
2941 4226 3122 4272 nostra
3157 4214 3465 4285 participas,
3494 4219 3552 4267 et
3582 4212 3830 4281 integra-

2223 4328 2336 4375 tum
2358 4315 2597 4374 Flaviani
2630 4315 2726 4369 filii
2749 4313 2858 4369 mei
2884 4312 3145 4366 honorem
3169 4309 3291 4381 styli
3315 4306 3681 4379 gratulatione
3700 4321 3832 4375 pro-

2151 4438 2203 4499 Β
2229 4414 2494 4483 sequeris.
2529 4413 2728 4482 Dignus
2751 4412 2871 4466 laeta
2900 4409 2987 4466 cui
3014 4423 3230 4477 semper
3246 4406 3513 4462 eveniant.
3549 4404 3832 4458 Hanciau-

2230 4514 2336 4560 tem
2363 4503 2688 4573 dignationis
2717 4512 2820 4557 tuas
2844 4501 3225 4570 benignitatem
3254 4497 3365 4552 scio
3386 4496 3454 4551 ab
3487 4495 3635 4550 illius
3670 4495 3835 4550 insti-

2229 4604 2346 4650 tuto
2377 4607 2618 4661 manare,
2641 4593 2729 4662 qui
2757 4593 3024 4663 prmstitit.
3052 4587 3409 4644 Laudabiliter
3433 4585 3595 4656 igitur
3616 4599 3832 4656 seque-

2230 4684 2304 4740 ris
2347 4683 2951 4754 magisterium‘optimm
2974 4679 3284 4735 voluntatis.
3315 4677 3485 4743 Tene,
3518 4691 3741 4745 quasso,
3774 4681 3838 4730 ut

2228 4775 2417 4839 facies,
2450 4775 2807 4830 constantiam
2830 4785 3010 4828 rerum
3058 4771 3352 4834 bonarum;
3395 4767 3544 4822 illum
3579 4766 3834 4832 imitare,

2230 4881 2330 4922 nos
2350 4866 2531 4937 dilige.
2561 4865 2712 4921 Vale.

2797 4933 3013 4990 EPIST.
3053 4931 3241 4988 XCIV.

2699 5040 3010 5082 δνιιιιΑςιιυε
3039 5036 3352 5079 ιοκοικλκο.

2302 5120 2488 5178 Honor
2532 5117 2738 5174 militiae
2769 5127 2964 5174 vestra:
3001 5115 3177 5170 dantis
3223 5111 3500 5170 beneficiis
3545 5109 3835 5167 enitescit.

2233 5211 2366 5266 Cum
2411 5210 2571 5280 igitur
2618 5220 2671 5264 te
2700 5210 3016 5284 meritorum
3059 5207 3196 5260 ratio
3241 5202 3463 5258 summis
3513 5202 3840 5269 proximum

2233 5303 2412 5370 faciat,
2466 5303 2620 5357 famae
2651 5310 2706 5356 et
2733 5301 2919 5371 gratiae
2963 5299 3128 5353 decus
3169 5296 3495 5363 benignitate
3538 5293 3840 5358 conquire.

2231 5393 2340 5449 Nec
2365 5395 2548 5462 procul
2575 5392 2848 5459 abest,.de
2879 5406 2984 5460 quo
3026 5386 3330 5457 hujusmodi
3362 5385 3590 5440 fructum
3637 5397 3844 5454 capes-

2229 5499 2338 5540 sas.
2380 5484 2681 5539 Juvandum
2709 5483 2853 5537 enim
2905 5480 2995 5535 tibi
3039 5478 3206 5532 filium
3251 5490 3430 5532 meunr
3478 5472 3842 5530 Desiderium

2230 5580 2424 5634 litterae
2473 5579 2755 5647 ingerunt;
2800 5575 2995 5638 virum,
3045 5580 3241 5641 prmter
3282 5569 3569 5630 fortunam,
3613 5569 3848 5621 eunetis

2230 5671 2389 5727 rebus
2415 5678 2687 5736 ornatum,
2711 5663 2841 5737 quas
2867 5664 2967 5722 sibi
2992 5663 3268 5720 hominum
3290 5675 3414 5717 cura
3444 5663 3696 5729 praestat.
3726 5658 3847 5714 Sed
