4074 6176
210 383 314 440 305

214 583 406 639 Restat
443 591 501 636 ut
547 581 702 647 velis,
731 578 872 650 quod
912 593 1008 648 pro
1047 578 1149 632 loci
1187 591 1251 631 ae
1291 574 1466 631 meriti
1509 574 1580 627 tui
1609 573 1810 625 viribus

216 679 362 746 potis
386 690 471 740 es,
497 673 577 728 sic
602 671 758 727 facile
787 670 1100 724 inclinatum
1137 666 1296 722 amici
1326 665 1494 720 nostri
1535 661 1822 732 negotium.

221 769 447 839 depulsa
473 765 570 821 lite
588 762 825 821 sanabis.
854 761 1008 816 Vale.

810 853 1026 908 EPIST.
1063 849 1222 907 XCV.

688 964 1001 1006 SWSIACIIUS
1032 960 1349 1008 LONGIMANO.

295 1043 566 1112 Amplecti
595 1043 857 1097 amicitias
879 1041 1078 1096 domini
1101 1049 1156 1095 et
1183 1039 1277 1092 lilii
1303 1037 1408 1092 mei
1430 1034 1667 1091 Flaviani
1689 1040 1844 1086 ante

226 1136 481 1207 dignatus
517 1150 599 1191 es.
649 1134 756 1190 Sed
797 1148 940 1189 nunc
969 1144 1182 1203 tempus
1211 1132 1390 1196 datur,
1439 1139 1494 1182 ut
1546 1128 1621 1183 illi
1651 1127 1818 1181 docu‘

227 1239 410 1282 menta
451 1242 594 1282 vere
632 1225 1008 1280 familiaritatis
1036 1223 1330 1279 exhibeas.
1363 1218 1541 1274 Sacris
1575 1218 1718 1273 enim
1751 1217 1818 1271 D.

226 1319 286 1373 Ν.
312 1317 545 1372 Honorii
572 1314 932 1384 augustissimi
965 1312 1219 1382 principis
1257 1311 1451 1366 litteris
1482 1309 1548 1363 ad
1579 1307 1817 1361 officium

227 1407 502 1479 magnifici
541 1407 778 1462 consulis
824 1414 1100 1471 evocatus,
1136 1402 1472 1457 occasionem
1515 1398 1684 1463 dabit,
1714 1412 1817 1467 qua

225 1510 275 1554 et
300 1500 478 1568 ipsius
499 1488 968 1564 meritum-judicio
991 1501 1083 1548 tuo
1104 1501 1302 1563 pateat,
1326 1500 1380 1547 et
1403 1499 1490 1544 tua
1512 1489 1566 1542 in
1596 1504 1718 1543 eum
1744 1487 1821 1540 af-

228 1591 388 1646 fectio
429 1590 714 1645 clarescat.
748 1578 954 1642 Interea
986 1593 1164 1654 partes
1202 1588 1442 1655 parentis
1489 1582 1822 1637 interventus

226 1695 382 1735 meus
408 1678 746 1749 exsequitur.
785 1677 895 1732 Nec
927 1677 979 1730 in
1007 1676 1230 1731 dubium
1255 1675 1401 1730 venit
1448 1673 1574 1743 quid
1617 1671 1819 1742 ponde-

226 1771 297 1825 ris
346 1771 551 1824 haheat
604 1768 882 1837 pignorum
925 1766 1321 1824 commendatio
1361 1765 1499 1834 apud
1545 1779 1668 1819 eum
1732 1762 1818 1832 qui

1400 363 1883 428 EPISTULARUM
1925 365 2140 421 LIBER.
2167 368 2280 424 VII.

210 495 300 549 illa
330 504 548 563 quoque
575 504 698 546 cum
726 501 792 544 eo
833 487 885 542 in
917 485 1164 558 gratiam,
1213 483 1258 540 si
1299 483 1514 548 faveris,
1546 487 1797 536 revertet.
1832 483 1899 539 A.

3383 374 3492 431 306

2485 480 2700 536 EPIST.
2745 480 2930 536 XCIX»

2365 577 2674 629 sv'nnacnus
2708 591 3025 631 LOSCIIANO.

1980 663 2192 718 Cultam
2214 664 2460 719 amicitiae
2487 665 2712 721 libenter
2733 682 2978 722 exerceo.
3004 666 3174 722 Video
3195 667 3336 722 enim
3361 668 3492 724 mihi

1912 767 2024 812 a-te
2055 757 2304 812 talionem
2335 773 2476 823 cura:
2506 759 2688 828 parilis
2737 775 2841 814 non
2884 761 3088 829 negari.
3143 761 3364 830 Magnus
3399 777 3496 816 au-

1915 859 2020 901 tem
2052 847 2335 918 diligentiae
2369 848 2612 904 incentor
2635 857 2717 904 est
2761 865 2912 905 amor
2940 859 3078 905 tuus.
3110 851 3286 918 Quare
3327 853 3494 907 bene-

1915 940 2018 995 Ει-ἰί
2052 941 2170 995 loco
2190 941 2516 1009 exprobrare
2545 957 2650 996 non
2677 955 2916 1011 possum,
2940 942 3080 1012 quod
3104 959 3167 997 ex
3197 943 3378 998 debito
3401 943 3498 998 dc-

1917 1031 2050 1087 fero.
2087 1033 2204 1101 Ipse
2243 1034 2386 1088 enim
2431 1033 2526 1087 tibi
2573 1045 2760 1087 auctor
2794 1049 2853 1089 es
2900 1035 3200 1090 officiorum
3232 1050 3494 1100 meorum,

1919 1126 2322 1196 quae-scribendi
2351 1126 2664 1182 assiduitate
2682 1127 2957 1182 sollicitas.
2995 1127 3141 1183 Vale.

1972 1224 1974 1226 ⁷
2549 1220 2762 1277 EPIST.
2804 1219 2864 1276 C.

2375 1327 2681 1368 SYIMACIIUS
2720 1329 3038 1370 LONGIMANO.

1990 1401 2180 1459 Sentio
2207 1402 2334 1473 quid
2359 1403 2486 1458 mihi
2516 1403 2813 1458 affectionis
2833 1405 3059 1459 invicem
3082 1403 3296 1459 deferre
3320 1403 3504 1473 digne-

1922 1495 2017 1550 ris.
2047 1495 2152 1549 Sed
2184 1493 2803 1559 vehementeradmiror,
2850 1495 2991 1565 quod
3025 1495 3301 1550 dominum
3336 1494 3502 1548 filium

1925 1603 2100 1643 meum
2133 1588 2462 1652 Flavianum,
2487 1585 2575 1656 qui
2609 1596 2660 1642 te
2699 1587 2851 1653 parili
2887 1602 3072 1642 amore
3109 1587 3510 1657 complectitur,

1924 1697 2047 1750 erga
2080 1680 2344 1734 amicitias
2373 1689 2491 1735 tuas
2521 1680 2778 1749 imparem
2813 1694 2935 1735 esse
2964 1681 3286 1750 suspiceris.
3310 1681 3364 1736 Si
3413 1683 3508 1750 igi-

1930 1782 2013 1824 tur
2042 1771 2238 1840 aliqnid
2277 1771 2330 1825 in
2359 1771 2657 1826 assertione
2699 1784 2817 1825 mea
2857 1779 3012 1840 putas
3051 1784 3172 1825 esse
3211 1770 3506 1838 gravitatis,

230 1877 357 1917 suos
382 1859 577 1930 diligit
615 1859 740 1914 Haec
768 1868 943 1914 antem
976 1873 1184 1913 summa
1213 1865 1296 1913 est
1323 1855 1575 1912 desiderii
1617 1855 1742 1921 mei,
1768 1863 1823 1906 ut
1857 1842 1906 1900 Β
1931 1875 2026 1914 oro
2054 1869 2111 1915 ut
2142 1859 2442 1929 liujusmodi
2489 1860 2889 1929 persuasionem
2928 1874 3013 1914 me
3041 1871 3312 1914 assertore
3345 1858 3508 1929 depo-

231 1956 282 2009 in
326 1954 522 2009 animo
552 1961 642 2008 tuo
686 1953 918 2023 reperiat
951 1966 1192 2006 amorem
1235 1963 1358 2006 meo
1389 1948 1643 2005 similem.
1667 1947 1824 2002 Vale.

806 2041 1020 2099 EPIST.
1061 2041 1248 2098 XCVI.

708 2149 1016 2191 δηυοιιυε
1048 2148 1368 2190 ιοπῦηιλιεο.

302 2224 361 2279 In
391 2223 633 2280 favorem
661 2240 748 2280 me
766 2225 989 2297 Dynami
1008 2223 1328 2292 cohortaris,
1354 2222 1507 2292 cujus
1530 2222 1623 2278 tibi
1641 2237 1826 2278 amore

237 2329 344 2368 non
375 2316 663 2370 cesserim.
693 2315 786 2370 Est
814 2316 958 2370 enim
979 2315 1061 2370 vir
1084 2315 1288 2371 artium
1311 2315 1593 2382 bonarum,
1625 2314 1825 2382 cultus,

235 2416 484 2462 ornatus.
516 2406 710 2463 Libens
737 2406 917 2478 itaque
945 2408 999 2463 in
1027 2415 1174 2462 tuam
1201 2408 1442 2463 concedo
1481 2408 1826 2473 sententiam,

235 2499 570 2568 dignumque
605 2512 728 2554 esse
772 2497 1007 2568 praedico
1061 2499 1151 2570 qui
1186 2507 1372 2554 nostro
1401 2498 1576 2553 ordini
1617 2499 1830 2568 cOpnle-

237 2603 342 2647 tur.
373 2591 483 2648 Sed
513 2589 812 2660 adjicienda
839 2599 922 2648 est
940 2591 990 2647 ei
1021 2593 1373 2662 prmrogativa
1396 2591 1618 2657 militite,
1648 2601 1706 2646 ut
1731 2591 1828 2646 be—

238 2683 765 2739 neficio.alleetionis
797 2691 998 2739 utatur.
1033 2684 1127 2739 His
1153 2685 1356 2755 quippe
1392 2693 1598 2738 tantum
1648 2682 1828 2738 munia

236 2775 470 2831 relaxari
499 2776 690 2830 divalia
716 2777 1006 2832 constituta
1026 2776 1332 2844 voluerunt,
1375 2791 1512 2848 quos
1539 2775 1830 2832 castrensis

236 2869 412 2922 honor
447 2867 730 2923 illuminat.
772 2867 827 2924 Si
859 2867 1020 2938 igitur
1044 2877 1099 2924 et
1140 2868 1242 2923 hoc
1289 2868 1498 2939 insigne
1543 2866 1827 2933 detuleris,

234 2959 378 3028 qrtod
437 2973 775 3012 annonarum
815 2969 870 3014 et
904 2958 1240 3014 evectionum
1269 2959 1509 3014 cumulet
1561 2957 1827 3029 adjectlo,

236 3068 412 3122 prono
465 3066 627 3107 cursu
683 3053 734 3107 in
779 3052 1093 3108 consulares
1146 3053 1370 3120 legetur.
1415 3051 1592 3118 Quare
1644 3053 1694 3104 in
1741 3060 1830 3105 tua

236 3163 396 3201 manu
421 3155 512 3200 est
544 3157 596 3200 et
619 3146 758 3200 illius
789 3146 1058 3210 meritum,
1086 3152 1142 3200 et
1162 3161 1338 3200 meum
1361 3146 1594 3200 studium
1618 3143 1831 3213 supple-

1928 1964 2057 2016 nas;
2084 1959 2137 2005 et
2166 1950 2405 2020 expulsis
2425 1950 2653 2004 aliorum
2683 1951 2918 2004 susurris
2943 1951 3299 2005 constantiam
3329 1965 3510 2005 serves

1928 2043 2128 2096 sanctis
2159 2042 2398 2097 moribus
2421 2042 2524 2096 tuis
2552 2049 2607 2096 et
2627 2039 2877 2095 amicitiae.
2907 2050 3308 2111 congruentem.
3331 2040 3510 2106 Certe,

1922 2123 1998 2180 Si“.
2021 2135 2149 2204 quid
2198 2135 2251 2190 in
2296 2135 2539 2190 natitiam
2571 2142 2716 2188 tuam
2745 2133 2970 2188 aemulus
3009 2149 3186 2188 sermo
3233 2135 3511 2203 pervexit;

1930 2243 2141 2283 mecum
2172 2243 2357 2299 quaeso
2384 2227 2690 2298 participes,
2722 2237 2780 2283 ut
2805 2228 3124 2296 amaritudo,
3155 2243 3274 2296 quae
3299 2243 3361 2284 ex
3383 2229 3513 2283 alioc

1929 2335 2047 2374 rum
2080 2319 2478 2377 insimulatione
2514 2328 2771 2390 concepta
2815 2329 2915 2388 est,
2951 2320 3069 2376 fidis
3113 2321 3524 2392 purgationibus-

1931 2411 2185 2467 diluatur.
2222 2411 2376 2467 Vale.

2559 2501 2772 2559 EPIST.
2812 2503 2906 2559 CI:

2385 2593 2704 2651 'srtrmcuus
2744 2609 3064 2650 torrem-tuo.

2003 2689 2202 2746 Sancto
2233 2689 2464 2745 Eusebio
2490 2689 2723 2745 arbitror
2745 2703 2841 2756 pro
2864 2701 3071 2742 summa
3096 2685 3516 2746 commendatio-

1933 2783 2015 2838 nis
2036 2783 2304 2850 sufficere,
2329 2783 2470 2854 quod
2500 2797 2621 2839 eum
2669 2779 2798 2835 mihi
2840 2780 3097 2850 profiteor
3122 2779 3472 2848 approbatum
3501 2797 3514 2834 :

1933 2887 1986 2932 et
2016 2877 2138 2932 ideo
2165 2876 2347 2931 verbis
2395 2875 2639 2943 pluribus
2686 2873 2965 2927 elaborare
3006 2885 3111 2924 non
3155 2871 3344 2935 debeo,
3375 2879 3432 2924 ut
3467 2872 3516 2925 ei

1934 2976 2078 3022 tuam
2101 2967 2381 3021 conciliem
2412 2967 2758 3019 voluntatem.
2792 2964 3180 3030 Prmsumptum
3219 2962 3417 3032 quippe
3439 2972 3511 3016 te.-

1936 3073 2058 3122 neo,
2087 3058 2191 3120 Itis,
2215 3058 2306 3127 qui
2336 3057 2464 3111 mihi
2498 3055 2598 3109 fida
2627 3053 2882 3122 obsequia
2917 3053 3241 3117 detulerunt,
3277 3052 3513 3108 favorem

1937 3159 2083 3202 tuum
2107 3149 2326 3202 minime
2353 3148 2680 3202 defuturum.
2714 3145 2820 3199 Nos
2841 3159 2906 3198 ex
2943 3145 3203 3199 sententia
3235 3146 3511 3207 valemus;

237 3239 438 3293 mensis
474 3238 670 3292 talibus
698 3238 970 3306 adjuvare.
1019 3237 1228 3292 Interea
1256 3237 1416 3291 nimis
1459 3237 1646 3306 miror,
1688 3236 1828 3306 quod
1858 3213 1905 3276 θ
1938 3239 2167 3294 libenter
2195 3238 2448 3306 habituri,
2478 3238 2521 3294 si
2553 3235 2827 3307 sospitatis
2858 3243 2962 3290 tua:
2993 3235 3196 3291 litteras
3226 3251 3332 3290 non
3359 3252 3516 3306 nega-

238 3332 288 3385 in
319 3332 444 3386 viro
475 3329 668 3385 illustri
693 3330 946 3385 Flaviano
973 3331 1192 3386 domino
1212 3340 1264 3386 et
1288 3329 1398 3384 filio
1425 3345 1568 3400 meo,
1594 3345 1691 3385 nec
1709 3345 1833 3400 gra-

239 3423 366 3476 dum
400 3421 648 3486 honoris,
683 3437 783 3477 nec
824 3421 913 3492 jus
951 3423 1197 3478 amicitia:
1233 3424 1501 3492 cogitasti.
1545 3423 1676 3477 Nam
1707 3437 1838 3478 cum

241 3524 509 3582 [ir-astans
539 3516 829 3568 auctoritas
861 3523 945 3568 tua
973 3514 1316 3570 vinarii-titnli
1346 3514 1520 3569 debita
1543 3515 1828 3584 ﬂagitaret,

241 3620 408 3675 usque
430 3605 499 3658 ad
522 3604 688 3660 officii
713 3606 930 3660 multam
952 3606 1397 3661 condemnatione
1418 3620 1696 3675 progressa
1727 3615 1828 3660 est.

241 3697 523 3754 Patienter
552 3699 795 3764 admitte,
830 3714 1004 3768 neque
1024 3699 1416 3769 praefecturam,
1447 3715 1620 3770 neque
1649 3713 1834 3752 aman-

238 3791 512 3844 tissimum
564 3791 636 3843 tui
676 3791 848 3843 virum
897 3787 989 3845 tali
1039 3791 1361 3845 contumelia
1409 3790 1658 3845 debuisse
1705 3805 1831 3859 per-

235 3882 455 3952 stringi.
488 3881 684 3947 Quaeso
713 3881 892 3950 igitur,
941 3892 998 3935 ut
1027 3890 1227 3936 tantum
1264 3883 1313 3937 ei
1355 3883 1580 3952 posthac
1621 3882 1833 3938 deferre

236 3971 504 4041 digneris,
525 3981 778 4041 quantum
804 3972 898 4027 tibi
921 3971 1144 4027 invicem
1162 3974 1415 4028 convenit
1433 3973 1696 4035 exhiberi,
1721 3973 1833 4042 Ego

236 4077 387 4120 certe
402 4065 687 4118 amborum
713 4079 906 4133 parens
923 4064 1054 4118 nihil
1074 4081 1102 4119 a
1127 4076 1176 4119 te
1203 4067 1375 4134 patior
1393 4065 1639 4121 stridoris
1656 4081 1834 4120 emer-

235 4171 405 4227 gere:
437 4156 680 4223 quinimo
722 4156 981 4226 religiosis
1021 4157 1213 4212 officiis
1253 4173 1500 4215 crescere
1545 4159 1682 4215 inter
1737 4173 1834 4215 vos

236 4261 439 4302 causas
467 4246 638 4301 mutui
664 4247 862 4302 amoris
887 4257 1104 4318 exopto.
1136 4249 1290 4304 Vale.

812 4339 1026 4396 EPIST.
1069 4339 1276 4396 XCVII.

711 4445 1023 4487 SYIIACIIUS
1049 4448 1364 4489 LONGIMANO.

310 4521 448 4590 Cepi
477 4536 545 4576 ex
577 4520 767 4576 litteris
798 4522 901 4575 tuis
929 4522 1199 4592 gaudium,
1237 4531 1514 4593 postquam
1539 4522 1832 4579 familiares

241 4629 394 4669 meos
437 4612 506 4666 ad
544 4613 848 4681 HiSpauiam
896 4625 1260 4668 commeantes
1301 4613 1512 4683 adjutos
1558 4615 1830 4684 epistolari
1863 4584 1912 4644 θ

239 4703 981 4766 emnmendationedocuisti.
1011 4704 1188 4773 Quare
1209 4717 1478 4775 acceptam
1514 4708 1738 4778 gratiam
1778 4717 1834 4764 et

242 4813 428 4853 mente
450 4798 814 4861 contineo,.et
842 4811 938 4852 ore
961 4807 1258 4852 contestor.
1292 4798 1440 4854 Facit
1469 4809 1646 4853 autem
1683 4816 1834 4856 vere—

241 4890 438 4945 cundia
468 4898 588 4955 tua,
608 4896 666 4942 ut
693 4887 761 4943 de
785 4886 885 4942 hoc
905 4891 1118 4957 parcius
1143 4891 1364 4961 loquar;
1395 4890 1640 4946 affectum
1663 4893 1832 4963 enim,
1868 4910 1884 4927 ο

242 4997 352 5037 non
386 4982 550 5036 verba
579 4964 872 5036 desideras.
907 4980 1058 5037 Vale.

800 5071 1016 5127 EPIST‘.
1061 5072 1288 5130 XCVIII.

720 5179 1022 5219 SYMIACIIUS
1052 5181 1368 5220 LOSGIBANO.

307 5253 639 5309 Iamdudum
668 5253 999 5310 desideratas
1040 5256 1247 5310 litteras
1291 5265 1433 5322 tuas,
1466 5272 1605 5312 nunc
1645 5257 1842 5312 immo.

233 5350 358 5405 die:
389 5349 556 5402 animi
594 5349 954 5418 gratulatione
991 5351 1224 5418 suscepi.
1259 5349 1446 5404 Debita
1497 5351 1655 5420 igitur
1685 5367 1839 5407 reve-

235 5442 413 5497 rentia
453 5451 511 5495 et
548 5457 733 5495 amore
764 5442 1116 5510 respondens,
1149 5443 1364 5511 adjicio,
1412 5453 1466 5496 ut
1494 5443 1546 5497 in
1574 5443 1834 5512 reliquum

235 5537 591 5604 frequentare
618 5535 858 5604 digneris
886 5551 1078 5590 munus
1102 5535 1449 5605 voluptabile,
1475 5535 1617 5606 quod
1645 5545 1837 5605 sponte

237 5625 498 5681 tribuisti.
530 5625 638 5680 Sed
669 5627 793 5680 huic
818 5628 1084 5696 postulato
1113 5643 1218 5682 non
1251 5631 1384 5697 Opus
1412 5635 1496 5683 est
1537 5628 1834 5683 immorari.

234 5718 417 5787 Nerine
447 5717 596 5772 enim
630 5718 816 5786 petitio
840 5734 960 5774 mea
991 5719 1148 5777 debet
1177 5718 1399 5790 elicere,
1428 5719 1570 5790 quod
1600 5728 1685 5776 tua
1714 5735 1840 5792 pro-

239 5815 402 5868 mtttt
427 5812 755 5882 benignitas.
785 5811 938 5875 Vale.

1935 3333 2029 3390 ris.
2058 3332 2210 3387 Vale.

2555 3421 2769 3477 EPIST.
2811 3421 2922 3475 CII.‘

2229 3529 2539 3569 SYIIIACIIUS
2574 3527 2831 3568 PETRONIO
2862 3522 2915 3567 ει
2957 3527 3240 3568 ΡΛΊΊΠῙΙΝΟ.

2007 3608 2110 3663 I’ro
2131 3608 2358 3676 cognitis
2397 3615 2452 3662 et
2485 3606 2736 3674 probatis
2765 3619 2930 3674 pauca
2971 3605 3195 3659 dicenda
3241 3612 3384 3658 sunt.
3418 3605 3518 3661 Mei

1935 3699 2077 3754 enim
2103 3699 2286 3767 officii,
2310 3712 2415 3752 non
2447 3696 2529 3751 sui
2563 3698 2736 3752 meriti
2771 3696 3129 3750 testimonium
3159 3696 3351 3757 ferunt.
3381 3697 3521 3763 Qua-

1938 3802 2157 3861 pr0pter
2177 3791 2418 3845 laborare
2446 3802 2552 3843 non
2570 3789 2762 3856 debeo,
2794 3796 2849 3842 ut
2872 3789 3190 3856 prazstantia:
3210 3796 3400 3841 vestra:
3425 3788 3520 3843 do-

1937 3882 2064 3937 mini
2093 3893 2149 3938 et
2177 3881 2270 3936 filii
2302 3881 2406 3937 mei
2437 3881 2673 3935 Flaviani
2707 3880 2893 3934 merita
2917 3879 3286 3934 commendem
3310 3897 3323 3934 :
3351 3880 3521 3949 siqui-

1936 3975 2057 4030 dem
2087 3983 2239 4030 vetus
2281 3976 2420 4029 inter
2446 3989 2542 4028 vos
2574 3972 2808 4026 amicitia
2839 3980 3081 4026 vertetur
3104 3970 3168 4024 ad
3203 3984 3355 4024 usum
3405 3971 3522 4026 feli-

1936 4065 2156 4122 ciorem.
2190 4067 2291 4122 Mei
2319 4065 2582 4121 sermonis
2611 4064 2726 4117 haec
2753 4077 2959 4117 summa
2985 4071 3086 4130 est,
3119 4070 3178 4117 ut
3208 4062 3258 4116 in
3297 4063 3528 4130 patriam

1936 4159 2103 4214 redux
2143 4158 2244 4213 sibi
2295 4165 2609 4227 perpetuum
2659 4168 2898 4209 amorem
2939 4166 3199 4220 vestrum,
3229 4154 3364 4208 mihi
3403 4169 3522 4207 mtt-

1938 4260 2082 4305 tuam
2114 4257 2354 4319 reportet
2375 4248 2772 4302 salutationem.
2806 4246 3010 4300 Valete.

2533 4339 2750 4395 EPIST.
2791 4339 2924 4393 CIII.

2239 4445 2545 4486 εγιωλειιοε
2579 4445 2840 4484 ΡΕἹἮΟΝΙΟ
2867 4438 2918 4484 CI
2942 4443 3218 4483 PATRUINO.

2008 4527 2147 4595 Opto
2177 4537 2234 4579 ut
2274 4524 2412 4578 lianc
2448 4523 2825 4577 salutationem
2849 4523 3048 4592 vigoris
3091 4522 3298 4591 integer
3326 4528 3380 4574 et
3411 4536 3525 4590 pro-

1938 4617 2110 4686 speris
2161 4615 2314 4668 Iactus
2355 4614 2605 4683 accipias.
2638 4612 2903 4668 Tradetur
2941 4621 3118 4667 autem
3162 4613 3227 4666 ad
3263 4613 3524 4683 Optimum
3611 4597 3616 4603 ’

1940 4710 2110 4763 virum
2141 4706 2498 4771 Desiderium,
2538 4706 2624 4759 cui
2661 4706 2946 4759 maximam
2995 4705 3206 4759 Iaudem
3248 4715 3377 4774 para
3419 4705 3528 4760 vita

1939 4798 2209 4855 conciliat.
2234 4799 2410 4852 Testis
2436 4795 2551 4850 haec
2575 4795 2735 4850 officii
2771 4797 2871 4851 mei
2906 4797 3127 4866 pagina;
3154 4797 3382 4851 relatura
3408 4797 3529 4865 pltt-

1943 4892 2135 4946 rimum
2170 4888 2315 4954 boni,
2343 4889 2386 4944 si
2414 4897 2464 4943 te
2505 4903 2727 4956 pronum
2758 4887 2812 4941 in
2839 4886 3127 4941 amicitiam
3159 4887 3416 4942 tradentis
3442 4896 3530 4941 at~

1945 4985 2184 5038 traxerit.
2203 4981 2333 5035 Nam
2359 4990 2415 5034 ut
2441 4979 2766 5049 respondere
2787 4979 3043 5048 digneris,
3069 4978 3374 5032 enitendum
3398 4978 3528 5033 mihi

1945 5093 2042 5148 pro
2071 5087 2161 5132 tuo
2203 5089 2386 5129 amore
2421 5074 2807 5126 notrarbitror.
2840 5071 2963 5125 llaec
2989 5086 3089 5123 una
3126 5071 3232 5124 voti
3266 5071 3368 5124 mei
3398 5085 3527 5125 cura

1941 5180 2043 5235 cst,
2097 5177 2157 5222 ut
2203 5165 2436 5218 favorem
2486 5162 2892 5217 commendatus
2932 5161 3193 5229 acquirat,
3241 5160 3529 5229 redeatque

1943 5261 2184 5316 laudator
2214 5257 2597 5314 beneficiorum
2649 5265 2894 5317 tuorum;
2936 5269 3164 5322 quorum
3207 5252 3411 5307 utilitas
3461 5252 3528 5304 ad

1943 5355 2085 5408 illitts
2115 5350 2478 5413 commodum,
2518 5347 2604 5401 ad
2637 5360 2813 5400 meum
2856 5359 3073 5399 sensum
3117 5345 3399 5414 gratulatio
3442 5356 3530 5396 re-

1940 5443 2217 5500 dundabit.
2250 5441 2400 5496 VaIe.

2546 5529 2758 5586 EPIST.
2800 5526 2933 5583 CIV.

2231 5639 2534 5680 εῖωιιιεηυε
2564 5637 2820 5677 PETRONIO
2851 5628 2904 5675 ει
2930 5629 3210 5673 ΡΑτιιυιΝο.

2019 5718 2184 5773 Video
2211 5716 2449 5772 Flaviani
2489 5714 2582 5768 filii
2622 5713 2724 5767 mei
2757 5712 3016 5765 honorem
3071 5712 3350 5777 proriterea
3399 5705 3531 5762 huc—

1943 5809 2381 5882 usquejacuisse,
2411 5817 2472 5864 ut
2499 5807 2547 5863 ei
2574 5804 2722 5861 testis
2750 5800 2944 5857 melior
2969 5799 3234 5858 eveniret.
3258 5797 3539 5856 lncidcrat
