4046 6170
529 359 643 419 δΘῚί

1706 352 1763 420 ρ.
1806 349 2150 406 Αυιιιῑιιυε
2187 349 2620 409 SYMMACIIUS.

3686 350 3783 405 308

530 470 583 526 in
611 463 823 539 tyranni
855 462 1114 533 justitiam
1149 459 1350 530 judicio
1379 459 1639 514 bonorum
1674 468 1973 529 temporum
2020 474 2109 515 ree
2141 466 2188 523 Α
2214 462 2545 531 aHegataque
2586 462 2640 516 in
2663 460 2864 532 judicio
2908 462 3235 518 monimenta
3278 464 3615 534 placitorum,
3649 464 3793 522 illius

528 554 846 612 servandus.
894 553 997 608 Sed
1050 552 1299 622 prtestitit
1349 550 1426 605 illi
1478 549 1700 605 amissio
1754 551 2110 619 prmfecturm,

528 645 670 715 quod
690 643 909 698 mutavit
929 651 1222 697 auctorem.
1243 640 1375 709 Quae
1395 639 1561 710 igitur
1579 641 1742 701 verba
1771 649 1974 697 tantum
1998 656 2115 696 mu-

529 751 631 791 nus
658 734 977 805 aequabunt?
1016 731 1354 801 Conjungite,
1388 747 1485 786 oro
1509 746 1627 797 vos,
1671 732 1844 798 nobis,
1877 732 1941 786 ad
1978 732 2116 788 refe-

529 825 727 881 rendas
757 824 1014 893 praecelsa
1040 823 1171 877 viro.
1189 822 1410 892 gratiast
1451 820 1581 875 Nam
1612 836 1733 875 cum
1773 822 1969 891 singuli
1998 824 2114 877 vin-

530 930 717 972 camur
745 915 822 969 rei
845 913 1239 984 magnitudine,
1257 927 1393 982 opus
1418 923 1496 968 est
1522 912 1885 973 laudatoribus
1906 914 2109 980 multis,

530 1021 591 1073 ut
629 1026 893 1084 numerus
930 1012 1150 1082 impleat
1176 1009 1537 1067 onus-debiti.
1573 1010 1641 1067 Et
1684 1026 1817 1067 sane
1862 1010 2113 1067 dominus

529 1104 761 1172 pectoris
785 1103 973 1174 mei,a
1006 1117 1116 1173 quo
1168 1102 1462 1172 proiectum
1500 1111 1583 1156 est
1626 1101 1969 1167 beneﬁcium,
2000 1118 2107 1157 non

528 1209 597 1247 ex
626 1193 846 1250 alterius
869 1193 1063 1256 verbis,
1095 1191 1190 1250 sed
1218 1206 1286 1247 ex
1310 1191 1503 1261 gaudio
1523 1191 1867 1246 conscientiae
1889 1207 2109 1247 mensm.

529 1301 645 1345 ram
687 1285 810 1343 facti
856 1285 937 1339 sui
974 1282 1175 1354 colligit
1213 1301 1225 1335 :
1276 1297 1378 1343 nec
1418 1282 1639 1351 ignorat
1660 1282 1783 1337 talia
1822 1298 1964 1348 esse,
1995 1298 2113 1351 qua:

529 1386 771 1446 praestat,
798 1385 857 1432 ut
883 1377 1099 1431 vincant
1127 1374 1609 1443 spemsolutionis.
1634 1373 1742 1428 Nos
1774 1384 1951 1432 tamen
1985 1390 2108 1445 gra-

530 1468 617 1523 tim
640 1467 835 1534 vicem,
868 1467 973 1521 lide
999 1464 1247 1526 amicitiae
1269 1473 1326 1519 et
1344 1464 1699 1522 observantia:
1722 1466 2108 1534 rependcmus:

530 1560 825 1629 damusque
853 1559 976 1614 huic
1009 1558 1100 1613 rei.
1129 1556 1344 1612 obsides
1390 1556 1622 1623 animos,
1664 1558 1858 1627 quibus
1905 1559 2113 1614 satisfa-

528 1654 679 1717 ciunt
706 1650 861 1707 liberi
900 1649 1034 1705 lucis
1063 1648 1392 1710 auctoribus.
1434 1649 1542 1707 Piis
1568 1652 1709 1707 enim
1747 1653 2110 1712 contractibus

529 1759 682 1803 amor
706 1741 923 1804 sufﬁcit.
956 1742 1109 1800 Vale.

1133 1833 1347 1889 EPIST.
1379 1834 1487 1890 CV.

1004 1939 1308 1979 SYIIACHIJS
1346 1940 1625 1989 ιιΑτιιυιΝο,

600 2014 925 2083 AgendisD.
953 2015 1021 2070 Mi.
1068 2015 1253 2070 comiti
1296 2016 1753 2072 excellentissimo
1783 2019 1899 2072 viro
1922 2020 2108 2087 gratiis

530 2119 628 2172 par
646 2120 770 2160 esse
801 2114 1114 2174 nonpotest
1149 2102 1497 2171 mediocritas
1522 2107 1811 2197 veLborum
1840 2123 2103 2163 meorum.

527 2195 646 2250 Tibi
666 2196 838 2273 “igitur
868 2196 970 2252 hoc
995 2211 1188 2252 munus
1218 2197 1459 2269 injungo,
1484 2205 1545 2252 ut
1571 2195 1640 2253 de
1668 2198 1963 2269 impetratis
1986 2214 2109 2255 eve-

529 2287 800 2347 ctionibus
831 2286 883 2341 in
917 2286 1300 2343 adminiculum
1325 2289 1592 2357 praetoria:
1617 2288 1925 2354 lunctionis,
1961 2290 2109 2346 habi-

534 2392 643 2439 tnm
680 2380 877 2433 mentis
920 2393 1054 2433 meae
1083 2379 1223 2447 apud
1261 2393 1382 2435 eum
1414 2378 1621 2447 plenius
1652 2381 1962 2449 exsequeris
1992 2399 2006 2435 :
2038 2381 2110 2435 si-

530 2471 747 2543 mulque
774 2470 1010 2541 digneris
1037 2470 1190 2539 eniti,
1217 2478 1274 2524 ut
1300 2471 1353 2525 in
1382 2486 1495 2526 rem
1519 2472 1697 2525 missis
1727 2472 1872 2527 celer
1896 2472 1963 2526 ad
1989 2473 2108 2526 llis-

531 2560 717 2631 panius
776 2561 1029 2615 transitus
1068 2561 1404 2631 impetretur.
1467 2562 1682 2631 Appetit
1719 2563 1862 2619 enim
1899 2572 2107 2632 tempus

529 2649 807 2717 editionis,
848 2660 1129 2720 metusque
1158 2651 1289 2707 mihi
1323 2660 1407 2707 est
1436 2666 1505 2707 ne
1550 2666 1813 2722 equorum
1840 2655 2103 2709 curulium

528 2741 677 2796 tarda
703 2744 994 2812 coemptio,
1042 2752 1098 2797 et
1132 2758 1347 2799 morosa
1383 2744 1634 2800 deductio
1661 2746 1906 2802 sollicitis
1934 2757 2110 2803 arcte-

529 2842 616 2891 tur
641 2835 920 2903 angustiis.
958 2836 1033 2891 De
1059 2835 1161 2892 hoc
1187 2837 1348 2893 etiam
1369 2838 1654 2895 sublimem
1687 2842 1858 2895 virum
1884 2850 1940 2897 et
1965 2858 2104 2913 pra:-

526 2924 965 2982 ceilentissimum
996 2929 1270 2995 comitem,
1294 2932 1921 3000 securusimpetratiouis
1934 2935 2102 2992 oravi.

528 3016 710 3085 Adjeci
756 3030 1018 3088 praiterea
1068 3022 1544 3089 commonitorem,
1594 3025 1747 3094 cujus
1786 3026 2106 3097 sull'ragator

528 3123 558 3162 e
589 3123 651 3164 se
688 3108 995 3179 dignaberis
1028 3129 1041 3164 :
1072 3120 1133 3166 ut
1161 3113 1206 3166 si
1246 3115 1475 3170 molesta
1511 3116 1696 3185 petitio
1725 3133 1832 3175 non
1870 3118 2100 3183 videtur,

534 3202 828 3259 familiares
869 3217 1052 3270 meos,
1090 3204 1231 3259 datis
1264 3206 1329 3259 ad
1374 3207 1682 3275 potissimos
1730 3209 2101 3279 Hispaniarum

531 3292 745 3366 litteris,
771 3302 1144 3363 prosequatur.
1176 3294 1318 3351 Satis
1347 3296 1546 3353 dictum
1586 3308 1689 3355 est.
1721 3299 1778 3355 Si
1807 3301 1933 3371 quid
1960 3303 2109 3358 aliud

527 3386 632 3437 tuis
662 3384 880 3440 auribus
920 3385 1214 3442 amicorum
1246 3403 1489 3444 meorum
1530 3404 1710 3446 sermo
1750 3395 2098 3464 suggesserit,

525 3489 643 3541 orn,
680 3484 738 3529 ut
767 3476 821 3540 in
848 3491 1032 3532 curam
1058 3480 1231 3535 sancti
1256 3489 1312 3536 et
1340 3479 1635 3541 ﬁdelissimi
1657 3486 1891 3555 pectoris
1921 3488 1996 3543 tui
2019 3503 2103 3543 re-

525 3565 707 3635 cipere
743 3581 849 3623 non
880 3568 1138 3638 graveris.
1173 3570 1323 3626 Vale.

1123 3664 1341 3721 EPIST.
1364 3665 1498 3722 CVI.

992 3767 1299 3810 εικωιειιυε
1340 3771 1619 3812 ΡΔτΙωιΝΟ.

600 3843 769 3898 Amor.
796 3851 1012 3898 mutuus
1059 3845 1264 3900 facit-ut
1282 3848 1385 3903 tibi
1412 3863 1605 3904 extusu
1632 3865 1752 3907 meo
1774 3852 2101 3922 agendadev-

523 3933 718 4001 legem.
758 3934 890 3989 Cum
928 3936 1086 4005 igitur
1129 3938 1225 3993 lilii
1262 3938 1668 4009 meiprtetoria
1708 3942 1885 3999 instet.
1909 3944 2097 4011 editio,

521 4038 683 4090 quam
712 4024 793 4079 vir
820 4024 1041 4081 illustris
1076 4040 1284 4094 comes,
1326 4030 1471 4084 omni
1501 4031 1754 4087 virtutum
1779 4048 1977 4103 genere
2000 4049 2094 4091 su-

522 4113 896 4179 blimissimus,
940 4117 1053 4171 suis
1076 4119 1440 4175 evectionibus
1474 4120 1666 4190 juvare
1701 4123 1952 4194 dignatus
1977 4135 2092 4190 est,

520 4205 847 4274 coemptioni
877 4221 1140 4275 equorum
1168 4210 1435 4267 curulium
1462 4214 1710 4269 celeritas
1739 4215 2093 4271 admovenda.

520 4296 698 4368 Quare
719 4309 901 4365 quaeso
946 4306 998 4352 tc
1029 4308 1084 4352 ut
1103 4298 1389 4357 familiares
1410 4316 1559 4358 meos
1578 4304 1643 4358 ad
1666 4293 1947 4375 Hispanias
1970 4308 2095 4362 mis-

518 4400 607 4444 sos
634 4385 779 4439 nulla
808 4386 1031 4443 tarditas
1052 4388 1362 4448 demoretur
1388 4410 1402 4445 :
1432 4408 1575 4463 quos.
1592 4398 1959 4451 commendari
1991 4398 2096 4453 tui)

518 4474 712 4530 litteris
733 4475 875 4543 volo,
900 4487 957 4531 ut
988 4477 1089 4533 illis
1112 4480 1305 4536 merita
1333 4490 1422 4538 tua
1443 4484 1800 4556 Hispanorum
1825 4489 2091 4544 mentibus

519 4565 777 4634 impressa
802 4567 1056 4637 sull‘ragio
1082 4570 1211 4626 sint.
1240 4571 1392 4629 Vale.

716 4694 755 4718 ο
1099 4661 1314 4719 EPIS'I‘.
1344 4664 1504 4720 CVII.

991 4766 1304 4810 εῖιιιιριειιυε
1331 4772 1614 4814 ΡΑτιιυιιιο.

585 4840 780 4898 Juliani
822 4844 1041 4911 Agentis
1078 4846 1133 4899 in
1170 4847 1332 4905 rebus
1363 4850 1664 4906 molestiam
1703 4855 1852 4921 novi,
1888 4857 2092 4912 natales

517 4932 705 4998 probo.
736 4932 1003 4989 fortunam
1034 4935 1212 4992 doleo.
1246 4938 1517 4995 Fatalihus
1563 4942 1707 4997 enim
1740 4944 1899 4999 malis
1918 4945 2007 5004 diu
2039 4958 2093 5002 et

517 5021 748 5086 graviter
776 5024 1071 5081 exhaustus
1094 5036 1199 5083 est.
1249 5027 1355 5086 Sed
1384 5030 1549 5086 credo
1571 5047 1693 5087 cum
1723 5048 1788 5089 eo
1826 5034 2004 5089 omnia
2033 5036 2084 5090 in

516 5108 741 5175 gratiam
772 5113 1029 5181 reditura,
1056 5117 1102 5171 si
1131 5117 1427 5185 patrocinio
1453 5128 1545 5175 tuo
1574 5130 1629 5176 et.
1657 5121 1984 5178 humanitate
2011 5124 2088 5179 fo-

520 5208 726 5260 veatur.
777 5200 939 5258 Plura
980 5220 1086 5261 non
1128 5205 1321 5274 dicam,
1366 5222 1487 5264 cum
1537 5211 1809 5281 praeclaris
1851 5211 2091 5268 moribus

519 5290 624 5350 tuis
650 5292 907 5350 familiare
941 5295 1010 5351 sit
1051 5299 1170 5368 opis
1196 5300 1405 5371 indigos
1429 5301 1729 5369 sublevare,
1761 5312 1815 5359 et
1842 5303 1966 5360 huic
1993 5320 2087 5373 pe-

518 5384 689 5440 titioni
732 5399 875 5443 meae
920 5387 1081 5443 etiam
1130 5398 1239 5445 tua:
1280 5394 1477 5448 mentis
1528 5404 1718 5448 natura
1765 5395 2086 5452 consentiat.

513 5478 662 5535 'Valc.

1090 5574 1305 5630 EPIST.
1337 5576 1513 5631 CVIII.

990 5682 1294 5721 εῖιιιιιιειιυε
1332 5682 1612 5722 PATRUIKO.

591 5752 717 5813 Ρυει
744 5769 1059 5813 consensum
1088 5756 1338 5831 partium,
1367 5766 1485 5829 post
1504 5756 1773 5815 vinculum
1802 5759 2084 5831 pactionis,

2214 569 2364 610 meus
2403 554 2724 610 Caecilianus
2759 554 2937 609 denuo
2967 553 3035 610 ad
3077 555 3280 610 incerta
3330 556 3441 611 litis
3477 554 3777 613 attrahitur.

2214 647 2351 703 Nota
2395 656 2479 703 est
2528 648 2622 702 tibi
2658 647 2888 717 qualitas
2925 661 3123 713 causae,
3171 649 3365 704 merito
3402 649 3595 703 omitto
3631 664 3780 704 com-

2216 749 2363 810 perta
2389 740 2528 809 stylo
2547 739 2784 809 exsequi.
2814 739 2925 793 Hoc
2946 748 3151 794 tantum
3181 739 3249 793 de
3274 749 3461 795 sancto
3487 741 3668 794 animo
3696 750 3780 796 tuo

2214 833 2554 902 impetratum
2586 831 2729 897 volo,
2778 841 2837 886 ut
2874 830 3067 886 iisdem
3114 831 3341 896 viribus,
3390 832 3584 901 quibus
3624 832 3785 886 lucta-

2215 923 2356 977 mina
2379 920 2600 984 sedasti,
2634 921 2875 991 repetitas
2909 920 3176 977 medearis
3198 920 3445 990 injurias:
3477 921 3597 990 quia
3630 921 3786 990 justi-

2214 1012 2355 1066 tiam.
2371 1021 2516 1066 tuam
2537 1010 2701 1066 debet
2720 1012 2896 1066 acrius
2927 1010 3151 1067 incitare
3172 1010 3456 1067 adversum
3488 1010 3648 1068 tidem
3673 1012 3784 1082 pla-

2214 1103 2490 1173 citi-rupta
2515 1101 2823 1160 concordia.
2858 1101 3011 1157 Vale.

2814 1191 3029 1248 EPIST.
3052 1191 3189 1250 CIX.

2699 1300 3004 1341 ςῖιιιιιιοιιυε
3030 1299 3313 1339 ιηιτιιιιιιιο.

2283 1376 2478 1447 Aperta
2500 1384 2584 1432 est
2596 1375 2910 1445 improbitas
2934 1390 3118 1431 eorum
3157 1376 3246 1446 qui
3288 1374 3549 1430 reducunt
3577 1374 3628 1429 in
3651 1390 3789 1445 quae.

2214 1468 2445 1523 stionem
2474 1467 2810 1537 pactionibus
2852 1466 3158 1529 terminata,
3193 1473 3249 1520 et
3277 1481 3373 1536 per
3402 1466 3784 1535 impatientiam

2212 1557 2406 1629 quietis
2456 1557 2614 1612 linem
2632 1555 2793 1626 jurgii
2819 1556 3052 1611 secunda
3076 1556 3170 1611 lite
3190 1567 3539 1611 commutant.
3559 1558 3786 1612 Estima

2213 1648 2372 1717 igitur
2401 1647 2494 1702 lilii
2533 1647 2637 1702 mei
2675 1647 2945 1703 Caeciliani
2975 1646 3239 1709 dolorem,
3280 1650 3366 1702 cui
3405 1649 3571 1702 otium
3601 1648 3786 1702 conci-

2211 1739 2344 1796 liare
2370 1755 2476 1796 non
2500 1739 2673 1809 potuit
2696 1739 2906 1797 damnis
2930 1738 3237 1808 patrimonii
3265 1748 3442 1809 empta
3474 1739 3783 1793 concordia.

2140 1821 2187 1881 Β
2213 1834 2341 1887 Nam
2364 1830 2636 1887 reducitur
2662 1833 2715 1886 in
2757 1830 3038 1900 longinqua
3059 1829 3277 1899 judicia,
3308 1829 3502 1901 quibus
3526 1829 3706 1892 facile,
3740 1831 3785 1884 si

2207 1922 2517 1993 sull'ragium
2560 1921 2777 1986 tuleris,
2826 1929 3085 1976 eruetur:
3121 1929 3203 1974 est
3244 1919 3386 1974 enim
3436 1918 3492 1972 in
3537 1929 3587 1974 te
3627 1928 3789 1991 atque

2211 2013 2374 2069 fratre
2403 2023 2588 2083 portus
2607 2012 2868 2077 omnium,
2900 2024 3035 2081 quos
3063 2008 3281 2065 fortuita
3308 2010 3623 2065 sollicitant.
3647 2011 3790 2064 ’l‘ro-

2212 2104 2371 2161 lisior
2402 2104 2453 2158 in
2483 2103 2715 2172 petendo
2739 2116 2846 2157 non
2880 2116 3002 2158 esse
3031 2100 3227 2169 debeo,
3257 2116 3381 2156 cum
3412 2116 3587 2156 causa:
3615 2102 3789 2170 quali-

2210 2203 2312 2259 tas,
2357 2204 2414 2249 et
2458 2202 2545 2248 tua
2577 2192 2783 2263 justitia
2813 2192 2933 2261 plus
2983 2191 3052 2248 dc
3093 2200 3146 2249 te
3193 2191 3391 2248 favoris
3428 2206 3587 2263 quam
3636 2207 3790 2248 meus

2210 2286 2546 2343 interventus
2579 2285 2778 2341 eliciat.
2812 2285 2968 2340 Vale.

2822 2375 3034 2431 EPIST.
3065 2373 3176 2430 CX.

2689 2481 2997 2521 εγιιιιΑοιιυδ
3022 2482 3302 2522 ινιτιιυικο.

2281 2559 2394 2613 Duo
2415 2558 2482 2614 ad
2526 2573 2614 2615 me
2644 2558 2781 2615 bona
2811 2558 2997 2627 parilis
3027 2559 3311 2628 voluptatis
3342 2567 3584 2617 recentes
3615 2562 3791 2617 nuntii

2210 2651 2549 2722 pertulerunt
2575 2659 2667 2707 :ot
2691 2665 2788 2706 vos
2813 2649 2975 2720 justis
3012 2650 3272 2707 honorum
3300 2652 3540 2707 crevisse
3567 2667 3791 2721 proces-

2207 2741 2379 2806 sibus,
2412 2749 2467 2796 et
2489 2740 2714 2796 domino
2740 2754 2805 2795 ac
2831 2740 2942 2795 lilio
2969 2755 3093 2796 meo
3129 2739 3385 2796 Flaviano
3420 2740 3653 2795 fructum
3687 2742 3791 2809 pri-

2209 2836 2314 2891 vati
2352 2835 2449 2891 otii
2488 2848 2607 2890 esse
2635 2834 2894 2893 delatum.
2925 2834 3146 2904 Sumpta
3192 2834 3348 2903 igitur
3390 2835 3601 2903 gemina
3653 2833 3782 2899 fide,

2209 2935 2417 2983 vestras
2431 2927 2631 2982 litteras
2653 2941 2814 2997 super
2832 2925 2935 2981 hoc
2958 2935 3267 2995 exspectare
3287 2926 3464 2993 debui,
3484 2940 3620 2996 quas
3642 2941 3733 2981 res:
3748 2927 3790 2979 i-

2210 3018 2346 3073 mavi
2374 3032 2470 3089 per
2496 3019 2874 3073 verecundiam
2897 3015 3238 3071 diﬂ'erendas.
3269 3016 3446 3083 Quare
3470 3018 3789 3072 azstimatio-

2209 3127 2334 3169 nem
2365 3112 2561 3168 lmlitiar
2603 3126 2739 3168 mea
2782 3111 2936 3167 vobis
2981 3110 3265 3178 relinquo:
3294 3109 3417 3178 quia
3467 3124 3787 3164 mensuram

2209 3203 2327 3273 ejus
2351 3204 2419 3260 de
2445 3212 2623 3259 vestro
2647 3204 2700 3258 in
2748 3217 2847 3257 nos
2873 3216 3060 3256 amore
3087 3200 3355 3270 colligitis.
3390 3199 3494 3256 Sed
3529 3200 3613 3254 his
3643 3216 3785 3270 gau-

2206 3296 2311 3351 diis
2336 3295 2500 3352 etiam
2531 3295 2619 3349 illa
2647 3302 2777 3364 opto
2801 3292 3076 3363 conjungi,
3124 3307 3244 3361 quae
3287 3290 3354 3345 de
3379 3292 3632 3361 praetoria
3663 3290 3790 3345 edi-

2206 3389 2350 3445 tione
2372 3388 2466 3443 lilii
2495 3389 2601 3443 mei
2617 3386 2729 3457 jam
2757 3385 2964 3459 pridem
2992 3384 3254 3453 postulata
3283 3382 3625 3438 meministis.
3649 3382 3789 3438 Nam

2205 3479 2553 3535 vehementer
2589 3478 2846 3543 admiror,
2871 3476 3033 3547 justis
3059 3484 3114 3532 et
3142 3474 3468 3531 solemnibus
3493 3473 3792 3530 desideriis

2205 3571 2439 3627 nondum
2475 3570 2726 3627 arrisisse
2751 3584 2973 3625 sacrum-7
2993 3567 3336 3636 rescriptum.
3365 3566 3555 3635 Itaque
3575 3580 3784 3620 secun-

2203 3663 2285 3717 dis
2328 3663 2524 3718 litteris
2555 3674 2742 3717 rursus
2777 3659 2924 3716 oravi
2945 3668 3050 3729 ,_ut
3078 3659 3367 3728 petitiones
3402 3658 3528 3712 nulli
3558 3670 3789 3726 graves,

2203 3755 2337 3810 mihi
2360 3770 2489 3811 vero
2514 3753 2803 3824 jucundas,
2833 3752 3026 3824 quibus
3055 3753 3215 3805 missa
3257 3751 3461 3820 pariter
3487 3749 3650 3804 etiam
3685 3750 3791 3803 mi-

2202 3863 2391 3903 norum
2414 3847 2816 3916 magistratuum
2840 3845 3081 3915 exempla
3100 3843 3455 3913 suﬂ‘ragantur
3471 3885 3487 3909 ,
3518 3842 3789 3910 benigne,

2204 3947 2261 3992 ut
2285 3952 2401 3993 mos
2429 3938 2546 4006 ejus
2574 3946 2680 4005 est,
2713 3936 2849 3992 tradi
2874 3936 3057 4006 jubeat
3082 3934 3313 3990 ell'ectui.
3341 3933 3447 3989 Sed
3478 3933 3793 3988 beneﬁcen-

2203 4031 2333 4085 tiam
2360 4031 2491 4085 tanti
2512 4028 2635 4093 viri,
2665 4027 2750 4083 cui
2777 4041 2993 4095 semper
3020 4025 3267 4094 voluptas
3295 4033 3380 4081 est
3415 4039 3575 4093 supra
3626 4039 3793 4091 spem

2201 4134 2392 4189 magna
2433 4126 2713 4188 praestare,
2761 4115 3145 4186 promptiorem
3180 4129 3275 4185 spe
3312 4113 3665 4178 reddendam,
3716 4114 3791 4179 si,

2198 4220 2259 4266 ut
2286 4211 2589 4280 lrequenter
2628 4208 2871 4278 poposci,
2922 4205 3121 4261 vestris
3165 4203 3618 4261 admonitionibus
3645 4218 3791 4274 pro-

2198 4313 2435 4358 vocetur.
2481 4299 2627 4357 Vale.

2789 4367 3006 4425 EPIS’I‘.
3037 4365 3179 4424 CXI.

2673 4472 2985 4515 εγιιιιοιειιυε
3014 4473 3294 4514 PATRCINO.

2118 4543 2173 4606 D
2269 4553 2506 4608 Fratrem
2531 4565 2707 4606 meum
2730 4552 2982 4606 Severum
3008 4549 3178 4603 multo
3201 4559 3450 4603 sermone
3477 4559 3796 4617 proseque-

2198 4660 2305 4711 rer,
2338 4643 2381 4697 si
2412 4658 2549 4697 novo
2577 4640 2722 4696 aditu
2748 4640 3038 4697 amicitiam
3080 4647 3222 4693 tuam
3248 4647 3475 4708 peteret,
3506 4648 3597 4695 aut
3636 4652 3799 4706 pra:-

2196 4733 2447 4788 dicationi
2488 4722 2757 4803 ingenium
2788 4730 2905 4801 ejus
2928 4730 3259 4789 conveniret.
3293 4729 3458 4783 Pareo
3490 4728 3657 4797 igitur
3691 4743 3799 4782 co-

2197 4827 2317 4894 pim,
2348 4834 2543 4895 tuoque
2567 4824 2793 4894 judicio,
2826 4833 2883 4876 ut
2907 4822 3113 4892 justitia
3144 4820 3431 4890 diligentiae
3461 4827 3567 4873 ture
3593 4820 3799 4889 potius

2199 4918 2454 4979 voluntati
2482 4932 2640 4987 quam
2671 4913 3017 4971 meis'litteris
3043 4913 3361 4984 applicetur.
3394 4911 3544 4966 Vale.

2774 5028 2988 5083 EPIST.
3013 5027 3179 5083 CXII.

2667 5137 2976 5178 εικιιιειιυε
3006 5137 3290 5177 Ριτιιιιιιιο.

2262 5211 2393 5269 Cum
2417 5212 2509 5267 tibi
2539 5213 2777 5267 omnium
2802 5228 3043 5266 meorum
3071 5226 3199 5265 cura
3225 5209 3486 5279 praecipua
3516 5210 3606 5271 sit,
3634 5223 3804 5279 ιιι-τε-

2195 5320 2349 5362 sumo
2378 5305 2489 5359 tilio
2519 5317 2641 5359 meo
2682 5301 2936 5359 Arcentio
2962 5300 3241 5370 spectabili
3268 5300 3404 5365 viro,
3437 5314 3594 5368 quem
3647 5301 3803 5355 mihi

2193 5395 2432 5464 adjungit
2451 5393 2705 5458 afﬁnitas,
2730 5391 2971 5446 intimam
3000 5388 3412 5448 familiaritatem
3444 5398 3585 5443 tuam
3612 5403 3809 5457 posse

2194 5486 2445 5556 reserari,
2477 5500 2633 5557 quam
2678 5485 2871 5540 merito
2900 5484 2975 5541 illi
3004 5492 3061 5539 et
3091 5483 3214 5538 vitae
3254 5485 3439 5547 decus,
3475 5490 3529 5536 et
3558 5480 3810 5538 familia:

2193 5577 2480 5645 antiquitas
2520 5573 2792 5630 conciliat.
2847 5573 2941 5629 llis
2987 5573 3221 5643 propriis
3260 5572 3381 5641 ejus
3420 5571 3570 5627 bonis
3604 5571 3811 5629 etiam

2195 5683 2326 5722 mea:
2375 5681 2563 5736 preces
2608 5666 2660 5720 in
2703 5674 3049 5732 augmentum
3094 5661 3576 5717 commendationis
3617 5675 3810 5718 acce-

2190 5759 2327 5817 dunt
2361 5774 2374 5812 :
2405 5768 2460 5813 ιιι
2494 5759 2646 5826 plane
2675 5756 2919 5814 dubitare
2952 5771 3055 5810 non
3093 5753 3292 5825 possim
3346 5750 3686 5812 cumulatius
3719 5755 3812 5826 ei,
