4046 6170
256 279 356 336 309
514 321 548 350 κ

1437 245 1919 332 summa:
1961 273 2162 329 LIBER
2205 273 2312 329 vn.

3415 251 3525 334 sto

255 402 426 440 uncum
475 384 862 450 testimonium,
908 391 962 440 et
997 390 1148 438 tuum
1179 381 1436 452 judicium
1467 371 1826 452 profuturum.
1860 385 1908 444 A
1942 375 2081 440 nunc
2114 387 2376 456 tempero,
2421 401 2542 442 cum
2582 387 2806 458 gratiam
2856 373 3092 444 mutuam
3120 402 3228 443 non
3275 386 3514 457 reperto.
3561 374 3564 376 ⁷

249 479 397 532 Vale.

817 563 1040 620 EPIST.
1071 563 1258 619 CXIII.

725 669 1040 712 svuuacnos
1066 653 1347 710 rit-reviso.

314 745 594 802 Dominum
622 756 676 802 et
705 747 872 801 lilium
910 761 1088 802 meum
1116 745 1355 801 Attalum
1385 744 1453 801 de
1479 745 1832 801 summatibus

247 837 374 893 viris
407 837 476 891 ad
521 837 770 898 dominos
814 845 864 892 et
894 835 1169 906 principes
1202 841 1420 890 nostros
1472 836 1833 904 amplissimus

245 930 377 984 ordo
424 929 638 998 legavit,
687 927 1007 982 instructum
1049 926 1216 981 variis
1250 925 1319 980 de
1359 941 1510 982 more
1546 926 1835 991 mandatis,

248 1035 362 1090 quae
407 1028 656 1090 spectare
701 1016 813 1073 visa
855 1025 980 1071 sunt
1026 1015 1225 1090 bonum
1267 1015 1562 1086 publicum.
1609 1015 1741 1070 lluic
1788 1015 1833 1070 si

247 1113 424 1166 fautor
465 1107 784 1174 accesseris,
829 1096 1062 1161 futurum
1103 1121 1248 1171 reor,
1285 1115 1346 1162 ut
1386 1106 1462 1160 illi
1508 1121 1603 1175 pro
1650 1105 1835 1160 labore

243 1191 454 1256 fruetus
505 1196 894 1253 accommodet.
945 1183 1369 1278 Quaeso-igitur,
1422 1197 1509 1251 vel
1554 1185 1836 1278 legatiOnis

244 1294 464 1359 merito,
487 1292 574 1347 vel
601 1306 723 1345 meo
743 1291 1042 1364 nomine’in
1065 1274 1324 1359 optimum
1351 1288 1522 1343 virum
1551 1288 1688 1358 bene
1707 1274 1837 1343 con-

241 1386 428 1451 sulas;
459 1381 551 1452 qui
581 1384 714 1437 satis
741 1379 905 1436 animi
942 1379 1289 1436 conﬁrmatus
1326 1387 1412 1436 est
1440 1378 1696 1451 suffragio
1743 1387 1850 1434 tuo

241 1460 611 1533 successuram
639 1473 970 1530 felicitatem.
1003 1463 1153 1529 Vale.

823 1624 1042 1682 EPIST.
1073 1623 1260 1681 CXIV.

733 1707 1047 1773 sumentis
1070 1727 1356 1773 m'raumo.

307 1812 538 1868 Beatum
568 1819 642 1877 te,
669 1809 760 1879 qui
794 1811 1056 1864 lieuorum
1086 1811 1344 1864 emeritus
1383 1809 1596 1864 otiaris.
1641 1808 1748 1865 Nos
1781 1810 1836 1864 in

247 1909 432 1974 patriae
456 1901 575 1956 salo
618 1900 952 1966 vivimus’,.et
985 1899 1238 1956 fluctibus
1265 1891 1634 1956 verberantur.
1667 1902 1842 1969 Quor—

248 2011 359 2051 sum
389 1996 509 2050 ista
529 1980 870 2064 protulerim,
895 1990 1146 2049 dominus
1175 2002 1229 2048 et
1259 1993 1397 2050 ﬁlius
1436 2009 1588 2050 meus
1628 1995 1840 2050 Attalus

249 2088 536 2158 eloquetur
566 2104 580 2140 :
614 2085 702 2142 cui
730 2089 855 2157 spes
895 2083 1132 2142 visenda:
1177 2088 1501 2158 praestantia;
1540 2077 1644 2142 tua:
1689 2087 1843 2143 labo-

251 2195 361 2236 rem
392 2172 1002 2250 peregrinationisfecit
1027 2171 1339 2248 Optabile‘m.
1375 2178 1522 2235 Vale.

836 2311 1055 2388 EPIST.
1085 2311 1250 2371 cxv.

731 2417 1042 2459 διιυιειιυε
1068 2417 1366 2459 Ριτιιυιιηο..

311 2494 438 2551 Duo
464 2493 820 2564 milii-pariter
833 2495 1068 2565 jucunda
1091 2494 1267 2552 delata
1285 2500 1431 2549 sunt.
1454 2493 1639 2550 Primo
1659 2509 1846 2553 sermo

250 2595 400 2642 tuus:
433 2587 526 2656 qui
556 2585 770 2641 etiamsi
799 2587 1108 2652 continuus,
1137 2585 1409 2640 fastidium
1437 2601 1546 2642 non
1578 2597 1839 2643 moveret.

251 2676 460 2732 Dehinc
490 2675 673 2733 fratris
699 2678 866 2731 nostri
911 2677 1207 2732 Frumentii
1237 2671 1521 2748 exoptatus
1543 2678 1837 2744 adventus;

247 2782 405 2836 quem
451 2782 558 2838 ego
588 2768 642 2822 in
687 2783 968 2822 numerum
997 2768 1261 2824 bonorum
1309 2784 1430 2825 esse
1476 2770 1838 2836 referendum,

248 2860 565 2931 priusquam
593 2876 800 2916 morum
823 2860 990 2929 ipsius
1011 2860 1304 2930 periculum
1327 2860 1582 2925 facerem,
1612 2877 1678 2916 ex
1705 2876 1846 2931 pra:-

251 2956 498 3024 rogativa
543 2953 622 3008 tui
669 2953 957 3008 testimonii
995 2953 1255 3023 judicavi.
1303 2954 1412 3010 Sed
1458 2954 1548 3008 libi
1590 2954 1842 3023 propiore

249 3061 553 3116 congressu
591 3043 878 3116 probitatis
916 3053 1231 3102 ornamenta
1272 3029 1598 3130 patuerunt,
1631 3048 1838 3108 adverti

251 3114 372 3195 eum
402 3114 776 3209 minuquuam
805 3139 942 3194 ratio
983 3114 1290 3209 postulabat
1340 3154 1434 3210 per
1460 3117 1838 3196 verecundiam
1869 3114 1917 3176 ο

252 3233 632 3301 pudicarum,
662 3232 866 3301 neipse
882 3247 941 3288 se
971 3232 1277 3288 laudatione
1303 3239 1399 3288 sua
1417 3225 1675 3287 mandata
1703 3232 1847 3287 litte-

255 3323 322 3378 ris
345 3322 634 3378 videretur
663 3325 912 3392 ingerere
940 3341 951 3377 :
977 3322 1064 3379 his
1101 3338 1231 3394 ergo
1263 3325 1578 3379 muneribus
1605 3329 1844 3394 optatum

254 3417 344 3468 tibl
374 3413 543 3468 solvo
575 3427 923 3482 responsum,
950 3429 1056 3484 quo
1086 3423 1172 3470 me
1195 3429 1357 3484 agere
1383 3430 1448 3469 ex
1473 3414 1761 3480 sententia,
1793 3425 1848 3469 et

254 3505 354 3559 frui
403 3504 698 3560 commoda
745 3519 867 3559 cum
917 3504 1054 3560 meis
1110 3503 1420 3560 valetudine
1466 3518 1844 3574 rewgnoscas.

254 3597 387 3653 Huic
429 3605 615 3652 autem
659 3597 739 3652 rei
784 3595 920 3652 nihil
961 3596 1320 3667 adjiciendum
1363 3604 1514 3666 puto,
1559 3610 1683 3651 cum
1730 3595 1848 3650 solo

255 3698 465 3745 nostra
492 3690 692 3748 salutis
719 3689 917 3747 indicio
946 3691 1234 3762 gratulatio
1271 3689 1503 3746 fraterna
1542 3689 1712 3759 possit
1748 3704 1849 3745 ex-

253 3782 417 3853 pleri.
458 3782 612 3838 Vale.

838 3873 1058 3930 EPIST.
1085 3873 1268 3930 CXVI.

743 3953 1054 4019 svuuacuus
1081 3981 1366 4021 parumne.

323 4054 457 4112 Seis
486 4068 586 4124 pro
624 4053 782 4110 insita
812 4057 905 4110 tibi
938 4059 1290 4124 humanitate,
1320 4057 1447 4128 quid
1494 4056 1751 4128 parvulis,
1794 4066 1851 4114 et

255 4147 547 4212 parentum
577 4142 828 4213 suffragio
857 4144 1128 4201 destitutis
1166 4146 1508 4217 benignitatis
1545 4163 1611 4202 ac
1637 4147 1854 4202 miseri-

255 4233 464 4287 cordia:
493 4230 775 4288 debeatur.
802 4234 995 4290 Merito
1021 4236 1152 4291 mihi
1193 4237 1333 4306 apud
1362 4246 1417 4294 te
1447 4237 1700 4294 utendum
1728 4253 1850 4295 esse

259 4338 366 4377 non
400 4322 640 4377 arbitror
685 4322 850 4394 longo
887 4324 1090 4382 ambitu
1136 4326 1438 4384 litterarum
1489 4343 1588 4399 pro
1626 4328 1849 4384 illustris

260 4414 543 4470 ntemorite
570 4414 670 4468 viri
711 4414 895 4470 Severi
940 4416 1106 4474 ﬁliis:
1137 4417 1226 4488 qui
1275 4419 1380 4474 nisi
1418 4420 1682 4475 bonorum
1706 4421 1851 4490 judi-

263 4519 388 4558 cum
409 4505 668 4572 juventur
693 4505 913 4574 auxilio,
937 4508 1132 4577 praeda:
1162 4518 1326 4578 atque
1365 4508 1576 4579 injuriae
1605 4511 1850 4580 subjace-

263 4595 420 4648 bunt.
445 4594 715 4663 Quidquid
745 4611 928 4653 eorum
958 4600 1134 4669 poscit
1163 4601 1390 4667 utilitas,
1425 4600 1576 4656 favor
1600 4611 1722 4656 tuus
1741 4617 1848 4658 non

264 4696 524 4751 gravetur
564 4687 878 4757 impendere
911 4700 1007 4745 :ut
1033 4686 1247 4762 publico
1290 4693 1471 4748 saltim
1494 4693 1853 4751 defendantttr

265 4776 492 4921 avdjttlu,
555 4779 648 4849 qui
694 4777 1052 4838 familiaribus
1109 4782 1450 4840 adminiculis
1506 4785 1860 4842 deseruntur.

312 4870 420 4921 ale.

312 4870 420 4922 ale.

827 4960 1044 5021 EPIST.
1087 4963 1296 5022 CXVII.

749 5066 1059 5111 SYIIACIIUS
1088 5067 1373 5113 PATBUINO.

343 5137 626 5198 ﬁnenem
664 5151 716 5198 te
743 5144 1009 5200 sermonis
1034 5147 1137 5202 mei
1164 5162 1287 5203 esse
1319 5163 1422 5204 non
1457 5149 1650 5220 patiar,
1682 5147 1874 5223 neque

265 5245 296 5283 a
328 5234 597 5289 scribendi
640 5239 1038 5303 perseverantia
1085 5240 1284 5296 silentii
1317 5242 1388 5296 tui
1431 5241 1730 5299 imitatione
1755 5247 1853 5301 de-

264 5323 455 5379 ducar.
471 5323 595 5381 Scio
621 5327 764 5382 enim
813 5329 1129 5400 plerumque
1167 5324 1272 5385 non
1301 5333 1551 5388 amicitiae
1582 5335 1854 5405 negligen-

266 5414 366 5480 tia,
388 5418 479 5470 sed
505 5416 942 5487 obstrepentibus
976 5422 1121 5476 curis
1149 5422 1327 5478 ofﬁcia
1362 5425 1645 5481 retardari.
1680 5427 1856 5483 Velim.

263 5509 409 5564 idem
433 5513 645 5580 credas,
678 5521 732 5568 et
770 5513 822 5568 in
869 5523 1145 5586 posterum
1192 5531 1376 5572 curam
1419 5534 1672 5588 capessas
1709 5522 1850 5578 inte-

264 5600 455 5666 grandi
488 5602 642 5658 istius
669 5595 930 5674 muneris,
959 5611 1101 5678 quod
1144 5611 1259 5680 ipse
1282 5611 1394 5681 jam
1427 5612 1632 5683 pridem
1679 5629 1854 5672 mora-

268 5695 368 5748 ris.
397 5694 502 5750 Ero
535 5706 660 5752 tunc
702 5701 1001 5769 promptior
1041 5702 1363 5763 cxhibendis
1405 5706 1622 5776 litteris,
1654 5706 1748 5780 qui
1784 5723 1888 5785 ne,

1939 476 2090 532 Vale.

2494 569 2706 624 EPIST.
2739 567 2969 625 CXVIII.

2417 676 2730 716 SYMMLCHUS
2757 677 3045 716 PATRUI‘NO.

2010 750 2227 807 Certum
2276 751 2446 832 habeo
2491 751 2624 806 nihil
2663 752 2802 818 apud
2850 752 3087 806 animum
3129 759 3276 805 tuum
3311 747 3522 832 arﬁicoa

1941 858 2060 896 rum
2110 829 2464 922 litterisqzettse
2498 842 2826 913 jucundius:
2857 852 2913 898 et
2959 843 3082 898 ideo
3107 829 3525 922 promptissime

1939 939 2219 1014 frequento
2249 940 2702 1016 col_loquia,‘qnm
2746 941 2860 1015 scio
2901 940 3322 1016 apudeximium
3353 941 3524 1006 virum

1939 1032 2115 1102 magni
2144 1045 2264 1087 esse
2289 1032 2565 1086 momenti.
2605 1031 2863 1103 Superest
2901 1043 2959 1088 ut
3006 1033 3121 1102 ipse
3167 1024 3325 1102 quam
3375 1032 3526 1106 beni-

1941 1140 2045 1191 gne
2067 1126 2280 1200 litteras
2307 1142 2456 1198 meas
2471 1127 2670 1198 sumis,
2692 1136 2800 1182 tam
2823 1127 3054 1184 libenter
3074 1128 3266 1184 indicia
3295 1128 3525 1198 propria:

1943 1217 2222 1288 sospitatis
2249 1217 2482 1272 emittas.
2525 1216 2680 1292 Vale.
2796 1269 2804 1289 ι,

2512 1308 2732 1385 EPIST.
2772 1308 2960 1364 CXIX.

2418 1411 2727 1453 SYIIMACIIUS
2758 1413 3042 1453 PA'I‘IIIIINO.
3423 1468 3426 1470 γ

2011 1485 2171 1543 Cordi
2203 1496 2284 1542 est
2314 1486 2627 1556 frequenter
2646 1487 2847 1558 alloqui
2871 1501 2989 1554 vos,
3017 1503 3085 1543 ne
3111 1487 3357 1542 videatur
3386 1487 3527 1556 apud

1943 1595 2030 1635 me
2055 1579 2353 1634 officiorum
2382 1578 2728 1634 familiarium
2751 1593 2877 1635 cura
2909 1578 3166 1649 tepuisse.
3203 1581 3376 1649 Atque
3405 1579 3542 1634 ideo:

1943 1669 2168 1723 salutem
2219 1668 2360 1726 votis
2407 1680 2574 1738 opto,
2631 1669 2826 1725 litteris
2881 1668 3002 1725 dico
3048 1685 3064 1724 :
3124 1679 3311 1738 petens
3374 1679 3434 1724 ut
3477 1671 3528 1724 si

1869 1746 1916 1807 Β
1943 1762 2165 1831 ῳιειηιιο
2183 1761 2308 1832 styli
2336 1777 2463 1814 usus
2489 1761 2770 1816 intervallo
2789 1761 3034 1831 longiore
3063 1761 3379 1824 cessaverit,
3402 1775 3528 1814 cau-

1943 1870 2058 1911 sam
2084 1854 2282 1914 silentii
2313 1869 2418 1909 non
2449 1853 2733 1923 voluntati,
2763 1861 2855 1909 aut
2880 1853 3122 1920 desidiae,
3155 1853 3260 1908 sed
3297 1867 3527 1923 oecupa-

1843 1983 1848 1990 ι
1945 1947 2190 2004 tionibus
2216 1945 2520 2018 applicetis.
2554 1945 2706 2001 Vale.

2523 2035 2741 2092 EPIST.
2772 2035 2938 2093 CXX.

2111 2180 2118 2190 ,
2416 2142 2732 2206 εῖκυλοιῖυε
2760 2142 3041 2184 ΡΑΤΒΙῙΙΝΟ-

2013 2219 2342 2275 Athanasius
2390 2218 2456 2274 V.
2490 2219 2553 2275 C.
2585 2217 3036 2294 peregrinationis
3076 2216 3328 2286 injuriam
3385 2215 3532 2285 justo

1942 2311 2131 2367 dolore
2157 2309 2414 2381 suscepit.
2444 2309 2577 2365 Nam
2608 2316 2779 2380 pacta
2809 2309 2883 2376 ei,
2906 2316 2960 2364 et
2989 2307 3142 2363 nobis
3169 2308 3386 2363 arbitris
3407 2309 3537 2378 jun-

1904 2481 1908 2484 h
1943 2418 2047 2463 cla:
2072 2406 2403 2475 obligatione
2432 2405 2714 2474 pignorum
2743 2402 2941 2471 nuptize
2967 2401 3320 2472 denegantur.
3352 2401 3532 2470 Exag-

1943 2511 2192 2567 gerarem
2222 2495 2342 2552 facti
2392 2495 2550 2564 hujus
2579 2493 2857 2558 invidiam,
2896 2493 3000 2548 nisi
3045 2493 3208 2548 verba
3248 2493 3529 2548 rebus'es-

1945 2595 2070 2644 sent
2109 2587 2340 2642 minora.
2373 2585 2496 2656 Ipse
2527 2585 2668 2655 apud
2714 2592 2768 2642 te
2801 2585 2943 2655 quod
2989 2583 3214 2655 quaesito
3257 2599 3392 2652 opus
3422 2591 3526 2646 est,

1943 2677 2158 2747 plenius
2185 2677 2486 2748 eloquetur.
2526 2678 2695 2731 Orare
2725 2689 2833 2730 non
2872 2675 3067 2740 debeo,
3109 2681 3170 2729 ut
3194 2681 3285 2728 tuo
3311 2672 3532 2742 juvetur

1945 2769 2164 2834 auxilio,
2192 2768 2334 2836 quod
2364 2768 2439 2822 illi
2461 2779 2514 2823 et
2540 2781 2692 2822 amor
2717 2776 2840 2823 tuus
2860 2765 3109 2836 spondet,
3137 2774 3193 2821 et
3221 2765 3425 2820 munita
3459 2766 3532 2822 le-

1943 2858 2100 2930 gibus
2139 2873 2301 2914 causa
2341 2857 2617 2913 conciliat.
2659 2857 2808 2911 Vale.

2520 2989 2734 3048 EPIST.
2765 2991 2954 3049 CXXI.

2431 3075 2740 3142 svnnacnus
2765 3087 3048 3140 suamne.
3376 3155 3384 3165 υ

2021 3176 2146 3234 Seio
2172 3175 2240 3231 ad
2268 3175 2522 3232 indicium
2551 3177 2798 3232 amicitiae
2827 3163 3116 3246 pertinere,
3141 3177 3296 3246 qnod-
3316 3163 3532 3250 religio-

1952 3285 2073 3324 nem
2131 3279 2274 3323 tuam
2321 3269 2632 3338 participem
2675 3279 2873 3324 nostra:
2919 3270 3254 3325 necessitatis
3292 3285 3530 3326 assumo.

1947 3362 2172 3426 Suscipe
2221 3361 2396 3430 igitur,
2431 3376 2614 3430 qumso
2645 3370 2716 3427 te,
2749 3347 3357 3431 procliv'e‘mandatum,
3389 3364 3529 3434 quod

1953 3469 2050 3524 pro
2077 3461 2258 3508 mutua
2287 3453 2559 3522 diligentia
2589 3455 2750 3507 etiam
2775 3468 2880 3507 non
2912 3463 3125 3524 rogatus
3154 3469 3344 3510 curare
3371 3456 3532 3510 debe-

1950 3559 2060 3620 res.
2093 3543 2213 3599 Ursi
2243 3559 2399 3614 quam
2427 3543 3057 3622 plurimiad_edit_ionem
3090 3545 3331 3603 muneris
3361 3545 3536 3601 nostri.

1949 3627 2016 3717 ei
2044 3637 2189 3716 Italia
2212 3621 2570 3716 devehuntur,
2601 3621 2734 3705 quos
2759 3637 3004 3708 cupimus
3030 3637 3277 3693 celeriter
3304 3638 3355 3691 in
3375 3652 3536 3692 usum.

1949 3729 2212 3796 exhiberi.
2256 3729 2488 3799 Dignare
2529 3729 2687 3800 igitur
2723 3745 2909 3786 eorum
2943 3731 3224 3799 transitum
3255 3730 3435 3785 studio
3476 3739 3533 3784 et

1948 3821 2223 3902 diligentia
2258 3819 2568 3898 vindicare;
2601 3820 2868 3896 simulque
2911 3820 3170 3877 adhibere
3199 3819 3551 3898 custodiam»

1950 3909 2020 3976 ne
2049 3927 2167 3991 qua.
2193 3911 2337 3967 fraus
2363 3927 2520 3968 avara
2559 3922 2873 3991 commutet.
2905 3913 3132 3968 Maxime
3175 3922 3353 3978 autem
3387 3928 3533 3968 rum-

1950 3993 2142 4071 pendat
2163 3989 2290 4056 sunt
2326 4016 2515 4067 morte,
2544 4002 2668 4073 quia
2714 3989 2831 4066 dies
2857 4003 3128 4070 proximus
3155 4002 3414 4059 functioni
3441 4017 3533 4060 e0-

1951 4094 2127 4165 gcndo
2156 4081 2435 4165 apjiaratui
2468 4109 2574 4149 non
2601 4094 2808 4150 relaxat
2836 4093 3097 4151 inducias.
3128 4081 3278 4152 vale.

2509 4225 2724 4280 EPIST.
2763 4226 2973 4282 CXXII.

2431 4332 2734 4372 SYIIMACIIUS
2765 4333 3049 4373 ΡΑΤῐιυΙΝΟ.

1945 4465 1952 4474 ι
2023 4425 2549 4484 Probo-modestiam
2572 4439 2738 4485 tuam.
2763 4431 2869 4487 Sed
2897 4432 3094 4487 damno
3121 4409 3252 4488 mihi
3280 4417 3536 4491 essenon

1953 4523 2158 4586 debuit,
2183 4521 2310 4576 dum
2339 4528 2549 4590 sperata
2579 4532 2855 4592 exspectat
2883 4518 3114 4594 impleri.
3143 4526 3203 4580 Et
3227 4536 3374 4582 certe
3395 4507 3538 4583 nunc

1956 4609 2234 4686 linstquam
2259 4614 2336 4668 rei
2355 4613 2576 4670 eﬂectus
2599 4615 2758 4670 ﬁnem
2775 4616 2989 4670 silentio
3009 4615 3178 4684 dedit,
3199 4617 3551 4688 dispendium-

1955 4720 2132 4760 meum
2168 4703 2504 4776 frequentior
2530 4705 2705 4777 stylus
2734 4706 2953 4762 sarciat.
2981 4706 3075 4762 Est
3095 4697 3236 4762 aliud
3275 4724 3383 4781 quo
3407 4724 3541 4766 cun-

1957 4804 2042 4850 cta
2069 4795 2268 4863 scripta
2295 4810 2632 4867 compenses.
2659 4795 2717 4851 In
2747 4798 2970 4866 agendis
2997 4796 3060 4851 I).
3093 4797 3162 4852 M.
3199 4797 3420 4856 Consuli
3443 4817 3556 4872 pro.

1960 4887 2230 4943 beneﬁcio
2259 4901 2358 4943 suo
2395 4885 2579 4964 gratiis
2607 4894 2844 4941 nostram
2884 4885 3080 4942 sortire
3122 4903 3426 4957 personam,
3474 4907 3542 4946 co

1958 4978 2176 5048 affectu,
2209 4994 2318 5049 quo
2345 4978 2646 5033 amicorum
2678 4977 2772 5033 tibi
2802 4978 2991 5048 gaudia
3019 4977 3294 5052 vendieas.
3324 4981 3454 5047 Sed,
3485 4997 3545 5040 ut

1959 5073 2094 5139 seio,
2140 5063 2583 5127 luculentioribus
2611 5070 2814 5137 verbis,
2862 5081 2915 5124 et
2959 5079 3180 5141 propter
3223 5072 3422 5144 ingenii
3464 5077 3541 5129 tni

1958 5162 2404 5232 magnitudinem,
2433 5171 2488 5217 et
2531 5162 2650 5217 sine
2691 5161 3014 5217 adulationis
3058 5162 3260 5236 pudore
3304 5165 3542 5220 absentis

1957 5254 2208 5324 gaudium
2236 5252 2598 5324 prosequeris.
2633 5251 2805 5320 Adde,
2831 5253 2875 5307 si
2906 5253 3100 5326 placet,
3127 5251 3268 5324 quod
3295 5263 3420 5310 ante
3443 5269 3540 5324 po-

1961 5345 2217 5400 stulatum
2247 5333 2424 5411 tenes,
2464 5353 2522 5399 ut
2565 5345 2789 5400 aliarum
2821 5345 3145 5417 Lybicarum
3186 5339 3317 5424 mihi
3341 5349 3544 5417 emptio

1962 5450 2112 5492 sacra
2142 5435 2462 5493 auctoritate
2503 5445 2813 5506 praestetur.
2844 5440 2960 5506 Quo
2988 5439 3274 5509 impetrato
3301 5439 3540 5496 omnium

1962 5527 2365 5597 perceptionum
2394 5527 2591 5584 donum
2625 5530 2844 5600 putabo.
2887 5530 2962 5586 De
2984 5533 3183 5602 juvene
3208 5540 3389 5588 autem
3422 5549 3544 5590 meo

1960 5626 2208 5674 retexere
2257 5633 2363 5674 non
2405 5617 2611 5687 laboro,
2643 5613 2767 5692 qua
2810 5631 3002 5693 sponte
3033 5623 3346 5679 meministi.
3379 5624 3545 5682 Intel~

1960 5708 2068 5781 ligo
2092 5709 2235 5768 enim
2261 5709 2460 5770 remitti
2483 5712 2772 5771 modestia:
2793 5728 2925 5770 meae
2956 5711 3210 5783 precandi
3247 5706 3544 5774 accessit»
