4074 6176
428 289 524 346 δεδι

1591 274 1655 339 Q.
1696 263 2041 326 AURELIUS
2080 263 2521 321 SYMMACIIUS.

3603 261 3708 319 312

431 411 565 466 rem,
592 409 712 452 cum
747 391 1009 450 libentius
1049 405 1080 448 a
1125 386 1339 447 sublimi
1382 394 1437 442 et
1479 377 2009 453 magnificentissimo
2036 377 2089 439 Α
2116 382 2418 466 revertetur
2458 372 2918 466 IegibusAquidem
2954 371 3158 466 debita,
3190 370 3286 427 sed
3326 370 3494 466 patris
3522 372 3705 466 sensui

431 492 549 546 viro
576 502 683 544 non
714 492 1020 555 exspectata
1052 489 1391 550 praestentur.
1428 473 1577 530 Vale.

979 612 1200 669 EPIST.
1232 609 1466 666 CXXIII.

914 719 1223 762 SYIIIACIIUS
1260 714 1542 756 PATRUINO.

506 827 560 881 In
598 825 719 879 viro
755 822 959 891 Optimo
999 830 1053 875 et
1077 817 1401 873 amicissimo
1438 829 1559 870 meo
1599 814 1852 869 Perrocio
1901 812 2014 868 Ro-

435 934 591 973 mana
621 916 934 986 simplicitas
978 922 1079 968 est.
1132 912 1307 967 Taceo
1356 907 1498 979 quod
1540 907 1688 961 illum
1730 907 1885 975 longa
1917 905 2017 959 mi-

436 1012 549 1065 litia
593 1018 648 1064 et
686 1009 952 1077 inculpata
1000 1005 1334 1060 cohonestet.
1388 1001 1590 1056 Minora
1635 1001 1776 1055 enim
1822 1009 2018 1054 caetera

436 1105 560 1158 facit
588 1117 796 1158 morum
829 1100 944 1168 ejus
981 1098 1262 1166 inspectio.
1305 1095 1455 1149 Ilunc
1481 1092 1801 1147 unanimitas
1842 1100 2018 1145 vestra

436 1201 561 1247 ante
592 1207 697 1247 non
727 1190 915 1246 didicit
938 1208 950 1243 :
972 1187 1227 1259 judicium
1259 1200 1436 1240 meum
1465 1193 1647 1239 secuta
1672 1181 2021 1252 suscipiat.Si

438 1284 552 1339 visu
582 1291 761 1337 vestro
785 1280 895 1349 jam
926 1281 973 1335 ei
1005 1293 1142 1346 opus
1180 1276 1363 1340 fuerit,
1413 1288 1597 1345 quaeso
1642 1282 1700 1328 ut
1740 1273 1815 1327 illi
1852 1274 2027 1327 honor

440 1373 730 1430 testimonii
759 1373 862 1427 mei
888 1370 1141 1428 conciliet
1160 1368 1299 1437 apud
1322 1382 1416 1422 vos
1438 1365 1635 1421 amoris
1655 1374 2023 1435 augmentum.

445 1467 595 1529 Vale.

996 1532 1205 1589 EPIST.
1238 1530 1473 1587 CXXIV.

917 1638 1228 1680 SVMMACHUS
1267 1637 1551 1678 PATRUINO.

513 1717 820 1771 Amicorum
849 1715 1031 1770 liberis
1057 1716 1172 1769 usui
1203 1729 1324 1769 esse
1345 1714 1623 1777 debemus,
1647 1712 1786 1784 quod
1813 1713 2024 1769 etiamsi

446 1807 559 1875 ipse
580 1807 864 1870 nescirem,
897 1816 987 1861 tuo
1011 1808 1258 1875 exemplo
1287 1816 1339 1861 et
1370 1806 1668 1861 imitatione
1696 1806 2026 1861 didicissem.

445 1897 527 1953 Ad
559 1898 697 1951 hanc
732 1897 1053 1951 sententiam
1104 1898 1353 1965 pertinet,
1385 1896 1475 1965 qui
1507 1896 1600 1951 tibi
1641 1897 1846 1951 litteras
1875 1896 2029 1950 exhi-

446 1990 615 2049 bebit.
644 1988 906 2059 Fungitur
944 1998 1122 2042 autem
1159 1989 1343 2043 militia
1373 1990 1423 2043 in
1454 1988 1668 2043 scriniis
1696 1990 1991 2044 litterarum
2017 2006 2029 2043 :

447 2080 532 2137 cui
558 2080 689 2134 satis
716 2080 834 2148 opis
873 2088 927 2134 et
964 2079 1232 2134 felicitatis
1270 2081 1502 2145 eveniet,
1535 2082 1579 2135 si
1621 2080 1687 2134 ad
1732 2080 2033 2135 clientelam

448 2170 897 2241 splendidissima:
924 2171 1118 2227 domus
1145 2183 1248 2225 tum
1279 2175 1538 2228 meruerit
1564 2175 1861 2243 pervenire.
1881 2171 2033 2228 Vale.

1011 2305 1231 2363 EPIST.
1262 2306 1476 2365 CXXV.

930 2432 1234 2474 SYIMACHUS
1270 2432 1560 2475 PATRUINO.

522 2530 873 2589 Athanasium
916 2531 1071 2586 bonis
1109 2530 1314 2586 artibus
1343 2532 1546 2587 clarum
1588 2532 1829 2587 securius
1853 2546 2040 2587 amare

452 2624 615 2693 capi,
634 2630 916 2693 postquam
944 2623 1012 2677 de
1032 2635 1099 2677 eo
1114 2621 1372 2692 judicium
1402 2632 1548 2677 tuum
1571 2624 1828 2693 comperi.
1850 2624 2037 2693 Magna

452 2717 597 2773 enim
629 2716 979 2786 praerogativa
1005 2724 1108 2782 est,
1141 2716 1405 2785 placuisse
1432 2717 1869 2785 sapienti.Quare
1891 2731 2041 2771 com-

452 2806 797 2863 mendatione
822 2806 939 2875 ejus
966 2806 1230 2870 abstineo,
1264 2822 1332 2862 ne
1365 2808 1572 2862 minora
1604 2807 1845 2874 afferam,
1878 2822 2037 2878 quam

455 2908 508 2952 te
536 2895 702 2952 credo
728 2895 948 2951 sentire.
982 2895 1073 2949 Illa
1109 2911 1231 2965 pars
1253 2897 1383 2950 mihi
1417 2897 1635 2967 pronior
1669 2896 1816 2953 dictu
1854 2908 1956 2965 est,
1981 2909 2042 2955 ut

453 3004 603 3046 ames
633 2990 686 3044 in
716 3005 782 3046 eo
835 3006 983 3061 spem
1032 3007 1190 3063 quam
1221 2994 1446 3059 dedisti,
1489 2993 1760 3064 addasque
1789 2995 2039 3050 inchoato

456 3083 717 3138 beneﬁcio
744 3084 1150 3153 perfectionem.
1182 3086 1351 3154 Quam
1383 3087 1427 3141 si
1455 3087 1646 3158 aliquis
1670 3097 1895 3143 eventus
1924 3088 2037 3144 elu—

455 3174 607 3237 sarit,
638 3172 813 3240 efﬁce,
842 3189 938 3229 oro
964 3184 1038 3241 te,
1064 3176 1264 3245 majora
1299 3176 1623 3246 praestando,
1655 3188 1715 3233 ut
1742 3178 1818 3233 illi
1841 3180 2038 3248 prioris

458 3266 562 3320 voti
587 3268 755 3341 prosit
775 3268 1015 3323 amissio.
1049 3269 1198 3325 Va!e.

1012 3379 1225 3435 EPIST.
1254 3380 1484 3437 CXXVI.

932 3503 1239 3546 SYNIACHUS
1277 3508 1560 3549 PATRUNO.

528 3598 645 3653 Non
677 3614 870 3654 novum
913 3611 1073 3671 atque
1119 3603 1438 3660 intentatum
1473 3605 1649 3661 refero
1691 3607 2039 3675 postulatum,

461 3691 554 3746 sed
584 3690 725 3759 quod
755 3692 1015 3761 ingesmm
1047 3694 1151 3749 tuis
1173 3695 1390 3749 auribus
1413 3712 1788 3766 recognoscas.
1816 3698 2043 3754 lllustris

461 3786 734 3838 memoriae
780 3785 876 3839 viri
918 3784 1092 3839 Rutilii
1130 3787 1438 3857 exprmfecti
1472 3791 1618 3845 urbis
1659 3790 1794 3845 filias
1826 3801 2045 3860 paterna

461 3874 745 3931 affectione
783 3875 1017 3931 defendo
1053 3898 1064 3929 :
1097 3893 1323 3949 quarum
1362 3881 1777 3938 sollicitudinem
1804 3900 1899 3953 per
1924 3899 2040 3950 vos,

386 3968 387 3971 “
462 3967 656 4036 quibus
683 3968 913 4038 reipubl.
941 3985 1067 4025 cura
1088 3980 1191 4039 est,
1215 3981 1340 4042 opto
1367 3972 1545 4027 tutari.
1562 3974 1629 4028 Et
1653 3975 1774 4031 ideo
1798 3984 2045 4046 precator

465 4058 683 4127 accedo,
726 4070 785 4114 ut
826 4061 1079 4131 quidquid
1117 4063 1274 4117 clam
1310 4065 1549 4133 quidem,
1590 4065 1686 4120 sed
1723 4066 2047 4121 miserabilis

464 4150 658 4205 domus
683 4166 811 4204 usus
840 4153 1100 4221 exegerit,
1143 4154 1281 4208 facili
1314 4155 1688 4224 impetrationa
1717 4166 2042 4212 mereantur.

466 4241 574 4300 Iles
603 4257 833 4312 namque
862 4243 968 4298 illis
1001 4253 1084 4299 est
1124 4260 1219 4314 per
1259 4246 1527 4315 Apuliam,
1574 4263 1679 4302 non
1721 4257 1828 4302 tam
1873 4248 2046 4303 reditu

466 4332 663 4403 ampla,
687 4349 844 4403 quam
875 4348 1059 4389 censu.
1092 4335 1217 4389 Ilaec
1246 4337 1345 4390 nisi
1378 4338 1637 4392 bonorum
1679 4337 1920 4407 judicum
1949 4337 2049 4391 ful-

466 4426 638 4485 ciatur
682 4425 901 4491 auxilio,
952 4426 1181 4495 publicis
1222 4429 1477 4484 oneribus
1526 4430 1664 4484 fessa
1710 4430 2043 4485 succumbet.

467 4514 597 4583 Opis
638 4514 796 4582 igitur
824 4523 926 4569 tum
972 4517 1213 4571 levamen
1247 4529 1543 4588 exspectat.
1592 4520 1674 4573 Me
1711 4535 1923 4589 qttoque
1953 4520 2048 4574 tibi

473 4603 635 4664 facies
660 4606 845 4673 gratim
870 4604 1188 4673 debitorem,
1215 4609 1259 4661 si
1298 4610 1445 4679 gravi
1476 4611 1711 4679 pondere
1741 4612 1933 4667 victam
1964 4625 2052 4671 aa-

475 4694 661 4757 lutaris
684 4694 932 4753 defensor
961 4697 1220 4753 erexeris.
1255 4698 1405 4754 Vale.

958 4905 969 4927 ν
1017 4831 1231 4887 EPIST.
1257 4831 1516 4891 CXXVII.

948 4962 1258 5007 SYMIIACIIUS
1296 4964 1578 5004 PATRUINO.

548 5063 935 5134 Promptiorem
968 5080 1053 5120 me
1074 5066 1214 5120 circa
1246 5066 1501 5127 licrennii
1525 5066 1807 5123 laudabilis
1837 5067 1933 5123 viri
1965 5067 2057 5124 de—

475 5158 770 5215 feusionem
789 5157 989 5227 judicia
1022 5168 1197 5213 vestra
1226 5157 1485 5214 fecerunt.
1522 5159 1692 5218 Habet
1717 5161 1859 5215 enim
1890 5162 2055 5232 pluri-

474 5265 621 5301 mum
648 5248 936 5318 voluptatis
957 5250 1171 5316 electio,
1198 5259 1251 5306 et
1268 5260 1563 5320 provocant
1583 5250 1820 5307 animum
1845 5263 2056 5322 sperata

476 5338 743 5406 prresidia.
776 5336 882 5394 Sed
910 5353 1084 5393 meum
1114 5354 1221 5398 non
1245 5350 1347 5406 est,
1387 5341 1590 5412 scripto
1616 5350 1887 5397 ostentare
1928 5342 2057 5412 quid

476 5431 687 5500 negotio
720 5429 1084 5500 promovendo
1122 5445 1250 5485 cura
1277 5441 1455 5486 nostra
1478 5432 1789 5487 contulerit.
1814 5432 2062 5489 Narrabit

477 5519 592 5574 huic
624 5520 774 5576 vobis
820 5521 911 5576 ille
936 5536 1092 5591 quem
1120 5521 1373 5591 iuvimus,
1399 5523 1557 5577 simul
1588 5522 1756 5592 ipsius
1782 5525 1857 5579 rei
1885 5524 2063 5583 exitus

476 5611 649 5665 officia
690 5613 991 5669 testabitur.
1033 5610 1236 5668 Cuncta
1280 5613 1445 5687 enim,
1474 5629 1594 5683 quae
1634 5615 1866 5683 direptio
1905 5630 2061 5684 spar-

478 5713 640 5775 serat,
671 5703 983 5783 investigata
1018 5716 1323 5783 patuerunt.
1366 5709 1545 5780 Itaque
1587 5708 1637 5763 in
1679 5708 1765 5781 jus
1798 5709 2058 5769 llcrcnnii

2115 463 2309 518 acerba
2344 464 2635 518 successio.
2677 462 2828 517 Nunc
2872 472 3065 517 vestrae
3104 461 3172 516 de
3205 477 3291 516 me
3321 462 3702 519 existimationi

2116 554 2314 622 gratias
2340 566 2439 618 ago
2481 560 2642 622 atque
2684 552 2856 607 habeo
2898 568 2913 605 :
2957 560 3010 605 et
3055 565 3216 620 Spero
3246 550 3495 605 fiduciam
3535 554 3707 607 nostri

2118 661 2145 696 ιι
2154 645 2255 712 pud
2279 642 2563 709 Optimates
2577 644 2719 699 viros
2737 656 2856 698 esse
2874 656 3203 707 mansuram,
3216 641 3370 711 cujus
3386 641 3710 699 documenta

2119 737 2380 808 capistis.
2418 736 2567 792 Vale.

2626 825 2844 882 EPIST.
2887 824 3174 881 CXXVIII.

2597 952 2906 993 SYMIACHUS
2941 951 3221 993 PATRUINO.

2192 1072 2359 1127 Amor
2388 1073 2439 1127 in
2478 1080 2531 1126 te
2567 1084 2719 1131 meus
2748 1084 2815 1125 ex
2851 1068 3076 1124 summis
3110 1068 3303 1137 opibus
3330 1069 3615 1135 annititnr,
3646 1078 3707 1123 ut

2124 1165 2177 1219 in
2201 1164 2316 1220 dies
2337 1164 2579 1235 singulos
2610 1163 2874 1219 bonorum
2896 1152 3000 1217 tibi
3023 1163 3198 1218 cultus
3226 1163 3483 1218 accedat:
3510 1172 3715 1219 tantum

2125 1259 2278 1314 abest
2319 1268 2373 1313 ut
2412 1260 2585 1314 sinam
2636 1264 2849 1312 veteres
2890 1258 2982 1313 tibi
3021 1258 3224 1312 amicos
3255 1258 3715 1314 insimulationum

2126 1347 2468 1417 improbitate
2500 1347 2739 1417 decerpi.
2764 1346 2911 1402 Inter
2930 1361 3068 1417 quos
3087 1347 3170 1402 vir
3188 1348 3516 1404 clarissimus
3538 1349 3717 1420 Scipio

2127 1440 2383 1492 virtutum
2418 1448 2627 1492 tuarum
2648 1476 2666 1504 ,
2717 1452 2806 1494 me
2843 1452 3057 1509 quoque
3085 1447 3221 1494 teste
3242 1481 3259 1506 ,
3292 1440 3560 1508 laudator,
3590 1458 3719 1511 spo-

2130 1530 2316 1586 liatum
2357 1544 2417 1585 se
2463 1544 2652 1585 amore
2694 1537 2787 1585 tuo
2832 1543 2930 1599 per
2973 1531 3197 1586 mmulos
3245 1533 3566 1601 ingemiscit.
3613 1534 3720 1590 Sed

2130 1620 2263 1675 mihi
2300 1620 2597 1676 verisimile
2641 1635 2749 1676 non
2785 1619 3020 1689 videtur,
3065 1620 3414 1676 stabilitatem
3454 1622 3617 1678 animi
3647 1622 3721 1680 tui

2132 1710 2437 1765 rumoribus
2463 1708 2613 1765 falsis
2642 1709 2882 1779 potuisse
2909 1711 3128 1778 mutari,
3161 1725 3284 1765 cum
3316 1711 3454 1767 bene
3474 1714 3724 1769 conscius

2136 1802 2255 1855 vitae
2298 1801 2432 1855 nihil
2476 1802 2529 1856 in
2560 1815 2619 1857 se
2648 1800 2927 1859 maledicis
2957 1801 3122 1857 licere
3156 1803 3499 1858 sermonibus
3532 1804 3725 1860 debeat

2133 1895 2420 1949 aestimare.
2448 1894 2625 1961 Quare
2648 1894 2835 1950 hortor
2863 1901 2918 1948 et
2938 1894 3222 1965 deprecor,
3252 1895 3509 1965 despuas,
3539 1897 3585 1952 si
3616 1912 3745 1967 qua~

2132 1999 2257 2043 sunt
2288 1987 2549 2043 inculcata
2594 1987 2875 2043 mendacia
2896 2028 2913 2055 ,
2952 1996 3113 2057 atque
3145 1990 3287 2043 hunc
3317 1988 3576 2043 honorem
3607 2005 3723 2044 me-

2134 2079 2253 2134 ritis
2282 2079 2388 2135 tuis
2417 2078 2694 2145 vendices,
2744 2085 2805 2132 ut
2843 2077 3017 2147 qualis
3059 2078 3175 2148 ipse
3225 2091 3306 2144 es,
3349 2078 3512 2134 talem
3558 2088 3612 2133 te
3656 2079 3726 2134 ab

2135 2170 2385 2226 omnibus
2436 2170 2702 2239 intelligas
2741 2167 2995 2240 iudicari.
3043 2168 3213 2225 Nemo
3250 2170 3303 2224 in
3348 2178 3400 2226 te
3445 2170 3730 2226 transferat

2138 2262 2248 2317 odii
2293 2263 2373 2316 sui
2419 2260 2648 2317 semina.
2692 2260 2811 2316 Jam
2855 2260 3057 2317 dudum
3100 2260 3245 2319 enim
3273 2275 3444 2329 genus
3468 2270 3553 2316 est
3576 2263 3728 2327 artis,

2136 2352 2202 2408 ad
2248 2351 2468 2407 alendas
2512 2351 2656 2408 vires
2698 2349 2982 2406 discordia:
3026 2366 3161 2417 suae,
3195 2351 3487 2407 sollicitare
3529 2360 3730 2408 metum

2044 2430 2047 2431 ν
2108 2446 2427 2515 ,ροιίοι·υηι.
2458 2444 2571 2500 Non
2602 2444 2692 2499 ibo
2717 2444 2950 2515 longius,
2982 2459 3103 2500 cum
3136 2444 3265 2499 mihi
3298 2443 3732 2514 impetrationem

2139 2536 2401 2605 spondeat
2448 2534 2707 2606 sapientia
2748 2548 2959 2591 morum
2998 2544 3235 2600 tuorum,
3272 2549 3431 2604 quam
3470 2544 3599 2604 puto
3637 2549 3732 2590 ea-

2141 2638 2295 2685 tenus
2333 2643 2712 2699 responsuram
2753 2628 2948 2684 litteris
2988 2628 3158 2695 meis,
3210 2638 3268 2683 ut
3308 2643 3415 2683 non
3448 2637 3555 2682 tam
3585 2628 3737 2697 igno-

2140 2722 2281 2774 visse
2302 2729 2355 2776 te
2390 2720 2631 2791 Scipioni
2670 2735 2828 2792 quam
2857 2720 2989 2776 nihil
3012 2720 3080 2776 de
3102 2736 3167 2776 eo
3188 2734 3399 2777 asseras
3420 2722 3730 2777 credidisse.

2148 2808 2299 2865 Vale.

2689 2901 2912 2959 EPIST.
2944 2902 3182 2960 CXXIX.

2659 3029 2970 3071 SYSIMACIIUS
3007 3030 3216 3073 SIIIDIO.

2062 3112 2121 3180 ὓ
2211 3129 2404 3185 Curam
2427 3130 2494 3185 de
2516 3142 2569 3186 te
2596 3146 2770 3187 meam
2795 3133 2922 3188 nolo
2942 3148 3009 3189 ex
3025 3134 3250 3203 epistola
3273 3134 3535 3190 metiaris.
3556 3135 3729 3193 Pauca

2142 3222 2489 3277 salutantium
2518 3224 2683 3280 verba
2708 3233 2859 3295 sunt,
2891 3226 2987 3280 sed
3019 3236 3140 3281 vota
3172 3228 3396 3297 prolixa.
3431 3228 3613 3285 Liceat
3639 3230 3739 3299 igi-

2145 3320 2232 3365 tur
2267 3312 2464 3368 imitari
2503 3329 2630 3385 erga
2660 3324 2711 3370 te
2747 3317 3135 3386 parcimoniam
3178 3319 3514 3387 religionum,
3547 3320 3739 3389 quibus

2144 3404 2543 3487 iuraamicitim
2568 3407 2941 3473 conferuntur,
2956 3417 3011 3464 et
3040 3408 3274 3464 officium
3298 3411 3443 3480 pium
3469 3411 3620 3466 brevi
3642 3428 3737 3481 pa-

2143 3495 2265 3562 gina
2309 3504 2559 3567 tanquam
2600 3512 2769 3568 parvo
2809 3514 2919 3555 mre
2956 3500 3317 3569 persolvetur.
3364 3501 3550 3571 Neque
3590 3503 3736 3558 enim

2144 3585 2364 3645 devotio
2410 3589 2637 3658 requirit
2676 3604 2995 3647 excursum.
3057 3592 3175 3647 Tibi
3223 3600 3403 3648 autem
3449 3595 3739 3659 praescribo

2145 3677 2269 3748 styli
2297 3679 2579 3734 terminos.
2603 3666 2788 3734 (Erunt
2815 3680 2945 3735 mihi
2967 3696 3089 3752 qua:
3105 3682 3171 3738 de
3196 3691 3247 3739 te
3273 3684 3558 3756 scripseris
3581 3686 3739 3740 nimis

2146 3782 2358 3838 magna,
2388 3768 2433 3822 si
2464 3768 2582 3823 Imta
2610 3770 2737 3824 sint.
2773 3770 2920 3825 Vale.

2708 3925 2924 3981 EPIST.
2958 3924 3172 3983 CXXX.

2658 4057 2969 4097 εῑωιλεηυε
3007 4057 3215 4096 SIBIDIO.

2220 4151 2386 4223 Aiger
2418 4161 2503 4207 est
2538 4154 2748 4209 animus
2789 4169 2940 4209 meus
2965 4195 2979 4219 ,
3018 4152 3255 4223 quandiu
3303 4151 3437 4207 fides
3490 4162 3635 4208 certa
3670 4152 3744 4209 sit

2144 4247 2289 4315 quod
2323 4258 2532 4315 portum
2557 4248 2803 4303 sanitatis
2834 4248 3142 4303 intraveris.
3188 4247 3323 4302 Huic
3348 4248 3741 4315 exspectationi

2149 4339 2446 4393 satisfacias
2475 4340 2619 4393 volo.
2646 4340 2760 4394 Non
2792 4342 2935 4395 enim
2968 4340 3101 4394 mihi
3131 4339 3392 4395 honorem
3440 4340 3555 4394 fleri
3583 4339 3743 4394 obse-

2152 4432 2278 4498 quio
2319 4430 2603 4495 litterario,
2656 4432 2749 4485 sed
2803 4445 3013 4501 magnae
3064 4431 3445 4487 sollicitudinis
3496 4431 3740 4486 levamen

2156 4523 2315 4579 tribui
2343 4532 2560 4594 exopto.
2599 4523 2751 4579 Vale.

2705 4656 2923 4716 EPIST.
2954 4657 3189 4715 CXXXI.

2660 4784 2966 4825 εγιωλαιιυε
3004 4784 3212 4825 8181010.

2231 4883 2509 4954 Nunquam
2536 4882 2740 4939 efficies
2769 4881 2997 4947 silendo,
3030 4891 3089 4937 ut
3116 4896 3202 4936 me
3244 4880 3310 4935 ad
3337 4894 3519 4950 parem
3549 4879 3749 4935 volun-

2164 4984 2329 5030 tatem
2365 4974 2526 5030 ducat
2561 4974 2813 5029 imitatio.
2852 4972 3041 5044 Cogito
3069 4972 3211 5028 enim
3241 4988 3345 5025 non
3374 4971 3499 5041 quid
3540 4982 3751 5041 tempo-

2166 5068 2264 5122 ruli
2311 5081 2507 5133 causae,
2550 5065 2645 5121 sed
2693 5065 2818 5136 quid
2877 5066 3100 5136 perenni
3171 5064 3421 5119 amicitiae
3468 5064 3749 5119 debeatur.

2166 5158 2406 5229 Cumque
2433 5158 2534 5212 sim
2559 5157 2664 5213 mei
2693 5157 2853 5212 officii
2883 5170 3106 5211 severus
3136 5156 3358 5224 arbiter,
3389 5170 3571 5211 curam
3603 5162 3751 5210 tuam

2165 5266 2293 5306 casu
2334 5250 2529 5320 saepius
2576 5264 2733 5319 quam
2777 5248 2992 5304 fastidio
3040 5249 3203 5304 credo
3250 5262 3485 5304 cessare.
3537 5247 3643 5303 Sed
3682 5262 3753 5303 ne

2168 5344 2325 5414 longa
2368 5344 2619 5413 colloquii
2661 5342 3038 5412 intercapedo,
3068 5342 3312 5412 quamvis
3342 5342 3415 5395 tui
3454 5352 3748 5407 amantem,

2164 5445 2318 5505 cogat
2360 5434 2549 5489 timere
2592 5434 2932 5503 neglectum,
2981 5448 3167 5504 quzeso
3209 5441 3521 5489 constanter
3570 5432 3751 5487 munia

2165 5524 2540 5581 familiaritatis
2580 5540 2852 5581 exerceas.
2889 5526 3007 5594 Quo
3050 5525 3194 5581 enim
3241 5536 3399 5595 pacto
3448 5523 3752 5593 intelligere

2166 5634 2381 5689 possum
2426 5626 2573 5686 grata
2607 5632 2727 5676 esse
2756 5634 2875 5690 quae
2896 5617 3102 5687 defero,
3126 5617 3170 5673 si
3205 5617 3485 5688 negaveris
3509 5631 3645 5688 qum.
3660 5630 3748 5673 re-

2110 5784 2115 5790 _
2164 5710 2362 5782 posco?
2388 5709 2535 5767 Vale.
