4074 6176
259 288 370 353 513

256 418 3438 461 -————-——————________________________

1452 302 1937 360 EPISTOLABUM
1978 305 2180 362 LIBER
2218 309 2357 366 VIII.

3448 322 3553 382 3H

1223 525 1708 630 LIBER
1794 527 2236 635 ΟΟΤΑ
2255 531 2581 641 VUS.

750 680 1082 737 EPISTOLA
1123 682 1358 739 PRIMA.

1872 688 1924 747 Α
1953 688 2208 743 turnitate
2251 696 2535 751 macerari.
2582 695 2777 764 Quaeso
2823 703 3074 758 custodes
3117 704 3378 762 bonorum
3416 708 3546 765 deos

327 777 674 845 Compertum
704 774 1157 844 habeo,quolibet
1184 775 1448 831 honorum
1474 778 1708 834 culmine
1730 778 1850 833 ani-
1950 780 2242 837 valetudini
2275 793 2375 838 ture
2418 789 2655 843 medicas
2681 793 2953 860 applicent
2989 812 3217 850 manus:
3254 816 3319 853 ne
3352 801 3541 866 optimi

252 886 402 922 mum
442 880 590 921 tuum
629 882 734 921 non
765 868 946 921 solere
978 869 1194 921 mutari.
1231 868 1499 938 Quidquid
1528 871 1669 925 enim
1708 871 1845 927 bene

253 962 467 1017 meritis
496 959 791 1015 honestatis
822 959 1047 1024 accedit,
1089 960 1141 1013 id
1173 962 1405 1015 solutum
1438 964 1608 1032 magis
1633 963 1846 1018 videtur

252 1070 379 1109 esse
404 1068 567 1123 quam
600 1052 918 1120 praestitum.
945 1050 1011 1104 Et
1032 1050 1152 1106 ideo
1183 1052 1365 1105 mirari
1408 1068 1493 1106 me
1530 1067 1595 1108 ac
1624 1062 1845 1122 stupere

248 1147 541 1211 cantiteor,
564 1159 660 1199 cur
690 1153 836 1198 tanta
866 1143 1058 1198 virtute
1083 1155 1243 1214 atque.
1277 1144 1610 1200 humanitate
1645 1146 1844 1215 praedi-

250 1250 361 1305 tus,
408 1236 735 1307 jampridem
778 1236 920 1290 circa
948 1251 1034 1291 me
1072 1251 1293 1291 munere
1339 1236 1636 1290 litterarum
1677 1238 1847 1291 absti-

247 1346 405 1387 neas.
459 1328 612 1397 Quod
660 1344 760 1399 ego
797 1328 901 1383 etsi
945 1344 1228 1384 causarum
1269 1330 1624 1398 occupatione
1673 1330 1842 1400 magis

242 1438 413 1494 quam
440 1421 713 1476 voluntate
742 1420 975 1475 arbitror
1000 1422 1260 1476 accidisse
1280 1464 1296 1488 ,
1330 1431 1510 1477 tamen
1542 1439 1701 1479 orare
1733 1440 1840 1480 non

242 1517 441 1569 desino
480 1524 541 1569 ut
568 1529 850 1568 censuram
875 1521 1019 1568 tuam
1053 1514 1221 1569 nostri
1262 1530 1557 1571 memorem
1590 1516 1842 1587 frequens

242 1622 434 1663 sermo
462 1606 717 1662 declaret.
752 1605 900 1661 Vale.

894 1697 1110 1753 EPIST.
1137 1698 1199 1752 II.

729 1807 1036 1846 SYIHACIIUS
1076 1807 1365 1846 ΑωιΑοιιιο.

311 1885 447 1941 Mihi
478 1884 697 1956 quidem
728 1900 755 1938 a
792 1895 844 1939 te
874 1885 1177 1951 multiplex,
1211 1896 1370 1955 atque
1398 1884 1605 1940 varium
1641 1900 1839 1941 munus

241 1980 546 2035 exhibitutn
584 1986 705 2031 est:
735 1976 828 2031 sed
856 1976 1062 2031 adverti
1094 1978 1413 2032 verecundia
1445 1978 1665 2043 faetum,
1692 1979 1834 2047 quod

243 2072 334 2125 tibi
357 2071 414 2124 in
435 2067 671 2123 solidum
695 2082 968 2122 assumere
1003 2069 1219 2123 noluisti
1244 2085 1457 2124 omnem
1482 2079 1717 2139 capturas
1737 2071 1831 2125 sil-
1866 2058 1909 2116 Β

239 2162 439 2217 vestris
465 2171 744 2216 eventum.
788 2161 922 2215 Nam
954 2173 1038 2214 ttta
1069 2162 1317 2232 indagine
1344 2174 1559 2233 captum
1593 2164 1835 2241 leporem

239 2254 525 2325 gloriatus,
547 2266 737 2321 aprum
764 2252 988 2306 serviles
1013 2267 1202 2307 manus
1227 2254 1427 2309 asseris
1450 2255 1724 2311 incidisse.
1750 2258 1832 2312 An

236 2346 458 2401 szcvitas
501 2344 630 2398 ferte
676 2343 891 2413 indigna
938 2344 1030 2398 tibi
1059 2347 1171 2400 visa
1197 2357 1303 2413 est,
1339 2362 1497 2417 quam
1536 2348 1677 2404 laudi
1701 2366 1829 2419 pro-

239 2438 369 2505 pria:
404 2434 751 2491 vindicares?
779 2434 884 2489 Sed
923 2434 1038 2490 Itzrc
1068 2436 1194 2506 joco
1232 2438 1373 2493 dicta
1415 2439 1637 2495 ridebis.
1680 2440 1833 2497 Nunc

232 2530 335 2584 alia
386 2544 512 2599 quae
550 2527 621 2583 de
659 2542 746 2584 me
787 2529 1015 2597 requiris
1069 2530 1310 2586 adverte.
1355 2532 1553 2589 Diebus
1590 2537 1833 2604 pauculis

233 2621 400 2674 etiam
424 2634 572 2674 nunc
596 2619 793 2674 morari
821 2619 1015 2688 Capua:
1043 2621 1309 2676 destinavi
1331 2623 1558 2688 ;dehinc
1581 2628 1833 2682 mutatio-

229 2714 395 2766 nibus
441 2711 747 2766 vicinorum
795 2720 965 2785 totum
1008 2712 1151 2766 hunc
1197 2728 1441 2768 mensem
1497 2716 1827 2785 producere;

226 2816 395 2873 atque
417 2804 516 2871 ita,
545 2803 591 2858 si
622 2802 695 2857 dii
716 2803 954 2871 jnverint
973 2805 1580 2876 voluntatem,relegere
1599 2808 1827 2878 Appiam

225 2906 423 2965 potero
455 2895 704 2949 molesta:
729 2908 947 2949 accessu
981 2895 1194 2949 hiemis.
1232 2895 1383 2953 Vale.

872 2987 1085 3042 EPIST.
1123 2989 1208 3042 Ill.

706 3092 1015 3133 εῖωηιῖηυε
1054 3097 1372 3139 FRIJCTIANO.

297 3170 639 3225 Sollicitatus
667 3169 983 3240 jamdudum
1038 3172 1228 3229 litteris
1284 3174 1389 3229 tuis
1423 3177 1605 3232 tandiu
1636 3193 1823 3250 angar,

226 3261 472 3331 quandiu
501 3260 572 3315 de
606 3269 658 3315 te
688 3260 919 3315 secunda
962 3276 1307 3332 cognoscam.
1348 3265 1484 3332 Quid
1522 3269 1706 3338 igitur,
1739 3273 1825 3326 vel

228 3352 572 3406 medicorum
615 3351 842 3417 curatio,
883 3354 965 3407 vel
1007 3354 1335 3411 abstinentia
1366 3368 1452 3412 tua
1483 3360 1549 3412 ad
1594 3362 1820 3418 salutem

230 3446 599 3513 promoverit,
638 3452 765 3510 opto
794 3459 1143 3513 cognoscere.
1172 3446 1290 3517 Ipse
1318 3449 1474 3504 bona:
1502 3453 1824 3511 valetudinis
1851 3432 1896 3494 Ο

228 3550 457 3605 compos
485 3538 723 3591 revisere
750 3537 976 3606 patriam
1021 3538 1231 3595 fortuna
1263 3543 1591 3613 suffragante
1617 3551 1823 3603 consti-

229 3628 327 3693 tui,
360 3629 681 3698 priusquam
712 3630 862 3685 labor
892 3633 1141 3689 itinerum
1172 3650 1430 3703 processu
1479 3639 1677 3695 adulta:
1704 3641 1820 3698 hie-

226 3723 330 3776 mis
356 3732 647 3793 augeatur.
681 3723 828 3780 Vale.

850 3815 1065 3872 EPIST.
1106 3818 1196 3873 IV.

711 3921 1019 3964 εγωιλιιηυε
1060 3927 1334 3969 ιοιιιΑκο.

298 3994 516 4051 Primas
561 3996 767 4051 litteras
823 4012 1014 4067 sponte
1064 4003 1335 4069 tribuisti;
1389 4008 1653 4063 secundas
1700 4026 1817 4067 mea

222 4100 353 4139 cura
384 4086 553 4141 debet
596 4088 813 4142 elicere.
844 4090 1005 4145 Sume
1038 4092 1197 4161 igitur
1226 4096 1625 4165 salutationem,
1661 4117 1817 4171 quam

222 4178 601 4233 vicissitudine
623 4184 942 4248 munereris,
958 4186 1215 4251 polliceor
1236 4188 1419 4245 itidem
1443 4207 1563 4246 cum
1588 4210 1816 4265 respon-

222 4269 301 4323 sis
324 4270 437 4323 tuis
466 4270 616 4339 paria
643 4285 728 4326 me
748 4270 1034 4328 facturum.
1059 4275 1211 4333 Vale.

863 4363 1079 4419 EPIST.
1128 4368 1188 4421 V.

655 4468 968 4525 SVIIACIIUS
1007 4473 1391 4517 PRISCILLIANO.

295 4543 500 4598 Essent
521 4543 653 4598 mihi
681 4556 847 4615 gratas
877 4547 1068 4603 littera:
1098 4560 1225 4615 tute,
1250 4553 1334 4608 vel
1364 4554 1408 4607 si
1432 4554 1562 4611 nihil
1594 4556 1662 4613 de
1682 4559 1819 4616 meis

221 4636 364 4701 apud
396 4634 636 4689 Africam
666 4638 869 4692 meritis
902 4654 966 4695 ac
1004 4641 1250 4698 laudibus
1286 4648 1648 4706 continerent.
1681 4652 1812 4709 Nam

224 4742 270 4779 ιιι
311 4728 444 4782 mihi
490 4726 662 4783 decus
698 4729 934 4800 aliquod,
987 4733 1057 4787 ita
1102 4735 1194 4789 tibi
1237 4752 1333 4806 pro
1372 4750 1553 4796 mutua
1582 4747 1814 4803 amicitia

225 4820 481 4882 gaudium
510 4821 898 4888 prmstiterunt.
926 4824 1060 4880 Hinc
1090 4826 1287 4883 factum
1314 4841 1416 4898 est,
1447 4843 1502 4888 ut
1530 4836 1813 4904 epistolam

226 4911 386 4964 Letus
413 4912 715 4970 emitteres.
748 4914 1033 4972 Exsultans
1060 4919 1256 4989 quippe
1295 4924 1507 4980 animus
1532 4928 1814 4998 gloriatur,

226 5012 283 5056 et
310 5005 677 5062 ostentatione
725 5008 806 5062 sui
845 5024 952 5064 non
994 5022 1169 5081 potest
1207 5016 1503 5076 abstinere.
1534 5023 1641 5078 Pro
1669 5035 1817 5085 tanto

224 5094 391 5160 igitur
417 5095 471 5149 in
502 5111 602 5150 nos
624 5112 811 5155 amore
830 5100 1055 5159 deorum
1080 5107 1378 5176 benignitas
1403 5120 1454 5167 te
1479 5130 1812 5176 muneretur.

224 5187 441 5241 htenim
482 5204 606 5243 cum
634 5191 749 5260 ipse
777 5209 863 5248 me
890 5210 996 5250 non
1026 5196 1286 5256 solvendo
1313 5202 1529 5270 dignum
1561 5209 1811 5282 arbitrer,

219 5281 291 5335 ad
322 5281 494 5336 vicem
525 5299 659 5338 mea:
688 5287 891 5354 gratim,
925 5289 1159 5347 favorem
1194 5294 1286 5350 tibi
1318 5299 1552 5366 praesidii
1576 5305 1814 5363 caelestis

218 5384 445 5444 exopto.
480 5375 625 5433 Vale.

855 5473 1067 5531 EPIST.
1112 5479 1198 5534 VI.

734 5578 1045 5622 SVNIACIIUS
1083 5584 1305 5631 SEVERO.

292 5652 477 5713 Grata:
519 5657 737 5726 quidem
777 5674 989 5739 semper
1019 5662 1215 5719 litterae
1266 5677 1370 5723 tua:
1408 5686 1550 5727 nunc
1589 5672 1816 5743 legentis

217 5750 459 5807 animum
486 5752 915 5824 momorderuut,
936 5769 1058 5812 cum
1090 5767 1141 5817 te
1168 5758 1467 5826 indicarent
1494 5768 1667 5826 morbi
1695 5768 1812 5827 diu-

1949 873 2213 927 senatoris
2242 874 2396 945 longa
2425 882 2637 933 vexatio
2659 881 2816 937 fidem
2851 885 3030 951 faciat,
3055 887 3184 942 nihil
3207 906 3399 945 cnrare
3424 907 3539 948 cm-

1950 962 2130 1029 lestes,
2162 981 2189 1017 a
2221 982 2326 1036 qua
2352 969 2605 1038 opinione
2634 973 2917 1040 dissentio,
2966 988 3124 1048 teque
3166 983 3410 1048 protinus
3436 999 3540 1052 Ope

1946 1059 2262 1116 salutarium
2291 1075 2613 1131 potestatum
2645 1070 2834 1124 solida:
2873 1074 3085 1127 sanitati
3120 1091 3385 1142 praesumo
3412 1079 3539 1133 red-

1945 1149 2205 1219 dendum,
2228 1155 2270 1207 si
2298 1157 2457 1209 modo
2481 1158 2595 1227 ipse
2616 1162 2803 1227 plenus
2830 1165 2943 1232 spei
2967 1164 3102 1219 lastis
3128 1168 3538 1237 cogitationibus

1945 1242 2197 1299 eluctcris
2230 1245 2477 1302 adversa.
2517 1249 2665 1303 Vale.

2562 1342 2777 1399 EPIST.
2820 1346 2926 1401 VII.

2422 1444 2730 1488 εῑιιιιλοιιυε
2759 1452 3053 1493 (ιΑΡιιιῑοιο.

2012 1516 2350 1575 Adventante
2384 1522 2578 1577 Euscio
2608 1529 2818 1593 Speravi
2853 1530 3056 1585 litteras
3088 1542 3235 1598 luas;
3275 1534 3368 1588 sed
3400 1535 3536 1591 fidu-

1942 1609 2078 1664 ciam
2110 1627 2267 1667 casus
2296 1613 2504 1668 fefellit.
2556 1617 2665 1685 Ego
2713 1627 2891 1675 tamen
2939 1623 3137 1677 silentii
3187 1624 3260 1679 tui
3303 1626 3535 1683 imitator

1942 1718 2062 1758 esse
2092 1720 2195 1759 non
2226 1706 2406 1773 potui,
2439 1723 2605 1775 quare
2641 1709 2893 1768 indebitis
2932 1714 3121 1783 fungor
3157 1717 3406 1787 alloquiis
3434 1737 3448 1773 :
3477 1728 3535 1775 ut

1939 1797 2029 1862 qni
2065 1797 2260 1863 prmsul
2294 1797 2451 1867 hujus
2479 1799 2642 1855 officii
2673 1817 2795 1857 esse
2834 1803 3096 1860 debueras
3123 1849 3138 1873 ,
3180 1810 3411 1880 exempli
3439 1827 3537 1865 ne-

1937 1889 2188 1944 cessitate
2215 1889 2282 1943 ad
2306 1889 2635 1960 diligentiam
2665 1898 2990 1962 provaceris.
3019 1897 3172 1953 Vale.

2526 2026 2745 2084 EPIST.
2786 2029 2924 2084 VIII.

2437 2131 2749 2174 SYIIIIACIIUS
2786 2136 3025 2177 BUSEBIO.

2010 2224 2194 2280 Fuerit
2223 2216 2561 2283 verecundia:
2593 2238 2716 2299 tuae,
2748 2232 2889 2299 quod
2930 2232 3186 2289 hactenus
3217 2236 3346 2293 nihil
3378 2238 3532 2296 nobis

1936 2316 2158 2387 alloquii
2186 2318 2422 2375 detulisti
2456 2340 2468 2374 :
2500 2338 2643 2377 nunc
2671 2338 2826 2379 sume
2859 2326 3128 2391 fiduciam,
3160 2344 3319 2398 quam
3352 2331 3417 2383 ad
3452 2333 3531 2387 in-

1936 2408 2282 2466 vitamentum
2312 2412 2687 2469 familiaritatis
2717 2415 3008 2483 ingerimus
3029 2458 3046 2483 ,
3077 2428 3131 2473 et
3158 2430 3338 2487 gratas
3367 2421 3531 2478 fuisse

1936 2500 2141 2557 litteras
2167 2518 2315 2559 meas
2338 2505 2606 2559 sermonis
2632 2487 2946 2563 assiduitate
2976 2518 3195 2566 testare.
3229 2511 3381 2568 Vale.

2563 2637 2780 2695 EPIST.
2822 2640 2917 2695 IX.

2413 2742 2722 2783 SYIIACIIUS
2758 2747 3050 2786 IARTIANO.

2003 2815 2322 2887 Scriptionis
2349 2819 2588 2888 auspicio
2615 2819 2857 2874 fiduciam
2892 2831 3032 2875 tuam
3062 2837 3317 2892 provoco.
3351 2823 3529 2892 Quare

1933 2904 2311 2962 familiaritatis
2336 2918 2532 2962 nostra:
2552 2910 2753 2963 aditum
2784 2910 3064 2980 ingredere
3092 2927 3331 2969 securus.
3362 2914 3529 2971 Vicis-

1930 2992 2108 3047 situdo
2136 2993 2299 3048 officii
2332 2994 2403 3047 tui
2434 2994 2635 3063 faciet,
2680 3005 2737 3050 ut
2772 2996 3018 3052 inchoata
3049 3015 3145 3069 per
3173 3016 3260 3056 nte
3292 3003 3526 3057 amicitia

1929 3084 2285 3139 convalescat.
2320 3084 2469 3141 Vale.
2772 3158 2775 3159 ν

2433 3245 2441 3251 ,
2566 3181 2782 3237 EPIST.
2824 3182 2892 3237 x.

2441 3287 2748 3328 SYIMIACIIUS
2787 3259 3005 3330 ιιιεὰεο.

2002 3360 2364 3431 Exspectasse
2388 3370 2441 3417 te
2470 3364 2702 3417 arbitror
2733 3364 2939 3418 litteras
2972 3380 3139 3430 meas.
3177 3376 3231 3422 ut
3258 3366 3307 3423 in
3340 3378 3523 3428 mutua

1930 3450 2105 3505 ofﬁcia
2137 3464 2459 3521 provocatus
2486 3470 2819 3523 erumperes.
2844 3456 3009 3511 Sume
3038 3457 3196 3527 igitur
3220 3474 3524 3517 sermonem

1929 3542 2083 3610 cujus
2114 3546 2356 3612 sequeris
2385 3546 2711 3614 exemplum.
2762 3547 2865 3600 Ero
2892 3547 3115 3615 posthac
3160 3551 3209 3603 in
3242 3553 3524 3609 scribendo

1928 3634 2257 3704 diligentior,
2288 3636 2331 3691 si
2377 3639 2568 3707 coeptis
2607 3639 2805 3693 nostris
2835 3639 3145 3695 vicissitudo
3177 3644 3521 3715 reSpondt-at.

1930 3726 2079 3783 Vale.

2552 3824 2763 3880 EPIST.
2806 3825 2896 3881 XI.

2481 3930 2808 3975 εγιιηλωιυε.
2836 3960 2850 3973 .
2875 3957 2890 3973 .
2916 3959 2933 3973 .
2958 3960 2973 3975 ο

1974 4027 2225 4081 νΛιΥεοιῐο
2254 4028 2305 4082 in
2336 4036 2387 4083 te
2407 4029 2571 4084 animi
2598 4031 2703 4085 mei
2735 4048 2838 4085 non
2864 4033 3054 4088 litteris
3081 4036 3392 4091 aestimanda
3414 4047 3519 4093 est.

1924 4119 2132 4188 Religio
2164 4122 2303 4173 enim
2340 4122 2441 4175 fide
2484 4123 2713 4189 pectoris
2751 4124 3057 4180 continetur
3088 4149 3101 4182 :
3132 4128 3184 4181 in
3228 4130 3514 4186 verborum

1924 4211 2114 4265 officiis
2137 4212 2269 4265 latet
2308 4213 2621 4283 plerumque
2644 4217 2936 4287 aemulatio.
2968 4218 3143 4284 Quare
3177 4221 3266 4273 tibi
3300 4223 3352 4275 in
3382 4227 3519 4276 scri-

1924 4302 2100 4357 bendo
2121 4304 2291 4356 rarior
2312 4304 2513 4371 videar,
2541 4305 2670 4357 nihil
2693 4307 2862 4360 amori
2885 4310 3159 4363 existimes
3178 4310 3515 4380 decerptum.

1924 4394 1992 4449 Et
2019 4409 2164 4464 smpe
2193 4397 2373 4450 evenit
2409 4405 2467 4449 nt
2496 4397 2744 4451 homines
2794 4397 2869 4451 tui
2901 4414 3001 4453 nec
3026 4400 3376 4468 profectionis
3403 4418 3515 4458 suae

1922 4488 2051 4541 mihi
2084 4488 2338 4542 indicium
2372 4488 2599 4553 faciant,
2638 4501 2694 4543 et
2731 4501 2946 4545 mutuas
2974 4494 3195 4560 paginas
3223 4508 3327 4547 non
3354 4509 3513 4563 repo-

1921 4587 2090 4633 scant.
2142 4579 2246 4634 Sed
2274 4579 2341 4634 de
2372 4582 2474 4634 hoc
2516 4580 2660 4649 loqui
2703 4582 2903 4652 largius
2947 4599 3054 4637 non
3105 4595 3361 4653 oportet:
3391 4588 3513 4656 quia

1921 4670 2121 4724 sufficit
2162 4670 2364 4725 amanti
2408 4671 2585 4725 brevis
2623 4680 2675 4724 et
2714 4672 2959 4728 districta
3007 4678 3269 4745 purgatio.
3324 4678 3405 4732 Ad
3450 4694 3514 4734 ea

1924 4769 2136 4815 transeo
2173 4777 2291 4831 quae
2345 4761 2562 4831 utrique
2592 4764 2765 4818 vctiva
2794 4774 2942 4819 sunt.
2978 4766 3248 4822 llilaratns
3276 4784 3394 4823 sum
3423 4784 3514 4825 sa-

1924 4853 2106 4908 nitatis
2134 4862 2238 4907 tuae
2276 4856 2469 4909 nuntio
2492 4899 2508 4923 ,
2553 4865 2608 4910 et
2652 4858 2890 4925 rependo
2913 4898 2929 4923 ,
2963 4874 3069 4926 quo
3097 4862 3349 4929 gaudeas.
3380 4862 3513 4918 Nam

1922 4945 2027 5001 mei
2049 4960 2263 5017 quoque
2281 4948 2525 5017 corporis
2545 4949 2695 5019 vigor
2725 4960 2843 5017 post
2866 4948 3131 5005 infirmam
3153 4952 3512 5009 valetudinem

1919 5039 2085 5109 cmpit
2113 5055 2417 5110 assurgere.
2459 5040 2615 5095 Vale.
2684 5084 2689 5089 .

2525 5129 2745 5184 EPIST.
2786 5131 2903 5186 XII.

2440 5235 2749 5276 εῖιιιιλοιιυε
2778 5237 3004 5278 ΡΑεΑτο.

1996 5314 2060 5368 Et
2090 5313 2142 5368 in
2167 5312 2474 5369 deferendis
2494 5323 2547 5369 et
2572 5314 2624 5368 in
2649 5314 3005 5381 rependendis
3030 5316 3123 5371 ttbi
3151 5316 3342 5372 litteris
3369 5318 3511 5373 desi-

1922 5408 2043 5464 dem
2074 5425 2158 5461 me
2188 5410 2421 5461 arbitror
2450 5423 2554 5462 non
2586 5408 2778 5463 videri.
2829 5410 3005 5475 Quare
3026 5452 3040 5477 ,
3069 5415 3167 5467 etsi
3198 5413 3411 5467 memini
3440 5414 3509 5470 ad

1923 5508 1975 5554 te
2020 5499 2206 5553 diebus
2251 5500 2507 5567 proximis
2553 5500 2725 5556 officia
2767 5513 2944 5558 nostra
2992 5520 3283 5559 manasse:
3324 5513 3506 5560 curavi

1923 5599 2098 5643 tamen
2128 5590 2291 5643 etiam
2330 5590 2511 5646 debito
2541 5592 2725 5649 fenore
2762 5597 3026 5650 sermonis
3053 5597 3278 5649 absolvi.
3327 5596 3431 5652 Sed
3462 5600 3507 5656 si

1921 5694 2157 5749 ttnqnam
2182 5678 2332 5734 brevi
2366 5682 2650 5738 intervallo
2688 5699 2816 5741 usus
2849 5684 3267 5741 iste'cessaverit
3291 5731 3305 5755 ,
3346 5690 3507 5746 velim

1920 5771 2122 5878 cogites
2162 5772 2517 5834 amicitiarum
2555 5792 2664 5834 non
2700 5776 2897 5850 frigere
2928 5786 3253 5850 respectum.
3297 5780 3507 5852 Religio
