4074 6176
490 261 594 335 sis

1649 277 1715 347 Q'.
1758 273 2104 333 AURELIUS
2141 271 2580 334 SVMM'ACI'IUS.

3671 282 3776 341 3I6

484 388 626 442 enim
654 387 823 459 magis
855 389 956 446 iide
984 389 1149 445 animi
1175 390 1442 446 metienda
1485 401 1566 446 est
1624 407 1784 461 quam
1829 398 2070 446 ostenta-
2101 389 2156 446 Α
2180 389 2327 458 quin,
2359 399 2415 444 ut
2443 400 2522 444 est
2555 404 2705 444 mens
2737 398 2822 445 tua
2851 391 3042 459 quietis
3073 391 3287 459 cupida,
3324 393 3514 467 malles
3547 397 3773 466 negetiis

485 481 629 536 tione
655 482 965 536 verborum.
991 483 1144 537 Vale.

1089 569 1302 626 EPIST.
1332 571 1470 626 XIII.

932 659 1241 721 svuuacnus
1281 682 1646 721 APOLLODOBO.

555 749 874 810 Pervenisse
902 755 1136 810 arbitror
1162 746 1379 822 famam,
1409 772 1528 825 qua:
1552 765 1608 810 te
1634 746 1934 810 absolutum
1967 745 2086 809 non~

485 845 646 899 modo
672 845 922 911 honoris,
955 861 1143 900 verum
1173 846 1337 900 etiam
1365 859 1615 899 curarum
1650 841 1803 899 iaSce'
1822 845 2074 913 vulgavit.

486 936 542 989 Si
576 936 646 990 ita
672 945 774 1001 est,
807 952 900 991 ero
932 935 1023 990 tibi
1056 951 1198 992 nunc
1225 930 1582 991 con'iirmator’
1599 937 1726 990 boni
1765 936 1894 990 olim
1937 935 2081 990 desi-

483 1027 678 1083 derati.
712 1028 823 1082 Mea
851 1043 971 1083 cum
1000 1026 1112 1082 tilio
1142 1023 1343 1083 sanitas
1374 1041 1476 1099 ope
1504 1019 1800 1084 divinitatis
1827 1029 1877 1082 i'n
1905 1027 2098 1083 solido'

484 1129 589 1175 est.
621 1120 740 1174 Tibi
769 1132 825 1175 ut
849 1123 1077 1176 et‘salus
1103 1120 1303 1185 valida,
1333 1129 1386 1176 et
1414 1120 1618 1175 reditus
1646 1120 1771 1175 felix
1797 1110 2074 1188 secundet,

485 1221 592 1267 tam
625 1223 804 1268 nostra
835 1222 957 1268 vota
986 1227 1148 1283 quam
1177 1220 1264 1265 tua
1294 1214 1484 1267 merita
1517 1212 1863 1282 praestabunt.
1896 1199 2049 1268 Vale.

1077 1303 1316 1359 EPIST.‘
1341 1303 1478 1358 XIV.

773 1409 1084 1451 SVMDIACIIUS
1121 1387 1416 1448 CRCILIANO
1448 1409 1518 1448 ET
1552 1385 1794 1450 PROBINO.

557 1480 788 1540 Abunde
820 1480 1032 1549 laetitia,
1107 1485 1391 1556 postquam
1427 1484 1612 1538 valere
1639 1477 1735 1538 vos
1765 1483 1958 1549 didici,
1985 1499 2082 1538 no-

484 1574 714 1649 sineque
737 1577 998 1632 amicitia:
1037 1577 1181 1634 inter
1214 1574 1547 1648 negetiorum
1585 1577 1716 1632 dura
1749 1578 2077 1632 meminisse.

489 1667 840 1738 Sed-quando
877 1668 971 1723 liet
1018 1675 1075 1722 ut
1126 1668 1333 1724 solariis
1362 1669 1662 1724 litterarum
1691 1669 1888 1723 damna
1916 1670 2084 1724 absti-

2180 474 2398 535 rusticis
2427 477 2720 536 immorari.
2763 481 2890 536 Mihi
2925 481 3305 537 suburbanitas
3334 485 3531 553 pedum
3563 489 3774 556 aegritu-

2175 569 2304 626 dine
2331 571 2592 626 laboranti
2620 573 2787 641 magis
2813 573 3006 626 solatio
3040 588 3196 642 quam
3238 573 3496 644 voluptati
3522 587 3627 632 est.
3651 579 3776 634 Nul-

2179 660 2282 714 lam
2309 660 2694 731 jucunditatem
2727 657 2892 718 trisus
2933 664 3103 720 morbi
3139 680 3332 720 sensus
3369 667 3627 722 admittit.
3671 669 3775 724 Sed

2177 742 2376 822 spero,
2415 757 2458 808 si
2491 744 2850 810 innocentiam
2890 749 3067 812 divina
3115 757 3446 827 respiciunt,
3491 769 3544 816 et
3577 761 3775 820 forensi

2178 845 2556 904 observatione
2597 849 2916 902 sanandum.
2961 848 3254 919 Gratuset
3301 849 3474 906 facilis
3523 852 3648 915 erit,
3683 865 3775 910 aut

2179 936 2311 1012 mihi
2343 929 2564 993 Romam
2590 939 2814 1004 reditus,
2845 951 2936 995 aut
2967 941 3062 996 tibi
3093 942 3156 996 ad
3185 931 3392 1013 agrum,
3423 938 3474 999 in
3497 935 3776 1017 qno‘nunc

2179 1027 2425 1083 diversor
2444 1069 2461 1096 ,
2491 1026 2769 1086 excursus.
2799 1029 2951 1084 Vale.
3055 1096 3059 1100 _

2774 1119 2988 1177 EPIST.
3033 1109 3175 1177 χιχ.

2672 1197 2981 1266 δἰιιιιλειιυε
3011 1206 3290 1268 unumne.

2251 1289 2431 1367 Ipsum
2471 1309 2525 1356 te
2569 1301 2711 1356 malo
2731 1342 2745 1366 ,
2774 1289 2933 1372 quam
2977 1299 3324 1358 delinimenta
3351 1291 3662 1361 verborum.
3695 1307 3775 1362 Tu

2181 1381 2374 1447 centra.
2398 1382 2640 1463 epistolis
2669 1392 2928 1448 absentia:
2958 1410 3136 1449 moras
3163 1395 3403 1450 redimis.
3439 1379 3652 1464 Quid‘si
3680 1399 3774 1454 tibi

2183 1482 2549 1552 respondisset
2575 1483 2848 1553 eptim'itas
2877 1483 3096 1554 segetis,
3129 1494 3219 1539 aut
3247 1485 3530 1562 vindemia:
3558 1489 3776 1542 arrisis-

2183 1581 2267 1628 set
2303 1572 2552 1629 ubertas?
2597 1575 2844 1630 Omnium
2888 1582 3187 1643 temporum
3233 1576 3379 1631 vices
3409 1576 3461 1630 in
3489 1577 3600 1631 otio
3638 1579 3777 1633 ruris

2184 1664 2471 1732 exigeres,
2519 1667 2610 1736 qui
2659 1668 2845 1736 patria:
2897 1667 3089 1722 famem
3121 1670 3263 1737 agris
3309 1666 3638 1722 demorando
3669 1685 3777 1722 non

485 1761 683 1815 nentiae
726 1760 1065 1834 sarcientur?
1112 1759 1224 1830 Ego
1269 1770 1448 1815 autem
1493 1775 1588 1814 vos
1638 1759 1902 1830 prtetoriis
1945 1760 2080 1814 meis
2113 1743 2162 1804 Β
2189 1755 2434 1825 respicis.
2486 1758 2566 1813 An
2613 1760 2730 1814 solo
2756 1759 2958 1829 jnvaris
2999 1759 3264 1828 aucupio,
3293 1759 3450 1829 cujus
3497 1776 3583 1817 me
3625 1771 3777 1830 parte

485 1852 720 1907 fascibus
752 1853 960 1922 primos
987 1849 1248 1906 interesse
1279 1847 1561 1907 voluiSse‘m
1583 1894 1600 1918 ,
1639 1847 1894 1921 festisque
1932 1863 2081 1906 com-

488 1941 741 1997 munibus
767 1942 933 1997 decus
971 1940 1168 1996 facere.
1210 1941 1513 1997 Sed'feram
1539 1955 1760 1997 necesse
1785 1949 1868 1997 est
1885 1982 1903 2008 ,
1931 1952 2080 1996 ante-

485 2031 612 2086 ferri
637 2031 768 2086 mihi
796 2045 1010 2085 causam
1027 2039 1264 2086 senatus.
1290 2031 1468 2098 Quare
1493 2030 1546 2086 in
1571 2031 1940 2101 superioribus
1960 2047 2082 2087 ver-

487 2123 568 2177 bis
607 2122 858 2177 desiderii
908 2122 1078 2193 magis
1132 2125 1453 2178 contestatio
1493 2134 1576 2179 est
1602 2164 1618 2190 ,
1662 2138 1820 2194 quam
1860 2123 2077 2202 querela

485 2207 714 2266 d'iSsidii.
757 2212 1040 2267 Prmstabit
1070 2213 1369 2269 caelestium
1397 2212 1571 2280 favor,
1603 2221 1662 2269 ut
1690 2215 1954 2270 mandatis
1989 2232 2081 2286 pa-

486 2307 604 2360 tria:
648 2304 913 2370 absoluti,
957 2306 1060 2360 iter
1088 2306 1215 2361 felix
1253 2307 1320 2363 ad
1363 2307 1610 2363 ludorum
1656 2301 2080 2366 nostrormnsop

484 2399 662 2455 lemne
690 2400 961 2472 relegatis.
1009 2401 1217 2457 Valete.
1389 2469 1394 2478 _

1095 2481 1309 2549 EI’IST.
1350 2494 1467 2550 xv.

983 2598 1295 2640 ειιιιιλοιιυε
1327 2601 1568 2643 Διιενιο.

557 2671 633 2725 Ex
663 2672 845 2728 debito
870 2674 1220 2729 venit'sermo
1263 2676 1353 2746 qui
1384 2677 1643 2744 redditur,
1675 2694 1740 2734 ex
1793 2679 2080 2747 beneficio,

483 2764 574 2834 qui
618 2776 810 2834 sponte
859 2767 1123 2821 defertur.
1171 2763 1434 2822 Secunda:
1478 2769 1608 2824 milri
1659 2766 1838 2839 partes
1876 2771 2078 2826 relictas

484 2863 649 2919 sunt,
683 2866 964 2925 postquam
1011 2858 1182 2926 stylu’s
1232 2866 1353 2912 tuus
1398 2859 1746 2929 mea'sc'ripta
1782 2861 2074 2930 pmvertit.’

485 2944 640 3000 Nunc
669 2947 784 3003 vice
808 2948 1146 3003 salutationis
1173 2963 1423 3018 repensa;
1448 2963 1665 3020 operam
1699 2961 1840 3006 tutam
1861 2945 2079 3008 curam-

485 3052 590 3107 que
608 3037 844 3109 deposco
872 3039 924 3094 iu
968 3040 1051 3094 bis
1083 3055 1204 3109 qua:
1234 3041 1422 3096 Castor
1447 3057 1514 3097 ex
1546 3058 1642 3098 usu
1669 3055 1828 3114 atque
1851 3037 2078 3099 utilitate

485 3138 668 3185 nostra
693 3129 1058 3199 promovenda
1086 3130 1432 3198 suggesserit.
1464 3131 1616 3188 Vale.

1087 3219 1302 3274 EPIST.
1345 3219 1488 3275 XVI.

962 3312 1276 3366 snt'u'acuus
1304 3315 1611 3370 caninum.-
2063 3384 2066 3386 γ

554 3400 1094 3457 Gratntn'liabeto'de
1131 3403 1440 3458 testimonio
1470 3411 1591 3460 meo
1629 3419 1901 3462 uon'esse'
1925 3405 2080 3461 dubia

485 3503 654 3551 latum
683 3536 698 3560 ,
740 3489 1128 3562 receptumqre
1167 3494 1218 3554 in
1261 3495 1534 3551 familiam
1566 3495 1711 3552 tuam
1756 3495 2078 3556 Auxentium

488 3583 654 3640 filium
702 3591 944 3640 nostrum
991 3585 1340 3641 lectissimum
1383 3587 1636 3657 juvenem
1663 3633 1679 3658 ,
1711 3590 1762 3644 in
1806 3606 1929 3645 meo
1967 3607 2077 3648 mre

483 3675 641 3730 duco.
674 3675 791 3744 Quo
821 3677 1039 3730 nomine
1077 3677 1310 3732 amicitia
1353 3686 1537 3733 nostra
1582 3679 1635 3733 in
1676 3681 1906 3736 arctiora
1952 3683 2076 3738 ﬁdei

483 3768 600 3842 jura
649 3768 922 3824 convenit.
959 3767 1018 3822 Et
1052 3769 1331 3838 praestabit
1359 3767 1487 3824 usus
1528 3771 1757 3841 longior,
1785 3784 1841 3826 ut
1870 3788 1990 3828 cum
2022 3773 2075 3828 in

484 3874 550 3914 eo
589 3859 726 3914 bona
775 3860 926 3928 plura
985 3861 1342 3929 cognoveris,
1410 3863 1842 3932 astipulationem
1901 3881 2075 3920 meam

484 3952 552 4006 de
601 3953 804 4006 meritis
841 3951 958 4022 ejus
1015 3953 1149 4010 infra
1197 3954 1454 4010 terminos
1488 3956 1727 4012 veritatis
1755 3961 1968 4013 stetisse
1998 3958 2078 4013 fa-

486 4043 670 4103 tearis.
701 4043 856 4100 Vale.

1071 4137 1287 4193 EPIST.
1329 4137 1493 4194 XVII.

997 4244 1308 4286 διιιιιλοιιυε
1343 4241 1557 4288 RUFIIIO.

553 4317 874 4376 Provinciali
893 4323 1112 4378 actione
1139 4323 1363 4378 decursa
1381 4366 1396 4391 ,
1420 4339 1542 4395 qua:
1565 4324 1632 4379 ad
1657 4325 1793 4381 sacri
1821 4326 2074 4383 auditorii

482 4413 816 4483 cognitorem
858 4415 1162 4471 necessaria
1199 4418 1888 4488 provocatione—pervenit,
1926 4421 2076 4476 dele;

2184 1853 2428 1908 donasti?
2463 1852 2566 1908 Sed
2598 1853 2685 1908 hic
2719 1862 2933 1923 quoque
2968 1853 3170 1922 positus
3197 1849 3635 1930 gulzeillecebris
3664 1853 3777 1907 lar-

2181 1946 2319 2013 giter
2349 1933 2600 1998 utereris.
2643 1941 2772 1998 Nam
2818 1939 2992 1998 simul
3022 1937 3172 2006 tibi,‘
3198 1937 3261 1996 et
3288 1933 3625 2011 coempta'ex
3656 1944 3776 1996 foro

2183 2025 2580 2103 Cupedina'rio,
2609 2044 2665 2089 et
2705 2049 2770 2090 ex
2815 2029 3125 2088 suburbano
3153 2025 3246 2085 tuo
3285 2033 3487 2099 perlata
3528 2044 3776 2100 suppete-

2184 2133 2325 2180 rent.
2374 2123 2570 2193 Quid,
2599 2123 2740 2194 quod
2784 2122 2946 2179 etiam
2991 2120 3179 2190 jacta‘ri
3233 2117 3421 2176 morbo
3471 2128 3774 2176 matronam

2184 2227 2333 2272 tuam‘
2366 2213 2622 2270 simulas?
2667 2214 2821 2284 cujus
2865 2211 3153 2268 valetudini
3182 2206 3275 2280 ,‘si
3317 2225 3442 2265 vera
3489 2209 3774 2280 praedicas,

2183 2301 2851 2377 solitudonon'comretit.
2893 2307 3052 2362 Plura
3097 2302 3454 2360 en‘im'ﬂo'tnz'e
3484 2302 3772 2358 salubrita-

2184 2396 2252 2459 tis
2295 2402 2646 2459 instrumenta
2691 2413 2856 2469 sunt,
2906 2385 3445 2470 major‘medentium
3494 2414 3772 2454 numerus.

2184 2493 2318 2550 Vide
2366 2495 2524 2563 igitur
2571 2503 2639 2548 ne
2685 2494 2828 2547 aliud
2856 2507 3024 2562 genus
3070 2488 3392 2559 suspicionis
3419 2491 3694 2556 incnrras,
3724 2491 3776 2546 si

2182 2579 2458 2639 obsessam
2485 2600 2513 2638 a
2537 2580 2746 2639 morbo"
2765 2583 3046 2652 conjugem
3081 2589 3247 2636 vaCuo
3277 2577 3491 2634 seéesSu
3529 2588 3586 2637 et
3605 2580 3777 2635 intuta

2183 2669 2526 2746 ablegatione
2555 2667 2934 2730 maceraveris.
2968 2671 3128 2727 Vale.

2787 2765 3002 2823 EPIST.
3043 2765 3164 2821 XX.

2254 2858 2370 2914 Prae
2409 2857 2622 2914 caeteris
2659 2848 2960 2928 temporum
3006 2856 3211 2911 vicibus
3255 2851 3442 2911 astate
3483 2853 3722 2910 delector
3745 2869 3770 2909 :

2183 2967 2290 3007 non
2339 2951 2480 3021 quod
2524 2951 2744 3005 diurnas
2793 2952 2968 3002 horas
2996 2948 3204 3016 longior
3232 2946 3364 3000 SUIIS
3399 2955 3536 2999 meta
3568 2943 3773 3013 produ-

2180 3043 2291 3109 cit,
2334 3057 2432 3097 nec
2467 3042 2608 3112 quod
2655 3057 2744 3097 res
2811 3040 3158 3108 rationesque
3211 3050 3408 3093 nostra:
3446 3051 3579 3092 nova
3619 3036 3771 3106 fruge

2099 3113 2148 3176 (ἶ
2180 3131 2450 3188 ditescant
2493 3149 2506 3186 :
2540 3121 2636 3185 sed
2666 3125 2788 3200 quia
2827 3139 3013 3200 pacata
3059 3117 3771 3198 navigation'e‘desideratas

2181 3221 2310 3276 milii
2337 3221 2546 3276 litteras
2576 3231 2694 3275 tuas
2723 3217 2978 3290 frequens
3006 3219 3208 3274 invehit
3249 3226 3598 3274 cotnmeatus.
3629 3217 3770 3284 Quid

2179 3320 2320 3374 enim
2351 3319 2442 3374 vel
2464 3319 2628 3374 animi
2659 3310 2930 3386 voluptate
2965 3309 3401 3386 jucundius,'vel
3432 3315 3498 3368 ad
3527 3313 3769 3369 ofﬁcium

2181 3408 2428 3464 amicitiae
2471 3403 2946 3464 aecommodatins'
2975 3396 3232 3478 p‘r'mstari
3260 3417 3474 3477 potest,
3514 3419 3672 3474 quam
3711 3415 3773 3462 ut

2180 3509 2240 3556 te'
2280 3501 2385 3556 tnei
2433 3510 2708 3555 amantem
2759 3512 2874 3555 usu
2912 3492 3087 3553 crebri
3141 3485 3411 3553 sermonis
3471 3495 3772 3564 experiar?

2181 3593 2320 3664 Ergo
2358 3593 2484 3646 dum
2515 3591 2640 3646 antri
2671 3601 2882 3660 tempus
2905 3589 3146 3656 'invitat',
3173 3589 3300 3643 dum
3341 3586 3578 3656 pervium
3617 3600 3772 3640 mare

2179 3695 2296 3750 est;
2342 3684 2529 3751 pabula
2564 3683 2808 3754 quaedam
2846 3691 2900 3736 et
2935 3682 3257 3735 nutrimenta
3296 3691 3493 3734 Inuum:
3529 3678 3771 3734 aliectio-

2179 3777 2263 3832 nis
2299 3775 2464 3830 veluti
2506 3775 2560 3829 in
2600 3776 3244 3843 hiemem-congerantur.
3303 3771 3435 3826 Cum
3477 3771 3593 3824 haec
3632 3771 3770 3824 scri-

2179 3865 2360 3920 berem
2389 3865 2533 3920 salus
2557 3865 2688 3919 mihi
2723 3866 2788 3920 ex
2822 3864 3085 3920 sententia
3115 3863 3470 3933 suppetebat,
3497 3860 3598 3915 tuis
3618 3859 3771 3914 vide-

2179 3956 2305 4010 licet
2339 3956 2520 4025 adjuta
2559 3955 2718 4010 votis.
2759 3955 2943 4025 Neque
2984 3955 3128 4010 enim
3171 3953 3282 4007 alia
3309 3951 3463 4007 nobis
3506 3950 3582 4006 de
3602 3937 3767 4004 causa

2179 4049 2413 4104 arbitror
2455 4046 3004 4118 optata‘succedere',
3043 4045 3202 4117 quam
3233 4045 3464 4115 judicio,
3497 4053 3552 4100 et
3581 4055 3768 4098 amore

2176 4138 2535 4212 Carthaginis.
2559 4140 2724 4196 Vale.
2891 4215 2896 4220 _
2973 4213 2979 4220 θ

2778 4215 2994 4286 erm;
3010 4251 3019 4258 -
3035 4228 3176 4283 xxr.

2681 4333 2989 4377 SYIIACBUS
3019 4335 3263 4376 LUCILLO.
3435 4389 3445 4397 .

2248 4415 2526 4486 Indulgere
2574 4422 2626 4469 te
2665 4414 2807 4483 otio,
2843 4414 3111 4484 opinionis
3164 4413 3330 4467 falsus
3371 4410 3622 4480 putabam
3659 4428 3673 4464 :
3708 4419 3765 4466 tu

482 4514 656 4560 ctatus
680 4520 800 4561 sum
834 4505 939 4562 iide
963 4522 1027 4562 ac
1054 4484 1334 4576 diligentia
1367 4519 1454 4564 tua
1487 4528 1501 4564 :
1528 4521 1581 4565 et
1610 4484 1881 4566 fortunam
1909 4525 2073 4582 nego-
2097 4484 2152 4545 Β
2178 4513 2308 4562 vero
2342 4484 2578 4560 animum
2617 4503 2879 4574 lectione,
2917 4505 3119 4560 labore
3141 4519 3336 4570 corpus
3371 4515 3611 4558 exerces.
3653 4501 3766 4556 Hoc

485 4595 564 4662 tii,
582 4611 701 4650 .non
728 4597 1024 4656 defensoris
1055 4599 1371 4666 inscientiae,
1400 4601 1496 4656 sed
1528 4609 1653 4658 voto
1674 4602 1870 4672 judicia
1895 4605 2072 4675 impu-

484 4687 612 4742 tavi.
656 4688 857 4744 liorter
883 4689 1041 4759 igitur
1072 4691 1325 4746 amicitia
1365 4708 1498 4747 mea:
1527 4693 1775 4750 fiduciam
1811 4711 1988 4766 geras,
2015 4705 2074 4753 et

483 4779 777 4836 testimonii
818 4778 1032 4836 interim
1070 4780 1450 4850 astipulatione
1495 4791 1801 4849 contentus,
1849 4787 2068 4842 domum

482 4881 905 4952 nosti-ampqure
943 4873 1125 4929 multis
1152 4874 1586 4930 circumlatratur
1614 4874 1824 4946 injuriis
1843 4921 1857 4946 ,
1886 4877 2070 4933 foren-

481 4966 556 5021 sis
601 4965 876 5021 industria:
915 4967 1115 5020 tuearis
1161 4963 1362 5022 officio.
1410 4964 1518 5021 Nos
1544 4975 1603 5020 ut
1626 4975 1819 5036 sponte
1842 4967 2066 5037 gratiam

480 5059 626 5116 nudo
652 5071 708 5116 et
747 5060 973 5130 simplici
1015 5067 1370 5129 protestantur
1404 5059 1638 5130 alloquio
1663 5101 1678 5126 ,
1712 5060 1780 5114 ita
1820 5060 1885 5114 ad
1924 5060 2067 5116 refe-

482 5153 704 5209 rendam
753 5152 1199 5219 vicissitudinem,
1251 5153 1299 5206 si
1338 5151 1450 5208 fors
1486 5151 1708 5223 juverit,
1752 5167 1911 5224 pares
1947 5167 2068 5210 esse

481 5247 738 5305 nit‘emur.’
769 5246 918 5303 Vale.

1051 5337 1267 5393 EPIST.
1309 5336 1492 5394 XVIII.

962 5444 1271 5485 ειηιιιοιιιιε
1302 5446 1582 5488 Ρλτιιυιιιο.

554 5523 609 5577 In
638 5537 768 5592 agro
791 5535 879 5577 me
904 5534 1026 5576 esse
1067 5518 1301 5574 miraris.
1341 5520 1411 5574 At
1436 5535 1537 5590 ego
1557 5518 1755 5590 justius
1781 5528 1969 5590 dupeo
1995 5519 2063 5575 ad

482 5629 819 5686 communem
853 5624 903 5669 te
930 5613 1154 5685 patriam
1195 5621 1378 5682 Spreto
1421 5614 1560 5669 ruris
1599 5615 1708 5670 otio
1749 5614 2092 5677 revertisse,-

483 5706 589 5763 nisi
614 5709 754 5772 quod
780 5723 994 5765 causam
1021 5706 1115 5764 tibi
1143 5707 1346 5765 reditus
1373 5705 1570 5765 iterata
1591 5707 1657 5764 lis
1687 5707 1884 5764 attulit.
1911 5707 2060 5763 Alio-

2172 4592 2415 4654 indicant
2460 4599 2658 4667 scripta
2678 4601 2701 4664 ',
2755 4608 2810 4652 et
2860 4612 3088 4652 munera
3136 4606 3225 4651 tua
3274 4595 3415 4667 stylo
3463 4595 3764 4663 exsculpui,

2174 4698 2232 4745 et
2271 4697 2425 4758 parta
2465 4698 2683 4744 venatu.
2738 4689 2862 4744 Milli
2903 4687 3168 4744 Flaminia
3208 4686 3526 4745 emetienda
3552 4694 3667 4752 est,
3695 4686 3763 4740 ad

2172 4777 2342 4832 novos
2384 4777 2559 4832 fasces
2595 4779 2843 4848 generosi
2874 4777 3109 4832 consulis
3148 4788 3394 4832 evocato.
3424 4776 3469 4831 Ο
3492 4775 3536 4830 si
3558 4775 3764 4830 reditus

2173 4875 2298 4921 tuus
2317 4877 2656 4937 antecaperet
2679 4868 3024 4939 profectionis
3054 4882 3189 4923 meae
3219 4867 3558 4924 molitiones!
3586 4867 3762 4936 juvari

2177 4973 2274 5015 me
2302 4959 2637 5030 amplissimo
2680 4961 2875 5017 viatico
2919 4960 3243 5016 crederem.
3277 4959 3386 5015 Sed
3426 4960 3550 5029 quia
3592 4959 3764 5014 multo

2173 5051 2368 5108 itinere
2404 5052 2758 5109 discernimur
2784 5094 2798 5118 ,
2840 5060 2896 5108 et
2953 5061 3126 5123 neque
3171 5053 3304 5107 mihi
3354 5059 3552 5116 mora,
3587 5061 3764 5116 neque

2172 5142 2264 5196 tibi
2307 5145 2610 5212 properatio
2656 5142 2936 5198 commoda
2989 5149 3115 5208 est,
3158 5142 3339 5198 verbis
3399 5142 3589 5210 pagina
3635 5139 3762 5193 fun-

2171 5246 2343 5306 getur.
2408 5236 2636 5292 Praefata
2688 5237 2965 5291 numinum
3029 5238 3226 5304 venia,
3273 5243 3555 5304 oratorem
3605 5231 3765 5302 Sym-

2172 5333 2420 5385 machum
2475 5347 2654 5386 meum
2719 5346 2844 5385 mox
2904 5329 3165 5385 urbanum
3225 5325 3454 5382 tribunal
3513 5319 3762 5392 accipiet.

2172 5424 2329 5480 Festa
2357 5426 2476 5493 ejus
2511 5425 2834 5496 frequentari
2864 5411 3490 5496 potissimis'amicorum
3511 5463 3528 5488 ,
3567 5421 3764 5489 quibus

2169 5517 2561 5583 annumeraris,
2591 5525 2807 5588 exopto.
2863 5515 2932 5572 Da
2977 5519 3128 5572 istam
3170 5515 3396 5587 gratiam
3439 5512 3622 5582 procul
3667 5513 3763 5567 ab-

2170 5609 2349 5663 iuturo
2371 5607 2562 5664 iisdem
2597 5609 2808 5666 diebus.
2839 5608 3056 5667 Gratius
3083 5615 3165 5664 est
3205 5605 3347 5678 quod
3393 5603 3632 5662 defertur
3659 5602 3763 5657 ab-

2170 5705 2429 5766 sentibus.
2453 5705 2605 5762 Vale.
