4074 6176
2292 168 2327 181 ἢ

1508 305 1990 363 El’lSTOLARUM
2030 306 2231 365 LIBER
2271 310 2407 366 VIII.
3504 322 3609 378 διε
3680 282 3683 283 ί

934 416 1146 473 EPIST.
1188 416 1351 471 XXII.
1954 420 2235 479 A~amnris
2286 421 2337 475 in
2391 430 2443 476 te
2492 421 2659 478 nostri
2713 422 2918 479 tenebis
2968 432 3179 479 testem.
3229 424 3425 481 Verum
3468 440 3517 484 te
3555 432 3606 484 in

814 523 1123 563 sruucuus
1151 523 1477 563 ANDRONICO.
2035 510 2381 565 re~cribeudo
2422 511 2591 589 decet.
2621 527 2741 567 esse
2783 514 3069 582 prolixum.
3121 514 3300 585 Neque
3331 518 3473 571 enim
3514 536 3609 585 par

422 602 479 656 In
526 617 619 656 ore
662 608 753 655 tuo
802 610 991 655 vernat
1031 601 1286 669 Cecropia
1333 616 1484 655 musa
1530 618 1544 654 :
1579 599 1703 653 mihi
1752 599 1930 669 lingua
2030 599 2269 654 conditio
2298 610 2380 655 est
2409 601 2583 657 iterati
2610 616 2639 656 a
2664 617 2770 667 me,
2794 604 3005 672 utrique
3025 614 3202 660 autem
3233 617 3472 661 nostrum
3498 610 3607 663 sin-

343 692 575 747 Latiaris
615 699 716 746 est.
765 690 877 745 Nec
916 690 1302 746 desideraveris
1342 706 1492 760 aqua
1530 689 1652 761 styli
1682 690 1784 744 mei
1814 706 1932 744 mu-
2026 687 2227 760 gularis
2255 692 2474 747 laboris.
2520 693 2661 749 Duos
2688 706 2895 750 meatus
2925 696 3131 765 replere
3162 712 3267 752 uno
3295 698 3440 754 fonte
3467 700 3607 755 diffi-

335 799 493 840 nera.
526 783 741 839 Litteris
765 783 1033 837 vincimur
1053 810 1081 849 ,λ
1112 798 1296 839 amore
1339 793 1624 838 certamus.
1675 782 1779 837 Sed
1810 798 1925 838 me-
2026 783 2129 837 cile
2154 792 2235 837 est
2270 800 2281 835 :
2309 786 2399 838 uni
2429 784 2581 839 alveo
2608 785 2819 841 abunde
2854 786 3082 842 inlinunt
3107 788 3374 858 duplicata
3402 790 3603 860 princi-

329 876 444 931 rito
471 874 825 931 rescriberem
850 874 945 940 ,si
984 873 1152 928 solam
1190 874 1467 942 epistolam
1506 874 1806 929 detulisses.
1844 874 1925 929 Tu
2025 873 2132 942 pia.
2166 873 2315 929 Vale.

328 982 466 1023 vum
491 1007 507 1033 ,
536 976 597 1021 ut
619 982 681 1023 es
708 966 998 1022 amicorum
1028 965 1309 1036 diligens,
1348 966 1682 1022 bibliotheca:
1726 976 1924 1022 nostra;

326 1059 638 1112 carminum
688 1066 903 1111 tuorum
942 1055 1155 1110 divitias
1199 1055 1443 1110 intulisti.
1490 1056 1625 1121 Quid
1673 1056 1766 1112 tibi
1819 1057 1941 1112 hoc-

321 1150 553 1218 dignum
599 1147 889 1218 rependam
913 1187 930 1213 ,
980 1146 1155 1203 tenuis
1201 1146 1316 1216 ipse
1360 1146 1619 1201 facundia:
1646 1186 1662 1211 ,
1693 1155 1748 1201 et
1786 1162 1919 1216 pau-

322 1240 526 1309 pertini
570 1240 811 1310 ingenii?
868 1237 1096 1293 Tradam
1135 1238 1363 1305 publica}
1387 1236 1723 1292 admirationi
1750 1253 1917 1306 ,qua:

319 1331 557 1401 legenda
589 1330 803 1388 misisti.
848 1329 918 1383 Et
944 1343 1250 1399 quanquam
1288 1328 1534 1383 laudator
1564 1329 1735 1398 impar
1757 1372 1772 1397 ,
1815 1329 1913 1383 bo-

315 1438 456 1477 num
508 1420 693 1476 surculi
746 1419 1053 1489 publicabo.
1113 1418 1254 1472 Nihil
1306 1433 1371 1473 ex
1428 1419 1529 1474 hoc
1573 1419 1915 1489 derogabitur

309 1512 507 1582 operis
558 1511 633 1565 tui
686 1510 893 1581 gloriae.
948 1509 1097 1564 Nam
1137 1517 1192 1564 et
1247 1509 1534 1564 Homerum
1587 1511 1831 1565 novimus
1879 1525 1910 1565 a
2016 1514 2212 1568 tatibus
2240 1521 2507 1583 strepunt,
2539 1521 2592 1567 et
2621 1512 2769 1566 oneri
2799 1512 3262 1568 cessere‘deliciaz.
3296 1512 3470 1580 Quare
3499 1529 3593 1567 ne-

308 1602 675 1659 dissimilibus
724 1601 1025 1671 pmdicari.
1093 1598 1313 1655 Careret
1361 1601 1556 1670 quippe
1606 1601 1742 1655 fama
1792 1616 1909 1655 ma-
2010 1606 2211 1675 gbtium
2243 1620 2341 1674 pro
2381 1604 2491 1659 otio
2533 1604 2728 1673 reperi.
2775 1601 2883 1657 Nec
2912 1618 3123 1673 possum
3165 1603 3318 1658 facile
3362 1604 3428 1658 ad
3476 1604 3589 1659 lucc

307 1712 551 1768 gnarum
596 1696 835 1751 virorum
891 1693 1204 1750 celebritate
1231 1733 1247 1760 ,
1297 1692 1344 1748 si
1398 1693 1556 1747 etiam
1614 1692 1909 1748 minoribus
1934 1766 1960 1768 _
2010 1696 2259 1750 amicitia:
2288 1694 2466 1749 munia
2494 1695 2729 1748 animum
2759 1703 3091 1764 retorquere.
3132 1690 3381 1763 Spondeo
3413 1704 3587 1748 tamen

308 1766 557 1844 testibus
596 1794 848 1842 contenta
905 1801 1013 1841 non
1064 1793 1229 1841 esset.
1293 1784 1398 1840 Sed
1447 1784 1575 1855 quid
1622 1784 1739 1841 hare
1780 1787 1901 1842 lon-
1932 1766 1981 1827 Β
2010 1788 2320 1843 reverentiae
2348 1798 2477 1852 tum,
2503 1802 2621 1856 qua:
2646 1786 2836 1840 litteris
2865 1786 2997 1839 meis
3026 1786 3300 1855 prmferas.
3334 1786 3589 1856 [lelegcre

304 1880 440 1948 gius
474 1876 665 1942 traho,
695 1891 816 1933 cum
860 1875 1179 1931 brevitatem
1227 1875 1551 1930 verecundia
1584 1884 1672 1929 tua
1723 1885 1905 1947 postu-
2005 1879 2073 1932 ait
2113 1893 2212 1932 vos
2258 1879 2360 1933 iter
2404 1877 2709 1932 avidissime
2752 1876 2963 1931 studeo.
3017 1877 3214 1931 Eadem
3267 1877 3462 1947 quippe
3501 1893 3587 1933 me

304 1970 377 2025 let
404 1970 435 2022 Υ
480 1969 619 2022 Cura
652 1976 709 2021 ut
734 1967 936 2023 valeas.
985 1966 1053 2021 Ει
1076 1966 1123 2020 si
1150 1965 1277 2035 quid
1305 1966 1451 2037 stylo
1472 1965 1901 2036 adjeceris,.cum
2002 1986 2162 2028 causa
2181 2016 2196 2042 ,
2228 1978 2348 2044 qua
2376 1972 2546 2029 vetuit
2574 1973 2834 2041 scribere,
2860 1972 3004 2042 cogit
3029 1972 3225 2029 redire.
3257 1972 3406 2028 Vale.

307 2058 574 2158 mediocri
593 2057 815 2129 judice,
844 2056 942 2113 sed
977 2071 1084 2111 non
1122 2056 1333 2128 ingrato
1361 2056 1589 2127 lectore,
1622 2058 1920 2129 participas
2570 2101 2782 2158 EPIST.
2823 2101 2993 2157 xx“

352 309 459 364 317

2599 966 2816 1023 EPIST.
2854 966 3020 1023 XXV.

2538 1072 2845 1112 SYIIACHUS
2882 1074 3091 1113 ALBINO.

2090 1134 2263 1205 Credo
2282 1148 2556 1204 arbitreris
2574 1149 2985 1203 circumsessum
3008 1166 3092 1205 me
3107 1149 3410 1221 Campaniae
3429 1168 3599 1209 amre-

2018 1241 2293 1307 nitatibus,
2326 1241 2593 1297 scribendi
2622 1243 2687 1296 ad
2716 1242 3053 1296 te‘hac‘tenus
3082 1242 3431 1313 negligentem
3464 1246 3596 1300 fuis-

2016 1347 2095 1386 sc.
2138 1331 2254 1386 Non
2281 1340 2363 1386 est
2390 1346 2453 1386 ea
2505 1322 2934 1386 fortuna'horum
2965 1332 3204 1387 locerum
3229 1373 3244 1398 ,
3292 1342 3352 1387 ut
3396 1335 3591 1389 seriam

2014 1428 2195 1477 curam
2228 1424 2485 1491 sepeliant
2522 1423 2840 1491 voluptates.
2882 1422 3115 1477 lnsolitis
3152 1424 3327 1477 omnia
3360 1424 3594 1478 necessi-

305 2149 465 2211 Vale.

880 2236 1100 2294 EPIST.
1142 2235 1331 2296 XXIII.

779 2343 1090 2384 εῑιίιηευυε
1129 2344 1415 2384 IAIICIANO.

368 2422 522 2477 Deos
569 2434 667 2475 oro
695 2460 712 2486 ,
758 2430 819 2475 ut
871 2435 992 2490 qua:
1046 2419 1177 2475 mihi
1225 2420 1438 2475 interim
1484 2418 1733 2475 valetudo
1777 2427 1895 2487 est,

297 2512 499 2567 eadem
561 2510 657 2565 tibi
725 2524 789 2565 ac
841 2512 945 2566 tuis
1002 2519 1268 2580 suppetat.
1335 2496 1534 2566 Videor
1588 2512 1745 2579 plene
1794 2512 1896 2567 hoc

292 2602 616 2671 anteioquio
673 2601 957 2657 scribenda
1006 2603 1364 2669 complexus,
1411 2603 1480 2657 de
1529 2612 1618 2658 tua
1667 2605 1894 2660 sanitate

289 2703 487 2747 votum
529 2708 708 2748 meum
733 2734 749 2758 ,
776 2693 844 2747 de
886 2707 1005 2747 mea
1035 2693 1306 2762 gaudium.
1350 2692 1455 2749 Sed
1482 2694 1740 2762 epistolas
1767 2695 1893 2751 bre-

289 2799 389 2839 ves
414 2798 543 2839 esse
571 2799 675 2839 non
706 2783 923 2853 pateris.
946 2784 1073 2850 Qua:
1098 2784 1260 2853 igitur
1286 2785 1530 2846 ὑπόθεσις
1557 2786 1659 2840 erit
1688 2786 1893 2855 paginas

289 2867 599 2946 longioris?
651 2875 752 2932 Ubi
813 2876 937 2939 sim,
988 2874 1115 2945 quid
1164 2876 1364 2945 egerim
1416 2878 1578 2949 (nam
1626 2879 1892 2948 praecipue

287 2968 538 3024 amicitia
584 2984 764 3024 rerum
812 2968 996 3024 talium
1038 2968 1251 3023 curiosa
1302 2968 1407 3038 est)
1452 2971 1496 3023 si
1542 2970 1717 3039 placet
1767 2986 1893 3043 pro-

292 3072 523 3128 sequar.
575 3057 900 3126 Principium
944 3058 1272 3126 voluptatum
1320 3058 1389 3115 de
1435 3059 1720 3115 Formiano
1765 3061 1886 3115 sinu

288 3147 560 3212 nascitur,
600 3163 720 3218 quae
746 3149 938 3203 civitas
965 3148 1233 3218 quondam
1264 3149 1664 3220 Laestrygonum
1694 3151 1888 3220 populo

288 3239 471 3294 fertur
505 3237 761 3295 habitata.
816 3239 929 3295 Hos
953 3240 1125 3296 ventri
1163 3249 1216 3295 et
1257 3241 1396 3311 gulae
1422 3257 1611 3312 usque
1655 3242 1721 3298 ad
1759 3243 1889 3299 feri-

288 3330 417 3385 tatis
471 3327 723 3384 invidiam
770 3329 997 3400 legimus
1043 3332 1344 3400 obsecutos.
1401 3332 1680 3389 Plusculos
1722 3334 1777 3389 in
1819 3349 1886 3390 eo

289 3419 485 3495 littore
524 3418 639 3474 dies
664 3460 681 3485 ,
728 3420 824 3475 sed
861 3421 1172 3477 deliciarum
1212 3438 1405 3492 parcus
1441 3426 1629 3495 exegi;
1684 3434 1884 3482 tantam

287 3512 416 3567 ccli
490 3511 803 3569 salubritate
880 3522 936 3569 et
983 3528 1243 3584 aquarum
1291 3516 1487 3584 frigore
1539 3517 1887 3576 suadentibus

289 3617 530 3658 moram.
586 3604 866 3659 Aﬂuerunt
920 3604 1139 3675 pignora
1183 3621 1341 3672 mea;
1399 3622 1625 3677 quorum
1665 3610 1886 3680 cupiens

288 3705 483 3748 nostra
516 3695 649 3751 urbe
678 3710 1065 3765 processeram.
1110 3697 1218 3752 Nec
1253 3698 1352 3752 fuit
1392 3715 1606 3770 operte,
1638 3717 1763 3756 mox
1800 3703 1884 3757 ul-

286 3786 465 3840 terius
512 3787 613 3841 iter
650 3787 901 3856 aggredi,
945 3803 1065 3844 cum
1111 3800 1308 3858 praisto
1346 3800 1525 3845 essent
1570 3792 1880 3849 desiderati.

286 3874 516 3929 Illorum
561 3876 757 3932 dehinc
798 3878 1059 3934 arbitratu
1106 3880 1209 3950 legi
1258 3896 1406 3939 oram
1433 3926 1449 3951 ,
1488 3902 1606 3956 quae
1642 3886 1884 3941 Formias

286 3976 341 4020 et
381 3966 687 4022 Cumanum
732 3969 881 4024 littus
925 3970 1224 4041 interjacet.
1273 3976 1423 4031 Nunc
1462 3979 1880 4035 mutuisinvita-

287 4056 529 4111 tionibus
556 4068 645 4112 aut
681 4059 734 4113 in
767 4061 1000 4129 Baulos,
1042 4073 1134 4117 aut
1173 4065 1226 4120 in
1261 4066 1606 4125 Nichomachi
1636 4069 1880 4125 Gaurana

286 4151 610 4219 migramus.
657 4152 963 4208 Amicorum
1000 4156 1224 4213 subinde
1253 4159 1380 4213 mihi
1410 4160 1741 4217 afﬂuentium
1773 4164 1880 4217 lar-

286 4239 432 4306 giter
455 4248 558 4294 est.
598 4239 711 4295 Non
741 4257 964 4313 vereor,
1004 4260 1072 4300 ne
1099 4262 1184 4302 me
1213 4248 1458 4306 lascivire
1486 4252 1538 4305 in
1570 4260 1711 4307 tanta
1737 4253 1881 4308 loco-

287 4346 411 4384 rum
441 4332 777 4401 amoenitate,
814 4344 867 4388 et
889 4350 1066 4391 rerum
1095 4338 1245 4408 copia
1279 4350 1450 4410 putes.
1480 4343 1685 4413 Ubique
1715 4345 1878 4398 vitam

289 4420 501 4489 agimus
523 4423 879 4491 consularem,
902 4432 958 4481 et
984 4427 1038 4481 in
1061 4426 1289 4483 Lucrino
1313 4431 1438 4486 serii
1461 4446 1665 4489 sumus.
1693 4435 1877 4490 Nullus

2486 2207 2797 2249 ογιδιλοιιυε
2825 2207 3107 2250 ωιῑαοκιθ.

2069 2305 2204 2361 Dedi
2234 2304 2299 2359 ad
2326 2312 2785 2376 parentem‘tuum
2814 2303 3041 2370 litteras;
3077 2303 3269 2373 quibus
3299 2314 3581 2360 contentus

1997 2410 2118 2454 esse
2144 2397 2384 2466 potuisti.
2417 2395 2550 2449 Nam
2589 2404 2648 2449 ut
2673 2402 2757 2449 est
2791 2395 3006 2463 utrique
3040 2402 3275 2449 vestrum
3308 2411 3443 2473 unus
3467 2397 3581 2449 aui-

1996 2490 2148 2552 mus;
2181 2488 2250 2540 ita
2273 2485 2563 2540 satisfaciet
2591 2484 2732 2539 idem
2761 2483 2935 2539 cultus
2963 2483 3239 2539 ambobus.
3273 2483 3377 2540 Sed
3414 2486 3579 2542 metui

1995 2575 2348 2631 imitatitinem
2371 2618 2387 2643 ,
2420 2591 2489 2632 ne
2527 2575 2658 2630 mihi
2697 2576 2836 2631 alter
2866 2589 2897 2630 e
2931 2574 3085 2630 vobis
3119 2575 3347 2630 duorum‘
3372 2576 3489 2632 vice
3525 2585 3579 2632 et

1993 2668 2101 2722 ore
2118 2667 2463 2722 rescriberet.
2489 2666 2699 2734 Quare,
2737 2665 2872 2719 utin
2908 2665 3113 2720 honore
3142 2664 3427 2720 Numinum
3461 2666 3577 2722 fieri

1991 2759 2149 2823 sciet,
2179 2757 2407 2812 litationi
2434 2756 2573 2810 addo
2599 2756 2903 2821 donarium,
2927 2755 3112 2821 breve,
3139 2755 3327 2823 fateor,
3357 2766 3408 2810 et
3436 2756 3575 2824 quod

1992 2847 2257 2918 prolixius
2281 2854 2402 2901 esse
2426 2846 2715 2900 voluisses.
2736 2844 2841 2899 Sed
2864 2844 3167 2913 in‘adjectis
3194 2857 3439 2899 mensura
3469 2861 3575 2899 non

1992 2937 2270 3007 queritur.
2302 2937 2429 3005 Ipse
2456 2934 2859 3006 cOpiam-redde
2886 2934 3157 3000 bre‘ritati;
3189 2934 3308 3002 quia
3347 2934 3575 2989 familia-

1992 3044 2082 3084 res
2122 3028 2344 3099 paginas
2382 3043 2479 3083 eos
2515 3036 2729 3098 oportet
2764 3026 3089 3093 extendere,
3119 3029 3313 3099 quibus
3350 3043 3455 3084 non
3493 3038 3575 3085 est

1872 3120 1959 3189 ,C
1992 3134 2216 3176 necesse
2240 3119 2533 3189 geminare.
2570 3119 2719 3173 Vale.

2541 3207 2761 3265 EPIST.
2802 3207 3019 3263 XXVII.

2454 3308 2760 3361 siuuscuus
2786 3316 3096 3359 ceusomuo.

2059 3406 2311 3487 Prompta
2342 3412 2577 3471 etavida
2600 3424 2762 3470 mauu
2790 3415 2996 3469 litteras
3026 3416 3303 3478 tuas,cum
3335 3410 3464 3465 mihi
3496 3410 3572 3465 of.

1986 3498 2289 3577 ferrentur,
2328 3509 2534 3575 invasi,
2568 3515 2625 3562 ut
2670 3510 2925 3577 prospera
2960 3505 3287 3574 cogniturus.
3321 3504 3426 3560 Sed
3453 3519 3573 3560 cum

1986 3606 2360 3670 percurrerem
2400 3601 2649 3655 lectione
2669 3597 3126 3654 enumerationem
3170 3598 3572 3668 dispendiorum

1984 3695 2233 3758 tuorum,
2262 3688 2525 3762 voluptati
2555 3690 2815 3746 successit
2851 3689 3100 3745 oil‘en’sio.
3135 3688 3201 3743 Et
3230 3688 3323 3742 illa
3359 3689 3572 3758 quidem

1984 3772 2245 3851 adversa,
2272 3786 2538 3852 quaecum
2571 3780 2815 3851 plurimis
2846 3780 3142 3850 pertulisti,
3174 3793 3323 3833 more
3354 3776 3571 3832 humani

1984 3870 2205 3944 ingenii,
2238 3873 2440 3927 habent
2474 3871 2690 3942 aliquod
2719 3872 2786 3926 de
2813 3870 3071 3925 societate
3101 3869 3348 3924 solatium
3382 3886 3396 3923 :
3432 3868 3572 3923 hunc

1982 3980 2112 4022 vero
2141 3965 2379 4037 piratica:
2408 3963 2823 4035 depraedationis
2862 3963 3027 4016 ictum
3049 4006 3064 4031 ,
3093 3976 3249 4031 quem
3293 3959 3570 4029 speciatim

1982 4060 2139 4115 casus
2186 4058 2281 4113 tibi
2331 4058 2497 4113 durus
2545 4057 2777 4125 adjecit,
2819 4055 3140 4125 impressum
3188 4053 3349 4108 altius
3390 4064 3569 4123 puto;

1981 4152 2103 4220 quia
2142 4166 2316 4220 ncque
2344 4149 2504 4204 habet
2536 4149 2871 4218 participem,
2901 4148 2954 4202 et
2978 4146 3266 4218 geminavit
3304 4144 3569 4207 dolorem,

1981 4245 2177 4299 Contra
2221 4244 2334 4297 hzec
2369 4241 2616 4308 fortuita,
2645 4243 2843 4296 virtute
2876 4256 2938 4294 ac
2983 4241 3189 4294 ratione
3232 4237 3445 4291 animus
3483 4252 3569 4289 ar-

1984 4336 2211 4390 mandus
2234 4341 2337 4398 est,
2366 4338 2492 4402 spes
2516 4346 2729 4400 quoque
2747 4329 3068 4384 assumenda
3093 4327 3398 4381 meliorum.
3417 4325 3568 4394 Saepe

1984 4426 2267 4481 titubantia
2311 4424 2366 4479 in
2405 4422 2643 4477 solidum
2679 4422 3041 4474 reverterunt.
3081 4412 3223 4471 Nihil
3263 4414 3568 4469 hominibus

286 4525 341 4564 ιιι
386 4512 612 4567 navibus
647 4528 815 4569 canor
840 4556 856 4582 ,
885 4517 1029 4573 nulla
1060 4519 1113 4574 in
1142 4521 1401 4578 conviviis
1436 4522 1689 4582 helluatio
1713 4568 1729 4594 ,
1776 4543 1875 4583 nec
1905 4486 1959 4547 Β
1984 4528 2245 4575 mternum
2275 4528 2377 4573 est.
2407 4516 2648 4571 Volvunt
2671 4513 2917 4569 mortalia
2948 4512 3092 4568 vices
3118 4512 3342 4578 crebrae,
3374 4519 3429 4566 et
3452 4525 3568 4564 omv

290 4600 653 4671 frequentatio
680 4604 989 4662 balnearum
1015 4648 1031 4674 ,
1073 4624 1174 4666 nec
1173 4611 1301 4699 1ulli
1330 4612 1582 4682 iuvenum
1622 4631 1878 4685 procaces

290 4704 525 4751 natatus.
572 4696 725 4753 Scias
752 4699 959 4756 nullum
999 4715 1122 4759 esse
1159 4696 1215 4759 in
1257 4704 1463 4761 luxuria
1492 4707 1695 4766 crimen
1724 4709 1876 4765 loco-

288 4802 430 4844 rum.
469 4786 621 4844 Vale.

864 4880 1082 4943 EPIST.
1124 4878 1315 4943 XXIV.

743 4990 1053 5035 εγηΛοηυε
1080 4996 1448 5037 κΑιικιΝιΑκο.

358 5061 504 5121 Nihil
534 5063 678 5120 inter
707 5073 791 5134 te,
823 5076 878 5122 et
917 5080 1191 5138 parentem
1226 5079 1374 5127 tuum
1410 5074 1669 5143 optimum
1700 5090 1759 5131 re
1784 5084 1875 5133 aut

289 5152 573 5209 affectione
592 5155 821 5212 divisum
846 5166 945 5214 est.
981 5159 1126 5230 Ergo
1161 5170 1215 5217 et
1244 5163 1472 5231 litteras,
1506 5182 1638 5237 quas
1666 5167 1732 5221 ad
1759 5166 1877 5237 ejus

288 5246 641 5300 reverentiam
683 5247 844 5313 misi,
887 5255 945 5303 ut
981 5253 1220 5306 omnium
1268 5256 1533 5325 particeps
1558 5299 1574 5325 ,
1622 5257 1675 5311 in
1720 5272 1875 5312 acce-

287 5341 438 5405 ptum
477 5335 684 5392 referre
724 5338 963 5405 potuisti.
1006 5340 1113 5396 Sed
1160 5342 1266 5412 iam
1305 5343 1562 5400 colendus
1608 5360 1669 5401 es
1718 5347 1873 5402 nobis

284 5431 447 5483 etiam
482 5436 577 5483 tuo
618 5434 853 5488 nomine.
906 5432 1172 5491 Prmterea
1210 5438 1365 5505 cavi,
1406 5452 1475 5493 ne
1513 5438 1872 5508 respondente

286 5533 396 5574 uno
462 5520 817 5589 imputaretur
865 5523 1023 5579 mihi
1063 5527 1294 5582 vicissim
1365 5544 1558 5585 munus
1616 5530 1866 5587 duorum.

282 5614 550 5671 Convenit
590 5624 767 5673 tamen
810 5618 1217 5675 brevitas‘huic
1260 5622 1504 5692 paginm,
1534 5623 1658 5693 quia
1697 5624 1867 5680 relatu

285 5706 440 5780 digna
488 5709 795 5780 praecerpsi.
841 5710 1019 5785 Quare
1063 5726 1365 5785 sermonem
1413 5713 1571 5773 istum
1617 5723 1865 5786 tanquam

1984 4611 2131 4666 nium
2170 4624 2349 4665 rerum
2391 4608 2513 4676 fuga
2543 4607 2754 4661 visitur.
2783 4605 2973 4659 Paucis
2999 4603 3099 4658 ista
3136 4600 3566 4672 perstrinxerim,

1981 4708 2103 4761 cum
2134 4702 2229 4759 tibi
2276 4716 2372 4772 pro
2415 4700 2719 4757 eruditione
2744 4698 2899 4769 plura
2940 4696 3462 4754 succurrant.Nunc
3497 4696 3563 4749 ad

1982 4798 2072 4855 illa
2126 4797 2426 4867 respondeo
2469 4800 2593 4867 qua!
2616 4803 2679 4849 tu
2714 4809 2801 4849 me
2824 4792 2964 4849 scire
2988 4790 3247 4847 voluisti:
3283 4788 3566 4858 Quampri-

1982 4889 2434 4959 mum'Neapolim
2461 4888 2630 4957 petitu
2656 4885 2853 4941 civium
2879 4890 3092 4938 tuorum
3129 4879 3560 4959 visere'studeo;

1980 4980 2090 5037 illic
2111 4981 2301 5034 honori
2329 4977 2477 5034 urbis
2495 4976 2775 5045 religioste'
2796 4972 3154 5029 intervallum
3170 4970 3314 5025 bidui
3344 4970 3565 5039 deputa-

1979 5073 2069 5129 bo.
2100 5072 2332 5135 Dehine,
2362 5070 2406 5124 si
2437 5068 2575 5122 bene
2603 5065 2868 5121 destinata
2905 5064 2977 5119 dii
3006 5063 3275 5133 iuverint,
3305 5059 3561 5130 Capuano

1979 5164 2172 5219 itinere
2199 5159 2564 5217 venerabilem
2606 5157 3057 5221 nobis'liomam,
3097 5153 3373 5223 laremque
3416 5162 3561 5221 pete-

1980 5268 2121 5309 mus.
2152 5254 2293 5307 lnter
2317 5251 2452 5317 haec,
2477 5250 2524 5305 si
2551 5250 2680 5304 mihi
2702 5248 2953 5303 evenerit
2976 5253 3193 5317 aSpectu
3216 5254 3273 5300 et
3297 5244 3559 5311 colloquio

1979 5356 2072 5402 tuo
2100 5343 2274 5400 defrui
2296 5381 2314 5410 ,
2342 5342 2599 5412 explebor
2628 5340 2807 5410 gaudii
2846 5339 3111 5400 satietate.
3142 5340 3235 5395 Sin
3270 5338 3439 5405 major
3466 5351 3558 5389 ne-
3586 5346 3589 5351 '

1979 5436 2204 5493 cessitas
2232 5433 2508 5504 negaverit
2548 5428 2703 5489 nobis
2736 5431 2808 5487 tui
2842 5430 3087 5502 copiam,
3119 5429 3278 5485 velim
3309 5442 3555 5483 curarum

1978 5528 2122 5584 nube
2155 5527 2364 5583 detersa
2394 5541 2514 5581 eam
2553 5526 2825 5597 sapienter
2842 5528 3092 5581 'resumas
3120 5523 3284 5577 animi
3310 5521 3557 5575 alacrita-

1977 5629 2116 5684 tem,
2149 5634 2305 5689 quam
2348 5619 2445 5674 tibi
2477 5634 2797 5692 congressus
2836 5627 3017 5675 noster
3043 5613 3231 5673 sedulo
3267 5614 3556 5671 conciliare

1974 5712 2249 5785 potuisset.
2284 5710 2431 5770 Vale.
