4046 6170
417 309 518 367 SIO

952 420 1168 478 EPIST.
1209 420 1443 477 XXVIII.

916 526 1224 567 εῖιιιιλοιιιιε
1253 530 1482 573 ιιοιιΑΝο.

1585 310 1653 374 0.
1691 308 2040 368 AURELIUS
2077 309 2520 370 SYBIMACIIUS.

2018 422 2074 483 Α
2098 421 2335 478 deretur.
2368 424 2487 478 Fiat
2519 423 2680 494 igitur
2705 439 2768 480 ex
2800 427 3004 494 optimo
3029 427 3215 486 nuntio
3253 445 3419 485 mora
3439 446 3698 504 contpen-

3589 322 3695 378 390

2103 515 2260 568 satio.
2293 515 2453 570 Certe
2491 531 2741 586 egoeam
2783 517 2907 573 dico
2947 520 3116 590 legem
3157 521 3347 578 litteris
3377 523 3695 592 amicorum,

490 597 797 654 Meminisse
822 608 872 655 te
894 602 1007 656 scio
1046 603 1186 671 quod
1214 619 1299 658 me
1323 621 1532 674 quoque
1562 605 1701 660 idem
1730 605 1797 662 de
1823 607 1999 662 amico
2102 615 2161 660 ut
2189 606 2508 662 assiduitate
2543 609 2756 664 illorum
2791 613 3001 668 animos
3039 612 3266 683 probent
3285 657 3301 683 ,
3331 631 3509 671 meum
3538 617 3698 672 boni-

415 689 568 742 dolor
592 692 850 758 perculit;
878 692 970 746 setl
990 693 1098 762 jam
1129 694 1282 750 nobis
1310 711 1617 752 sermonum
1637 698 1779 754 vices
1802 699 2002 755 debent

413 795 534 834 esse
563 781 776 836 solatio.
806 783 996 837 Scribo
1025 784 1212 853 igitur,
1245 789 1576 856 respondere
1603 792 1813 861 cogaris
1833 833 1848 855 ,
1879 802 1933 848 et
1967 808 1998 848 a

418 869 644 924 funestis
687 873 1104 942 cogitationibus
1141 879 1330 933 redeas
1375 880 1426 934 in
1466 881 1642 936 officia
1680 884 1997 941 viventium.

416 959 626 1016 Fecerit
674 964 916 1033 religiosa
946 981 1106 1022 causa
1134 984 1202 1024 ne
1237 972 1380 1039 prior
1417 973 1682 1031 scriberes
1710 993 1723 1030 :
1754 992 1860 1034 non
1889 980 2003 1036 eris

411 1059 520 1109 tam
548 1054 883 1124 irreverens,
912 1065 972 1112 ut
1001 1072 1323 1128 provocatus
1348 1065 1640 1123 abstineas.
1668 1068 1818 1126 Vale.

985 1170 1198 1228 EPIST.
1241 1173 1437 1231 XXIX.

937 1277 1246 1321 SYIIIACIIUS
1273 1284 1478 1326 SALVIO.

481 1345 605 1404 Vidi
637 1349 689 1405 in
729 1347 924 1407 litteris
958 1367 1129 1422 nuper
1157 1356 1284 1412 mihi
1311 1360 1534 1416 redditis
1567 1364 1870 1434 religiosum
1903 1384 2005 1440 pro

413 1439 570 1496 nobis
591 1442 752 1496 animi
788 1444 862 1497 ttti
898 1444 1170 1514 gaudium,
1201 1458 1256 1503 et
1305 1453 1640 1519 apertissime
1669 1439 2002 1527 deprehendi

416 1531 544 1600 quid
597 1533 883 1602 voluptatis
938 1551 1005 1591 ex
1067 1539 1361 1597 amicorum
1416 1549 1688 1615 prosperis
1751 1567 2001 1622 usurpes.

417 1619 720 1690 Promptius
770 1625 932 1694 igitur
980 1635 1034 1682 te
1083 1629 1247 1700 diligo
1277 1675 1292 1700 ,
1343 1644 1627 1706 postquam
1674 1639 1776 1697 hoc
1818 1619 2000 1702 votum

417 1709 574 1766 bona
603 1713 798 1768 mentis
828 1715 1052 1786 inspexi.
1076 1718 1143 1774 Et
1171 1725 1415 1790 quamvis
1440 1725 1554 1794 ipse
1575 1727 1792 1786 domino
1823 1747 2002 1803 pecto-

2103 704 2210 753 tate
2239 697 2524 755 delectent.
2558 700 2705 755 Vale.

2648 791 2864 848 EPIST.
2905 793 3147 850 XXXIV.

2616 897 2928 942 αῑιιιιιιοηυε
2957 901 3197 942 ευεεειο.

2173 969 2427 1028 Scribere
2455 973 2521 1028 ad
2560 983 2612 1030 te
2645 984 2772 1032 ante
2796 979 3122 1045 Voluissem;
3149 979 3242 1034 sed
3269 983 3698 1037 commeantibus

2103 1062 2285 1117 multis
2313 1064 2472 1119 fidam
2515 1068 2850 1124 occasionem
2881 1069 3040 1125 debet
3075 1086 3365 1140 excerpere
3409 1074 3697 1129 scribentis

2103 1158 2322 1213 electio.
2353 1159 2624 1226 Accepisti
2667 1176 2881 1216 causam
2924 1164 3174 1219 tardioris
3216 1165 3376 1219 officii
3423 1185 3436 1218 :
3487 1182 3605 1235 qua
3646 1167 3695 1222 si

2102 1249 2282 1305 animo
2325 1260 2418 1306 tuo
2460 1255 2756 1324 satisfecit,
2801 1272 2991 1312 curare
3027 1257 3332 1328 dignaberis
3391 1269 3447 1312 ιιι
3505 1260 3569 1313 ad
3607 1277 3697 1317 me

2103 1355 2320 1411 quoque
2361 1358 2621 1415 responsa
2655 1357 2746 1403 tua
2788 1348 2999 1404 idoneis
3039 1350 3323 1405 commissa
3361 1351 3691 1420 perveniant.

2106 1431 2261 1488 Vale.

2662 1527 2880 1585 EPIST.
2921 1528 3143 1587 XXXV.

2610 1633 2916 1676 εῐιιιιιιειιυε
2943 1637 3184 1676 "Ilum".

2175 1706 2338 1773 Quod
2355 1723 2479 1764 sero
2507 1709 2574 1763 ad
2605 1720 2658 1766 te
2689 1712 2868 1768 scribo
2889 1753 2903 1777 ,
2932 1714 3181 1769 amicitia
3212 1713 3415 1768 tenacis
3444 1713 3696 1769 indicium

345 1806 359 1816 ‘
417 1803 494 1857 ris
533 1805 636 1860 mei
677 1807 1130 1865 excellentissimo
1161 1813 1276 1868 viro
1301 1793 1622 1887 scriptorum
1654 1793 1876 1892 gratiam
1909 1845 2004 1899 pro
2034 1793 2082 1853 Β
2108 1807 2210 1899 ei.)
2245 1799 2395 1899 (ξυῇῖθ
2433 1803 2692 1857 memoria
2730 1804 2977 1899 rgPetiIis
3016 1819 3079 1860 ex
3130 1805 3414 1899 intem"?
3443 1806 3698 1876 pm'mm

419 1891 662 1948 Flaviani
709 1897 886 1952 fratris
927 1899 1002 1953 tui
1048 1901 1253 1958 honore
1285 1908 1601 1978 retulerim,
1653 1891 2004 1974 nihilominus

421 1992 598 2040 tamen
635 2003 852 2057 quaso,
892 1999 948 2044 ut
977 1993 1139 2047 etiam
1173 2000 1593 2067 magnitudinem
1633 2008 2006 2074 gratulationis

425 2090 559 2130 mea
584 2078 723 2148 apud
747 2091 1023 2138 auctorem
1055 2087 1184 2140 tanti
1213 2087 1458 2147 beneficii
1480 2094 1716 2166 digneris
1739 2110 2006 2160 astruere.

422 2165 574 2224 Vale.

993 2243 1212 2304 EPIST.
1252 2251 1426 2308 XXX.

957 2349 1270 2397 srauiicuus
1295 2344 1463 2402 Jovto‘.

487 2419 732 2477 Interfuit
773 2423 998 2492 publica
1045 2431 1290 2489 utilitatis
1330 2445 1387 2491 ut
1426 2439 1520 2494 tibi
1552 2442 1754 2512 majora
1793 2449 2008 2518 negotia

419 2511 794 2570 crederentur.
843 2516 1019 2584 Quare
1062 2524 1262 2590 prolixa
1308 2543 1414 2583 non
1458 2511 1782 2593 debetiesse
1830 2511 2006 2609 gaudii

417 2603 523 2658 mei
573 2606 884 2674 attestatio,
927 2625 995 2666 ne
1039 2612 1362 2694 adulationis
1407 2624 1642 2692 suspicio
1687 2603 2008 2690 devenustet

413 2694 598 2761 jndicii
650 2701 953 2758 veritatem.
997 2703 1139 2775 Opto
1187 2708 1374 2779 igitur,
1422 2713 1515 2769 tibi
1559 2725 1795 2790 suscepti
1839 2723 2012 2784 officii

415 2798 604 2842 cursus
631 2790 885 2846 arrideat.
913 2795 1174 2863 Quamvis
1212 2799 1458 2860 dubitare
1494 2823 1600 2864 non
1639 2815 1872 2880 possim,
1905 2832 2006 2876 nec

416 2878 612 2938 mutari
653 2881 971 2948 probitatem
997 2925 1014 2950 ,
1044 2896 1098 2942 et
1127 2889 1295 2946 bonas
1326 2906 1471 2951 artes
1503 2878 1722 2958 stimulo
1755 2878 2010 2974 praemio-

414 2984 535 3027 rum
571 2973 782 3032 felicius
811 2977 1045 3035 incitari.
1079 2981 1228 3040 Vale.

980 3071 1196 3132 EPIST.
1239 3075 1428 3134 XXXI.

906 3175 1213 3222 εῐιιιιιειιυε
1242 3184 1492 3226 ευιιοχιο.

483 3243 755 3305 Exsultavi
785 3254 976 3322 gaudio
1001 3258 1070 3314 ob
1110 3261 1360 3318 amicitia
1397 3264 1688 3337 honorem,
1738 3286 1860 3331 cum
1911 3275 2003 3332 Iit-

411 3343 554 3391 teras
591 3349 709 3402 quas
751 3357 1038 3401 sumerem.
1082 3351 1186 3406 Sed
1232 3353 1320 3408 ubi
1361 3355 1567 3415 Annius
1609 3372 1809 3432 noster,
1837 3383 1997 3436 quam

411 3426 484 3480 sis
525 3427 720 3487 dubius
759 3434 1108 3506 valetudinis,
1153 3443 1420 3514 indicavit,
1462 3449 1514 3503 in
1563 3467 1775 3520 gravem
1815 3426 1997 3515 curam

409 3514 588 3572 latitia
621 3521 862 3580 derivata
907 3538 1009 3583 est.
1048 3530 1210 3588 Video
1242 3537 1384 3592 enim
1410 3514 1848 3613 peregrinationi.
1878 3567 2000 3620 qua

409 3609 584 3664 morbi
616 3611 782 3668 instar
811 3625 921 3682 est,
952 3619 1208 3677 damnum
1248 3609 1492 3686 sanitatis
1529 3609 1815 3704 adjectum.
1848 3609 1998 3696 Sola~

409 3703 495 3752 tur
543 3707 722 3756 tamen
765 3705 1180 3767 sollicitudinem
1233 3731 1436 3787 meam,
1480 3703 1620 3792 quod
1673 3730 1998 3796 parcimOnia

409 3785 505 3883 tibi
524 3787 815 3883 familiaris
841 3806 924 3851 est
945 3838 959 3864 ,
990 3801 1128 3869 quod
1156 3818 1379 3874 cognata
1407 3785 1700 3883 sapientia:
1734 3827 1788 3873 et
1809 3819 2001 3876 atlver-

408 3876 482 3929 sis
518 3877 744 3937 fortuna
780 3887 988 3944 animus
1035 3893 1300 3962 ingentior
1339 3917 1356 3954 :
1397 3917 1516 3969 qua
1557 3904 1694 3960 bona
1738 3909 2002 3968 reducere

407 3968 586 4024 solent
615 3974 898 4032 valentiam
928 3985 1192 4052 corporis,
1219 3998 1274 4042 et
1297 3989 1496 4058 vigoris
1521 4008 1793 4053 serenum.
1826 4001 2003 4071 Spero

406 4059 571 4128 igitur
607 4065 673 4120 de
716 4076 768 4124 te
806 4075 1020 4142 cognitu
1059 4077 1300 4146 latiora,
1345 4095 1398 4138 et
1435 4101 1591 4141 aures
1616 4089 1724 4157 jam
1754 4059 2002 4152 felicibus

407 4156 608 4211 nuntiis
649 4174 800 4228 paro.
845 4163 1026 4221 Faciet
1059 4167 1299 4239 justitia,
1341 4190 1459 4244 qua
1502 4156 1627 4246 pios
1651 4183 1902 4253 respicit,
1940 4197 2002 4245 ut

307 4270 312 4275 ι
404 4257 526 4314 post
557 4249 712 4319 hujus
742 4251 1062 4312 incommodi
1086 4259 1249 4316 citum
1274 4269 1579 4339 transitum,
1605 4249 1854 4331 vita—tua
1874 4249 2001 4348 pro-

404 4354 563 4410 spera
593 4342 802 4414 longius
835 4351 1196 4420 porrigantur.
1237 4357 1380 4413 Vale.

955 4465 1176 4526 EPIST.
1218 4471 1436 4528 XXXII.

453 4612 456 4614 γ
919 4573 1226 4617 εγιιιυιειιυε
1265 4582 1473 4623 υιιΒιςο.

469 4640 777 4714 Auspicium
809 4649 934 4706 mihi
967 4655 1233 4710 scribendi
1266 4659 1430 4726 prior,
1458 4671 1518 4716 ut
1545 4679 1660 4720 mos
1689 4677 1794 4733 est,
1820 4669 1994 4729 facere

400 4729 656 4800 debuisti,
685 4752 804 4793 cum
836 4749 888 4795 te
919 4741 1074 4810 hujus
1102 4743 1390 4816 diligentia
1414 4750 1697 4810 domestici
1725 4729 1989 4818 tabellarii

398 4823 605 4880 reditus
633 4841 1023 4886 commoneret.
1061 4833 1168 4890 Sed
1197 4838 1321 4906 quia
1351 4840 1505 4896 nobis
1533 4846 1614 4898 vel
1645 4846 1874 4914 oblivio,
1901 4853 1988 4908 vel

401 4920 684 4987 occupatio
716 4923 988 4993 religionis
1020 4933 1124 4981 tua
1160 4927 1519 4988 desideratum
1556 4951 1746 4992 munus
1775 4939 1988 5010 invidit,

394 5021 496 5077 ego
527 5017 1066 5088 usurpogprincipium
1099 5039 1112 5074 :
1144 5023 1502 5082 astimaturus
1543 5027 1594 5082 in
1632 5030 1894 5101 reliquum
1924 5035 1992 5093 de

396 5101 615 5158 raritate
646 5106 728 5158 vel
767 5109 917 5176 copia
964 5120 1178 5166 tuorum
1209 5116 1420 5184 apicum
1445 5159 1459 5184 ,
1495 5129 1671 5176 utrum
1711 5125 1987 5183 voluntate

395 5189 590 5248 litteris
645 5192 963 5267 ordiendis,
1018 5216 1087 5256 an
1139 5204 1309 5274 magis
1359 5214 1680 5268 necessitate
1727 5213 1982 5274 defueris.

395 5279 547 5340 Vale.

952 5360 1168 5419 EPIST.
1208 5365 1449 5426 XXXIII.

857 5464 1168 5509 εῖιιιιιιωιυε
1194 5457 1530 5516 iusrmuuo.

475 5531 598 5587 Seio
628 5553 714 5593 me
744 5537 796 5592 in
823 5541 1108 5597 scribendo
1134 5546 1342 5603 tardum
1376 5551 1558 5607 fuisse.
1587 5554 1846 5614 Consulto
1877 5568 1990 5632 sty-

395 5621 508 5676 Ium
543 5625 755 5697 distuli,
798 5631 923 5688 dum
954 5634 1174 5692 refoveo
1204 5646 1475 5697 tenuatum
1507 5645 1697 5704 itinere
1723 5621 1982 5722 vigorem,

393 5731 502 5788 quo
532 5718 626 5775 tibi
654 5721 721 5778 de
749 5738 836 5781 me
867 5726 985 5786 lata
1015 5733 1249 5804 cupienti
1276 5744 1404 5794 voto
1431 5737 1623 5798 similis
1650 5718 1841 5814 pagina
1874 5718 1984 5804 tra;

2109 1888 2322 1944 officiis.
2356 1890 2473 1957 Ipse
2501 1907 2714 1962 quoque
2744 1893 3013 1950 silentium
3045 1905 3193 1952 tuum
3225 1898 3508 1953 nonaliter
3534 1899 3699 1954 inter-

2108 1990 2309 2050 pretor.
2337 1982 2470 2038 Nam
2499 1986 2600 2039 etsi
2627 1987 2752 2057 styli
2779 1986 3244 2044 honorificentiam
3273 2006 3489 2059 qnaro,
3516 2000 3700 2047 certus

2109 2071 2235 2127 fidei
2282 2082 2386 2128 tua
2411 2117 2426 2142 ,
2469 2077 2630 2132 etiam
2677 2077 2746 2133 de
2793 2079 2957 2134 tacito
2994 2095 3178 2137 amore
3213 2098 3320 2137 non
3358 2083 3562 2138 dubito.
3593 2083 3702 2140 Sed

2107 2179 2321 2231 vereor,
2363 2183 2430 2224 ne
2471 2168 2570 2224 ista
2606 2171 2872 2228 sententia
2911 2173 3008 2230 tibi
3046 2175 3268 2232 suadeat
3321 2177 3701 2246 negligentiam

2107 2259 2441 2329 scriptionis,
2457 2271 2511 2318 et
2534 2262 2650 2319 hac
2669 2265 2922 2321 amicitia
2943 2267 3124 2322 munia
3143 2267 3332 2338 judicii
3355 2269 3459 2325 mei
3481 2284 3702 2326 securus

2107 2351 2350 2407 omittas.
2382 2351 2577 2410 Hortor
2607 2355 2787 2426 igitur,
2812 2373 3120 2429 quasoque,
3155 2369 3214 2415 ut
3236 2361 3379 2415 illam
3405 2362 3585 2431 potius
3613 2376 3706 2416 co-

2107 2439 2250 2510 gites
2273 2450 2500 2510 partem,
2524 2459 2644 2514 qua
2670 2445 2980 2503 assiduitati.
2995 2450 3219 2519 gratiam
3252 2451 3422 2520 parit;
3454 2465 3559 2506 non
3582 2465 3706 2522 qua

2109 2533 2374 2602 promittit
2404 2535 2618 2591 veniam
2650 2539 2876 2593 raritati.
2904 2538 3055 2595 Val‘e.

2663 2629 2875 2684 EPIST.
2918 2630 3160 2686 XXXVI.

2555 2735 2865 2778 SYIIACIIUS
2892 2739 3253 2787 QUINTILIANO.

2177 2809 2259 2865 Ad
2301 2810 2554 2866 indicium
2597 2812 2704 2867 mei
2747 2814 2888 2867 circa
2927 2824 2977 2868 te
3016 2815 3213 2869 amoris
3249 2813 3703 2882 hacscribimus,

2109 2907 2164 2955 et
2211 2910 2266 2956 ut
2317 2903 2432 2972 ipse
2481 2903 2545 2957 ad
2593 2903 3025 2973 respondendum
3078 2907 3385 2974 provoccris
3427 2909 3702 2977 exemplo.

2105 2991 2239 3049 Cum
2268 2995 2428 3065 igitur
2474 3011 2573 3065 ego
2620 3005 2802 3066 partes
2830 2997 3099 3066 religionis
3129 2998 3482 3066 impleverim,
3511 3013 3703 3067 exspe‘

2107 3093 2197 3140 cto
2241 3094 2303 3141 ut
2337 3086 2452 3158 ipse
2503 3087 2663 3142 etiam
2703 3075 3083 3144 vicissitudinis
3127 3089 3396 3146 solutione
3443 3089 3702 3160 fungaris.

2030 3155 2079 3222 (ἶ
2113 3174 2262 3232 Vale.

2647 3269 2864 3329 EPIST.
2905 3270 3172 3328 XXXVII.

2567 3372 2875 3415 εῖιιιιιιοιιυε
2904 3375 3233 3417 ειιιεοςοιιι.

2175 3446 2427 3503 Proxime
2468 3451 2751 3520 penatibus
2787 3452 2921 3507 meis
2962 3451 3236 3518 redditus,
3267 3453 3426 3507 etiam
3462 3467 3605 3508 nunc
3645 3462 3706 3509 te

2100 3548 2280 3595 mente
2309 3549 2363 3595 et
2401 3542 2725 3611 cogitatione
2765 3544 3014 3612 respicio.
3047 3545 3227 3613 Itaque
3268 3545 3428 3600 animi
3475 3546 3566 3600 illa
3607 3547 3704 3616 ju-

2102 3631 2377 3688 cunditate
2406 3677 2421 3703 ,
2464 3649 2621 3703 quam
2663 3651 2845 3690 coram
2891 3638 2958 3692 de
3005 3653 3254 3694 sermone
3293 3649 3384 3696 tuo
3422 3639 3705 3709 hucusque

2103 3719 2380 3791 capiebam
2414 3723 2766 3792 voluptatem,
2799 3741 3109 3794 compenso.
3143 3728 3240 3782 Cui
3280 3729 3326 3783 si
3357 3740 3536 3784 mutua
3569 3745 3704 3785 cura

2107 3812 2482 3882 responderit,
2517 3830 2635 3869 cum
2667 3826 2865 3871 tantam
2908 3819 3036 3872 mihi
3083 3819 3254 3873 delata
3301 3821 3549 3876 amicitia
3595 3830 3704 3876 tua

2102 3905 2326 3975 scriptio
2353 3911 2576 3974 gratiam
2610 3909 2840 3980 tribuat,
2871 3920 3072 3982 quanto
3109 3913 3339 3983 amplius
3368 3913 3535 3968 relata
3563 3929 3706 3983 pra-

2103 4001 2304 4055 Stabit?
2339 4001 2491 4058 Vale.

2631 4093 2845 4150 EPIST.
2883 4095 3171 4151 XXXVIII.

2617 4201 2922 4244 SVMIIACIIUS
2955 4205 3186 4245 ιιοιιυιο.

2175 4279 2334 4334 Salus
2366 4280 2604 4350 pignoris
2632 4283 2933 4338 communis
2968 4285 3021 4338 in
3053 4292 3167 4339 tuto
3192 4293 3308 4350 est,
3339 4284 3492 4354 cujus
3519 4286 3698 4342 studia

2102 4370 2453 4425 sollicitudini
2499 4386 2634 4426 mea
2678 4373 2917 4443 delegata
2967 4374 3272 4443 proﬁcient.
3311 4377 3439 4431 Mea
3481 4392 3702 4448 quoque

2103 4462 2422 4517 valetudinis
2452 4472 2568 4517 esto
2595 4477 2816 4519 securus
2836 4504 2851 4530 ,
2880 4473 2935 4520 et
2965 4465 3033 4519 ad
3060 4466 3231 4522 vicem
3263 4467 3445 4522 talium
3474 4470 3702 4524 nuntio-

2019 4530 2076 4592 D
2099 4569 2217 4608 rum
2249 4568 2433 4609 curam
2470 4553 2536 4609 de
2567 4565 2618 4610 te
2648 4570 2822 4611 meam
2852 4556 3120 4612 similibus
3150 4561 3424 4629 responsis
3451 4560 3706 4617 absolve-

2097 4645 2250 4699 Vale.

2652 4737 2872 4796 EPIST.
2912 4740 3154 4797 XXXIX.

2698 4849 3073 4890 SYIIACHUS...

2164 4918 2324 4987 Queri
2355 4919 2423 4976 de
2457 4921 2676 4978 silentio
2715 4939 2822 4978 non
2849 4933 3032 4994 potes,
3061 4926 3151 4996 qui
3189 4926 3325 4982 nihil
3362 4927 3707 4996 scriptorum

2095 5013 2226 5068 mihi
2265 5013 2540 5085 hucusque
2570 5017 2820 5072 tribuisti.
2847 5019 2952 5073 Sed
2982 5021 3026 5075 si
3059 5021 3236 5076 simile
3270 5022 3394 5092 styli
3423 5023 3698 5092 cpperiris

2094 5102 2429 5172 ausiiicium,
2477 5121 2631 5162 sume
2671 5109 2974 5176 exemplum
3017 5110 3254 5179 religiosi
3291 5111 3495 5179 officii,
3543 5114 3695 5184 quod

2093 5193 2294 5251 debeas
2319 5197 2578 5252 amulari.
2604 5199 2710 5255 Ero
2732 5201 2985 5271 deinceps
3012 5203 3076 5257 ad
3099 5205 3460 5259 exercendum
3483 5207 3692 5275 stylnm

2094 5291 2412 5359 promptior,
2445 5291 2489 5347 si
2521 5307 2606 5347 me
2637 5293 2815 5352 fructu
2841 5296 3014 5352 mutui
3044 5299 3314 5354 sermonis
3339 5300 3691 5356 animaveris.

2091 5380 2241 5438 Vale.

2710 5479 2928 5537 EPIST.
2972 5481 3071 5539 XL

2583 5582 2894 5626 SYIMACIIUS
2923 5587 3172 5630 AVENTIO.

2161 5654 2534 5714 Secessionem
2583 5670 2726 5715 tuam
2768 5663 2930 5717 etiam
2974 5666 3170 5721 tacitus
3207 5667 3515 5737 approbavi.
3550 5668 3698 5727 Nam

2091 5761 2212 5804 cum
2255 5749 2645 5808 interveniente
2679 5751 2948 5812 discordia
2985 5757 3253 5828 supremis
3295 5761 3476 5833 generi
3516 5759 3696 5816 inter-
