4074 6176
328 162 419 219 3Ξι
1510 154 1993 214 EPISTOLARUM
2035 153 2236 210 LIBER
2278 155 2411 210 VIII.

328 287 442 328 esse
469 286 578 325 non
608 284 824 340 posses,
856 285 917 324 ea
960 278 1150 325 mmsta
1190 268 1521 336 profectione
1548 268 1691 321 visus
1721 281 1780 320 es
1818 281 1907 319 sa-
1935 276 1992 335 Α

327 365 581 420 tisfecisse
608 364 814 433 pietati.
847 363 966 432 Ipse
986 404 1002 430 ,
1032 371 1290 432 quantum
1322 361 1426 416 civi
1468 359 1710 429 optimati
1740 362 1910 413 fuerat

326 453 670 511 deferendum
692 497 706 520 ,
736 454 919 508 triduo
944 453 1088 507 dumi
1124 460 1487 507 commoratus
1514 450 1728 519 implevi
1754 491 1769 517 ,
1802 464 1907 503 non

325 547 515 601 famam
543 556 785 614 captans,
819 544 914 599 sed
947 545 1193 598 humanas
1218 544 1447 598 fortuna:
1475 544 1620 597 vices
1645 542 1904 610 cogitans.

323 638 457 704 Quid
499 641 642 692 enim
684 647 791 691 tam
834 634 1154 691 rationabile
1191 642 1302 698 est,
1336 649 1493 704 quam
1528 631 1759 685 tribuere
1786 630 1911 713 ⁸(θοις-

325 732 487 801 legat,
518 730 660 800 quod
699 730 794 784 tibi
834 729 1154 799 quandoque
1183 729 1352 783 bonos
1390 726 1574 796 cupias
1605 723 1909 780 exhibere?

328 823 479 884 Vale.

913 911 1128 967 EPIST.
1172 910 1309 966 XLI.

801 1020 1111 1060 SVIHACBUS
1140 1017 1428 1058 ANTIOCHO.

387 1100 545 1156 Nunc
574 1100 805 1169 primum
835 1099 1054 1153 honoris
1083 1098 1245 1153 limen
1285 1098 1558 1166 ingressus
1578 1136 1594 1163 ,
1626 1096 1786 1151 nimis
1811 1096 1912 1151 im-

316 1203 532 1249 mature
558 1194 853 1250 adventum
889 1191 1226 1248 successoris
1254 1203 1497 1263 exoptas.
1538 1194 1785 1261 Agnosco
1814 1193 1912 1246 im-

317 1287 631 1355 patientiam
658 1286 857 1341 Graacis
882 1284 1087 1340 deliciis
1113 1298 1496 1354 congruentem
1521 1326 1534 1350 ,
1561 1302 1720 1354 quam
1750 1286 1909 1341 velim

314 1386 435 1433 toto
468 1378 598 1432 anni
632 1378 766 1433 orbe
805 1377 1110 1432 dissimules
1131 1417 1147 1442 ,
1173 1391 1237 1431 ac
1266 1386 1318 1431 te
1355 1377 1614 1447 migrasse
1643 1378 1701 1432 in
1743 1377 1912 1432 tribus

314 1466 613 1522 Romuleas
645 1467 967 1523 recorderis.
990 1467 1126 1534 Quid
1154 1468 1295 1522 enim
1326 1467 1544 1535 dignum
1569 1467 1913 1537 conqueStio-

313 1573 380 1613 ne
426 1573 715 1627 perpessus
748 1558 839 1613 es?
883 1557 1129 1612 Nondum
1178 1568 1231 1613 te
1269 1557 1531 1613 militares
1574 1558 1910 1613 contumeliae

3496 162 3602 218 δη

2599 264 2815 319 EPIST.
2859 264 3016 319 XLV.

2540 371 2845 412 SYIIACIIUS
2873 371 3065 411 PIERIO.

2081 443 2367 501 Redditum
2400 446 2528 500 mihi
2550 456 2633 502 est
2657 463 2891 501 annuum
2919 447 3313 517 quodammodo
3338 450 3599 503 sermonis

2013 538 2089 593 lui
2114 539 2376 593 debitum.
2400 539 2518 594 Tibi
2540 554 2750 609 quoque
2778 539 3029 610 gaudium
3054 541 3297 595 solemne
3326 540 3393 595 de
3424 541 3598 609 nobis,

2013 627 2128 683 haec
2157 644 2415 698 respousa
2446 631 2799 699 praestabunt,
2832 648 2951 701 qua:
2990 643 3207 703 propter
3244 642 3445 689 tantam
3478 636 3599 689 lou-

2011 720 2359 791 ginquitatem
2408 724 2749 790 frequentare
2798 740 2906 778 non
2952 742 3278 794 poSsumus,
3316 728 3411 782 sed
3461 728 3601 782 bona

2013 812 2117 866 ﬁde
2142 813 2307 867 certis
2342 815 2671 883 temporibus
2701 816 3035 872 exhibemus.
3074 817 3284 873 Maneat
3320 819 3478 888 igitur
3516 820 3601 875 hic

2014 920 2163 971 usus,
2186 916 2241 960 et
2263 907 2491 975 quodam
2522 910 2710 963 salutis
2736 909 2932 964 indicio
2960 920 3141 965 mutua
3164 910 3303 966 inter
3330 926 3427 966 nos
3447 926 3601 968 secu-

2012 996 2146 1051 ritas
2173 997 2514 1053 recondatur.
2553 999 2702 1053 Vale.

2580 1090 2801 1147 EPIST.
2841 1091 3026 1146 XLVI.

2484 1194 2797 1236 svuucnus
2826 1167 3145 1239 srnnscto.

2083 1269 2213 1341 Agis
2241 1284 2450 1325 mecum
2495 1273 2761 1327 desiderio
2793 1277 3056 1341 amantis,
3090 1286 3146 1329 ut
3183 1275 3398 1330 redeam
3442 1293 3456 1331 :
3489 1277 3601 1346 iam

2011 1361 2212 1417 dudum
2254 1361 2356 1416 hoc
2392 1365 2602 1419 animus
2643 1381 2795 1421 meus
2828 1373 2989 1422 vestri
3029 1370 3293 1439 expetitur
3325 1371 3601 1440 efﬂagitat.

2014 1454 2119 1510 Sed
2148 1455 2400 1510 valetudo
2424 1457 2603 1512 saucia
2631 1458 2890 1529 obstrepit
2920 1462 3202 1515 voluntati.
3234 1462 3437 1516 Humor
3460 1464 3617 1517 enim.

2016 1548 2206 1603 noxius
2236 1550 2473 1605 articulis
2501 1551 2719 1621 illapsus
2745 1553 2903 1605 etiam
2935 1568 3073 1605 nunc
3100 1569 3185 1608 me
3215 1564 3360 1609 tenet
3389 1554 3604 1621 lectulo,

312 1649 668 1718 percult-runt
700 1691 717 1717 ,
788 1648 1027 1703 nandum
1087 1659 1332 1703 catervas
1393 1648 1675 1702 mulierum
1741 1647 1912 1703 scissa
1940 1643 1989 1704 B
2015 1650 2069 1695 et
2097 1641 2180 1693 vix
2228 1640 2446 1695 littorali
2475 1643 2714 1697 siccitate
2752 1651 3020 1697 tenuatur.
3054 1644 3250 1698 Tribue
3285 1645 3443 1712 igitur
3472 1655 3604 1699 tem-

313 1748 473 1795 veste
518 1741 696 1811 fugisti
722 1781 737 1806 ,
796 1740 1031 1796 nondum
1060 1751 1182 1797 ante
1207 1742 1399 1811 ianuas
1428 1743 1775 1796 eminentium
1816 1757 1911 1809 po-

312 1838 572 1884 testatum
612 1830 827 1900 vigilem
870 1843 1080 1886 noctem
1124 1833 1384 1887 salutator
1428 1844 1682 1902 expertus
1722 1847 1815 1898 es;
1857 1841 1913 1888 et

311 1919 420 1989 iam
447 1919 683 1977 delicato
713 1922 927 1976 fastidio
964 1923 1146 1977 renuis
1171 1922 1578 1992 magistratum?
1606 1922 1909 1992 Commota,

314 2011 355 2065 si
400 2010 591 2075 vales,
635 2010 907 2078 animum,
939 2018 1097 2080 teque
1142 2011 1199 2065 in
1247 2026 1468 2079 annum,
1497 2010 1582 2066 vel
1634 2010 1910 2068 biennium

312 2102 546 2158 obdura.

904 2194 1124 2249 EPIST.
1166 2194 1324 2249 XLII.

927 2302 1300 2343 SVHIACHUS...

382 2379 741 2434 Probabilem
782 2392 1067 2433 causam...
1113 2380 1245 2444 Quis
1294 2378 1437 2434 enim
1479 2377 1714 2434 Siciliam
1763 2385 1915 2433 recto

310 2469 511 2525 itinere
558 2479 777 2538 petens,
809 2483 1113 2525 sermonem
1158 2486 1336 2525 meum
1377 2479 1557 2541 potest
1595 2470 1824 2526 reddere
1861 2471 1915 2524 in

310 2560 630 2629 longinquis
670 2561 865 2615 studiis
902 2561 1227 2617 constituto?
1257 2562 1361 2618 Sed
1395 2563 1605 2618 desino.
1633 2563 1713 2617 Tu
1754 2571 1912 2627 tene,

306 2665 498 2706 curam
542 2651 685 2705 circa
727 2658 779 2705 te
814 2666 987 2705 meam
1034 2652 1102 2721 de
1146 2668 1374 2709 numero
1412 2653 1757 2723 epistolarum
1804 2669 1912 2709 non

306 2741 519 2797 debere
548 2740 826 2811 perpendi.
863 2740 1143 2811 Diligentia
1170 2744 1313 2797 enim
1336 2758 1461 2814 erga
1492 2744 1695 2799 amicos
1714 2744 1914 2815 iugiter

307 2842 527 2898 manet,
582 2832 926 2886 occasionum
971 2823 1098 2886 vero
1135 2832 1329 2901 raritas
1367 2834 1563 2902 scripta
1609 2834 1911 2902 distinguit.

306 2923 414 2978 Sed
439 2923 518 2977 de
546 2924 646 2975 hoc
672 2923 806 2976 satis
833 2921 1033 2976 dictum
1063 2930 1216 2991 puto.
1244 2922 1395 2977 Nunc
1423 2924 1685 2994 elegantia
1712 2924 1911 2993 ingenii

306 3014 403 3077 tui,
433 3022 497 3068 et
522 3014 885 3067 inventionum
917 3013 1184 3069 subtilitas
1210 3016 1545 3083 praedicanda
1579 3024 1681 3071 est.
1708 3017 1913 3071 Novum
1941 3014 1990 3080 C

305 3108 518 3177 quippe
550 3107 742 3161 musivi
772 3120 966 3176 genus,
995 3115 1053 3161 et
1080 3107 1399 3163 intentatum
1424 3109 1798 3179 superioribus
1822 3124 1914 3165 re-

306 3199 543 3266 peristi,
575 3197 715 3266 quod
747 3197 907 3252 etiam
937 3207 1118 3251 nostra
1164 3198 1369 3253 ruditas
1406 3199 1660 3253 ornandis
1684 3201 1913 3255 cameris

307 3286 545 3341 tentabit
600 3286 854 3365 afﬁgere,
890 3289 933 3340 si
979 3288 1064 3341 vel
1117 3288 1171 3341 in
1224 3288 1443 3357 tabulis,
1476 3290 1559 3344 vel
1614 3290 1669 3344 in
1720 3290 1913 3358 tegulis

306 3379 627 3450 exemplum
662 3380 729 3435 de
783 3387 837 3435 te
878 3380 1231 3450 praemeditati
1281 3383 1459 3451 operis
1501 3383 1909 3452 sumpserimus.

310 3473 463 3529 Vale.

897 3563 1108 3620 EPIST.
1150 3563 1336 3619 XLIII.

762 3670 1073 3712 SYHIACIIUS
1104 3671 1476 3712 CALLISTIANO.

376 3745 538 3802 Inter
566 3754 759 3801 cetera
792 3758 1070 3816 parentum
1098 3748 1475 3803 decedentium
1515 3749 1655 3804 bona
1677 3789 1692 3815 ,
1726 3751 1913 3806 amici-

313 3840 406 3894 tia:
446 3852 669 3908 quoque
699 3838 992 3893 affectanda
1022 3840 1292 3894 successio
1316 3848 1419 3896 est.
1453 3841 1517 3894 Et
1550 3840 1776 3896 fortasse
1800 3850 1911 3897 stu-

310 3931 403 3985 dio
436 3929 701 3983 validiore
730 3929 992 3998 captanda
1024 3930 1392 3985 familiaritatis
1422 3930 1703 3985 haereditas
1734 3948 1746 3983 :
1787 3932 1911 4001 quia

312 4022 602 4077 facultates
630 4021 840 4075 fortuna
870 4030 1107 4089 praestat,
1134 4022 1330 4077 caritas
1362 4023 1562 4093 iudicio
1596 4023 1906 4081 foederatur.

314 4116 453 4169 Volo
487 4115 651 4183 igitur
680 4114 818 4168 inter
845 4128 942 4168 nos
978 4117 1274 4185 promptius
1313 4117 1654 4171 convalescat
1694 4115 1910 4171 familia:

312 4216 420 4261 tua:
454 4214 747 4276 propagata
779 4204 1109 4273 coniunctio.
1137 4205 1568 4262 Consentaneum
1598 4208 1795 4277 quippe
1817 4223 1911 4262 na-

314 4312 456 4353 tura:
493 4306 580 4352 est
599 4339 614 4363 ,
639 4307 695 4349 ut
722 4296 894 4350 ofﬁcia
931 4312 960 4349 a
990 4306 1043 4351 te
1076 4297 1343 4362 inchoata,
1367 4313 1396 4351 a
1424 4314 1510 4353 me
1536 4299 1755 4368 probata
1785 4313 1911 4353 coa-

314 4391 549 4443 lescant.
584 4389 723 4456 Ergo
753 4388 804 4440 in
834 4386 1099 4457 reliquum
1131 4389 1397 4443 sermonis
1428 4397 1546 4444 esto
1583 4388 1867 4443 muniﬁcus
1893 4404 1909 4442 :

316 4497 403 4535 me
430 4493 563 4533 cura
594 4492 700 4532 non
731 4477 925 4545 deerit,
958 4492 1077 4547 qua:
1106 4487 1158 4533 te
1186 4478 1308 4549 styli
1339 4478 1702 4534 vicissitudine
1725 4493 1914 4534 mune-

316 4579 418 4623 ret.
454 4568 609 4621 Vale.

894 4655 1109 4713 EPIST.
1151 4655 1337 4711 XLIV.

796 4767 1106 4809 SVIIACBUS
1134 4768 1442 4809 PASTINATO.

392 4843 629 4899 Litteras
669 4852 788 4899 tuas
829 4859 1080 4915 agrorum
1111 4843 1375 4899 fructibus
1409 4844 1531 4913 iure
1567 4843 1910 4901 contulerim.

320 4936 456 4990 Nam
507 4946 571 4990 ut
622 4936 835 4990 illorum
876 4943 1165 5004 proventus
1206 4949 1313 4990 non
1354 4934 1489 4990 fallit
1533 4936 1791 5004 temporis
1830 4936 1912 4990 sui

321 5027 563 5081 debitum
585 5067 599 5091 ,
633 5026 701 5080 ita
734 5024 892 5081 fidem
927 5034 1125 5079 nostrae
1150 5025 1566 5095 exspectationis
1594 5041 1803 5081 annuus
1832 5027 1917 5080 di-

319 5118 594 5187 gnationis
629 5128 731 5170 tuae
770 5130 951 5171 sermo
987 5131 1095 5170 non
1140 5117 1333 5185 decipit
1368 5134 1382 5170 :
1422 5116 1578 5185 huius
1607 5132 1747 5171 nunc
1782 5117 1913 5171 mihi

320 5222 420 5273 per
442 5206 686 5259 homines
724 5216 938 5260 nostros
968 5205 1213 5261 advectio
1246 5206 1521 5262 satisfecit.
1552 5208 1727 5262 Lectis
1758 5208 1915 5279 igitur

327 5298 564 5365 paginis,
597 5296 773 5350 valere
806 5307 856 5349 te
886 5297 1129 5366 gaudeo,
1162 5306 1217 5353 et
1244 5299 1460 5366 alloquii
1493 5298 1565 5351 tui
1594 5308 1795 5354 honore
1824 5301 1917 5353 de-

319 5400 518 5440 lector.
554 5386 661 5439 Nec
690 5403 775 5440 me
800 5389 1035 5441 arbitror
1065 5382 1457 5458 respondendo
1482 5390 1737 5460 imparem
1775 5392 1919 5461 iudi-

318 5480 451 5531 συί.
506 5479 787 5531 Praestabit
840 5479 1050 5533 divinus
1084 5480 1233 5534 favor
1276 5491 1333 5535 ut
1373 5482 1466 5535 has
1498 5484 1637 5537 inter
1678 5499 1773 5538 nos
1802 5483 1920 5539 olli-

319 5570 530 5623 ciorum
561 5571 709 5624 vices
738 5581 868 5625 actas
899 5570 1101 5641 prolixa
1127 5572 1457 5643 multiplicat.
1492 5572 1638 5628 Vale.

2014 1747 2115 1802 pus
2166 1732 2477 1799 refectioni,
2524 1736 2666 1803 quod
2710 1750 2811 1805 ego
2862 1737 3269 1791 vendicaveram
3318 1739 3600 1806 voluptati.

2013 1822 2130 1877 Prae
2173 1833 2226 1878 te
2270 1833 2449 1879 autem
2500 1826 2605 1880 fers
2657 1826 2710 1879 in
2756 1836 2903 1880 tanta
2946 1828 3206 1882 bonorum
3266 1828 3605 1885 multitudine

2015 1922 2133 1982 post
2163 1913 2455 1968 discessum
2486 1931 2660 1970 meum
2704 1917 2834 1970 nihil
2887 1926 2944 1971 ut
2981 1928 3105 1975 ante
3138 1919 3429 1988 iucundum
3458 1935 3597 1974 esse.

2013 2003 2118 2059 Sed
2151 2014 2278 2074 puto
2306 2006 2443 2075 quod
2472 2007 2553 2075 pia
2578 2006 2856 2063 aﬁectione
2884 2008 3105 2075 fallaris,
3160 2012 3279 2080 quia
3311 2026 3492 2065 rarum
3521 2021 3604 2066 est

2014 2093 2070 2149 in
2104 2105 2317 2150 amante
2342 2097 2625 2165 iudicium.
2670 2098 2737 2152 Et
2765 2113 2865 2168 ego
2891 2101 3104 2169 quidem
3138 2117 3243 2156 non
3276 2117 3339 2157 ex
3372 2101 3455 2156 his
3497 2106 3603 2171 pri-

2016 2202 2161 2241 mum
2204 2189 2426 2254 litteris,
2459 2189 2585 2258 quid
2639 2189 2706 2244 de
2758 2206 2844 2245 me
2877 2192 3113 2261 sentias,
3143 2193 3275 2247 scin.
3305 2193 3477 2264 Prope
3519 2204 3603 2248 est

2015 2284 2216 2340 tamen,
2247 2288 2301 2333 ut
2328 2293 2486 2347 agere
2515 2281 2715 2347 gratias
2745 2282 3003 2337 absentia:
3032 2300 3166 2338 mea:
3192 2284 3413 2340 debeam
3433 2325 3448 2349 ,
3478 2287 3601 2354 quia

2014 2370 2146 2423 mihi
2191 2371 2551 2440 syngrapham
2590 2374 2874 2442 quamdam
2908 2375 3203 2430 testimonii
3254 2386 3352 2430 tua!
3397 2379 3603 2443 praesti-

2015 2463 2097 2516 tit.
2126 2463 2321 2518 Verum
2345 2464 2458 2519 haec
2485 2466 2643 2520 missa
2673 2465 2885 2521 faciam.
2914 2468 3029 2523 Non
3061 2468 3313 2522 morabor
3328 2482 3603 2538 exspecta-

2018 2555 2217 2611 tionem
2259 2566 2401 2611 tuam
2447 2571 2565 2627 post
2604 2559 3031 2615 conciliationem
3071 2560 3289 2629 vigoris.
3330 2561 3434 2616 Sed
3478 2563 3601 2631 quia

2017 2646 2119 2702 hoc
2159 2647 2375 2718 longum
2415 2659 2499 2703 est
2529 2649 2789 2720 diligenti,
2823 2651 2952 2705 visis
2979 2668 3098 2720 qua:
3126 2653 3178 2706 in
3209 2653 3455 2722 proximo
3481 2668 3602 2722 pos-

2015 2737 2253 2792 sidemus
2273 2780 2289 2803 ,
2326 2739 2552 2794 reditum
2582 2743 2878 2797 maturaho.
2906 2743 3076 2810 Spero
3104 2744 3245 2796 enim
3275 2744 3602 2799 tantumdem

2015 2842 2355 2883 accessurum
2386 2832 2602 2884 sanitati
2633 2847 2766 2886 mea:
2791 2848 2854 2887 ex
2885 2842 3175 2903 conspectu
3197 2844 3397 2904 vestro,
3428 2851 3600 2906 quan-

2017 2929 2128 2975 tum
2155 2923 2358 2992 sperari
2389 2932 2573 2992 posset
2596 2939 2659 2978 ex
2689 2924 2819 2978 Otio.
2846 2924 2999 2980 Vale.

2585 3038 2797 3092 EPIST.
2840 3038 3047 3094 XLVII.

2503 3144 2817 3186 svuacuus
2836 3116 3104 3188 VALERIO.

2087 3219 2293 3275 Vellem
2337 3222 2577 3277 sedatam
2622 3224 2713 3277 ﬁlii
2760 3226 2865 3279 mei
2901 3227 3273 3295 aegritudinem
3334 3229 3604 3295 nuntiare,

2014 3311 2109 3365 sed
2146 3311 2275 3366 nihil
2322 3323 2545 3382 prosunt
2594 3314 2843 3384 figmenta
2886 3317 3148 3372 sollicitis.
3195 3319 3380 3374 Audeo
3420 3332 3600 3376 tamen

2014 3417 2234 3472 sperare
2276 3406 2517 3458 meliora.
2563 3405 2867 3460 Imminutio
2892 3409 3033 3461 enim
3069 3409 3317 3475 febrium,
3362 3411 3472 3464 Deo
3511 3426 3605 3465 an-

2016 3506 2187 3561 ctore,
2218 3496 2283 3549 ad
2316 3496 2562 3551 ﬁduciam
2592 3499 2837 3553 sanitatis
2861 3502 3025 3570 cmpit
3052 3502 3333 3559 accedere.
3354 3502 3481 3557 Tum
3510 3519 3605 3571 pro

2017 3587 2173 3641 nobis
2206 3587 2549 3643 sollicitudini
2578 3590 2776 3655 gratias
2811 3606 2932 3659 ago,
2976 3601 3030 3646 et
3056 3593 3332 3649 cmlestem
3364 3609 3607 3663 compre-

2016 3691 2112 3731 cor
2136 3685 2456 3746 potestatem
2511 3687 2567 3732 ut
2602 3688 2692 3732 tuo
2714 3679 2851 3734 circa
2880 3683 3080 3736 amicos
3116 3683 3298 3736 animo
3321 3698 3607 3753 prospero-

2016 3784 2133 3824 rum
2165 3770 2403 3825 omnium
2435 3772 2745 3826 vicissitudo
2774 3777 3114 3844 respondeat.
3152 3775 3306 3831 Vale.

2567 3884 2784 3940 EPIST.
2826 3886 3059 3942 XLVIII.

2459 3989 2761 4029 SVNIMCIIUS
2787 3990 3155 4031 HAXIMILIANO.

2088 4062 2245 4118 Soles
2296 4064 2349 4119 in
2392 4067 2677 4121 scribendo
2718 4081 2838 4122 esse
2881 4068 3119 4136 prolixus
3167 4082 3263 4135 pro
3306 4066 3500 4135 ingenii
3533 4068 3605 4125 tui

2015 4154 2237 4209 viribus.
2296 4155 2582 4223 Postquam
2638 4165 2690 4211 te
2731 4157 2903 4211 honor
2945 4158 3147 4210 aulicus
3191 4159 3240 4209 in
3275 4157 3605 4223 procinctum

2015 4245 2244 4313 vocavit,
2278 4255 2331 4300 tu
2363 4262 2575 4317 quoque
2608 4247 2768 4301 verba
2797 4247 3083 4315 succingis,
3108 4256 3163 4300 et
3195 4255 3442 4313 tanquam
3475 4247 3607 4301 levis

1937 4356 1989 4416 ι)
2016 4349 2305 4395 armatura:
2341 4341 2494 4396 miles
2532 4340 2767 4394 rorarios
2802 4340 3089 4394 aemularis.
3124 4340 3259 4406 Quid
3304 4340 3605 4411 faciamse-

2017 4446 2118 4487 nex
2135 4433 2401 4502 garrulus,
2425 4432 2511 4486 cui
2536 4447 2785 4486 mensura
2813 4432 3076 4486 sermonis
3100 4446 3129 4485 a
3150 4432 3349 4502 iuvene
3366 4432 3610 4500 praescri-

2016 4523 2198 4577 bitur?
2226 4522 2414 4578 Trahit
2461 4539 2557 4578 nos
2590 4524 2773 4578 vitium
2806 4524 2975 4579 senile
3014 4524 3353 4579 verbositas:
3382 4523 3475 4577 sed
3517 4537 3611 4577 oc-

2017 4616 2187 4669 currit
2214 4614 2536 4684 exemplum,
2564 4623 2619 4670 et
2646 4614 2855 4670 fastidia
2897 4616 3106 4670 aurium
3147 4626 3356 4670 tuarum
3385 4614 3452 4669 de
3483 4615 3608 4686 styli

2017 4708 2277 4761 brevitate
2318 4707 2583 4776 coniecto.
2634 4706 2749 4762 Non
2779 4708 2923 4763 enim
2974 4707 3219 4762 violanda
3262 4718 3348 4763 est
3392 4708 3605 4762 interim

2018 4795 2148 4851 mihi
2178 4796 2381 4865 pagina:
2404 4806 2513 4851 tua:
2544 4797 2793 4853 formula.
2828 4800 3163 4867 Exspectabo
3214 4807 3393 4853 tamen
3427 4816 3491 4853 an
3519 4815 3609 4854 co-

2020 4886 2161 4958 piam
2193 4888 2260 4943 de
2290 4903 2375 4944 me
2397 4890 2600 4959 exigas,
2633 4892 2676 4945 si
2706 4890 2856 4958 plura
2888 4890 3276 4960 rescripserim.
3312 4890 3461 4946 Vale.

2589 5023 2806 5079 EPIST.
2848 5023 3035 5078 XLIX.

2541 5129 2845 5170 εϊκκλοιιυι
2886 5130 3082 5168 νιτΑιι.

2094 5205 2194 5260 Diu
2221 5206 2433 5260 sanitati
2455 5208 2652 5274 pariter
2679 5222 2743 5261 ac
2768 5208 3032 5262 venustati
3060 5208 3356 5263 litterarum
3378 5220 3602 5274 tuarum,

2020 5297 2306 5353 mediocris
2333 5298 2531 5365 eloquii
2557 5302 2807 5352 conscius
2838 5299 3165 5366 respondere
3207 5302 3443 5355 dubitavi
3471 5319 3482 5352 :
3513 5301 3605 5353 sed

2020 5391 2209 5457 religio
2240 5389 2383 5457 rupit
2431 5390 2696 5446 timorem.
2731 5389 2888 5445 Malui
2919 5391 3060 5445 enim
3104 5395 3268 5463 stylo,
3322 5407 3479 5461 quam
3521 5407 3608 5445 su-

2020 5483 2201 5554 perbi-1
2234 5482 2536 5551 displicere.
2560 5483 2823 5553 Quidquid
2850 5484 3006 5553 igitur
3033 5487 3133 5540 hoc
3161 5493 3261 5547 est,
3292 5486 3430 5553 quod
3466 5491 3609 5539 tenet

2025 5574 2232 5643 pagina,
2266 5588 2445 5643 quaeso
2468 5574 2591 5629 boui
2612 5576 2883 5643 consulas,
2916 5584 3072 5642 teque
3103 5573 3384 5632 submittas
3408 5574 3474 5630 ad
3499 5590 3608 5631 me-
