4074 6176
504 222 611 277 525

514 424 654 479 cium
682 431 882 481 meum,
907 415 1033 471 dum
1050 413 1372 483 desperatur
1397 407 1643 465 imitatio.
1678 404 1829 461 Vale.

1150 564 1368 633 EPIST.
1404 564 1469 625 L.

1056 671 1365 723 sttuit/tcuus
1399 667 1567 727 tono.

1694 203 1761 271 ρ.
1803 195 2145 256 Αυῐιεωυε
2182 193 2614 253 SHIMACHUS.

509 329 841 386 diocritatem
870 324 1191 395 scriptorum
1229 330 1492 378 meorum,
1523 328 1591 369 ne
1628 309 1945 368 retundatur
1982 307 2182 375 σαὶ-,Δ

3688 183 3790 243 3Ε³ι6

2801 293 3021 354 EPIST.
3066 295 3197 352 LVI.

2712 406 3022 449 SYIIACIHJS
3048 403 3284 453 ROIANO.

2260 489 2445 551 sServo
2468 483 2891 549 observantiam,
2918 497 3078 553 quam
3095 495 3214 536 mos
3241 474 3796 549 priscusinstituit,“

2192 577 2364 637 domo
2406 574 2635 646 profecti
2689 573 2898 631 litteras
2943 572 3309 642 auspicentur,
3354 577 3413 624 et
3460 566 3675 622 salvere
3706 581 3798 621 me

2198 669 2415 725 nuntio.
2465 668 2546 723 Ex
2584 666 2773 723 debito
2809 664 2959 720 venit
2978 673 3043 719 λιιι
3084 670 3145 717 tu
3180 660 3379 717 emisso
3405 672 3553 714 alme
3592 654 3800 717 muneri

592 773 909 847 Jamdudum
939 771 1079 831 datis
1111 770 1178 831 ad
1210 781 1264 825 te
1304 768 1497 836 litteris
1535 771 1719 829 mutua
1749 761 1950 831 scripta
1996 775 2105 817 non
2206 764 2384 820 solvas
2410 759 2582 818 amica
2603 770 2893 847 responsa.
2920 753 3080 847 Vale:

522 867 727 932 merui;
755 874 1007 920 ettamen
1040 861 1370 932 propositum
1401 870 1578 911 meum
1608 867 1850 919 servans,
1885 851 2107 907 honori-

524 932 790 1031 ficentiam
820 955 1126 1026 scriptionis
1154 954 1415 1017 instauro.
1451 946 1627 1002 Credo
1655 944 1796 998 enim
1823 940 1964 1013 quod
2007 923 2125 997 κιο-ἶ

524 1028 696 1119 gatam
722 1051 892 1118 primo
922 1025 1096 1101 ofﬁcio
1120 1044 1315 1121 vicem,
1343 1039 1426 1107 vel
1457 1051 1599 1105 nunc
1629 1038 1913 1107 impetrare
1940 1031 2112 1102 possit

527 1143 760 1198 iteratio.
796 1140 949 1196 Vale.
1462 1214 1464 1218 γ

1150 1220 1368 1278 EPIST.
1408 1219 1496 1278 LI.

971 1331 1278 1374 SYSIIACHUS
1308 1327 1676 1379 IIAXIIILIANO.

601 1412 986 1481 Assiduitatem
1015 1410 1336 1481 scriptorum
1369 1421 1612 1471 meorum
1641 1402 1734 1457 tibi
1758 1414 1877 1461 esse
1902 1400 2115 1459 laslidio

532 1523 700 1577 prope
729 1505 921 1573 asserit
943 1513 1152 1569 tuorum
1176 1499 1390 1569 raritas.
1421 1498 1493 1551 Es
1515 1496 1656 1552 enim
1681 1503 1875 1565 pmter
1899 1493 2116 1552 solitum

2796 845 3017 901 EPIST.
3058 842 3215 899 LVII.

2715 951 3031 997 SYJHIACIIUS
3060 949 3311 993 VALERIO.

2282 1035 2474 1090 Filium
2507 1048 2687 1090 meum
2724 1032 3011 1089 Romulum
3048 1042 3303 1094 accerso;
3337 1034 3391 1081 tu
3430 1025 3652 1082 relines.
3690 1022 3802 1092 E30

2206 1131 2266 1191 in
2298 1146 2420 1191 eum
2445 1129 2580 1185 mibi
2605 1141 2896 1197 personam
2921 1125 3156 1195 parentis
3180 1137 3409 1194 arrogo;
3443 1131 3499 1177 tu
3522 1121 3612 1189 jus
3634 1118 3813 1176 affinis

2178 1239 2463 1285 exerces.
2510 1223 2640 1281 Mihi
2676 1237 2750 1277 ex
2794 1221 3092 1279 voluntaria
3134 1220 3427 1291 sponsione
3471 1216 3813 1288 prasentiam

2216 1335 2367 1379 suam
2397 1319 2591 1385 debet;
2620 1333 2648 1373 a
2682 1316 2837 1372 vobis
2858 1331 2958 1386 spe
2988 1315 3230 1371 soriandi
3262 1314 3472 1369 itineris
3492 1322 3813 1369 retentatur.

2220 1408 2325 1467 Sed
2352 1422 2474 1463 cum
2492 1407 2659 1465 etiam
2677 1416 2798 1462 tuus
2810 1407 3205 1477 praenuntiatur
3229 1405 3512 1471 adventus,
3534 1410 3816 1475 quantun-

2225 1518 2285 1565 sa
2336 1503 2540 1559 taxatio
2577 1510 2660 1557 est
2705 1517 2891 1564 morae.
2918 1516 3045 1571 qum
3086 1501 3223 1557 mihi
3258 1516 3361 1572 pro
3396 1517 3504 1557 uno
3526 1511 3821 1570 utrumque

536 1612 725 1668 parcus
742 1593 985 1665 alloquii.
1014 1591 1119 1646 Sed
1146 1600 1297 1649 tueor
1313 1586 1668 1653 constantiam
1691 1585 2119 1651 diligentiaa,nec
2222 1593 2507 1662 promittit,
2561 1592 2710 1647 Cedo
2757 1593 2920 1662 igitur
2948 1593 3209 1649 γυιιιηιαιε
3256 1603 3380 1661 ωε,
3421 1603 3477 1651 ει
3518 1607 3819 1665 paucorum

535 1706 567 1743 a
612 1689 885 1759 proposito
936 1684 1401 1755 argumentatione
1429 1681 1684 1736 deducor.
1726 1679 1843 1734 Erit
1883 1686 2119 1746 potestas
2148 1674 2198 1734 Β
2220 1686 2430 1743 dierum
2461 1684 2773 1755 patientiam
2815 1699 2921 1738 non
2945 1698 3107 1755 nego.
3141 1684 3314 1740 Fratri
3340 1699 3555 1756 quoque
3583 1692 3675 1738 tuo
3704 1682 3821 1737 Ro-

536 1792 624 1837 tua
660 1783 802 1836 hunc
826 1778 992 1847 animi
1023 1778 1128 1832 mei
1153 1776 1412 1843 habitum.
1455 1774 1756 1845 velaugere
1780 1768 2122 1837 silentionel
2224 1780 2371 1835 mulo
2412 1779 2577 1835 nimis
2618 1778 2880 1848 gratulor,
2912 1777 3068 1847 citius
3120 1777 3367 1833 solatium
3420 1776 3510 1845 pio
3549 1782 3606 1831 et
3647 1773 3827 1829 amico

533 1875 726 1932 litteris
753 1870 984 1943 amoliri.
1016 1871 1170 1929 Vale.

1146 1960 1363 2021 EPIST.
1406 1961 1515 2017 LII.

607 2058 881 2127 Quatenus
910 2071 996 2111 me
1035 2054 1279 2117 absentia
1324 2053 1630 2127 contristet,
1662 2050 1942 2121 intelligis.
1992 2049 2125 2104 Nam

539 2150 660 2205 ideo
691 2148 1063 2217 necessitatem
1096 2145 1190 2201 tibi
1218 2160 1248 2199 a
1278 2144 1388 2207 lilio
1426 2158 1549 2203 meo
1574 2143 1769 2199 scribis
1807 2142 2126 2211 iujunctam,

540 2248 600 2297 ut
624 2239 815 2312 publici
848 2237 1047 2309 negotii
1070 2236 1424 2299 excusatione
1452 2234 1717 2305 purgeris.
1749 2234 1992 2289 Alterum
2033 2233 2133 2301 igi-

542 2343 629 2389 tur
662 2332 910 2403 religioni
951 2338 1057 2395 tuae
1086 2345 1153 2384 ex
1194 2338 1420 2397 utroque
1451 2326 1753 2389 faciendum
1783 2334 1886 2393 est,
1929 2334 1991 2380 ut
2040 2333 2134 2380 aut

540 2440 820 2482 cervorum
861 2438 924 2478 ac
974 2436 1226 2491 aprorum
1273 2421 1483 2489 c0piam
1532 2419 1737 2486 mittas,
1769 2426 1863 2480 aut
1910 2418 1962 2471 in
2003 2432 2132 2472 con-

539 2532 782 2593 spectum
829 2520 986 2579 amici
1028 2520 1259 2577 celerius
1302 2518 1614 2574 revertaris.
1667 2518 1824 2572 Nulla
1870 2517 2013 2571 enim
2046 2529 2136 2570 sa-

543 2611 830 2668 tisfactioni
858 2610 1061 2679 justitia
1092 2608 1365 2678 suppetit;
1392 2610 1437 2664 si
1460 2607 1604 2664 etilli
1629 2615 1904 2677 venatum,
1927 2616 1980 2662 et
2000 2603 2135 2660 milii

508 2753 513 2758 .
540 2703 789 2767 solatium
817 2700 1118 2773 denegaris.
1159 2702 1310 2761 Vale.

1136 2791 1356 2853 EPIST.
1399 2791 1532 2847 LIII.

1044 2896 1353 2954 mittentis
1396 2897 1649 2939 LEPOBIO.

615 2974 861 3031 Debitum
920 2974 1017 3030 tibi
1065 2974 1303 3044 rependo
1351 2989 1703 3039 sermonem;
1737 2973 1937 3029 dudum
1992 2974 2135 3029 enim

2225 1874 2524 1931 certamine
2554 1873 2712 1929 nobis
2740 1873 2900 1929 ambo
2926 1873 3283 1929 vindicamus.
3317 1866 3473 1930 Vale.

2813 1969 3029 2026 EPIST.
3076 1969 3255 2025 LVIII.

2706 2072 3021 2117 εγιδυιλείιυε
3058 2074 3348 2116 ὶΙΛΙιΟΙΔΝΟ.

2304 2154 2473 2212 Filius
2505 2170 2677 2221 meus,
2717 2171 2842 2211 eum
2872 2156 3007 2210 bona
3052 2155 3145 2210 Dei
3174 2156 3352 2220 venia,
3382 2149 3623 2223 pericqu
3649 2155 3827 2213 caret,

2234 2247 2326 2302 sed
2354 2246 2625 2301 defectum
2656 2246 2850 2300 virium
2888 2247 3087 2315 patitur
3114 2259 3282 2315 prope
3310 2256 3480 2313 usque
3506 2242 3574 2297 ad
3606 2241 3834 2310 aegritu-

2234 2336 2432 2391 dinem.
2461 2336 2659 2391 Redire
2689 2336 2974 2390 consilium
3006 2345 3112 2400 est,
3159 2334 3413 2405 paulatim
3461 2330 3835 2388 mansionibus

2234 2426 2289 2480 in
2319 2426 2486 2493 spatia
2510 2426 2717 2480 minora
2750 2425 2956 2480 divisis.
2986 2425 3100 2496 Ego
3124 2440 3338 2495 quoque
3376 2438 3618 2478 meorum
3647 2431 3838 2477 conta-

2241 2515 2325 2585 gia
2354 2516 2533 2570 socius
2563 2515 2787 2570 accessi.
2827 2514 3005 2570 Credo
3030 2530 3097 2569 ex
3131 2513 3329 2585 vigiliis
3371 2512 3668 2578 nocturnis,
3698 2525 3838 2581 qua-

2239 2630 2355 2668 rum
2390 2613 2441 2667 in
2472 2612 2757 2683 praesentia
2784 2612 3008 2681 exiguus
3042 2611 3139 2665 fuit
3167 2624 3377 2673 sensus,
3410 2622 3550 2663 noxa
3574 2614 3695 2677 post
3712 2619 3839 2661 cru-

2237 2706 2372 2761 duit.
2424 2705 2792 2773 Comprimere
2838 2713 3018 2759 tamen
3048 2704 3203 2759 nitor
3230 2702 3537 2773 diligentia,
3568 2709 3625 2758 et
3654 2700 3840 2771 parci-

2240 2801 2421 2856 monia
2465 2804 2720 2869 ingruens
2769 2796 2991 2854 malum.
3045 2797 3187 2867 Ergo
3215 2795 3523 2852 coelestibus
3562 2790 3840 2850 advocatis

2240 2891 2344 2945 iter
2370 2904 2619 2958 paramus
2646 2889 2835 2944 ordiri.
2868 2888 3072 2944 Vestrae
3092 2887 3145 2942 in
3176 2902 3274 2943 nos
3302 2885 3669 2942 beneﬁcentia:
3711 2898 3840 2954 gra‘

2243 2979 2342 3033 tias
2369 2981 2647 3043 referrem,
2681 2979 2726 3032 si
2758 2992 2817 3032 se
2847 2992 3001 3033 amor
3021 2987 3272 3048 speratus
3299 2985 3355 3033 et
3375 2991 3442 3033 ex
3471 2984 3656 3033 mutuo
3685 2973 3838 3031 dehis

546 3081 729 3136 parem
756 3066 885 3121 mihi
910 3067 1234 3135 scriptorum
1265 3076 1477 3120 tuorum
1506 3066 1965 3120 honoriﬁcentiam
1988 3080 2137 3119 coms
2159 3046 2209 3107 ο
2240 3080 2329 3127 ωε
2359 3071 2545 3127 lactari
2575 3070 2731 3126 laude
2760 3046 3067 3139 pateretur.
3087 3067 3241 3124 Vale.

547 3157 722 3211 munis
759 3157 963 3210 amicus
998 3155 1283 3220 exhibuit:
1322 3155 1475 3223 cujus
1502 3156 1821 3221 verecundia
1868 3165 1921 3210 et
1968 3156 2137 3210 linne-
2204 3189 2212 3194 -

546 3255 684 3301 state
718 3245 998 3315 diligenter
1033 3244 1294 3316 inspecta,
1335 3244 1552 3329 dignum
1598 3260 1718 3313 esse
1755 3260 1915 3321 quem
1945 3245 2136 3315 diligas

546 3335 856 3407 approbavi.
892 3335 1039 3403 Vale.

1140 3425 1352 3497 EPIST.
1400 3424 1535 3495 LIV.

1029 3530 1339 3587 svutttcnus
1367 3531 1653 3575 IARCIANO.

618 3607 779 3665 Seras
805 3609 899 3664 tibi
930 3608 1099 3667 videri
1132 3610 1363 3664 arbitror
1388 3610 1595 3666 litteras
1623 3623 1789 3671 meas.
1840 3608 1946 3666 Sed
1977 3610 2022 3665 si
2052 3609 2139 3679 iti-

551 3704 695 3758 neris
721 3702 834 3757 dies
881 3718 1155 3772 numeres,
1188 3705 1323 3759 ratio
1368 3720 1573 3763 moram
1618 3706 1804 3765 diluet.
1846 3706 2140 3762 Intervenit

550 3811 807 3870 praeterea
838 3814 906 3854 ex
934 3798 1157 3853 humore
1178 3799 1336 3853 solito
1364 3799 1519 3855 dolor
1543 3802 1807 3870 corporis,
1841 3800 2138 3855 ciliciorum

550 3891 890 3944 familiarium
922 3899 1309 3959 seqttestrator.
1335 3889 1488 3949 Nunc
1517 3891 1639 3960 quia
1667 3890 1834 3944 labori
1856 3898 1911 3943 et
1938 3890 2146 3944 valetu-

550 3982 658 4035 dini
690 3985 842 4051 quies
872 3981 1076 4036 rcdilita
1101 3992 1204 4049 est,
1238 3982 1572 4036 salutationis
1594 3981 1755 4035 verba
1786 3996 1893 4033 non
1929 3979 2138 4044 dill‘ero,

555 4076 780 4143 pretium
808 4075 1012 4129 laturus
1038 4074 1279 4145 obsequii
1311 4074 1377 4129 de
1407 4073 1844 4128 remuneratione
1873 4070 2141 4141 responsi.

553 4164 703 4221 Vale.

1164 4254 1379 4311 EPIST.
1423 4255 1530 4310 LV.

976 4359 1287 4401 εῖιιιιλειιυε
1333 4359 1706 4401 IIAXIMILIANO.

2833 3162 3052 3218 EPIST.
3104 3161 3240 3217 LIX.

2733 3267 3050 3312 εγιδίΔοιιῦε
3090 3268 3324 3310 κοιίλκο.

2310 3346 2391 3404 Ad
2421 3345 2762 3402 scribendum
2792 3346 2982 3401 creber
3010 3360 3132 3402 esse
3155 3345 3465 3411 voluissem,
3498 3352 3554 3400 et
3580 3342 3684 3399 hoc
3717 3357 3845 3414 spe-

2239 3436 2465 3493 randum
2483 3451 2610 3491 .esse
2650 3436 3004 3505 promiseram
3031 3452 3046 3490 :
3078 3436 3173 3491 sed
3203 3435 3457 3492 valetudo
3490 3435 3581 3491 lilii
3616 3436 3718 3491 mei
3744 3435 3843 3490 diu

2240 3531 2294 3585 in
2324 3529 2487 3584 dubio
2533 3537 2770 3595 versata,
2801 3531 3164 3586 cessationem
3202 3530 3272 3586 ab
3318 3529 3622 3599 huiusmodi
3654 3530 3848 3599 ofﬁciis

2244 3621 2546 3690 imperavit.
2580 3619 2681 3688 Qui
2725 3621 2814 3675 ubi
2861 3621 3094 3691 primum
3127 3623 3379 3693 suffragio
3408 3624 3720 3679 salutarium
3749 3639 3849 3694 po-

2243 3716 2496 3764 testatum
2525 3711 2689 3778 coepit
2713 3724 3013 3781 emergere,
3039 3721 3257 3768 secutus
3277 3724 3362 3769 est
3400 3714 3542 3769 illico
3573 3715 3846 3770 scribendi

2244 3815 2373 3856 usus
2414 3801 2778 3855 securitatem.
2833 3802 3034 3871 Accipe
3080 3803 3242 3873 igitur
3290 3802 3463 3859 libens
3512 3804 3707 3858 dictam
3758 3819 3849 3859 sa-

2245 3896 2434 3960 Itttem,
2457 3910 2638 3966 quam,
2670 3895 2715 3950 si
2747 3895 2855 3952 fors
2886 3905 3067 3966 Optata
3095 3896 3314 3968 iuverit,
3361 3912 3486 3952 mox
3530 3911 3841 3969 sequemur.

2247 3985 2398 4042 Vale.

2849 4078 3069 4135 EPIST.
3117 4079 3231 4139 LX.

2774 4183 3082 4227 SYMIIACIIUS
3122 4185 3330 4227 SERVIO.

2321 4263 2621 4333 Opperiris,
2655 4274 2713 4319 ut
2758 4267 3024 4338 intelligo,
3067 4267 3275 4323 litteras
3330 4283 3516 4324 meas:
3548 4267 3699 4339 quasi
3732 4267 3850 4337 ipse

2253 4357 2532 4413 familiaris
2552 4356 2713 4413 ofﬁcii
2741 4360 2938 4428 praesul
2963 4374 3085 4416 esse
3114 4374 3221 4414 non
3249 4360 3466 4416 debeas.
3495 4359 3748 4415 Fortasse
3768 4358 3849 4411 al-

620 4435 679 4491 Si
718 4435 858 4491 bene
886 4435 937 4490 in
971 4446 1024 4490 te
1069 4437 1305 4490 animum
1351 4451 1528 4490 meum
1559 4435 1721 4502 nosti,
1751 4433 1997 4491 dubitare
2035 4450 2143 4488 non

2254 4450 2518 4520 legatione
2545 4448 2713 4503 moris
2738 4410 2929 4518 uteris,
2957 4449 3210 4519 quoniam
3238 4450 3508 4520 plerisque
3530 4460 3850 4518 persuasum

553 4535 727 4597 potes,
742 4526 1021 4580 adversam
1048 4527 1403 4583 valetudinem
1427 4528 1667 4598 corporis
1690 4529 1793 4583 mei
1816 4526 2145 4592 missitandis

559 4624 830 4690 ltueuSque
860 4620 1055 4675 litteris
1084 4621 1379 4676 obstitisse.
1403 4622 1514 4676 Hac
1538 4631 1688 4695 parte
1718 4630 1970 4693 purgatus
1996 4622 2146 4693 salu-

557 4711 800 4765 tatricem
841 4711 933 4766 tibi
964 4711 1210 4781 paginam
1241 4711 1430 4777 reddo,
1448 4727 1566 4783 qua:
1597 4713 1875 4767 testabitur
1902 4728 2023 4770 esse
2060 4728 2147 4769 tne

558 4800 837 4871 sospitem.

1302 4895 1412 4931 *ιιι

633 4988 916 5058 Postquam
966 4987 1166 5042 sanitas
1215 4986 1412 5042 silentii
1456 4989 1856 5045 excusationem
1893 4990 2141 5060 removit,

563 5089 843 5135 venturum
868 5088 919 5133 te
944 5078 1007 5132 ad
1029 5078 1372 5149 Campaniam
1398 5080 1487 5134 lilii
1512 5080 1614 5134 mei
1636 5082 1932 5135 assertione
1950 5094 2148 5150 cogno-

563 5183 765 5224 veram.
797 5170 931 5225 IIinc
954 5170 1145 5229 factum
1177 5180 1258 5227 est
1294 5181 1351 5227 ut
1388 5172 1630 5241 epistolis
1657 5172 2008 5228 abstinerem.
2041 5173 2148 5228 Sed

562 5266 689 5322 dum
718 5274 769 5320 te
806 5274 899 5320 aut
935 5281 1079 5321 cura:
1106 5267 1345 5332 urbanae,
1381 5276 1471 5323 aut
1500 5267 1801 5339 voluptates
1845 5280 2145 5334 morantur,

562 5372 701 5426 pene
746 5356 958 5426 culpam
1009 5358 1385 5414 taciturnitatis
1428 5359 1759 5429 exspectatio
1802 5370 1984 5415 nostra
2020 5372 2149 5416 con-

563 5449 743 5505 traxit.
782 5449 995 5519 Fungor
1033 5450 1194 5520 igitur
1230 5465 1355 5521 erga
1397 5461 1449 5506 te
1493 5451 1665 5507 salute
1693 5450 1939 5517 dicenda,
1966 5459 2022 5507 et
2048 5451 2150 5507 eli-

565 5545 795 5611 gendum
822 5544 1063 5614 relinquo
1085 5557 1259 5600 utrum
1288 5545 1415 5599 mihi
1446 5546 1733 5603 adventum
1757 5559 2013 5620 praestare
2040 5564 2152 5604 ma-

568 5630 654 5699 lis,
680 5648 747 5689 an
777 5650 1092 5710 responsum
1120 5636 1442 5719 persolvere.
1477 5637 1623 5724 vale.

2251 4554 2355 4611 est,
2385 4543 2681 4613 auspicium
2715 4543 3049 4597 salutationis
3062 4541 3319 4613 profectis
3347 4556 3467 4597 esse
3492 4538 3842 4609 capiendum.

2251 4640 2485 4695 Absolvo
2510 4649 2565 4694 te
2592 4636 2998 4699 consuetudinis
3026 4634 3389 4699 observantia,
3417 4642 3509 4687 aut
3538 4632 3657 4703 lege
3688 4629 3852 4699 pigri-

2254 4730 2363 4785 tiae.
2385 4728 2529 4783 Satis
2557 4728 2661 4782 erit
2687 4727 2818 4782 mihi
2839 4726 2905 4781 ad
2933 4726 3140 4794 plenam
3171 4725 3613 4787 satisfactionem,
3632 4721 3676 4776 si
3697 4735 3854 4775 aver-

2252 4829 2402 4874 satus
2428 4818 2698 4873 scribendi
2728 4832 2994 4889 occupare
3022 4817 3366 4889 principium,
3401 4816 3580 4873 saltim
3606 4812 3854 4885 sequaris

2254 4908 2584 4978 exemplum.
2626 4907 2779 4964 Vale.

2858 5001 3077 5059 EPIST.
3122 5001 3260 5058 LXI.

2664 5112 3182 5173 svumcuus‘anmts
3214 5110 3416 5151 notuit.

2327 5191 2432 5248 Iter
2478 5190 2714 5262 Capuam
2771 5202 3190 5258 promovemus;
3234 5186 3461 5241 forsitan
3504 5181 3858 5256 suspicemini

2256 5281 2675 5337 interventuram
2698 5278 2842 5335 soliti
2873 5279 2927 5334 in
2957 5294 3055 5334 vos
3081 5277 3241 5333 officii
3270 5277 3594 5333 oblivionem
3619 5289 3719 5345 per
3741 5274 3865 5327 lon-

2254 5374 2548 5444 gitudinem
2578 5374 2699 5431 vim.
2760 5373 2969 5444 Vulgati
3000 5373 3201 5444 quippe
3240 5371 3512 5442 proverbii
3542 5380 3646 5436 est,
3676 5367 3862 5425 enavi-

2253 5470 2376 5532 gato
2417 5463 2588 5518 Maleo
2617 5464 2863 5518 oblimari
2902 5479 3090 5520 eorum
3144 5462 3481 5526 memoriam,
3530 5474 3664 5532 quos
3692 5460 3841 5515 domi

2257 5553 2562 5621 reliqueris.
2598 5552 2679 5610 Me
2708 5569 2922 5624 quoquo
2949 5570 3163 5611 versum
3196 5555 3387 5625 pedem
3427 5556 3619 5620 tulero,
3652 5554 3860 5607 amico-

2259 5659 2378 5725 rum
2406 5659 2533 5700 cura
2583 5646 2893 5727 comitatur.
2935 5646 3163 5718 Sperate
3203 5646 3362 5714 igitur
3407 5646 3665 5703 honorem
3698 5641 3862 5711 hujus
