4046 6170
281 164 378 220 325

1434 153 1916 215 ΕΡιετοιΑ-ιῑυω
1957 155 2158 212 LIBER
2201 158 2328 215 VIII.

3443 173 3553 229 3‘26

280 274 510 328 muneris
539 275 678 329 circa
709 289 806 329 vos
831 288 951 330 esse
978 286 1311 340 mansurum,
1344 272 1390 326 si
1419 273 1615 342 optatis
1646 271 1850 324 fortuna
1870 268 1930 344 ’Δ
1957 268 2166 322 cundia:
2194 270 2343 324 oneri
2375 273 2443 324 sit
2469 281 2648 332 nostra
2680 275 2942 344 purgatio.
2976 275 3124 333 Nunc
3152 279 3244 333 tibi
3281 280 3543 339 honorem

278 366 629 421 consenserit.
665 365 810 422 Vale.

860 459 1074 516 EPIST.
1116 456 1275 534 Lxu.

766 566 1082 622 ,srstuscuus
1127 566 1360 614 nouum.

339 644 456 700 Non
500 658 618 698 sum
660 643 931 714 opinionis
979 642 1260 713 ambiguus
1295 640 1596 712 exspectari
1650 639 1856 696 litteras

276 750 437 790 meas.
469 733 602 790 Nam
629 747 810 802 parem
838 733 1091 800 desiderii
1121 732 1506 801 impatientiam
1535 731 1602 804 de
1633 732 1737 784 tuis
1764 743 1856 798 pa-

274 830 393 882 tior.
427 826 541 881 Una
577 807 738 899 igitur
764 835 848 901 est
879 825 1048 903 nostri
1083 838 1240 900 causa
1284 822 1570 896 sermonis,
1612 832 1668 875 ut
1706 830 1854 874 tuum

271 928 479 975 merear
502 921 719 991 :cujus,
749 931 807 975 ut
834 921 885 974 in
916 930 1044 989 potu
1071 919 1318 985 fontium,
1346 918 1465 974 ideo
1487 919 1654 988 major
1680 927 1763 974 est
1781 916 1856 973 si-

271 1013 359 1082 tis,
389 1015 519 1082 quia
544 1029 706 1085 sapor
733 1015 960 1070 dulcior.
995 1014 1146 1070 Vale.

836 1146 1054 1201 EPIST.
1094 1145 1275 1201 LXIII.

733 1250 1043 1292 BYIIACIIUS
1089 1251 1373 1291 LAIPADIO.

329 1328 728 1396 Admonueras,
758 1343 879 1383 cum
904 1330 1146 1398 proxime
1167 1329 1300 1384 urbe
1319 1328 1648 1399 digrederer,
1664 1329 1714 1397 si
1739 1329 1853 1384 vel-

259 1422 368 1476 lem
398 1423 497 1476 tibi
527 1422 730 1476 aditum
761 1422 1068 1492 scriptionis
1111 1424 1347 1492 aperire,
1385 1431 1442 1476 ut
1466 1423 1610 1491 prior
1645 1424 1848 1478 litteras

257 1513 596 1567 inchoarem.
623 1511 909 1568 Satisfacio
939 1513 1197 1568 voluntati
1238 1521 1363 1578 tuas,
1393 1527 1514 1581 qure
1557 1514 1849 1566 observan-

255 1604 383 1658 tiam
411 1603 577 1671 prisci
605 1603 772 1658 moris
807 1603 1167 1674 amplectitur.
1207 1604 1496 1658 Absolutus
1530 1603 1694 1674 igitur
1746 1603 1793 1657 h;

255 1697 547 1767 religione,
593 1711 815 1768 erumpe
854 1699 908 1754 in
958 1698 1237 1754 familiaris
1280 1699 1404 1770 styli
1455 1715 1698 1765 munera,
1733 1715 1848 1754 me-

253 1800 491 1854 cumque
512 1786 876 1854 communica,
900 1787 1157 1858 quidquid
1179 1788 1232 1844 in
1258 1778 1678 1845 administranda
1703 1791 1850 1846 urbis

255 1881 413 1934 tutela
445 1896 515 1935 ex
561 1883 703 1937 bono
750 1881 965 1952 publico
993 1881 1208 1939 feceris.
1259 1882 1368 1937 Nec
1396 1882 1682 1952 quidquam
1719 1899 1848 1940 vero

255 1977 540 2032 scribentis
569 1978 818 2034 detrahat
846 1978 1040 2049 pudor,
1079 1993 1150 2033 ne
1182 1978 1442 2050 voluptati
1474 1994 1608 2034 mea:
1648 1979 1848 2035 damno

257 2068 321 2120 sit
343 2069 599 2139 epistola:
629 2054 968 2125 verecundia.
1001 2068 1150 2125 Vale.

831 2178 1043 2248 EPIST.
1093 2177 1273 2234 wa.

741 2283 1048 2348 ενηιιλοιξῦδ
1086 2284 1346 2348 DIONVSIO.

312 2359 633 2438 Offenderat
656 2360 824 2416 bonos
853 2345 993 2432 quod
1019 2345 1304 2444 immature
1330 2373 1454 2442 ante
1492 2361 1841 2441 discesseras.

259 2452 440 2507 Doluit
490 2453 703 2509 fortuna
746 2445 1020 2529 peccatum
1060 2439 1244 2524 suum,"
1270 2439 1389 2526 quae
1439 2439 1591 2533 nobis
1641 2466 1692 2530 te
1731 2457 1844 2534 pari

250 2543 603 2622 festinatione
631 2545 883 2624 resumit.
919 2545 1025 2624 Sed
1047 2547 1172 2616 quid
1201 2539 1477 2601 absentem
1497 2546 1649 2620 juvat
1681 2546 1843 2624 amici

249 2620 498 2690 reditus?
543 2617 732 2692 Solare
763 2617 906 2714 hunc
948 2621 1130 2715 casum
1184 2636 1375 2712 litteris
1428 2617 1843 2715 frequentibus:

247 2725 420 2779 scribe
445 2715 610 2804 etiam
638 2710 774 2795 quid.
795 2724 888 2779 tibi
918 2713 1057 2802 apud
1084 2710 1278 2781 Urbem
1302 2726 1548 2804 mandata
1578 2710 1705 2782 c‘ura
1725 2710 1846 2796 per-

247 2814 457 2868 miserit
497 2801 615 2870 aut
665 2831 789 2871 cum
845 2817 972 2871 mihi
1025 2833 1174 2888 spem
1226 2818 1462 2894 visenda:
1511 2801 1844 2876 eximietatis

249 2912 344 2959 tua:
387 2905 707 2990 promiserit
757 2907 873 2990 dies
916 2907 1156 2991 largior,
1215 2923 1313 2991 ego
1355 2893 1689 2979 quoquevix
1724 2895 1844 2991 post

1957 362 2294 418 salutationis
2351 366 2636 434 impendo,
2694 385 2793 432 nec
2841 386 3107 446 reposco,
3163 375 3304 442 quod
3351 387 3545 448 sponte

1956 448 2198 508 facturus
2251 468 2329 518 es,
2385 464 2444 509 ut
2498 471 2594 531 nos
2639 459 2840 532 mutuis
2880 455 3192 532 alloquaris;
3237 478 3357 518 cum
3411 467 3544 521 mihi

1959 543 2096 598 hanc
2134 546 2302 601 vicem
2335 557 2390 628 et
2438 549 2622 619 religio
2653 551 2818 606 animi
2871 553 2968 621 tui,
2997 563 3050 609 et
3073 557 3404 613 consuetudo
3426 573 3544 630 pro-

1955 635 2150 719 mittat.
2182 638 2331 716 Vale.

2506 753 2724 809 EPIST.
2765 754 2996 830 LXVIII.

2458 880 2768 922 δγωιλοιωδ
2809 885 3040 926 τιειωο.

1952 1002 1980 1028 ν’
2027 996 2363 1075 Desideratas
2389 1000 2602 1069 quidem
2620 1002 2832 1058 “litteras
2861 1015 2978 1060 tuas
2998 1007 3169 1063 libens
3191 1010 3422 1080 sumpsi;
3447 1011 3542 1066 sed

1952 1088 2186 1156 cognitio
2236 1097 2446 1144 tuorum
2491 1103 2726 1157 actuum,
2759 1110 2986 1164 quorum
3039 1098 3190 1153 testis
3230 1109 3390 1169 atque
3420 1118 3543 1156 nan-

1951 1185 2100 1232 rator
2125 1180 2347 1236 Euscius
2375 1181 2496 1249 fuit,
2521 1184 2822 1240 uberiorem
2847 1187 2975 1241 mihi
2997 1190 3170 1244 attulit
3189 1190 3540 1260 voluptatem.

1953 1269 2133 1338 Itaque
2151 1271 2338 1326 hortor
2363 1289 2430 1328 ac
2455 1290 2648 1329 moneo
2667 1284 2725 1342 ut
2747 1276 2884 1333 bene
2906 1287 3081 1349 empta
3105 1297 3210 1334 non
3225 1282 3463 1347 deseras,
3487 1294 3540 1340 et

1954 1361 2237 1429 praemium
2287 1363 2459 1420 laudis
2511 1363 2790 1421 honestate
2853 1369 3098 1425 secteris.
3153 1370 3539 1442 Subjtrngerem

1948 1465 2130 1505 curam
2176 1468 2451 1519 meorum,
2473 1455 2517 1509 si
2544 1465 2690 1511 esset
2717 1458 2850 1513 alius
2877 1461 3250 1529 alloquendus,
3281 1464 3374 1518 sed
3417 1479 3540 1518 eum

1949 1539 2112 1595 facias
2140 1542 2280 1597 ultro
2311 1559 2429 1613 quae
2459 1559 2613 1600 meus
2641 1560 2821 1602 sermo
2843 1560 3022 1618 pos~et
3045 1561 3327 1620 expetere,
3357 1561 3538 1620 partes

1799 1618 1846 1658 ’(⁵
1874 1630 1923 1690 Β
1948 1633 2431 1689 commendationis
2473 1636 2663 1691 omitto
2694 1656 2706 1690 :
2741 1640 2864 1708 quia
2917 1618 3170 1712 quidquid
3226 1658 3291 1697 ex
3314 1618 3321 1620 ὴ
3347 1618 3538 1702 fiducia

1949 1725 2197 1779 amicitia:
2236 1729 2595 1798 prmsumitur,
2630 1728 2756 1800 plus
2800 1731 2962 1788 habet
2991 1734 3194 1803 gratim,
3245 1737 3292 1790 si
3342 1746 3538 1801 sponte

1948 1825 2254 1885 praestetur.
2290 1819 2445 1875 Vale.
2559 1811 2608 1840 “”’

2514 1915 2730 1980 EPIST.
2765 1917 2955 1973 LXIX.

2414 2022 2728 2064 εῑωιλεηυε
2759 2025 3076 2065 VALERIANO.

2019 2115 2286 2193 Busticari
2321 2126 2374 2194 te
2424 2118 2645 2185 asseris,
2675 2128 2732 2172 et
2761 2120 3020 2194 ducendis
3057 2120 3275 2187 vitibus,
3308 2127 3401 2176 aut
3449 2137 3532 2178 aro

1950 2205 2173 2261 boribus
2221 2208 2527 2284 inserendis
2567 2210 2788 2264 crudam
2817 2221 3151 2287 senecmtem
3182 2213 3384 2268 fovere.
3414 2213 3530 2269 Non

1946 2283 2054 2372 hoc
2081 2297 2274 2373 littera:
2303 2309 2408 2374 tua:
2437 2299 2672 2374 sapiunt,
2715 2283 2821 2354 nisi.
2848 2300 2985 2355 forte
3019 2299 3186 2374 Gallia
3230 2311 3318 2357 tua
3362 2303 3528 2358 redux

1945 2385 2015 2456 sit
2042 2385 2110 2439 ab
2140 2386 2420 2466 IIelicone.
2449 2389 2599 2443 Alios
2644 2381 2822 2443 Sulcos
2848 2390 2988 2462 ston
3017 2392 3367 2459 interrnoves,
3399 2393 3532 2466 alios

1947 2475 2165 2532 ordines
2213 2477 2423 2555 pangis.
2456 2478 2567 2550 Ego
2615 2487 2818 2545 autem,
2850 2479 3104 2549 quoniam
3155 2482 3297 2536 scire
3348 2493 3530 2538 nostra

1945 2566 2249 2639 desideras,
2283 2568 2335 2621 in
2366 2563 2638 2646 domicilio
2657 2569 2890 2624 Latiaris
2915 2569 3196 2640 facundiae,
3215 2573 3324 2628 otio
3348 2583 3402 2629 et
3421 2581 3532 2628 stu-

1945 2654 2038 2710 dio
2090 2664 2299 2726 torpeo.
2335 2656 2417 2711 Dii
2463 2657 2668 2713 dabunt
2717 2659 3043 2715 incrementa
3096 2676 3356 2717 annorum
3411 2679 3530 2739 mea

1946 2747 2194 2816 parvulo.
2230 2747 2348 2815 Ipse
2382 2763 2489 2815 me,
2517 2748 2739 2819 prgcfata
2769 2749 2994 2804 fortunae
3023 2751 3198 2817 venia,
3231 2751 3296 2804 ad
3329 2751 3532 2806 studiu-

1945 2853 2063 2894 rum
2087 2853 2307 2894 suorum
2331 2839 2645 2916 societatem
2675 2842 2904 2895 vocavit.
2927 2840 3132 2897 Interea
3159 2843 3526 2912 frequentibus

1945 2930 2192 2998 epistolis
2218 2929 2475 3007 desidiam
2501 2946 2674 3006 meam
2721 2932 3149 3005 stimula.Unum
3180 2934 3377 3004 quippe
3424 2934 3527 2990 hoc

250 2997 485 3054 urbanas
538 2998 817 3056 molestias
863 3001 1120 3082 usurpato
1174 2999 1284 3084 otio
1331 2999 1540 3080 longius
1601 2998 1836 3084 defruar.

1946 2999 2441 3102 litterarum'genu's
2487 3001 2757 3090 superest,
2789 3033 2904 3099 post
2949 3037 3164 3077 amaros
3196 2993 3364 3078 casus
3405 3039 3529 3077 ora-

253 3087 391 3144 Vale.

840 3183 1054 3241 EPIST.
1095 3184 1253 3241 LXV.

737 3292 1040 3334 εῖωηειιυε
1069 3293 1348 3334 ιλιιιθλυιο.

309 3365 526 3421 Indicio
552 3367 745 3438 quietis
767 3368 986 3424 urbanae
1016 3379 1224 3438 tempus
1246 3367 1642 3438 quodammodo
1685 3383 1843 3426 usur-

177 3526 190 3544 η
249 3462 402 3530 pandi
438 3461 530 3517 otii
563 3450 860 3533 prorogasti
894 3480 908 3520 :
941 3463 1132 3522 abesse
1173 3463 1316 3519 enim
1345 3463 1586 3534 longum,
1619 3463 1843 3531 placidi-

249 3566 320 3612 tas
343 3558 560 3612 civium
587 3573 672 3612 me
696 3559 844 3626 sinit,
871 3557 976 3611 tuis
996 3565 1142 3625 parta
1166 3555 1426 3623 consiliis,
1445 3554 1638 3625 quibus
1660 3554 1842 3624 plebes

248 3654 466 3709 redacta
507 3663 590 3707 est
629 3653 687 3706 in
732 3650 1025 3721 paenitendi
1073 3649 1473 3705 verecundiam.
1527 3646 1678 3705 Nunc
1714 3661 1842 3719 ergo

247 3759 359 3816 post
386 3762 650 3802 curarum
680 3746 919 3801 omnium
967 3744 1146 3816 fugam
1177 3743 1474 3816 producere
1501 3743 1631 3800 mihi
1653 3740 1837 3813 ferias,

246 3846 301 3891 ut
327 3838 402 3892 ita
441 3837 635 3904 dicam,
667 3837 890 3908 pingues
911 3837 1113 3893 licebit.
1139 3837 1394 3905 Quamvis
1413 3837 1703 3908 prtecipere
1724 3836 1840 3891 ani-

245 3945 329 3985 mo
353 3933 570 3986 incerta
612 3945 720 3989 non
758 3929 1006 3996 debeam,
1035 3929 1126 4001 qui
1169 3931 1270 3985 sim
1305 3929 1438 3985 mihi
1485 3930 1732 3984 conscius
1761 3936 1841 3983 te-

245 4038 389 4079 nera:
431 4023 482 4078 in
517 4037 615 4078 vos
662 4021 977 4086 affectionis.
1021 4031 1076 4080 et
1123 4021 1263 4076 illius
1293 4019 1566 4083 desiderii,
1598 4034 1703 4090 quo
1731 4033 1839 4087 pra:

248 4116 455 4171 unctis
483 4116 612 4170 vita:
632 4114 988 4184 voluptatibus
1021 4113 1244 4183 patriam
1267 4127 1439 4168 meam
1467 4111 1651 4181 diligo.
1690 4109 1834 4169 Vale.

826 4242 1039 4299 EPIST.
1085 4241 1271 4298 LXVI.

732 4349 1038 4391 SYIIACHIH
1064 4349 1348 4395 ιιειιουυο.

318 4433 553 4501 Agerem
615 4429 708 4483 tibi
761 4413 982 4498 largiter
1027 4428 1247 4498 gratias,
1283 4425 1534 4495 quoniam
1574 4437 1661 4478 me
1692 4420 1836 4476 haud

251 4519 451 4575 dudum
480 4535 511 4574 a
542 4520 698 4573 vobis
724 4504 1019 4588 profectum
1046 4503 1271 4573 dicenda
1295 4517 1468 4572 salute
1488 4515 1835 4586 pr.rveneris,

253 4609 353 4662 nisi
398 4609 538 4684 hanc
586 4608 690 4663 sibi
731 4609 1142 4678 gratulationem
1189 4623 1362 4663 meam
1412 4622 1537 4674 spes
1580 4605 1836 4661 auctioris

253 4695 497 4753 beneficii
527 4700 855 4752 vendicaret.
887 4700 1005 4766 Ipse
1023 4699 1166 4754 enim
1189 4697 1383 4754 diceris
1412 4697 1722 4762 adfuturus;
1743 4713 1836 4751 eu-

247 4783 332 4850 ius
360 4785 443 4840 rei
469 4787 687 4842 nomine
716 4788 900 4858 vadari
929 4803 1013 4844 me
1035 4789 1132 4844 tibi
1173 4789 1228 4843 in
1257 4789 1476 4859 majoris
1504 4789 1689 4858 gratiae
1718 4804 1835 4844 mo-

252 4876 378 4930 dum
424 4877 614 4934 fateor.
646 4880 814 4935 Velim
857 4889 1032 4934 tamen
1064 4880 1276 4950 scriptis
1306 4882 1411 4934 tuis
1451 4889 1665 4949 sperato
1695 4878 1837 4933 bono

257 4969 416 5025 fidem
459 4974 648 5036 astrui,
704 4982 760 5026 ut
785 4973 874 5042 qui
923 4971 1015 5040 tali
1059 4973 1312 5045 opinione
1355 4971 1616 5034 delector,
1665 4973 1834 5025 multo

251 5066 481 5134 amplius
507 5068 766 5138 gaudeam
789 5067 1215 5123 confirmationis
1245 5068 1550 5124 securitate.
1586 5069 1732 5124 Vale.

816 5200 1032 5260 EPIST.
1073 5200 1279 5270 vau.

749 5306 1060 5356 srtluscuus
1096 5307 1346 5364 uvssuto.

298 5408 534 5464 Litteras
555 5422 704 5464 meas
723 5423 905 5464 amore
919 5409 1214 5474 desideras,
1232 5407 1326 5462 sed
1341 5407 1726 5477 infrequentem
1749 5421 1836 5463 me

244 5499 418 5555 videri
441 5501 738 5556 communis
759 5500 897 5556 filius
921 5500 1066 5566 facit,
1087 5501 1178 5572 qui
1207 5499 1462 5568 rescripta
1488 5513 1594 5553 non
1617 5499 1834 5568 repetit.

247 5589 360 5646 lloc
387 5599 571 5648 tamen
603 5591 832 5651 strictim
861 5591 1062 5651 dixisse
1104 5589 1354 5656 sufﬁciat,
1385 5603 1454 5647 ne
1498 5589 1644 5647 illius
1681 5605 1834 5648 vere-

1943 3113 2148 3192 tionum
2179 3129 2441 3198 mearum,
2473 3113 2615 3197 quod
2644 3107 2822 3193 mead
2859 3129 3014 3169 usum
3044 3115 3315 3172 scribendi
3357 3116 3530 3187 possit

1943 3202 2184 3280 allicere.
2224 3203 2375 3278 Vale.
2495 3207 2498 3212 ’

2525 3293 2744 3349 EI’IST.
2778 3293 2943 3350 LXX.

2438 3399 2750 3464 sruuacuns
2789 3402 3028 3466 IOHANO.

2012 3521 2166 3578 Nunc
2206 3521 2422 3580 demum
2469 3523 2633 3580 amne
2679 3525 2973 3594 voluptate,
3016 3524 3162 3595 quod
3192 3531 3245 3586 te
3277 3539 3527 3594 curarum

1942 3631 2169 3671 vacuum
2199 3615 2477 3672 nuntiasti.
2507 3615 2638 3672 Nam
2681 3630 2767 3672 me
2796 3615 3056 3674 hactenus
3085 3631 3264 3676 ratum
3315 3622 3525 3674 (uarum

1943 3705 2248 3773 amaritudo
2294 3707 2592 3763 mordebat.
2643 3707 2826 3776 Itaque
2869 3708 3056 3765 salutis
3097 3707 3355 3777 praesides
3397 3706 3527 3783 deos

1941 3813 2278 3867 comprecor,
2311 3813 2380 3853 ne
2409 3813 2640 3867 unquam
2674 3799 2892 3868 paginas
2919 3807 3037 3852 tuas
3066 3812 3216 3853 mens
3246 3797 3416 3852 tristis
3445 3797 3526 3852 in-

1943 3888 2136 3946 fuscet.
2167 3889 2375 3945 Interea
2406 3889 2600 3944 talibus
2631 3889 2822 3944 litteris
2869 3888 3097 3956 pretium
3123 3887 3526 3959 rependendum

1942 3991 2044 4036 est.
2076 3981 2254 4049 Quare
2293 3980 2528 4040 vicissim
2578 3995 2730 4035 sume
2759 3993 2867 4048 quo
2907 3979 2977 4034 de
3023 3993 3110 4034 me
3158 3977 3412 4048 gaudeas.
3468 3977 3527 4036 In

1943 4075 2083 4130 bono
2106 4083 2246 4128 statu
2283 4073 2600 4129 valetudinis
2627 4086 2830 4137 sumus,
2860 4081 2915 4128 et
2940 4072 3184 4140 relegere
3224 4071 3354 4130 Urbi
3397 4086 3525 4142 pro-

1943 4167 2140 4236 pinqua
2170 4166 2516 4222 meditamur.
2547 4166 2699 4233 Sinat
2728 4165 2956 4236 fortuna:
2979 4165 3277 4234 benignitas
3306 4163 3409 4217 hoc
3440 4163 3522 4217 in-

1943 4269 2024 4314 ter
2065 4273 2164 4314 nos
2195 4272 2415 4312 manere
2457 4257 2866 4327 commercium,
2899 4265 2957 4311 ut
2997 4255 3268 4328 prosperis
3311 4253 3525 4324 scriptis

1861 4350 1918 4416 D
1939 4362 2197 4420 responsa
2221 4347 2581 4415 consentiant.
2612 4346 2764 4418 Vale.

2503 4479 2721 4537 EPIST.
2755 4477 2944 4533 LXXI.

2397 4611 2466 4670 ᾼι)
2496 4611 2664 4660 ΡΙιᾼΞΤ.
2696 4609 2863 4649 κυιτ.
2889 4607 3056 4654 ικνιτ.

2011 4707 2235 4784 Prtefato
2262 4707 2559 4784 divinitatis
2587 4708 2790 4781 favore,
2819 4704 3041 4761 urbana:
3068 4711 3319 4774 prmturze
3347 4700 3522 4768 fasces

1940 4801 2080 4876 filius
2106 4815 2257 4876 meus
2283 4800 2638 4876 Symmachus
2669 4797 2917 4854 kalendis
2945 4796 3212 4852 Januariis
3240 4796 3513 4851 sortietur.

1938 4873 2228 4947 Praesentia
2260 4871 2344 4946 tua
2366 4871 2562 4946 iii-lim
2595 4891 2713 4958 ejus
2755 4888 2989 4944 officium
3019 4888 3331 4958 participata
3378 4885 3519 4958 peti-

1937 4985 2081 5038 tione
2108 4984 2470 5053 deposcimus.
2507 4981 2655 5055 Vale.

2512 5091 2731 5172 urtsr.
2762 5091 2974 5147 Lxxu.

2645 5221 2856 5286 sturnus.

2013 5321 2318 5378 Divinitatis
2348 5321 2555 5376 honore
2580 5321 2878 5390 praemisso,
2912 5319 3056 5377 fil‘us
3087 5335 3238 5377 meus
3259 5320 3510 5391 Symma-

1941 5414 2077 5471 chus
2107 5411 2348 5468 calendis
2395 5411 2664 5467 Ianuariis
2716 5421 2966 5481 prmium:
3018 5413 3236 5468 urbanae
3287 5410 3514 5477 accipiet

1941 5503 2332 5574 magistratum.
2361 5502 2574 5572 Quaeso,
2611 5512 2670 5562 ut
2700 5503 2984 5576 praesentia
3031 5512 3119 5558 tua
3151 5501 3284 5558 festa
3331 5513 3514 5560 nostra

1942 5593 2278 5650 cohonestet.
2314 5593 2462 5651 Vale.
