4074 6176
522 236 626 296 527

1083 345 1294 404 EPIST.
1324 341 1552 398 LXXIII.
1647 399 1658 408 ί

991 453 1294 497 ςῖοωλςιιυδ
1322 447 1608 490 ΜΛΗΟΙΛΝΟ.

612 536 893 594 Silentium
943 534 1073 587 mihi
1118 532 1238 584 duci
1274 528 1403 581 vitio
1435 541 1538 579 non
1588 530 1800 589 oportet
1836 536 1850 574 ι
1894 518 2118 573 familia-

542 631 679 686 rium
701 628 894 698 quippe
915 623 1211 678 ofliciorum
1241 632 1368 671 usus
1397 618 1538 670 inter
1560 613 1786 666 adversa
1810 610 2120 678 negligitur.

541 722 651 778 Sed
679 719 799 788 quia
824 732 947 785 spes
967 715 1119 768 datur
1141 708 1467 780 Symmacho
1494 721 1615 759 meo
1641 704 1968 771 iutegranda:
1993 715 2123 768 p.tu-

543 814 692 890 latim
724 812 878 866 bonae
917 805 1260 869 valetudinis,
1304 800 1443 854 redit
1493 798 1705 851 animus
1755 794 1821 846 ad
1871 792 2121 846 amicitiae

544 884 728 963 munia
763 922 776 958 :
805 914 860 958 ut
883 904 928 956 si
959 916 1114 971 quem
1149 898 1242 952 tibi
1269 893 1603 950 taciturnitas
1641 902 1758 943 mea
1800 896 2006 941 metum
2041 882 2122 938 fe-

539 1007 713 1060 cerat,
742 995 1007 1048 sermonis
1031 990 1291 1045 securitas
1321 987 1585 1039 absolvat.
1619 979 1765 1033 Vale.

1687 232 1755 300 Q.
1799 227 2140 308 sunmus
2189 190 2643 284 svttmcuus.‘

2148 349 2204 407 Α

3713 219 3813 278 328

2792 332 3008 389 EPIST.
3043 331 3282 388 LXXIV.

2731 417 3042 478 svuuacuus
3107 438 3242 477 mcu
3252 437 3322 476 to.

2303 512 2522 569 Certum
2555 513 2747 580 habeo,
2781 514 2913 567 nihil
2943 525 2996 568 te
3021 513 3212 567 litteris
3243 513 3376 566 meis
3404 512 3674 582 antiquius
3702 529 3806 568 :es-

2234 605 2442 658 timare.
2472 604 2602 658 Nam
2657 605 2784 656 tnilti
2831 619 3046 672 quoque
3089 604 3277 657 eadem
3316 602 3385 657 de
3429 603 3506 658 tui
3549 619 3812 658 sermonis

2225 696 2561 764 jucunditate
2613 694 2876 748 sententia
2929 697 3036 748 est.
3077 692 3264 746 Merito
3320 693 3569 746 amicitia:
3623 709 3811 748 munus

2232 788 2615 856 arripui.Quod
2641 787 2685 840 si
2718 787 2829 854 pari
2863 787 3014 840 lance
3037 786 3356 852 reddideris,
3378 789 3611 842 studium
3636 804 3811 845 meum

2229 881 2582 935 incitamento
2611 879 2886 949 religionis
2914 889 3158 935 acuetur.
3193 879 3344 935 Vale.

559 1081 3778 1133 ___________________————————-—————-———

1604 1127 2075 1302 LIBER
2149 1187 2748 1298 NONUS.

1030 1362 1363 1420 EPISTULA
1391 1358 1624 1414 PRIMA.

934 1473 1333 1516 ευηιλοιιυδ
1385 1466 1733 1509 ΡΑιιΑυιο.

613 1578 672 1634 Si
704 1573 949 1630 amicitia:
970 1571 1169 1626 veteris
1203 1565 1460 1623 memoria
1502 1569 1834 1634 perseverat,
1877 1573 1978 1613 nec
2021 1556 2124 1612 ulla

545 1667 817 1722 oblivione
840 1669 1052 1716 tenuata
1094 1667 1209 1721 est,
1240 1654 1400 1709 credo
1446 1652 1587 1722 quod
1635 1652 1840 1704 litteras
1889 1662 2036 1701 meas
2065 1645 2129 1698 Ii-

545 1759 739 1812 benter
785 1755 1033 1822 accipias,
1064 1764 1194 1820 quas
1225 1746 1414 1801 fiducia
1466 1742 1637 1796 mutui
1684 1739 1884 1794 amoris
1923 1737 2074 1791 emisi
2109 1750 2122 1787 :
2159 1760 2204 1820 Β

545 1849 767 1903 multum
803 1844 1072 1900 relaturus
1109 1840 1317 1910 gratiae,
1345 1839 1388 1891 si
1420 1835 1601 1890 officio
1647 1847 1768 1887 meo
1811 1828 2128 1884 vicissitudo

545 1937 894 2008 respondeat.
923 1934 1073 1988 Nune
1104 1941 1155 1987 te
1187 1946 1281 2000 pro
1310 1929 1486 1984 amico
1531 1941 1652 1981 meo
1681 1923 1970 1979 Benedicto
2010 1935 2132 1974 ora-

547 2039 658 2082 tum
685 2028 829 2093 volo,
864 2038 1024 2093 quem
1046 2021 1215 2092 gradu
1246 2030 1410 2089 atque
1441 2017 1645 2070 honore
1679 2012 1884 2068 militia:
1916 2010 2128 2064 fortuna

549 2118 721 2186 magis
741 2131 900 2185 quam
931 2115 1084 2182 culpa
1117 2110 1380 2179 privavit:
1413 2116 1471 2161 ut
1501 2105 1773 2160 innocenti
1822 2102 1996 2155 fautor
2044 2115 2129 2153 ar-

553 2210 748 2272 rideas,
780 2221 879 2262 nec
903 2219 1025 2259 eum
1057 2201 1281 2272 publica:
1312 2197 1603 2263 felicitatis,
1648 2208 1766 2263 quas
1815 2191 1881 2245 ad
1914 2189 2130 2243 univer-

546 2315 637 2355 sos
668 2297 778 2366 pari
807 2296 1012 2350 ratione
1056 2291 1313 2352 manavit,
1342 2288 1514 2342 solum
1547 2291 1816 2340 exsortem
1865 2295 1986 2335 csse
2037 2294 2132 2348 pa-

547 2391 718 2445 tiaris.
779 2387 1008 2441 Interest
1076 2385 1219 2438 enim
1293 2379 1760 2435 serenissimorum
1829 2384 2130 2442 temporum

547 2481 752 2552 glorias,
785 2486 842 2532 ut
869 2475 1022 2530 sicuti
1067 2472 1319 2527 omnibus
1349 2471 1403 2523 in
1455 2469 1557 2522 hac
1586 2465 1697 2519 vita
1741 2460 1929 2533 positis
1959 2475 2022 2514 ac
2050 2457 2132 2514 Io-

548 2547 706 2634 catis,
733 2547 1037 2622 communis
1058 2572 1141 2618 est
1177 2553 1301 2616 caeli
1346 2557 1582 2628 spiritus,
1617 2555 1705 2608 lux
1735 2550 1874 2616 diei;
1919 2549 1991 2604 ita
2020 2547 2130 2603 cle-

545 2659 797 2720 mentiam
838 2657 1051 2711 maximi
1094 2652 1353 2724 principis
1399 2649 1568 2704 nostri
1618 2647 1858 2702 sentiant
1900 2647 2027 2697 vota
2075 2645 2132 2695 et

547 2751 687 2807 facta
721 2755 1057 2804 cunctorum.
1087 2743 1240 2798 Vale.

1187 2829 1404 2888 EPIS'I'.
1434 2827 1499 2884 II.

1005 2938 1319 2982 SVIIIACHUS
1354 2933 1626 2976 JAMBLICO.

616 3022 895 3092 Plerisque
919 3033 1072 3074 amor
1093 3025 1175 3071 est
1217 3013 1452 3080 undique
1474 3008 1710 3082 gentium
1741 3003 1974 3076 pretiosa
2001 3015 2131 3055 con-

2227 1349 2478 1418 Ilepende
2523 1348 2686 1418 igitur
2733 1347 2864 1403 tnihi
2913 1349 3104 1420 pignus
3151 1359 3349 1406 mutua:
3397 1353 3706 1417 voluntatis,
3755 1365 3812 1409 et

2227 1443 2444 1510 suscipe
2472 1444 2524 1496 itt
2553 1440 2888 1510 disciplinam
2940 1443 3188 1498 medendi
3222 1459 3356 1512 quos
3387 1453 3442 1498 et
3482 1444 3604 1499 fidei
3633 1455 3734 1499 tua-
3755 1455 3814 1501 et

2230 1534 2499 1589 honestati
2536 1532 2730 1587 Euscio
2762 1532 3006 1587 tradente
3039 1533 3448 1588 committimus.
3486 1534 3632 1589 Vale.

2865 1620 3082 1676 EPIST.
3118 1621 3180 1677 V.

2707 1726 3016 1766 SVHIACBDS
3059 1728 3124 1766 Λυ
3134 1727 3348 1767 XENTIO.

2302 1802 2578 1857 Amicitias
2610 1802 2753 1858 inter
2782 1817 2901 1872 nos,
2933 1819 3053 1858 cum
3085 1803 3270 1859 Romae
3293 1818 3502 1872 ageres,
3536 1803 3817 1860 inchoatas

2235 1911 2459 1950 munere
2482 1894 2790 1963 scriptionis
2812 1896 3113 1960 accumula,
3145 1905 3202 1950 ut
3224 1895 3382 1950 fidem
3409 1897 3502 1952 tibi
3522 1896 3681 1950 animi
3707 1895 3814 1950 mei

2232 1987 2395 2043 faciat
2421 1986 2602 2042 collati
2643 1987 2696 2041 in
2727 1986 3002 2042 absentem
3026 1987 3227 2057 pignus
3253 1988 3434 2042 officii.
3471 1987 3638 2042 Tuam
3667 1989 3814 2042 circa

2231 2093 2330 2134 nos
2361 2078 2693 2146 diligentiam
2744 2077 2994 2146 privatim
3024 2077 3320 2133 litterarum
3350 2077 3662 2132 vicissitudo
3709 2092 3814 2148 pu-

2232 2169 2370 2226 blice
2398 2169 2630 2224 forensis
2657 2182 2753 2238 pro
2779 2167 2977 2223 Euscio
3005 2182 3131 2222 cura
3161 2168 3464 2226 testabitur.
3493 2168 3648 2224 Vale.

2859 2259 3078 2317 EPIST.
3112 2259 3193 2315 VI.

2724 2365 3296 2407 SVNHACIIUS...”

2303 2445 2528 2498 Actores
2558 2442 2888 2506 absentium,
2919 2441 3109 2510 quibus
3131 2454 3219 2495 res
3252 2440 3536 2510 longinqua
3566 2439 3814 2495 commit.

2232 2535 2384 2597 titur,
2411 2541 2662 2602 tanquam
2689 2531 2853 2586 soluti
2897 2531 3100 2602 legibus
3141 2530 3365 2585 vivunt:
3399 2531 3650 2600 quoniam
3688 2547 3816 2598 [tr-r-

2230 2627 2314 2678 cul
2344 2623 2533 2694 positis
2573 2623 2748 2677 nullus
2775 2623 3112 2677 dominorum
3167 2631 3341 2678 terror
3388 2621 3632 2678 incurrit.
3662 2621 3816 2692 Optas

2232 2725 2317 2771 est
2345 2715 2505 2785 igitur
2544 2713 2790 2784 judiciafi
2837 2714 3042 2784 vigore,
3073 2721 3133 2769 ut
3177 2713 3532 2769 locationibus
3580 2715 3815 2783 ascripta

2233 2807 2560 2877 persolvant.
2584 2807 2763 2874 Quare
2784 2821 2969 2878 quarso
2989 2815 3048 2860 ut
3073 2810 3444 2877 suggestiones
3469 2807 3660 2862 notarii
3682 2810 3814 2870 mei.

2231 2899 2319 2954 cui
2366 2899 2664 2954 exhibenda
2705 2899 2959 2953 nonnulla
2999 2896 3068 2952 ad
3116 2897 3423 2966 praetoriam
3461 2895 3811 2963 functionem,

2230 3001 2288 3048 et
2313 2993 2492 3049 debita
2530 2994 2600 3049 ab
2641 2981 2896 3048 obnoxiis
2932 2992 3105 3048 servis
3147 2991 3382 3048 eruenda
3427 2991 3699 3055 mandavi,
3727 2995 3814 3057 ju-

546 3114 784 3186 quirere.
806 3083 897 3167 ’Με
923 3111 1074 3180 juvat
1104 3107 1376 3162 studiosos
1421 3101 1700 3171 sapientia:
1737 3099 1884 3153 viros
1913 3095 1966 3150 in
1997 3092 2130 3148 ami-
2157 3112 2204 3176 ο
2234 3099 2364 3141 vare
2387 3083 2654 3156 digneris;
2685 3093 2742 3141 et
2762 3083 2932 3140 vicem
2966 3083 3342 3140 sollicitudinis
3371 3099 3505 3140 mea:
3534 3085 3586 3141 in
3626 3099 3814 3141 curam

552 3209 696 3264 eitiaa
722 3204 1122 3272 possessionem
1161 3211 1356 3252 vocare
1383 3236 1398 3262 ,
1429 3209 1656 3264 quorum
1709 3201 1763 3247 te
1808 3199 2130 3245 summatem

547 3313 670 3354 esse
693 3296 803 3366 jam
831 3295 923 3348 diu
961 3297 1282 3346 attestantur
1311 3286 1518 3356 etperti
1553 3302 1567 3338 :
1599 3285 1652 3339 in
1683 3281 1874 3353 primis
1902 3277 2128 3333 familia-

547 3389 625 3443 ris
655 3365 838 3440 noster
866 3381 1072 3438 cunctis
1104 3365 1359 3449 probatus
1389 3374 1688 3441 Eudoxius,
1709 3372 1940 3440 diligens
1961 3369 2128 3439 judex

548 3478 846 3541 bonorum;
886 3475 975 3544 qui
999 3469 1291 3540 degustatis
1317 3468 1534 3537 propius
1555 3465 1840 3519 virtutibus
1873 3462 1998 3530 tuis,
2023 3476 2130 3516 ca:-

548 3579 694 3623 teros
732 3557 890 3634 atque
933 3563 999 3618 ad
1050 3562 1272 3616 honesta
1324 3559 1605 3614 tendentes
1649 3554 1869 3612 laudare
1921 3553 2126 3620 didicit,

553 3655 658 3711 illis
705 3652 1031 3709 desiderium
1094 3649 1352 3704 doctrinae
1405 3647 1638 3716 vitaeque
1702 3644 1981 3710 tribuens,
2033 3643 2130 3697 tibi

549 3745 952 3818 perfectionem.
982 3741 1242 3796 Invitatus
1273 3740 1433 3808 igitur
1453 3750 1720 3792 consensu
1747 3735 1923 3802 famas,
1957 3745 2014 3790 et
2033 3749 2131 3804 op-

548 3837 801 3891 timorum
852 3832 1066 3887 testium
1122 3830 1246 3896 ﬁde,
1278 3828 1528 3884 amicitiae
1558 3835 1664 3881 tute
1691 3825 1967 3880 dexteram
2005 3840 2129 3894 por-

549 3929 694 3996 rigo;
723 3925 989 3994 simulque
1023 3931 1150 3992 opto
1196 3931 1253 3975 ut
1281 3920 1410 3975 mihi
1451 3919 1676 3988 epistola
1699 3932 1730 3970 a
1763 3926 1814 3970 te
1843 3916 2009 3970 relata
2039 3915 2134 3970 de-

548 4023 717 4071 claret
737 4014 1080 4070 concordiam
1113 4010 1408 4066 voluntatis
1439 4019 1566 4076 luat,
1599 4017 1656 4065 et
1679 4009 1880 4063 mutua:
1925 4005 1980 4060 in
2030 4020 2132 4061 nos

548 4107 838 4176 diligentia:
861 4102 1311 4169 impetrationem.
1335 4099 1484 4155 Vale.

1156 4211 1372 4268 EPIST.
1407 4211 1497 4265 III.

1014 4320 1323 4363 SYIIACIIUS
1356 4317 1647 4359 ZENODORO.

617 4403 927 4474 Repetenda
954 4401 1083 4456 mihi
1113 4399 1252 4468 apud
1278 4407 1350 4461 te,
1393 4412 1498 4450 non
1536 4393 1833 4449 inchoanda
1863 4400 1945 4448 est
1973 4392 2132 4448 Eusci

2237 3190 2383 3236 tuam
2414 3179 2658 3250 recipere
2681 3194 2792 3235 non
2825 3193 3062 3235 recuses.
3094 3177 3246 3234 Vale.

2839 3312 3056 3368 EPIST.
3093 3311 3207 3366 VII.

2697 3417 3010 3461 IYIIACIIUS
3049 3415 3335 3458 CABTEBIO.

2305 3495 2410 3552 Pro
2437 3494 2550 3551 filio
2579 3509 2702 3550 meo
2732 3493 3023 3560 Auxentio,
3053 3492 3294 3563 parentis
3315 3489 3648 3562 religionem,
3677 3489 3818 3561 peti-

2234 3588 2369 3644 toris
2398 3587 2680 3653 ambitum,
2714 3585 2874 3640 fidem
2925 3583 3079 3640 testis
3118 3582 3172 3637 in
3218 3597 3307 3638 me
3360 3581 3560 3650 recepi.
3601 3580 3658 3636 Si
3685 3581 3816 3649 quid

2234 3682 2400 3753 igitur
2439 3688 2709 3737 tantarum
2741 3693 2922 3735 rerum
2971 3676 3262 3732 auctoritas
3302 3675 3445 3748 apud
3478 3683 3532 3730 te
3559 3676 3818 3745 ponderis

2234 3771 2422 3839 habet,
2448 3772 2697 3839 admitte,
2723 3785 2928 3842 quasso,
2956 3769 3012 3826 in
3064 3768 3322 3824 familiam
3377 3778 3523 3823 tuam
3560 3769 3817 3838 juvenem

2233 3863 2440 3918 cunctis
2469 3863 2591 3919 vitae
2621 3863 2776 3918 bonis
2822 3870 2880 3918 et
2917 3861 3143 3917 fortuna:
3169 3860 3481 3916 muneribus
3519 3861 3815 3920 excultum.

2232 3953 2437 4010 Vadem
2467 3969 2554 4009 me
2579 3954 2673 4010 tibi
2700 3955 2754 4009 in
2780 3953 2961 4008 omnia
3013 3951 3254 4022 spondeo
3302 3966 3422 4022 qua:
3453 3951 3593 4006 solet
3623 3965 3817 4020 paren-

2233 4059 2347 4106 tum
2378 4049 2688 4106 sollicitudo
2726 4047 3011 4116 trutinare,
3046 4047 3174 4102 licet
3218 4045 3460 4100 noverim
3492 4044 3699 4099 futuros
3721 4058 3817 4113 ge-

2237 4157 2401 4199 neros
2446 4142 2686 4198 moribus
2726 4141 3001 4196 aestimari.
3034 4137 3101 4193 Et
3127 4145 3307 4192 tamen
3337 4135 3460 4190 huic
3499 4144 3620 4204 post
3650 4149 3817 4189 oma-

2233 4248 2415 4296 menta
2441 4237 2844 4305 naturai,etiam
2865 4249 3059 4292 census
3085 4232 3152 4290 ad
3175 4233 3506 4288 honestatem
3532 4227 3818 4284 redundat.

2234 4335 2452 4391 Possem
2483 4332 2752 4403 copiosius
2775 4317 2956 4401 loqui;
2981 4329 3074 4385 sed
3108 4343 3216 4382 non
3248 4327 3359 4382 vult
3387 4325 3589 4379 veritas
3631 4322 3817 4376 verbis

2232 4425 2430 4495 juvari.
2459 4424 2635 4492 Quare
2661 4421 2707 4478 si
2737 4421 2832 4476 tibi
2854 4422 3039 4475 videor
3069 4434 3173 4473 non
3205 4416 3378 4471 inanis
3404 4425 3666 4478 assertor,
3691 4428 3817 4482 per-

548 4496 966 4588 commendatio.
986 4493 1128 4588 lVam
1156 4505 1276 4544 cum
1304 4487 1728 4588 [toturn-ageres,
1761 4499 1882 4538 meo
1913 4491 2128 4588 precatu
2156 4475 2209 4536 D
2232 4475 2711 4588 n'egh
2745 4475 2822 4567 δὲ
2857 4509 3161 4566 mmmonio
3203 4523 3345 4575 meo,
3370 4513 3424 4560 et
3455 4505 3527 4570 ei,
3550 4475 3708 4571 ηυέῶ
3739 4501 3819 4571 pi.

550 4591 602 4643 itt
634 4589 752 4656 ejus
782 4584 1092 4656 suffragium
1117 4593 1458 4651 provocatus,
1487 4579 1715 4632 libenter
1738 4587 1923 4646 partes
1953 4576 2122 4631 bene-

548 4679 801 4731 volentia:
833 4675 1103 4743 recepisti.
1131 4673 1368 4740 Tempus
1395 4678 1478 4724 est
1523 4667 1681 4738 igitur
1728 4677 1785 4721 ut
1813 4681 1962 4721 meas
1983 4665 2130 4720 utili-

554 4781 690 4826 tates
739 4771 792 4824 in
832 4769 1027 4824 Ettscio
1053 4769 1250 4837 juves:
1284 4767 1434 4835 cujus
1478 4767 1740 4820 modestia
1781 4763 1853 4817 ita
1901 4761 2132 4832 negotiis

552 4864 750 4920 nostris
774 4863 966 4928 aderit,
1000 4871 1056 4915 ut
1077 4860 1231 4914 fama:
1256 4858 1453 4928 judicis
1480 4857 1610 4910 nihil
1633 4857 1874 4925 deroget.
1907 4854 2059 4909 Vale.

1185 4967 1409 5024 EPIST.
1437 4965 1524 5022 IV.

1039 5073 1348 5118 ιηιιλειιυε
1390 5070 1651 5113 υιοκγειο.

623 5179 940 5237 Jamdudum
969 5187 1022 5233 te
1059 5175 1212 5240 mibi,
1243 5182 1300 5229 et
1324 5187 1556 5236 morum,
1586 5179 1642 5226 et
1683 5167 1966 5225 medicinre
1991 5165 2130 5221 fama

550 5273 915 5332 commendat.
952 5269 1177 5325 IIortatu
1220 5266 1384 5338 igitur
1412 5259 1586 5318 laudis
1613 5261 1914 5331 utriusque,
1945 5260 2134 5314 amici-

553 5369 639 5422 tiae
669 5378 773 5420 tuae
806 5377 1019 5419 umnam
1069 5359 1306 5430 porrigo,
1329 5365 1401 5411 .et
1435 5365 1486 5410 te
1514 5363 1708 5424 sponte
1745 5351 1812 5406 ad
1844 5351 2003 5406 fidem
2034 5365 2135 5406 no-

549 5472 677 5512 stra:
698 5453 1075 5510 familiaritatis
1101 5451 1286 5504 invito.
1306 5448 1464 5504 Dabit
1485 5454 1664 5500 autem
1693 5442 1786 5497 tibi
1807 5441 1998 5510 judicii
2027 5436 2132 5495 mei

549 5566 654 5605 non
689 5551 960 5603 mediocre
985 5546 1390 5604 documentum,
1433 5537 1575 5608 quod
1619 5536 1704 5590 Itis
1733 5549 1868 5604 quos
1888 5531 2134 5590 erudien-

548 5642 648 5696 dos
696 5642 938 5697 misimus
988 5637 1090 5694 arti
1141 5633 1425 5692 medicina:
1485 5637 1787 5699 prmeeptor
1831 5624 2129 5682 adhiberis.

2234 4610 2490 4682 gnuribus
2521 4609 2656 4663 meis
2686 4606 2913 4660 libenter
2940 4614 3256 4665 annumero,
3284 4597 3522 4668 dignare,
3544 4591 3665 4648 filia:
3711 4603 3820 4647 tum

2235 4701 2500 4773 spondere
2551 4697 2876 4766 conjugium.
2905 4692 3108 4748 Credas
3144 4689 3327 4753 velim,
3371 4701 3493 4741 cum
3529 4693 3649 4738 vota
3693 4697 3820 4750 pro-

2237 4795 2500 4852 cesserint
2541 4793 2846 4845 interventu
2887 4799 3029 4846 meo,
3059 4796 3165 4838 non
3198 4781 3458 4834 minorem
3487 4784 3538 4831 te
3565 4771 3818 4844 gratiam,

2237 4892 2327 4962 qui
2351 4888 2575 4959 rogaris,
2606 4884 2933 4947 habiturum,
2958 4893 3118 4950 quam
3159 4875 3305 4931 illum
3329 4887 3488 4944 quem
3515 4867 3821 4928 committo.

2240 4979 2388 5035 Vale.

2834 5061 3051 5117 EPIST.
3080 5058 3194 5114 VIII

2673 5167 2979 5210 SYIHIACIIUS
3003 5160 3321 5205 POMPEIANOo

2309 5257 2546 5325 Arguere
2592 5250 2902 5306 diuturnum
2949 5246 3222 5302 silentium
3271 5254 3448 5296 meum
3478 5251 3583 5291 non
3638 5240 3816 5303 potes,

2237 5348 2325 5419 qui
2353 5324 2438 5401 me
2466 5347 2516 5400 in
2555 5354 2712 5398 sacro
2741 5339 2998 5395 comitatu
3053 5337 3312 5390 hactenus
3361 5329 3525 5385 fuisse
3551 5324 3818 5390 didicisti;

2236 5415 2377 5493 unde
2407 5449 2576 5504 nuper
2595 5445 2873 5503 regressus
2907 5426 3365 5484 honorificentiam
3399 5418 3639 5475 dicenda:
3666 5415 3819 5469 saluo

2238 5527 2454 5583 tationis
2502 5538 2750 5578 exerceo.
2804 5519 3126 5577 Vicissitudo
3168 5515 3451 5573 testabitur
3498 5508 3640 5581 quod
3673 5508 3821 5576 pagi-

2236 5633 2360 5678 nam
2392 5631 2566 5674 uteam
2615 5615 2845 5673 libenter
2891 5611 3184 5683 acceperis.
3236 5609 3444 5665 Interea
3496 5596 3820 5659 commendo
