4046 6170
207 314 300 372 529

1414 321 1894 381 EPISTOLARUM
1934 325 2139 382 LIBER
2177 327 2266 382 IX.

3366 341 3470 396 350

207 430 394 499 scripta
424 429 760 488 reddentem.
787 432 917 488 Mihi
947 434 1093 491 enim
1124 435 1395 504 proficiet,
1429 437 1474 492 si
1501 437 1628 508 quid
1659 454 1787 510 sug-
1810 443 1860 501 Α
1890 455 2151 511 equorum
2198 445 2464 502 curulium
2519 448 2754 517 paranda
2803 450 3056 507 nobilitas
3084 461 3188 509 est.
3239 454 3298 512 Si
3341 459 3470 527 quid

203 525 424 596 gestioni
443 525 568 596 ejus
605 524 806 582 favoris
836 526 1190 598 impenderis.
1223 527 1378 584 Vale.

800 665 1020 722 EPIST.
1052 667 1141 721 IX.

646 769 960 812 SYIIACBUS
1005 773 1314 814 VINCENTIO.

266 845 445 902 Probo
471 845 742 914 homines,
772 848 839 903 ad
869 849 1170 905 clientelam
1214 861 1356 907 tuam
1389 853 1660 921 pertinere
1686 866 1780 908 cu-

203 937 423 1008 pientes.
455 937 588 993 Nam
617 939 866 1009 quaedam
913 941 1146 997 scintilla
1195 945 1472 1013 sapientiae
1500 955 1584 999 est
1611 945 1779 1000 virtu-

206 1039 302 1083 tum
335 1029 633 1084 luminibus
679 1031 962 1101 applicari.
995 1033 1062 1088 Et
1097 1035 1218 1090 Ideo
1261 1036 1418 1090 amici
1450 1037 1555 1091 mei
1598 1037 1778 1093 Zeno-

195 1119 305 1172 dori
370 1119 690 1175 laudabilem
753 1122 1083 1179 voluntatem
1140 1127 1609 1182 commendatione
1671 1144 1777 1183 non

198 1211 404 1278 differo,
434 1213 795 1284 eamdemque
825 1215 878 1269 in
915 1216 1110 1272 domus
1161 1226 1268 1273 tute
1319 1219 1614 1274 sacrarium
1664 1231 1778 1274 tan-

195 1319 346 1372 quam
375 1313 720 1374 mystagogus
743 1305 959 1362 induco.
987 1308 1114 1375 Fac,
1145 1325 1346 1379 qumso,
1370 1323 1426 1364 ut
1446 1322 1501 1367 et
1523 1327 1641 1366 meo
1665 1321 1780 1367 stu-

194 1396 290 1459 dio,
331 1403 386 1449 et
417 1396 585 1466 ipsius
627 1407 754 1452 voto
797 1397 1103 1468 impetratio
1135 1412 1380 1471 prompta
1425 1403 1772 1472 respondeat.

198 1485 341 1541 Vale-

817 1557 1034 1615 EPIST.
1068 1560 1135 1614 X.

670 1662 980 1705 SYLIIIACIIUS
1013 1666 1254 1706 LEPORIO.

254 1737 514 1793 Fortuna:
561 1739 673 1795 telo
717 1743 956 1811 graviter
998 1744 1289 1811 sauciatus,
1348 1762 1490 1802 nunc
1538 1749 1772 1817 primum

1886 531 2048 601 igitur
2075 535 2215 604 apud
2245 545 2296 592 te
2328 538 2467 594 valet
2496 540 2790 595 amicorum
2822 543 3126 599 absentium
3151 560 3301 613 cura,
3325 563 3471 618 quat-

1883 638 1946 678 so
1987 634 2044 680 ut
2071 641 2136 681 ex
2164 629 2413 684 omnibus
2453 632 2724 701 gregibus,
2772 635 2969 704 quibus
3000 638 3164 707 pollet
3194 639 3469 709 llispania,

1885 716 2211 774 lectissimos
2231 736 2428 791 genere
2453 732 2509 778 et
2529 725 2815 782 velocitate
2844 739 3164 797 praestantes
3189 731 3474 803 diligenter

1885 810 2176 880 cdecimes,
2227 829 2360 883 quos
2399 816 2557 872 amici
2601 818 2706 873 mei
2736 820 2789 873 in
2820 835 2931 874 rem
2965 822 3114 878 missi
3138 823 3282 893 justa
3314 826 3472 894 pretil

1883 900 2198 960 definitione
2227 916 2562 962 mercentur.
2606 908 2780 965 Stabit
2809 913 2947 980 apud
2973 927 3061 968 me
3086 914 3283 986 iugiter
3307 916 3472 972 bene-

1883 995 1990 1049 ficii
2027 996 2101 1050 tui
2129 999 2321 1067 gratia,
2353 1000 2401 1054 si
2433 1001 2558 1055 huic
2585 1005 2800 1072 negotio
2828 1004 3088 1074 Studium,
3113 1007 3252 1079 quod
3283 1008 3471 1079 religio

1883 1099 2066 1145 mutua
2098 1091 2387 1163 promittit,
2418 1094 2768 1163 impenderis.
2800 1097 2952 1154 Vale.

2476 1184 2694 1240 EPIST.
2737 1185 2875 1242 XIII.

2364 1293 2671 1336 SYMIIACHUS
2704 1297 2987 1338 VALERINO.

1953 1363 2292 1435 Ingeniorum
2324 1370 2483 1424 video
2512 1372 2650 1427 inter
2697 1389 2797 1429 nos
2837 1391 2961 1431 esse
2997 1388 3272 1435 certamen
3317 1381 3368 1436 in
3405 1395 3472 1438 eo

1880 1457 2116 1526 negotio,
2151 1474 2258 1528 quo
2287 1462 2444 1528 ratio,
2487 1465 2747 1532 amicitia,
2792 1477 3005 1540 tempus
3031 1471 3250 1528 abolere
3275 1475 3475 1530 debue-

1880 1555 1983 1600 rat.
2014 1547 2226 1603 Modum
2257 1551 2418 1620 igitur
2441 1557 2963 1624 expostulationibus
2988 1566 3190 1620 mutuis
3220 1566 3377 1632 facio,
3403 1585 3473 1624 ne

1879 1641 2229 1698 amarissimae
2273 1646 2625 1715 scriptionum
2672 1651 2818 1706 vices
2847 1654 2964 1708 sine
3006 1655 3111 1711 fine
3151 1660 3471 1726 procedant.

1879 1731 2073 1788 Munus
2116 1736 2280 1791 totius
2309 1738 2516 1794 Liviani
2561 1745 2760 1810 operis,
2813 1748 2954 1813 quod
2987 1750 3274 1816 spopondi,
3308 1753 3471 1809 etiam

191 1830 428 1897 epistola,
454 1839 660 1885 mmslm
691 1832 852 1887 verba
881 1835 1181 1890 comam”.
1212 1835 1396 1906 Neque
1420 1814 1564 1893 enin—1
1593 1838 1686 1894 diu
1709 1839 1776 1894 ab
1809 1814 1855 1873 Β
1882 1839 2025 1880 nunc
2052 1819 2333 1898 diligentia
2361 1832 2756 1888 emendationis
2779 1846 3037 1891 moratur.
3065 1837 3170 1894 Sed
3201 1856 3231 1896 a
3261 1849 3311 1896 te
3333 1858 3472 1911 pra:-

192 1921 363 1974 officio
393 1921 559 1977 debui
617 1933 942 1992 temperare,
989 1940 1111 1980 cum
1163 1927 1299 1982 tanti
1355 1929 1593 1986 vulneris
1621 1931 1776 1987 dolor

194 2015 320 2067 nulla
365 2016 635 2084 temporis
678 2014 1027 2073 diuturnitate
1087 2021 1256 2089 possit
1308 2021 1532 2076 aboleri.
1589 2023 1776 2080 Salqu

194 2103 337 2173 igitur
369 2113 450 2171 te,
482 2104 641 2158 simul
668 2105 1054 2161 amicissimum
1100 2124 1276 2164 meum
1305 2108 1603 2182 Sylvanum
1647 2113 1774 2168 dili-

199 2195 381 2264 gentias
445 2208 551 2250 tua:
599 2207 877 2266 promptus
924 2199 1333 2256 commendator
1391 2200 1653 2258 insinuo:
1685 2206 1775 2273 qui

192 2284 461 2339 refovendi
510 2285 826 2357 patrimonii
867 2287 974 2344 mei
1022 2291 1194 2360 gratia
1243 2291 1572 2348 laboriosam
1623 2310 1776 2365 pere-

187 2376 434 2446 grinandi
486 2381 860 2434 necessitatem
920 2381 1160 2450 recepit:
1211 2397 1384 2454 eoque
1431 2384 1646 2455 dignio‘r
1694 2396 1779 2442 est

188 2467 299 2520 boni
319 2466 596 2537 cujusque
643 2468 917 2538 suffragio,
941 2471 1083 2538 quod
1118 2471 1277 2527 nullis
1302 2474 1494 2530 edictis
1521 2476 1774 2547 designa-

188 2557 376 2613 tionem
413 2572 768 2626 personarum
798 2560 1045 2615 videmus
1067 2577 1398 2633 expressam.
1429 2564 1536 2622 Sed
1575 2570 1776 2638 princi-

189 2644 392 2714 palibus
422 2655 479 2700 et
523 2647 801 2703 tabulariis
852 2650 1078 2706 liberum
1125 2662 1230 2720 est,
1281 2655 1776 2728 aliosadispendio

188 2736 486 2806 vindicare,
517 2737 637 2793 aliis
683 2739 980 2798 iudebitum
1028 2759 1224 2800 munus
1278 2747 1581 2816 imponere.
1609 2751 1765 2820 Vide,

182 2841 381 2896 qua:so,
419 2838 479 2883 ut
524 2829 662 2884 hanc
716 2840 925 2901 partem
956 2843 1012 2889 et
1057 2844 1255 2891 nostrae
1294 2838 1539 2895 utilitatis
1584 2848 1640 2897 et
1669 2849 1777 2899 ture

184 2918 344 2975 laudis
387 2920 830 2979 consideratione
877 2923 1155 2982 discutias.
1185 2928 1468 2986 Postulant
1494 2934 1638 2989 enim
1686 2951 1776 2991 ca-

181 3011 414 3078 pitularii
439 3017 764 3070 taxationem
796 3014 986 3072 tironis
1009 3019 1077 3074 ab
1101 3019 1407 3078 hominibus
1430 3025 1583 3094 meis,
1612 3027 1760 3083 nulla

179 3119 325 3173 super
339 3105 457 3162 hoc
480 3107 704 3177 publica:
724 3111 1058 3167 auctoritatis
1076 3127 1425 3171 monumenta
1442 3129 1771 3187 promentes.

181 3193 320 3250 L'nde
347 3196 494 3251 mihi
521 3213 626 3253 non
655 3199 852 3268 injusta
881 3203 1118 3272 suspicio
1155 3215 1257 3274 est,
1293 3209 1434 3278 quod
1460 3211 1510 3264 in
1542 3226 1774 3267 excusa-

179 3288 370 3343 tionem
421 3290 508 3342 sui
552 3299 646 3345 aut
689 3306 945 3359 suorum,
999 3306 1211 3351 nostros
1269 3315 1482 3369 quoque
1530 3302 1774 3361 homines

180 3378 297 3433 falsa
323 3382 671 3449 inscriptione
697 3383 1056 3440 subdiderint.
1089 3387 1153 3440 Et
1184 3388 1306 3442 ideo
1336 3390 1553 3460 dignum
1579 3405 1683 3462 est,
1712 3407 1772 3451 ut

178 3472 600 3537 provincialibus
625 3475 707 3528 vel
730 3473 928 3539 edicto,
958 3478 1038 3532 vel
1068 3481 1428 3548 suscriptione
1457 3491 1544 3536 tua
1573 3485 1774 3540 instru-

177 3562 269 3613 ctio
295 3563 466 3630 plena
500 3564 786 3631 pandatur,
841 3581 910 3620 ne
959 3568 1346 3624 tabulariorum
1394 3580 1449 3626 et
1491 3576 1771 3631 curialium

175 3649 404 3707 licentia:
440 3668 576 3724 vaga
635 3663 690 3710 et
748 3656 918 3712 libera
957 3661 1174 3716 exactio
1213 3673 1477 3732 qumstum
1527 3677 1766 3736 praestet.

176 3741 316 3799 Vale.

799 3817 1020 3876 EPIST.
1052 3821 1142 3876 XI.

661 3923 975 3966 εγηιιλειιυς
1002 3929 1305 3971 MARCELLO.

233 3996 370 4052 Cum
421 3998 602 4053 vicem
652 4003 951 4068 pnnsentite
996 4020 1128 4060 meae
1170 4006 1222 4061 et
1264 4008 1431 4078 possit
1466 4020 1523 4064 et
1571 4010 1768 4067 debeat

171 4095 286 4141 tuus
314 4089 663 4144 interventus
691 4092 937 4160 implere,
963 4098 1130 4151 miror
1148 4101 1579 4170 suggestionibus
1603 4104 1766 4159 Ama-

171 4181 304 4233 tonii
332 4182 722 4249 occupationes
752 4194 960 4240 nostras
987 4185 1296 4258 frt-quenter
1325 4193 1560 4248 onerari.
1599 4194 1766 4249 Exse-

168 4289 330 4340 quere
359 4274 550 4343 igitur,
575 4290 672 4330 oro
704 4289 778 4343 te,
827 4291 1004 4347 partes
1031 4281 1281 4338 audcitize
1302 4296 1680 4356 congruentes,
1705 4297 1766 4344 ut

168 4365 362 4418 auxilio
394 4375 488 4418 tuo
518 4373 683 4420 tutata
719 4371 1016 4437 possessio,
1061 4382 1115 4426 et
1152 4373 1264 4442 ipsa
1293 4390 1323 4430 a
1355 4377 1615 4433 molestis
1642 4379 1762 4434 vin-

166 4455 396 4522 d.cetur,
430 4465 488 4512 et
503 4458 662 4512 nobis
683 4461 882 4530 aliquid
904 4465 1306 4522 commoditatis
1326 4469 1596 4526 exh.beat.
1616 4471 1760 4528 Inter

167 4547 372 4616 reliqua
406 4556 619 4613 autem,
643 4566 762 4618 qua:
805 4552 948 4608 idem
981 4554 1246 4612 intintavit
1267 4602 1281 4626 ,
1311 4575 1634 4632 magnopere
1663 4564 1758 4620 de-

168 4653 419 4703 precatus
447 4649 532 4695 est
559 4652 620 4695 ut
648 4641 868 4707 Ursum,
901 4662 1057 4714 quem
1095 4649 1295 4705 dudum
1330 4653 1513 4708 domui
1549 4665 1747 4712 nostrae

166 4742 283 4782 cum
329 4729 537 4784 familia
570 4747 664 4785 sua
701 4732 848 4789 dicet
887 4737 1208 4803 obnoxium,
1255 4742 1324 4796 ab
1371 4746 1516 4799 omni
1547 4746 1755 4814 publica

163 4825 532 4877 conventione
562 4839 840 4893 secernas,
885 4844 990 4898 qtto
1033 4831 1241 4886 facilius
1280 4833 1458 4889 delata
1505 4839 1750 4894 munivit.

161 4909 264 4963 Sed
288 4911 466 4979 major
491 4914 779 4982 opitulatio
808 4931 874 4972 ex
905 4921 976 4973 tui
1008 4922 1217 4976 arbitrii
1247 4922 1433 4980 favore
1451 4931 1750 4998 proveniet,

162 5015 284 5055 eum
328 5017 514 5058 causa
563 5007 683 5074 ejus
730 5009 892 5063 etiam
940 5011 1150 5081 justitia
1178 5029 1283 5070 non
1307 5015 1466 5072 desit.
1511 5020 1755 5077 Circum-

158 5096 401 5162 scriptus
435 5098 576 5151 enim
622 5111 878 5168 quantum
915 5119 1003 5159 res
1038 5105 1244 5175 docnit,
1292 5108 1587 5180 improvida
1628 5129 1755 5170 cau—

158 5184 328 5249 tione,
363 5200 472 5247 non
499 5188 666 5243 debet
693 5204 888 5246 noxam
921 5196 1136 5251 rusticae
1170 5197 1443 5255 facilitatis
1490 5203 1747 5261 incidere.

159 5275 309 5330 Vale.

772 5373 984 5436 EPIST.
1029 5377 1140 5434 XII.

639 5479 950 5523 BYHIACIIUS
991 5487 1287 5528 PERPETUO.

219 5550 430 5607 Vottva
452 5551 639 5609 domus
660 5571 794 5611 meae
815 5557 1018 5616 functio
1042 5573 1128 5618 tua
1151 5565 1457 5635 adiumenta
1479 5569 1744 5640 deposcit.

155 5641 418 5697 Proxime
449 5644 609 5710 enim,
639 5647 684 5700 si
716 5658 896 5717 optata
926 5663 1107 5708 nostra
1140 5655 1290 5713 favor
1322 5659 1621 5719 divinitatis
1646 5665 1745 5721 ad-

154 5736 375 5802 iuverit.
429 5733 566 5789 filius
603 5755 754 5796 meus
799 5755 1046 5810 pravtura:
1073 5751 1308 5813 editione
1340 5753 1610 5830 fungetur,
1656 5762 1741 5817 cui

453 5827 714 5893 Ριτιιοι..
765 5835 876 5899 ΧΥ
891 5837 999 5898 III.

1878 1919 2005 1974 dicti
2034 1924 2272 1978 muneris
2305 1939 2466 1991 posco
2499 1938 2800 1995 vectorem,
2847 1931 2972 2000 quia
3003 1947 3151 1988 meos
3187 1939 3470 2004 praetorius

1877 2021 2166 2082 apparatus
2193 2015 2423 2084 sparsim
2454 2016 2508 2071 in
2541 2018 2826 2090 longinqua
2849 2023 2976 2092 egit.
3014 2023 3165 2079 Vale.

2476 2106 2690 2163 EPIST.
2733 2110 2873 2165 XIV.

2295 2210 2608 2255 SYMIACBUS
2646 2217 3033 2259 APOLLODORIO.

1948 2283 2210 2340 Curarum
2237 2293 2445 2342 tuarum
2478 2304 2564 2344 me
2593 2304 2718 2346 esse
2758 2294 3072 2365 participem
3107 2295 3232 2367 jure
3262 2313 3471 2369 praesu-

1879 2373 2004 2440 mis,
2031 2388 2164 2444 quas
2191 2391 2293 2447 ego
2319 2379 2500 2435 animo
2525 2396 2648 2438 meo
2668 2383 2830 2440 etiam
2858 2402 2964 2442 non
2987 2392 3350 2448 commonitus
3371 2408 3470 2463 pro

1877 2466 2108 2524 amicitia
2172 2471 2524 2529 vindicarem.
2561 2474 2693 2532 Pars
2734 2477 2897 2548 igitur
2942 2481 3322 2540 sollicitudinis
3365 2497 3472 2542 tutu

1879 2559 1988 2614 filia
2020 2575 2139 2616 mea
2182 2562 2507 2620 adventante
2551 2566 2838 2624 minuenda
2874 2581 2976 2636 est,
3023 2588 3181 2643 quam
3228 2577 3472 2644 proxime

1879 2651 2048 2706 Roma
2076 2654 2336 2722 suscepit,
2367 2655 2652 2712 dimissura
2681 2660 2735 2714 in
2765 2675 3112 2732 conspectum
3141 2674 3314 2737 tuum,
3345 2685 3469 2725 cum

1877 2757 1939 2798 se
1962 2745 2277 2814 interposita
2305 2746 2598 2803 refectione
2618 2755 2964 2810 recreaverit.
3000 2756 3209 2812 Interea
3231 2759 3298 2814 de
3319 2775 3469 2816 com-

1877 2837 2056 2891 munis
2101 2838 2286 2906 patrize
2318 2840 2461 2894 victu
2509 2842 2762 2898 celeriter
2808 2845 3134 2914 invehendo,
3180 2850 3342 2907 silere
3379 2869 3468 2911 me

1879 2929 2020 2998 apud
2056 2937 2107 2984 te
2127 2945 2232 2983 non
2258 2931 2442 2985 sinunt
2463 2935 2724 3002 angustia
2744 2938 3103 2995 conditorum.
3138 2941 3333 3008 Quaeso
3363 2945 3467 3000 ita-

1876 3035 1983 3089 que
2025 3030 2084 3075 ut
2133 3021 2317 3090 vigore
2345 3038 2452 3092 quo
2499 3025 2756 3094 praeditus
2797 3043 2878 3094 es,
2931 3035 3258 3088 annunarios
3281 3049 3466 3105 urgeri

1871 3112 2061 3180 jubeas
2091 3121 2329 3182 paratus.
2361 3116 2594 3185 Adjiciet
2622 3119 2766 3174 enim
2811 3122 3103 3190 plurimum
3143 3126 3332 3197 gloria:
3362 3136 3466 3184 tum

1877 3203 2117 3260 Romana
2143 3205 2430 3262 securitas.
2464 3208 2612 3262 Vale.

2485 3300 2696 3356 EPIST.
2739 3302 2781 3357 X
2793 3303 2832 3358 V

2344 3409 2658 3452 SVIIACIIUS
2693 3414 3002 3456 GFIINIANO.

1945 3482 2401 3540 Consuetudinem
2426 3501 2601 3541 meam
2635 3503 2817 3555 servo,
2837 3499 2892 3546 et
2918 3493 3166 3563 religiosa
3185 3493 3242 3550 in
3262 3497 3466 3554 amicos

1877 3571 2120 3628 instituta
2147 3578 2414 3631 custodio.
2439 3579 2614 3645 Quare
2639 3582 2975 3638 salutationis
2992 3584 3197 3642 honore
3219 3588 3466 3657 praefato,

1874 3673 2116 3718 mutuum
2144 3665 2210 3721 de
2237 3678 2290 3721 te
2319 3683 2484 3734 posco
2521 3683 2839 3740 responsum
2863 3690 2876 3726 :
2908 3683 2984 3739 et,
3021 3676 3066 3730 si
3094 3679 3356 3733 memoria
3383 3680 3464 3735 vi-

1871 3763 1962 3824 get
1982 3756 2354 3812 mandatorum
2387 3775 2654 3827 meorum,
2704 3774 2764 3816 ut
2792 3779 3041 3820 securum
3079 3781 3166 3823 me
3191 3767 3260 3824 de
3293 3782 3464 3838 appa-

1871 3856 1991 3898 ratu
2024 3849 2289 3915 praetoriae
2325 3847 2618 3906 functionis
2655 3853 2836 3910 facere
2879 3856 3138 3926 digneris,
3181 3858 3462 3915 exhortor.

1869 3932 2076 3992 Crescit
2104 3940 2246 3994 enim
2277 3955 2372 4010 per
2400 3943 2518 3999 dies
2555 3944 2796 4014 singulos
2830 3961 2961 4002 cura
2990 3949 3131 4018 apud
3172 3965 3282 4019 me,
3327 3967 3462 4022 quo-

1871 4027 2013 4081 niam
2057 4029 2379 4101 propinquat
2414 4032 2604 4099 editio,
2642 4048 2697 4091 et
2733 4037 2866 4092 nihil
2907 4038 2975 4093 de
3013 4040 3255 4098 vestibus
3298 4052 3462 4114 atque

1869 4121 2218 4190 animalibus,
2247 4139 2371 4194 quae
2385 4127 2516 4182 olim
2543 4129 2646 4184 sub
2667 4131 3028 4188 aestimatione
3056 4138 3120 4188 ac
3146 4133 3460 4193 definitione

1872 4219 1959 4265 tua
1991 4226 2088 4280 per
2114 4228 2266 4270 meos
2288 4218 2460 4270 coemi
2482 4215 2808 4288 debuerunt,
2844 4221 3011 4276 miror
3040 4223 3358 4280 exhibitum.
3387 4226 3459 4280 Et

1868 4303 2120 4371 quoniam
2159 4304 2417 4360 sollicitor
2451 4310 2738 4377 tarditatis,
2781 4315 3050 4367 notarium
3090 4329 3268 4370 meum
3308 4317 3456 4388 misi,

1867 4395 1957 4465 qui
2004 4395 2111 4450 tuis
2163 4399 2444 4468 praeceptis
2472 4408 2528 4454 et
2575 4401 2792 4458 monitis
2822 4403 3110 4460 obsecutus
3137 4405 3456 4466 devehenda

1867 4497 2057 4541 cuncta
2101 4489 2383 4558 suscipiat,
2428 4501 2745 4562 actoresque
2784 4505 2999 4550 nostros
3033 4496 3100 4551 ad
3133 4499 3300 4568 pretia
3331 4516 3454 4572 quas

1861 4579 2136 4646 statueris,
2156 4581 2414 4636 solvenda
2439 4583 2695 4654 impellat,
2716 4601 2782 4640 ne
2806 4586 3152 4655 pecuniarum
3171 4591 3456 4648 videantur

1863 4669 2040 4738 inopia
2075 4671 2336 4727 hactenus
2372 4679 2520 4729 tuum
2564 4676 2864 4733 declinasse
2900 4691 3272 4751 conspectum.
3303 4683 3454 4740 Tan-

1861 4760 1985 4814 dem
2015 4762 2175 4831 igitur
2205 4774 2383 4834 partes
2429 4767 2704 4838 religionis
2739 4786 3057 4842 exsequere,
3104 4783 3164 4830 ut
3198 4779 3450 4848 exemplo

1862 4855 2151 4926 diEigentia:
2185 4870 2291 4915 tuae
2321 4860 2373 4915 in
2400 4860 2700 4918 officiorum
2731 4865 3161 4925 vicissitudinem
3191 4887 3454 4941 provoce-

1862 4963 2000 5004 mur.
2031 4950 2182 5006 Vale.

2454 5044 2672 5103 EPIST.
2714 5047 2848 5104 XVI.

2332 5151 2640 5192 SYMMACHUS
2680 5153 2977 5195 SAPIDIANO.

1927 5219 2182 5277 Leontius
2217 5238 2382 5294 agens
2411 5225 2462 5279 iu
2491 5227 2671 5295 rebus,
2699 5237 2754 5284 et
2780 5230 3062 5290 honestate
3089 5235 3214 5290 vita:
3257 5245 3312 5293 et
3341 5239 3445 5294 mi-

1855 5308 1982 5365 litia:
2010 5313 2394 5370 exercitatione
2427 5316 2582 5372 bonis
2617 5320 2919 5391 quibusque
2965 5323 3212 5393 placitus,
3258 5344 3438 5383 meum

1856 5405 2341 5473 quoquejudicium
2373 5408 2587 5465 assidua
2625 5411 2896 5482 diligentia
2929 5423 3259 5485 provocavit.
3296 5420 3444 5476 Inter

1854 5493 2056 5548 amicos
2106 5495 2265 5564 igitur
2306 5512 2371 5551 ac
2409 5497 2704 5558 familiares
2741 5519 2893 5560 meos
2932 5505 3055 5576 jure
3099 5517 3436 5563 numeratur.

1855 5585 2007 5639 IIttnc
2047 5585 2140 5640 tibi
2183 5585 2234 5640 in
2267 5603 2480 5643 manum
2521 5592 2702 5661 trado,
2760 5605 2974 5664 petens,
3027 5605 3083 5650 ut
3129 5598 3436 5668 exemplum

1856 5684 2054 5730 nostra:
2091 5677 2234 5731 circa
2274 5693 2395 5733 eum
2437 5681 2734 5741 affectionis
2776 5685 3003 5740 imiteris
3035 5703 3048 5738 :
3089 5687 3236 5756 quod
3272 5699 3324 5746 te
3352 5706 3441 5745 se-

1851 5765 1978 5823 dulo
2013 5781 2280 5836 prmsumo
2319 5767 2602 5830 facturum.
2644 5776 2848 5834 Interea
2889 5776 2955 5832 de
2993 5777 3322 5837 animalibus
3361 5783 3441 5839 lu-

3123 5869 3188 5930 11
