4074 6176
608 272 706 327 531

1780 269 1845 335 Q.
1888 266 2232 324 AURELIUS
2272 266 2717 325 SYMMACIILS.

3771 287 3876 343 332

606 389 795 441 dorum
820 384 1098 455 apparatui
1119 385 1479 455 praeparandis
1496 383 1916 438 admonitionem
1941 383 2187 451 frequen-
2215 383 2261 439 A
2293 382 2550 437 memoria
2596 384 2840 441 beneficii
2884 386 2997 453 tui,
3033 402 3155 443 cum
3185 390 3381 457 votiva:
3418 394 3637 451 editioni
3680 413 3875 458 nostrm

606 488 722 532 tare
745 477 951 542 desino,
981 491 1100 531 cum
1143 491 1237 542 per
1274 488 1392 529 eam
1433 474 1782 543 sponsionem
1823 482 1876 527 tu
1910 488 1995 527 me
2028 472 2184 540 hujus

603 584 746 622 curae
791 582 1015 621 vacuum
1077 565 1377 620 reddidisti.
1440 564 1679 618 Mandavi
1730 573 1905 619 tamen
1960 563 2184 617 Leontio

594 656 885 711 monitoris
916 656 1170 719 ofﬁcium,
1200 656 1283 710 cui
1307 670 1486 710 aurem
1520 654 1759 724 prtebcre
1782 654 2103 721 dignaberis,
2139 654 2181 706 si

599 750 813 818 quando
859 750 972 819 ipse
1019 748 1226 817 publica
1268 757 1323 803 et
1362 748 1563 817 majora
1614 746 1705 800 tibi
1750 746 1995 800 tractanti
2046 745 2183 798 lianc

599 854 808 907 quoque
840 839 1149 904 petitionem
1182 837 1475 892 domestica
1514 837 1876 890 insinuatione
1904 848 2181 905 suggesse-

600 933 687 982 rit.
721 928 869 982 Vale.

1174 1018 1385 1073 EPIST.
1430 1017 1590 1071 XVII.

1083 1123 1393 1164 SVMIACHUS
1437 1122 1693 1164 VENUSTO.

670 1202 936 1271 lntegrum
968 1203 1127 1255 situm
1163 1202 1396 1269 praetorii
1428 1200 1555 1263 mei,
1606 1208 1660 1253 et
1706 1198 1962 1266 picturam
1992 1212 2177 1266 qmm-

598 1292 718 1346 dam
751 1294 953 1347 fabrilis
984 1294 1162 1361 operis
1190 1302 1314 1345 ante
1352 1291 1536 1345 oculos
1581 1291 1851 1344 collocasti
1892 1308 1905 1344 :
1951 1289 2020 1343 ita
2051 1290 2178 1343 ada-

594 1395 744 1453 perta
777 1387 1100 1451 diSIributio,
1133 1385 1217 1438 vel
1243 1383 1417 1438 adhuc
1447 1384 1801 1452 assurgentia,
1836 1382 1916 1436 vel
1942 1382 2051 1451 jam
2081 1383 2176 1437 ab-

594 1479 767 1531 soluta
809 1478 1056 1546 signavit.
1102 1474 1390 1530 Dissimulo
1440 1475 1601 1542 igitur
1645 1488 1885 1527 meorum
1918 1473 2175 1541 tantisper

591 1581 845 1620 accusare
873 1566 1176 1633 segnitiem,
1208 1564 1296 1633 qui
1325 1564 1376 1617 in
1402 1563 1589 1617 iisdem
1621 1562 1984 1617 molitionibus
2008 1562 2170 1615 fabri-

591 1660 801 1712 catione
832 1658 1120 1723 haeserunt,
1170 1657 1295 1709 dum
1341 1655 1606 1710 suavitate
1648 1656 1856 1724 pagina:
1886 1664 1990 1708 tuae
2032 1656 2171 1707 mul-

2293 471 2547 540 fraterna,
2578 484 2633 529 ut
2662 489 2842 543 spero,
2871 492 2996 532 cura
3027 479 3307 545 profuerit.
3344 481 3491 537 Vale.

2877 567 3095 623 EPIST.
3128 569 3270 624 XXI.

2626 669 2935 712 εγιυιλοῐωε
2966 673 3176 713 νιελιιιο
3203 675 3526 718 ωερηεηει.

2362 745 2656 802 Senatoriis
2680 750 3003 805 editionibus
3030 753 3403 820 convenimur,
3426 771 3653 823 quorum
3682 776 3871 814 neces-

2288 835 2419 889 sitas
2448 853 2707 907 equorum
2733 840 2996 895 curulium
3026 841 3297 898 desiderat
3326 847 3672 915 emptionem.
3701 848 3872 918 Hujus

2289 928 2448 993 igitur
2487 931 2562 984 rei
2590 932 2759 999 gratia
2791 932 3239 990 familiarissimos
3282 952 3430 993 meos
3458 938 3523 992 ad
3560 940 3871 1008 lliSpauiam

2286 1017 2428 1083 misi,
2460 1026 2518 1072 ut
2544 1020 2828 1091 quadrigas
2869 1038 2936 1078 ex
2964 1024 3107 1078 omni
3149 1039 3368 1095 gregum
3405 1028 3682 1085 nobilitate
3723 1052 3869 1089 mer-

2284 1118 2491 1163 centur.
2524 1111 2617 1165 His
2645 1113 2712 1165 ad
2744 1113 3043 1183 peragenda
3088 1116 3339 1170 mandata
3369 1126 3516 1173 tuum
3558 1135 3723 1188 posco
3752 1124 3869 1175 suf-

2285 1198 2532 1268 fragium,
2555 1217 2873 1273 summoque
2898 1204 3153 1261 beneficio
3170 1207 3427 1277 profiteor
3439 1210 3799 1280 obligandum,
3819 1214 3865 1267 si

2282 1304 2393 1343 rem
2424 1292 2565 1347 factu
2597 1292 2825 1359 facilem,
2852 1303 2996 1348 tuum
3029 1288 3311 1363 imperium
3336 1301 3681 1368 promoverit.
3708 1302 3861 1360 Vale.

2855 1384 3069 1444 EPIST.
3113 1385 3278 1441 XXII.

2770 1487 3081 1530 δῖωιλοιιυε
3116 1493 3362 1532 Αῠιιινιιο.

2349 1560 2573 1614 Domum
2605 1574 2839 1617 n05tram
2872 1566 2921 1617 in
2950 1577 3207 1633 apparatur
3239 1582 3358 1622 esse
3399 1569 3643 1625 ludorum
3696 1587 3859 1642 quos,

2277 1652 2385 1706 Deo
2409 1654 2651 1720 juvante,
2706 1655 2799 1709 lilii
2848 1660 2952 1710 mel
3007 1668 3238 1725 prmtura
3288 1659 3549 1727 deposcit,
3601 1672 3863 1730 quantum

584 1762 731 1804 ceor.
768 1748 899 1802 Volo
928 1756 1104 1802 tamen
1132 1746 1416 1817 relegendo
1442 1746 1536 1799 iter
1562 1744 1868 1815 Capuanum
1908 1746 2171 1799 architecti
2205 1749 2248 1808 Β
2275 1743 2457 1811 credo,
2490 1745 2744 1800 didicisti.
2794 1746 3054 1801 Missurus
3096 1748 3254 1816 igitur
3291 1750 3355 1802 ad
3403 1750 3681 1820 llispzinias
3711 1768 3865 1808 meo-

588 1840 747 1894 nostri
773 1841 1063 1893 tarditatem
1086 1839 1328 1894 oratione
1353 1838 1599 1908 castiges,
1622 1847 1680 1893 ut
1702 1840 1870 1894 vicem
1894 1838 1998 1894 mei
2031 1838 2168 1893 fe‘lis

586 1946 877 1986 exerceas:
910 1942 966 1985 ut
1007 1931 1073 1985 de
1123 1941 1210 1985 tua
1258 1930 1630 2000 objurgatione
1660 1930 1929 2000 conjiciat,
1971 1940 2168 1999 quanta

586 2024 660 2077 illi
694 2024 981 2093 pernicies,
1020 2024 1119 2078 nisi
1146 2024 1433 2079 commissa
1463 2023 1747 2089 curaverit,
1785 2037 1849 2077 ex
1882 2036 1999 2077 mea
2032 2022 2169 2077 indi-

586 2117 839 2187 gnatione
868 2116 1149 2172 metuenda
1180 2116 1269 2171 sit.
1306 2115 1456 2170 Vale.

1148 2247 1361 2301 EPIST.
1406 2245 1594 2301 XVIII.

1070 2353 1379 2391 SYMMMIIIUS
1417 2353 1675 2391 POMPEI/ﬁ.

660 2432 841 2487 Votiva
874 2431 1001 2485 mihi
1035 2434 1251 2483 emersit
1282 2431 1515 2497 occasio,
1561 2445 1679 2496 qua:
1708 2428 1802 2481 tibi
1828 2428 2164 2482 Salutatinnis

583 2534 893 2592 apportaret
923 2523 1254 2592 «bsequium.
1290 2522 1419 2575 Nam
1461 2538 1580 2576 cum
1612 2522 1682 2575 ob
1727 2524 2010 2590 praeturain
2045 2522 2159 2586 filii,
2248 2556 2251 2559 ν

572 2617 871 2669 fanuliares
914 2622 1128 2669 nostros
1156 2614 1220 2667 ad
1253 2614 1536 2683 Hispanias
1575 2614 1930 2678 mitteremus,
1970 2614 2161 2683 quibus

578 2716 837 2776 equorum
888 2704 1152 2759 curulium
1195 2703 1566 2758 mandavimus
1616 2704 2044 2773 coemptionem:
2073 2704 2160 2758 Ιίιει

582 2809 814 2852 terarum
840 2797 1040 2850 cultum
1072 2797 1165 2849 tibi
1218 2811 1309 2863 par
1338 2795 1436 2849 fuit
1467 2796 1750 2857 exhibere,
1784 2795 2047 2865 simulque
2068 2797 2162 2851 ad-

576 2888 744 2957 jicere
783 2888 1142 2957 postulatum;
1193 2894 1249 2939 ut
1279 2885 1641 2941 nobilissimos
1676 2900 1918 2954 quosque
1946 2887 2013 2940 de
2056 2885 2161 2939 tuis

580 2976 828 3048 gregibus
878 2992 1046 3048 equos
1095 2978 1328 3047 digneris
1380 2991 1704 3047 excerpere,
1766 2992 1900 3047 quos
1945 2978 2001 3032 iu
2045 2992 2158 3032 rem

580 3072 726 3127 missi
758 3072 858 3126 sub
879 3072 1021 3140 justa
1072 3070 1340 3125 taxatione
1379 3080 1707 3125 mercentur.
1753 3070 1948 3136 Qumso
1976 3068 2154 3138 igitur,

578 3180 635 3221 ut
654 3167 700 3221 si
728 3182 830 3236 qua
859 3167 997 3234 apud
1031 3175 1082 3220 te
1110 3164 1366 3219 memoria
1397 3164 1589 3218 domus
1618 3178 1751 3218 mea:
1780 3163 2011 3231 residet,
2043 3179 2155 3218 rem

579 3259 672 3313 tibi
701 3256 842 3312 factu
884 3256 1118 3320 facilem,
1152 3254 1280 3309 mihi
1320 3268 1448 3309 vero
1474 3253 1762 3323 jucundam
1790 3263 1950 3320 atque
1990 3255 2159 3309 bono-

578 3349 923 3413 ratissimam,
965 3344 1360 3417 promptissima
1397 3342 1749 3400 beneficentia
1787 3343 2024 3414 digneris
2060 3358 2156 3399 an-

566 3453 764 3495 .unere.
797 3436 945 3493 Vale.

1170 3526 1383 3583 EPIST.
1420 3526 1563 3581 XIX.

1070 3633 1377 3675 SYIIACBUS
1418 3632 1662 3672 FABIANO.

652 3713 839 3769 Votiva
865 3726 952 3768 me
972 3710 1026 3765 in
1056 3710 1345 3765 amicitiam
1376 3720 1517 3764 tuam
1541 3724 1699 3764 causa
1732 3708 2154 3778 reducit,quam-

562 3804 658 3857 vis
685 3804 755 3858 ob
782 3802 947 3856 decus
973 3800 1187 3870 generis
1214 3807 1267 3853 et
1310 3812 1522 3853 morum
1564 3806 1774 3851 tuorum
1823 3797 2153 3852 familiaritas

556 3907 664 3951 tua
689 3893 821 3949 mibi
847 3892 1003 3947 fuerit
1025 3890 1326 3946 ambienda.
1369 3889 1605 3944 Praetura
1638 3889 1731 3942 lilii
1762 3890 1887 3953 mei,
1934 3888 2043 3944 fors
2067 3891 2151 3944 di-

558 3996 719 4039 nctum
744 3986 914 4053 juvet,
944 3982 1095 4052 equis
1131 3980 1407 4037 curulibus
1437 3978 1745 4035 instruenda
1792 3988 1895 4034 est.
1941 3979 2150 4036 Dudum

564 4090 671 4145 per
702 4089 852 4131 meos
1010 4073 1259 4144 gregibus
1286 4072 1361 4127 tui
1386 4072 1711 4141 pecoris.....

1171 4204 1389 4262 EPIST.
1429 4205 1548 4261 XX.

1090 4314 1397 4356 SYIHACIIUS
1434 4317 1495 4355 ΒΑ
1506 4316 1615 4357 850.

641 4398 989 4455 Salutationis
1026 4395 1231 4453 honore
1277 4398 1573 4466 praemisso,
1618 4398 1846 4455 subtexo
1892 4416 2143 4458 necessa-

2272 1850 2389 1889 rum
2414 1836 2642 1905 aliquos,
2673 1838 2762 1907 qui
2803 1838 3017 1893 curules
3044 1839 3331 1908 quadrigas
3360 1857 3426 1896 ex
3458 1842 3601 1895 omni
3632 1858 3857 1913 gregum

2272 1925 2551 1981 nobilitate
2582 1939 2982 1995 mercarentur;
3024 1930 3133 1999 jam
3181 1945 3323 1986 nunc
3362 1932 3413 1984 in
3454 1931 3687 1987 favorem
3716 1950 3860 2001 prm-

2271 2020 2596 2074 tereuntium
2629 2036 2809 2076 curam
2841 2032 2984 2076 tuam
3018 2037 3271 2091 provoco,
3302 2032 3359 2077 ut
3389 2024 3493 2079 illis
3518 2033 3572 2080 et
3600 2025 3859 2080 velocitas

2270 2112 2601 2177 transeundi,
2652 2120 2707 2167 et
2745 2114 3081 2168 evectionum
3123 2125 3410 2184 praestetur
3448 2116 3695 2185 adjectio.
3729 2117 3859 2171 Hmc

2269 2200 2479 2256 interim
2505 2218 2603 2272 pro
2629 2213 2870 2272 tempore
2893 2204 3308 2273 prmlibavimus.
3326 2205 3429 2261 Sed
3454 2207 3601 2276 plura
3628 2207 3854 2272 tribues,

2268 2296 2350 2347 vel
2374 2302 2465 2349 tuo
2493 2296 2704 2361 provisa
2733 2296 2931 2364 studio,
2962 2298 3043 2352 vel
3079 2297 3293 2353 illorum
3331 2300 3674 2369 suggestione
3702 2315 3853 2355 com-

2269 2395 2439 2454 perta.
2475 2386 2625 2443 Vale.

2832 2481 3045 2537 EPIST.
3092 2483 3275 2537 XXIII.

2735 2590 3044 2631 SVMMACIIUS
3086 2592 3383 2631 HABCELLO.

2338 2663 2633 2731 Requirnnt
2664 2675 2713 2720 te
2747 2682 2839 2733 per
2868 2666 3155 2736 Hispanias
3183 2666 3303 2721 aliae
3326 2667 3519 2722 littera:
3550 2682 3703 2722 mere.
3733 2668 3851 2723 ltlic

2264 2755 2409 2809 enim
2444 2766 2493 2811 te
2517 2756 2713 2826 degere
2743 2758 2812 2813 ob
2839 2758 2913 2812 rei
2947 2758 3223 2813 familiaris
3250 2759 3649 2828 amplitudinem
3676 2758 3851 2817 duxeo

2263 2862 2398 2901 ram.
2434 2847 2721 2917 Postquam
2748 2850 2799 2902 in
2831 2850 2987 2905 avitis
3017 2851 3295 2917 penatibus
3321 2850 3475 2904 otiari
3513 2852 3851 2906 constantior

2263 2935 2351 2989 fid.
2373 2952 2397 2990 s
2439 2938 2644 3001 attulit;
2700 2939 2784 3007 egi
2828 2938 2952 2992 huic
2980 2940 3151 2993 errori
3177 2938 3394 3009 gratias,
3427 2940 3514 3009 qui
3548 2939 3676 2993 Inibi
3707 2956 3849 3009 pra-

2262 3026 2396 3080 stitit
2441 3036 2497 3081 ut
2546 3038 2599 3082 te
2630 3043 2816 3083 rursus
2856 3029 3177 3099 alloquerer.
3227 3031 3295 3085 Et
3327 3039 3502 3084 tamen
3551 3030 3647 3084 ista
3672 3032 3846 3099 gemi-

2185 3109 2230 3169 C
2263 3120 2426 3184 natio,
2450 3120 2694 3187 quamvis
2714 3120 3027 3177 satisfacere
3049 3122 3229 3176 animo
3252 3131 3342 3176 tuo
3364 3121 3578 3190 debeat,
3604 3124 3843 3178 nondum

2261 3224 2382 3263 meo
2411 3208 2628 3263 sufficit.
2678 3209 2881 3265 Vellem
2912 3212 3109 3281 quippe
3155 3210 3227 3265 ita
3273 3211 3527 3267 continue
3573 3212 3844 3267 honorare

2257 3301 2546 3356 amicitiam
2574 3302 2678 3356 tuis
2703 3302 2915 3369 litteris,
2965 3311 3022 3357 ut
3059 3314 3240 3359 mente
3263 3302 3465 3373 jugiter
3493 3304 3671 3358 colere
3697 3320 3843 3359 nun-

2258 3408 2417 3461 quam
2446 3392 2917 3449 dissimula'verim.
2940 3391 3215 3464 Subiungo
3237 3394 3581 3463 postulatum.
3608 3393 3844 3462 Iampri-

2257 3483 2379 3537 dem
2407 3482 2778 3538 commendata
2809 3484 3059 3538 sensibus
3087 3484 3211 3550 tuis,
3243 3487 3490 3552 prmtoria
3522 3483 3611 3536 lilii
3642 3499 3767 3545 met,
3793 3483 3842 3539 si

2257 3574 2369 3629 fors
2395 3574 2595 3629 dictum
2619 3574 2791 3644 juvet,
2824 3574 2987 3629 instat
3027 3574 3214 3630 editio.
3248 3574 3321 3627 Ea
3352 3586 3450 3627 nos
3476 3572 3749 3637 admonet,
3785 3585 3841 3627 ut

2244 3665 2539 3735 quadrigas
2585 3666 2790 3721 nobiles
2819 3666 2871 3720 in
2901 3675 3172 3721 certamen
3201 3664 3455 3730 deducas,
3496 3680 3614 3735 quae
3656 3676 3839 3734 posset

2253 3770 2316 3809 ex
2341 3757 2626 3812 multorum
2645 3754 2892 3827 gregibus
2913 3757 3213 3813 edecimare
3253 3756 3523 3812 meliores.
3555 3756 3670 3811 Non
3693 3757 3837 3812 obsit

2254 3850 2528 3904 securitati
2560 3865 2713 3919 mete,
2740 3850 2882 3921 quo‘d
2913 3850 3194 3921 Hispanias
3240 3851 3524 3921 longinqua
3554 3850 3682 3905 sede
3709 3864 3836 3904 mu-

2254 3942 2399 4008 tasti,
2449 3943 2696 3997 admotus
2723 3958 2752 3997 a
2784 3958 2870 3998 me
2912 3958 3171 4014 equorum
3216 3945 3561 4013 eoemptioni.
3604 3942 3836 3998 Tantum

2254 4029 2447 4084 litteris
2470 4030 2618 4100 juva.
2640 4030 2851 4087 Valebit
2882 4047 2977 4101 pro
3000 4032 3173 4099 nobis,
3192 4042 3445 4104 utspero,
3466 4032 3604 4103 apud
3630 4033 3835 4089 amicos

2252 4136 2396 4177 cura:
2425 4130 2528 4177 tuae
2551 4122 2835 4194 delegatio.
2874 4124 3025 4180 Vale.

2814 4216 3029 4272 EPIST.
3070 4216 3259 4273 XXIV.

2773 4321 3084 4361 SYMIACHUS
3120 4320 3298 4361 BASSO.

2319 4393 2541 4449 Multam
2572 4410 2724 4464 capto
2754 4396 2917 4450 animi
2947 4397 3295 4466 voluptatem,
3326 4396 3537 4466 quoties
3562 4396 3833 4452 sermonis

568 4491 704 4546 rium
734 4488 1220 4560 postulatum.Filii
1246 4490 1413 4544 nostri
1441 4491 1804 4548 instateditlo.
1827 4493 1959 4550 Huic
1982 4509 2147 4566 equo-
2171 4467 2227 4529 Ῑ)
2252 4485 2327 4541 tui
2357 4501 2550 4541 munus
2576 4486 2801 4555 accipio.
2850 4486 2945 4542 Est
2973 4486 3115 4542 enim
3160 4488 3211 4540 in
3261 4486 3455 4541 litteris
3490 4495 3546 4541 et
3584 4487 3832 4542 sanitatis

569 4598 687 4637 rum
725 4583 987 4637 curulium
1018 4580 1251 4650 paranda
1281 4580 1547 4636 nobilitas.
1597 4583 1935 4654 Quapropter
1958 4584 2024 4640 ad
2056 4586 2147 4641 lli-

566 4674 781 4742 spanias
804 4672 1143 4727 fidelissimos
1162 4687 1283 4727 cum
1304 4672 1536 4740 copiosis
1556 4675 1854 4743 sumptibus
1877 4676 2140 4743 misimus,

566 4772 624 4817 ut
652 4765 942 4832 generosas
984 4761 1270 4831 quadrigas
1312 4760 1413 4814 sub
1458 4761 1864 4833 diligentissima
1913 4766 2142 4825 lectione

548 4864 890 4911 .mercentur.
921 4854 1025 4910 Sed
1051 4854 1172 4924 quia
1199 4866 1448 4908 veremur
1475 4870 1542 4909 ne
1570 4869 1826 4925 equorum
1858 4860 2138 4916 transitum

566 4946 759 5002 hiemis
804 4947 1133 5001 interventus
1162 4943 1446 5000 excludat:
1477 4958 1659 5015 quaeso
1690 4957 1763 5012 te,
1795 4956 1853 5001 ut
1878 4949 1922 5002 si
1953 4964 2139 5006 neces-

562 5038 691 5093 sitas
736 5035 1099 5107 postulaverit,
1145 5035 1316 5091 tribus
1354 5036 1436 5091 vel
1476 5045 1706 5107 quatuor
1740 5040 2013 5095 mensibus
2055 5041 2131 5097 bi-

559 5133 739 5189 bernis
770 5131 961 5202 pabula
990 5130 1097 5185 iliis
1120 5130 1173 5184 in
1194 5144 1254 5185 re
1278 5137 1369 5185 tua
1390 5144 1487 5200 pro
1515 5145 1740 5186 numero
1762 5131 1955 5202 iubeas
1980 5133 2136 5190 mini-

556 5224 717 5280 strari
750 5242 763 5277 :
799 5233 857 5278 ut
886 5223 1174 5292 incipiente
1201 5221 1459 5290 temperie
1489 5222 1605 5277 sine
1636 5224 1915 5280 vexatione
1942 5240 2133 5294 perve-

554 5324 725 5371 niant.
757 5316 1019 5371 Prteterea
1050 5314 1416 5384 adjumentum
1452 5315 1588 5370 meis
1633 5330 1730 5370 oro
1766 5316 2026 5375 decernas
2062 5318 2132 5374 ad

552 5422 808 5479 equorum
839 5405 1253 5475 coemptionem,
1301 5406 1345 5461 si
1387 5420 1522 5477 quos
1562 5406 1616 5461 in
1652 5408 1954 5463 Arelatensi
1996 5410 2130 5467 urbe

549 5516 714 5554 cursu
753 5509 805 5556 et
847 5512 1043 5569 genere
1090 5505 1404 5565 praestantes
1444 5512 1629 5552 eorum
1677 5512 1805 5554 cura
1846 5502 2126 5570 repererit.

552 5593 930 5662 Amplectenda
959 5600 1042 5648 est
1079 5591 1221 5645 enim
1253 5589 1441 5646 vicinae
1485 5592 1768 5661 emptionis
1816 5596 2049 5660 occasio,
2081 5594 2127 5650 si

544 5682 807 5739 eximium
830 5682 1028 5747 aliquid
1048 5697 1206 5739 casus
1230 5681 1501 5740 obtulerit.
1526 5681 1697 5741 Stabit
1717 5682 1854 5747 apud
1878 5700 1961 5745 me
1989 5684 2125 5747 iugis

2247 4587 2302 4633 et
2330 4578 2529 4632 amoris
2557 4577 2834 4631 indicium.
2856 4577 3127 4633 Praeterea
3157 4577 3356 4633 latitia:
3389 4576 3522 4631 mibi
3550 4585 3651 4642 est,
3683 4577 3835 4646 quod

2248 4671 2395 4726 brevi
2431 4679 2481 4725 te
2506 4670 2693 4727 adfore
2734 4670 3022 4740 polliceris.
3072 4670 3191 4739 Quo
3219 4669 3388 4740 magis
3425 4678 3603 4725 autem
3648 4669 3831 4727 redire

2246 4774 2298 4820 te
2332 4779 2607 4833 properes,
2660 4765 2845 4819 nuntio
2875 4764 3039 4819 lilium
3086 4778 3263 4819 meum
3309 4764 3373 4833 (si
3422 4761 3573 4816 favor
3616 4762 3831 4817 divinus

2242 4853 2507 4924 arriserit)
2539 4857 2816 4923 praetorios
2839 4854 3012 4911 fasces
3034 4871 3174 4909 anno
3205 4856 3421 4911 ineunte
3464 4867 3828 4925 sumpturum.
3861 4875 3868 4881 ·

2246 4948 2320 5003 De
2348 4962 2450 5017 qua
2481 4963 2540 5004 re
2564 4948 2631 5003 ad
2656 4958 2707 5003 te
2733 4962 2827 5019 per
2852 4947 3141 5003 familiares
3184 4963 3332 5004 meos
3369 4947 3577 5016 plenius
3602 4948 3827 5017 scripsi,

2241 5042 2432 5112 quibus
2477 5057 2736 5112 equorum
2773 5040 3129 5111 Hispanorum
3177 5039 3553 5095 mandavimus
3595 5042 3829 5111 emptio-

2241 5151 2386 5207 nem.
2415 5133 2522 5191 Sed
2548 5134 2673 5205 quia
2715 5133 2905 5189 suadet
2929 5133 3161 5198 occasio,
3190 5147 3331 5187 nunc
3352 5146 3565 5201 quoque
3594 5146 3827 5197 reposco

2240 5227 2583 5296 postulatum.
2612 5226 2677 5279 Et
2696 5238 2881 5292 quaeso
2909 5232 2983 5287 te,
3036 5234 3095 5278 ut
3122 5222 3167 5277 si
3209 5224 3345 5277 forte
3372 5236 3557 5277 eorum
3587 5222 3820 5279 reditum

2236 5319 2582 5389 intemperies
2627 5317 2851 5373 hiberna
2889 5316 3275 5379 retardaverit,
3308 5313 3565 5369 stabulari
3594 5314 3647 5369 in
3674 5316 3821 5385 agris

2237 5414 2340 5467 tuis
2362 5412 2545 5481 paucis
2568 5408 3065 5479 mensibusjubeas,
3091 5417 3252 5478 atque
3272 5407 3338 5463 ad
3361 5423 3459 5464 nos
3479 5409 3626 5478 inde,
3650 5422 3819 5464 verno

2234 5512 2474 5572 tempore
2495 5500 2785 5569 incipiente
2816 5499 3080 5570 proﬁcisci
3150 5499 3360 5557 interea
3390 5501 3669 5557 hominum
3699 5510 3815 5553 tuo-

2232 5610 2349 5650 rum
2378 5606 2507 5648 cura
2538 5591 2784 5647 submota
2814 5598 2918 5659 est,
2949 5605 3084 5662 quos
3109 5600 3163 5647 et
3192 5591 3477 5661 praesentia
3509 5606 3627 5646 mea
3657 5588 3819 5658 etju-

2230 5684 2451 5743 diciaria
2490 5683 2643 5741 tuitio
2689 5681 2950 5740 defendit.
2996 5682 3309 5741 Denuntiavi
3347 5684 3490 5739 enim
3527 5681 3672 5737 litem
3701 5695 3817 5735 mo-
