4046 6170
212 318 294 375 555

1413 303 1890 362 I-ZPISTOLARUM
1931 305 2135 361 LIBER
2174 308 2264 362 IX.

3359 317 3467 372 554

210 430 350 497 venit,
395 427 540 498 quod
575 425 642 480 ad
688 438 774 480 me
817 436 976 480 causa
1020 421 1306 492 pertineat,
1339 433 1438 474 nec
1461 418 1764 473 defuturum
1793 418 1849 482 Α
1871 425 2069 487 ratum,
2098 432 2294 473 munus
2335 418 2580 475 silvestre
2609 420 2862 489 patefecit
2889 438 2902 474 :
2933 422 3158 477 alterum
3187 437 3324 491 pene
3349 441 3468 482 cre-

210 525 273 579 eis
297 535 425 576 mea:
465 518 696 575 actionis
724 516 1007 572 auxilium.
1056 512 1210 582 Quod
1259 527 1364 568 non
1395 510 1584 566 dubito
1609 511 1772 566 etiam

208 611 505 674 eximietatis
536 621 642 666 tua:
663 609 911 666 homines
941 606 1230 662 indicasse.
1261 603 1412 660 Vale.

766 699 987 756 EPIST.
1026 697 1196 753 XXV.

646 808 964 852 ειιιιιιιοιιιιε
1002 806 1309 847 VINCENTIO.

265 891 417 947 Facio
437 887 676 944 officium
706 900 908 952 meum,
935 885 981 939 si
1010 881 1226 952 quando
1249 889 1303 936 te
1322 880 1470 936 cultu
1496 877 1775 934 salutatio-

207 985 278 1040 nis
301 981 568 1052 impertio.
619 979 730 1034 Nec
753 975 1034 1033 dissimulo
1059 974 1264 1030 referre
1288 981 1488 1045 grates,
1522 969 1662 1041 quod
1687 968 1773 1024 in-

209 1078 354 1131 vicem
380 1089 468 1128 me
486 1074 794 1142 frequentet
811 1068 1174 1125 remuneratio
1196 1068 1516 1139 scriptorum
1536 1074 1772 1119 tuorum.

206 1170 294 1226 Sed
316 1169 433 1223 haec
451 1167 674 1236 produci
698 1163 908 1234 longius
934 1179 1038 1218 non
1054 1170 1269 1231 oportet
1288 1178 1301 1214 :
1320 1161 1447 1231 quia
1470 1159 1625 1214 bona;
1641 1156 1774 1211 ami-

203 1261 324 1315 citiaa
340 1257 670 1328 jactationes
697 1258 950 1310 refutant.
999 1253 1133 1308 Illud
1169 1267 1314 1308 nunc
1342 1251 1410 1307 de
1437 1261 1489 1305 te
1518 1251 1775 1319 impetra-

204 1363 302 1406 tum
329 1349 482 1414 volo,
539 1357 597 1401 ut
641 1347 833 1402 litteris
881 1355 937 1400 et
977 1347 1285 1414 apparitore
1331 1342 1549 1397 decreto
1583 1340 1779 1409 juvare

201 1444 424 1513 digneris
451 1455 634 1496 curam
664 1453 928 1501 meorum,
950 1438 1146 1506 quibus
1165 1436 1419 1490 emendas
1438 1447 1505 1488 ex
1525 1430 1777 1500 Hispania

200 1533 402 1589 curules
443 1529 731 1602 quadrigas
762 1528 816 1582 in
845 1539 1162 1598 apparatum
1193 1526 1460 1596 praetoriae
1489 1521 1779 1578 functionis

203 1626 418 1697 injnnxi.
452 1625 561 1679 Oro
605 1630 887 1691 praeterea,
923 1629 977 1674 ut
1019 1633 1281 1690 equorum
1326 1614 1614 1682 tractoriis,
1646 1627 1779 1682 quas

205 1720 274 1771 vir
300 1713 532 1769 illustris
569 1712 888 1768 Theodorus
935 1710 1137 1774 emisit,
1179 1706 1648 1763 confirmationem
1685 1717 1781 1774 per

1879 508 2070 577 tlitum,
2098 510 2407 579 paginarum
2434 519 2642 566 tuarum
2665 514 2841 568 cultus
2861 516 3110 571 asseruit.
3131 517 3308 584 Quare
3328 518 3468 575 inter

1877 601 2091 658 sodales
2129 602 2393 672 Apollinis
2430 617 2493 656 ac
2539 603 2722 658 Dianae
2747 647 2760 671 ,
2795 614 3026 660 sectator
3062 607 3340 677 utriusque
3368 625 3470 666 nu-

1876 695 2185 759 merabere,
2217 694 2318 749 etsi
2362 701 2417 750 te
2448 695 2645 763 magis,
2677 703 2735 748 ut
2757 696 2952 765 scripta
2987 706 3269 763 testantur,
3305 715 3470 755 vena.
3531 729 3534 731 λ

1878 788 1999 842 ιίρω
2037 787 2168 842 artis
2202 788 2370 858 gloria
2399 788 2569 857 juvat.
2613 789 2744 843 Nam
2776 804 2896 844 cum
2928 799 2980 846 te
3006 793 3210 848 nivosis
3244 795 3470 852 saltibus

1877 880 2148 936 inerrasse
2176 880 2548 947 describeres,
2595 895 2755 950 supra
2799 881 3040 950 epistolae
3077 895 3472 954 temperamen-

1879 979 1991 1025 tum
2023 970 2200 1026 verbis
2237 971 2538 1040 tripudiasti
2569 990 2585 1029 :
2620 973 2870 1028 nimirum
2901 973 3056 1030 ltetus
3085 992 3155 1032 ex
3186 978 3382 1045 arduo,
3415 989 3472 1035 et

1879 1059 2057 1116 adhuc
2094 1061 2279 1116 calens
2323 1065 2562 1117 montani
2608 1065 2788 1133 operis
2825 1075 3041 1122 eventu.
3082 1067 3289 1125 Interea
3336 1074 3470 1127 satis

1884 1152 2061 1210 fuerat
2101 1154 2368 1224 Apennini
2416 1156 2584 1225 spolia
2631 1158 2860 1214 misisse.
2913 1161 3135 1231 Adjecta
3176 1172 3356 1219 autem
3400 1165 3471 1222 de

1879 1243 2047 1299 corde
2076 1244 2226 1313 plura
2255 1244 2467 1298 fastidio
2495 1260 2615 1301 esse
2645 1256 2949 1317 potuerant,
2975 1251 3076 1306 nisi
3109 1267 3259 1308 amor
3287 1253 3361 1310 tni
3388 1271 3472 1312 re-

1881 1336 2144 1390 movisset
2167 1337 2492 1391 satietatem.
2532 1339 2677 1394 Vale.
2938 1316 2941 1317 ν
3358 1316 3360 1320 Υ

2447 1433 2666 1488 EPIS'I‘.
2710 1433 2902 1489 XXIX.

2423 1537 2734 1580 SVMIIACBUS
2774 1543 2933 1584 VARO.

1955 1613 2088 1668 Dttm
2122 1613 2528 1682 provincialium
2559 1617 2792 1674 mederis
2812 1619 3076 1682 adversis.
3108 1629 3162 1675 et
3185 1621 3472 1678 salutarem

1884 1704 2252 1760 laborantibus
2283 1720 2500 1760 manum
2531 1706 2784 1776 porrigis,
2815 1710 3032 1777 gravior
3068 1708 3275 1778 Apulos
3317 1726 3476 1767 casus

201 1808 473 1877 epistolam
507 1813 754 1874 praestes,
789 1812 843 1856 et
874 1810 1079 1874 mutato
1119 1799 1300 1869 judice
1327 1796 1576 1854 beneficii
1606 1795 1779 1851 lente-
1815 1793 1864 1854 B
1890 1796 2138 1863 incessit,
2184 1813 2213 1850 a
2256 1797 2450 1867 quibus
2491 1798 2560 1853 oh
2612 1800 2825 1853 inanem
2864 1798 3056 1854 famam
3105 1802 3474 1862 fecunditatis.
3549 1796 3564 1861 ὲ

202 1909 298 1954 scat
323 1905 647 1952 auctoritas.
681 1893 1024 1949 Exambirem
1050 1905 1214 1962 super
1256 1890 1342 1946 his
1368 1890 1537 1945 nimio
1557 1899 1782 1960 precatu

200 1992 412 2062 gratiam
438 1999 613 2054 tuam;
641 1989 734 2044 sed
760 1986 900 2056 apud
928 1985 1262 2042 verecundas
1282 1998 1442 2040 aures
1464 1983 1782 2053 simplicitas

202 2082 460 2138 efficacior
489 2089 595 2143 est,
627 2089 682 2132 et
721 2077 973 2133 libentius
1015 2078 1189 2148 pudor
1234 2077 1446 2139 annuit.
1485 2074 1629 2145 quod
1659 2089 1780 2129 cum

203 2174 374 2227 fiducia
409 2173 735 2241 postulatur.
763 2169 933 2224 Velim
961 2179 1138 2224 tamen
1167 2178 1374 2236 teneas,
1398 2181 1543 2222 nunc
1567 2164 1781 2235 quidem

202 2264 245 2317 in
271 2264 508 2332 petendo
534 2277 657 2317 esse
688 2278 772 2316 me
795 2274 1039 2331 parcum,
1066 2261 1161 2316 sed
1192 2259 1310 2316 fore
1335 2259 1390 2314 in
1418 2255 1638 2328 agendis
1663 2264 1786 2324 post

202 2356 625 2424 impetrationem
657 2355 843 2425 gratiis
872 2354 1170 2422 copiosum.
1207 2351 1356 2408 Vale.

769 2444 983 2500 EPIST.
1022 2443 1210 2498 XXVI.

693 2554 1000 2594 SYIIACBIIS
1040 2551 1286 2593 VALERIO.

259 2635 426 2689 Juvat
445 2635 684 2688 animum
725 2647 926 2695 meum,
959 2630 1100 2701 quod
1135 2643 1280 2698 saepe
1306 2627 1435 2683 vitio
1465 2627 1629 2682 vertis
1651 2625 1784 2680 scri-

195 2726 343 2781 bendi
376 2727 453 2778 ad
497 2736 550 2780 te
593 2721 992 2794 negligentiam.
1039 2720 1256 2777 Amoris
1284 2721 1428 2775 enim
1470 2719 1786 2792 tuisigntrm

194 2827 288 2882 εει,
321 2817 572 2871 vicissim
605 2815 933 2879 desiderare,
963 2828 1084 2883 qua:
1111 2819 1332 2882 praestas
1358 2827 1375 2865 :
1403 2817 1458 2865 et
1479 2818 1655 2864 tamen
1677 2807 1790 2863 dis-

193 2911 630 2966 simulandi......
674 2909 963 2964 destinatio
1009 2919 1095 2962 tua
1137 2915 1377 2964 voverat.
1435 2901 1789 2960 Contristavit

196 3019 273 3057 me
301 3003 510 3066 fateor,
542 3017 644 3057 nec
672 3001 765 3055 tibi
799 2998 1151 3064 conveniens,
1178 3011 1280 3052 nec
1305 2996 1434 3052 mibi
1467 3002 1678 3065 sperata
1702 2993 1788 3064 ja-

193 3098 348 3151 ctatio
405 3096 543 3150 irriti
589 3094 853 3150 beneficii.
902 3092 978 3146 Ne
1007 3090 1135 3161 quid
1171 3090 1331 3157 igitur
1367 3089 1596 3158 ingenua
1633 3101 1790 3140 vere-

1883 1885 2154 1942 frnmenta
2203 1896 2517 1956 poscuntur,
2565 1899 2618 1942 et
2674 1888 3002 1944 detrahenda
3047 1891 3374 1959 provinciae,
3424 1901 3481 1947 et
3559 1909 3565 1916 ‘

1885 1982 2020 2047 reip.
2051 1980 2169 2034 usui
2202 1995 2306 2034 non
2333 1980 2529 2035 futura.
2557 1981 2782 2048 Quando
2816 1985 2959 2036 enim
2991 1984 3045 2037 in
3091 1983 3322 2039 hiemem
3359 1999 3480 2039 ver-

1883 2082 2042 2143 gente
2062 2089 2207 2128 anno
2237 2082 2490 2143 poterunt
2519 2076 2772 2129 maturari
2800 2085 2960 2130 tantae
2990 2076 3204 2146 fruges?
3233 2078 3287 2133 Si
3317 2079 3482 2148 igitur

1889 2164 1983 2219 tibi
2013 2166 2248 2234 suppetit
2275 2165 2497 2219 facultas
2525 2165 2735 2221 itineris
2760 2167 3010 2222 celeriter
3038 2169 3102 2222 ad
3130 2167 3480 2241 Campaniam

1887 2253 2239 2323 promovendi
2262 2299 2276 2322 ,
2319 2256 2462 2310 scire
2504 2271 2590 2310 me
2621 2256 2809 2320 facito,
2841 2267 2901 2311 ιιι
2930 2268 2982 2314 te
3021 2259 3289 2329 paulisper
3316 2275 3483 2334 oppe-

1889 2345 2028 2408 riar;
2077 2357 2168 2400 aut
2217 2348 2262 2400 si
2312 2347 2637 2415 promissum
2688 2349 2860 2418 major
2905 2365 3065 2406 causa
3113 2354 3378 2421 mutabit,
3428 2354 3483 2410 id

1888 2440 2060 2509 ipsum
2098 2439 2302 2493 notitiae
2345 2455 2478 2494 mem
2511 2441 2752 2508 protinus
2797 2443 2997 2510 pande,
3033 2453 3090 2497 ut
3127 2443 3483 2515 Symmachus

1889 2537 2074 2584 noster
2102 2529 2192 2582 diu
2225 2530 2275 2583 in
2319 2528 2622 2584 Formianis
2665 2532 2934 2587 littoribus
2979 2537 3208 2601 otiatus,
3257 2543 3484 2606 propere

1890 2634 2100 2674 mecum
2132 2620 2199 2673 ad
2229 2620 2405 2674 studia
2441 2632 2760 2676 revertatur.
2789 2623 2935 2678 Vale.

2483 2714 2696 2769 EPIS’I‘.
2743 2715 2909 2769 XXX.

2421 2824 2728 2865 SVIIMACIIUS
2769 2827 2947 2866 LEONI.

1962 2902 2103 2971 Opto
2133 2901 2349 2973 quidem
2384 2912 2436 2958 te
2466 2905 2522 2957 in
2554 2913 2758 2960 tantum
2789 2907 2958 2976 cepiis
2988 2911 3226 2978 pecuniae
3253 2913 3484 2968 familia-

1893 2994 1968 3048 ris
1997 2993 2221 3049 afﬂuere
2241 3035 2256 3059 ,
2285 3004 2342 3048 ut
2373 2995 2547 3064 possis
2568 2997 2744 3066 opima
2773 2999 2974 3067 prmdia
3009 3014 3344 3070 comparare.
3377 3004 3485 3062 Sed

1895 3086 2111 3141 mallem
2145 3096 2197 3142 te
2225 3088 2342 3142 sine
2371 3089 2664 3144 amicorum
2697 3105 2836 3145 noxa
2862 3100 3021 3160 atque
3048 3094 3240 3163 injuria
3273 3096 3486 3152 oculum

193 3188 384 3242 cundia
437 3186 617 3241 simile
655 3184 1004 3250 rescriberet,
1061 3182 1222 3238 malui
1260 3195 1504 3250 premere
1544 3187 1786 3234 mutuum
1817 3165 1863 3228 C
1894 3194 1957 3233 ac
1983 3178 2306 3235 desiderium
2332 3181 2488 3236 novis
2507 3183 2868 3252 emptionibus
2889 3185 3202 3243 admovere.
3227 3189 3358 3244 Nam
3386 3205 3489 3262 ego

195 3281 470 3334 ddozem.
521 3279 649 3332 Nam
703 3278 840 3332 inter
886 3277 1140 3331 absentes
1188 3275 1391 3330 alterna
1439 3273 1787 3343 epistularum

194 3371 498 3425 tleerrtatio
528 3371 845 3438 plerumque
884 3368 951 3422 ad
995 3367 1118 3422 odia
1147 3365 1411 3437 procedit.
1444 3366 1595 3420 Nunc
1627 3366 1792 3420 redeo

197 3463 243 3514 in
274 3475 444 3517 nsum
471 3461 597 3530 styli
623 3459 905 3528 simplicis,
951 3467 1134 3528 gratus
1175 3456 1343 3526 magis
1369 3455 1631 3510 voluntati
1662 3465 1788 3522 tuas,

198 3570 348 3620 quam
408 3568 538 3607 reus
583 3552 751 3606 casui.
801 3552 880 3606 Te
927 3565 1026 3605 oro
1071 3551 1183 3620 jam
1230 3548 1448 3603 desinas
1499 3547 1790 3603 amicitiam

202 3662 398 3711 meam,
453 3661 579 3714 qua:
624 3644 754 3698 nihil
803 3643 895 3696 tibi
929 3642 1183 3698 indixerit
1225 3642 1426 3706 oneris,
1477 3641 1791 3695 damnosam

197 3749 406 3805 putare.
451 3737 607 3791 Vale.

769 3826 982 3882 EPIST.
1024 3827 1234 3882 XXVII.

663 3935 974 3973 ειιιιιριοιιυδ
1014 3934 1344 3974 ΑιεχΑΝῡΙιο.

262 4013 564 4068 Silentium
596 4013 738 4066 circa
782 4022 833 4064 te
881 4026 1057 4066 meum
1107 4011 1251 4064 nullo
1289 4009 1410 4078 jure
1443 4008 1718 4079 culpabis,
1749 4007 1796 4062 si

194 4116 346 4159 tuum
375 4103 614 4173 cogites.
648 4102 716 4157 Et
757 4101 986 4158 fortasse
1007 4101 1205 4171 justius
1237 4101 1331 4156 tibi
1363 4099 1520 4169 hujus
1562 4099 1638 4154 rei
1671 4097 1800 4153 sub-

195 4199 373 4252 eunda
406 4207 497 4252 est
523 4195 874 4258 verecundia,
904 4198 994 4265 qui
1031 4195 1101 4250 ob
1131 4210 1244 4248 rem
1274 4194 1501 4250 Romam
1540 4205 1686 4262 saepe
1714 4191 1801 4246 lit-

193 4300 339 4346 teras
369 4289 637 4352 mittens,
664 4288 917 4342 amicitia:
959 4287 1103 4344 circa
1143 4299 1244 4341 nos
1273 4287 1453 4340 munia
1492 4283 1794 4354 pra-teristi.

192 4379 344 4435 Deos
372 4389 562 4434 autem
590 4378 702 4432 sola
731 4377 966 4433 ferarum
990 4377 1192 4446 eruptio
1216 4375 1516 4446 Aquileiam
1545 4372 1804 4443 compulit

192 4472 515 4538 pmterire.
561 4466 672 4524 Nec
713 4477 918 4523 tantum
958 4465 1328 4523 succensioois
1371 4473 1608 4522 meretur
1643 4465 1801 4520 unius

1897 3271 2394 3328 Postumianensem
2425 3287 2540 3328 rem
2563 3273 2687 3343 jure
2711 3277 2914 3344 optimo
2938 3279 3054 3332 sine
3083 3279 3190 3332 ulla
3218 3282 3491 3337 mentione

1894 3366 2152 3420 consortii
2185 3366 2258 3420 tui
2302 3365 2369 3421 ab
2409 3366 2786 3437 antiquissimo
2824 3383 3138 3438 possessore
3183 3382 3488 3438 mercatus;

1897 3471 2038 3511 nnnc
2071 3458 2299 3525 primum
2341 3466 2430 3513 tua
2478 3460 2848 3516 admonitione
2876 3465 3189 3530 convenior,
3234 3474 3292 3521 ut
3324 3481 3493 3537 prope

1891 3548 2002 3617 jam
2033 3551 2327 3607 inveterata
2359 3555 2699 3622 possessione
2738 3553 3018 3612 decedam.
3053 3557 3219 3627 Cujus
3261 3561 3491 3628 pretium

1899 3658 2002 3697 non
2031 3644 2149 3712 ejus
2179 3644 2565 3701 mediocritatis
2598 3655 2712 3712 est,
2757 3656 2814 3702 ιιι
2843 3649 3038 3704 emisse
3066 3649 3298 3706 delectet
3325 3670 3337 3705 :
3371 3653 3495 3709 ideo

1899 3751 2018 3790 cum
2062 3738 2262 3806 possim
2295 3738 2387 3792 tibi
2421 3738 2628 3807 legibus
2658 3739 2910 3805 obviare,
2947 3751 3001 3795 et
3036 3741 3310 3798 desiderio
3338 3744 3492 3811 ejus,

1899 3828 2050 3896 cujus
2087 3843 2173 3880 res
2214 3837 2458 3897 aguntur,
2501 3828 2810 3884 obsis'ere:
2852 3831 3060 3898 copiam
3093 3839 3272 3886 tamen
3315 3832 3491 3890 facio.

1902 3919 2126 3986 utquod
2158 3919 2367 3987 argenti
2407 3919 2652 3974 dedimus
2683 3909 2983 3984 venditori,
3029 3923 3079 3977 id
3128 3922 3327 3979 homini
3372 3941 3496 3981 meo

1902 4013 2117 4073 EIISI‘IO,
2140 4016 2223 4064 cui
2246 4025 2452 4065 summa
2474 4022 2747 4082 comperta
2769 4024 2872 4078 est,
2896 4013 3134 4083 digneris
3153 4015 3491 4086 expendere:

1901 4107 1946 4159 si
1975 4116 2150 4159 tamen
2195 4113 2459 4174 praeoptas
2505 4117 2685 4159 nostra
2731 4108 2994 4178 mercari,
3026 4124 3186 4179 quam
3224 4120 3311 4166 tua
3351 4128 3496 4169 nexu

1903 4200 2246 4269 obligavoois
2271 4201 2570 4256 absolvere.
2607 4201 2754 4254 Vale.

2470 4291 2682 4347 EPIST.
2728 4291 2920 4346 XXXI.

2386 4395 2692 4436 SVIIIACIIUS
2730 4397 3017 4438 CARTERIO.

1977 4472 2128 4537 Quod
2156 4469 2551 4526 defendendum
2579 4487 2769 4527 socero
2793 4481 2930 4539 erat,
2957 4473 3108 4544 cujus
3130 4482 3184 4531 te
3208 4477 3498 4535 momordit

195 4563 514 4620 occasionis
555 4562 786 4626 oblivio,
834 4570 1093 4631 quantum
1143 4561 1482 4615 laudabilitas
1530 4567 1618 4612 tua
1662 4559 1801 4612 inter
1827 4533 1882 4595 D
1906 4533 2162 4635 querela,
2204 4570 2574 4632 competenter
2621 4563 2676 4617 in
2722 4533 3040 4633 Epictelum-
3069 4576 3370 4622 commotus
3400 4533 3498 4622 im;

194 4660 466 4714 assiduos
511 4667 846 4712 commeatus
894 4665 1108 4710 tuorum
1157 4663 1470 4721 contemptu
1525 4652 1630 4707 mei
1669 4666 1801 4706 con-

197 4751 378 4803 traxit
408 4748 648 4802 invidite.
682 4746 789 4802 Sed
817 4748 890 4802 sit
914 4747 1071 4803 venia
1102 4747 1312 4815 utrique
1335 4756 1574 4799 nostrum
1595 4784 1610 4810 ,
1637 4759 1806 4813 quan-

194 4855 368 4908 quam
406 4839 632 4907 imparis
664 4838 1018 4908 negligentiae.
1054 4838 1285 4892 Posthac
1319 4845 1374 4892 et
1405 4837 1520 4906 ipse
1547 4833 1805 4890 omissum

198 4943 414 4984 munus
441 4930 700 4995 instanra,
731 4939 786 4984 et
812 4929 964 4983 nobis
987 4927 1315 4983 rescribendi
1348 4941 1442 4996 per
1469 4926 1686 4981 eosdem
1717 4939 1805 4978 co-

199 5023 354 5090 piam
389 5029 611 5090 prazsta.
634 5017 878 5075 Difficilis
901 5028 986 5074 est
1010 5020 1153 5073 enim
1175 5018 1305 5072 mihi
1329 5018 1452 5072 hinc
1473 5017 1810 5087 pergentium

199 5114 519 5183 inquisitio.
556 5114 747 5170 Denuo
783 5115 906 5185 styli
936 5114 1168 5169 cessabit
1195 5112 1462 5179 officium,
1492 5113 1592 5167 nisi
1625 5113 1698 5167 tui
1727 5113 1810 5183 fa-

193 5214 455 5266 miliares
477 5219 660 5263 nostra
674 5205 740 5261 ad
769 5214 820 5260 te
847 5205 1069 5262 redituri
1101 5207 1456 5276 susceperint.
1488 5204 1638 5260 Vale.

769 5302 981 5359 EPIST.
1022 5301 1260 5357 XXVIII.

733 5407 1042 5449 ειιιιιιειιιιε
1079 5406 1311 5447 ιιιιιιιο.

265 5488 514 5558 Agitare
556 5497 608 5544 te
638 5488 918 5544 venatibus
957 5487 1134 5549 feras,
1164 5493 1220 5540 et
1262 5481 1501 5538 hibernis
1540 5479 1815 5536 mensibus

193 5583 496 5651 Apennini
531 5582 702 5652 gelida
747 5582 1010 5647 lustrare,
1059 5578 1378 5634 valetudinis
1427 5584 1536 5631 tua:
1579 5574 1814 5631 aestima-

192 5675 352 5727 tione
389 5689 668 5744 nunquam
705 5673 884 5742 putavi
915 5690 928 5724 :
961 5669 1183 5727 amicior
1233 5670 1372 5726 enim
1416 5671 1610 5726 litteris
1650 5681 1809 5740 quam

193 5763 504 5820 hborilms
533 5765 815 5821 videbaris.
849 5764 1050 5819 Ilorum
1091 5763 1316 5821 alterum
1349 5764 1438 5819 diu
1481 5763 1548 5818 tle
1579 5773 1630 5819 te
1658 5763 1808 5831 igno-

1907 4654 2084 4724 plesti.
2112 4653 2272 4708 Caret
2293 4653 2434 4723 foro,
2459 4663 2516 4710 et
2536 4654 2852 4710 inconsulta:
2875 4657 3071 4725 linguae
3095 4659 3327 4727 pretium
3357 4659 3495 4715 tulit.

1908 4750 2007 4812 Ac,
2038 4748 2079 4802 si
2109 4747 2237 4815 quid
2265 4745 2395 4801 mihi
2420 4747 2615 4813 credis,
2645 4749 2983 4804 contumelia:
3007 4751 3202 4807 talione
3223 4759 3500 4808 correctus

1909 4850 2012 4894 est.
2064 4838 2216 4893 Nunc
2267 4839 2536 4909 ingenium
2590 4848 2739 4894 tnum
2791 4855 3076 4911 moresque
3117 4843 3498 4906 considerans.

1912 4931 2068 4986 ﬂecte
2089 4931 2160 4984 ‘ad
2185 4931 2394 4986 veniam
2418 4931 2733 5002 placabilem
2756 4933 3106 4988 voluntatem.
3131 4935 3249 4990 Scis
3267 4937 3501 4990 causidi-

1914 5038 2100 5077 corum
2131 5038 2274 5092 szepe
2305 5021 2631 5092 improvidos
2672 5023 2853 5092 lapsus
2884 5043 2894 5076 :
2927 5036 2982 5079 et
3008 5040 3129 5080 cum
3154 5041 3378 5082 ornares
3403 5027 3499 5081 tri-

1917 5115 2155 5182 bunalia,
2184 5123 2308 5168 ante
2327 5115 2597 5178 defensor,
2628 5123 2750 5184 post
2770 5117 3012 5185 cognitor
3031 5116 3348 5187 iurgiorum,
3379 5119 3502 5173 talis

1915 5205 2282 5260 advocationis
2328 5205 2498 5259 errori
2548 5207 2860 5275 plerumque
2908 5208 3173 5262 restitisti.
3223 5209 3329 5264 Sed
3374 5211 3500 5278 quia

1915 5312 2058 5349 nunc
2083 5293 2267 5363 aliqui,
2297 5309 2522 5363 quorum
2547 5303 2656 5349 tuta
2683 5295 2876 5365 flagitia
2904 5307 3059 5363 sunt,
3090 5298 3314 5367 Epicteti
3341 5298 3499 5353 amici

1922 5391 2024 5444 mei
2057 5388 2266 5443 silentio
2293 5389 2631 5453 claruerunt;
2672 5403 2888 5456 quaeso,
2931 5404 2998 5444 ne
3037 5390 3128 5444 ditt
3173 5390 3503 5444 infortunan

1921 5482 2099 5552 potius
2126 5494 2283 5548 quam
2333 5478 2605 5533 innocenti
2636 5480 2854 5549 patiaris
2877 5481 3046 5536 illttdi.
3077 5481 3261 5537 Faciet
3284 5480 3364 5534 vir
3386 5495 3504 5534 am.

1923 5573 2233 5645 piissimus,
2282 5573 2580 5627 communis
2626 5572 2812 5638 frater,
2859 5574 3116 5642 quidquid
3161 5585 3213 5627 te
3241 5573 3375 5628 velle
3413 5587 3506 5628 co-

1919 5665 2187 5738 gnoverit.
2219 5664 2330 5718 Erit
2366 5665 2528 5719 etiam
2575 5665 2667 5720 ille
2709 5673 2986 5735 promptus
3016 5665 3081 5718 ad
3115 5664 3504 5721 restituendum

1920 5763 1968 5816 ei
1999 5773 2190 5815 munus
2217 5757 2432 5825 orandi,
2467 5758 2513 5813 si
2541 5758 2826 5815 voluntatis
2865 5766 2967 5810 tnze
3007 5769 3181 5813 sumat
3224 5757 3504 5814 indit-ium.
