4074 6176
515 287 640 346 358

1716 281 1780 348 ρ.
1823 277 2169 336 AURELIUS
2208 277 2647 342 SYMMACIIUS.

3703 287 3810 344 5'56

514 401 612 455 "I’tt
643 396 800 453 modo
830 394 1115 466 benignam
1148 354 1380 448 mentem
1414 390 1606 446 litteris
1634 391 1768 446 meis
1799 393 2042 462 applica;
2071 399 2125 446 ct
2150 390 2200 452 Α
2230 393 2524 462 periorum.
2571 396 2680 452 Sed
2719 396 2804 454 fac
2833 398 3176 456 mediocriter
3218 413 3247 454 a
3285 407 3340 454 te
3377 397 3650 454 hominem
3687 411 3811 455 esse

529 493 619 562 qui
649 501 786 560 toga:
813 488 1018 544 amicus
1046 500 1106 543 es
1126 527 1142 552 ,
1183 484 1334 554 cujus
1365 481 1522 538 laude
1552 496 1713 552 supra
1745 483 1880 538 alios
1920 483 2118 553 splen-

529 585 688 642 duisti
707 627 722 651 ,
753 582 979 636 honesto
1002 577 1176 632 ordini
1205 585 1385 631 notam
1410 574 1664 643 detrahe,
1709 585 1764 632 et
1795 575 1998 632 homini
2025 589 2118 645 pa-

530 693 647 733 rum
679 684 835 731 cauto
866 681 1082 743 rogatus
1117 669 1353 738 ignosce.
1389 667 1542 722 Vale.

1087 762 1303 818 EPIST.
1345 760 1565 818 XXXII.

1009 869 1320 910 SVIHACHUS
1351 867 1624 909 ιΑΝυΑιιιο.

600 952 823 1010 Solebas
866 947 1126 1012 antehac,
1175 961 1298 1001 cum
1344 945 1700 1000 tribunalibus
1730 944 2110 1014 prmsiderem,

529 1045 626 1102 fori
675 1046 878 1098 tirones
926 1037 1308 1094 commendare
1346 1036 1564 1107 judiciis
1595 1052 1608 1090 :
1641 1035 1781 1106 quod
1822 1051 1964 1091 nunc
1990 1037 2114 1090 offi-

524 1139 666 1192 cium
698 1148 854 1191 versa
896 1131 1209 1189 conditione
1251 1129 1494 1198 suscepi,
1541 1128 1632 1197 qui
1677 1128 1985 1198 magisterio
2023 1138 2114 1182 tuo

523 1226 868 1283 causidicina
895 1223 1107 1278 insinuo
1129 1219 1464 1275 candidatos.
1496 1219 1608 1286 Qua
1639 1219 1689 1272 in
1721 1234 1780 1272 re
1810 1233 1986 1274 meum
2016 1235 2113 1273 ne-

523 1335 678 1376 cesse
704 1327 786 1374 est
813 1317 1053 1386 sequaris
1079 1312 1380 1382 exemplum
1409 1330 1421 1364 :
1457 1320 1513 1366 ut
1534 1326 1640 1379 qua
1673 1309 1930 1367 facilitate
1963 1310 2114 1365 obla-

527 1424 610 1466 tos
639 1430 664 1463 a
695 1421 747 1466 te
773 1409 1082 1479 frequenter
1109 1406 1324 1470 admisi,
1348 1403 1534 1459 eadem
1561 1403 1822 1474 religione
1849 1403 2112 1472 suscipias

524 1525 614 1566 me
639 1516 908 1563 assertore
940 1503 1249 1575 productos.
1281 1501 1430 1554 Vale.

1067 1592 1278 1649 EPIST.
1319 1591 1558 1647 XXXIII.

595 1696 968 1749 Assectatores
991 1689 1155 1760 diligo
1181 1688 1501 1752 litterarum,
1532 1701 1638 1742 non
1653 1686 1805 1751 quod
1835 1687 1963 1743 mihi
1988 1703 2110 1744 cum

2221 495 2558 558 perspectum
2585 507 2600 545 :
2629 491 2705 545 fas
2731 505 2837 547 non
2869 500 2977 557 est,
3001 491 3045 546 si
3071 491 3197 561 quid
3223 491 3413 546 tribuis
3440 491 3688 546 amicitiae
3713 506 3809 546 no-

2218 587 2380 642 stne,
2405 588 2464 633 ut
2485 589 2608 650 post
2628 581 2989 636 testimonium
3013 595 3190 636 meum
3209 588 3462 652 tanquam
3486 595 3656 638 novus
3676 581 3808 636 ami-

2217 681 2313 723 eus
2339 667 2432 724 tibi
2454 670 2696 727 accedat.
2727 671 2874 726 Vale.

2751 762 2966 820 EPIST.
3010 763 3275 820 XXXVII.

2801 868 3227 910 SVIIACIIUS..."

2291 940 2507 996 Pendeo
2536 941 2700 997 animi
2741 958 2910 1012 usque
2938 944 3004 1000 ad
3043 944 3363 1000 valetudinis
3401 953 3506 999 tute
3537 945 3806 1001 nuntium.

2219 1030 2349 1086 Nam
2385 1034 2611 1088 infirmis
2641 1035 2817 1092 adhuc
2843 1036 3048 1092 viribus
3079 1039 3183 1092 tuis
3214 1038 3450 1092 laborem
3479 1039 3685 1094 itineris
3710 1040 3808 1095 ad-

2217 1123 2422 1189 ditliSti,
2455 1141 2554 1181 nec
2587 1143 2802 1196 possunt
2829 1145 2993 1198 super
3023 1130 3125 1184 hoc
3163 1131 3578 1185 commeantium
3601 1145 3812 1186 sermo-

2217 1219 2374 1273 nibus
2418 1236 2539 1276 esse
2588 1233 2898 1290 contentus,
2945 1223 3207 1292 siquidem
3240 1224 3412 1293 major
3453 1224 3665 1278 affectio
3707 1239 3812 1293 pro

2218 1309 2368 1366 falsis
2398 1313 2604 1381 accepit
2631 1315 2788 1370 dubia
2819 1330 3116 1369 rumorum.
3143 1315 3358 1385 Ex0pto
3385 1315 3548 1384 igitur
3576 1314 3807 1380 litteras,

2215 1420 2442 1471 quarum
2473 1407 2604 1460 fides
2631 1415 2879 1476 apportet
2901 1407 3031 1463 mibi
3053 1409 3120 1463 de
3143 1418 3194 1463 te
3213 1417 3414 1462 certam
3437 1407 3804 1463 securitatem.

2220 1494 2276 1550 Si
2305 1495 2430 1565 quid
2458 1497 2571 1564 ipse
2604 1513 2844 1553 meorum
2875 1509 3091 1553 actuum
3125 1499 3264 1553 scire
3292 1499 3564 1568 postulas,
3591 1498 3660 1552 ab
3688 1501 3808 1567 epi-

2215 1587 2372 1642 stola:
2399 1589 2668 1659 perlatore
2695 1607 3007 1662 cognosces.
3049 1591 3144 1646 Est
3185 1593 3327 1644 enim
3359 1591 3513 1646 nobis
3551 1589 3808 1646 concilia-

2218 1679 2455 1735 tissimus
2481 1681 2552 1735 ob
2576 1685 2696 1737 vita:
2724 1683 3082 1752 integritatem
3099 1724 3114 1749 ,
3146 1681 3444 1751 dignusque
3464 1721 3480 1745 ,
3521 1695 3609 1736 me
3635 1687 3806 1747 teste,

523 1789 719 1844 talibus
748 1785 937 1841 studiis
969 1783 1080 1838 ulla
1121 1785 1367 1852 cognat‘o
1397 1779 1497 1845 sit;
1539 1778 1636 1834 sed
1679 1778 1803 1849 quia
1850 1780 2112 1850 professio
2140 1763 2192 1824 Β
2217 1769 2306 1840 qui
2334 1770 2523 1827 sedulo
2547 1772 2738 1827 domus
2771 1781 2874 1828 ture
2903 1773 3196 1828 cultoribus
3226 1773 3513 1828 inseratur.
3542 1771 3694 1828 Vale.

525 1880 784 1933 bonarum
817 1875 1042 1942 artium,
1095 1872 1247 1942 quasi
1274 1867 1621 1940 pulchritudo
1643 1870 1807 1924 etiam
1851 1871 1904 1924 in
1935 1871 2113 1926 alieno

505 1983 750 2039 corpore
791 1967 963 2021 locata
1001 1964 1253 2020 deiectat.
1303 1962 1492 2017 Merito
1522 1959 1958 2016 Valentinianum
1989 1976 2114 2016 con-

523 2078 712 2132 gressu
758 2059 888 2115 tnihi
931 2058 1166 2128 primore
1184 2064 1557 2124 compertum,
1600 2054 1810 2125 paginis
1860 2055 2110 2124 prosequi

524 2153 760 2207 officium
791 2149 964 2206 duxi:
1001 2146 1136 2202 ιιιεί
1166 2144 1306 2216 apud
1351 2154 1403 2200 te
1442 2145 1671 2217 primam
1711 2144 1929 2215 januam
1961 2160 2114 2201 meus

524 2257 703 2299 sermo
733 2248 1032 2302 reseraret,
1064 2252 1160 2292 sua
1200 2238 1306 2291 vita
1345 2246 1503 2304 atque
1543 2235 1778 2291 eruditio
1803 2235 2116 2291 conciliaret

525 2337 816 2392 amicitiam
846 2332 1160 2404 pleniorem.
1193 2329 1349 2384 Vale.

1062 2426 1110 2480 Ἐ
1157 2423 1284 2480 IS'I‘.
1327 2421 1567 2478 XXXIV.

598 2518 863 2586 Religiosa
893 2531 1022 2572 cura
1046 2525 1167 2579 est,
1201 2529 1321 2582 qua:
1350 2515 1647 2568 amicorum
1683 2513 1866 2568 liberis
1895 2512 2117 2569 exhibe-

510 2619 613 2666 ‘tur
651 2629 661 2662 :
707 2609 1040 2680 ιιι-ωειτιὶιιι,
1089 2607 1134 2661 si
1182 2604 1515 2662 familiaritas
1563 2605 1856 2675 majoribus
1902 2605 2114 2672 delata,

526 2703 829 2759 cumuletur
875 2699 1080 2754 uter-itis
1125 2707 1488 2767 posterorum.
1531 2696 1589 2751 in
1634 2711 1749 2752 rem
1795 2704 2116 2767 praesentem

447 2819 456 2826 ν
527 2805 736 2868 spectat
765 2797 983 2865 praefata
1013 2795 1300 2846 sententia.
1333 2790 1464 2846 Nam
1489 2791 1838 2862 Lampadium
1868 2789 1930 2846 C.
1953 2790 2023 2846 M.
2052 2789 2112 2846 V.

528 2904 637 2944 non
664 2888 847 2958 utique
872 2887 936 2939 ad
966 2901 1024 2939 Se
1055 2885 1202 2952 pensi
1229 2883 1410 2950 habui,
1437 2891 1494 2937 ut
1514 2886 1652 2939 solet
1673 2897 1796 2939 esse
1823 2882 2118 2938 multorum

527 2979 728 3037 caduca
758 2987 813 3034 et
854 2977 1057 3047 fragilis
1086 2974 1298 3032 affectio
1324 2991 1341 3029 :
1373 2974 1467 3030 sed
1506 2990 1574 3030 ex
1600 2989 1666 3030 eo
1701 2975 1912 3045 genitos
1933 3017 1948 3044 ,
1982 2974 2118 3030 etin

531 3074 670 3128 bona
705 3081 923 3141 paterna
953 3069 1184 3124 nitentes
1220 3075 1506 3136 prorogato
1535 3080 1721 3122 amore
1758 3065 2116 3136 contemplor.

2734 1863 2955 1920 EPIST.
2998 1863 3280 1918 XXXVIII.

2787 1973 3218 2015 SVHIACIIUS..’...

2287 2052 2621 2109 Antistianus
2645 2054 2727 2108 vir
2751 2054 2958 2111 ordinis
2989 2054 3180 2122 nostri,
3215 2053 3346 2110 olim
3377 2053 3507 2109 mibi
3538 2053 3810 2124 probitate

2218 2145 2341 2200 vita;
2369 2145 2720 2215 complacitus
2746 2156 2849 2210 est,
2880 2157 2934 2202 et
2959 2146 3196 2202 honestis
3225 2159 3382 2201 carus
3405 2145 3616 2201 officiis.
3649 2145 3809 2214 Quod

2217 2251 2306 2291 me
2334 2251 2399 2291 es
2433 2251 2563 2292 vero
2592 2237 2800 2306 patius,
2830 2252 2988 2306 quam
3019 2236 3074 2292 in
3113 2236 3338 2308 gratiam
3369 2235 3486 2306 ejus
3525 2249 3809 2301 asserere,

2217 2328 2445 2397 qualitas
2471 2329 2753 2394 praesentis
2777 2329 3030 2384 desiderii
3055 2327 3307 2384 ostendit.
3339 2327 3472 2382 Nam
3499 2327 3590 2382 diu
3618 2327 3813 2396 patria

2217 2434 2335 2474 sua)
2378 2419 2588 2475 functus
2623 2419 2974 2489 defensione,
3023 2420 3294 2476 desiderat
3339 2428 3546 2474 tantum
3594 2429 3814 2490 portum

2220 2512 2444 2582 privatae
2475 2512 2672 2582 quietis
2711 2513 2955 2583 adipisci.
2985 2512 3116 2581 Quae
3154 2527 3244 2568 res
3284 2511 3379 2567 tibi
3403 2511 3814 2568 commendabi-

2220 2601 2322 2657 lem
2371 2601 2602 2669 faceret,
2632 2602 2845 2659 etiamsi
2876 2617 3032 2659 meus
3065 2617 3170 2659 non
3214 2603 3564 2658 interveniret
3591 2603 3813 2659 aﬂatus.

2219 2697 2374 2751 Soles
2409 2697 2553 2752 enim
2591 2711 2691 2767 pro
2729 2705 2816 2751 tua
2848 2697 3046 2752 virtute
3073 2696 3302 2767 diligere
3329 2694 3552 2764 cupidos
3585 2693 3716 2760 otii,
3759 2704 3817 2751 et

2221 2787 2437 2842 nescios
2449 2785 2742 2842 ambiendi.
2761 2786 2957 2842 Oratus
2978 2787 3138 2857 igitur
3158 2795 3318 2856 atque
3337 2793 3592 2841 exoratus
3615 2784 3817 2840 litteris

2223 2878 2390 2944 meis,
2439 2877 2662 2948 dignare
2709 2878 3009 2934 concedere
3056 2886 3293 2947 optatam
3337 2876 3576 2947 requiem
3618 2889 3818 2931 vacare

2222 2970 2481 3040 cupienti.
2514 2970 2624 3026 Nec
2656 2971 2828 3032 deerit
2857 2969 3262 3040 subrogandos,
3291 2983 3415 3023 cum
3456 2967 3614 3022 facile
3637 2982 3703 3022 ex
3733 2975 3819 3022 tot

2223 3063 2559 3134 optimatium
2603 3077 2831 3120 numero
2868 3077 3053 3134 parem
3087 3061 3192 3118 fide
3219 3069 3384 3132 atque
3423 3059 3691 3117 industria
3730 3059 3817 3116 vi-

522 3163 642 3222 nos
682 3135 777 3219 tibi
811 3161 963 3216 trado
1003 3161 1071 3214 ab
1109 3135 1255 3213 omni
1291 3135 1483 3226 injuria
1512 3157 1884 3212 vindicandos.
1923 3135 2120 3224 Quaeso
2141 3135 2197 3201 ο
2226 3169 2345 3209 rum
2376 3162 2464 3210 tua
2495 3153 2799 3210 edecimare
2821 3154 2992 3224 possit
3019 3153 3232 3209 electio.
3264 3151 3418 3208 Vale.

531 3267 590 3311 ut
617 3255 789 3309 vicem
824 3268 1029 3316 meam,
1060 3252 1105 3305 si
1135 3263 1263 3304 usus
1292 3248 1504 3312 tulerit,
1533 3248 1708 3318 justus
1733 3248 1936 3304 arbiter
1959 3263 2118 3304 exse—

533 3345 734 3415 quaris.
782 3341 1003 3398 Multum
1045 3339 1203 3410 hujus
1247 3337 1492 3394 beneficii
1539 3337 1844 3408 impetratio
1874 3339 1926 3394 in
1973 3347 2118 3394 tuam

535 3436 768 3501 laudem,
803 3435 857 3487 in
879 3446 1052 3487 meam
1082 3431 1307 3500 gratiam
1337 3427 1694 3498 promovebit.
1727 3427 1877 3484 Vale.

1085 3519 1302 3576 EPIST.
1346 3519 1563 3575 XXXV.

1111 3631 1440 3672 SYNIACIIIJS.
1454 3658 1463 3668 .
1475 3653 1513 3670 ο.
1523 3653 1540 3670 ο

605 3713 799 3769 Multas
841 3716 979 3767 inter
1015 3726 1114 3766 nos
1148 3710 1448 3766 officiorum
1476 3711 1622 3766 vices
1669 3709 1937 3765 scribendi
1985 3725 2118 3764 cun-

531 3807 768 3862 ctatione
793 3804 1141 3875 perdidimus.
1165 3802 1280 3858 Non
1305 3805 1474 3858 sinam
1499 3801 1720 3871 produci
1743 3803 1952 3870 longius
1973 3816 2124 3857 com-

535 3913 697 3953 mune
724 3897 998 3953 delictum.
1028 3895 1260 3949 Assumo
1283 3893 1442 3962 igitur
1465 3892 1592 3947 milti
1622 3893 1858 3963 religiosi
1883 3894 2120 3947 muneris

534 3998 713 4058 partes
754 3988 961 4057 priores
996 4002 1012 4041 :
1053 3994 1110 4042 et
1137 3985 1182 4040 si
1219 3985 1422 4040 referre
1448 3985 1628 4040 verba
1675 3985 1982 4049 dstuleris,
2013 3999 2120 4040 non

535 4081 756 4135 mutabo
784 4078 1137 4148 propositum.
1170 4077 1299 4132 Tum
1327 4076 1730 4132 deliberationis
1759 4077 1862 4132 erit
1891 4078 2122 4133 interca-

534 4171 673 4239 pcdo
696 4169 940 4240 rescripti
967 4187 980 4222 :
1009 4169 1170 4223 modo
1193 4170 1523 4232 memineris,
1551 4171 1908 4226 acceleratnm
1935 4173 2120 4241 gratia!

533 4276 832 4322 recursum.
865 4261 1157 4314 voluntatis
1183 4259 1333 4329 signa
1359 4259 1640 4330 praeferre,
1672 4275 1852 4315 serum
1879 4260 2119 4316 necessi-

530 4351 677 4408 tatis.
708 4351 851 4406 Satis
879 4351 1008 4406 mibi
1032 4351 1216 4405 videor
1244 4350 1609 4406 instaurandis
1636 4353 1976 4408 commerciis
2005 4353 2118 4421 epi-

530 4445 789 4500 stolarum
823 4444 1050 4499 locutus.
1088 4444 1219 4499 Dein
1242 4459 1421 4500 sermo
1450 4444 1626 4500 Probo
1649 4445 1890 4514 portitori
1920 4445 2116 4514 aliquid

2764 3245 2980 3302 EPIST.
3022 3245 3268 3301 XXXIX.

2795 3355 3122 3398 SVIIACBUI.
3132 3380 3148 3396 ο
3158 3381 3171 3396 .
3183 3380 3222 3396 ο.

2294 3435 2630 3492 Desidet-ium
2661 3436 2792 3491 mihi
2823 3435 3072 3490 amicitia:
3099 3445 3206 3491 tua:
3231 3436 3397 3492 frater
3421 3448 3573 3491 meus
3605 3431 3810 3500 Nicias,

2223 3542 2344 3582 eum
2394 3528 2580 3598 primis
2627 3527 3068 3598 philosophorum
3129 3527 3494 3583 numerandus
3555 3526 3814 3594 incussit,

2225 3627 2500 3687 postquam
2525 3633 2620 3689 per
2639 3618 2922 3688 epistolam
2953 3619 3076 3674 fecit
3100 3618 3380 3686 indicium,
3413 3617 3554 3687 quod
3573 3617 3623 3673 ei
3646 3617 3814 3671 filiam

2225 3720 2368 3766 tuam
2398 3711 2498 3767 fida
2541 3712 2790 3783 pactione
2813 3711 3187 3781 desponderis.
3225 3712 3356 3778 Quae
3386 3725 3475 3766 res
3503 3710 3816 3767 tesrimonio

2222 3814 2341 3869 est,
2389 3805 2659 3860 sincerum
2707 3804 2800 3859 tibi
2848 3805 3025 3859 inesse
3065 3803 3322 3873 judicium
3365 3819 3380 3856 :
3421 3811 3475 3858 et
3520 3811 3809 3871 propterea

2225 3895 2638 3950 familiaritatem
2663 3896 2738 3950 tui
2770 3896 2914 3949 uitro
2941 3909 3130 3949 omnes
3159 3894 3332 3949 bonos
3359 3892 3558 3948 debere
3588 3892 3808 3947 sectari.

2222 3989 2430 4043 Asserit
2457 3988 2600 4042 enim
2627 3987 2956 4055 probabilem
2980 3995 3214 4041 mentem
3243 3985 3365 4040 talis
3393 3984 3608 4040 electio.
3631 3982 3812 4050 Quare

2222 4082 2441 4150 optimae
2470 4079 2729 4134 voluntati
2772 4081 2952 4134 calcar
2980 4077 3264 4146 admoveo,
3311 4085 3470 4147 teque
3511 4076 3720 4140 hortor,
3750 4083 3814 4130 ut

2222 4172 2616 4240 quamprimum
2670 4169 3094 4225 landatissimum
3143 4182 3400 4238 generum
3463 4165 3568 4222 diis
3610 4165 3810 4236 juvan-

2223 4263 2364 4318 tibus
2394 4262 2655 4318 sortiaris.
2681 4263 2847 4332 Cujus
2875 4262 3112 4317 accessio
3145 4261 3237 4316 tibi
3269 4269 3324 4316 et
3351 4259 3659 4316 conciliabit
3681 4273 3813 4328 gra-

2225 4355 2350 4410 tiam
2381 4354 2760 4424 plnrimorum,
2793 4363 2847 4407 et
2883 4354 3048 4409 decus
3081 4352 3360 4408 affinitatis
3385 4351 3620 4422 adjiciet.
3653 4351 3808 4407 Vale.

2823 4447 3040 4502 EPIST.
3086 4446 3197 4501 XL.

530 4536 778 4592 utilitatis
798 4535 961 4591 debet
988 4535 1204 4591 afferre.
1254 4535 1345 4590 Est
1379 4535 1521 4592 enim
1554 4510 1684 4590 milii
1719 4510 2112 4594 familiarisvdi-
2143 4510 2198 4571 Β
2294 4541 2448 4595 Ratio
2478 4540 2692 4611 quidem
2735 4539 2954 4609 justitia:
2996 4538 3140 4592 serio
3175 4551 3390 4605 semper
3420 4533 3658 4591 habenda
3700 4541 3808 4589 est.

527 4641 774 4699 gnusque
819 4626 1118 4696 patrocinio
1167 4635 1256 4681 tuo
1294 4644 1306 4679 :
1339 4643 1497 4696 quem
1545 4626 1590 4681 si
1638 4627 1849 4696 plarido
1892 4643 1987 4684 ore
2027 4643 2118 4683 re-

531 4718 809 4788 spexeris,
840 4717 1080 4772 fortunas
1107 4731 1230 4772 suas
1259 4719 1494 4772 crevisse
1521 4718 1790 4787 gaudebit.
1821 4720 1972 4776 Vale.

1073 4808 1285 4862 EPIST.
1328 4807 1569 4863 XXXVI.

1105 4912 1532 4954 Μυκηνῶν...

497 4993 515 5090 χ
601 4991 805 5047 Taceas
831 4990 974 5057 licet,
1003 4997 1055 5046 et
1085 4989 1392 5046 salutationi
1421 4989 1752 5060 respondere
1776 4990 2080 5049 dissimules
2100 5034 2118 5060 ,

509 5080 806 5154 Enunquam
833 5095 919 5138 me
942 5097 972 5137 a
999 5080 1250 5152 religioso
1281 5081 1463 5138 officio
1488 5081 1811 5138 rlimovebis.
1843 5082 2118 5140 Excutiam

507 5143 887 5250 lquandoque,
935 5185 996 5232 ut
1045 5143 1147 5232 hac
1193 5176 1556 5233 ob5tination‘e
1603 5177 1856 5235 decedas.
1911 5179 2120 5236 interea

532 5270 761 5328 necdum
788 5277 1100 5338 recuperata
1131 5268 1320 5324 fiducia
1351 5269 1466 5334 tui,
1508 5270 1682 5326 audax
1713 5287 1907 5327 munus
1936 5273 2085 5342 ingte

529 5366 668 5420 dior.
697 5363 1101 5430 Commendare
1153 5364 1294 5420 enim
1358 5364 1452 5420 tibi
1503 5360 1661 5435 b'ujns
1699 5367 1883 5437 scripti
1924 5366 2117 5423 studeo

531 5473 831 5524 vectorem,
860 5457 1112 5528 juvenem
1149 5459 1423 5527 gravitatis
1461 5468 1704 5524 exactge,
1747 5459 1983 5529 mihique
2020 5461 2117 5516 du-

529 5552 654 5606 dum
689 5554 968 5622 probatum
1003 5565 1098 5620 per
1143 5549 1364 5606 honesta
1410 5549 1765 5621 documenta,
1817 5566 1917 5608 nec
1960 5553 2115 5607 iuet-

532 5652 740 5710 pcrtum
776 5645 850 5712 (si
888 5651 1034 5700 recte
1073 5642 1315 5711 aestimo)
1349 5643 1553 5712 judicio
1584 5652 1674 5699 tuo
1701 5661 1716 5702 ;
1745 5646 1864 5715 quia
1893 5659 2116 5700 securus

531 5733 652 5786 vita:
680 5741 735 5786 ct
761 5734 960 5806 militia:
980 5735 1210 5803 veteris,
1242 5749 1513 5802 nunquam
1546 5734 1739 5804 refugit
1766 5750 1992 5793 etamen
2023 5751 2116 5792 su-

2223 4633 2328 4689 Sed
2355 4633 2495 4688 circa
2525 4631 2732 4686 nobiles
2764 4629 3178 4701 probabilesque
3207 4641 3470 4698 personas
3501 4627 3619 4695 plus
3647 4623 3812 4679 debet

2222 4739 2342 4781 esse
2373 4723 2781 4787 moderaminis,
2824 4731 2881 4776 ut
2909 4719 3261 4792 perspiciatur
3293 4719 3348 4773 in
3374 4716 3698 4772 discretione
3722 4715 3802 4784 ju~

2223 4817 2444 4872 dicium.
2494 4814 2605 4870 lloc
2642 4829 2708 4869 eo
2756 4813 3064 4884 proloquor,
3116 4821 3176 4866 ut
3223 4811 3584 4866 interventum
3627 4820 3810 4861 meum

2222 4907 2572 4978 generalita'e
2629 4904 3021 4963 commendem.
3076 4902 3261 4960 Genus
3309 4911 3486 4956 autem
3539 4895 3815 4969 petitionis

2228 4998 2532 5069 bujusmodi
2561 5005 2664 5053 e~t.
2698 4997 2823 5068 Agri
2847 4996 3052 5051 sororis
3082 5009 3216 5050 mete
3241 4993 3452 5055 Italian,
3480 4988 3706 5045 illustris
3734 4987 3816 5043 fe-

2228 5097 2421 5156 minae,
2451 5091 2659 5146 cultore
2681 5088 2889 5145 vacuati
2909 5130 2926 5153 ,
2965 5097 3022 5144 et
3057 5086 3182 5142 fessi
3212 5099 3376 5140 onere
3401 5095 3682 5137 munerum
3715 5094 3816 5148 pu-

2225 5185 2509 5249 blicorum,
2534 5181 2817 5253 judiciaria
2840 5179 3164 5235 auctoritate
3190 5172 3464 5231 refovendi
3485 5179 3633 5226 sunt.
3662 5169 3815 5226 Hanc

2225 5295 2378 5344 orem
2405 5293 2473 5332 ue
2510 5278 2583 5330 tui
2615 5275 2780 5330 animi
2813 5273 3067 5344 equitate
3096 5269 3337 5342 promisi.
3365 5265 3522 5321 Certa
3557 5271 3644 5320 est
3664 5264 3812 5318 enim

2224 5369 2291 5425 de
2337 5369 2598 5424 bonorum
2652 5374 2831 5420 mente
2892 5359 3260 5434 praesumptio.
3313 5355 3600 5427 Spousioni
3653 5353 3816 5423 igitur

2223 5475 2388 5524 meae,
2418 5460 2462 5512 si
2491 5458 2585 5512 tibi
2616 5455 2765 5510 cordi
2805 5468 2954 5518 sum,
2995 5453 3156 5508 fidem
3198 5458 3414 5521 praesta,
3471 5454 3526 5501 et
3554 5441 3813 5516 quidquid

2222 5554 2382 5608 rebus
2413 5561 2572 5620 atque
2603 5548 2905 5605 rationibus
2945 5555 3204 5602 matrona:
3243 5541 3486 5598 ab:entis
3506 5551 3811 5595 accommo-

2221 5643 2348 5698 dum
2379 5651 2484 5706 est,
2516 5651 2645 5697 nutu
2669 5640 2809 5696 facili
2837 5639 3032 5706 tribue,
3059 5651 3194 5692 mea:
3215 5635 3574 5704 imputaturus
3601 5628 3813 5701 gratis,

2222 5733 2478 5803 quidquid
2509 5732 2583 5788 illi
2615 5731 2812 5787 favoris
2843 5727 3188 5799 impenderis.
3223 5725 3373 5780 Vale.
