4074 6176
267 338 376 396 $57
1501 329 1876 386 ERSTOLA“

1964 333 1978 384 l
2025 331 2221 388 ilBER
2261 332 2353 388 IX.
3439 340 3567 396 533-

853 441 1072 500 EI‘IST.
1116 443 1250 497 XLI.
1883 445 1934 503 Α
2560 449 2779 508 EPIST.
2823 450 2982 507 XL'V.

327 542 503 597 Silere
531 553 638 593 non
665 537 823 593 debui
849 552 916 590 eo
939 545 1311 598 commeante,
1343 533 1434 604 qui
1475 545 1597 590 tuus
1625 545 1706 590 est
1733 553 1745 589 :
1779 535 1854 589 si-
2543 557 2971 600 summus..."

261 636 473 706 quidem
533 629 878 685 necessitudo
929 628 1069 681 inter
1110 640 1204 679 vos
1247 625 1420 679 futura
1463 624 1750 693 persuadet
1795 634 1852 678 ut
2029 631 2300 690 Penecm
2321 637 2527 690 sumad
2555 637 3010 716 meqimmlum,
3036 637 3231 693 ωηιξη
3259 637 3566 708 σατυρικῇ,Δ

261 731 473 798 utrique
513 737 750 782 vestrum
798 724 988 778 similis
1030 740 1059 776 a
1105 739 1193 777 me
1242 721 1515 790 diligcmia
1559 722 1850 778 deferatur.
1956 721 2228 780 littoribus
2269 727 2489 782 otiarer.
2531 725 2706 783 Credo
2726 736 2778 784 te
2817 728 3007 797 fando,
3035 739 3125 784 aut
3150 729 3382 785 lectione
3407 729 3548 786 didi-

259 824 434 887 Quare
469 818 844 873 salutationem
897 815 1212 870 litterariam
1258 813 1352 867 tibi
1395 812 1612 878 defero,
1643 826 1696 869 et
1727 815 1854 868 hor-
1955 815 2129 883 cisse,
2163 827 2360 886 quanta
2391 820 2460 875 sit
2501 819 2661 890 hujus
2699 821 2933 893 regionis
2961 832 3233 880 venustas.
3261 821 3406 878 Vicit
3429 824 3550 894 epi-

259 924 342 967 tor
369 924 426 965 ut
456 915 631 964 virum
665 907 1075 962 dcvotissimum
1105 905 1407 968 Ticianum,
1441 904 1681 973 mihique
1718 905 1858 959 ami-
1956 910 2091 966 stola
2119 922 2208 968 tua
2244 915 2515 982 appositas
2539 917 2861 988 voluptates.
2889 917 3097 988 Spretis
3121 918 3281 989 igitur
3305 920 3542 985 caeteris,

257 1003 578 1066 cissimum,
646 999 934 1069 praemissae
989 996 1386 1066 coniunctionis
1452 995 1850 1066 Quamprimum
1959 1013 2074 1072 qua:
2096 1005 2372 1075 ingerebat
2399 1007 2708 1078 locigratia,
2733 1019 2903 1066 totum
2931 1013 3166 1066 animum
3199 1014 3544 1068 recensendas

255 1101 563 1162 compotem
591 1099 836 1160 prtnstes.
875 1087 1023 1140 Vale.
1957 1097 2163 1168 paginae
2184 1114 2353 1170 usque
2375 1099 2440 1155 ad
2465 1102 2777 1157 memoriam
2801 1103 3124 1172 mancipavi.
3148 1099 3360 1159 Utinam
3391 1105 3544 1173 plura

844 1177 1064 1233 EPIST.
1099 1175 1261 1232 XLII.
1956 1187 2237 1244 dictasses.
2272 1190 2398 1245 Mihi
2432 1199 2606 1246 tamen
2637 1207 2782 1262 saepe
2810 1193 3034 1262 repetita
3066 1194 3234 1248 instar
3255 1195 3545 1249 multorum

322 1276 561 1330 Fructus
585 1271 785 1326 laboris
811 1279 892 1326 est
911 1310 928 1336 ,
954 1271 1166 1340 placere
1191 1269 1527 1334 melioribus.
1555 1281 1606 1325 et
1642 1283 1739 1338 pro
1767 1273 1849 1324 in-
1957 1277 2193 1334 ruerunt,
2235 1279 2464 1338 posthac
2493 1284 2708 1352 parcius
2739 1298 2975 1352 promas,
3008 1283 3151 1354 quod
3173 1299 3237 1340 ει
3268 1284 3548 1340 abundan-

250 1366 461 1422 dustria
495 1374 658 1433 atque
687 1361 992 1431 integritate
1025 1361 1254 1430 palmam
1297 1359 1483 1430 judicii
1528 1361 1851 1430 promereri.
1957 1370 2032 1426 tia
2074 1370 2272 1442 ingenii
2304 1373 2378 1427 tui
2407 1375 2684 1440 nascitur,
2715 1390 2784 1432 ne
2827 1391 2914 1432 me
2957 1390 3194 1447 quoque,
3251 1377 3338 1432 cui
3377 1377 3546 1448 stylus

249 1460 599 1529 QuaprOpter
641 1457 908 1526 Benignus
939 1456 1004 1510 V.
1031 1457 1096 1510 C.
1133 1455 1273 1511 ﬁlius
1301 1471 1474 1522 meus,
1502 1458 1577 1512 rei
1612 1456 1852 1511 frumen-
1958 1475 2159 1530 pauper
2186 1472 2298 1528 est,
2332 1463 2384 1517 in
2415 1473 2623 1519 arctum
2650 1474 2869 1522 revocet
2896 1468 3194 1523 voluntaria
3223 1477 3306 1522 tua
3332 1466 3552 1538 frugali-

251 1554 410 1609 tariaa
438 1552 710 1622 negotium
729 1548 971 1619 pervigili
992 1549 1202 1616 animo,
1231 1558 1284 1604 et
1309 1549 1456 1615 puris
1487 1549 1736 1604 manibus
1761 1564 1856 1603 ex-
1958 1561 2060 1606 tas.
2093 1551 2248 1619 Quod
2279 1562 2464 1620 restat,
2487 1554 2762 1612 Aurelium
2787 1557 2883 1611 tibi
2911 1559 3089 1614 denuo
3116 1559 3167 1614 in
3197 1575 3410 1613 manum
3443 1568 3549 1613 tra-

250 1656 519 1711 secutus,
548 1644 716 1698 solam
747 1643 814 1698 de
847 1653 898 1698 te
927 1645 1230 1698 mercedem
1258 1643 1386 1712 justi
1417 1643 1618 1697 amoris
1662 1657 1855 1710 exspe-
1957 1640 2163 1716 d'imus,
2188 1659 2293 1699 non
2319 1659 2423 1713 quo
2451 1645 2696 1701 inefﬁcax
2740 1648 2899 1703 fuerit
2928 1649 3074 1716 priur
3116 1651 3544 1713 commendatio;

247 1748 386 1794 ctat.
405 1736 949 1793 TeSIaturinsomnes
966 1735 1084 1803 ejus
1110 1748 1268 1789 curas
1300 1735 1639 1790 imbecillitas
1661 1750 1852 1806 corpo.
1957 1733 2054 1788 sed
2079 1745 2134 1788 ut
2157 1735 2404 1791 meritum
2428 1737 2543 1807 ejus
2563 1748 2906 1810 nostramque
2929 1755 3110 1796 curam
3142 1751 3366 1796 testetur
3387 1743 3567 1796 etiam.

251 1834 352 1888 ris.
398 1829 548 1886 Nihil
577 1830 718 1884 enim
758 1829 827 1883 de
867 1826 1114 1882 Sardinia
1145 1828 1476 1896 reportavit.
1509 1827 1611 1880 nisi
1654 1828 1850 1882 bonam
1883 1819 1933 1879 B
1959 1823 2189 1878 iteratio.
2228 1825 2376 1882 Vale.

251 1921 668 1985 conscientiam,
691 1928 747 1975 et
777 1919 971 1974 malam
995 1917 1353 1972 valetudinem
1379 1933 1394 1972 :
1430 1917 1643 1972 horreis
1671 1927 1850 1972 autem
2544 1920 2757 1976 Epls'r,
2806 1921 2984 1976 XLVL

253 2024 467 2069 tantum
497 2011 665 2082 frugis
695 2011 906 2065 invexit
929 2051 945 2077 ,
985 2017 1242 2080 quantum
1281 2008 1359 2064 illi
1408 2010 1699 2080 provincia:
1727 2009 1851 2064 anni
2536 2028 2964 2069 svuuacnus.....

255 2102 1016 2164 fortunacontulerat.Nullus
1033 2101 1100 2158 de
1122 2116 1190 2158 eo
1215 2101 1852 2164 rumoradtersusmulla
2026 2101 2278 2171 Quisquis
2309 2117 2348 2158 a-
2382 2103 2536 2159 nobis
2574 2105 2626 2159 in
2659 2093 3180 2163 commendationem
3223 2107 3306 2162 sui
3342 2107 3570 2162 litteras.

254 2199 705 2269 eonquestio.res
733 2195 1029 2266 semperad
1058 2194 1624 2264 arguendumparatte.
1650 2195 1851 2250 Horum
1957 2193 2129 2264 petit,
2161 2201 2381 2264 praestat
2406 2198 2663 2266 gratiam,
2693 2215 2848 2268 quam
2876 2216 2928 2253 se
2962 2208 3111 2270 putat
3157 2201 3408 2271 accipere.
3442 2205 3551 2254 An-

255 2293 500 2347 οωιιίυηι
557 2291 1033 2357 ιοοιιιιιειὶςεὶιηυιη
1095 2290 1326 2360 pretium
1365 2299 1487 2355 est,
1531 2291 1575 2344 si
1617 2290 1854 2346 amicitia
1954 2284 2152 2354 tiquior
2173 2294 2258 2341 cst
2277 2286 2423 2342 enim
2453 2287 2582 2342 mihi
2608 2289 2858 2344 amiciti-ac
2886 2290 3084 2356 cultus,
3101 2305 3260 2362 quam
3288 2290 3392 2345 illis
3414 2306 3552 2360 pra:-

256 2392 347 2438 tua
375 2384 578 2454 dignus
610 2381 892 2440 habeatur,
923 2381 1078 2449 Quod
1113 2381 1242 2436 mihi
1272 2381 1481 2437 dedivc
1507 2381 1574 2436 ad
1600 2383 1856 2451 impetra-
1955 2376 2075 2432 sidii
2105 2377 2701 2449 impetratio.Repende
2730 2382 2890 2452 igitur
2906 2381 3062 2451 hujus
3085 2391 3346 2454 prompta:
3370 2397 3566 2452 opera:-

253 2481 463 2532 tionem
497 2475 710 2530 videtur
745 2492 758 2527 :
793 2475 837 2528 si
882 2473 1098 2544 quidem
1141 2487 1362 2527 necesse
1401 2482 1516 2538 ett,
1548 2483 1600 2528 te
1627 2473 1860 2529 delectet
1957 2468 2262 2526 mercedem
2284 2471 2485 2542 scripta
2524 2472 2791 2541 reddenti,
2821 2481 2877 2528 et
2918 2488 3015 2542 pro
3041 2473 3412 2531 mediocritate
3443 2473 3553 2530 for-

250 2584 450 2625 eorum
479 2567 721 2638 probitas
745 2580 970 2637 quorum
1002 2581 1106 2618 non
1139 2563 1324 2618 fefellit
1349 2565 1563 2620 electio.
1601 2564 1754 2621 Vale.
1956 2566 2101 2613 tuna:
2131 2558 2406 2616 hominem
2436 2577 2744 2619 munerare.
2783 2564 2837 2618 In
2869 2576 2958 2618 tuo
2983 2565 3110 2633 jure
3139 2574 3253 2632 est,
3280 2581 3368 2621 me
3387 2565 3548 2621 etiam

845 2655 1064 2711 EPIST.
1095 2654 1276 2710 XLIII.
1958 2649 2118 2706 officii
2151 2655 2317 2709 mutui
2344 2654 2549 2711 honore
2582 2657 2838 2726 digneris.
2872 2656 3055 2728 Neque
3082 2658 3227 2714 enim
3259 2659 3551 2714 verborum

330 2748 615 2819 Religiosa
658 2747 838 2818 potius
867 2761 1024 2817 quam
1059 2745 1318 2800 invidiosa
1346 2745 1575 2816 quaestio
1600 2755 1704 2813 est,
1736 2761 1856 2817 quae
1958 2742 2115 2800 fenus
2151 2759 2380 2801 exerceo
2403 2787 2418 2811 ,
2449 2758 2508 2802 ut
2535 2757 2588 2804 te
2627 2748 2695 2804 de
2722 2749 2990 2804 solutione
3016 2749 3351 2805 conveniam.
3376 2749 3556 2806 Grave

249 2841 421 2897 Idem
459 2850 738 2912 pactorum
778 2837 992 2908 repetit.
1026 2836 1164 2892 Nolo
1207 2837 1369 2906 igitur
1395 2837 1673 2892 existimes
1697 2878 1711 2903 ,
1740 2839 1858 2893 cut-
1959 2845 2043 2892 est
2084 2845 2136 2894 te
2161 2838 2228 2894 ad
2257 2839 2403 2912 leges
2447 2841 2612 2897 debiti
2643 2842 2852 2913 redigi,
2883 2842 2974 2914 qui
3006 2859 3106 2900 ωο-
3130 2842 3324 2900 officiis
3362 2844 3567 2900 volun--

250 2935 516 3004 pabililvl'
542 2931 609 2985 ad
648 2946 734 2985 me
756 2944 879 2986 esse
900 2929 1189 3000 perlatum,
1221 2927 1364 2998 quod
1396 2937 1579 2996 pactas
1606 2927 1726 2983 ﬁliae
1755 2939 1857 2984 tua:
1959 2927 2112 2985 tariis
2140 2921 2286 3000 sape
2314 2932 2600 3002 superasti.
2631 2932 2782 2986 Vale.

248 3026 481 3097 nuptias
533 3040 657 3079 cum
700 3023 947 3078 Herculio
983 3023 1314 3078 amicissimo
1354 3037 1475 3077 meo
1517 3021 1859 3077 haesitatione
2523 3023 2738 3077 EPIST.
2781 3022 2991 3081 XLVII.

247 3120 590 3192 suspendas.
635 3119 741 3174 Sed
772 3119 1005 3188 caeteris,
1035 3132 1172 3190 quos
1200 3119 1528 3173 matrimonii
1566 3118 1635 3174 de
1679 3128 1730 3173 te
1761 3118 1861 3172 im-
1895 3181 1935 3192 _
2531 3130 2958 3172 SVMIACIIUS...”

249 3181 462 3285 petrati
487 3212 574 3267 vel
596 3211 865 3281 adjutores
893 3181 1002 3266 scit,
1020 3181 1207 3276 fuisse,
1231 3211 1315 3266 vel
1338 3219 1523 3276 testes,
1547 3225 1859 3281 mequoque
1885 3181 1936 3246 α
2037 3205 2306 3261 Bonorum
2342 3205 2582 3261 virorum
2627 3221 2811 3264 curam
2858 3206 2954 3263 tibi
2994 3221 3119 3265 esse
3162 3222 3268 3264 non
3316 3208 3550 3279 ambigo.

247 3307 431 3360 voluit
454 3303 745 3358 admovere
768 3343 783 3366 ,
808 3311 865 3357 ut
893 3317 1152 3373 suspensa
1174 3303 1264 3358 ditt
1294 3312 1419 3359 vota
1449 3304 1571 3358 novi
1618 3303 1858 3360 hortato-
1962 3299 2138 3355 Mores
2158 3300 2303 3355 enim
2333 3308 2455 3356 tuos
2495 3314 2715 3357 necesse
2741 3309 2820 3357 est
2849 3300 3103 3357 similium
3135 3303 3391 3357 virtutum
3426 3317 3553 3356 cou-

250 3401 328 3452 ris
352 3395 628 3464 impulsus
657 3393 942 3448 acceleret.
973 3392 1181 3448 Maneat
1209 3394 1403 3465 igitur,
1427 3409 1524 3450 oro
1546 3403 1620 3462 te,
1654 3394 1862 3451 stabili-
1959 3391 2236 3461 junrtione
2256 3391 2514 3462 gaudere.
2546 3393 2600 3447 Si
2623 3390 2750 3462 quid
2782 3390 2943 3461 igitur
2969 3393 3100 3447 mihi
3131 3393 3344 3457 tribuis,
3372 3408 3564 3462 quaeso.

252 3502 340 3545 tas
370 3486 766 3557 promissorum
791 3525 806 3548 ,
850 3499 952 3540 nec
995 3485 1318 3540 senatoriam
1366 3485 1524 3541 Iidem
1573 3486 1860 3541 voluntatis
1967 3493 2039 3550 te,
2069 3485 2398 3556 amplectere
2433 3484 2698 3540 amicitias
2719 3482 2923 3539 domini
2953 3481 3120 3538 etﬁlii
3144 3485 3246 3539 mei
3271 3483 3510 3538 Flaviani
3536 3500 3556 3536 :

252 3579 497 3636 mutatio
526 3578 864 3633 devenustet.
897 3574 1073 3630 Prosit
1101 3575 1263 3630 etiam
1304 3586 1460 3645 pacto
1503 3576 1693 3633 {mderi
1725 3593 1859 3633 mete
1964 3592 2123 3646 quem
2149 3590 2255 3630 non
2286 3577 2457 3631 solmn
2490 3575 2757 3645 parentis,
2791 3589 2978 3630 verum
3013 3574 3175 3629 etiam
3204 3574 3355 3630 testis
3382 3573 3556 3629 ﬁdeli-

255 3687 359 3744 pro
393 3672 495 3726 illo
525 3669 798 3738 petitionis
838 3667 1072 3737 adjectio
1100 3685 1113 3719 :
1146 3667 1230 3722 cui
1257 3682 1364 3723 non
1393 3669 1509 3723 sine
1533 3669 1857 3724 contumelia
1967 3676 2074 3723 tate
2093 3666 2435 3724 commendo.
2455 3661 2772 3734 lleperiesiti
2794 3679 2859 3719 eo
2885 3664 3350 3734 mentemdiguam
3368 3680 3556 3720 amore

251 3766 466 3836 placita
507 3763 798 3830 denegabis
817 3805 832 3830 ,
866 3775 988 3816 cum
1016 3769 1262 3830 prompte
1293 3759 1444 3814 nobis
1465 3759 1675 3815 deferre
1695 3761 1857 3815 etiam
1966 3765 2152 3823 tuo,et
2171 3757 2396 3812 meliore
2419 3755 2654 3821 fortuna,
2680 3755 2804 3812 licet
2822 3758 2960 3811 sacri
2979 3755 3226 3812 beneﬁcii
3245 3756 3566 3826 magnitudo-

252 3858 533 3912 intentata
562 3853 830 3908 debueris.
845 3849 1003 3907 Certe
1027 3866 1088 3906 ea
1120 3851 1219 3904 viri
1247 3850 1508 3905 modestia
1531 3891 1546 3915 ,
1577 3866 1639 3905 ea
1669 3851 1719 3904 in
1744 3850 1860 3905 foro
1966 3848 2177 3903 casibus
2207 3848 2324 3916 ejus
2354 3849 2684 3913 occurrerit,
2717 3853 2772 3902 et
2800 3846 2866 3900 ad
2898 3846 3170 3901 cumulum
3196 3845 3431 3900 lenitatis
3460 3845 3557 3900 ad-

253 3949 518 4002 Ilomano
548 3945 777 4012 dignitas
798 3953 899 4006 est,
925 3951 985 3998 ut
1010 3919 1266 4011 qttatttu.m
1295 3943 1345 3997 ei
1372 3944 1560 4012 gratia:
1603 3943 1856 4006 tribuisti,
1962 3939 2103 4008 jccta
2132 3939 2202 3995 sit
2229 3939 2494 3995 evocatio.
2548 3937 2700 3994 Unde
2729 3953 2941 4007 equum
2981 3947 3063 3991 est
3088 3977 3102 4002 ,
3150 3951 3309 4006 quem
3337 3936 3555 4006 respicit

252 4049 477 4095 tantum
526 4035 828 4091 ornamenti
873 4051 939 4089 ex
987 4050 1184 4102 gcncro
1234 4034 1609 4103 consequaris.
1657 4032 1860 4090 Uberes
1967 4029 2246 4098 imperiale
2287 4027 2641 4098 suffragium,
2686 4026 3018 4081 familiaritas
3064 4034 3152 4080 tua
3181 4042 3285 4081 non
3317 4025 3549 4082 deserat.

252 4132 460 4188 laudes
501 4129 620 4197 ejus
645 4167 662 4192 ,
694 4134 749 4182 ct
776 4127 898 4180 vita:
935 4128 1342 4180 honestamenta
1386 4138 1766 4194 prosequerer,
1813 4125 1860 4180 si
1965 4123 2116 4178 Vale.
2730 4121 2736 4128 '

252 4225 471 4278 bonum
496 4219 728 4287 aliquem
761 4216 1023 4270 videreris
1043 4214 1348 4269 admittere.
1381 4216 1450 4269 At
1472 4229 1594 4268 cum
1622 4213 1716 4268 tibi
1744 4215 1860 4283 ejus
2521 4211 2738 4266 EPIST.
2781 4209 3010 4267 XLVIII.

253 4313 409 4368 bona
436 4324 562 4365 esse
579 4315 850 4376 comperta
881 4305 1160 4360 evidenter
1187 4314 1391 4360 astruat
1416 4304 1616 4359 dudum
1645 4315 1861 4374 recepta
2545 4315 2976 4357 SVIIIACIIUS..."

253 4403 545 4465 conditio;
573 4414 678 4454 non
695 4399 870 4454 debeo
893 4397 1010 4467 ejus
1033 4395 1300 4466 protelare
1333 4397 1677 4463 praeconium.
1701 4411 1860 4464 quem
2038 4396 2119 4451 Ad
2145 4405 2388 4468 posteros
2415 4394 2711 4449 amicorum
2747 4408 2929 4449 curam
2956 4391 3251 4448 transferre
3271 4391 3552 4462 debemus,

258 4494 363 4547 tibi
406 4491 641 4560 suscepti
675 4489 893 4544 hederis
940 4487 1132 4562 pignus
1170 4484 1366 4541 indicat
1401 4485 1509 4555 jam
1553 4485 1857 4555 probatum.
1895 4555 1935 4562 _
1967 4495 2036 4542 ne
2064 4487 2193 4542 ﬁdes
2224 4501 2344 4541 cum
2369 4484 2583 4539 homine
2610 4483 2876 4539 interiisse
2900 4482 3166 4539 videatur.
3193 4484 3369 4554 Exigit
3399 4483 3557 4554 igitur

259 4585 424 4639 Vale.
1890 4555 1945 4616 D
1969 4593 1996 4630 a
2037 4593 2124 4632 me
2155 4577 2410 4632 memoria
2454 4575 2688 4631 Petronii
2722 4576 3117 4643 cxconsularis,
3159 4575 3244 4631 cui
3292 4577 3371 4630 lar
3412 4575 3562 4645 apud

835 4667 1052 4723 EPIST.
1092 4667 1276 4723 XLIV.
1968 4669 2268 4722 Ariminum
2302 4667 2400 4721 fuit
2428 4707 2444 4733 ,
2481 4676 2540 4721 ut
2561 4666 2679 4736 ejus
2710 4666 2844 4720 ﬁlios
2875 4668 3216 4723 haareditario
3241 4682 3428 4723 amore
3458 4667 3556 4723 de-

853 4775 1282 4815 SYIIACIIIIS..."
1969 4761 2203 4816 fendam.
2237 4762 2442 4816 Ilorum
2470 4760 2662 4815 domus
2693 4759 3012 4816 militaribus
3059 4763 3139 4815 ha‘
3165 4761 3342 4817 itauda
3373 4762 3559 4817 decer-

343 4852 900 4918 Disarius,tnedicinze
922 4851 1216 4921 professor,
1234 4849 1406 4904 virum
1427 4857 1630 4903 sancta:
1658 4863 1861 4904 memo-
1969 4855 2143 4919 nitur,
2171 4865 2225 4910 et
2256 4855 2309 4909 ni
2349 4855 2558 4924 publica
2589 4863 2870 4908 succurrat
2898 4855 3191 4909 auctoritas
3210 4897 3226 4922 ,
3253 4865 3560 4910 extremum

264 4947 371 5002 ria
395 4957 557 5014 atque
585 4944 828 5010 illustris,
861 4951 1068 5012 patrem
1102 4951 1249 4996 tuum
1273 4955 1369 5011 spe
1389 4941 1644 4994 commodi
1664 4940 1866 4995 uberio—
1973 4948 2201 5016 patietur
2220 4947 2510 5003 excidium.
2539 4945 2598 5001 Si
2622 4946 2746 5015 quid
2779 4947 2939 5016 igitur
2958 4946 3286 5001 interventui
3318 4961 3440 5001 meo
3461 4945 3556 5000 tri.

262 5039 342 5092 ris
365 5038 416 5091 in
442 5035 668 5091 Galliam
697 5045 898 5089 secutus
918 5035 1039 5104 fuit.
1067 5032 1136 5089 Et
1155 5033 1279 5104 quia
1309 5033 1358 5088 ei
1379 5031 1654 5088 cohrererc
1675 5032 1863 5088 ἀθεω-
1972 5040 2104 5094 bues
2127 5079 2142 5104 ,
2175 5038 2312 5093 datis
2341 5038 2408 5093 ad
2439 5037 2861 5093 Ariminensium
2901 5035 3248 5108 magistratus
3283 5044 3443 5107 atque
3473 5051 3563 5091 or-

262 5141 448 5197 verat,
469 5144 650 5185 rerum
673 5143 894 5182 suarum
906 5128 1280 5197 Aquitanicam
1299 5125 1554 5181 nonnulla
1579 5125 1858 5195 pramisilo
1969 5131 2124 5186 dines
2145 5131 2442 5185 minacibus
2469 5129 2682 5198 litteris,
2707 5128 2881 5184 arceri
2901 5129 2970 5184 ab
2989 5143 3053 5184 ea
3080 5127 3318 5199 hospites
3336 5128 3558 5198 jubeas,

263 5226 425 5282 Nunc
453 5233 640 5279 contra
661 5222 923 5278 bonorum
949 5221 1186 5276 omnium
1211 5228 1391 5275 votum
1423 5219 1554 5273 tanti
1583 5217 1687 5272 Viri
1711 5217 1859 5272 obitu
1969 5232 2025 5280 et
2056 5222 2343 5279 restituere
2388 5220 2676 5291 penatibus
2705 5221 3050 5288 parvulorum
3089 5219 3320 5290 priscam
3351 5217 3562 5274 securi-

259 5315 841 5384 destitutus,relegere
868 5312 936 5367 ad
975 5326 1104 5367 suos
1125 5311 1248 5378 iter,
1278 5321 1334 5364 ut
1360 5323 1555 5380 parens
1574 5315 1862 5364 attestatur

1971 5324 2152 5370 tatem.
2187 5313 2242 5366 In
2285 5309 2482 5381 judicis
2524 5309 2667 5365 enim
2695 5309 2951 5378 jubentur
2980 5323 3102 5366 esse
3140 5309 3381 5375 tutelam,
3415 5305 3559 5376 quia

256 5409 406 5478 ejus,
423 5415 599 5476 optat.
619 5404 774 5472 Juva,
796 5417 983 5475 quaeso
1005 5414 1078 5469 te,
1099 5402 1237 5473 piam
1257 5401 1475 5472 juvenis
1492 5401 1818 5455 voluntatem
1845 5417 1857 5453 :
1971 5404 2282 5478 parentibus
2311 5405 2654 5457 deseruntur.
2679 5399 2830 5454 Vale.

256 5516 324 5564 et
347 5521 471 5577 quae
505 5503 556 5560 ei
586 5519 684 5574 pro
711 5504 871 5558 insita
903 5502 1143 5557 moribus
1174 5500 1276 5555 tuis
1307 5499 1562 5555 ﬁdelitate
1585 5498 1862 5555 reddenda
2543 5489 2758 5546 EPIST.
2797 5489 2986 5545 XLIX.

260 5598 459 5653 sedulo
487 5594 845 5666 spopondisti,
864 5593 996 5664 jube
1024 5592 1174 5648 ocius
1191 5589 1476 5660 reportari,
1505 5605 1575 5646 ne
1598 5589 1676 5645 illi
1702 5605 1864 5662 supra
2515 5597 2818 5638 svumcnus
2840 5597 3023 5638 wsro.

260 5693 464 5745 vulnus
513 5691 728 5746 amissae
771 5690 926 5761 spei,
961 5686 1155 5758 injuria
1195 5685 1368 5756 longae
1411 5684 1863 5756 peregrinationis
2043 5678 2179 5734 Volo
2204 5689 2267 5732 ac
2295 5673 2562 5732 ἀθείάεΐῖο
2603 5688 2702 5729 δυο
2741 5689 2829 5729 me
2867 5672 3174 5742 adiutorem
3204 5667 3440 5724 δονετυε
3479 5669 3562 5726 νῖν

265 5784 516 5839 addatur.
556 5781 707 5837 Vale.
1975 5780 2234 5832 honestus
2262 5769 2450 5826 ascivit
2485 5783 2499 5822 :
2531 5765 2685 5836 cujus
2724 5781 2842 5822 cum
2884 5763 3201 5836 petitionem
3231 5764 3562 5854 probabilem
