4046 6170
579 327 683 381 55'.)

577 441 900 509 judica~8etn
936 488 948 509 ,

578 535 793 589 Summa
840 549 1015 591 autent
1049 540 1319 606 petitionis
1363 538 1662 607 hujusmodi
1708 550 1790 593 est
1833 550 1889 595 ttt
1918 540 2027 594 ﬁlio
2048 542 2165 611 ejus

577 625 1009 694 conjunctionem
1053 627 1172 681 ﬁlim
1204 640 1306 682 tua:
1334 628 1604 697 spondeas
1646 646 1657 683 :
1691 629 1847 699 cujus
1888 631 1965 684 rei
1997 632 2165 701 impe-

579 714 860 769 trationem
882 716 1085 771 facilem
1117 718 1229 771 fore
1260 733 1607 786 personarum
1623 719 1885 789 promittit
1901 723 2158 790 aequatio,

575 818 627 860 et
652 807 930 863 ltonesta'e
958 820 1011 863 et
1042 809 1395 878 possibilitate
1424 810 1738 881 congruitis.
1766 812 2037 881 Exspecto
2064 812 2163 882 igi-

576 912 661 955 tur
708 911 762 956 ut
790 905 1069 971 responsio
1107 914 1193 958 tua
1226 905 1593 960 testimonium
1627 920 1803 959 meum
1846 906 1991 960 vires
2019 905 2161 974 apud

574 1005 626 1049 te
654 994 905 1052 habuisse
934 995 1262 1052 declaret....
1290 996 1439 1050 Vale.

1214 1085 1428 1141 EPIST.
1472 1086 1532 1140 L.

1038 1192 1347 1232 SYSHIACHUS
1383 1193 1700 1234 C£CILIANO.

644 1267 913 1334 Quantum
965 1270 1145 1323 domui
1200 1285 1333 1324 mea:
1382 1270 1585 1324 cultum
1632 1269 1866 1325 Lucillus
1895 1269 2164 1340 quondam

578 1359 749 1426 pictor
775 1360 1031 1431 adjecerit
1051 1403 1066 1428 ,
1109 1377 1230 1417 cum
1262 1363 1558 1433 potissimis
1587 1365 1883 1419 amicorum
1913 1377 2074 1420 nosse
2108 1375 2160 1418 te

573 1462 778 1507 certum
801 1465 904 1509 est.
938 1455 1107 1525 llujus
1136 1454 1323 1521 ﬁlium,
1358 1472 1453 1526 per
1474 1464 1717 1512 naturam
1748 1458 1965 1528 quidem
1995 1471 2048 1515 et
2073 1475 2167 1527 per

576 1546 948 1601 necessitatem
973 1547 1156 1615 procul
1182 1548 1435 1616 positum,
1469 1548 1666 1618 injusta
1697 1550 2011 1616 sollicitant,
2043 1560 2166 1607 orto

572 1643 868 1714 certamine
914 1642 1052 1696 inter
1090 1641 1462 1697 Numerarium
1494 1642 1779 1712 quemdam
1822 1652 1878 1698 et
1909 1643 2169 1712 Opinato-

571 1746 707 1795 rem,
741 1731 941 1787 dudum
970 1733 1261 1801 supradicti
1292 1734 1622 1803 possessoris
1644 1733 1921 1798 colonum,
1955 1734 2044 1803 qui
2073 1749 2162 1788 su-

1750 328 1812 391 ρ.
1856 323 2156 381 AURELIU

2264 324 2319 381 ΞΥ
2330 322 2678 380 ΜΜΛΟΗῙΙΞ.
3677 340 3755 401 Sic

1001 444 1263 512 “agitatas
1310 444 1513 497 litteras
1564 458 1763 512 negare
1827 460 1931 497 non
1982 445 2161 499 debui.
2194 448 2244 507 Α
2272 444 2587 500 Estimabis
2605 444 2671 499 de
2701 442 2848 497 cultu
2878 457 3085 497 morum
3114 441 3231 509 ejus
3259 458 3317 498 ac
3336 445 3610 521 litterarum,
3629 474 3755 525 qua".

2269 549 2380 593 tum
2411 540 2484 594 illi
2512 538 2809 593 studiorum
2854 552 3003 591 mora
3034 538 3290 606 potuisset
3324 541 3551 612 adjicere,
3579 550 3659 605 nisi
3696 569 3759 610 τε.

2267 640 2511 700 spectum
2564 632 2769 702 paterni
2814 632 3066 688 desiderii
3121 632 3281 687 timor
3322 647 3485 692 noster
3522 639 3757 705 habuisset.

2266 720 2411 776 Vale.

2876 814 3092 870 EPIST.
3134 813 3244 869 LV.

2762 922 3069 961 SYM'IACIIUS
3109 922 3341 963 EUSEBIO.

2334 996 2648 1051 Communis
2692 998 2849 1051 amici
2895 998 3107 1052 Eusebii
3157 1000 3342 1054 merita
3384 1001 3527 1074 longo
3565 1021 3768 1071 sermone

2268 1100 2641 1156 prosequerer,
2658 1086 2757 1140 nisi
2776 1086 2843 1141 de
2861 1086 3126 1155 probitate
3147 1087 3265 1156 ejus
3292 1098 3444 1160 atque
3465 1095 3625 1150 militia
3650 1100 3769 1166 plura

2264 1178 2497 1233 sentires
2516 1220 2532 1245 ,
2563 1178 2654 1247 qui
2683 1192 2823 1232 nunc
2868 1177 2934 1232 de
2961 1178 3083 1233 loco
3109 1194 3207 1234 suo
3232 1181 3432 1251 anxius,
3463 1198 3696 1256 postquam
3722 1194 3772 1248 de

2265 1286 2331 1327 eo
2358 1271 2619 1341 comperit
2644 1284 2765 1327 esse
2785 1270 3106 1337 dubitatum,
3132 1272 3472 1343 allegationes
3488 1292 3597 1333 suas
3624 1296 3774 1350 prope-

2265 1365 2405 1419 ravit
2432 1376 2675 1419 astruere
2702 1364 2933 1419 lectione
2956 1364 3155 1432 publici
3178 1367 3377 1435 scripti,
3411 1383 3508 1424 non
3535 1374 3774 1430 assertione

2266 1456 2574 1510 verborum.
2605 1454 2721 1522 Qua
2750 1457 2803 1511 in
2825 1471 2885 1512 re
2913 1464 2968 1512 et
2992 1456 3171 1512 fautor
3200 1458 3448 1529 litiganti,
3475 1472 3516 1515 et
3540 1466 3654 1517 testis
3678 1466 3776 1519 alle-

2265 1546 2555 1617 gationibus
2597 1550 2708 1617 ejus
2749 1565 2781 1602 α
2810 1548 2953 1602 nobis
2983 1550 3222 1604 accedere
3239 1550 3473 1622 juberis:
3501 1569 3691 1623 quorum
3714 1558 3776 1611 al-

2267 1649 2442 1695 terum
2473 1640 2630 1696 nobis
2648 1648 2737 1695 tua
2762 1640 2998 1697 amicitia
3026 1641 3294 1711 promisit,
3328 1642 3454 1699 fides
3480 1645 3671 1701 alterum
3692 1648 3779 1714 pol-

2265 1731 2478 1786 licetur.
2500 1730 2632 1787 Nam
2664 1730 2865 1787 dudum
2891 1746 3013 1786 eum
3043 1731 3111 1786 ad
3140 1730 3382 1787 scholam
3409 1731 3637 1789 Gallicani
3664 1737 3779 1804 pala-

577 1819 848 1888 periorum
905 1830 1207 1891 temporum
1261 1823 1539 1879 ratiocinia
1602 1824 1656 1879 in
1708 1823 1900 1879 Lucilli
1954 1834 2165 1881 vertere
2197 1808 2246 1869 Β
2275 1824 2330 1878 tii
2360 1824 2676 1880 translatum
2705 1838 2827 1881 esse
2854 1824 3164 1889 meministi,
3193 1824 3337 1894 quod
3359 1824 3473 1880 ideo
3494 1836 3541 1881 te
3565 1827 3781 1881 credimus

569 1909 787 1967 damna.
819 1911 1054 1983 Equum
1082 1928 1265 1983 posco,
1297 1929 1404 1969 non
1434 1915 1695 1986 gratiam;
1716 1917 1839 1972 licet
1860 1917 2163 1975 interventu

573 2016 695 2056 meo
734 2002 895 2058 etiam
927 2005 1039 2059 voti
1070 2014 1124 2059 et
1153 2005 1310 2061 studii
1357 2009 1597 2077 accessio
1634 2010 1915 2065 debeatur.
1950 2011 2017 2066 Et
2056 2014 2165 2082 pri-

572 2112 723 2153 more
768 2098 887 2152 loco
918 2101 1128 2168 postulo
1148 2140 1165 2165 ,
1196 2100 1386 2156 domus
1407 2102 1504 2157 viri
1525 2103 1947 2173 prudentissimi,
1980 2105 2164 2176 longe-

571 2205 676 2259 que
705 2191 947 2260 degentis
991 2207 1086 2262 per
1113 2191 1290 2246 ofﬁcia
1319 2193 1525 2261 publica
1566 2203 1615 2249 et
1644 2196 1861 2250 ordines
1885 2205 1994 2249 tuta
2025 2211 2163 2266 pra:—

572 2293 763 2338 stetur.
782 2283 1004 2351 Dehinc,
1030 2295 1089 2339 ut
1116 2286 1160 2338 si
1188 2286 1314 2354 quid
1345 2285 1486 2340 inter
1508 2286 1627 2339 illos
1654 2286 2036 2342 deeertationis
2055 2299 2159 2357 est,

572 2382 666 2429 tuo
685 2374 923 2429 caedatur
939 2376 1218 2430 examine:
1246 2392 1311 2431 ne
1340 2377 1552 2446 quando
1575 2378 1729 2433 alteri
1756 2379 1922 2447 judici
1950 2391 2160 2435 servata

573 2467 808 2536 cognitio
839 2469 1127 2524 recidivam
1158 2469 1344 2524 Lucilli
1378 2469 1486 2524 ﬁlio
1515 2470 1693 2541 gignat
1723 2471 1993 2541 injuriam.
2014 2473 2158 2529 Vale.

1192 2558 1410 2615 EPIST.
1454 2559 1542 2613 LI.

722 2706 723 2709 η
1000 2666 1309 2705 δγωιιιοιιυε
1348 2667 1731 2706 APOLLODORU).

640 2741 870 2810 Quintus
915 2753 969 2797 et
1004 2740 1153 2797 Felix
1188 2742 1629 2812 Hipponiensium
1658 2744 1892 2799 curiales
1918 2787 1931 2809 ,
1966 2744 2066 2800 has
2093 2744 2161 2799 de

573 2853 659 2894 me
708 2839 917 2893 litteras
964 2838 1319 2891 summatibus
1361 2836 1493 2891 viris
1534 2836 2017 2895 intervenientibus
2062 2838 2164 2890 im-

572 2938 872 2999 petrarunt.
898 2928 1066 2983 Debui
1088 2927 1231 2983 enim
1250 2928 1569 2997 probitatem
1603 2927 1880 2983 hominum
1912 2928 1980 2984 de
2009 2928 2160 2983 tesﬁ-

571 3026 670 3081 bus
710 3027 996 3081 mstimare.
1028 3023 1252 3079 Interest
1291 3022 1452 3092 igitur
1490 3022 1772 3090 amicitiae,
1823 3038 1890 3077 ne
1923 3037 2046 3092 spes
2071 3037 2165 3078 eo-

570 3133 713 3182 rum,
748 3119 837 3187 qui
868 3132 953 3170 me
979 3115 1045 3169 ad
1068 3113 1498 3183 impetrationem
1528 3112 1766 3167 validum
1792 3111 2157 3180 crediderunt,

572 3177 795 3277 decerpta
825 3207 1089 3261 videatur.
1117 3177 1327 3272 ῥυείη,
1351 3204 1397 3258 si
1426 3204 1553 3273 quid
1580 3219 1768 3259 eorum
1802 3219 1987 3273 poscet
2014 3177 2160 3261 utili;
2187 3177 2238 3243 Ο

576 3308 687 3367 tas,
729 3297 1111 3366 benignitatem
1160 3296 1299 3350 adde
1345 3294 1587 3365 iustitiae.
1628 3296 1803 3352 Credo
1846 3298 1988 3351 enim
2036 3299 2161 3353 talia

576 3386 841 3457 poscenda
870 3430 885 3455 ,
918 3402 1039 3456 qua:
1082 3402 1181 3442 nec
1222 3387 1629 3441 intervenientis
1658 3389 1971 3456 petitionem
2002 3430 2019 3457 ,
2062 3405 2162 3447 nec

576 3481 880 3551 praestantis
903 3480 1161 3549 judicium
1191 3478 1526 3533 decolorent.
1552 3477 1702 3534 Vale.

1179 3572 1394 3629 EPIST.
1437 3572 1547 3627 LII.

1009 3680 1313 3720 SYIﬂlACIIUS
1352 3680 1720 3720 IAIIMILIANO.

645 3760 727 3815 Ile
753 3774 822 3815 ex
853 3758 1118 3813 sententia
1147 3756 1331 3812 valere
1358 3756 1623 3827 significo,
1653 3756 1747 3811 tibi
1773 3756 2005 3811 secunda
2033 3766 2162 3826 opto

574 3861 858 3924 Suppetere
890 3869 903 3904 :
937 3858 1058 3921 post
1079 3848 1193 3903 haec
1214 3847 1497 3917 depostulo
1522 3888 1537 3913 ,
1565 3847 1707 3917 quod
1737 3856 2032 3916 spontanea
2066 3847 2152 3902 be-

574 3950 830 4019 nignitate
847 3946 1091 4011 fecisses,
1106 3954 1163 4000 ut
1179 3942 1559 3999 conductorem
1583 3940 1662 3996 rei
1688 3956 1819 3995 meae
1841 3940 2159 4004 Siciliensis,

573 4042 641 4097 ad
671 4040 995 4111 provinciam
1024 4044 1414 4104 revertentem,
1444 4036 1605 4091 celeri
1636 4046 1947 4091 transcursu
1973 4034 2040 4088 ad
2069 4034 2163 4089 de-

572 4134 769 4190 stinata
801 4131 1059 4189 dimittas.

1173 4217 1396 4275 EPIST.
1435 4218 1569 4275 LIII.

1147 4325 1579 4367 SYIIACHUB..."

644 4408 889 4465 Assiduae
916 4405 1228 4476 scriptionis
1249 4404 1453 4460 nullum
1483 4411 1661 4473 potest
1688 4417 1809 4459 esse
1858 4401 2156 4457 fastidium.

572 4499 791 4571 Fungar
819 4500 981 4567 igitur
1008 4496 1151 4568 apud
1188 4506 1241 4552 te
1268 4498 1441 4553 salute
1462 4496 1686 4553 dicenda
1708 4538 1723 4563 ,
1749 4496 2016 4566 simulque
2038 4495 2163 4548 hor-

571 4600 676 4654 tor,
708 4599 761 4645 et
787 4588 1072 4657 deprecor,
1103 4598 1161 4642 ut
1191 4587 1468 4642 hominum
1492 4603 1736 4643 meorum
1757 4602 1941 4642 curam
1965 4600 2159 4657 gerere

574 4695 683 4735 non
706 4680 1181 4750 graveris;quibus
1208 4695 1312 4734 non
1336 4680 1507 4733 solum
1533 4680 1809 4735 tribuenda
1837 4689 1920 4735 est
1942 4680 2155 4747 ﬁducia,

572 4773 618 4827 si
644 4772 771 4837 quid
797 4786 925 4827 usus
967 4771 1237 4825 desideret
1283 4772 1632 4839 suggerendi,
1668 4786 1849 4825 verum
1881 4773 2041 4826 etiam
2067 4788 2160 4827 ne-

572 4863 799 4920 cessitas
824 4861 1178 4916 admovenda.
1207 4862 1331 4917 Haec
1358 4862 1501 4915 enim
1531 4871 1614 4915 est
1635 4871 1822 4915 natura
1855 4878 2154 4930 servorum,

574 4964 633 5010 ut
659 4954 811 5009 adire
839 4960 1069 5007 renuant
1090 4952 1430 5021 profuturos,
1461 4951 1585 5005 dum
1616 4951 1826 5018 culpam
1852 4966 2003 5005 suam
2042 4968 2155 5006 me-

572 5050 731 5098 tuunt
763 5040 1114 5111 deprehendi.
1144 5040 1297 5094 Vale.

1162 5130 1380 5185 EPlnT.
1423 5129 1555 5184 LIV.

1068 5238 1371 5278 SDHIACIIUS
1410 5237 1681 5277 PﬂillENIO.

646 5317 897 5375 Tacenda
944 5326 1069 5372 sunt
1107 5317 1300 5370 damna
1330 5314 1556 5368 fortunae
1581 5354 1596 5376 ,
1630 5329 1695 5369 ne
1723 5328 1844 5369 sera
1866 5314 2160 5377 consolatio

575 5413 786 5469 scindat
834 5410 1088 5481 pratteriti
1135 5409 1339 5463 doloris
1386 5408 1715 5462 cicatricem.
1770 5407 1988 5462 Rectius
2032 5423 2160 5477 ergo

573 5516 753 5560 tecum
808 5504 900 5558 ﬁlii
954 5501 1122 5557 nostri
1176 5499 1409 5555 Nemesii
1457 5499 1800 5552 ornatissima
1834 5498 2037 5562 indole,
2072 5498 2158 5552 vel

573 5598 752 5665 potius
777 5595 1002 5651 fecunda
1029 5592 1242 5647 laudum
1267 5592 1417 5661 fruge
1443 5590 1784 5645 contulerim.
1805 5590 1977 5645 [labes
1992 5589 2158 5643 virum

573 5688 933 5759 dignissinum
976 5702 1074 5759 pro
1105 5700 1392 5741 numerosa
1423 5684 1573 5754 prole
1605 5684 1811 5739 censeri
1846 5702 1857 5737 :
1892 5687 2032 5739 hunc
2065 5684 2159 5738 tibi

574 5786 630 5842 iu
678 5798 894 5842 manum
938 5781 1138 5851 reddo,
1178 5781 1320 5852 quod
1366 5788 1595 5850 utroque
1638 5778 1816 5837 facere
1848 5781 2157 5837 voluissem.

2264 1919 2382 1987 ipso
2411 1918 2635 1975 absente
2664 1918 2879 1974 siluisse
2898 1958 2915 1985 ,
2946 1933 3016 1975 ne
3042 1919 3442 1975 exisﬁmaretur
3465 1921 3667 1991 gratiosa
3691 1938 3783 1977 esse

2263 2008 2536 2078 suggestio
2567 2025 2583 2065 :
2616 2024 2760 2066 nunc
2785 2008 2990 2077 majore
3019 2008 3211 2065 ﬁducia
3250 2010 3424 2066 aderis
3452 2012 3665 2079 veritati,
3688 2027 3782 2067 cum

2264 2102 2611 2171 allegationes
2638 2104 2920 2173 praesentis
2948 2102 3203 2158 audieris.
3243 2103 3389 2159 Vale.

2862 2192 3078 2248 EPIST.
3122 2192 3261 2249 LVI.

2734 2297 3047 2339 SYIIACIIUS
3083 2300 3377 2341 GEMINANO.

2335 2376 2487 2431 Felix
2510 2417 2523 2439 ,
2551 2390 2672 2431 cum
2718 2384 2774 2431 et
2799 2377 2993 2432 domus
3024 2386 3131 2432 tute
3157 2378 3339 2433 cultor
3367 2392 3480 2433 esse
3519 2378 3712 2442 diceret,
3748 2385 3787 2431 et

2265 2470 2649 2525 humanitatem
2686 2471 3169 2526 commendationis
3208 2487 3350 2529 mea:
3400 2472 3573 2527 amicis
3604 2473 3789 2527 interve-

2264 2562 2533 2618 nientibus
2563 2562 2875 2631 postularet,
2910 2562 3180 2619 desiderio
3216 2565 3339 2634 ejus
3367 2564 3652 2619 familiarem
3678 2565 3789 2633 pagi-

2264 2666 2385 2706 nam
2414 2667 2521 2707 non
2554 2653 2742 2721 negavi
2770 2694 2785 2719 ,
2816 2666 2915 2723 qua
2945 2654 3186 2725 principe
3238 2656 3355 2710 loco
3394 2655 3572 2726 fungor
3607 2657 3721 2725 apud
3753 2669 3791 2708 te

2264 2744 2434 2798 salute
2463 2744 2707 2798 dicenda.
2751 2744 2953 2801 Dehinc
2992 2761 3299 2816 prosequor
3328 2759 3581 2816 receptam
3626 2746 3790 2817 petitio-

2265 2848 2417 2899 nem,
2459 2849 2577 2902 quae
2609 2835 2918 2903 supradicto
2941 2876 2955 2901 ,
2988 2838 3033 2891 si
3058 2837 3302 2893 nondum
3334 2838 3426 2893 tibi
3454 2839 3671 2908 cognitus
3695 2849 3758 2891 εει
3778 2874 3791 2899 ,

2265 2932 2483 2991 praestet
2510 2923 2775 2981 clientela:
2811 2925 3011 2981 aditum
3043 2926 3088 2982 si
3127 2927 3247 2997 jam
3292 2937 3448 2983 notus
3484 2935 3789 2998 augmentum.

2265 3008 2415 3069 Vale.

2854 3108 3070 3164 EPIST.
3111 3109 3276 3165 LVII.

2698 3218 3014 3261 SYIIIACIIUS
3052 3222 3420 3270 QUINTILIANO.

2336 3294 2501 3350 Moris
2528 3294 2632 3350 mei
2654 3304 2756 3361 est,
2789 3295 2926 3352 bene
2954 3298 3187 3364 cognitis
3218 3314 3284 3354 ac
3314 3297 3545 3368 probatis
3570 3295 3693 3351 ferre
3710 3292 3795 3348 suf-

2264 3386 2488 3458 fragium
2506 3428 2522 3453 ,
2550 3402 2649 3444 nec
2676 3402 2933 3455 personas
2960 3388 3269 3455 hominum,
3294 3390 3391 3445 sed
3420 3391 3536 3444 vita:
3555 3389 3715 3443 merita
3736 3400 3797 3438 co

2263 3480 2453 3548 gitare.
2483 3477 2616 3534 Cum
2647 3478 2808 3549 igitur
2832 3478 3071 3534 Assellus
3100 3480 3442 3536 domesticus
3477 3490 3643 3533 noster
3663 3478 3706 3530 in
3732 3490 3801 3528 ur‘

2264 3570 2417 3626 banis
2446 3571 2636 3626 castris
2666 3569 2871 3626 militiae
2905 3570 3170 3640 stipendia
3208 3573 3329 3627 sine
3348 3571 3627 3626 oﬂensione
3657 3565 3800 3621 confe-

2264 3662 2428 3729 cerit,
2478 3678 2662 3732 quaeso
2714 3673 2771 3717 ut
2812 3662 3081 3718 admissus
3142 3663 3203 3718 in
3251 3664 3552 3720 clientelam
3600 3674 3739 3721 tuam,
3763 3663 3803 3709 et

2265 3770 2443 3809 meum
2474 3754 2825 3823 patrocinium
2858 3755 2961 3809 sibi
2988 3754 3286 3824 profuisse,
3316 3764 3371 3811 et
3401 3764 3541 3810 tuum
3563 3748 3802 3807 aceessisise

2266 3846 2497 3901 laetetur.
2528 3842 2679 3901 Vale.
2906 3878 2935 3906 .

2829 3934 3052 3992 EPIST.
3094 3936 3287 3992 LVIII.

2735 4040 3046 4082 SYMIACHUS
3084 4042 3408 4083 C£CILIANO.

2335 4116 2666 4175 lntervenire
2696 4132 2793 4187 pro
2834 4118 2997 4186 justis
3025 4117 3227 4173 debitis
3259 4134 3368 4173 non
3408 4129 3609 4172 recuso.
3637 4106 3805 4165 Malitia:

2264 4222 2349 4271 est
2376 4213 2517 4269 enim
2562 4212 2845 4282 repudiare
2882 4210 3058 4266 locum
3089 4212 3286 4280 gratia:
3310 4253 3326 4277 ,
3374 4211 3427 4265 in
3454 4210 3536 4263 his
3562 4250 3575 4276 ,
3601 4220 3700 4276 qua
3720 4202 3809 4268 ipsa

2266 4305 2512 4375 postulati
2538 4304 2752 4374 aequitas
2782 4304 3125 4357 commendat.
3168 4301 3481 4358 Furmianis
3502 4301 3563 4354 ad
3602 4292 3807 4365 egestatis

2265 4397 2509 4452 levamen
2531 4404 2735 4451 certum
2767 4410 2830 4450 ex
2856 4394 3037 4449 Africa
3068 4394 3174 4449 olei
3210 4395 3437 4448 modum
3468 4388 3685 4446 decrevit
3708 4381 3808 4436 anti-

2266 4492 2465 4560 quitas.
2505 4489 2738 4544 Poscunt
2767 4502 2797 4542 a
2832 4497 2881 4542 te
2922 4502 3128 4542 morem
3174 4488 3341 4557 longa
3383 4493 3539 4540 aetate
3565 4486 3808 4535 servatum.

2262 4582 2347 4637 cui
2378 4582 2535 4637 debet
2555 4580 2787 4650 adjicere
2812 4578 3145 4635 celeritatem
3178 4577 3495 4647 praestantis
3540 4566 3809 4628 humanitas.

2264 4672 2419 4729 Vale.

2857 4760 3072 4816 EPIST.
3116 4759 3259 4814 LIX.

2796 4865 3106 4906 SYMMACIIUS
3150 4865 3329 4905 JOVIO.

2336 4949 2453 5003 Non
2496 4961 2691 5001 novum
2725 4944 2805 4997 vel
2834 4944 3159 5010 incognitum
3185 4986 3200 5009 ,
3254 4940 3355 4999 sed
3393 4944 3708 5007 compertum
3730 4926 3815 4997 iam

2266 5042 2370 5096 ﬁde
2400 5048 2455 5095 et
2495 5040 2812 5107 antiquitate
2856 5037 3058 5091 militias
3096 5034 3401 5090 Eusebium
3433 5032 3652 5086 amicum
3675 5035 3815 5079 meum

2266 5141 2544 5202 promptus
2586 5128 2990 5184 commendatur
3036 5127 3257 5181 insinuo
3298 5143 3310 5179 :
3351 5138 3511 5195 quem
3537 5120 3599 5175 ad
3628 5119 3718 5172 hoc
3738 5111 3816 5167 sti

2265 5226 2409 5279 nulla
2456 5235 2667 5275 actuum
2698 5219 2853 5287 culpa
2881 5218 3125 5282 fuscavit,
3170 5217 3273 5272 sed
3304 5215 3570 5279 absentia,
3603 5223 3710 5278 quae
3731 5204 3816 5274 ple-

2263 5318 2445 5378 risque
2494 5313 2691 5369 occulit
2731 5314 2940 5376 merita,
2971 5316 3017 5365 si
3050 5309 3373 5365 testimonio
3402 5303 3724 5378 prmsentium
3748 5296 3819 5349 de-

2264 5421 2496 5472 seratur,
2525 5408 2698 5462 locum
2729 5406 2846 5475 ejus
2870 5405 3067 5459 dicitur
3092 5402 3144 5457 in
3194 5402 3495 5471 ancipitem
3536 5408 3714 5451 statum
3749 5388 3821 5441 de-

2264 5504 2481 5558 duxisse
2529 5502 2773 5556 fortunae.
2816 5496 3108 5568 Singularis
3152 5504 3345 5551 tamen
3386 5493 3549 5548 animi
3592 5492 3661 5543 tui
3692 5479 3820 5549 requie

2266 5606 2347 5649 tas
2387 5610 2490 5647 non
2521 5592 2771 5661 patietur,
2810 5599 2868 5645 ut
2903 5604 3089 5660 spero,
3131 5587 3437 5642 adversum
3478 5578 3820 5671 stipendiorum

2265 5686 2667 5756 pr.rrogntivam
2707 5698 2888 5737 casum
2920 5681 3117 5735 valere.
3150 5677 3225 5733 Et
3268 5694 3395 5734 mea
3427 5676 3583 5745 igitur
3609 5672 3820 5724 hortatio,

2264 5788 2316 5835 Cl
2346 5778 2509 5843 ip‘i-IS
2560 5776 2752 5833 fiducia
2792 5774 3055 5844 judicium
3105 5782 3264 5829 tuum
3313 5771 3554 5842 respicit.
3586 5767 3756 5835 Quaeso
3781 5763 3823 5809 ut
