4046 6170
213 321 304 380 3."
1419 321 1898 411 EPISTULARUM
1939 329 2137 386 LIBER
2177 331 2270 387 IX.

3365 341 3488 394 διφ

213 450 361 491 eiusa
391 434 626 504 cognita,
655 441 896 489 veterum
927 434 1042 503 ejus
1083 434 1468 505 stipendiorum
1494 439 1637 506 justa
1667 455 1789 494 Ctm-
1814 442 1861 499 Λ
1895 443 2056 498 missa
2089 446 2390 502 testabitur.
2423 447 2678 516 Superest
2708 459 2760 505 ut
2795 465 2955 506 omne
2993 461 3307 519 carpentum
3340 457 3470 508 atl‘a-

212 525 384 581 fInnes
408 567 423 589 ,
476 534 824 592 praestaturus
853 536 903 579 et
936 525 1089 579 nobis
1127 526 1315 581 amicis
1341 530 1704 593 securitatem,
1733 537 1789 584 et

216 621 485 669 honesturn
532 613 753 684 collegis
797 613 865 670 de
893 615 1082 684 optimi
1111 616 1210 672 viri
1237 619 1538 674 retentione
1567 633 1789 674 consor-

214 705 354 764 tium.
389 703 543 759 Vale.

808 796 1026 852 EPIST.
1066 797 1180 852 LX.

703 903 1015 944 SYIHACEUS
1053 905 1292 946 PBOBINO.

270 979 533 1036 Omnibus
577 979 668 1050 qui
718 980 1056 1035 occasionem
1105 981 1413 1050 scriptionis
1452 983 1784 1051 impertiunt,

207 1073 686 1129 commendationis
720 1073 1004 1142 quamdam
1036 1074 1274 1142 rependo
1300 1075 1791 1130 mercedent.Nunc

206 1167 398 1233 optimo
433 1165 549 1218 viro
576 1161 828 1219 Petrucio
856 1164 1052 1218 factum
1092 1164 1238 1232 volo,
1287 1180 1446 1230 quem
1492 1165 1608 1220 scio
1655 1164 1791 1220 hanc

205 1256 483 1323 epistolam
534 1271 642 1309 non
674 1263 782 1309 tam
826 1255 910 1310 sui
941 1255 1428 1322 commendatione,
1477 1272 1653 1326 quam.
1683 1258 1789 1312 mei

204 1346 358 1400 ofﬁcii
411 1347 585 1415 gratia
634 1347 936 1415 postulasse
975 1365 988 1400 :
1028 1347 1183 1417 cujus
1229 1363 1447 1417 operam
1485 1363 1639 1403 versa
1673 1349 1790 1404 vice

205 1437 588 1491 munerandam
618 1437 821 1508 putavi.
851 1438 1102 1507 Poposcit
1131 1438 1356 1504 litteras,
1389 1448 1448 1494 ut
1471 1439 1566 1495 tibi
1595 1440 1790 1509 proba-

203 1541 284 1582 rer
319 1526 647 1596 impensius.
676 1527 786 1598 Ego
809 1536 992 1584 contra
1025 1527 1147 1584 ideo
1171 1529 1454 1598 scripsiSse
1485 1545 1570 1586 me
1599 1531 1787 1599 fateor,

203 1630 251 1674 ut
278 1619 378 1674 tibi
413 1620 506 1675 ille
536 1623 810 1690 acceptior
836 1619 1172 1675 redderetur.
1198 1620 1349 1676 Vale.

798 1709 1014 1766 EPIST.
1056 1709 1194 1764 LXI.

706 1817 1017 1858 εῐιυλοαυε
1053 1817 1280 1858 ΡΔΟΔΤΟ.

264 1898 364 1951 Vix
414 1896 679 1963 adducor,
709 1905 767 1951 ut
792 1896 1008 1950 credam
1038 1895 1246 1951 litteras
1276 1910 1424 1952 meas
1451 1909 1597 1964 srcpe
1628 1910 1786 1966 repe-

208 1997 317 2047 titas
350 1990 491 2045 nihil
518 1989 743 2045 Leontio
790 1989 1014 2044 remedii
1059 1989 1372 2045 contulisse.
1401 1990 1535 2057 Quia
1581 1989 1626 2043 si
1657 1989 1790 2043 nihil

210 2087 394 2139 virium
443 2085 700 2152 frequens
731 2081 1064 2136 interventus
1093 2089 1278 2136 noster
1308 2080 1615 2145 habuisset,
1643 2080 1790 2134 desi-

208 2184 362 2231 steret
408 2173 727 2242 suffragium
777 2186 956 2226 meum
1007 2172 1168 2226 toties
1195 2171 1375 2226 elusus
1420 2180 1626 2240 Optare.
1657 2171 1790 2225 Cum

211 2270 354 2339 igitur
385 2267 536 2337 apud
568 2282 655 2321 me
689 2264 924 2334 querela:
954 2264 1108 2320 istius
1136 2265 1270 2320 ﬁdes
1297 2265 1458 2319 dubia
1486 2265 1585 2331 sit;
1604 2279 1793 2334 exspe-

204 2361 288 2415 riri
314 2361 470 2426 volo,
502 2358 592 2414 cui
627 2357 963 2427 potissimum
999 2356 1140 2426 parti
1168 2355 1429 2412 dubitatio
1455 2371 1573 2412 mea
1602 2356 1795 2410 debeat

199 2450 481 2521 applicari.
519 2448 618 2504 Est
664 2447 824 2517 igitur
870 2447 924 2501 in
977 2461 1138 2501 manu
1187 2455 1296 2514 tua,
1347 2457 1524 2500 utrum
1574 2446 1795 2516 posthac

200 2551 376 2597 tenere
414 2542 470 2597 in
500 2539 787 2596 scribendo
812 2553 1017 2594 morem
1065 2538 1314 2604 debeam,
1356 2553 1424 2593 an
1456 2539 1794 2595 verecundia:

200 2643 392 2688 nostra
425 2631 681 2688 continua
711 2631 872 2686 etiam
905 2630 1270 2686 taciturnitate
1298 2630 1603 2686 consulere.
1636 2629 1789 2684 Vale.

781 2721 998 2782 EPIST.
1049 2724 1211 2780 LXII.

696 2831 1009 2871 SYIIIACIIUS
1061 2832 1294 2873 ROMULO.

256 2909 332 2963 Tu
392 2907 617 2976 quidem
667 2916 888 2977 paterna
933 2907 1217 2964 affectione
1275 2910 1466 2978 pignus
1511 2925 1794 2966 commune

193 3001 568 3056 commendas.
645 2998 752 3056 Sed
800 2999 878 3054 illi
924 2998 1196 3055 efﬁcacius
1240 3003 1418 3056 studia
1461 3015 1516 3058 et
1554 3019 1793 3058 amorem

193 3093 464 3148 bonomm
513 3089 805 3160 probabilis
845 3089 954 3145 vita
1007 3091 1276 3146 conciliat.
1327 3093 1502 3148 Habes
1541 3094 1791 3162 juvenem

1891 534 1988 590 bre
2011 545 2063 589 et
2090 537 2257 592 firmis
2280 541 2682 610 compaginibus
2709 544 3031 612 explicetur.
3055 543 3110 600 Si
3143 555 3291 614 parte
3314 551 3468 615 pretii

1891 625 1955 679 ad
1991 625 2092 680 hoc
2129 642 2264 696 opus
2293 638 2410 695 est,
2442 632 2582 699 quod
2627 633 2859 689 dandum
2903 637 3182 704 scripseris
3205 679 3219 702 ,
3271 638 3473 707 jubebt

1892 717 2181 771 numerari.
2228 718 2538 776 Ilumanitas
2585 724 2862 779 seniorum
2911 732 3118 781 tuorum
3168 729 3324 784 debet
3355 744 3474 785 esse

1892 806 2238 862 moderatior.
2285 809 2494 882 Religio
2522 813 2665 868 enim
2711 815 2903 872 animis
2949 817 3128 887 pctius
3171 833 3328 888 quam
3360 836 3474 875 mu-

1892 899 2110 953 nerihus
2138 900 2452 958 aestimatur.
2472 903 2618 959 Vale.

2459 995 2671 1053 EPIST.
2721 998 2905 1055 LXVI.

2280 1100 2586 1143 SYMHACHUS
2623 1106 2689 1143 AD
2727 1106 3072 1148 ειερυιΑιιεκ.

1967 1191 2138 1247 Pretia
2165 1193 2501 1252 desertorum
2529 1198 2752 1256 coiifuso
2781 1217 2968 1257 errore
2996 1215 3308 1271 poscuntur.
3341 1206 3473 1260 Nam

1893 1298 2067 1353 neque
2118 1284 2321 1354 judicia
2350 1328 2365 1341 .
2392 1327 2406 1341 .
2435 1329 2448 1342 .
2476 1328 2488 1342 .
2515 1299 2696 1345 certus
2738 1291 2900 1346 futuri
2951 1295 3146 1348 laboris
3192 1297 3435 1352 institues
3461 1313 3473 1349 :

1893 1377 2058 1433 fixum
2106 1379 2249 1434 enim
2296 1396 2360 1436 ac
2401 1383 2680 1438 deﬁnitum
2727 1392 2876 1440 tenet
2915 1389 3242 1456 amplissima
3291 1393 3478 1458 praefe-

1893 1477 2046 1524 ctura
2074 1513 2089 1538 ,
2141 1471 2345 1525 nullum
2393 1473 2511 1542 ejus
2540 1489 2661 1530 esse
2689 1476 2904 1544 meriti,
2951 1488 3008 1531 ut
3035 1479 3346 1533 sublimitati
3377 1486 3480 1534 tua:

1893 1558 2087 1614 debeat
2111 1561 2410 1632 subrogari.

2463 1654 2678 1709 EPIST.
2720 1655 2929 1711 LXVII.

2475 1759 2801 1802 SYIIIIACIIUS.
2813 1783 2872 1802 σο.
2883 1786 2900 1801 .

1967 1852 2034 1907 Et
2059 1854 2238 1922 quiete
2267 1855 2581 1924 provinciae,
2614 1866 2668 1914 et
2693 1858 2894 1929 vigoris
2925 1860 2997 1913 tui
3031 1862 3187 1916 laude
3216 1861 3491 1918 delector-

1893 1942 2002 1998 Nec
2049 1945 2336 2016 quidquam
2384 1949 2694 2019 magisterio
2739 1966 2861 2007 meo
2901 1951 3138 2017 vindico,
3171 1969 3292 2009 cum
3324 1971 3482 2012 omne

1894 2038 2035 2106 quod
2068 2049 2274 2107 spectat
2295 2040 2361 2095 ad
2387 2042 2635 2112 gloriam,
2664 2053 2767 2098 ture
2790 2046 2970 2114 potius
2998 2047 3163 2102 indoli
3193 2048 3476 2104 debeatur.

1896 2127 2068 2184 Marte
2097 2130 2256 2198 igitur
2289 2131 2443 2198 primi
2475 2125 2696 2189 honoris
2724 2136 2995 2205 auspiciis,
3019 2147 3073 2191 et
3097 2137 3148 2192 in
3177 2139 3491 2194 uberiorem-

1894 2221 2114 2290 gloriam
2163 2223 2348 2280 felices
2393 2225 2554 2281 tende
2592 2237 2814 2283 conatus
2862 2236 2920 2283 ut
2981 2230 3079 2284 t‘hi
3127 2230 3192 2283 ad
3223 2230 3484 2286 celsiores

1896 2315 2091 2382 gradus
2119 2315 2337 2383 januam
2368 2318 2592 2385 pandas,
2633 2331 2688 2374 et
2717 2319 3016 2376 Romanum
3047 2336 3239 2377 nomen
3267 2322 3486 2377 claritu-

1897 2405 2023 2459 dine
2052 2406 2531 2462 administrationis
2560 2410 2848 2476 illumines.
2867 2411 3018 2466 Vale.

2445 2538 2666 2595 EPIST.
2706 2539 2937 2596 LXVIII.

2479 2644 2804 2686 SVIIIIACHUS.
2817 2669 2903 2685 ...ο
3300 2683 3304 2686 η

1968 2714 2128 2770 Soleo
2152 2716 2414 2771 amicitias
2443 2719 2768 2786 optimorum
2799 2721 3004 2788 primus
3031 2733 3304 2792 expetere.
3333 2723 3488 2778 Nune

1900 2805 2129 2860 fortuna:
2161 2821 2296 2861 meae
2325 2807 2598 2864 inclinatio
2641 2818 2700 2863 ut
2729 2812 3054 2880 praevenirer
3102 2814 3299 2870 effecit.
3352 2815 3493 2869 Tria.

1901 2897 2108 2952 buenda
2135 2906 2219 2952 est
2246 2897 2404 2968 igitur
2430 2901 2583 2954 venia
2621 2901 2886 2958 tarditatis
2907 2944 2924 2969 ,
2971 2919 3076 2958 non
3122 2905 3502 2976 negligentiae,-

1901 2988 1993 3042 sed
2026 2987 2380 3043 mosstitudini
2423 3004 2559 3044 mete
2594 3007 2608 3043 :
2648 2999 2703 3045 et
2748 2991 2890 3046 bono
2937 2993 3114 3048 omine
3154 2995 3486 3051 familiaritas

1898 3079 2220 3146 capulanda,
2253 3079 2339 3134 cui
2367 3081 2666 3150 auspicium
2697 3081 3000 3140 fortunatus
3028 3086 3347 3154 praestitisti.
3376 3089 3496 3142 Sed:

191 3186 335 3252 cujus
388 3185 551 3251 fruge
601 3183 834 3252 gaudere
863 3183 1083 3252 debeas,
1108 3185 1208 3240 etsi
1240 3186 1353 3240 scio
1397 3196 1574 3255 patres
1601 3201 1791 3242 avaros
1815 3167 1862 3232 C
1896 3171 2022 3226 licet
2044 3185 2130 3226 me
2159 3171 2274 3240 ipse
2289 3170 2452 3227 ofﬁcii
2483 3171 2672 3228 ordine
2701 3181 2756 3228 et
2781 3173 3091 3244 dignatione
3110 3180 3482 3245 praeverteris;

193 3289 304 3329 esse
347 3274 515 3342 voti,
569 3289 671 3328 nec
710 3273 816 3328 ulla
860 3273 1094 3329 ﬁliorum
1142 3274 1281 3329 bona
1326 3287 1512 3344 putare
1559 3277 1792 3347 perfecta

193 3365 472 3421 desiderio
499 3373 554 3420 et
578 3365 867 3435 cupiditate
891 3367 1123 3437 potiore.
1155 3365 1314 3422 Forte
1345 3367 1528 3423 lactari
1559 3370 1793 3423 animum

194 3467 330 3512 tuum
373 3457 604 3527 judicas
652 3457 796 3512 dulci
827 3458 1008 3526 potius
1037 3457 1227 3513 nuntio
1267 3472 1426 3526 quam
1467 3458 1631 3515 ﬁdeli.
1661 3459 1792 3516 Cum

195 3563 313 3605 sero
359 3549 468 3605 tibi
505 3550 621 3618 ejus
650 3551 882 3605 reditum
931 3549 1081 3604 favor
1109 3549 1322 3604 divinus
1350 3552 1622 3616 annuerit,
1655 3562 1708 3605 tu
1741 3556 1793 3606 in

199 3644 332 3700 illius
363 3643 588 3702 meritis
629 3642 1004 3714 deprehendes
1033 3643 1138 3698 mei
1169 3643 1462 3699 testimonii
1490 3644 1794 3701 veritatem.

204 3735 341 3794 Vale.

775 3825 990 3882 EPIST.
1048 3826 1226 3884 LXIII.

786 3929 1158 3973 SVIIIACHUS...
1170 3957 1183 3972 ι
1194 3957 1208 3972 .

260 4007 682 4064 Observantiam
727 4015 883 4062 vetus
929 4021 1058 4063 usus
1105 4008 1334 4076 induxit,
1379 4016 1439 4070 ut
1481 4011 1643 4066 domo
1673 4026 1796 4079 pro-

201 4102 318 4155 fecti
380 4107 654 4170 praestent
709 4100 1005 4168 auspicium
1055 4109 1257 4157 mutua:
1303 4103 1633 4173 scriptionis.
1686 4103 1793 4160 Sed

200 4209 293 4263 ego
333 4195 517 4261 longa:
545 4193 960 4262 exspectationis
993 4193 1275 4264 impatiens
1303 4196 1547 4252 ordinem
1578 4212 1796 4253 servare

199 4301 296 4336 non
329 4282 506 4349 potui.
540 4281 698 4336 Prior
728 4283 891 4352 igitur
931 4285 1025 4338 tibi
1054 4284 1515 4341 honorificentiam
1545 4288 1670 4358 styli
1700 4289 1796 4343 de-

199 4372 332 4428 fero.
369 4373 581 4428 Dehinc
607 4373 836 4441 subjicio
867 4375 1213 4442 postulatum,
1263 4377 1418 4445 cujus
1463 4377 1578 4433 hac
1621 4377 1792 4434 forma

199 4475 310 4527 est,
344 4474 405 4516 ut
437 4463 788 4517 Laurentium
819 4464 1168 4520 domesticum
1214 4467 1395 4537 (quod
1437 4467 1628 4524 domus
1659 4485 1793 4525 mea:

1901 3262 1952 3316 in
1978 3269 2248 3329 posterum
2278 3269 2454 3318 tamen
2479 3277 2812 3334 nequaquam
2842 3265 3072 3322 residem
3095 3266 3384 3336 judicabis,
3427 3279 3491 3326 ur

1897 3354 2198 3408 animorum
2245 3362 2550 3410 nostrorum
2599 3357 2944 3424 conciliatio,
2993 3374 3114 3428 quae
3161 3371 3254 3415 tuo
3293 3362 3488 3417 invita-

1898 3457 2080 3499 mento
2123 3448 2354 3514 sumpsit
2393 3447 2696 3515 exordium,
2730 3451 2866 3504 meis
2913 3451 3108 3507 litteris
3153 3453 3496 3524 frequentata.

1899 3535 2218 3591 cumuletur.
2239 3536 2388 3592 Vale.

2472 3627 2685 3684 EPIST.
2727 3628 2922 3686 LXIX.

2483 3712 2800 3775 siumcuus.

1969 3809 2176 3864 Mallem
2221 3808 2436 3879 quidem
2482 3810 2710 3865 reditum
2759 3818 2907 3865 tuum
2948 3827 3106 3882 quam
3139 3814 3346 3871 litteras
3384 3817 3498 3871 ἰηι-

1898 3912 2133 3972 petrare.
2181 3901 2288 3958 Sed
2319 3890 2484 3958 etiam.
2531 3903 2728 3958 habent
2779 3906 2967 3960 so'atia
3015 3906 3224 3976 locum,
3270 3909 3485 3978 quoties

1899 3990 2206 4046 fraudamur
2246 3995 2464 4061 optatis.
2529 3993 2729 4047 Vereor
2756 4004 2934 4048 autem
2962 4009 3030 4049 ne
3062 4004 3112 4050 te
3140 3995 3230 4051 diu
3254 3999 3323 4052 ab
3349 3999 3497 4056 urbe

1898 4087 2277 4154 protermines.
2323 4070 2562 4155 Namque
2603 4086 2704 4140 hoc
2750 4089 2905 4142 nobis
2947 4089 3182 4146 minatur
3217 4094 3488 4151 tarditatis

1900 4186 2006 4231 tua:
2032 4179 2304 4232 elaborata
2335 4177 2598 4244 defensio,
2645 4194 2810 4247 quare
2836 4180 2998 4235 velim
3045 4184 3279 4250 noveris,
3305 4187 3484 4243 nullas

1898 4280 2062 4320 morae
2090 4266 2439 4334 allegationes
2467 4267 2896 4324 desideran=ihus
2917 4273 3090 4341 justas
3110 4274 3300 4329 videri.
3318 4276 3484 4341 Quid-

1897 4356 2024 4425 quid
2058 4356 2216 4425 igitur
2241 4357 2354 4424 ipse
2379 4359 2704 4412 causationis
2729 4362 2991 4429 attuleris,
3015 4363 3213 4431 surdis,
3230 4374 3288 4420 ut
3311 4367 3478 4434 aiunt,

1896 4447 2113 4502 auribus
2134 4448 2424 4517 ingeretur.
2446 4449 2570 4503 Haec
2594 4451 2806 4505 interim
2831 4453 2896 4507 de
2921 4463 3110 4522 quarto
3133 4455 3334 4512 Latina:
3357 4460 3480 4529 vite,

203 4553 370 4615 poscit
418 4551 664 4622 minus)
711 4552 964 4623 ευστθὲίο
1013 4563 1106 4610 mo
1161 4555 1470 4614 dissimules
1516 4559 1788 4630 adjuvare.
1819 4539 2017 4598 Dmox
2063 4554 2247 4609 agrum
2280 4539 2601 4594 Laurentem
2650 4541 2913 4610 petiturus
2959 4547 3168 4602 emitto.
3201 4548 3298 4604 Est
3335 4553 3482 4610 enim

202 4639 349 4698 Vale.

771 4735 985 4794 EPIST.
1042 4737 1230 4793 LXIV.

725 4842 1029 4886 SVIIACHUS
1065 4845 1292 4886 PACATO.

271 4915 500 4975 Ill"llal'e
546 4918 836 4975 debueras.
884 4920 991 4976 Sed
1037 4923 1277 4991 prolixus
1325 4923 1378 4978 in
1417 4923 1516 4979 hac
1559 4939 1800 4994 conque-

206 5014 380 5068 stione
409 5030 524 5070 esse
575 5031 714 5070 nunc
746 5017 907 5086 piget.
939 5017 1120 5086 itaque
1166 5017 1232 5071 ad
1268 5019 1788 5074 commendationem

208 5104 303 5156 viri
348 5105 675 5160 devotissimi
706 5104 937 5177 Olympii
976 5107 1287 5162 amicissimi
1332 5109 1435 5162 mei
1483 5109 1638 5163 ﬂecto
1673 5123 1792 5163 ser-

208 5209 454 5250 monem:
477 5209 637 5266 teque
664 5198 853 5253 sedulo
882 5213 1031 5267 rogo,
1065 5208 1124 5253 ut
1150 5214 1271 5254 eum
1301 5214 1522 5254 securus
1551 5201 1792 5254 testimo-

206 5287 278 5340 nii
307 5287 362 5340 in
395 5287 684 5357 penetralia
729 5289 1111 5344 familiaritatis
1149 5289 1421 5345 admittas.
1452 5291 1708 5360 Reperies
1738 5293 1789 5346 in

201 5389 269 5428 eo
318 5391 531 5432 morum
578 5378 715 5433 bona
742 5418 756 5444 ,
808 5379 984 5448 qualia
1024 5377 1214 5449 judicii
1268 5381 1343 5436 tui
1384 5382 1790 5453 circumspectio

202 5469 488 5524 consuevit
514 5471 728 5542 eligere.
751 5471 905 5525 Vale.

789 5561 1006 5618 EPIST.
1048 5562 1210 5619 LXV.

695 5669 1007 5712 SVIIACHUS
1044 5673 1290 5714 ALLEVIO.

271 5735 521 5798 Vehiculi
546 5753 678 5802 rotae
721 5747 876 5817 cujus
904 5747 1132 5804 debeant
1162 5763 1282 5806 esse
1323 5763 1588 5806 mensura:
1643 5749 1781 5806 linea

1897 4631 2162 4686 familiare
2187 4633 2558 4700 maerentibus,
2587 4635 2749 4689 animi
2777 4650 2935 4694 curas
2962 4639 3279 4708 migratione
3305 4643 3485 4700 discu-

1898 4731 2030 4779 tere.
2052 4723 2202 4780 Vale.

2477 4815 2694 4873 EPIST.
2733 4817 2898 4874 LXX.

2474 4921 2824 4964 SVIIACBUSH
2834 4948 2848 4966 ι
2857 4948 2871 4964 ο
2882 4948 2898 4966 ο

1971 5015 2292 5073 Accusarem
2318 5017 2588 5072 silentium
2621 5027 2790 5087 tuum,
2825 5021 2927 5076 nisi
2961 5031 3013 5076 te
3043 5022 3097 5076 in
3126 5022 3288 5080 fratre
3313 5026 3484 5083 vidis-

1899 5123 2032 5163 sem.
2063 5107 2158 5164 Ille
2185 5116 2240 5163 et
2267 5107 2428 5164 ofﬁcii
2457 5110 2877 5166 satisfactionem
2899 5155 2914 5181 ,
2943 5123 2996 5168 et
3025 5117 3321 5181 praesentiae
3347 5116 3452 5172 ima
3470 5148 3486 5158 -

1897 5201 2074 5272 ginem
2121 5201 2252 5256 mihi
2301 5200 2449 5256 solus
2501 5200 2763 5259 exhibuit.
2795 5203 2926 5257 Nam
2957 5206 3134 5259 omnia
3169 5207 3302 5262 bona
3336 5209 3391 5264 in
3418 5223 3484 5265 eo

1900 5293 2112 5364 agnovi,
2133 5307 2254 5362 qua:
2281 5293 2336 5347 in
2367 5301 2418 5347 te
2443 5291 2642 5348 dudum
2673 5295 2910 5359 probavi.
2938 5298 3078 5352 Amo
3103 5299 3263 5369 igitur
3289 5313 3482 5355 venam

1899 5384 2114 5439 familiae
2141 5392 2352 5439 vestrae.
2381 5383 2454 5437 De
2483 5399 2583 5453 qua
2616 5385 2794 5454 nobis,
2820 5389 2979 5442 etiam
3010 5389 3100 5457 qui
3131 5390 3304 5444 adhuc
3335 5403 3488 5445 com-

1901 5477 2035 5546 perti
2067 5489 2174 5530 non
2198 5484 2340 5538 sunt,
2363 5475 2714 5545 praerogativa
2743 5479 2925 5548 optimi
2951 5482 3162 5550 generis
3188 5480 3486 5536 laudabiles

1892 5569 2004 5636 jam
2034 5565 2303 5620 videntur.
2329 5564 2590 5634 Superest
2615 5582 2758 5622 nunc
2782 5569 2911 5624 mihi
2938 5570 3194 5626 solemnis
3221 5569 3311 5624 illa
3331 5569 3486 5624 eilia-

1893 5659 2080 5729 gitatio
2126 5657 2457 5726 litterarum,
2519 5673 2678 5730 quam
2726 5674 2826 5717 nec
2873 5660 3220 5717 omittendam
3263 5663 3489 5734 penitus

1892 5749 2138 5806 existimo
2163 5791 2180 5818 ,
2220 5763 2286 5806 ne
2312 5751 2586 5809 remissius
2606 5765 2784 5819 cures,
2812 5767 2928 5822 quae
2953 5761 3115 5822 putas
3139 5769 3249 5812 non
3271 5755 3508 5814 dedite-
