4074 6176
523 284 628 345 543

1702 280 1767 346 ρ.
1807 276 2154 335 AURELIUS
2192 274 2621 335 SYMMACIIUS.

3684 278 3791 338 5η

519 400 649 467 rari,
679 414 779 456 nec
807 412 1133 470 magnopere
1162 394 1571 466 perurgendam,
1619 407 1687 447 ne
1717 392 1809 447 tibi
1839 399 2099 461 perpetua
2124 392 2179 453 Α
2205 406 2310 460 quo
2338 394 2516 447 sortiri
2548 392 2730 448 Sicilia
2765 392 3103 463 magistratus
3125 435 3140 459 ,
3182 398 3506 446 anteriorum
3536 395 3789 448 recordar-

516 492 801 547 conventio
831 489 1114 562 spontanei
1144 488 1366 555 gratiam
1399 487 1652 554 decerpat
1679 484 1862 540 officii.
1897 484 2050 540 Vale.

1085 580 1304 635 EPIST.
1346 578 1532 633 LXXI.

1091 687 1514 729 SVMIIACHUS.....

584 769 838 835 Quamvis
886 766 1123 836 relegere
1167 767 1303 825 iter,
1348 773 1508 831 atque
1554 761 1698 815 illico
1742 774 1927 829 parem
1971 773 2098 814 rure

511 859 808 924 deducere;
852 858 953 913 hoc
984 859 1156 927 ipsum
1189 865 1368 909 tamen
1416 856 1576 908 breve
1621 853 1959 907 intervallum
1990 850 2098 906 dici

510 964 736 1005 vacuum
765 963 885 1003 esse
917 947 1110 1003 litteris
1138 960 1244 1000 non
1272 945 1463 1013 patiar.
1492 941 1753 1007 Primum,
1782 951 1840 995 ut
1861 940 2095 996 officium

509 1041 830 1110 scriptorum
879 1050 1090 1094 tuorum
1141 1034 1510 1090 vicissitudine
1554 1033 1817 1087 sermonis
1862 1032 2097 1101 aequipa-

506 1148 643 1190 rem.
677 1133 902 1200 Dehinc,
938 1143 995 1185 ttt
1023 1131 1288 1199 expetitas
1317 1127 1578 1182 amicitias
1611 1126 1781 1180 relatu
1809 1125 1992 1193 gratias
2014 1125 2094 1179 in-

509 1225 716 1294 telligar
743 1223 1036 1279 munerari.
1067 1223 1366 1285 Postremo,
1392 1228 1449 1274 ut
1477 1219 1673 1273 indicio
1702 1218 1960 1273 adventus
1986 1218 2089 1273 mei

510 1316 801 1385 pauxillum
831 1316 898 1369 de
928 1322 1003 1380 te,
1037 1312 1082 1367 si
1113 1328 1233 1366 mox
1262 1311 1410 1366 abire
1439 1310 1754 1365 deereveras
1773 1350 1787 1374 ,
1821 1309 2091 1365 residendi

506 1414 719 1475 tempus
746 1405 1040 1461 obtineam.
1071 1402 1153 1458 0b
1183 1403 1279 1456 itas
1306 1416 1496 1456 causas
1523 1400 1802 1471 epistolam
1834 1408 2092 1457 venturus

505 1494 621 1564 ipse
652 1503 903 1564 tanquam
949 1493 1228 1562 prcesulem
1264 1491 1403 1546 misi.
1438 1490 1543 1546 Sed
1591 1490 1643 1545 in
1691 1490 1774 1545 bis
1820 1491 2090 1560 praecipua

507 1592 639 1646 mihi
687 1591 784 1646 fuit
824 1590 962 1645 ratio
1009 1603 1115 1643 non
1165 1587 1381 1647 silendi,
1415 1584 1555 1654 quod
1584 1583 1732 1654 prior
1756 1592 1938 1639 votum
1966 1599 2092 1639 san-

501 1684 707 1740 ciendae
747 1680 1122 1737 familiaritatis
1170 1677 1425 1735 habuisti.
1471 1678 1627 1733 Unde
1650 1692 1842 1733 curare
1868 1692 1956 1733 me
1994 1677 2088 1733 de-

2206 481 2352 537 tione
2379 484 2672 537 metuebat.
2708 483 2851 537 Ades
2896 482 3059 552 igitur
3102 483 3257 535 nobis
3284 493 3646 551 exspectatus,
3678 484 3788 539 illis

2204 573 2613 630 desiderandus.
2648 576 2713 629 Et
2740 589 3008 645 praesumo
3039 573 3133 628 tibi
3155 585 3377 643 accepto
3408 574 3712 642 ferendum,
3738 577 3784 631 si

2202 665 2496 734 provincire
2522 665 2949 720 commodaverit
2974 664 3285 734 posterioris
3314 665 3562 719 imitatio.
3589 670 3786 721 Auctor

2203 761 2288 808 est
2310 755 2451 810 enim
2483 755 2745 810 bonorum
2780 754 3118 825 sequentium
3142 795 3160 822 ,
3204 755 3295 823 qui
3325 755 3577 826 relinquit
3604 772 3788 812 exem-

2201 844 2370 916 plum.
2396 846 2547 902 Vale.

2747 958 2965 1015 EPIST.
3005 956 3240 1013 LXXVI.

2781 1065 3133 1107 εῑηλειιυε..
3143 1088 3178 1104 σο
3190 1090 3205 1104 .

2272 1140 2546 1209 Querebar
2569 1143 2762 1198 tacitus
2788 1141 2906 1211 ipse
2936 1155 3146 1197 mecum
3169 1142 3236 1197 de
3264 1141 3500 1205 silentio,
3522 1140 3617 1196 sed
3643 1142 3786 1195 ami-

2202 1246 2323 1289 cam
2370 1236 2776 1291 succensionem
2822 1248 3011 1291 recens
3052 1249 3233 1292 sermo
3281 1234 3529 1305 placavit.
3558 1233 3699 1304 Ergo
3730 1234 3787 1291 in

2201 1340 2357 1380 usum
2390 1336 2627 1383 veterem
2671 1336 3010 1383 revertamur
3033 1370 3048 1394 ,
3097 1338 3153 1383 et
3190 1337 3428 1382 mutuam
3457 1325 3787 1396 diligentiam

2199 1419 2463 1490 religiosis
2493 1419 2905 1475 salutationibus
2934 1419 3268 1474 excolamus.
3288 1417 3438 1473 Vale.

2720 1553 2938 1610 EPIST.
2981 1552 3241 1607 LXXVII.

2772 1661 3197 1701 BYDIMACIIUS..."

500 1778 648 1843 cuit,
698 1791 766 1831 ne
813 1775 1025 1843 culpam
1057 1772 1258 1827 fastidii
1288 1731 1673 1826 contraherent
1694 1731 2091 1825 dissimulando
2126 1761 2167 1819 Β
2267 1735 2474 1843 :Q’Frilma
2500 1734 3325 1843 ":3P'F‘f‘mg‘fﬂm‘W‘E‘P‘fV‘}

499 1883 779 1940 responsa.
807 1867 967 1937 Atqui
1001 1866 1216 1921 mallem
1243 1880 1459 1935 semper
1488 1879 1605 1920 mea
1632 1878 1799 1933 opera
1830 1864 2091 1919 amicitias

498 1960 776 2024 inchoari;
820 1968 1026 2014 tantum
1056 1959 1231 2023 abest,
1260 1967 1319 2011 ut
1347 1957 1499 2026 pigre
1519 1964 1573 2011 et
1599 1955 1928 2026 negligenter
1955 1955 2092 2011 acci-

498 2054 641 2122 piam
689 2065 884 2105 munus
935 2048 1214 2119 religionis
1265 2047 1483 2100 oblatae.
1534 2048 1649 2116 Ago
1697 2046 1855 2115 igitur
1891 2047 2092 2115 gratias

500 2147 656 2200 bona:
682 2143 940 2197 voluntati
972 2150 1109 2205 tute,
1147 2147 1202 2194 et
1245 2139 1445 2194 curabo
1490 2139 1677 2193 sedulo
1712 2137 1904 2192 officiis
1932 2138 2089 2204 meis,

499 2242 561 2290 ut
605 2232 795 2289 credas
842 2232 1083 2303 potuisse
1114 2245 1201 2284 me
1247 2227 1518 2284 scribendi
1546 2227 1737 2283 ordine
1782 2226 2086 2297 praeveniri,

497 2324 771 2396 diligentia
799 2322 964 2378 animi
995 2336 1098 2375 non
1131 2334 1309 2390 posse.
1334 2318 1483 2373 Vale.

1056 2412 1273 2469 EPIST.
1323 2409 1532 2466 LXXII.

1073 2518 1421 2561 SYMIIACIIUSu
1434 2541 1496 2559 ..ο

567 2598 955 2665 Alexandrum,
984 2596 1139 2651 sicuti
1165 2596 1456 2665 loquuntur
1481 2594 1741 2658 historiae,
1768 2592 1946 2662 gravis
1972 2608 2088 2648 mo-

495 2689 693 2749 mordit
723 2688 921 2743 invidia
950 2686 1094 2756 quod
1122 2686 1319 2741 Achilli
1370 2674 1670 2740 fortissimo
1708 2684 1807 2739 cvi
1853 2684 1935 2739 sui
1978 2683 2087 2737 Ho-

491 2798 701 2840 merum
726 2794 1033 2852 prteconem
1062 2779 1274 2834 fortuna
1304 2778 1603 2833 tribuisset.
1624 2776 1694 2832 At
1719 2775 1849 2830 mihi
1876 2776 2085 2831 animus

490 2876 667 2946 gliscit
710 2874 907 2946 gaudio
931 2913 948 2939 ,
977 2872 1122 2943 quod
1163 2879 1389 2927 eventus
1422 2869 1558 2940 reip.
1592 2884 1884 2939 prosperos
1925 2868 2083 2939 parili

490 2981 743 3024 sermone
770 2964 997 3021 ornasti.
1031 2963 1185 3019 Unde
1213 2963 1413 3019 factum
1441 2972 1546 3030 est,
1570 2970 1629 3015 ut
1652 2960 1851 3016 nostris
1870 2974 2084 3031 quoque

491 3059 805 3121 obtutibus.
851 3058 944 3128 qui
992 3054 1181 3127 procul
1225 3053 1434 3125 agimus
1459 3093 1476 3120 ,
1516 3051 1764 3123 quaedam
1807 3059 2079 3121 gestorum

490 3150 652 3206 facies
694 3115 1032 3206 subderetur.
1064 3146 1241 3213 Quare
1260 3115 1504 3201 fortunas
1536 3115 1652 3199 tuae
1688 3115 1930 3214 gratulor
1958 3158 2077 3213 quae
2105 3115 2151 3179 C

493 3246 855 3309 spectatorem
885 3246 941 3292 te
968 3236 1219 3291 secundis
1243 3236 1407 3290 rebus
1435 3235 1707 3303 apposuit,
1738 3242 1795 3290 et
1822 3233 2083 3289 facundiae

493 3346 610 3400 qua
638 3330 823 3387 talium
860 3329 1196 3397 negotiorum
1238 3326 1592 3397 magnitudini
1621 3326 1879 3382 orationis
1906 3327 2080 3395 gravi-

492 3431 602 3480 tate
625 3422 925 3491 respondit.
947 3419 1195 3477 Caelestis
1223 3429 1383 3473 nutus
1411 3418 1631 3481 efﬁciet,
1657 3426 1717 3472 ut
1738 3419 2081 3473 ornatissimo

493 3512 687 3584 linguae
719 3521 821 3567 tua:
849 3510 1215 3582 promptuario
1240 3524 1511 3580 nunquam
1541 3508 1688 3566 desit
1727 3510 1952 3565 materia
1990 3519 2077 3564 ta-

492 3603 623 3659 lium
654 3602 983 3658 nuntiorum.
1007 3601 1155 3656 Vale.

1037 3690 1254 3748 EPIST.
1295 3690 1527 3746 LXXIII.

1070 3798 1493 3839 SXMMACIIUS..."

557 3874 701 3931 Cura
730 3874 923 3929 anxius
948 3888 1095 3930 eram
1138 3875 1447 3943 priusquam
1480 3873 1685 3928 litteras
1734 3881 1852 3929 tuas
1899 3888 2077 3929 sume-

488 3980 643 4030 rem.
675 3974 853 4019 utrum
889 3963 1173 4019 commode
1215 3972 1433 4032 peracto
1461 3964 1654 4019 itinere
1696 3964 1765 4018 ad
1810 3962 2076 4019 destinata

489 4055 851 4125 pervenisses.
904 4053 1010 4109 Sed
1054 4053 1142 4108 ubi
1176 4053 1386 4108 certior
1429 4052 1605 4108 factus
1653 4068 1794 4118 sum,
1826 4053 1959 4108 nihil
1984 4068 2078 4107 va-

487 4144 710 4200 letudini
756 4154 859 4199 ture
902 4144 1089 4199 labore
1118 4143 1326 4198 itineris
1370 4141 1734 4209 deminutum,
1766 4145 1980 4199 animus
2005 4144 2071 4199 ad

485 4250 547 4293 se
575 4235 822 4291 revertit.
854 4234 1136 4292 Praestabit
1162 4235 1373 4290 divinus
1408 4235 1576 4301 favor,
1612 4245 1670 4289 ut
1698 4236 1855 4291 sicuti
1884 4235 2077 4292 absen-

484 4329 557 4385 tia
588 4338 675 4385 tua
702 4336 886 4399 optata
910 4326 1283 4399 cognovimus,
1304 4327 1375 4382 ita
1400 4337 1491 4383 tuo
1517 4328 1691 4385 reditu
1720 4328 2071 4399 gaudeamus.

486 4422 637 4480 Vale.

1037 4509 1257 4567 EPIST.
1296 4508 1531 4565 LXXIV.

1066 4615 1466 4657 8YIIACIIUS....
1479 4642 1492 4656 .

553 4694 895 4750 Editionibus
935 4696 1135 4749 nostris
1166 4694 1389 4748 amicam
1417 4708 1636 4763 Operam
1668 4694 1960 4763 polliceris.
1985 4696 2071 4752 In-

481 4785 664 4856 telligo
690 4785 884 4841 litteris
907 4784 1297 4840 benevolentia:
1327 4793 1431 4839 tute
1457 4784 1707 4839 effectum
1730 4787 2066 4855 respondere

482 4876 760 4945 potuisse,
793 4875 838 4931 si
892 4875 1113 4930 honoris
1143 4875 1217 4930 tui
1264 4884 1473 4945 tempus
1502 4874 1733 4930 felicitas
1779 4877 2070 4945 provincia:

481 4974 851 5036 prepagasset.
881 4965 989 5022 Sed
1020 4965 1265 5034 quamvis
1294 4966 1554 5035 depositis
1583 4965 1811 5034 reipubl.
1844 4967 2068 5024 habenis

482 5073 718 5130 nequeas
744 5058 995 5131 promissi
1023 5057 1307 5113 terminum
1347 5059 1475 5114 dare
1500 5100 1516 5128 ,
1550 5073 1651 5129 ego
1693 5068 1869 5115 tamen
1900 5060 2070 5115 fateor

481 5153 553 5205 ita
600 5166 688 5207 me
732 5150 824 5206 tibi
854 5150 1104 5205 vadatum
1150 5151 1318 5221 gratia
1346 5189 1363 5217 ,
1410 5160 1467 5204 ut
1496 5161 1707 5218 sprrata
1757 5153 2064 5222 perfeceris.

480 5243 619 5298 Voto
646 5242 790 5297 enim
820 5240 1073 5309 faventis,
1107 5256 1214 5295 non
1246 5241 1391 5296 exitu
1423 5242 1502 5296 rei
1540 5243 1751 5296 animus
1777 5242 2063 5311 obligatur.

478 5332 683 5391 Interea
705 5334 922 5391 abundo
937 5333 1154 5405 gaudio,
1177 5336 1319 5404 quod
1348 5334 1439 5389 tibi
1463 5334 1702 5389 omnium
1724 5351 1901 5390 rerum
1926 5336 2064 5390 fatua

476 5428 631 5486 ﬂoret
657 5437 712 5486 et
735 5428 791 5485 in
818 5439 1024 5502 partem
1052 5429 1291 5495 qumsitze
1319 5442 1347 5481 a
1381 5436 1433 5482 te
1462 5428 1632 5483 laudis
1662 5429 1880 5485 accedo.
1915 5429 2064 5485 Vale.

1040 5517 1253 5571 EPIST.
1289 5516 1497 5571 LXXV.

1060 5621 1489 5663 SYIMACIIUS.....

548 5696 726 5758 Beasti
767 5703 969 5763 curiam
1016 5709 1256 5760 nostram
1306 5700 1591 5773 forumque
1644 5702 1967 5771 Romanum,
1998 5704 2066 5759 de

2193 1826 2237 1880 si
2268 1828 2485 1894 paulum
2538 1826 2723 1880 Romae
2768 1826 3006 1881 residere
3049 1824 3332 1884 voluisses,
3359 1823 3527 1877 multo
3554 1824 3785 1893 amplius

2192 1917 2348 1972 nobis
2377 1918 2658 1987 prasentia
2692 1930 2803 1984 tua,
2836 1934 2993 1987 quam
3024 1932 3205 1972 sermo
3234 1917 3415 1986 gratia:
3444 1916 3780 1971 contulisset.

2193 2007 2331 2063 Fero
2380 2017 2557 2062 tamen
2604 2023 2759 2079 aequo
2806 2009 3026 2073 animo,
3075 2007 3217 2075 quod
3270 2006 3541 2061 desiderio
3586 2016 3779 2060 nostro

2193 2117 2431 2157 amorem
2460 2104 2646 2173 patriae
2688 2103 2998 2173 praetulisti.
3034 2102 3099 2157 Et
3144 2117 3304 2172 spero
3343 2101 3547 2157 visendi
3578 2101 3670 2156 filii
3701 2103 3785 2157 tui

2190 2195 2384 2263 gratia,
2418 2195 2508 2265 qui
2556 2210 2700 2249 nunc
2750 2194 3064 2250 liberalibus
3106 2193 3298 2248 studiis
3347 2193 3611 2260 eruditur,
3656 2193 3784 2248 red-

2191 2285 2418 2340 dendam
2450 2286 2583 2340 mihi
2618 2286 2816 2353 saepius
2846 2286 2918 2339 tui
2944 2285 3176 2353 ecpiam.
3220 2284 3428 2339 Interea
3460 2283 3589 2337 dum
3618 2283 3791 2338 absu:

2190 2389 2334 2440 mus,
2354 2376 2740 2445 frequentanda
2770 2376 2862 2430 tibi
2894 2385 2978 2429 est
3006 2389 3167 2443 opera
3189 2374 3517 2443 scriptionis,
3544 2383 3601 2428 ut
3627 2387 3787 2427 meus

2190 2468 2349 2524 etiam
2374 2469 2543 2539 stylus
2569 2468 2634 2521 ad
2664 2468 3084 2523 vie‘ssitudinem
3112 2477 3451 2537 provocetur.
3482 2466 3631 2523 Vale.

2709 2604 2926 2661 EPIST.
2968 2601 3250 2659 LXXVIII.

2769 2708 3193 2749 εῑωιΑωιυθ..η.

2256 2784 2430 2840 Credo
2476 2784 2721 2850 miraris,
2767 2786 2911 2854 quod
2958 2784 3136 2839 adhuc
3178 2782 3346 2839 crudo
3387 2782 3613 2836 fortuna:
3639 2796 3787 2837 meatr

2184 2876 2408 2932 vulnere
2433 2878 2702 2932 silentium
2728 2878 2985 2946 ruperim.
3018 2876 3143 2932 Ilaec
3173 2875 3362 2931 solatia
3386 2916 3403 2941 ,
3448 2874 3532 2929 bis
3559 2889 3781 2943 pascor,

2190 2965 2273 3022 his
2305 2983 2522 3023 recreor
2552 2984 2565 3021 :
2598 2968 2699 3022 etsi
2730 2969 2819 3022 illa
2851 2967 2991 3023 duco
3037 2965 3243 3036 majora
3274 2979 3393 3034 qua:
3421 2965 3552 3019 mihi
3584 2980 3650 3019 ex
3680 2975 3776 3019 tuo

2186 3068 2403 3128 pectore
2436 3069 2493 3116 et
2536 3074 2787 3116 sermone
2816 3060 3134 3115 redduntur.
3166 3058 3273 3114 Sed
3304 3058 3429 3113 nolo
3459 3059 3718 3127 tantisper
3741 3072 3776 3114 ι

2182 3166 2270 3205 me
2316 3151 2499 3220 exigas
2563 3151 2766 3207 litteras
2812 3151 3106 3220 longiores.
3152 3149 3349 3207 Breves
3396 3157 3523 3203 sunt
3564 3148 3775 3203 doloris

2182 3242 2411 3297 inducite
2436 3282 2452 3309 ,
2500 3253 2554 3298 et
2596 3258 2719 3298 mox
2749 3243 2802 3298 in
2835 3242 3062 3299 miseras
3091 3239 3445 3312 cogitationes
3489 3248 3776 3295 recurrunt

2180 3332 2514 3389 dissimulata
2557 3334 2832 3403 paululum
2860 3335 3019 3390 mala.
3053 3333 3196 3403 Ergo
3220 3341 3311 3387 tua
3359 3332 3534 3402 potius
3574 3330 3775 3385 redun-

2181 3425 2272 3480 det
2300 3426 2492 3493 oratio,
2524 3439 2644 3495 qute
2674 3425 2765 3480 tibi
2794 3425 3005 3481 laudem
3044 3431 3270 3478 servatae
3294 3423 3543 3477 amicitiae
3572 3421 3777 3490 pariet,

2179 3524 2235 3572 et
2272 3516 2402 3572 mibi
2430 3516 2711 3587 praesentis
2737 3531 2990 3573 aerumna:
3013 3515 3254 3572 solamen
3285 3513 3491 3570 afferet.
3510 3512 3658 3567 Vale.

2735 3645 2951 3704 EPIST.
2993 3646 3232 3703 LXXIX.

2762 3754 3194 3796 BYIIMACIIUS..."

2250 3830 2465 3887 Utinam
2506 3839 2560 3887 te
2600 3820 2789 3887 t'nelior
2829 3844 2991 3886 causa
3027 3830 3331 3895 tenuisset,
3380 3837 3433 3882 et
3470 3825 3624 3882 facile
3670 3825 3773 3879 ειμι

2178 3922 2367 3977 sentias
2397 3932 2501 3976 tute
2531 3922 2725 3975 damna
2754 3921 3037 3977 ferremus.
3085 3918 3367 3988 Utcunque
3405 3929 3582 3972 tamen
3619 3916 3769 3971 desi-

2178 4012 2385 4068 derium
2431 4012 2506 4067 tui
2553 4012 2849 4067 litterarum
2898 4012 3091 4066 solatio
3135 4010 3435 4080 mitigasti:
3481 4023 3615 4077 quas
3653 4008 3765 4062 fre-

2179 4111 2441 4173 quentare
2468 4103 2797 4174 dignaberis,
2831 4104 2874 4158 si
2918 4118 3078 4173 quam
3120 4102 3215 4158 tibi
3258 4101 3434 4157 adhuc
3465 4099 3768 4156 necessitas

2177 4194 2454 4251 familiaris
2483 4209 2686 4250 moram
2718 4194 2992 4250 indixerit.
3022 4194 3171 4249 Vale.

2723 4326 2942 4384 EPIST.
2983 4326 3198 4381 LXXX.

2764 4434 3187 4475 SYIIIACHUS.....

2100 4478 2157 4542 Β
2251 4508 2317 4565 Et
2344 4510 2513 4565 sancti
2551 4510 2717 4565 animi
2754 4510 2831 4564 tui
2868 4510 3184 4576 affectione,
3226 4519 3279 4565 et
3320 4510 3584 4566 sermonis
3623 4506 3761 4563 assi~

2176 4602 2380 4657 duitate
2418 4602 2679 4657 delector.
2726 4601 2805 4655 Ne
2848 4601 2977 4656 illttd
3006 4602 3226 4670 quidem
3257 4602 3498 4657 beneﬁcii
3534 4600 3760 4654 minoris

2174 4692 2443 4757 existimo,
2471 4692 2615 4763 quod
2650 4691 2716 4745 ad
2763 4692 3105 4748 scribendum
3147 4693 3277 4747 mihi
3312 4692 3531 4746 idoneas
3567 4688 3774 4745 tribuit

2173 4782 2476 4839 facultates.
2527 4784 2701 4853 Spero
2733 4784 2874 4838 enim
2907 4784 3128 4853 paginas
3159 4798 3307 4838 meas
3348 4784 3440 4837 tibi
3474 4796 3633 4852 posse
3666 4798 3758 4836 re-

2171 4876 2342 4946 stitui,
2376 4891 2509 4947 quas
2539 4885 2852 4947 reposcunt,
2878 4877 2967 4947 qui
2997 4885 3085 4930 tuo
3109 4876 3311 4945 judicio
3336 4876 3623 4944 portitores
3654 4874 3764 4926 hu-

2170 4969 2260 5040 jus
2288 4968 2452 5025 officii
2480 4968 2805 5040 deliguntur.
2838 4969 2905 5024 Et
2930 4985 3060 5025 vero
3089 4985 3208 5039 qua:
3233 4983 3329 5039 pro
3358 4975 3536 5021 mutua
3570 4966 3771 5020 amici-

2175 5060 2245 5116 tia
2279 5060 2515 5131 dignaris
2541 5060 2845 5130 lnjungere,
2876 5060 3107 5116 libenter
3135 5059 3477 5131 exsequenda
3495 5058 3761 5127 suscipio,

2171 5151 2384 5219 quoties
2425 5150 2735 5206 desiderant
2791 5166 3011 5220 Operam
3064 5166 3240 5207 meam
3303 5166 3438 5219 quos
3476 5136 3767 5203 commen-

2172 5244 2390 5300 datione
2418 5244 2765 5315 prosequeris
2805 5261 2818 5296 :
2870 5245 2965 5298 sed
3004 5244 3049 5298 si
3079 5243 3206 5313 quid
3249 5251 3340 5296 aut
3372 5241 3762 5311 negligentins,

2175 5343 2269 5388 aut
2302 5333 2475 5389 serius
2509 5336 2732 5388 sortitur
2758 5332 3039 5400 effectum,
3082 5347 3269 5387 eorum
3313 5330 3758 5389 dissimulationi,

2174 5439 2310 5493 quos
2338 5423 2713 5478 commonendi
2742 5438 2867 5478 cura
2901 5424 3122 5489 deserit,
3151 5430 3364 5493 oportet
3389 5423 3608 5478 ascribi.
3646 5423 3765 5475 (Le-

2176 5525 2347 5571 terum
2374 5524 2480 5570 tam
2507 5516 2646 5585 justa
2678 5524 2733 5570 et
2754 5516 2977 5571 honesta
3002 5524 3143 5581 sunt,
3162 5532 3281 5586 qua:
3304 5515 3416 5584 ipse
3441 5514 3649 5583 plerum
3676 5530 3773 5580 μιο

2176 5608 2413 5677 delegas,
2467 5616 2526 5662 ut
2567 5606 2695 5661 mihi
2740 5608 2826 5661 vel
2867 5616 2986 5661 utro
3017 5607 3314 5679 appetenda
3356 5608 3428 5662 sit
3478 5605 3773 5662 exsecuti:

2175 5701 2533 5771 probabilium
2564 5700 2883 5757 litterarum.
2922 5698 3071 5755 Vale.

3538 5820 3585 5831 ..σ
