4074 6176
262 293 364 350 διε

809 401 1024 463 EPIST.
1065 405 1308 463 LXXXI.

853 511 1282 553 SYIIACIIUS...”

333 589 446 644 Diu
469 588 678 645 litteras
720 596 840 643 tuas
880 587 1222 643 desiderasse
1252 602 1338 644 me
1373 587 1568 654 fateor,
1621 601 1849 657 quarum

257 681 570 750 apportan
604 680 1001 750 exspectationi
1046 678 1360 749 plenissime
1388 679 1673 734 satisfecit.
1705 679 1852 734 Prte-

260 777 421 844 cipue
466 782 645 829 autem
698 773 895 842 gaudio
942 772 1060 838 fuit,
1111 772 1254 840 quod
1300 782 1352 828 te
1389 787 1486 841 pro
1526 782 1653 828 voto
1689 787 1851 842 agerc

259 863 546 920 nuntiasti.
584 862 787 918 Dehinc
812 862 953 934 quod
982 863 1245 920 adventus
1277 863 1352 918 tui
1384 864 1580 920 dedisti
1602 863 1846 918 obsidem

256 956 635 1025 sponsionem.
685 955 752 1009 Et
786 953 1038 1022 quoniam
1069 963 1122 1009 te
1150 955 1349 1010 mutuis
1375 954 1443 1009 de
1468 969 1554 1009 me
1580 968 1849 1024 praesumo

253 1044 497 1115 gaudere
518 1089 532 1114 ,
575 1054 697 1114 post
726 1045 958 1114 ingentia
987 1043 1257 1113 pericula,
1292 1061 1412 1114 quae
1442 1045 1588 1099 solus
1619 1046 1671 1098 in
1703 1060 1851 1099 com-

253 1138 438 1194 munia
463 1137 654 1208 patria
683 1139 1082 1208 perturbatione
1112 1140 1370 1206 toleravi,
1419 1138 1476 1193 in
1507 1137 1707 1192 bonum
1737 1147 1847 1192 sta-

253 1239 370 1285 tum
399 1230 630 1286 rediisse
655 1230 924 1300 signiﬁco.
954 1231 1238 1300 Superest,
1275 1242 1334 1286 ut
1359 1229 1426 1284 ad
1459 1229 1844 1298 plenitudinem

249 1335 642 1390 prosperon
682 1321 870 1376 laetitia
908 1322 1066 1377 nobis
1099 1333 1313 1392 sperata
1353 1321 1664 1391 proveniat;
1703 1320 1845 1390 quod

247 1412 388 1468 mihi
419 1425 516 1468 tuo
539 1412 717 1469 reditu
747 1412 1105 1482 spopondisti.
1149 1413 1301 1468 Vale.

795 1502 1014 1558 EPIST.
1045 1503 1308 1558 LXXXII.

834 1610 1166 1653 BVIIACIIUS.
1177 1637 1188 1648 .
1199 1633 1236 1650 ..
1247 1635 1264 1649 .

322 1684 513 1742 Pomis
563 1686 672 1741 tuis
719 1686 934 1741 abunde
977 1686 1235 1740 honorem
1278 1685 1480 1756 scripto
1523 1685 1754 1740 facerem
1794 1684 1842 1739 si

245 1778 518 1834 valerem.
563 1777 714 1832 Nunc
750 1778 1006 1832 obsessus
1027 1775 1388 1831 membrorum
1416 1776 1655 1831 omnium
1688 1777 1840 1830 dolo—
1875 1772 1918 1830 Β

245 1869 439 1934 ribus,
479 1869 737 1924 silvarum
793 1879 1000 1925 tuarum
1050 1869 1260 1923 laudem
1300 1880 1601 1938 sequestro.
1658 1868 1841 1923 Faciet

251 1961 514 2029 frequens
563 1959 871 2014 humanitas
921 1969 1006 2014 tua
1058 1969 1117 2013 ut
1165 1974 1308 2028 saepe
1350 1959 1482 2012 alias
1533 1961 1586 2014 in
1628 1959 1836 2015 Marsos

246 2051 388 2107 bona
418 2051 712 2108 Phacum
741 2051 1000 2104 translata
1029 2050 1387 2104 celebremus.
1423 2049 1574 2104 Vale.

769 2140 985 2198 EPIST.
1025 2139 1310 2195 LXXXIII.

832 2247 1262 2287 ειιωιοιιυε.....

311 2325 449 2382 Ruri
475 2341 602 2382 cum
634 2325 943 2395 parentibus
969 2326 1212 2391 otiahar,
1256 2335 1313 2378 ut
1342 2325 1524 2394 algore
1549 2323 1834 2379 Praanesti-

241 2418 295 2474 ni
321 2417 616 2474 diversorii
641 2416 976 2486 ﬂagrantiam
1000 2416 1215 2474 torrida:
1244 2417 1446 2472 insutis
1467 2416 1828 2471 excluderem.

240 2510 321 2567 Eo
350 2525 443 2566 me
470 2509 574 2564 loci
619 2519 936 2580 repererunt
979 2509 1175 2563 litterae
1219 2522 1352 2575 tute,
1385 2524 1519 2579 quas
1544 2520 1829 2578 exspecta-

238 2603 392 2658 tione
445 2602 810 2672 prosperioris
862 2600 1043 2656 indicii
1095 2601 1358 2669 principio
1416 2601 1570 2656 laetus
1623 2604 1829 2671 accepi.

235 2695 485 2764 Namque
510 2694 578 2749 ad
603 2693 705 2750 hoc
731 2694 974 2750 locorum
1004 2694 1151 2748 nullo
1179 2710 1264 2750 me
1307 2710 1534 2750 munere
1563 2698 1831 2751 sermonis

235 2784 602 2841 hilaraveras.
650 2785 756 2840 Sed
804 2784 896 2840 ubi
939 2800 1130 2840 omnes
1191 2786 1464 2841 molestias
1512 2803 1646 2856 quas
1685 2788 1830 2842 Pado

234 2889 471 2935 auctore
504 2880 769 2944 tolerasti,
797 2879 1026 2933 sollicita
1052 2879 1284 2934 lectione
1308 2881 1590 2946 percensui
1615 2898 1630 2946 ;
1662 2895 1826 2935 accu-

234 2981 360 3026 sato
403 2973 630 3027 vernula
663 2983 754 3027 tuo
799 2972 1050 3038 ﬂumine,
1087 2975 1240 3043 cujus
1274 2975 1515 3028 turbidos
1544 2985 1750 3029 meatus
1773 2985 1830 3029 et

234 3065 464 3120 Italidum
489 3079 682 3134 agmen
711 3077 966 3136 expertus
1003 3081 1102 3132 es;
1141 3067 1296 3120 retuli
1335 3068 1491 3122 istam
1531 3081 1825 3122 conserva-

1477 285 1961 350 EPISTOLARUM
2003 290 2199 350 LIBER
2243 290 2330 350 lX.

1877 410 1930 470 Α

3438 300 3554 364 3ίᾶ

2491 410 2704 466 EI’IST.
2744 413 2878 468 LXX
2891 414 2930 470 X
2946 415 3004 470 V.

2543 519 2971 562 SYIIIACIIUS..."

2031 595 2233 649 Amica:
2263 597 2553 650 voluntatis
2583 597 2835 652 indicium
2865 607 2972 666 est,
3005 598 3147 669 quod
3178 599 3546 669 adeptus‘am-

1959 683 2257 752 plissimum
2288 685 2646 749 consulatum,
2677 689 3036 757 cognitionem
3063 689 3195 744 milii
3220 698 3274 744 et
3303 691 3541 744 societa—

1957 782 2065 828 tem
2096 776 2226 829 tanti
2249 777 2426 846 gaudii
2457 779 2773 846 praestitisti.
2824 779 3004 848 Quare
3053 780 3213 849 hujus
3265 782 3356 836 tibi
3399 783 3547 851 apud

1956 881 2043 922 me
2080 868 2323 922 muneris
2357 872 2534 937 opima
2575 870 2691 925 laus
2730 879 2812 925 est
2841 887 2855 925 :
2890 871 3103 941 quando
3130 871 3201 926 ita
3231 887 3456 928 securus
3482 889 3542 928 es

1955 957 2058 1012 mei
2096 958 2284 1024 animi,
2328 968 2387 1013 ut
2429 961 2534 1014 tuis
2570 961 2729 1016 rebus
2775 963 3048 1031 prosperis
3093 965 3231 1018 scias
3257 978 3353 1018 nos
3383 979 3546 1033 ροεεισ

1954 1050 2145 1105 lauari.
2176 1051 2314 1118 Quid
2337 1052 2478 1122 quod
2509 1053 2673 1109 etiam
2701 1055 2986 1110 consulare
3007 1057 3278 1126 negatium
3313 1057 3411 1111 fuit
3439 1056 3540 1112 ho-

1955 1142 2101 1196 noris
2133 1143 2215 1196 sui
2260 1145 2504 1198 nuntium
2547 1143 2705 1199 latins
2742 1147 3097 1214 promovere?
3123 1146 3326 1202 Gaudia
3367 1148 3536 1215 enim,

1949 1233 2141 1301 quibus
2177 1234 2328 1301 pauci
2369 1235 2648 1300 fruuntur,
2691 1247 2914 1306 angusta
2945 1248 3089 1293 sunt.
3123 1238 3330 1294 Dehinc
3366 1240 3546 1309 ipsius-

1948 1324 2136 1378 :eterni
2167 1325 2425 1396 principis
2447 1324 2763 1382 beneﬁcium
2795 1327 3062 1383 celebrius
3105 1338 3266 1399 atque
3293 1330 3536 1384 ornatius

1951 1415 2250 1482 reddidisﬁ,
2281 1417 2368 1472 cui
2397 1418 2496 1473 sub
2526 1419 2812 1474 occasione
2839 1420 3023 1474 talium
3065 1420 3364 1476 litterarum
3393 1421 3535 1490 apud

1952 1508 2148 1561 multos
2178 1509 2374 1576 gratias
2399 1508 2602 1563 videris
2624 1512 2818 1580 egisse,
2842 1527 3000 1580 quam
3032 1511 3262 1580 benigne
3292 1511 3536 1564 animada

1945 1610 2225 1654 vertantur
2253 1600 2450 1655 ofﬁcia.
2483 1600 2668 1655 Facito
2708 1612 2764 1655 ut
2788 1601 2945 1656 istam
2979 1603 3205 1674 gratiam
3252 1603 3525 1658 scribendi

1945 1690 2259 1747 assiduitate
2290 1693 2593 1747 continues.
2628 1691 2777 1746 Vale.

2474 1781 2692 1838 EPIST.
2722 1781 3008 1838 LXXXVI.

2528 1890 2954 1931 SYIIACHUS..."

2012 1966 2327 2037 Compotem
2382 1982 2466 2022 me
2513 1970 2677 2036 aptati
2738 1969 2906 2023 nuntii
2955 1967 3273 2039 praestitisti.
3334 1967 3530 2023 Fateor

1939 2061 2082 2116 enim
2136 2077 2273 2117 vera:
2311 2061 2560 2116 amicitia:
2602 2061 2739 2116 hanc
2775 2076 2897 2116 esse
2943 2063 3228 2126 rationem,
3275 2069 3331 2115 ut
3375 2075 3524 2115 com-

1938 2153 2097 2207 moda
2127 2162 2308 2208 nostra
2341 2163 2526 2208 mutuo
2554 2154 2904 2224 gaudeamus.
2938 2153 3192 2208 Gratulor
3220 2152 3380 2220 igitur
3402 2167 3524 2207 cum

1937 2245 2032 2300 tibi
2069 2245 2446 2301 familiaritatis
2493 2253 2694 2301 nostra:
2742 2260 2934 2310 causa,
2981 2254 3088 2300 tum
3134 2244 3287 2299 fama:
3315 2253 3524 2314 tempus

1935 2351 2052 2390 rum
2097 2351 2256 2406 quam
2289 2339 2521 2393 recentis
2545 2337 2732 2407 judicii
2772 2337 2996 2408 aequitas
3025 2336 3079 2392 in
3125 2345 3380 2392 aeternam
3410 2337 3528 2407 glo‘

1935 2429 2068 2482 riam
2113 2429 2425 2484 vindicavit.
2478 2427 2714 2485 Functus
2768 2445 2827 2484 es
2866 2429 3057 2500 Optimi
3100 2427 3231 2483 civis
3261 2427 3521 2492 ofﬁcium,

1937 2520 2101 2572 multa
2145 2534 2341 2587 opera,
2386 2523 2589 2588 perpeti
2630 2520 3012 2574 sollicitudine.
3062 2519 3167 2575 Sed
3199 2521 3322 2574 nolo
3353 2519 3522 2586 paeni-

1935 2616 2063 2662 teat.
2098 2609 2276 2662 \‘irtus
2304 2609 2612 2665 durioribus
2635 2610 2861 2680 negotiis
2890 2611 3158 2675 enitescit,
3189 2621 3242 2664 et
3265 2623 3520 2678 asperna-

1933 2707 2020 2753 tur
2047 2699 2306 2755 declivem
2341 2701 2668 2765 facilitatem,
2705 2701 3044 2770 maximoque
3068 2701 3269 2756 sudore
3289 2700 3522 2754 arduum

1933 2788 2106 2844 laudis
2158 2791 2438 2846 annititur.
2481 2790 2633 2846 Adde
2681 2792 2784 2845 huc
2825 2789 2968 2859 quod
3009 2793 3062 2844 in
3101 2806 3194 2846 ore
3239 2789 3523 2844 fortissimi

1933 2882 2188 2952 principis
2237 2883 2373 2952 agis,
2421 2893 2478 2938 et
2522 2883 2735 2952 publico
2773 2882 2915 2938 bono
2965 2884 3085 2938 sine
3134 2883 3382 2938 satietate
3417 2881 3514 2936 de-

1934 2971 2126 3025 frueris
2161 2987 2176 3025 :
2221 2983 2340 3039 qua:
2373 2986 2457 3025 res
2484 2986 2589 3026 non
2621 2981 2941 3040 compensat
2983 2972 3174 3037 modo,
3211 2972 3306 3028 sed
3354 2971 3516 3026 etiam

1932 3064 2277 3120 commendat
2305 3065 2564 3120 laborem.
2607 3064 2724 3120 Jam
2757 3065 2884 3120 illud
2925 3065 3084 3133 quale
3121 3074 3239 3131 est,
3279 3064 3422 3134 quod
3466 3067 3518 3117 in

233 3157 407 3212 tionis
445 3164 558 3210 tua
585 3159 813 3225 gratiam
840 3156 944 3213 diis
969 3157 1296 3222 auctoribus,
1343 3159 1608 3228 Bomeque
1639 3157 1823 3213 Furttto
1851 3139 1898 3201 ο
1931 3171 2092 3211 causa
2139 3171 2242 3210 non
2287 3165 2494 3211 tantum
2541 3166 2630 3211 tua
2675 3157 2904 3211 fortuna:
2936 3157 3200 3212 eluctatus
3231 3157 3518 3220 incertum,

234 3265 341 3304 nae.
375 3249 742 3316 Quamobrem
772 3250 1152 3320 complacitum
1192 3264 1272 3304 est
1305 3249 1436 3304 mihi
1469 3265 1650 3305 serum
1678 3251 1832 3305 exhi-

233 3341 332 3396 bi-i
371 3341 647 3396 sermonis
683 3341 944 3408 ofﬁcium,
1007 3343 1160 3411 cujus
1213 3343 1424 3413 longam
1473 3346 1828 3398 cessationem

235 3432 498 3488 secundis
528 3433 692 3486 rebus
727 3433 834 3487 tuis
868 3433 1116 3489 incusare
1145 3435 1462 3503 potuissem.
1497 3433 1717 3488 Factum
1746 3444 1830 3488 est

236 3523 384 3577 enim
431 3522 696 3592 religione
744 3538 848 3592 qua
888 3523 1091 3587 debuit,
1149 3537 1204 3577 ut
1250 3526 1400 3594 prius
1451 3524 1828 3580 liberationem

236 3623 420 3678 tuam,
465 3629 627 3683 quam
674 3615 966 3682 periculum
998 3615 1284 3670 discerem.
1326 3616 1505 3683 Quare
1554 3629 1716 3684 penes
1740 3630 1832 3670 so-

233 3705 526 3773 spitatores
568 3705 643 3758 tui
671 3704 803 3758 deos
845 3704 1082 3759 manebit
1111 3706 1228 3760 haec
1271 3720 1420 3772 cura,
1468 3716 1526 3759 ut
1555 3706 1827 3761 beneficiis

234 3795 350 3850 suis
372 3795 580 3865 jugiter
608 3796 986 3861 immorentur,
1030 3807 1186 3868 teque
1224 3797 1296 3852 ob
1339 3798 1588 3853 meritum
1626 3799 1830 3854 donent

234 3886 391 3956 largo
415 3887 590 3940 atatis
619 3901 846 3940 excursu
873 3905 887 3953 ;
923 3887 992 3942 ita
1021 3899 1082 3942 ut
1115 3900 1366 3944 senectus
1402 3890 1533 3943 nihil
1565 3889 1830 3958 decoquat

237 3978 538 4032 firmitatis.
572 3977 778 4032 Interea
807 3980 1056 4048 quoniam
1087 3989 1137 4033 te
1163 3990 1316 4048 grata
1342 3981 1579 4034 secessio
1606 3982 1830 4049 etquies

235 4067 412 4122 dlcis
457 4068 834 4135 amplectitur;
879 4083 1066 4139 quaeso
1104 4085 1287 4124 curam
1327 4070 1574 4140 dignatus
1605 4072 1829 4141 arripias

238 4158 530 4212 nobiscum
573 4159 771 4226 saepius
813 4159 1084 4229 loquendi.
1134 4159 1367 4229 Adjicies
1412 4162 1715 4231 plusculum
1745 4179 1832 4218 re-

235 4247 457 4304 [τειίοηί
501 4251 747 4317 corporis
792 4250 862 4316 si,
909 4261 1000 4304 aut
1047 4253 1355 4306 emittendis
1405 4253 1647 4322 epistolis
1675 4297 1690 4320 ,
1739 4265 1831 4309 aut

235 4342 481 4397 vicissim
538 4342 814 4398 sumendis
867 4344 1348 4414 peregrinationem
1397 4344 1612 4399 levaris.
1671 4346 1832 4400 Certe

1935 3248 2070 3302 nulli
2121 3248 2364 3302 nosti-um
2409 3247 2574 3303 debes
2615 3247 2854 3301 victoria:
2903 3256 3006 3302 tuae
3048 3247 3318 3318 gratiam?
3358 3246 3520 3301 Plura

1933 3339 2168 3405 vellem;
2208 3338 2302 3394 sed
2341 3338 2528 3394 videor
2558 3337 2688 3392 mihi
2733 3339 2784 3392 in
2832 3339 3118 3408 praesentia
3151 3337 3283 3392 satis
3328 3337 3524 3392 fecisse

1932 3429 2244 3484 verborum.
2268 3429 2420 3484 Nunc
2441 3430 2486 3483 si
2520 3427 2612 3484 tibi
2638 3428 2875 3498 potes'tas
2899 3436 3005 3494 est,
3036 3428 3180 3483 malo
3212 3438 3267 3483 ut
3290 3428 3401 3498 jam
3434 3443 3520 3484 re-

1932 3537 2137 3576 curras.
2157 3521 2216 3577 Si
2233 3521 2357 3591 (juid
2376 3537 2648 3576 morarum
2667 3529 2770 3587 est,
2789 3536 2972 3592 quaeso
2995 3520 3343 3592 respondeas.
3366 3520 3515 3575 Vale.

2449 3612 2668 3667 EPIST.
2712 3611 3020 3667 LXXXVII.

2509 3720 2914 3760 SVﬂlACIIU$....
2927 3747 2942 3762 ο

2008 3797 2228 3854 Summa
2279 3797 2374 3852 tibi
2421 3798 2561 3868 apud
2611 3813 2698 3852 me
2737 3799 2852 3851 laus
2897 3808 2951 3852 et
2997 3797 3165 3852 solida
3205 3798 3374 3867 gratia
3412 3807 3523 3862 est,

1932 3891 2148 3960 quando
2181 3890 2229 3944 id
2260 3890 2482 3945 aﬂectas
2511 3889 2759 3944 amicitia:
2785 3890 2929 3944 cultu
2951 3929 2964 3950 ,
3013 3898 3070 3942 ut
3098 3903 3196 3942 nos
3222 3889 3524 3942 litterarum

1932 3981 2136 4035 honore
2159 3981 2419 4046 digneris.
2467 3980 2572 4034 Sed
2598 3993 2719 4049 pars
2745 3979 2988 4046 epistola:
3017 3987 3122 4031 tua:
3161 3993 3278 4046 qua:
3309 3977 3519 4032 laudem

1932 4073 2060 4127 mihi
2081 4074 2370 4142 assignavit
2395 4073 2614 4142 eloquii,
2641 4074 2710 4127 sit
2738 4071 2864 4127 licet
2888 4070 3046 4126 nimis
3065 4070 3322 4141 jucunda,
3343 4071 3523 4124 minus

1933 4173 2108 4218 tamen
2138 4180 2286 4218 vera.
2318 4164 2434 4219 Non
2461 4165 2634 4220 audeo
2655 4164 2894 4219 scribere
2919 4181 2932 4217 :
2963 4163 3198 4218 Mentiris
3230 4174 3284 4219 ct
3312 4163 3518 4230 Decipis

1931 4270 2052 4309 cum
2085 4255 2201 4310 hac
2229 4255 2294 4310 de
2323 4269 2410 4310 me
2441 4256 2736 4324 praadicas,
2789 4255 2884 4310 scd
2935 4254 3062 4309 illud
3115 4257 3291 4323 potius
3338 4271 3351 4306 :
3402 4254 3518 4307 scio

1933 4348 2073 4416 quod
2107 4363 2290 4402 amore
2320 4347 2541 4402 falleris.
2572 4347 2652 4401 Tu
2680 4361 3002 4416 quemquam
3030 4346 3312 4400 facundum
3336 4360 3516 4409 voces,

237 4433 396 4487 nobis
429 4432 564 4487 nihil
592 4433 862 4502 antiquius
889 4434 1013 4497 erit,
1063 4449 1222 4503 quam
1274 4445 1324 4489 te
1371 4436 1550 4504 legere
1571 4475 1585 4500 ,
1635 4436 1828 4506 quibus
1863 4503 1889 4506 λ
1934 4442 2016 4493 vir
2046 4439 2096 4492 in
2127 4438 2355 4494 dicendo
2388 4452 2720 4492 summarum
2755 4438 3018 4506 partium,
3062 4437 3148 4490 cui
3179 4437 3248 4490 sit
3279 4435 3518 4504 patrici-.e

235 4524 531 4580 blanditias
560 4525 672 4580 oris
694 4527 768 4579 tui
792 4525 1004 4580 interim
1034 4541 1138 4580 non
1157 4503 1828 4596 contingitaudire;Vale.
1857 4503 1908 4562 D
1934 4530 2212 4600 dignitatis
2241 4529 2446 4585 oratio?
2479 4531 2618 4600 Ergo
2648 4503 2810 4598 parce
2847 4528 3028 4582 verbis
3066 4527 3518 4592 lenocinantibus,

767 4615 980 4671 EPIST.
1013 4615 1301 4671 LXXXIV.

823 4723 1150 4767 SIIIACIIUS.
1160 4749 1220 4765 ο..
1233 4749 1248 4764 ο

311 4798 466 4867 Quod
496 4801 577 4854 ait
602 4809 787 4856 noster
810 4804 1085 4858 comicus:
1121 4804 1403 4876 Nunquam
1429 4815 1479 4861 te
1513 4806 1670 4874 adeo,
1702 4809 1827 4878 quin

240 4889 332 4944 abs
369 4899 420 4944 te
458 4892 661 4945 doctior
700 4893 898 4958 abeam,
953 4895 1006 4949 id
1054 4910 1154 4965 ego
1198 4896 1266 4951 de
1308 4897 1552 4965 epistolis
1581 4897 1684 4953 tuis
1709 4898 1829 4968 jure

238 4985 678 5050 memoraverim,
699 5001 820 5056 quas
848 4987 1034 5042 multis
1063 4987 1266 5044 salibus
1294 5004 1675 5061 nonnunquam
1704 5007 1830 5046 sen-

202 5078 554 5142 ‘tentiarum,
603 5077 916 5149 plerumque
962 5096 1216 5136 versuum
1273 5085 1602 5139 sarciuntur.
1654 5085 1828 5141 Veluti

235 5179 384 5220 nunc
400 5167 590 5223 littera:
616 5177 721 5224 tute
743 5169 986 5226 halantes
1006 5171 1334 5228 Platonicum
1351 5183 1553 5244 nectar,
1570 5187 1826 5244 quantum

236 5257 371 5311 mihi
418 5262 656 5314 muneris
706 5260 1009 5320 dederuntl
1078 5265 1210 5320 Nam
1261 5267 1362 5322 nisi
1419 5266 1514 5322 tibi
1563 5269 1826 5324 bonarum

237 5351 473 5417 partium
503 5359 779 5421 spectatus
805 5369 1007 5420 essem,
1037 5371 1308 5427 nunquam
1341 5374 1428 5414 me
1448 5361 1638 5415 Atticis
1658 5363 1827 5417 musis

234 5440 654 5508 impertiendum
688 5455 952 5512 putasses.
986 5446 1164 5514 Quare
1200 5448 1504 5519 hujusmodi
1539 5453 1689 5521 operi
1720 5451 1828 5511 Ire-

232 5544 468 5600 quenter
515 5535 819 5605 accingere,
870 5547 926 5592 et
970 5539 1220 5594 amicitiai
1268 5541 1596 5611 diligentiam
1640 5543 1828 5602 sedulo

233 5638 523 5692 persevera
553 5666 569 5692 ,
611 5640 732 5680 cum
762 5627 864 5684 hoc
894 5632 1165 5700 negotium
1206 5632 1298 5688 tibi
1343 5635 1510 5690 nostri
1553 5633 1718 5691 officii
1748 5635 1832 5693 vi-

232 5719 494 5777 cissitudo
512 5724 876 5781 commendet.
912 5724 1063 5781 Vale.

1933 4633 1986 4677 ct
2009 4622 2132 4676 fuco
2160 4621 2365 4688 oblitis,
2407 4631 2462 4675 et
2496 4620 2565 4676 ad
2607 4620 2830 4690 gratiam
2857 4621 3204 4689 comparatis.
3257 4617 3522 4674 Amicitia:

1935 4725 2134 4770 nostrae
2178 4714 2318 4770 forte
2345 4713 2662 4781 conveniat,
2707 4723 2764 4768 ut
2811 4714 2973 4768 talem
3005 4712 3172 4768 videri
3202 4727 3288 4766 me
3310 4709 3522 4766 caate:is

1932 4807 2156 4875 cupias;
2208 4804 2431 4876 pudoris
2469 4815 2647 4860 tamen
2693 4807 2796 4860 mei
2848 4820 2952 4861 non
2994 4814 3097 4872 est,
3145 4813 3204 4859 ut
3249 4804 3382 4858 mihi
3419 4800 3526 4874 ipsi

1931 4899 2092 4954 talem
2122 4912 2208 4954 me
2230 4913 2351 4954 esse
2383 4899 2727 4968 persuadeas.
2770 4897 2921 4952 Vale.

2427 4990 2644 5046 EPIST.
2683 4989 3019 5045 LXXXVIII.

2512 5095 2893 5136 εγιιιηειιυε...
2905 5119 2919 5134 .
2931 5117 2944 5133 ο

1999 5169 2140 5229 Olim
2164 5178 2216 5226 te
2245 5170 2376 5226 mibi
2407 5170 2536 5227 fecit
2554 5171 2844 5242 Optabilem
2865 5170 3034 5234 cultu,
3056 5168 3195 5224 fama
3218 5171 3520 5226 litterarum

1932 5277 2145 5324 tuarum
2171 5283 2186 5321 :
2219 5267 2313 5322 sed
2334 5265 2428 5321 diu
2457 5266 2698 5321 ofﬁcium
2727 5264 2996 5319 scribendi
3025 5279 3120 5334 per
3142 5265 3519 5320 verecundiam

1931 5362 2137 5427 distuli,
2182 5376 2252 5416 ne
2300 5361 2352 5414 in
2397 5360 2519 5414 auia
2565 5360 2795 5430 positum
2835 5359 3051 5415 viderer
3088 5361 3312 5416 ambire.
3358 5359 3521 5427 Cujus

1931 5454 2104 5510 morbi
2147 5454 2219 5509 ita
2250 5454 2437 5509 crebra
2467 5460 2552 5509 est
2586 5451 2885 5518 all‘ectatio,
2927 5460 2984 5508 ut
3014 5452 3297 5524 diligentes
3337 5451 3520 5506 existi-

1933 5547 2186 5607 mationis
2217 5546 2316 5599 viri
2350 5560 2447 5615 pro
2477 5545 2666 5602 alienis
2695 5545 2840 5601 vitiis
2880 5546 3220 5601 erubescant.
3264 5542 3393 5599 1am.
3434 5559 3521 5599 rec

1933 5647 2077 5692 mota
2099 5647 2181 5692 est
2210 5651 2370 5692 causa
2397 5637 2716 5693 haesitantis:
2735 5677 2750 5705 ,
2778 5647 3059 5707 postquam
3089 5649 3177 5689 me
3207 5634 3355 5704 prior
3376 5635 3524 5690 saluo

1937 5729 2136 5786 talione
2183 5728 2434 5800 dignatus
2485 5745 2565 5787 es.
2618 5728 2873 5786 Patentes
2921 5725 3172 5784 amicitia:
3221 5735 3329 5783 tua
3375 5726 3527 5784 fores
