4074 6176
521 315 628 375 367

1689 311 1751 378 Ο.
1797 308 2141 367 AURELIUS
2181 309 2622 369 SVMIIACIIUS.

3699 324 3800 378 3l8

518 432 747 502 benigne
795 431 998 488 accitus
1050 430 1283 499 intrabo,
1327 438 1380 484 et
1417 443 1772 498 compensare
1805 429 2104 482 meditabor
2131 434 2181 493 Α
2211 438 2354 484 tuam
2383 431 2740 498 gratulatione
2766 434 3072 504 praevenio,
3120 444 3174 490 et
3221 442 3348 504 opto
3378 437 3644 509 adaugeat
3677 458 3793 510 gra-

520 524 784 594 pudentes
804 523 1004 578 silentii
1035 537 1212 577 moras
1235 521 1598 576 crebrioribus
1620 519 1848 590 paginis.
1877 519 1954 574 Tn
1979 533 2100 573 tan-

522 629 636 673 tum
663 619 801 673 bona
835 617 985 672 venia
1013 617 1194 683 recipe
1221 615 1534 684 obsequium
1577 613 1774 682 lingua:
1813 613 2008 680 inopis,
2047 619 2103 666 et

525 713 800 782 paulipser
823 709 1113 779 imperialis
1136 707 1374 778 magistri
1391 707 1646 762 submitte
1663 705 1942 774 judicium.
1962 705 2102 758 Indi-

521 809 652 862 casti
682 817 825 861 certe
855 819 1094 860 meorum
1123 812 1174 858 te
1199 802 1376 870 aliqua
1403 800 1616 872 legisse.
1652 799 1907 854 Eamdem
1939 813 2102 867 posco

525 900 853 968 patientiam.
884 897 1063 952 Novus
1091 897 1184 951 tibi
1209 911 1313 951 non
1336 911 1453 960 ero,
1477 910 1576 950 nec
1616 894 1955 962 inexpertum
1985 892 2096 947 for-

523 989 737 1044 tnidabo
759 991 1035 1044 arbitrum.
1063 990 1252 1043 Omnia
1285 1004 1401 1043 mea
1434 989 1576 1043 ferre
1605 988 1862 1044 didicisti.
1905 990 2103 1043 Acces-

521 1080 589 1134 sit
629 1081 790 1135 etiam
821 1081 970 1135 nobis
1001 1081 1340 1135 familiaritas
1375 1096 1493 1149 qua:
1535 1088 1589 1135 te
1635 1081 1767 1134 mihi
1808 1081 2099 1151 aequiorem

518 1171 750 1239 judicem
783 1171 962 1225 faciat.
990 1171 1234 1226 Gratiosa
1279 1171 1476 1240 quippe
1500 1180 1583 1226 est
1605 1169 1838 1225 amicitia
1864 1185 1893 1224 a
1914 1185 2103 1226 severo

520 1265 769 1317 examine
798 1263 850 1316 in
878 1262 1183 1317 blandiores
1212 1276 1406 1317 sensus
1427 1262 1650 1316 caritate
1679 1270 1933 1315 mutatur.
1965 1260 2104 1328 Quid

521 1353 568 1406 si
602 1368 700 1421 ego
731 1353 972 1421 deposito
1014 1352 1209 1421 ingenii
1254 1353 1505 1422 pauperis
1550 1362 1694 1408 metu
1737 1353 1978 1408 assiduas
2009 1353 2102 1408 tibi

522 1445 777 1512 epistolas
807 1443 1090 1512 spondeo?
1118 1444 1252 1498 Vide
1279 1461 1292 1508 ;
1323 1444 1535 1513 quando
1563 1444 1794 1514 amplius
1823 1459 2007 1514 speres
2037 1446 2106 1500 de

525 1539 890 1604 promptuario
917 1537 1179 1607 largiore?
1211 1536 1507 1592 Fatendum
1549 1548 1633 1592 est
1674 1539 1846 1593 amice
1880 1555 1895 1595 :
1938 1538 2106 1594 Galli-

521 1641 674 1682 cana:
725 1628 987 1682 facundia:
1039 1629 1261 1682 haustus
1302 1630 1520 1697 requiro
1545 1669 1562 1695 ,
1598 1646 1702 1683 non
1735 1630 1877 1700 quod
1909 1631 1994 1685 his
2022 1647 2108 1686 se-
2137 1677 2140 1679 λ

523 1727 666 1786 ptem
693 1719 960 1772 montibus
981 1718 1283 1787 eloquentia
1317 1719 1543 1774 Latiaris
1562 1722 1832 1785 excessit;
1861 1721 1954 1775 scd
1980 1723 2102 1791 quia

2206 522 2332 576 dum
2355 523 2562 578 meritis
2583 523 2704 592 jure
2723 525 2960 580 delatum
2989 525 3295 583 continuata
3320 528 3571 585 felicitas.
3600 531 3791 587 Restat

2203 614 2324 682 styli
2355 613 2664 670 assiduitate
2690 631 2853 670 acuas
2875 617 3012 672 inter
3037 633 3133 673 nos
3160 619 3409 675 amicitiae
3435 620 3789 692 diligentiam,

2203 705 2493 776 vincasque
2540 707 2732 763 officiis
2775 709 3103 765 intercessus
3145 719 3285 766 tuos.
3341 713 3433 767 Ille
3469 715 3616 770 enim
3668 731 3794 772 vere

2205 797 2551 853 incrementis
2591 801 2702 854 suis
2732 799 2906 869 major
2931 809 3050 870 est,
3095 817 3254 872 quem
3299 805 3604 864 sublimitas
3649 814 3790 878 parti

2207 888 2428 944 honoris
2459 889 2698 948 inclinat.
2735 891 2883 946 Vale.

2795 986 3012 1043 EPIST.
3049 985 3210 1042 XCII.

2789 1091 3218 1135 SYIIACEUS...”

2280 1166 2552 1223 Incassum
2591 1167 3029 1226 dissimulationis
3051 1180 3108 1226 et
3131 1171 3512 1228 taciturnitatis
3524 1187 3752 1230 accusor
3775 1215 3790 1240 ,

2207 1274 2327 1312 cum
2371 1258 2605 1313 debitam
2657 1262 2732 1314 tui
2761 1259 3093 1330 diligentiam
3129 1261 3262 1317 Jove
3313 1272 3450 1319 teste
3495 1279 3602 1320 non
3631 1265 3788 1321 dese-

2210 1364 2347 1402 ram.
2395 1349 2501 1404 Sed
2551 1351 2786 1420 nequitia
2831 1366 3074 1406 meorum
3125 1353 3358 1409 arbitror
3393 1356 3688 1425 accidisse,
3733 1368 3790 1412 ut

2211 1437 2371 1493 missa
2399 1439 2465 1494 ad
2498 1449 2550 1494 te
2577 1442 2776 1510 scripta
2815 1442 3135 1497 resederint.
3184 1443 3378 1512 Quaeso
3419 1446 3579 1516 igitur
3613 1463 3680 1504 ne
3721 1465 3790 1504 ex

2209 1531 2564 1602 infrequentia
2589 1531 2883 1586 litterarum
2907 1547 3058 1588 meus
3079 1533 3132 1588 in
3151 1543 3200 1589 te
3225 1535 3438 1590 animus
3461 1538 3782 1594 aestimetur.

2208 1624 2340 1678 Nam
2369 1626 2682 1694 plerumque
2710 1623 2904 1680 officiis
2927 1626 3214 1682 simulatur
3240 1627 3472 1684 affectio.
3522 1631 3788 1687 Amicitiae

2208 1724 2384 1770 autem
2415 1714 2698 1768 sinceritas
2728 1716 2958 1783 pectoris
2979 1717 3146 1786 magis
3176 1716 3332 1773 ﬁdem
3350 1720 3604 1788 postulat,
3627 1737 3787 1791 quam

522 1817 789 1878 praecepta
819 1809 1103 1864 rhetoriczn
1133 1811 1335 1878 pectori
1359 1826 1480 1865 meo
1501 1826 1665 1866 senex
1679 1813 2105 1868 olimGarnmna:
2139 1806 2180 1865 Β
2207 1805 2551 1862 delinimenla
2582 1807 2866 1862 sermonis-
2900 1808 3050 1861 Vale.

519 1900 764 1955 alumnus
797 1902 1075 1956 immulsit.
1114 1903 1205 1956 Est
1241 1902 1371 1956 mihi
1403 1917 1524 1956 cum
1552 1902 1756 1958 scholis
1787 1905 1981 1958 vestris
2013 1920 2108 1973 per

521 1994 796 2048 doctorem
818 1998 957 2063 justa
986 1995 1252 2062 cognatio.
1301 1993 1565 2063 Quidquid
1599 1995 1652 2048 in
1686 2010 1770 2050 me
1800 2005 1918 2060 est,
1962 1994 2106 2064 quod

520 2084 634 2138 scio
663 2098 821 2152 quam
850 2084 921 2137 sit
951 2085 1199 2154 exiguum
1227 2125 1240 2148 ,
1298 2085 1436 2139 caelo
1471 2095 1559 2139 tuo
1593 2084 1783 2140 debeo.
1838 2086 1964 2155 Riga
2008 2099 2108 2140 nos

520 2189 650 2242 ergo
680 2176 856 2228 denuo
882 2191 948 2230 ex
979 2175 1086 2228 illis
1111 2175 1381 2230 Cammnis
1411 2192 1531 2246 qua:
1569 2177 1697 2230 mihi
1731 2177 1814 2230 lac
1845 2177 2105 2231 bonarum

520 2266 714 2319 artium
746 2271 976 2334 primum
1003 2266 1286 2321 dederunt.
1331 2269 1396 2321 Et
1425 2268 1468 2322 si
1513 2278 1565 2324 te
1615 2270 1666 2323 in
1711 2270 1844 2324 meis
1892 2269 2108 2339 scriptis

521 2355 718 2424 aliquid
746 2356 1032 2411 offenderit
1051 2400 1066 2424 ,
1101 2357 1399 2412 auditorem
1422 2359 1691 2427 quondam
1715 2360 1985 2430 popularis
2007 2359 2102 2423 tui,

522 2455 615 2502 aut
641 2448 854 2502 silentio
880 2459 1048 2514 tuere,
1064 2457 1155 2503 aut
1176 2459 1228 2503 tu
1246 2464 1456 2519 quoque
1479 2465 1663 2506 rursus
1689 2451 1930 2506 institue.
1947 2449 2103 2506 Vale.

1040 2541 1256 2597 EPIST.
1300 2542 1588 2598 LXXXIX.

1101 2648 1526 2688 SYINACIIUS..."

592 2722 804 2778 Accuso
853 2723 1058 2779 litteras
1102 2732 1219 2778 tuas
1275 2739 1407 2793 quas
1467 2723 1608 2780 male
1655 2725 1908 2781 credulus
1963 2725 2110 2782 desi-

521 2811 674 2868 derio
712 2813 764 2866 in
809 2823 860 2867 te
888 2827 1009 2868 meo
1042 2812 1274 2868 facturas
1303 2815 1623 2869 medicinam
1656 2818 1856 2885 putavi.
1905 2819 1975 2872 At
2005 2818 2108 2872 illre

521 2901 765 2957 decursa:
795 2903 966 2958 oculis
1007 2903 1361 2960 admoverunt
1409 2906 1572 2961 ttedas
1603 2906 1972 2964 ferventiores.
2017 2910 2110 2964 Af-

523 2991 760 3047 t'luebant
794 2993 935 3047 enim
979 2993 1148 3048 multo
1177 2995 1336 3050 melle
1365 2995 1658 3062 facundiae,
1690 2997 1832 3066 qni-.d
1862 3007 2106 3054 avertum

525 3092 697 3138 tecum
727 3083 902 3138 doleo.
951 3083 1131 3153 Itaque
1162 3101 1336 3153 parvae
1367 3086 1617 3142 lectionis
1644 3101 1839 3155 sapore
1868 3103 2107 3143 commn-

2771 1896 2992 1952 EPIST.
3045 1896 3224 1954 XCIII.

2787 2003 3141 2044 εγνιιλειιυε..
3151 2030 3165 2046 .
3175 2029 3189 2044 ο
3199 2030 3214 2045 .

2279 2080 2506 2149 Pignora
2532 2089 2710 2136 nostra
2732 2080 3133 2151 conjunximus.
3165 2084 3340 2152 Atque
3369 2081 3488 2138 ideo
3508 2094 3794 2140 consenta-

2210 2183 2368 2222 neum
2395 2170 2637 2234 videtur,
2688 2179 2745 2224 ut
2771 2184 2906 2239 quos
2933 2180 3105 2226 cretus
3149 2172 3438 2242 participes
3467 2173 3751 2230 habuimus
3775 2213 3793 2239 ,

2208 2258 2368 2312 etiam
2400 2259 2605 2314 honore
2635 2261 2888 2329 sportula:
2906 2260 3315 2332 prosequamur.
3342 2262 3484 2319 Duos
3515 2264 3676 2334 igitur
3705 2280 3793 2319 so-

2209 2348 2344 2403 lidos
2373 2348 2676 2404 offerendos
2709 2350 2800 2404 tibi
2847 2350 3109 2416 misimus,
3141 2366 3360 2422 parvum
3389 2353 3788 2420 munusculum,

2209 2443 2252 2493 si
2281 2439 2607 2494 mstimemur
2645 2439 2818 2510 pretio
2846 2441 2966 2496 sui:
3001 2441 3330 2512 religiosum,
3367 2443 3412 2498 si
3443 2458 3626 2498 amore
3659 2459 3798 2514 pen-

2209 2527 2406 2584 dentis.
2435 2529 2586 2584 Vale.

2778 2621 2991 2678 EPIST.
3034 2619 3219 2678 XCIV.

2783 2718 3210 2770 svunchus..."

2279 2801 2504 2856 Romam
2535 2809 2586 2858 te
2609 2811 2892 2858 venturum
2918 2813 3065 2859 certa
3099 2803 3236 2859 fama
3258 2807 3597 2874 promiserat.
3624 2806 3796 2875 Spem

2207 2891 2442 2947 visenda:
2493 2895 2812 2962 praestantiae
2859 2905 2963 2950 tua:
3007 2896 3174 2951 multo
3216 2897 3411 2966 gaudio
3448 2913 3787 2967 ceperamus.

2209 2982 2317 3040 Sed
2347 2985 2636 3054 improviso
2678 2995 2912 3042 mutatus
2939 2987 3154 3042 nuntius
3193 2988 3480 3055 indicavit,
3528 2990 3670 3057 quod
3705 2991 3796 3060 pio

2209 3075 2378 3130 accitu
2409 3075 2612 3131 domini
2640 3085 2694 3131 et
2728 3076 2984 3146 principis
3012 3080 3181 3133 nostri
3216 3079 3282 3132 ad
3307 3080 3483 3133 votiva
3511 3086 3794 3134 remearLs.

525 3183 628 3237 tus,
667 3173 961 3228 tristiorem
989 3174 1172 3227 damni
1201 3188 1418 3228 sensum
1443 3177 1640 3245 recepi,
1692 3177 1836 3231 Inter
1867 3178 1982 3233 lucc
2011 3181 2105 3233 oc-
2134 3159 2182 3223 C
2215 3163 2354 3237 Ergo
2377 3167 2608 3222 ofﬁcium
2627 3168 2961 3224 salutationis
2985 3169 3124 3240 quod
3145 3170 3324 3225 coram
3342 3185 3684 3238 speraveram
3701 3171 3795 3225 de-

523 3265 689 3318 currit
712 3267 876 3317 altera
910 3263 1189 3333 cogitatio,
1221 3267 1455 3320 amarius
1481 3282 1624 3331 esse,
1657 3268 1700 3320 si
1729 3280 1924 3323 taceas.
1958 3269 2105 3337 Qua-

525 3365 747 3427 propter
763 3355 997 3411 conditio
1019 3356 1205 3411 durior
1225 3358 1383 3412 vertit
1405 3374 1490 3414 me
1511 3359 1576 3414 ad
1599 3360 1869 3429 optionem
1893 3363 2105 3431 prioris.

529 3448 665 3503 Peto
710 3449 870 3518 igitur
907 3449 1132 3504 scribas.
1177 3449 1283 3504 Sed
1315 3451 1397 3506 fac
1437 3450 1679 3520 epistolis
1714 3454 1817 3507 tuis
1852 3457 2109 3524 temporis

526 3541 802 3596 intervalla
833 3543 1094 3598 breviora.
1116 3542 1322 3612 Smpius
1345 3544 1410 3598 ad
1433 3560 1520 3600 me
1548 3555 1871 3612 commeent,
1897 3557 1950 3603 et
1975 3565 2104 3602 con-

528 3632 906 3688 fabulationem
952 3633 1232 3702 praesentis
1263 3635 1559 3690 imitentur.
1605 3635 1868 3692 Fruemur
1893 3639 2110 3694 assidue

527 3737 589 3777 ca
629 3733 779 3791 parte
814 3738 915 3792 qua
948 3723 1139 3776 melior
1179 3737 1256 3778 es.
1311 3723 1463 3790 Quod
1491 3726 1534 3778 si
1563 3725 1768 3794 aliquid
1795 3727 2110 3795 prolixioris

525 3828 670 3868 cura:
697 3825 751 3868 et
781 3814 1039 3867 elaborati
1066 3828 1095 3867 a
1126 3823 1176 3868 te
1215 3815 1396 3882 operis
1417 3814 1755 3883 adjunxeris,
1788 3831 1956 3886 prope
1985 3818 2108 3884 erit,

526 3913 586 3960 ut
611 3922 714 3960 non
743 3909 913 3960 solum
949 3906 1154 3970 Romae,
1178 3905 1272 3959 sed
1305 3906 1356 3960 in
1384 3905 1644 3962 Athenaeo
1665 3922 1878 3978 quoque
1900 3919 2107 3976 nostro,

527 4014 628 4070 qua
659 3999 805 4054 soles
825 3999 1014 4069 gratia,
1046 4013 1300 4068 perorare
1321 3998 1577 4054 videaris.
1619 3998 1772 4057 Vale.

1133 4089 1353 4146 EPIST.
1395 4088 1505 4143 XC.

1108 4193 1528 4236 SYMIACHUS..."

593 4273 652 4326 In
697 4284 878 4325 curam
928 4277 1075 4325 tuam
1118 4271 1347 4328 rediisse
1394 4287 1481 4328 me
1525 4273 1752 4344 gaudeo.
1803 4275 1907 4332 Sed
1949 4275 2111 4347 bnjus

526 4372 632 4416 tam
655 4361 813 4418 subiti
844 4363 1024 4432 operis
1051 4362 1180 4419 boni
1205 4364 1588 4421 ornatissimus
1620 4366 1838 4436 juvenis
1864 4367 2110 4424 Asterius

524 4453 655 4506 mihi
679 4461 868 4507 auctor
896 4461 1011 4519 est;
1049 4453 1141 4522 qui
1173 4455 1424 4524 paranda:
1459 4456 1948 4513 commendationis
1988 4473 2110 4528 gra-

2210 3257 2512 3324 ferendum,
2544 3257 2670 3328 styli
2697 3257 2900 3314 honore
2925 3273 3254 3329 compenso:
3289 3269 3446 3330 teque
3484 3275 3581 3314 oro
3611 3270 3672 3314 ut
3717 3261 3796 3314 in-

2208 3361 2478 3422 gravatam
2506 3353 2676 3408 vicem
2723 3353 2947 3420 referas,
2989 3369 3108 3424 qute
3147 3356 3370 3411 suadeat
3399 3355 3696 3411 desiderari
3723 3371 3797 3412 ex

2207 3455 2295 3495 me
2318 3439 2506 3497 crebra
2551 3442 2849 3513 colloquia,
2891 3443 2938 3500 si
2977 3445 3276 3502 ostenderit
3303 3447 3472 3516 prima
3506 3446 3798 3517 placuisse.

2213 3531 2362 3588 Vale.

2790 3626 3002 3684 EPIST.
3044 3626 3204 3683 XCV.

2775 3733 3182 3777 δηναιῶν..

2283 3801 2387 3864 Pro
2413 3819 2638 3880 utroque
2665 3819 2905 3865 nestrnm
2927 3827 3142 3866 causam
3171 3811 3360 3867 diutini
3389 3813 3584 3868 silentii
3617 3812 3804 3868 reddi-

2211 3901 2356 3956 disti.
2382 3901 2514 3956 Nam
2547 3918 2633 3957 me
2659 3918 2867 3974 quoque
2897 3904 3063 3960 fateor
3088 3904 3360 3960 scribendi
3395 3905 3575 3960 officio
3603 3907 3794 3962 hacte-

2212 4008 2312 4048 nus
2336 4001 2686 4063 temperasse.
2714 3994 2826 4048 Tua
2855 3996 3014 4065 igitur
3053 3996 3370 4066 purgatione
3408 3996 3685 4059 defensus,
3715 3998 3800 4051 di-

2213 4084 2363 4140 luere
2406 4085 2619 4154 litteris,
2666 4088 2805 4156 quod
2835 4102 3119 4144 commune
3143 4098 3246 4156 est,
3273 4104 3378 4144 non
3407 4090 3612 4144 laboro.
3644 4089 3801 4144 Nunc

2212 4176 2449 4231 omnium
2481 4185 2623 4230 statu
2653 4177 2705 4231 in
2731 4178 3071 4247 tranquillum
3095 4179 3336 4246 reducto,
3369 4181 3576 4235 aemulis
3601 4179 3802 4235 studiis

2211 4269 2412 4322 omissa
2434 4282 2754 4337 repetamus.
2789 4269 2863 4324 lta
2894 4270 3038 4324 enim
3064 4269 3278 4325 demum
3307 4272 3618 4341 probabitur
3658 4279 3802 4325 tem-

2213 4360 2356 4427 poris
2408 4359 2599 4424 fuisse,
2627 4360 2771 4429 quod
2815 4360 2906 4415 diu
2949 4362 3089 4417 inter
3128 4377 3226 4418 nos
3253 4363 3422 4433 stylns
3471 4363 3712 4434 quievit;
3752 4363 3802 4416 si

2213 4451 2417 4506 reddita
2441 4453 2690 4508 facultate
2719 4465 2954 4509 mutuam
2983 4452 3314 4524 diligentiam
3339 4454 3591 4526 frequens
3612 4469 3805 4510 sermo

527 4544 620 4609 tia,
650 4552 707 4596 ut
734 4542 947 4597 tandem
977 4518 1244 4600 scriberes
1272 4545 1598 4614 impetravit.
1631 4547 1697 4602 Et
1717 4548 1862 4604 illius
1889 4518 2106 4620 quidem
2137 4518 2187 4578 θ
2216 4543 2566 4612 reparaveru-

527 4631 899 4698 familiaritati,
928 4633 1052 4688 licet
1079 4650 1108 4687 a
1134 4636 1286 4690 nobis
1313 4636 1441 4691 olim
1463 4648 1717 4707 repertaz,
1757 4639 1828 4695 ob
1854 4642 2104 4696 meritum

527 4734 716 4775 recens
765 4721 1064 4790 adjecimus
1100 4723 1264 4777 animi
1307 4725 1660 4794 diligentiam.
1717 4728 1794 4784 Te
1833 4745 1960 4786 vero
1999 4745 2107 4786 non

529 4811 701 4881 patiar
723 4812 860 4866 ultra
893 4822 1210 4880 exSpectare
1232 4815 1526 4870 monitores
1547 4856 1564 4883 ,
1603 4825 1659 4871 et
1683 4817 1910 4872 aliorum
1935 4821 2108 4888 potius

531 4903 648 4957 nsni
678 4917 898 4972 operam
925 4917 1124 4958 navare
1159 4918 1317 4974 quam
1347 4914 1542 4960 mutuas
1564 4907 1703 4962 inter
1724 4922 1822 4962 nos
1841 4909 2108 4966 ail'cctioni

527 4994 769 5049 debitum
825 4995 966 5064 pium
1028 4993 1260 5050 solvere.
1321 4995 1440 5051 Non
1498 4997 1714 5052 invideo
1767 5001 2111 5068 poscentibus

532 5084 836 5140 testimonia
857 5085 942 5140 vel
964 5085 1215 5156 suffragia
1237 5093 1346 5141 tua.
1374 5087 1479 5143 Sed
1502 5088 1729 5144 validior
1748 5099 1833 5146 est
1857 5092 2109 5149 amicitia:

531 5191 726 5243 causa,
767 5193 924 5248 quam
969 5178 1176 5248 gratim.
1229 5178 1507 5236 Precarias
1549 5183 1802 5252 epistolas
1848 5193 2112 5254 postpone

533 5267 784 5340 legitimis
812 5285 825 5321 :
858 5269 944 5324 his
969 5270 1299 5339 frequentius
1321 5271 1517 5326 caritas
1543 5273 1790 5341 studeat,
1822 5275 1942 5330 illas
1969 5290 2109 5332 non-

531 5377 802 5435 nunquam
834 5371 1050 5432 praestet
1077 5363 1401 5420 humanitas.
1445 5364 1593 5421 Vale.

1129 5454 1348 5510 EPIST.
1386 5455 1524 5512 XCI.

1112 5558 1531 5602 SVIIACHUS.....

601 5634 929 5702 Exspectare
944 5649 1051 5690 non
1071 5633 1232 5690 debui
1261 5635 1466 5692 litteras
1485 5645 1620 5704 tuas,
1644 5637 1836 5709 quibus
1859 5639 2110 5695 indicium

534 5725 666 5779 mihi
703 5724 904 5784 faceres
942 5725 1165 5784 honoris
1207 5726 1434 5799 accepti.
1493 5727 1683 5800 Itaque
1727 5729 2106 5788 verecundiam

2789 4632 3001 4690 EPIST.
3039 4635 3223 4692 XCVI.

2793 4740 3220 4783 SYIIACBUS.....

2286 4812 2400 4868 Etsi
2429 4827 2459 4866 a
2484 4813 2675 4869 litteris
2702 4816 3009 4885 temperasti
3031 4856 3047 4882 ,
3076 4815 3307 4887 exempli
3349 4825 3525 4871 tamen
3554 4814 3812 4871 imitator

2216 4918 2336 4960 esse
2361 4917 2467 4958 non
2493 4903 2687 4960 debeo.
2715 4904 2928 4975 Integro
2957 4905 3116 4976 igitur
3155 4906 3354 4976 largam
3385 4905 3777 4960 salutationem
3799 4945 3819 4966 ,

2218 5010 2318 5052 nec
2350 4995 2538 5052 diffldo
2560 4995 2832 5052 reddenda
2853 4997 3028 5052 saltim
3051 4996 3184 5052 mihi
3204 5011 3328 5054 esse
3355 4997 3532 5054 officia
3557 5012 3682 5068 qua:
3705 5012 3735 5050 a
3762 5006 3818 5050 te

2212 5085 2427 5142 fuerant
2454 5086 2778 5142 inchoanda.
2802 5086 2954 5142 Vale.

2766 5176 2988 5233 EPIST.
3027 5176 3232 5234 XCVII.

2787 5282 3112 5324 SYIIACHUS.
3124 5309 3138 5324 .
3148 5307 3162 5322 .
3173 5296 3212 5322 ,ο

2285 5361 2436 5418 Solet
2478 5361 2636 5417 bonis
2679 5359 2814 5417 livor
2855 5359 3202 5430 obstrepere,
3247 5372 3308 5415 ut
3336 5374 3478 5416 nunc
3523 5369 3814 5429 speratum

2216 5455 2513 5525 prmsentize
2535 5464 2641 5509 tua:
2661 5453 2914 5524 gaudium
2936 5453 3067 5510 mihi
3089 5454 3343 5510 subduxit
3363 5454 3581 5510 invidia.
3605 5454 3815 5510 [lacte-

2216 5561 2316 5601 nus
2345 5545 2485 5600 vires
2509 5559 2633 5600 suas
2675 5547 2728 5600 in
2768 5543 2961 5601 damna
2991 5546 3102 5601 voti
3138 5547 3440 5602 communis
3482 5546 3814 5601 intenderit.

2215 5636 2305 5691 Sic
2333 5649 2427 5691 ero
2461 5643 2766 5704 contentus,
2795 5635 2939 5706 quod
2968 5651 3056 5692 me
3085 5637 3350 5693 adventus
3397 5636 3474 5691 tui
3519 5647 3816 5703 exspecta-

2215 5729 2360 5786 tione
2397 5726 2675 5785 fraudavit.
2710 5725 2888 5799 lpsum
2921 5736 2974 5787 te
3000 5729 3260 5799 sospitem
3290 5741 3509 5787 manere
3537 5727 3824 5799 patiatur,
