4074 6176
266 305 364 362 319

1470 302 1950 363 EPIS'I‘OLARUM
1992 303 2194 363 LIBER
2235 306 2328 365 IX.

3431 321 3542 380 530

263 429 314 473 et
340 417 552 473 tundent
585 423 706 473 etim
750 418 975 490 utquue
1005 429 1245 476 nostrum
1293 424 1478 477 redeat
1512 421 1565 475 in
1594 421 1839 490 gratiam.
1872 421 1925 479 Α
1950 422 2266 478 aestimatur.
2297 424 2422 482 Haec
2452 425 2564 496 ipsa
2596 435 2775 484 tamen
2819 429 2975 485 exilis
3013 429 3213 485 oblatio
3243 433 3360 502 plus
3386 437 3450 490 ad
3485 449 3542 494 te

261 509 430 565 Iustar
454 509 701 565 beneﬁcii
728 511 854 579 erit,
893 512 938 566 si
970 512 1099 567 mihi
1127 512 1402 584 contingat
1425 514 1492 569 de
1521 522 1609 568 tua
1639 513 1846 570 securi-

263 611 368 656 tate
399 599 661 671 voluptas.
694 599 848 656 Vale.

809 691 1029 749 EPIST.
1069 691 1303 750 XCVIII.

833 797 1191 841 εγωιλσιιυι..
1201 823 1264 840 η.

323 873 550 944 Sumpto
595 872 857 929 adventus
885 875 989 930 mei
1020 878 1231 941 nuntio,
1277 875 1346 932 de
1391 889 1498 946 quo
1523 890 1632 930 non
1671 874 1848 944 potuit

257 967 394 1035 apud
417 975 471 1020 te
501 967 640 1020 fama
672 967 924 1035 reticere,
966 969 1271 1036 exspectavi
1304 977 1362 1022 ut
1391 969 1534 1036 prior
1555 967 1842 1029 scriberes,

255 1059 335 1115 vel
363 1059 510 1129 quod
533 1069 618 1115 est
643 1059 944 1125 amabilius,
979 1069 1034 1114 ut
1061 1061 1176 1130 ipse
1206 1061 1450 1116 Formias
1490 1073 1843 1116 commeares.

254 1150 357 1206 Sed
389 1151 514 1220 quia
543 1160 832 1222 utrumque
857 1151 942 1207 vel
970 1152 1326 1208 dissimulatio
1350 1161 1458 1221 tua,
1498 1153 1584 1208 vel
1613 1167 1844 1222 occupa-

253 1241 324 1296 tio
347 1241 656 1313 denegavit,
700 1243 752 1297 in
790 1252 968 1311 partes
995 1253 1114 1299 tuas
1143 1244 1374 1300 libenter
1414 1245 1530 1312 ipse
1573 1244 1838 1310 succede,

254 1344 411 1404 teque
450 1349 552 1390 oro
585 1344 643 1389 ut
671 1334 803 1388 mihi
830 1343 924 1390 aut
946 1349 1232 1391 excursum
1265 1345 1412 1391 tuum
1443 1344 1700 1405 przestare
1757 1337 1840 1391 di-

248 1427 454 1496 gneris,
489 1436 600 1493 aut,
632 1427 677 1482 si
702 1427 883 1483 obstat
909 1427 1106 1499 aliquid
1138 1429 1315 1484 saltim
1363 1430 1620 1486 litteraria
1645 1429 1844 1485 saluta-

249 1520 392 1576 tione
420 1519 778 1590 respondeas.

824 1611 1043 1668 EPIST.
1085 1612 1272 1670 XCIX.

831 1719 1232 1759 SY)”MCIIIJS....
1245 1746 1261 1761 .

313 1798 455 1851 Amo
485 1795 690 1851 litteras
719 1801 863 1861 tuas,
887 1795 980 1850 sed
1011 1804 1263 1866 exspecto
1294 1794 1654 1865 prmsentiam,
1677 1808 1835 1863 quam
1869 1781 1918 1842 Β

245 1888 364 1942 mihi
392 1889 609 1943 dierum
632 1890 768 1942 ratio
801 1887 1096 1956 pollicetur.
1127 1887 1284 1942 Plura
1315 1887 1556 1941 scribere
1581 1902 1704 1956 spes
1731 1887 1832 1940 ad-

247 1990 433 2034 ventus
466 1981 541 2033 tui
573 1995 677 2033 non
702 1981 850 2034 sinit.
874 1979 978 2035 Sed
1003 1980 1141 2046 quod
1171 1996 1308 2033 nunc
1338 1979 1580 2048 epistola:
1603 1980 1839 2034 detrahi-

247 2088 376 2142 mus,
409 2088 598 2127 coram
632 2072 825 2127 fabulis
853 2072 1228 2140 rependernus.
1267 2071 1417 2126 Vale.

874 2165 1091 2221 EPIST.
1138 2163 1197 2218 C.

827 2271 1251 2312 SVIIIIACIIUS..."

305 2351 536 2407 Gratum
565 2349 698 2404 mihi
720 2359 824 2415 est,
848 2349 987 2419 quod
1020 2349 1479 2418 promptissimum
1505 2346 1734 2402 studium
1758 2346 1834 2400 rei

240 2453 440 2497 nostra:
463 2441 707 2512 dignaris
734 2440 1075 2510 impendere,
1106 2448 1160 2492 et
1190 2448 1240 2493 te
1281 2454 1576 2494 memorem
1605 2437 1835 2506 scripto-

238 2547 349 2588 rum
378 2531 706 2586 assiduitate
730 2530 962 2585 testaris.
986 2530 1119 2584 llinc
1143 2530 1218 2594 ﬁt,
1241 2538 1297 2582 ut
1325 2528 1514 2582 ofﬁciis
1540 2529 1643 2581 tuis
1669 2529 1831 2582 etiam

237 2638 357 2679 cura
393 2632 587 2678 nostra
614 2622 954 2692 respondeat.
984 2621 1236 2676 Libenter
1260 2621 1421 2690 igitur
1453 2619 1690 2688 rependo
1713 2633 1829 2673 ser-

235 2731 480 2770 monem.
513 2715 580 2769 Et
603 2713 849 2784 quamvis
872 2725 1223 2782 spontaneum
1253 2712 1500 2782 juvandis
1527 2711 1832 2765 hominibus

232 2807 365 2863 meis
397 2805 661 2862 adhibeas
690 2806 1037 2868 voluntatem,
1081 2804 1480 2857 hortamentum
1522 2814 1702 2857 tamen
1734 2817 1828 2869 pe-

233 2898 446 2956 titionis
473 2893 694 2968 adjicio,
727 2905 783 2951 ut
811 2896 984 2953 ofﬁcia
1007 2912 1125 2966 quae
1171 2897 1314 2949 ultro
1341 2895 1562 2960 tribues,
1587 2892 1832 2948 cumules

231 2998 588 3061 provocatus.
613 2987 766 3045 Vale.

858 3078 1078 3135 EPIST.
1116 3077 1206 3134 CI.

822 3185 1240 3227 SYIIIIACIIUS...”

293 3264 642 3336 Conqueslio
684 3272 772 3318 tua
818 3263 887 3318 de
930 3264 1151 3317 raritate
1195 3261 1540 3330 epistularum
1591 3275 1830 3315 mearum

230 3358 408 3427 magis
441 3354 692 3423 religioSa
727 3367 886 3424 quam
909 3353 1052 3422 justa
1089 3363 1193 3408 est.
1239 3353 1370 3406 Nam
1408 3367 1528 3406 cum
1551 3368 1614 3408 ex
1647 3367 1832 3406 amere

231 3447 534 3503 descendat
562 3461 666 3500 non
698 3444 860 3500 habet
889 3457 1064 3498 tamen
1097 3445 1422 3514 mquitatem.
1459 3443 1608 3498 Nune
1654 3451 1829 3498 tamen

236 3550 464 3596 emenso
493 3537 708 3603 itinere,
733 3535 986 3606 promitto
1004 3535 1271 3605 praeterita
1299 3535 1596 3590 ofﬁciorum
1618 3534 1832 3606 dispen-

233 3631 310 3686 dia
335 3629 558 3688 crebris
586 3644 615 3682 a
647 3643 734 3684 me
768 3627 1006 3697 epistolis
1035 3625 1334 3682 sarcienda.

850 3720 1066 3777 EPIST.
1108 3719 1215 3775 CII.

830 3830 1255 3870 SHIIIACIIL'S..."

297 3911 439 3966 Dum
474 3909 617 3978 petis
637 3905 982 3971 beneﬁcium,
1013 3905 1331 3975 praestitisti.
1357 3905 1483 3961 Plus
1508 3905 1651 3959 enim
1703 3902 1829 3957 mihi

233 4016 292 4058 ex
323 4000 570 4057 amicitia
600 4008 689 4054 tua
713 4015 874 4069 quam
909 3999 1002 4054 tibi
1029 4014 1094 4053 ex
1132 4009 1312 4052 nostra
1341 3997 1653 4052 defensione
1680 4011 1828 4066 quaa-

232 4098 394 4150 situm
416 4100 526 4151 est.
552 4092 691 4170 l‘lihil
717 4092 878 4161 igitur
897 4105 1168 4146 assumam
1189 4088 1372 4160 gratiae
1393 4103 1546 4155 mete,
1570 4103 1690 4142 cum
1717 4087 1833 4156 plu-

233 4187 433 4241 rimum
469 4194 574 4239 tua:
608 4184 854 4238 debeam.
885 4181 1068 4237 Potest
1096 4191 1273 4236 tamen
1305 4181 1480 4235 adhuc
1531 4177 1830 4235 istiusmodi

236 4295 434 4335 munus
487 4275 668 4346 augeri
695 4275 963 4330 scribendi
989 4275 1332 4338 assiduitate,
1388 4281 1443 4327 ut
1471 4272 1709 4326 cumulet
1737 4285 1833 4324 vo-

235 4373 415 4427 luntas
449 4368 871 4424 familiaritatem
922 4375 1186 4432 nostram,
1219 4379 1378 4436 quam
1435 4377 1578 4419 nunc
1619 4361 1831 4418 videtur

235 4462 534 4518 necessitas
563 4457 863 4514 inchoasse.
891 4456 1042 4512 Vale.

844 4549 1060 4604 EPIST.
1101 4548 1232 4605 CIII.

827 4658 1256 4698 SVIMACUUS.....

304 4742 462 4798 Totis
477 4739 684 4794 viribus
710 4737 994 4808 adjuvandi
1020 4747 1146 4792 sunt
1170 4736 1468 4792 communis
1495 4734 1680 4804 patria“:
1708 4747 1829 4789 cor-

239 4833 435 4903 porati,
461 4832 736 4902 parcipne
772 4830 1043 4898 mancipes
1087 4829 1412 4894 Salinarum,
1444 4828 1534 4897 qui
1563 4837 1826 4882 exercent

239 4925 451 4979 lat-acra
473 4926 739 4993 lignorum
763 4922 1097 4993 pnebitione.
1130 4921 1223 4976 llis
1254 4921 1496 4990 plerique
1525 4929 1648 4973 sunt
1678 4918 1830 4973 debi-

240 5025 389 5070 tores
417 5034 432 5068 :
459 5015 601 5085 quod
649 5015 748 5068 nisi
791 5014 857 5068 ad
889 5014 1212 5069 solutionem
1243 5015 1393 5082 vigor
1425 5011 1695 5081 judicialis
1735 5009 1831 5063 ad-

236 5107 536 5170 srinserit,
591 5104 770 5159 eliciet
811 5103 1074 5173 publicam
1103 5105 1374 5172 querelam
1424 5101 1592 5155 series
1624 5101 1830 5153 incom-

238 5195 406 5250 modi.
437 5195 617 5263 Quare
644 5209 857 5264 quaaso,
901 5203 958 5247 ut
1004 5195 1146 5248 inter
1187 5204 1413 5260 caetera,
1445 5206 1566 5261 quae
1613 5190 1713 5244 sibi
1763 5190 1831 5244 de

236 5285 416 5340 studio
446 5296 539 5339 tuo
566 5285 734 5338 Roma
759 5283 1041 5351 promittit,
1075 5285 1212 5339 hanc
1233 5298 1446 5354 quoque
1472 5289 1674 5352 partem
1704 5280 1826 5335 dili-

235 5379 434 5448 gentia:
466 5387 572 5431 tuae
599 5375 862 5431 vindices.

847 5469 1059 5525 EPIST.
1101 5470 1235 5525 CIV.

833 5580 1255 5621 SHIMACIIUS..."

309 5657 485 5719 Parva
524 5658 755 5714 fatemur
803 5673 925 5713 esse
955 5674 1072 5727 qua:
1107 5658 1376 5721 misimus,
1428 5654 1522 5708 sed
1568 5651 1832 5707 bonoriﬁ-

238 5747 420 5806 centia
443 5752 704 5819 parentis,
734 5749 990 5819 religione
1029 5750 1206 5816 potius
1235 5763 1393 5814 quam
1431 5745 1570 5802 male
1594 5743 1834 5800 muneris

1951 515 2137 582 gratia:
2169 517 2422 587 portabit,
2447 518 2491 575 si
2520 519 2708 590 religio
2738 529 2827 576 tua
2859 523 2976 576 usui
3007 539 3106 578 suo
3127 540 3155 579 a
3187 541 3274 581 me
3301 526 3534 584 delibata

1949 610 2269 679 susceperit.

2559 703 2774 760 EPIST.
2816 704 2924 762 CV.

2526 810 2956 854 εγωιλεηυε.....

2018 879 2247 937 Juvandi
2283 891 2412 939 sunt
2455 888 2731 957 mancipes
2777 890 3067 946 salinarum
3093 933 3110 958 ,
3137 892 3230 963 qui
3259 893 3531 961 splendori

1946 987 2108 1048 atque
2137 980 2256 1034 usui
2283 983 2469 1050 patria:
2509 985 2815 1039 communis
2845 987 3166 1044 inserviunt.
3217 988 3532 1057 Dignaberis

1948 1071 2107 1139 igitur
2128 1071 2324 1126 auditis
2364 1089 2552 1129 eorum
2581 1078 2835 1146 querelis,
2867 1079 3190 1135 adeuntibus
3217 1080 3429 1137 deferre
3446 1083 3531 1151 ju-

1948 1159 2168 1228 stitiam,
2195 1172 2249 1218 et
2271 1163 2390 1218 urbi
2419 1163 2626 1230 utilem,
2651 1174 2705 1220 et
2733 1167 2838 1221 tuis
2860 1169 3097 1224 moribus
3120 1179 3530 1242 congruentem.

1947 1251 2098 1308 Vale.

2534 1367 2751 1424 EPIST.
2792 1368 2926 1427 CVI.

2527 1473 2954 1516 SVIIIIACIIUS..."

2013 1549 2118 1604 Pro
2161 1548 2286 1605 ﬁliis
2319 1551 2517 1606 nostris
2553 1551 2664 1607 Deo
2692 1553 2912 1623 juvante
2940 1553 3264 1624 conjunctis,
3304 1556 3356 1609 in
3391 1555 3528 1610 duo-

1942 1640 2043 1695 bus
2083 1642 2270 1696 solidis
2314 1642 2382 1696 ad
2435 1651 2487 1697 te
2537 1644 2781 1700 misimus
2837 1647 3132 1715 sportulam
3192 1647 3482 1716 nuptialem
3511 1687 3526 1711 ,

1944 1746 2103 1800 quam
2128 1748 2250 1790 cum
2279 1745 2522 1803 prompta
2550 1734 2857 1806 dignatione
2884 1737 3209 1806 susceperis,
3232 1739 3524 1793 documen-

1940 1833 2056 1880 tum
2105 1826 2257 1882 dabis
2285 1827 2464 1882 omnia
2495 1829 2789 1884 amicorum
2846 1831 2978 1885 festa
3025 1845 3147 1886 esse
3195 1831 3524 1886 communia.

1943 1917 2095 1974 Vale.

2519 2032 2734 2090 EPIST.
2777 2031 2936 2091 CVII.

2515 2139 2938 2180 SVIIACIIUS...”

2009 2213 2220 2284 Nuptiis
2248 2216 2463 2286 quidem
2485 2216 2579 2270 ﬁlii
2610 2218 2713 2272 mei
2743 2227 2796 2272 te
2819 2231 3033 2287 quoque
3061 2217 3205 2272 inter
3228 2217 3524 2271 amicorum

1937 2308 2247 2378 potissimos
2280 2309 2540 2364 interesse
2589 2309 2898 2364 voluissem.
2933 2309 3038 2364 Sed
3073 2310 3194 2380 quia
3239 2309 3522 2380 longinqua
3590 2331 3601 2341 ε

1936 2399 2176 2453 absentia
2208 2407 2299 2454 tua
2326 2399 2688 2454 desideratum
2733 2399 2863 2453 mihi
2896 2400 3108 2469 negavit
3137 2398 3371 2454 ofﬁcium
3406 2440 3421 2462 ,
3467 2401 3518 2452 in

1935 2490 2148 2545 duobus
2189 2489 2378 2544 solidis
2409 2491 2706 2558 sportulam
2746 2487 2900 2556 misi,
2952 2501 3009 2544 ut
3041 2489 3221 2560 vigere
3266 2489 3405 2560 apud
3438 2505 3522 2544 me

1936 2593 2080 2636 tuam
2125 2585 2440 2640 memoriam
2480 2584 2661 2639 votiva
2693 2583 2963 2638 oblatione
3011 2593 3256 2638 testarer.
3298 2583 3522 2638 Parvum

1934 2675 2151 2744 quidem
2183 2675 2562 2730 munusculum
2593 2685 2704 2740 est,
2743 2675 2788 2730 si
2835 2677 3132 2729 aestimatur
3170 2675 3343 2744 pretio
3390 2672 3518 2729 sui:

1936 2767 2245 2838 religiosum
2271 2767 2319 2822 si
2345 2783 2528 2823 amore
2558 2768 2843 2838 pendatnr.
2871 2767 3025 2822 Vale.

2506 2858 2722 2914 EPIST.
2765 2857 2949 2913 CVIII.

2517 2964 2946 3007 SYSIIIACIIUS..."

2005 3042 2197 3098 Omnia
2231 3058 2350 3113 qua:
2387 3043 2506 3098 sine
2546 3053 2767 3098 auctore
2802 3043 3072 3111 jactantnr
3125 3042 3329 3097 incerta
3377 3050 3518 3095 sunt.

1852 3139 1903 3206 ο
1937 3132 2041 3190 Sed
2071 3151 2172 3206 ego
2199 3136 2251 3189 in
2291 3150 2460 3190 sacra:
2487 3134 2707 3204 virginis
2738 3134 2930 3187 famam
2972 3133 3104 3186 nihil
3150 3135 3322 3201 patior
3362 3133 3524 3188 licere

1937 3229 2298 3286 sermonibus.
2331 3229 2510 3294 Quare
2547 3226 2729 3281 ofﬁcio
2769 3224 3060 3298 pontiﬁcis,
3113 3225 3217 3279 ﬁde
3260 3225 3526 3279 senatoris

1935 3322 2230 3376 admoneor
2287 3318 2528 3388 proferre
2583 3328 2878 3386 comperta.
2938 3315 3137 3370 Diceris
3187 3325 3312 3370 ante
3355 3330 3526 3368 annos

1935 3414 2147 3484 legibus
2175 3413 2424 3468 deﬁnitus
2456 3410 2645 3465 vestali
2671 3417 2882 3464 secreto
2906 3408 3042 3463 velle
3059 3407 3346 3462 decedere.
3380 3405 3526 3460 Non-

1936 3508 2064 3562 dum
2096 3506 2258 3560 tredo
2281 3506 2504 3568 rumori,
2533 3502 2626 3556 sed
2653 3503 3008 3556 assertionem
3036 3515 3138 3554 tute
3165 3500 3314 3553 vocis
3335 3513 3526 3567 exspe-

1935 3611 2044 3667 cto,
2071 3612 2191 3668 qua:
2220 3595 2489 3666 opinionis
2517 3593 2734 3648 dubium
2759 3603 2851 3647 aut
2879 3601 3134 3662 agnoscat
3171 3601 3262 3645 aut
3283 3597 3522 3659 respuat.

1941 3691 2092 3747 Vale.

2533 3778 2749 3834 EPIST.
2796 3775 2931 3832 CIX.

2509 3884 2934 3926 SYUIACIIUS...”

2005 3967 2245 4026 Tandem
2275 3966 2344 4022 de
2371 3964 2580 4020 actibus
2610 3964 2711 4019 tuis
2739 3971 2944 4016 certum
2977 3975 3063 4013 me
3101 3957 3277 4013 facere
3307 3957 3517 4025 dignata

1935 4076 2017 4130 es,
2053 4059 2246 4131 quibus
2273 4058 2424 4114 lcetis
2450 4065 2612 4126 atque
2641 4053 2884 4109 decursis
2915 4051 3124 4105 laetatus
3160 4065 3276 4104 sum
3312 4051 3434 4104 vitae
3464 4059 3521 4104 et

1936 4152 2258 4209 innocentia:
2291 4161 2396 4204 tua:
2428 4147 2568 4218 apud
2597 4145 2830 4200 Iustum.
2854 4141 3076 4198 Caateris
3102 4143 3152 4196 in
3178 4140 3526 4196 rescribendo
3625 4145 3628 4149 '

1935 4245 2266 4315 diligentiam
2308 4241 2543 4296 defuisse
2566 4239 2744 4305 video,
2785 4250 2920 4306 quos
2967 4245 3020 4288 tu
3066 4233 3133 4287 ad
3182 4230 3522 4286 referendam

1934 4338 2159 4411 gratiam
2179 4334 2486 4404 dignaberis
2503 4332 2748 4393 incitare,
2769 4339 2827 4381 ut
2850 4327 3136 4395 intelligam
3160 4319 3525 4376 vicissitudine

1935 4437 2290 4503 provocatus,
2332 4425 2592 4496 epistolas
2639 4437 2785 4478 meas
2838 4419 3030 4475 iisdem
3081 4414 3295 4471 faStidio
3341 4424 3524 4486 postea

1857 4515 1914 4577 D
1939 4541 2047 4584 non
2071 4526 2300 4582 futuras.
2333 4524 2482 4578 Vale.

2543 4609 2766 4666 EPIST.
2805 4607 2916 4664 CX.

2518 4715 2950 4760 SYIHIACIIUS..."

2004 4804 2248 4860 Aliorum
2279 4799 2502 4870 quidem
2526 4798 2618 4852 tibi
2648 4792 2939 4865 spectanda
2969 4800 3051 4845 est
3077 4789 3362 4853 sententia,
3389 4805 3524 4858 quos

1931 4898 2090 4954 decet
2114 4897 2181 4950 tle
2207 4893 2448 4964 patribus
2471 4889 2732 4960 judicare.
2763 4885 2861 4939 Mei
2895 4884 3090 4952 ingenii
3123 4883 3332 4936 exilitas
3362 4882 3525 4935 etiam

1935 5005 2100 5061 parva
2125 4988 2368 5041 miratur.
2403 4984 2582 5051 Quare
2611 4979 2770 5034 velim
2801 4976 2991 5032 credas
3015 4975 3146 5027 nihil
3180 4974 3272 5026 tibi
3304 4988 3370 5027 ex
3404 4988 3524 5027 meo

1937 5080 2247 5137 testimonio
2294 5073 2516 5130 honoris
2555 5070 2835 5125 accedere.
2883 5065 3016 5120 Nam
3054 5065 3154 5119 etsi
3206 5063 3411 5117 laudari
3456 5064 3524 5118 ab

1934 5172 2150 5232 laudato
2180 5169 2296 5222 viro
2328 5175 2480 5220 vetus
2508 5163 2709 5217 dictum
2740 5168 2843 5224 est,
2895 5157 3062 5212 nostri
3104 5163 3282 5209 tamen
3316 5154 3522 5208 nit-diu-

1934 5267 2098 5323 critas
2120 5279 2225 5319 non
2250 5259 2474 5316 multum
2503 5255 2660 5310 famas
2689 5263 2794 5308 tute
2820 5248 3198 5306 claritudinem
3221 5248 3390 5318 juvat.
3416 5244 3520 5298 Sed

1939 5361 2065 5430 quia
2092 5354 2350 5413 voluntati
2402 5364 2506 5406 tua:
2534 5363 2652 5404 mus
2697 5345 2966 5416 gerendus
2993 5351 3105 5408 est,
3138 5341 3265 5412 quid
3306 5338 3521 5408 quidam

1941 5469 1973 5508 e
2015 5449 2195 5507 medio
2221 5447 2288 5502 de
2333 5440 2665 5500 orationibus
2694 5438 2803 5492 tuis
2848 5436 3105 5502 sentiant,
3149 5433 3332 5504 jussus
3361 5445 3553 5496 ειυς-κ

1941 5546 2106 5603 diam.
2147 5543 2324 5610 Prope
2370 5545 2454 5594 est
2477 5543 2535 5589 ut
2559 5542 2611 5589 te
2637 5545 2862 5602 arguere
2890 5529 3116 5584 debeam
3146 5522 3288 5593 quod
3315 5522 3524 5576 saeculo

1941 5650 2129 5697 nostro
2149 5633 2383 5693 Tulliani
2403 5629 2528 5702 styli
2551 5628 2750 5684 famam
2773 5636 2964 5696 parcus
2990 5620 3250 5676 invideas.
3277 5616 3492 5686 ltespon
3508 5646 3522 5654 -

1942 5734 2096 5793 dehis
2121 5742 2334 5787 omnem
2373 5733 2428 5782 te
2474 5736 2692 5790 operam
2722 5712 3018 5776 condenda
3067 5709 3305 5770 historia:
3355 5713 3526 5772 depu-
