4046 6170
463 294 557 355 5'5!

462 505 594 559 Nam
626 502 738 571 pari
777 501 951 554 nitore
982 507 1142 566 atque
1191 493 1452 564 gravitate
1475 488 1774 545 senatorias
1801 485 2044 541 actiones

465 605 521 650 et
547 593 806 647 Romanae
837 589 913 644 rei
943 595 1286 642 momnmenta
1327 581 1550 650 limasti,
1579 586 1639 634 ut
1669 578 1825 647 plane
1855 575 2050 632 Home-

467 686 577 741 rica
618 683 978 754 appellatione
1014 676 1314 750 περιδέξιον,
1346 675 1401 729 id
1437 681 1538 737 est,
1587 669 1947 741 aequinianum
1999 675 2051 722 te

468 775 836 848 pronuntiem.
852 773 1022 840 Perge
1045 770 1223 840 igitur,
1246 781 1450 838 qureso,
1466 775 1521 821 et
1542 764 1698 820 stude
1716 763 1852 817 hanc
1874 773 2053 832 poste-

469 871 547 924 ris
569 870 750 924 dotem
775 867 1095 936 relinquere,
1121 873 1178 920 ut
1207 878 1326 933 quae
1349 861 1517 916 divisa
1549 860 1601 914 in
1627 856 1852 928 singulis
1867 863 2054 910 aucto-

470 962 619 1018 ribus
648 970 774 1016 ante
805 959 1144 1029 placuerunt,
1177 956 1367 1012 eadem
1399 966 1542 1008 nunc
1572 952 1626 1007 in
1676 959 1728 1006 te
1767 949 2052 1019 conjuncta

471 1053 774 1109 laudentur.
811 1052 958 1107 Vale.

1070 1140 1284 1197 EPIST.
1325 1137 1463 1194 CXI.

1045 1246 1476 1289 SYDIHACIIUS...“

540 1327 762 1395 Fontes,
793 1342 856 1383 ac
885 1326 1255 1382 difficultatem
1285 1321 1544 1378 ducenda.-
1563 1333 1714 1389 aqua:
1740 1317 1881 1372 inter
1911 1314 2058 1370 labo-

472 1435 564 1476 res
589 1434 811 1475 censere
843 1417 1135 1472 Herculeos
1171 1415 1585 1469 debeamus.....
1623 1423 1765 1463 nunc
1807 1405 2059 1474 Neapolis

474 1522 676 1570 mutata
707 1511 838 1567 sede
859 1511 1114 1579 suscepit.
1159 1507 1313 1563 Unde
1354 1514 1474 1574 post
1510 1503 1672 1558 breve
1715 1497 2058 1554 intervallum

473 1606 682 1659 dierum
736 1603 966 1658 transire
1017 1599 1254 1669 Capuam
1305 1599 1380 1651 tui
1427 1592 1680 1651 desiderii
1729 1589 1900 1663 gratia
1951 1603 2057 1643 non

474 1696 746 1752 morabor.

1059 1781 1270 1837 EPIST.
1311 1777 1472 1834 CXII.

1053 1888 1480 1930 SYMIACIIUS.....

541 1970 675 2026 Cum
695 1969 806 2040 iam
836 1968 1208 2025 Decembrium
1227 1966 1332 2022 cal.
1366 1973 1577 2034 tempus
1604 1968 1902 2033 appeteret,
1931 1959 2058 2016 red-

473 2062 599 2118 ditae
639 2071 765 2118 sunt
794 2061 925 2116 mihi
970 2060 1182 2126 litterae,
1229 2073 1349 2129 quae
1387 2056 1636 2111 annalem
1686 2054 1923 2110 trabeam
1949 2069 2062 2108 me-

476 2153 652 2209 ruisse
695 2153 1060 2223 loquerentur.
1103 2151 1305 2206 Credas
1352 2149 1514 2205 velim
1557 2144 1748 2202 multo'
1769 2161 1840 2202 ex
1885 2161 1947 2200 ea
2003 2159 2062 2200 re

457 2243 668 2318 gaudio
716 2243 911 2298 mentis
964 2257 1097 2297 mea:
1139 2241 1380 2296 habitum
1433 2238 1792 2309 splenduisse.
1843 2236 2058 2305 Primo,

474 2337 616 2405 quod
649 2336 718 2391 ita
747 2343 934 2390 natura
960 2342 1328 2404 comparatum
1359 2340 1463 2397 est,
1494 2339 1556 2385 ut
1574 2343 1764 2386 omnes
1783 2327 1886 2384 sibi
1915 2327 2063 2383 dela-

477 2439 591 2482 tum
623 2428 786 2484 decus
811 2429 1087 2499 judicent,
1128 2426 1272 2495 quod
1296 2427 1490 2496 dignus
1510 2424 1799 2493 acceperit.
1835 2422 2060 2489 Dehinc,

475 2519 598 2590 quia
632 2519 823 2585 honor,
841 2523 949 2591 jam
976 2519 1180 2589 pridem
1211 2528 1369 2588 togae,
1398 2525 1453 2573 et
1479 2515 1654 2571 ordini
1687 2530 1839 2570 rarus
1869 2515 2058 2569 nimis-

476 2625 583 2680 que
603 2609 858 2676 difficilis,
884 2609 1100 2665 tandem
1117 2615 1437 2664 summatem
1457 2607 1696 2662 civilium
1723 2605 1953 2675 partium
1978 2604 2061 2658 vi-

475 2715 594 2754 rum
618 2700 855 2770 respicit.
876 2700 1236 2766 Postremum,
1262 2697 1404 2769 quod
1421 2698 1688 2753 amicitias
1706 2704 1917 2752 nostras
1940 2711 2067 2752 nec-

477 2792 605 2847 dum
643 2791 765 2846 aliis
805 2791 1000 2848 officiis
1029 2789 1306 2846 inchoatas
1333 2797 1578 2861 prompta
1606 2789 1923 2844 evocatione
1939 2789 2065 2858 jun-

474 2882 621 2938 xisti.
645 2881 881 2939 Videsne
917 2897 1076 2953 quam
1117 2880 1426 2952 probabiles
1471 2879 1669 2936 latitia:
1715 2893 1851 2936 mete
1884 2893 2064 2934 caus-.e

474 2977 617 3031 sint?
659 2975 765 3032 Sed
795 2991 986 3032 vereor
1015 2991 1084 3032 ne
1114 2975 1196 3030 his
1225 2988 1413 3045 parum
1443 2974 1655 3038 credas,
1683 2987 1806 3028 cum
1851 2975 2060 3028 accitus

1628 282 1695 350 ρ.
1736 276 2084 336 sunmus
2122 274 2567 334 SleACIICS.

463 424 626 469 tasse.
657 410 877 480 Ignosce
904 405 1144 462 avaritias
1173 416 1328 468 meze,
1361 399 1408 454 si
1445 406 1736 467 utrumque
1760 393 2038 450 desidero.
2069 395 2122 452 Α

3631 281 3752 338 352.

2724 391 2937 448 EPIST.
2979 391 3161 447 CXIV.

2725 500 3160 543 SYIIIACIIUS...»

2223 577 2390 632 Recte
2434 576 2683 632 Caéeilius
2734 577 3005 633 comicus:
3051 576 3257 644 Homo,
3293 577 3498 648 inquit,
3544 578 3743 634 homini

2152 670 2275 724 deus
2319 679 2414 735 est,
2449 671 2495 724 si
2523 686 2672 724 suum
2694 671 2914 739 ofﬁcium
2940 671 3094 726 sciat.
3135 671 3285 727 Hanc
3311 687 3410 742 ego
3433 673 3486 727 in
3519 682 3572 728 te
3593 674 3746 728 dixe-

2153 761 2254 814 rim
2282 761 2601 816 sententiam
2623 763 2936 828 convenire,
2959 764 3046 832 qui
3080 764 3281 819 nostris
3309 764 3538 834 negotiis
3555 780 3742 819 curam

2153 851 2372 922 vigilem
2394 853 2712 921 przestitisti.
2742 853 2881 909 Hinc
2905 853 2960 908 in
2985 861 3206 923 pectore
3225 854 3507 920 memoria,
3540 855 3660 911 laus
3690 858 3742 908 in

2155 958 2250 999 ore
2284 953 2547 999 versatur.
2577 943 2685 999 Nec
2726 945 2776 998 in
2809 945 3093 1013 praesentia
3138 947 3298 1000 modo
3325 947 3483 1002 ﬂoret
3525 949 3648 1003 facti
3689 958 3748 1002 et

2157 1034 2318 1090 studii
2349 1034 2422 1089 tui
2449 1035 2647 1106 gloria,
2678 1035 2796 1102 sed,
2827 1045 2884 1090 ut
2911 1052 3066 1092 mens
3086 1047 3334 1108 augurat,
3375 1054 3548 1093 :evum
3596 1040 3748 1110 vige-

2157 1124 2254 1180 bit.
2283 1125 2550 1181 Prolixior
2577 1126 2800 1197 agendis
2819 1128 3007 1197 gratiis
3030 1142 3214 1184 sermo
3237 1130 3400 1185 etiam
3429 1145 3573 1185 nunc
3595 1146 3750 1185 com-

2161 1226 2387 1286 peteret,
2413 1219 2470 1273 ni
2503 1233 2737 1283 vererer,
2765 1234 2833 1273 ne
2861 1218 3021 1274 simul
3040 1228 3209 1275 totum
3239 1219 3424 1276 videar
3452 1223 3750 1291 expunxis'

2158 1321 2250 1374 se,
2288 1309 2430 1380 quod
2459 1309 2651 1366 debeo.
2705 1310 2995 1380 Impatiens
3024 1321 3106 1367 est
3132 1313 3337 1383 accepti
3364 1313 3633 1379 beneficii,
3658 1317 3748 1385 qui

2159 1413 2303 1453 nexu
2333 1410 2586 1468 properat
2615 1401 2832 1455 liberari
2860 1419 2873 1455 :
2900 1415 2999 1457 nec
3026 1401 3241 1457 videtur
3267 1413 3506 1457 mutuam
3529 1420 3760 1474 operam:

2161 1490 2310 1558 quasi
2340 1491 2545 1545 amicus
2572 1491 2838 1560 accipere,
2873 1493 2918 1546 si
2959 1491 3230 1547 erubescit
3268 1493 3334 1546 ad
3381 1509 3585 1550 moram
3629 1511 3753 1563 gra-

2165 1582 2272 1633 tiae.
2312 1581 2429 1634 Alia
2461 1581 2564 1635 mei
2596 1581 2793 1651 ingenii
2826 1582 2966 1637 ratio
2995 1594 3100 1637 est.
3133 1584 3379 1639 Pecunia:
3414 1585 3567 1640 fenus
3595 1602 3756 1643 acce-

2162 1671 2277 1726 lero
2318 1674 2674 1742 persolvere:
2706 1673 3008 1730 ofﬁciorum
3059 1679 3205 1733 vices
3242 1677 3336 1733 diu
3376 1687 3504 1749 Opto
3526 1679 3750 1736 debere.

2091 1756 2141 1817 B
2168 1761 2320 1819 Va'e.

2758 1857 2982 1913 EPIST.
3003 1858 3166 1915 CXV.

2710 1965 3089 2007 εγιιιιΑοῐιυε...
3101 1991 3187 2007 ..η

2238 2039 2423 2096 Mones
2457 2056 2617 2110 teque
2639 2043 2820 2097 animo
2845 2044 3010 2098 feram
3033 2046 3120 2099 vel
3142 2045 3458 2102 tumulorum
3490 2048 3625 2105 facta
3656 2049 3766 2103 ini--

2166 2134 2355 2204 proba,
2387 2135 2468 2190 vel
2509 2137 2836 2204 ingratorum
2869 2136 3013 2192 [φύει
3040 2139 3554 2197 decreta.Convenit
3580 2145 3770 2196 studio

2166 2237 2327 2298 atque
2380 2226 2594 2297 ingenio
2642 2237 2830 2283 nostro
2869 2230 3080 2285 consilii
3133 2231 3208 2286 tui
3255 2233 3503 2302 qualitas.
3549 2233 3760 2288 Nullim

2166 2317 2364 2388 quippe
2387 2326 2494 2372 tam
2517 2318 2809 2375 vehemens
2833 2321 3072 2391 nequitia
3092 2331 3196 2390 est,
3212 2332 3269 2376 ut
3290 2332 3438 2378 motu
3459 2339 3582 2378 meo
3597 2325 3770 2392 digna-

2167 2409 2261 2464 sit.
2295 2413 2377 2465 An
2407 2425 2507 2481 ego
2551 2411 2690 2465 istud
2731 2411 2901 2466 feram
2931 2412 3179 2481 moleste,
3207 2413 3297 2483 qui
3338 2416 3580 2469 noverim
3615 2416 3761 2469 Mar-

2167 2499 2428 2557 cellorum
2461 2512 2808 2556 monumenta
2837 2501 3051 2557 sublata
3085 2503 3250 2558 Verre
3282 2515 3532 2572 praetore.
3563 2514 3617 2558 ct
3649 2504 3762 2558 Ma-

2169 2593 2336 2648 rianis
2374 2593 2590 2662 tropaeis
2622 2607 2956 2663 nequaquam
2976 2594 3389 2648 mannsinvidas
3417 2595 3774 2664 pepercisse?

2167 2685 2225 2740 In
2251 2686 2368 2742 sola
2399 2686 2725 2742 conscientia
2768 2694 2853 2742 est
2876 2686 3080 2742 fructus
3109 2696 3165 2742 et
3191 2688 3329 2742 ratio
3350 2687 3584 2743 virtutis.
3616 2687 3773 2741 Nihil

2170 2791 2354 2832 moror
2376 2785 2584 2832 statuas
2609 2785 2664 2832 et
2693 2776 2904 2846 publica
2949 2775 3080 2832 falsa
3112 2776 3406 2832 titulorum.
3444 2777 3644 2832 Fucnm
3678 2777 3761 2832 fa-

2165 2868 2317 2924 ciunt
2351 2868 2762 2939 provincialium
2806 2869 2996 2932 oculis,
3043 2868 3136 2938 qui
3181 2868 3371 2923 ahitnis
3413 2869 3757 2925 exciderunt.

2168 2956 2323 3025 Quod
2352 2956 2398 3012 si
2426 2957 2554 3013 mihi
2585 2959 2726 3014 ullus
2755 2959 2926 3013 honor
2952 2959 3241 3013 testimonii
3276 2959 3472 3027 publici
3499 2960 3763 3014 alii-ctan-

475 3081 760 3136 ucusem,
791 3068 1034 3138 quamvis
1065 3066 1210 3136 ius“,
1246 3067 1384 3121 ηιίο
1422 3065 1717 3136 sapiemem
1746 3078 1851 3119 ηοη
1894 3063 2066 3134 passi;
2101 3133 2132 3138 Δ
2168 3049 2267 3104 dus
2293 3048 2460 3116 foret;
2483 3049 2688 3120 judicio
2718 3059 2808 3104 tuo
2828 3060 2882 3105 et
2910 3049 3165 3106 similium
3188 3059 3474 3105 contentus
3500 3065 3622 3106 esse
3661 3052 3760 3104 de-

477 3133 770 3215 oﬂ‘endere.
801 3133 920 3226 Quo
943 3133 1089 3214 enim
1118 3167 1272 3227 pacto
1297 3157 1365 3212 ad
1395 3133 1565 3226 prima
1589 3155 1815 3211 fascium
1848 3133 2061 3211 tuorum

2172 3140 2348 3199 berem
2370 3182 2388 3209 ,
2419 3142 2502 3198 vel
2543 3141 2772 3198 fidicinis
2799 3141 3068 3213 exemplo,
3099 3141 3190 3212 qui
3233 3141 3539 3212 indignatus
3576 3145 3760 3197 consi-

477 3260 704 3306 vocatus
731 3251 987 3321 auspicia,
1019 3249 1202 3318 paucis
1231 3248 1419 3303 diebus
1448 3247 1744 3304 Galliarum
1774 3247 2062 3317 longinqua

477 3341 859 3410 penetrarem?
887 3342 1074 3396 Exime
1106 3339 1313 3396 itineris
1341 3350 1680 3410 apparatum,
1721 3339 1897 3410 cogita
1941 3338 2063 3393 hie-

478 3435 582 3489 mis
613 3435 1080 3504 impedimentum,
1106 3433 1372 3489 defectnm
1397 3447 1589 3488 cursus
1616 3432 1832 3503 publici,
1856 3441 1909 3487 et
1938 3431 2066 3487 hru-

478 3527 635 3580 malis
667 3527 801 3580 lucis
828 3527 1121 3596 angustias.
1144 3525 1332 3580 Nonne
1357 3524 1632 3579 mihiante
1656 3523 1759 3579 cal.
1778 3523 1900 3579 Jan.
1925 3523 2064 3580 Intu-

479 3633 570 3672 rus
596 3627 713 3673 erat
736 3618 916 3673 irritus
940 3617 1112 3685 labor,
1141 3625 1234 3671 aut
1267 3625 1384 3685 post
1417 3615 1832 3671 inverecundior
1860 3615 2062 3670 adven-

478 3710 596 3764 tus?
622 3709 770 3777 Haec,
802 3725 899 3764 oro
927 3719 998 3774 te,
1025 3724 1180 3778 atquo
1209 3709 1390 3763 animo
1418 3709 1725 3777 pronuntia,
1748 3706 2066 3761 etamicitizn

480 3810 682 3856 nostra:
726 3801 900 3856 bonus
925 3811 1115 3855 auctor
1143 3813 1266 3856 esse
1305 3799 1548 3868 dignare.
1582 3799 1658 3852 Eo
1689 3797 1870 3851 animo
1899 3797 2064 3852 inter-

481 3903 714 3962 pretare,
733 3909 852 3964 qua:
870 3894 992 3962 jure
1015 3901 1200 3947 astruo
1225 3906 1332 3961 quo
1354 3890 1557 3960 rogasti
1578 3904 1707 3944 :nec
1731 3889 2063 3958 propositum

477 3994 625 4039 tuum
641 3985 880 4039 deseras.
904 3983 1062 4039 Solus
1080 3984 1222 4039 enim
1242 3982 1467 4052 benigne
1489 3979 1726 4036 creditur
1742 3979 1807 4033 ad
1819 3993 2061 4046 vocasse,

476 4077 571 4148 qui
594 4076 942 4133 excusatione
969 4091 1076 4132 non
1111 4076 1344 4130 laeditur.
1378 4072 1533 4128 Vale.

1051 4231 1266 4288 EPIST.
1306 4229 1493 4285 CXIII.

1059 4340 1492 4381 SYIIIIACIIUS..."

553 4439 716 4493 Multa
749 4453 836 4494 me
863 4438 1034 4508 gratia
1062 4436 1313 4504 nexuisti,
1344 4445 1400 4491 et
1429 4451 1550 4491 cum
1581 4434 1849 4504 prioribus
1874 4433 2070 4490 officiis

2169 3233 2409 3290 dentium
2456 3233 2688 3298 turbam,
2735 3231 2836 3288 sibi
2887 3241 2943 3289 ct
2985 3233 3154 3287 musis
3184 3242 3398 3289 cantum
3424 3233 3643 3297 ciebat;
3676 3237 3770 3288 vet

2168 3324 2462 3378 secundum
2516 3322 2842 3378 Heraclitum
2889 3321 3315 3392 philosophum,
3359 3323 3451 3394 qui
3491 3338 3762 3378 summam

2168 3413 2339 3469 laudis
2367 3413 2728 3469 arbitrabatur
2771 3413 2982 3484 placere
3010 3413 3122 3479 uni,
3153 3413 3198 3467 si
3230 3423 3374 3468 esset
3401 3415 3638 3484 optimus
3668 3418 3772 3484 qui

2170 3505 2438 3574 probaret.
2487 3505 2667 3572 Quare
2713 3514 2832 3560 esto
2881 3518 3102 3558 securus
3142 3503 3410 3573 patientia:
3452 3514 3675 3572 nostrze,
3706 3517 3769 3558 et

2167 3597 2546 3667 congratulare
2589 3595 2723 3650 mihi
2753 3595 2893 3666 quod
2934 3595 3082 3650 solus
3110 3601 3335 3665 torqueo
3375 3594 3543 3650 corda
3591 3597 3765 3651 liven-

2169 3691 2323 3758 tium,
2378 3704 2500 3744 cum
2531 3689 2620 3743 alii
2647 3689 2840 3759 quibus
2878 3695 3074 3742 statuae
3102 3702 3316 3758 quoquo
3356 3687 3518 3744 modo
3545 3688 3768 3744 tributae

2167 3783 2297 3848 sint,
2323 3781 2459 3837 nihil
2488 3781 2722 3837 habeant
2750 3778 3119 3836 inridendum.
3149 3777 3302 3835 Vale.

2748 3869 2963 3928 EPIST.
2989 3868 3173 3927 CXVI.

2711 3977 3192 4019 δῖιυιιιοηυε.......

2242 4060 2407 4116 Valeo
2443 4069 2698 4130 quantum
2727 4058 2858 4114 sinit
2883 4072 3028 4126 aager
3069 4055 3302 4110 animus.
3340 4053 3515 4123 Atque
3554 4053 3766 4109 utinam

2170 4155 2316 4225 leges
2346 4168 2498 4224 atque
2525 4167 2733 4206 mecum
2755 4151 3012 4211 valerent,
3042 4163 3268 4218 quarum
3307 4147 3508 4200 sanitas
3528 4144 3596 4198 ab
3627 4144 3767 4214 ipsis

2170 4246 2484 4316 plerumque
2532 4241 2915 4311 corrumpitur,
2955 4239 3146 4309 quibus
3175 4236 3411 4292 curanda
3451 4235 3772 4289 mandatur.

2171 4336 2285 4391 Non
2327 4350 2540 4404 pergam
2574 4334 2801 4402 longius,
2851 4345 2973 4385 cum
3012 4329 3113 4384 hoc
3142 4329 3370 4397 aenigma
3412 4324 3576 4380 frater
3606 4341 3773 4380 meus

2172 4427 2454 4482 Buleforus
2481 4426 2652 4494 possit
2676 4423 2906 4490 aperire.
2939 4419 3034 4475 Cui
3065 4428 3124 4474 ut
3151 4418 3387 4473 amicitia
3420 4431 3538 4471 mea
3567 4417 3772 4482 chara,

480 4530 586 4584 tuis
607 4529 783 4583 adhuc
811 4497 1069 4583 solvendo
1093 4543 1197 4582 non
1224 4497 1347 4593 sim,
1365 4526 1545 4581 denuo
1565 4497 1707 4580 aliud
1737 4539 1900 4596 posco
1925 4526 2068 4595 quod
2095 4497 2150 4557 Β
2175 4521 2246 4575 ita
2275 4520 2491 4589 querela
2519 4525 2795 4582 comperta
2830 4522 2932 4568 est.
2963 4513 3014 4567 Is
3054 4511 3142 4566 ubi
3173 4519 3226 4567 te
3269 4512 3528 4565 scientem
3552 4509 3778 4565 doloris

479 4623 730 4678 debeam.
753 4621 953 4676 Consul
975 4622 1338 4691 amplissimus
1361 4619 1616 4690 auspiciis
1635 4621 1854 4675 honoris
1881 4621 1962 4674 sui
1985 4621 2070 4674 in-

480 4725 682 4768 teresse
707 4727 792 4768 me
812 4712 1085 4781 praecepit,
1109 4713 1262 4780 cujus
1280 4712 1471 4767 litteris
1494 4721 1582 4766 tua
1603 4726 1819 4781 quoque
1840 4711 2071 4767 accessit

477 4805 673 4860 oratio.
703 4804 830 4860 llzrc
859 4812 917 4859 ut
936 4811 1162 4858 venturo
1184 4802 1408 4858 honesta
1440 4813 1542 4866 est,
1565 4802 1636 4856 ita
1667 4804 1945 4858 excusanti
1971 4817 2068 4859 ve-

482 4900 768 4956 hementer
809 4912 1060 4954 onerosa.
1111 4895 1220 4952 Sed
1270 4905 1360 4952 tua
1407 4895 1636 4966 aequitas
1687 4896 2067 4952 verecundiam

481 5005 656 5046 meam
696 4991 810 5047 veri
842 4989 1098 5045 facilitate
1147 4988 1431 5044 relevabit.
1484 4986 1576 5042 Ille
1617 4996 1674 5041 ut
1709 4987 1782 5041 sit
1827 4987 2066 5055 placatus

479 5082 747 5146 annitere,
778 5083 862 5137 cui
896 5096 983 5138 me
1007 5079 1176 5136 tristis
1201 5079 1268 5135 de
1293 5079 1461 5134 fratre
1487 5093 1645 5134 casus
1670 5088 1912 5133 excusat.
1933 5077 2064 5132 Nam

481 5183 640 5244 turpe
667 5183 826 5241 atque
856 5173 1150 5242 impetibile
1176 5181 1296 5238 est,
1327 5171 1558 5227 attonito
1595 5171 1776 5226 animo
1800 5179 1856 5226 et
1893 5169 2068 5225 fronte

483 5276 674 5323 maesta
699 5265 851 5320 ιωιοε
874 5266 1022 5320 adire
1049 5275 1368 5322 conventus.
1391 5264 1528 5333 Quid
1558 5263 1825 5319 fortunam
1852 5262 2062 5327 deceat,

480 5372 739 5428 agnosco,
764 5371 887 5411 cum
917 5371 1018 5426 qua
1049 5356 1208 5411 nimis
1238 5356 1628 5412 contumaciter
1645 5354 1772 5424 agit,
1797 5354 1884 5422 qui
1915 5367 2068 5408 acce-

485 5461 576 5520 pto
600 5451 821 5504 vulnere
841 5447 1020 5502 statim
1053 5449 1221 5502 miser
1256 5462 1378 5503 esse
1404 5446 1725 5502 dissimulat.
1757 5445 1810 5500 Si
1833 5445 1997 5514 jnsta,
2023 5445 2069 5500 si

483 5542 809 5609 necessaria,
833 5541 880 5597 si
911 5555 1037 5596 vera
1068 5540 1480 5610 praetendimus;
1509 5539 1699 5605 facito,
1723 5554 1822 5593 oro
1854 5547 1928 5606 te,
1961 5548 2068 5594 tam

482 5645 733 5703 prompta
758 5635 914 5698 venia
934 5633 1178 5705 ignoscat
1203 5631 1463 5687 absentiae
1486 5647 1621 5686 mea;
1645 5646 1806 5702 quam
1835 5630 1971 5687 bona
1996 5628 2071 5685 af-

481 5725 645 5782 fertio
675 5735 848 5784 meat
868 5740 1148 5794 pergerem
1175 5723 1488 5792 postulavit.
1520 5721 1669 5778 Vale.

2174 4613 2279 4668 mei
2305 4611 2516 4674 fecerit,
2541 4607 2755 4662 confido
2776 4606 2868 4660 tali
2897 4605 3144 4676 adjutore
3171 4603 3315 4673 leges
3343 4603 3409 4656 ad
3435 4601 3548 4656 fora
3574 4609 3778 4656 nostra

2174 4705 2433 4762 reditura.
2462 4701 2614 4756 Vale.

2743 4787 2960 4846 EPIST.
2989 4784 3197 4842 CXVII.

2727 4897 3207 4939 οῐηυλειωε.......

2246 4979 2682 5052 Exprobraveras
2713 4976 2842 5031 mihi
2872 4987 2998 5029 ante
3029 4972 3126 5028 hac
3152 4971 3313 5033 feras,
3331 4968 3522 5040 quibus
3549 4982 3661 5022 non
3685 4979 3787 5022 est

2175 5088 2268 5129 usa
2309 5081 2578 5144 quaestura
2629 5069 2718 5122 filii
2770 5067 2894 5124 mei.
2945 5063 3226 5121 Mordebar
3252 5063 3792 5116 commemoratione

2172 5166 2308 5222 irriti
2362 5162 2628 5221 beneficii.
2658 5161 2726 5214 de
2765 5173 2872 5228 quo
2899 5170 3122 5227 arguere
3149 5153 3379 5208 amicum
3411 5164 3510 5204 nec
3540 5163 3790 5217 compu-

2173 5267 2280 5314 tem
2307 5255 2489 5326 gratia:
2518 5251 2815 5308 debuisses.
2868 5247 2946 5302 Tu
2982 5262 3112 5301 vero
3155 5244 3316 5300 etiam
3358 5242 3550 5311 pretia,
3594 5251 3659 5293 ut
3693 5242 3795 5294 vir

2171 5347 2650 5407 excellentissimus
2681 5339 2983 5397 communis
3023 5338 3190 5392 frater
3230 5333 3512 5388 Brotadius
3540 5331 3789 5400 allegat,

2173 5455 2272 5497 nec
2293 5448 2541 5510 speratae,
2571 5450 2668 5489 nec
2699 5433 2905 5487 tradita:
2930 5431 3005 5485 rei
3031 5427 3285 5497 postulas.
3311 5423 3792 5495 Magisjueatuw,

2171 5532 2216 5587 si
2244 5529 2444 5594 credis,
2473 5543 2501 5582 a
2534 5523 2850 5582 verecundia
2880 5523 2946 5575 ad
2980 5519 3259 5590 pecuniam
3303 5520 3406 5569 lata
3448 5516 3790 5568 conventio-

2171 5624 2348 5680 Mnus
2393 5621 2536 5677 enim
2583 5631 2746 5688 grave
2787 5625 2871 5671 est
2916 5614 3233 5676 debitorem,
3281 5623 3438 5679 quam
3492 5607 3818 5676 ingratum.

2172 5715 2364 5772 videri.
2399 5713 2496 5768 Est
2519 5711 2677 5781 igitur
2699 5709 2844 5781 optio
2867 5716 2978 5772 tua,
3005 5719 3184 5770 ursos,
3216 5715 3351 5774 quos
3381 5699 3797 5769 intempestate
