4046 6170
234 289 328 366 ass

1415 293 1905 352 FEPIS'I‘OLARUM
1946 295 2148 352 LIBER
2188 299 2276 354 lX.

3382 316 3489 371 351

239 421 354 478 diris
399 415 630 473 amissos
676 409 975 482 naufragio,
1029 415 1237 467 taxare.
1289 408 1466 465 Habes
1511 410 1564 464 in
1615 424 1797 476 manu,
1828 412 1879 470 Α
1906 412 2060 477 quias
2099 413 2514 472 submovendas.
2557 415 2742 489 Itaque
2783 427 2844 474 ut
2874 424 3172 493 promptius
3203 437 3381 494 partes
3409 431 3490 486 in.

241 521 416 582 quanto
453 508 724 564 aestimare
762 503 893 558 mihi
931 501 1129 558 debeas
1167 500 1459 556 inefﬁcacia
1494 500 1605 555 voti
1649 499 1802 556 beni-
1898 504 2103 572 genita:
2136 505 2229 560 tibi
2267 509 2534 576 aequitatis
2561 511 2809 579 arripias.
2839 523 3085 581 precator
3111 517 3339 583 accedo;
3373 535 3492 575 me-

241 605 498 673 gnitatetn.
544 597 772 652 Tantum
803 601 1022 650 maneat
1046 592 1280 648 amicitia
1312 598 1519 656 nostra,
1561 590 1803 660 nihilque
1905 609 2027 648 mor
2068 611 2282 666 semper
2329 600 2540 655 futurus
2591 602 2722 656 tanti
2766 602 3032 670 beneﬁcii,
3072 606 3116 662 si
3156 624 3312 677 quem
3357 625 3490 664 con-

235 696 448 748 tortunaa
494 689 548 743 itt
592 702 711 741 eam
757 685 938 740 liceat.
981 682 1256 739 Summam
1297 695 1441 752 pono
1478 680 1800 751 dispendio:

1906 693 2114 740 stanter
2153 703 2377 758 purgare
2405 691 2657 762 dignatus
2687 707 2768 761 es,
2799 697 3012 752 tandem
3042 703 3306 754 securitas
3334 703 3489 771 plena

235 801 329 838 non
365 781 655 835 subducam
697 777 978 846 pecuniam
1028 788 1201 829 meam
1241 775 1395 830 navis
1424 783 1541 828 tuae
1565 773 1802 838 casibus,
1905 779 2220 846 respexerit.
2254 780 2405 837 Vale.

247 874 370 928 me.
771 958 988 1015 EPIST.
1019 956 1249 1013 CXVIII.

783 1064 1264 1106 SVIIACHUS.......

291 1146 573 1216 Hospitem
613 1153 760 1198 tuum
801 1141 1118 1196 Faustinum
1169 1139 1400 1194 Senatus
1443 1136 1807 1206 amplissimus

241 1241 284 1294 in
309 1240 620 1294 societatem
652 1237 884 1303 recepit,
930 1241 1075 1286 tanta
1102 1233 1241 1300 apud
1285 1247 1384 1285 nos
1408 1229 1705 1285 testimonii
1735 1230 1805 1283 tui

238 1332 511 1400 antiquitas
530 1338 635 1395 est,
665 1336 723 1381 ut
743 1325 946 1382 differri
970 1341 1088 1395 quae
1116 1325 1248 1378 velis
1275 1324 1445 1378 instar
1468 1323 1676 1392 injuria:
1714 1322 1805 1377 sit.

237 1424 336 1478 Tibi
383 1423 547 1493 igitur
596 1429 875 1488 acceptum
927 1418 1063 1472 ferat
1111 1417 1343 1471 studium
1376 1417 1540 1470 totius
1579 1415 1806 1470 ordinis.

236 1516 349 1572 Nam
382 1523 444 1569 ut
487 1513 754 1569 beneficio
796 1526 953 1566 sacro
991 1510 1150 1565 debet
1178 1509 1452 1578 dignitatis
1482 1509 1811 1578 impetratio-

227 1625 360 1676 nem,
393 1610 470 1664 ita
498 1616 592 1662 tuo
621 1607 822 1661 decreti
855 1604 1020 1658 nostri
1051 1603 1404 1658 celeritatem.
1437 1599 1592 1655 Vale.

789 1696 1005 1751 EPIST.
1055 1694 1244 1750 CXIX.

772 1801 1244 1843 SYIIHACIIUS.......

294 1884 546 1952 Plerique
575 1891 628 1936 te
647 1881 819 1936 accitu
841 1879 1078 1933 consulis
1105 1877 1460 1932 Mediolanum
1484 1874 1670 1930 venire
1692 1889 1810 1931 cre-

235 1978 456 2034 ditiimus
486 1992 503 2030 :
535 1990 662 2045 pars
707 1973 762 2029 in
804 1972 976 2026 Gallia
1020 1972 1286 2027 resedisse
1325 1971 1618 2038 jactabant.
1670 1971 1813 2025 Inter

240 2071 335 2126 hac
360 2067 684 2138 opinionum
715 2065 880 2131 varia,
913 2079 1144 2135 quonam
1175 2063 1434 2118 mittenda
1460 2072 1643 2118 essent
1669 2078 1813 2132 qua:-

238 2163 378 2216 storia
415 2161 561 2214 dona
590 2157 850 2213 dubitavi.
903 2157 1192 2227 Postquam
1222 2155 1348 2209 mihi
1376 2153 1616 2208 solvendi
1646 2153 1810 2208 officii

231 2250 560 2308 occasionem
588 2249 775 2305 tribuit
803 2249 1073 2304 adventus
1103 2255 1338 2310 tuorum,
1391 2245 1685 2309 Clarentio,
1717 2260 1812 2299 cu-

231 2342 304 2411 jus
337 2350 645 2412 spectatam
691 2338 849 2394 fidem
898 2352 1175 2405 noveram,
1221 2349 1481 2391 consueta
1529 2349 1810 2390 munerum

233 2434 511 2490 deferenda
539 2431 804 2489 commisi.
826 2429 943 2486 Non
969 2427 1348 2499 aspernabere,
1377 2436 1434 2481 ttt
1451 2428 1682 2492 testimo,
1709 2427 1811 2499 dy-

229 2527 341 2596 ptici
367 2535 426 2582 et
453 2524 755 2595 aphoretici
786 2522 1134 2577 oblationem.
1167 2520 1353 2590 Neque
1373 2521 1515 2573 enim
1541 2533 1704 2588 grave
1727 2527 1812 2574 est

227 2614 564 2671 verecundia:
604 2623 708 2668 tua:
748 2613 1012 2668 solemnia
1050 2621 1104 2666 et
1143 2613 1318 2667 votiva
1346 2610 1643 2679 suscipere.
1679 2609 1810 2677 Quae

229 2722 339 2763 cum
375 2707 640 2762 amicitias
680 2705 1014 2769 deferantur,
1044 2704 1268 2774 pertinet
1310 2703 1377 2757 ad
1407 2703 1644 2769 caritatis
1671 2716 1808 2757 con-

225 2797 538 2865 fusionem,
563 2807 623 2854 ut
643 2797 826 2854 deberi
847 2796 951 2851 sibi
983 2795 1100 2851 hac
1117 2796 1328 2850 animus
1352 2795 1616 2851 sumentis
1645 2808 1811 2864 agno-

223 2896 348 2944 scat.
380 2889 550 2946 Vale.

816 2977 1028 3033 EPIST.
1056 2976 1221 3032 CXX.

784 3084 1249 3126 SYIIACIIUS......

2456 871 2673 929 EPIST.
2703 875 2942 936 CXXIII.

2476 977 2823 1020 εγυΜΑεῐιυε..
2836 1006 2921 1024 ...ο

1979 1047 2271 1104 Plurimum
2296 1052 2580 1121 voluptatis
2598 1070 2662 1108 ex
2689 1057 2879 1112 litteris
2903 1059 3008 1114 tuis
3029 1071 3153 1116 ante
3178 1063 3488 1133 capiebam;

1910 1157 2050 1196 nunc
2079 1143 2411 1214 lacrymabili
2436 1150 2822 1216 conquestione
2850 1163 3082 1207 mentem
3109 1155 3330 1224 legentis
3353 1158 3486 1210 infu-

1908 1247 2049 1288 sras.
2083 1233 2180 1288 Ubi
2227 1233 2316 1289 illa
2361 1239 2648 1304 sententia,
2679 1257 2800 1310 qua:
2836 1253 2888 1297 te
2935 1256 2988 1297 ct
3023 1257 3226 1299 naturae
3272 1248 3413 1302 bono
3435 1260 3494 1303 et

1909 1334 2153 1380 veterum
2179 1326 2410 1384 lectione
2439 1340 2622 1384 contra
2654 1334 2832 1387 omnia
2851 1333 3080 1390 fortuna:
3099 1341 3200 1391 tela
3225 1339 3492 1394 firmavit?

1913 1415 2131 1483 Dignam
2162 1416 2276 1470 viro
2305 1434 2520 1475 assume
2551 1423 2861 1486 patientiam
2883 1466 2899 1489 ,
2930 1433 2984 1479 et
3012 1442 3132 1496 quas
3170 1431 3360 1482 mutari
3402 1447 3496 1484 ne-

1909 1516 2129 1574 queunt,
2160 1507 2358 1564 (IUSIsle
2386 1511 2586 1579 lugere.
2621 1513 2846 1568 Leviora
2895 1516 2987 1569 tibi
3017 1527 3207 1572 cuncta
3251 1527 3368 1587 post
3396 1520 3496 1574 im-

1912 1595 2134 1664 probum
2177 1612 2433 1666 generum
2464 1602 2658 1656 debent
2692 1604 2880 1657 videri.
2924 1604 3032 1658 Cur
3071 1615 3249 1661 antem
3293 1610 3496 1677 torpori

1911 1697 2070 1756 atque
2098 1688 2210 1742 Otio
2247 1705 2426 1755 vaCes,
2474 1701 2528 1746 et
2567 1697 2868 1762 patrimonii
2911 1699 3205 1766 negligens,
3253 1700 3496 1755 feriatum

1840 1784 1884 1840 Β
1919 1795 2102 1846 pascas
2127 1781 2401 1837 dolorem?
2426 1783 2583 1840 Curae
2623 1787 2730 1841 sint
2775 1789 3012 1858 reliquiae
3053 1806 3233 1846 rerum
3261 1800 3496 1856 tuarum,

1911 1888 2045 1940 quas
2089 1873 2422 1930 facinorosus
2456 1878 2670 1932 invasor
2706 1881 3020 1948 exhaustas,
3049 1895 3102 1937 et
3128 1885 3333 1939 laceras
3364 1886 3494 1940 reli-

1911 1967 2053 2032 quit;
2093 1981 2159 2018 ne
2201 1966 2253 2020 in
2288 1967 2370 2020 his
2400 1969 2706 2038 reipublicte
2738 1973 3147 2030 necessitatibus
3184 1987 3496 2045 recuperata

1911 2067 2219 2112 sustentare
2245 2074 2353 2113 non
2382 2061 2577 2128 possis,
2607 2077 2727 2131 qua:
2753 2063 2901 2132 prius
2929 2066 3128 2120 omissa
3154 2077 3498 2136 contempse-

1909 2161 2020 2199 ras.
2058 2146 2206 2203 Vale.

2459 2241 2676 2298 EPIST.
2708 2241 2921 2300 CXXIV

2471 2349 2930 2396 8YIIACIIU8......

1981 2422 2240 2477 Coactum
2276 2433 2326 2480 te
2357 2425 2480 2480 licet
2511 2426 2730 2483 fatearis
2770 2442 2828 2484 ut
2867 2430 3156 2498 scriberes,
3185 2443 3287 2502 ego
3317 2441 3498 2490 tamen

1913 2529 2019 2567 non
2059 2513 2234 2570 minus
2263 2526 2542 2586 acceptum
2573 2520 2664 2573 tibi
2702 2520 2902 2586 refero,
2953 2525 3096 2592 quod
3129 2541 3213 2578 me
3243 2527 3367 2598 styli
3398 2526 3502 2580 ho-

1913 2619 2045 2659 nore
2083 2607 2333 2675 dignatus
2373 2624 2452 2674 es,
2481 2623 2640 2678 quam
2671 2612 2716 2666 si
2754 2612 2855 2667 hoc
2883 2624 3076 2681 sponte
3108 2615 3347 2670 fecisses.
3393 2616 3500 2672 Sed

1913 2698 2138 2760 videris,
2169 2701 2259 2767 qui
2287 2700 2450 2756 fuerit
2476 2711 2666 2755 auctor
2693 2704 2822 2757 tanti
2855 2707 3114 2760 muneris.
3145 2707 3273 2762 Mihi
3301 2721 3367 2762 ex
3394 2709 3501 2763 illis

1910 2786 2104 2842 litteris
2135 2804 2239 2843 non
2274 2791 2441 2851 bonos
2468 2799 2673 2845 tantum
2718 2793 2918 2861 gaudii,
2948 2795 3044 2849 sed
3073 2794 3275 2850 fructus
3300 2803 3500 2852 evenit.

1911 2879 2080 2933 Didici
2108 2882 2249 2934 enim
2282 2893 2583 2936 commeatu
2609 2888 2905 2939 annonario
2929 2889 3312 2944 convalescere
3351 2891 3503 2947 urbis

1911 2973 2277 3026 securitatem.
2326 2971 2582 3026 Faustum
2625 2977 2777 3028 etiam
2821 2977 3069 3045 intellexi,
3117 2997 3232 3034 cum
3276 2982 3502 3050 primum

1910 3078 2116 3116 causam
2143 3072 2359 3117 vestram
2382 3075 2726 3136 cognosceret,
2751 3084 2950 3138 (equum
2979 3086 3031 3124 se
3047 3073 3278 3141 judicent
3302 3075 3503 3144 praesti-

285 3163 595 3219 Ariminum
637 3175 784 3231 saepe
825 3161 1140 3228 praeteriens
1175 3159 1480 3230 magisterio
1517 3167 1612 3213 tuo
1647 3157 1809 3214 didici
1838 3142 1886 3207 α
1918 3155 2057 3219 lisse,
2083 3163 2130 3208 et
2158 3155 2331 3210 allatis
2359 3158 2414 3211 in
2443 3160 2664 3212 medium
2691 3161 3081 3232 aliegationibus
3111 3169 3235 3230 tuis,
3254 3142 3501 3221 codicum

224 3254 412 3309 amicos
439 3255 719 3308 honorare
740 3252 1092 3306 munusculis.
1123 3253 1300 3318 Quare
1328 3252 1601 3307 institutus
1628 3265 1810 3306 exem-

219 3347 302 3412 plo
338 3345 656 3401 necessaria
701 3346 819 3400 usui
863 3344 1034 3415 magis
1090 3345 1328 3413 rependo
1374 3359 1533 3414 quam
1577 3344 1804 3400 defero:

216 3451 332 3506 qua!
376 3439 487 3493 nisi
537 3448 784 3506 prompta
831 3437 1140 3507 dgnatione
1180 3437 1507 3505 susceperis,
1555 3435 1811 3490 videbere

219 3543 384 3584 meam
424 3528 751 3584 facilitatem
789 3527 858 3584 de
885 3528 1119 3598 acceptis
1166 3527 1322 3583 toties
1357 3535 1548 3582 notare
1577 3528 1810 3581 muneri-

219 3618 328 3676 bus.
361 3621 528 3678 Vale.

802 3709 1019 3765 EPIST.
1044 3708 1230 3764 CXXI.

783 3816 1182 3856 εῖωιιειιυε....
1195 3841 1232 3855 ..

277 3898 608 3965 Promptum
630 3894 759 3950 mihi
785 3904 944 3964 atque
969 3894 1176 3949 declive
1203 3895 1472 3964 negotium
1504 3894 1806 3962 credidisti,

207 3989 263 4042 in
289 4005 398 4059 quo
425 3989 642 4044 nullum
675 3988 851 4042 nisum
882 3987 973 4042 tibi
997 4001 1177 4055 operte
1204 4001 1337 4041 mea:
1359 3987 1810 4057 vendito.Qnippe

214 4082 296 4136 ubi
327 4084 574 4152 primum
596 4078 943 4150 spectabilem
968 4077 1144 4132 virum
1167 4078 1422 4132 Faustum
1453 4089 1538 4132 tua
1559 4080 1806 4148 epistola,

215 4186 362 4226 utens
407 4185 601 4226 sermo
643 4169 917 4235 convenit,
949 4178 1006 4223 ut
1051 4169 1214 4238 Epiro
1244 4169 1565 4238 mancipium
1609 4170 1678 4224 de
1705 4185 1811 4238 quo

212 4264 514 4334 ambigitis,
542 4262 595 4316 in
638 4276 863 4317 examen
904 4273 1168 4330 accersat,
1201 4276 1536 4332 nequaquam
1561 4262 1809 4317 adversa-

212 4364 299 4408 tus
314 4365 400 4410 est
417 4353 725 4426 postulatis.
740 4353 913 4423 Spero
935 4353 1095 4423 igitur
1116 4355 1287 4408 accitu
1311 4355 1427 4422 ejus
1452 4355 1602 4409 brevi
1626 4353 1811 4409 adfore

215 4446 500 4503 hominem
540 4461 701 4515 quem
741 4456 980 4502 vestrum
1008 4446 1163 4502 alteri
1189 4446 1508 4515 disceptatio
1533 4445 1831 4500 familiaris'

213 4537 514 4606 adjudicet.
544 4513 652 4593 Sed
681 4537 749 4592 de
777 4537 880 4591 hoc
907 4538 1039 4592 satis
1065 4513 1352 4593 verborum
1372 4547 1474 4595 est.
1501 4538 1577 4593 ’I‘e
1601 4546 1809 4593 oratum
1841 4513 1891 4574 υ

215 4629 357 4696 volo,
391 4637 458 4684 ut
490 4643 588 4682 nos
618 4627 847 4683 subinde
889 4629 1210 4698 scriptorum
1242 4629 1448 4684 honore
1494 4628 1811 4698 locupletes,

212 4729 266 4773 et
290 4720 444 4791 quod
487 4735 631 4776 nunc
654 4735 818 4776 causa
843 4729 1070 4791 cogente
1101 4721 1275 4777 fecisti
1301 4763 1317 4790 ,
1349 4721 1402 4778 id
1428 4722 1660 4779 amicitia
1688 4723 1815 4779 bor-

215 4821 363 4870 tante
387 4830 503 4870 non
526 4815 768 4871 deseras.
801 4816 958 4872 Vale.

794 4907 1010 4963 EPIS’I‘.
1037 4907 1246 4963 CXXII.

821 5013 1245 5054 srlltscuus..."

286 5086 696 5143 Praesumebam
739 5087 960 5158 quidem
995 5087 1254 5158 justitiam
1295 5098 1441 5145 tuam
1486 5089 1664 5148 fratris
1707 5091 1814 5149 mei

215 5177 464 5251 Iagnilli
513 5179 736 5236 sinceris
762 5180 971 5236 actibus
1013 5181 1338 5241 adfuturam.
1367 5183 1474 5239 Sed
1507 5183 1610 5240 fide
1634 5185 1816 5254 cogni-

211 5270 380 5324 tionis
430 5271 646 5337 audita,
698 5285 858 5340 quam
911 5271 1067 5329 nobis
1113 5273 1362 5328 omnibus
1410 5274 1812 5330 adventantium

208 5376 400 5417 sermo
435 5361 710 5432 patefecit,
736 5362 1024 5418 admodum
1063 5363 1361 5432 gratulatus
1387 5379 1527 5429 sum,
1564 5364 1706 5433 quod
1738 5363 1813 5418 illi

203 5471 433 5522 mourn
472 5453 706 5522 judiccm
746 5455 959 5532 fortuna
995 5455 1332 5523 praestiterit.
1365 5455 1481 5526 Ago
1506 5456 1667 5525 igitur
1691 5470 1815 5526 gra-

207 5548 312 5599 tias
348 5562 462 5615 pro
493 5549 646 5602 amici
673 5547 780 5604 mei
820 5549 1131 5614 securitate,
1150 5547 1302 5618 cujus
1330 5548 1820 5606 innocentissimam

204 5650 373 5690 vitam
429 5639 718 5694 sententia:
768 5638 1078 5695 testimonio
1124 5640 1509 5710 comprobasti.
1551 5641 1617 5697 Et
1661 5656 1821 5713 spero

206 5729 684 5794 mutetttplationc
714 5732 789 5789 toi
818 5733 969 5790 brevi
997 5741 1220 5791 caeteras
1249 5734 1526 5792 infortunii
1555 5735 1671 5798 cjus
1694 5736 1822 5792 reli-

1915 3245 2225 3300 constitisse
2253 3247 2536 3303 rationem.
2582 3249 2716 3305 Nam
2757 3259 2976 3321 caetera,
3006 3268 3125 3324 quae
3168 3265 3289 3325 post
3319 3267 3501 3313 secuta

1912 3335 2201 3406 significas,
2237 3339 2352 3407 ipso
2381 3340 2548 3395 invito
2574 3342 2766 3411 opinor
2794 3353 3026 3411 extorta,
3083 3354 3136 3400 et
3165 3360 3384 3416 sperare
3410 3347 3506 3403 de-

1913 3427 2122 3495 bemus,
2155 3433 2314 3487 talem
2340 3431 2455 3488 fore
2483 3433 2535 3488 in
2567 3434 2788 3503 reliquis
2811 3435 3252 3507 disceptatorem,
3287 3445 3502 3511 qualem

1915 3522 2012 3578 tibi
2038 3523 2273 3579 ostendit
2301 3525 2475 3595 prima
2513 3528 2766 3597 cognitio.
2819 3528 2931 3600 Ego
2981 3540 3157 3586 tamen
3199 3533 3267 3587 ad
3313 3537 3504 3590 incita-

1910 3623 2155 3670 mentum
2181 3615 2425 3686 justitite,
2447 3633 2605 3688 quam
2629 3621 2835 3676 meritis
2864 3621 2969 3677 tuis
2998 3622 3234 3678 arbitror
3255 3624 3504 3682 deferen-

1912 3706 2060 3772 dam,
2112 3707 2401 3762 familiares
2451 3708 2658 3764 litteras
2707 3710 2849 3778 misi,
2881 3727 3036 3782 quas,
3077 3713 3124 3768 si
3172 3715 3308 3768 ratio
3338 3733 3506 3785 popo-

1912 3799 2098 3867 scerit,
2131 3797 2186 3853 in
2218 3813 2406 3854 manus
2446 3801 2562 3870 ejus
2601 3800 2762 3856 facies
2809 3804 3110 3872 pervenire.
3156 3805 3309 3859 Aliud
3358 3808 3502 3861 ettitll

1912 3888 2244 3946 salubritatis
2287 3905 2456 3960 genus
2493 3891 2733 3946 conditio
2781 3894 3037 3962 temporis
3085 3909 3190 3948 non
3243 3897 3502 3964 permittit

1913 3981 2180 4037 adhiberi.
2229 3981 2363 4037 Volo
2401 3994 2580 4039 autem
2621 3985 2760 4038 scias
2800 3985 2875 4052 (et
2913 3995 3104 4055 sponte
3133 4003 3229 4056 pro
3269 3990 3502 4046 amicitia

1914 4083 2099 4129 nostra
2125 4074 2290 4130 debes
2321 4073 2626 4146 advertere)
2657 4089 2839 4130 curam
2867 4092 2964 4146 pro
2992 4086 3044 4132 te
3073 4093 3246 4132 tneam
3274 4096 3379 4134 non
3407 4080 3506 4136 de-

1913 4166 2152 4222 siderare
2199 4168 2547 4233 monitorem,
2602 4168 2697 4224 sed
2743 4185 2848 4224 non
2892 4183 3051 4238 posse
3116 4171 3345 4240 amplius
3385 4173 3501 4227 fieri

1912 4274 2071 4330 quam
2094 4269 2153 4314 ut
2176 4259 2266 4314 tibi
2288 4260 2526 4315 animum
2551 4261 2926 4331 disceptatoris
2953 4263 3138 4331 petitio
3163 4273 3348 4318 nostra
3371 4278 3504 4319 cou-

1913 4351 2076 4407 ciliet.
2109 4350 2258 4407 Vale.

2488 4443 2701 4500 EPIST.
2721 4442 2932 4498 CXXV.

2478 4553 2934 4594 SYIMACIJUS......

1987 4629 2167 4686 Ludos
2194 4629 2476 4701 prmtorios
2504 4645 2890 4699 praeparamus,
2917 4645 3142 4700 quorum
3168 4639 3390 4687 ornatus
3412 4647 3504 4702 pe-

1916 4723 2129 4792 regrina
2175 4720 2429 4776 animalia
2468 4720 2759 4788 desiderat,
2790 4733 2848 4777 ut
2891 4736 3032 4778 novo
3070 4724 3215 4778 cultu
3263 4724 3502 4778 Romana

1877 4814 2259 4883 ‘splendescat
2291 4812 2478 4870 editio.
2526 4812 2773 4869 Addaces
2824 4815 2985 4884 igitur
3027 4824 3081 4868 et
3110 4828 3375 4885 pygargus
3413 4823 3506 4870 tuo

1918 4903 2098 4962 studio
2122 4905 2250 4960 mihi
2272 4916 2401 4975 opto
2421 4905 2683 4976 praesumi,
2699 4920 2924 4975 quorum
2942 4907 3149 4975 copiam
3178 4905 3331 4961 limes
3355 4905 3505 4960 vobis

1924 4997 2184 5054 ﬁnitimus
2213 5000 2608 5053 subministrat.
2656 4998 2902 5068 Dignare,
2937 5012 3068 5066 rogo
3112 5007 3184 5064 te,
3214 4998 3505 5054 amicitiam

1922 5099 2162 5145 nostram
2195 5090 2376 5144 votivo
2419 5090 2639 5159 pignore
2665 5088 2947 5144 laedet-are.
2973 5088 3089 5144 Non
3116 5103 3211 5144 ero
3240 5089 3415 5159 impar
3439 5088 3508 5143 ad

1923 5181 2344 5238 vicissitudinem
2370 5179 2791 5250 rependendam,
2815 5180 2862 5236 si
2891 5180 3018 5252 quid
3039 5180 3202 5237 etiam
3234 5189 3357 5237 tuus
3378 5193 3508 5236 usus

1923 5274 2180 5345 exegerit.
2225 5273 2370 5328 Vale.
2895 5319 2904 5326 .

2470 5363 2688 5420 EPIST.
2720 5363 2953 5420 CXXVI.

2483 5470 2935 5512 SYIIACIUS......

1993 5550 2156 5620 Spem
2187 5547 2318 5604 mihi
2342 5547 2602 5604 adventus
2626 5549 2700 5604 tui
2733 5549 2891 5621 longo
2921 5559 3161 5615 tempore
3193 5539 3506 5613 pollicebar.

1924 5643 2005 5697 Tu
2043 5655 2169 5695 vero
2195 5639 2356 5695 etiam
2397 5655 2540 5696 nunc
2575 5641 2643 5697 de
2673 5656 2761 5697 me
2787 5640 3108 5708 scriptorum
3150 5634 3294 5689 vices
3335 5641 3508 5702 postu-

1926 5736 2025 5798 las,
2055 5744 2108 5792 et
2133 5733 2436 5789 diuturnam
2467 5735 2697 5800 quodam
2742 5735 2901 5791 modo
2931 5729 3154 5788 minaris
3181 5728 3504 5786 absentiam.
