  <div class='ocr_page' id='page_1' title='image "/cluster/home/n/w/nwhite01/storage/ocr_20150623/18/hvd.32044023361694/187.png"; bbox 0 0 4074 6176; ppageno 0'>
   <div class='ocr_carea' id='block_1_1' title="bbox 493 306 601 362">
    <p class='ocr_par' dir='ltr' id='par_1_1' title="bbox 493 306 601 362">
     <span class='ocr_line' id='line_1_1' title="bbox 493 306 601 362; baseline 0.009 -1"><span class='ocrx_word' id='word_1_1' title='bbox 493 306 601 362; x_wconf 75' lang='lat'><strong>355</strong></span> 
     </span>
    </p>
   </div>
   <div class='ocr_carea' id='block_1_2' title="bbox 493 505 2079 580">
    <p class='ocr_par' dir='ltr' id='par_1_2' title="bbox 493 505 2079 580">
     <span class='ocr_line' id='line_1_2' title="bbox 493 505 2079 580; baseline -0.002 -19"><span class='ocrx_word' id='word_1_2' title='bbox 493 511 600 578; x_wconf 87' lang='lat' dir='ltr'><strong>jam</strong></span> <span class='ocrx_word' id='word_1_3' title='bbox 647 509 898 580; x_wconf 88' lang='lat' dir='ltr'><strong>paratur?</strong></span> <span class='ocrx_word' id='word_1_4' title='bbox 932 509 984 564; x_wconf 91' lang='lat' dir='ltr'><strong>Si</strong></span> <span class='ocrx_word' id='word_1_5' title='bbox 1023 508 1149 577; x_wconf 92' lang='lat' dir='ltr'><strong>quid</strong></span> <span class='ocrx_word' id='word_1_6' title='bbox 1190 507 1351 576; x_wconf 90' lang='lat' dir='ltr'><strong>igitttr</strong></span> <span class='ocrx_word' id='word_1_7' title='bbox 1384 505 1525 576; x_wconf 89' lang='lat' dir='ltr'><strong>apud</strong></span> <span class='ocrx_word' id='word_1_8' title='bbox 1566 514 1619 562; x_wconf 90' lang='lat' dir='ltr'><strong>te</strong></span> <span class='ocrx_word' id='word_1_9' title='bbox 1655 506 1901 561; x_wconf 87' lang='lat' dir='ltr'><strong>consiliis</strong></span> <span class='ocrx_word' id='word_1_10' title='bbox 1944 507 2079 559; x_wconf 92' lang='lat' dir='ltr'><strong>meis</strong></span> 
     </span>
    </p>
   </div>
   <div class='ocr_carea' id='block_1_3' title="bbox 497 597 2080 668">
    <p class='ocr_par' dir='ltr' id='par_1_3' title="bbox 497 597 2080 668">
     <span class='ocr_line' id='line_1_3' title="bbox 497 597 2080 668; baseline -0.002 -13"><span class='ocrx_word' id='word_1_11' title='bbox 497 603 596 656; x_wconf 90' lang='lat' dir='ltr'><strong>loci</strong></span> <span class='ocrx_word' id='word_1_12' title='bbox 619 609 722 668; x_wconf 91' lang='lat' dir='ltr'><strong>est,</strong></span> <span class='ocrx_word' id='word_1_13' title='bbox 753 600 951 656; x_wconf 81' lang='lat' dir='ltr'><strong>suadeo</strong></span> <span class='ocrx_word' id='word_1_14' title='bbox 991 601 1177 654; x_wconf 86' lang='lat' dir='ltr'><strong>urbem</strong></span> <span class='ocrx_word' id='word_1_15' title='bbox 1227 599 1451 668; x_wconf 85' lang='lat' dir='ltr'><strong>revisas,</strong></span> <span class='ocrx_word' id='word_1_16' title='bbox 1480 597 1546 652; x_wconf 90' lang='lat' dir='ltr'><strong>ad</strong></span> <span class='ocrx_word' id='word_1_17' title='bbox 1577 613 1736 668; x_wconf 91' lang='lat' dir='ltr'><strong>quam</strong></span> <span class='ocrx_word' id='word_1_18' title='bbox 1764 608 1817 654; x_wconf 90' lang='lat' dir='ltr'><strong>te</strong></span> <span class='ocrx_word' id='word_1_19' title='bbox 1845 607 1900 653; x_wconf 92' lang='lat' dir='ltr'><strong>et</strong></span> <span class='ocrx_word' id='word_1_20' title='bbox 1927 611 2080 652; x_wconf 86' lang='lat' dir='ltr'><strong>amor</strong></span> 
     </span>
    </p>
   </div>
   <div class='ocr_carea' id='block_1_4' title="bbox 495 690 2082 761">
    <p class='ocr_par' dir='ltr' id='par_1_4' title="bbox 495 690 2082 761">
     <span class='ocr_line' id='line_1_4' title="bbox 495 690 2082 761; baseline -0.003 -13"><span class='ocrx_word' id='word_1_21' title='bbox 495 695 696 750; x_wconf 86' lang='lat' dir='ltr'><strong>civicus</strong></span> <span class='ocrx_word' id='word_1_22' title='bbox 731 701 941 760; x_wconf 88' lang='lat' dir='ltr'><strong>evocat,</strong></span> <span class='ocrx_word' id='word_1_23' title='bbox 982 701 1035 747; x_wconf 88' lang='lat' dir='ltr'><strong>et</strong></span> <span class='ocrx_word' id='word_1_24' title='bbox 1069 706 1195 746; x_wconf 89' lang='lat' dir='ltr'><strong>cura</strong></span> <span class='ocrx_word' id='word_1_25' title='bbox 1235 691 1521 761; x_wconf 71' lang='lat' dir='ltr'><strong>quaestoria</strong></span> <span class='ocrx_word' id='word_1_26' title='bbox 1553 707 1568 744; x_wconf 90' lang='lat'>:</span> <span class='ocrx_word' id='word_1_27' title='bbox 1602 690 1756 759; x_wconf 87' lang='lat' dir='ltr'><strong>cujus</strong></span> <span class='ocrx_word' id='word_1_28' title='bbox 1794 699 2082 760; x_wconf 77' lang='lat' dir='ltr'><strong>apparatus</strong></span> 
     </span>
    </p>
   </div>
   <div class='ocr_carea' id='block_1_5' title="bbox 496 780 2082 852">
    <p class='ocr_par' dir='ltr' id='par_1_5' title="bbox 496 780 2082 852">
     <span class='ocr_line' id='line_1_5' title="bbox 496 780 2082 852; baseline -0.004 -12"><span class='ocrx_word' id='word_1_29' title='bbox 496 785 704 840; x_wconf 86' lang='lat' dir='ltr'><strong>etiamsi</strong></span> <span class='ocrx_word' id='word_1_30' title='bbox 732 786 915 852; x_wconf 82' lang='lat' dir='ltr'><strong>capias</strong></span> <span class='ocrx_word' id='word_1_31' title='bbox 954 783 1134 837; x_wconf 87' lang='lat' dir='ltr'><strong>divitis</strong></span> <span class='ocrx_word' id='word_1_32' title='bbox 1164 782 1346 846; x_wconf 89' lang='lat' dir='ltr'><strong>habet,</strong></span> <span class='ocrx_word' id='word_1_33' title='bbox 1387 791 1565 836; x_wconf 82' lang='lat' dir='ltr'><strong>tamen</strong></span> <span class='ocrx_word' id='word_1_34' title='bbox 1595 781 1823 852; x_wconf 91' lang='lat' dir='ltr'><strong>requirit</strong></span> <span class='ocrx_word' id='word_1_35' title='bbox 1858 780 2082 851; x_wconf 84' lang='lat' dir='ltr'><strong>diligen-</strong></span> 
     </span>
    </p>
   </div>
   <div class='ocr_carea' id='block_1_6' title="bbox 497 876 1145 932">
    <p class='ocr_par' dir='ltr' id='par_1_6' title="bbox 497 876 1145 932">
     <span class='ocr_line' id='line_1_6' title="bbox 497 876 1145 932; baseline -0.002 -2"><span class='ocrx_word' id='word_1_36' title='bbox 497 879 622 932; x_wconf 89' lang='lat' dir='ltr'><strong>tiam</strong></span> <span class='ocrx_word' id='word_1_37' title='bbox 654 876 958 932; x_wconf 74' lang='lat' dir='ltr'><strong>Candidati.</strong></span> <span class='ocrx_word' id='word_1_38' title='bbox 996 876 1145 930; x_wconf 90' lang='lat' dir='ltr'><strong>Vale.</strong></span> 
     </span>
    </p>
   </div>
   <div class='ocr_carea' id='block_1_7' title="bbox 1106 964 1616 1022">
    <p class='ocr_par' dir='ltr' id='par_1_7' title="bbox 1106 964 1616 1022">
     <span class='ocr_line' id='line_1_7' title="bbox 1106 964 1616 1022; baseline 0 -2"><span class='ocrx_word' id='word_1_39' title='bbox 1106 965 1324 1022; x_wconf 86' lang='lat' dir='ltr'><strong>EPIST.</strong></span> <span class='ocrx_word' id='word_1_40' title='bbox 1358 964 1616 1022; x_wconf 87' lang='lat' dir='ltr'><strong>CXXVII.</strong></span> 
     </span>
    </p>
   </div>
   <div class='ocr_carea' id='block_1_8' title="bbox 1075 1071 1548 1113">
    <p class='ocr_par' dir='ltr' id='par_1_8' title="bbox 1075 1071 1548 1113">
     <span class='ocr_line' id='line_1_8' title="bbox 1075 1071 1548 1113; baseline -0.004 -1"><span class='ocrx_word' id='word_1_41' title='bbox 1075 1071 1470 1113; x_wconf 70' lang='lat' dir='ltr'><strong>SYIIACIIUS....</strong></span> <span class='ocrx_word' id='word_1_42' title='bbox 1485 1095 1548 1111; x_wconf 83' lang='lat'><strong>...</strong></span> 
     </span>
    </p>
   </div>
   <div class='ocr_carea' id='block_1_9' title="bbox 568 1167 2081 1240">
    <p class='ocr_par' dir='ltr' id='par_1_9' title="bbox 568 1167 2081 1240">
     <span class='ocr_line' id='line_1_9' title="bbox 568 1167 2081 1240; baseline -0.003 -14"><span class='ocrx_word' id='word_1_43' title='bbox 568 1172 819 1226; x_wconf 84' lang='lat' dir='ltr'><strong>Animum</strong></span> <span class='ocrx_word' id='word_1_44' title='bbox 865 1185 1023 1240; x_wconf 88' lang='lat' dir='ltr'><strong>quem</strong></span> <span class='ocrx_word' id='word_1_45' title='bbox 1057 1169 1212 1224; x_wconf 90' lang='lat' dir='ltr'><strong>nobis</strong></span> <span class='ocrx_word' id='word_1_46' title='bbox 1240 1169 1516 1238; x_wconf 87' lang='lat' dir='ltr'><strong>rependis,</strong></span> <span class='ocrx_word' id='word_1_47' title='bbox 1549 1167 1865 1238; x_wconf 82' lang='lat' dir='ltr'><strong>agnovimus</strong></span> <span class='ocrx_word' id='word_1_48' title='bbox 1891 1181 2081 1224; x_wconf 88' lang='lat' dir='ltr'><strong>recen-</strong></span> 
     </span>
    </p>
   </div>
   <div class='ocr_carea' id='block_1_10' title="bbox 497 1261 2082 1331">
    <p class='ocr_par' dir='ltr' id='par_1_10' title="bbox 497 1261 2082 1331">
     <span class='ocr_line' id='line_1_10' title="bbox 497 1261 2082 1331; baseline 0.001 -16"><span class='ocrx_word' id='word_1_49' title='bbox 497 1265 627 1318; x_wconf 89' lang='lat' dir='ltr'><strong>tium</strong></span> <span class='ocrx_word' id='word_1_50' title='bbox 673 1264 810 1319; x_wconf 89' lang='lat' dir='ltr'><strong>serie</strong></span> <span class='ocrx_word' id='word_1_51' title='bbox 856 1263 1188 1326; x_wconf 88' lang='lat' dir='ltr'><strong>litterarum;</strong></span> <span class='ocrx_word' id='word_1_52' title='bbox 1243 1261 1338 1316; x_wconf 90' lang='lat' dir='ltr'><strong>sed</strong></span> <span class='ocrx_word' id='word_1_53' title='bbox 1388 1263 1614 1317; x_wconf 84' lang='lat' dir='ltr'><strong>moleSIe</strong></span> <span class='ocrx_word' id='word_1_54' title='bbox 1663 1262 1880 1318; x_wconf 89' lang='lat' dir='ltr'><strong>ferimus</strong></span> <span class='ocrx_word' id='word_1_55' title='bbox 1925 1262 2082 1331; x_wconf 86' lang='lat' dir='ltr'><strong>hujus</strong></span> 
     </span>
    </p>
   </div>
   <div class='ocr_carea' id='block_1_11' title="bbox 497 1353 2080 1423">
    <p class='ocr_par' dir='ltr' id='par_1_11' title="bbox 497 1353 2080 1423">
     <span class='ocr_line' id='line_1_11' title="bbox 497 1353 2080 1423; baseline 0.001 -17"><span class='ocrx_word' id='word_1_56' title='bbox 497 1354 736 1408; x_wconf 84' lang='lat' dir='ltr'><strong>numeris</strong></span> <span class='ocrx_word' id='word_1_57' title='bbox 765 1354 1060 1408; x_wconf 83' lang='lat' dir='ltr'><strong>raritatem.</strong></span> <span class='ocrx_word' id='word_1_58' title='bbox 1091 1353 1158 1407; x_wconf 88' lang='lat' dir='ltr'><strong>Et</strong></span> <span class='ocrx_word' id='word_1_59' title='bbox 1187 1353 1308 1406; x_wconf 91' lang='lat' dir='ltr'><strong>ideo</strong></span> <span class='ocrx_word' id='word_1_60' title='bbox 1337 1353 1709 1418; x_wconf 91' lang='lat' dir='ltr'><strong>adhortamur,</strong></span> <span class='ocrx_word' id='word_1_61' title='bbox 1741 1361 1800 1408; x_wconf 83' lang='lat' dir='ltr'><strong>ut</strong></span> <span class='ocrx_word' id='word_1_62' title='bbox 1831 1355 2080 1423; x_wconf 86' lang='lat' dir='ltr'><strong>frequen-</strong></span> 
     </span>
    </p>
   </div>
   <div class='ocr_carea' id='block_1_12' title="bbox 497 1447 2083 1516">
    <p class='ocr_par' dir='ltr' id='par_1_12' title="bbox 497 1447 2083 1516">
     <span class='ocr_line' id='line_1_12' title="bbox 497 1447 2083 1516; baseline 0.004 -19"><span class='ocrx_word' id='word_1_63' title='bbox 497 1459 580 1501; x_wconf 88' lang='lat' dir='ltr'><strong>ter</strong></span> <span class='ocrx_word' id='word_1_64' title='bbox 603 1447 831 1516; x_wconf 77' lang='lat' dir='ltr'><strong>arripias</strong></span> <span class='ocrx_word' id='word_1_65' title='bbox 855 1448 1108 1502; x_wconf 88' lang='lat' dir='ltr'><strong>indicium</strong></span> <span class='ocrx_word' id='word_1_66' title='bbox 1140 1448 1416 1502; x_wconf 80' lang='lat' dir='ltr'><strong>familiaris</strong></span> <span class='ocrx_word' id='word_1_67' title='bbox 1438 1448 1622 1503; x_wconf 88' lang='lat' dir='ltr'><strong>officii.</strong></span> <span class='ocrx_word' id='word_1_68' title='bbox 1657 1449 1851 1504; x_wconf 84' lang='lat' dir='ltr'><strong>Petitio</strong></span> <span class='ocrx_word' id='word_1_69' title='bbox 1881 1460 1967 1504; x_wconf 90' lang='lat' dir='ltr'><strong>tua</strong></span> <span class='ocrx_word' id='word_1_70' title='bbox 1989 1465 2083 1505; x_wconf 91' lang='lat' dir='ltr'><strong>su-</strong></span> 
     </span>
    </p>
   </div>
   <div class='ocr_carea' id='block_1_13' title="bbox 499 1537 2082 1611">
    <p class='ocr_par' dir='ltr' id='par_1_13' title="bbox 499 1537 2082 1611">
     <span class='ocr_line' id='line_1_13' title="bbox 499 1537 2082 1611; baseline 0.002 -17"><span class='ocrx_word' id='word_1_71' title='bbox 499 1553 592 1606; x_wconf 88' lang='lat' dir='ltr'><strong>per</strong></span> <span class='ocrx_word' id='word_1_72' title='bbox 624 1539 938 1594; x_wconf 68' lang='lat' dir='ltr'><strong>haereditate</strong></span> <span class='ocrx_word' id='word_1_73' title='bbox 983 1537 1044 1593; x_wconf 88' lang='lat' dir='ltr'><strong>C.</strong></span> <span class='ocrx_word' id='word_1_74' title='bbox 1087 1539 1161 1593; x_wconf 88' lang='lat' dir='ltr'><strong>M.</strong></span> <span class='ocrx_word' id='word_1_75' title='bbox 1191 1540 1256 1594; x_wconf 92' lang='lat' dir='ltr'><strong>V.</strong></span> <span class='ocrx_word' id='word_1_76' title='bbox 1299 1539 1460 1607; x_wconf 53' lang='lat' dir='ltr'><strong>(Erii,</strong></span> <span class='ocrx_word' id='word_1_77' title='bbox 1501 1555 1675 1609; x_wconf 86' lang='lat' dir='ltr'><strong>neque</strong></span> <span class='ocrx_word' id='word_1_78' title='bbox 1715 1540 1867 1606; x_wconf 90' lang='lat' dir='ltr'><strong>mihi,</strong></span> <span class='ocrx_word' id='word_1_79' title='bbox 1907 1555 2082 1611; x_wconf 89' lang='lat' dir='ltr'><strong>neque</strong></span> 
     </span>
    </p>
   </div>
   <div class='ocr_carea' id='block_1_14' title="bbox 497 1633 2081 1706">
    <p class='ocr_par' dir='ltr' id='par_1_14' title="bbox 497 1633 2081 1706">
     <span class='ocr_line' id='line_1_14' title="bbox 497 1633 2081 1706; baseline 0.004 -21"><span class='ocrx_word' id='word_1_80' title='bbox 497 1633 637 1698; x_wconf 90' lang='lat' dir='ltr'><strong>aliis,</strong></span> <span class='ocrx_word' id='word_1_81' title='bbox 663 1634 751 1703; x_wconf 90' lang='lat' dir='ltr'><strong>qui</strong></span> <span class='ocrx_word' id='word_1_82' title='bbox 778 1634 854 1688; x_wconf 92' lang='lat' dir='ltr'><strong>tui</strong></span> <span class='ocrx_word' id='word_1_83' title='bbox 881 1648 1065 1688; x_wconf 89' lang='lat' dir='ltr'><strong>curam</strong></span> <span class='ocrx_word' id='word_1_84' title='bbox 1093 1645 1286 1706; x_wconf 87' lang='lat' dir='ltr'><strong>gerunt</strong></span> <span class='ocrx_word' id='word_1_85' title='bbox 1307 1637 1418 1690; x_wconf 85' lang='lat' dir='ltr'><strong>visa</strong></span> <span class='ocrx_word' id='word_1_86' title='bbox 1449 1637 1758 1705; x_wconf 76' lang='lat' dir='ltr'><strong>probabilis.</strong></span> <span class='ocrx_word' id='word_1_87' title='bbox 1802 1638 1931 1692; x_wconf 88' lang='lat' dir='ltr'><strong>Nam</strong></span> <span class='ocrx_word' id='word_1_88' title='bbox 1959 1652 2081 1706; x_wconf 80' lang='lat' dir='ltr'><strong>quae</strong></span> 
     </span>
    </p>
   </div>
   <div class='ocr_carea' id='block_1_15' title="bbox 497 1725 2081 1799">
    <p class='ocr_par' dir='ltr' id='par_1_15' title="bbox 497 1725 2081 1799">
     <span class='ocr_line' id='line_1_15' title="bbox 497 1725 2081 1799; baseline 0.004 -21"><span class='ocrx_word' id='word_1_89' title='bbox 497 1725 614 1793; x_wconf 84' lang='lat' dir='ltr'><strong>jure</strong></span> <span class='ocrx_word' id='word_1_90' title='bbox 657 1741 720 1780; x_wconf 90' lang='lat' dir='ltr'><strong>ac</strong></span> <span class='ocrx_word' id='word_1_91' title='bbox 762 1727 968 1796; x_wconf 80' lang='lat' dir='ltr'><strong>legibus</strong></span> <span class='ocrx_word' id='word_1_92' title='bbox 1007 1735 1134 1781; x_wconf 90' lang='lat' dir='ltr'><strong>sunt</strong></span> <span class='ocrx_word' id='word_1_93' title='bbox 1177 1727 1387 1791; x_wconf 90' lang='lat' dir='ltr'><strong>relicta,</strong></span> <span class='ocrx_word' id='word_1_94' title='bbox 1435 1729 1658 1784; x_wconf 90' lang='lat' dir='ltr'><strong>alienari</strong></span> <span class='ocrx_word' id='word_1_95' title='bbox 1706 1731 2081 1799; x_wconf 88' lang='lat' dir='ltr'><strong>impetratione</strong></span> 
     </span>
    </p>
   </div>
   <div class='ocr_carea' id='block_1_16' title="bbox 1652 301 2574 372">
    <p class='ocr_par' dir='ltr' id='par_1_16' title="bbox 1652 301 2574 372">
     <span class='ocr_line' id='line_1_16' title="bbox 1652 301 2574 372; baseline 0 -14"><span class='ocrx_word' id='word_1_96' title='bbox 1652 304 1715 372; x_wconf 84' lang='lat' dir='ltr'><strong>Q.</strong></span> <span class='ocrx_word' id='word_1_97' title='bbox 1757 301 2100 360; x_wconf 75' lang='lat' dir='ltr'><strong>AUREIJUS</strong></span> <span class='ocrx_word' id='word_1_98' title='bbox 2140 301 2574 358; x_wconf 67' lang='lat' dir='ltr'><strong>SYMIIACIIUS.</strong></span> 
     </span>
    </p>
   </div>
   <div class='ocr_carea' id='block_1_17' title="bbox 495 415 2161 489">
    <p class='ocr_par' dir='ltr' id='par_1_17' title="bbox 495 415 2161 489">
     <span class='ocr_line' id='line_1_17' title="bbox 495 415 2161 489; baseline 0 -15"><span class='ocrx_word' id='word_1_99' title='bbox 495 421 626 474; x_wconf 81' lang='lat' dir='ltr'><strong>Nam</strong></span> <span class='ocrx_word' id='word_1_100' title='bbox 653 418 780 489; x_wconf 91' lang='lat' dir='ltr'><strong>quid</strong></span> <span class='ocrx_word' id='word_1_101' title='bbox 810 417 911 474; x_wconf 90' lang='lat' dir='ltr'><strong>sibi</strong></span> <span class='ocrx_word' id='word_1_102' title='bbox 943 417 1054 473; x_wconf 86' lang='lat' dir='ltr'><strong>vult</strong></span> <span class='ocrx_word' id='word_1_103' title='bbox 1083 418 1249 472; x_wconf 86' lang='lat' dir='ltr'><strong>mutui</strong></span> <span class='ocrx_word' id='word_1_104' title='bbox 1281 416 1456 472; x_wconf 77' lang='lat' dir='ltr'><strong>solatii</strong></span> <span class='ocrx_word' id='word_1_105' title='bbox 1486 416 1763 486; x_wconf 89' lang='lat' dir='ltr'><strong>flagitatio,</strong></span> <span class='ocrx_word' id='word_1_106' title='bbox 1804 417 1848 470; x_wconf 90' lang='lat' dir='ltr'><strong>si</strong></span> <span class='ocrx_word' id='word_1_107' title='bbox 1881 416 2085 471; x_wconf 80' lang='lat' dir='ltr'><strong>redi&#39;us</strong></span> <span class='ocrx_word' id='word_1_108' title='bbox 2111 415 2161 474; x_wconf 79' lang='grc' dir='ltr'><strong>Δ</strong></span> 
     </span>
    </p>
   </div>
   <div class='ocr_carea' id='block_1_18' title="bbox 3663 303 3766 356">
    <p class='ocr_par' dir='ltr' id='par_1_18' title="bbox 3663 303 3766 356">
     <span class='ocr_line' id='line_1_18' title="bbox 3663 303 3766 356; baseline 0 -1"><span class='ocrx_word' id='word_1_109' title='bbox 3663 303 3766 356; x_wconf 57' lang='grc'><strong>536</strong></span> 
     </span>
    </p>
   </div>
   <div class='ocr_carea' id='block_1_19' title="bbox 2747 415 3218 473">
    <p class='ocr_par' dir='ltr' id='par_1_19' title="bbox 2747 415 3218 473">
     <span class='ocr_line' id='line_1_19' title="bbox 2747 415 3218 473; baseline 0.002 -3"><span class='ocrx_word' id='word_1_110' title='bbox 2747 415 2964 473; x_wconf 82' lang='lat' dir='ltr'><strong>EPIST.</strong></span> <span class='ocrx_word' id='word_1_111' title='bbox 3004 415 3218 472; x_wconf 88' lang='lat' dir='ltr'><strong>CXXX.</strong></span> 
     </span>
    </p>
   </div>
   <div class='ocr_carea' id='block_1_20' title="bbox 2757 521 3186 564">
    <p class='ocr_par' dir='ltr' id='par_1_20' title="bbox 2757 521 3186 564">
     <span class='ocr_line' id='line_1_20' title="bbox 2757 521 3186 564; baseline -0.002 -1"><span class='ocrx_word' id='word_1_112' title='bbox 2757 521 3186 564; x_wconf 59' lang='lat' dir='ltr'><strong>SYHMACIIUS...&quot;</strong></span> 
     </span>
    </p>
   </div>
   <div class='ocr_carea' id='block_1_21' title="bbox 2255 598 3771 669">
    <p class='ocr_par' dir='ltr' id='par_1_21' title="bbox 2255 598 3771 669">
     <span class='ocr_line' id='line_1_21' title="bbox 2255 598 3771 669; baseline -0.003 -11"><span class='ocrx_word' id='word_1_113' title='bbox 2255 605 2509 658; x_wconf 81' lang='lat' dir='ltr'><strong>Idoneum</strong></span> <span class='ocrx_word' id='word_1_114' title='bbox 2539 608 2748 669; x_wconf 89' lang='lat' dir='ltr'><strong>tempus</strong></span> <span class='ocrx_word' id='word_1_115' title='bbox 2775 609 2859 656; x_wconf 90' lang='lat' dir='ltr'><strong>est</strong></span> <span class='ocrx_word' id='word_1_116' title='bbox 2887 615 2992 667; x_wconf 87' lang='lat' dir='ltr'><strong>quo</strong></span> <span class='ocrx_word' id='word_1_117' title='bbox 3034 599 3322 667; x_wconf 86' lang='lat' dir='ltr'><strong>probemus</strong></span> <span class='ocrx_word' id='word_1_118' title='bbox 3364 598 3491 668; x_wconf 90' lang='lat' dir='ltr'><strong>quid</strong></span> <span class='ocrx_word' id='word_1_119' title='bbox 3521 599 3771 654; x_wconf 54' lang='lat' dir='ltr'><strong>anticipat</strong></span> 
     </span>
    </p>
   </div>
   <div class='ocr_carea' id='block_1_22' title="bbox 2185 689 3772 762">
    <p class='ocr_par' dir='ltr' id='par_1_22' title="bbox 2185 689 3772 762">
     <span class='ocr_line' id='line_1_22' title="bbox 2185 689 3772 762; baseline -0.003 -13"><span class='ocrx_word' id='word_1_120' title='bbox 2185 705 2384 750; x_wconf 55' lang='lat' dir='ltr'><strong>nostra</strong></span> <span class='ocrx_word' id='word_1_121' title='bbox 2414 691 2689 762; x_wconf 86' lang='lat' dir='ltr'><strong>religionis</strong></span> <span class='ocrx_word' id='word_1_122' title='bbox 2717 690 2992 746; x_wconf 80' lang='lat' dir='ltr'><strong>exhibeas.</strong></span> <span class='ocrx_word' id='word_1_123' title='bbox 3045 689 3262 744; x_wconf 85' lang='lat' dir='ltr'><strong>Delatus</strong></span> <span class='ocrx_word' id='word_1_124' title='bbox 3303 698 3388 744; x_wconf 67' lang='lat' dir='ltr'><strong>est</strong></span> <span class='ocrx_word' id='word_1_125' title='bbox 3417 689 3559 744; x_wconf 90' lang='lat' dir='ltr'><strong>enim</strong></span> <span class='ocrx_word' id='word_1_126' title='bbox 3590 704 3619 742; x_wconf 91' lang='lat' dir='ltr'><strong>a</strong></span> <span class='ocrx_word' id='word_1_127' title='bbox 3659 689 3772 744; x_wconf 78' lang='lat' dir='ltr'><strong>cle-</strong></span> 
     </span>
    </p>
   </div>
   <div class='ocr_carea' id='block_1_23' title="bbox 2185 781 3773 852">
    <p class='ocr_par' dir='ltr' id='par_1_23' title="bbox 2185 781 3773 852">
     <span class='ocr_line' id='line_1_23' title="bbox 2185 781 3773 852; baseline -0.004 -12"><span class='ocrx_word' id='word_1_128' title='bbox 2185 783 2538 840; x_wconf 89' lang='lat' dir='ltr'><strong>mentissimis</strong></span> <span class='ocrx_word' id='word_1_129' title='bbox 2582 782 2913 852; x_wconf 88' lang='lat' dir='ltr'><strong>principibus</strong></span> <span class='ocrx_word' id='word_1_130' title='bbox 2959 781 3264 835; x_wconf 89' lang='lat' dir='ltr'><strong>ordinarius</strong></span> <span class='ocrx_word' id='word_1_131' title='bbox 3316 781 3651 836; x_wconf 82' lang='lat' dir='ltr'><strong>consulatus.</strong></span> <span class='ocrx_word' id='word_1_132' title='bbox 3708 781 3773 834; x_wconf 83' lang='lat' dir='ltr'><strong>Et</strong></span> 
     </span>
    </p>
   </div>
   <div class='ocr_carea' id='block_1_24' title="bbox 2185 871 3768 944">
    <p class='ocr_par' dir='ltr' id='par_1_24' title="bbox 2185 871 3768 944">
     <span class='ocr_line' id='line_1_24' title="bbox 2185 871 3768 944; baseline -0.007 -11"><span class='ocrx_word' id='word_1_133' title='bbox 2185 879 2307 933; x_wconf 82' lang='lat' dir='ltr'><strong>ideo</strong></span> <span class='ocrx_word' id='word_1_134' title='bbox 2348 892 2531 932; x_wconf 91' lang='lat' dir='ltr'><strong>curam</strong></span> <span class='ocrx_word' id='word_1_135' title='bbox 2564 885 2705 930; x_wconf 89' lang='lat' dir='ltr'><strong>tuam</strong></span> <span class='ocrx_word' id='word_1_136' title='bbox 2747 873 2985 944; x_wconf 82' lang='lat' dir='ltr'><strong>efflagito</strong></span> <span class='ocrx_word' id='word_1_137' title='bbox 3028 873 3080 927; x_wconf 91' lang='lat' dir='ltr'><strong>itt</strong></span> <span class='ocrx_word' id='word_1_138' title='bbox 3127 872 3467 942; x_wconf 86' lang='lat' dir='ltr'><strong>providendis</strong></span> <span class='ocrx_word' id='word_1_139' title='bbox 3497 871 3768 934; x_wconf 89' lang='lat' dir='ltr'><strong>omnibus,</strong></span> 
     </span>
    </p>
   </div>
   <div class='ocr_carea' id='block_1_25' title="bbox 2185 964 3772 1039">
    <p class='ocr_par' dir='ltr' id='par_1_25' title="bbox 2185 964 3772 1039">
     <span class='ocr_line' id='line_1_25' title="bbox 2185 964 3772 1039; baseline -0.002 -18"><span class='ocrx_word' id='word_1_140' title='bbox 2185 986 2303 1039; x_wconf 71' lang='lat' dir='ltr'><strong>qua:</strong></span> <span class='ocrx_word' id='word_1_141' title='bbox 2334 973 2506 1037; x_wconf 80' lang='lat' dir='ltr'><strong>poscit</strong></span> <span class='ocrx_word' id='word_1_142' title='bbox 2547 967 2732 1023; x_wconf 86' lang='lat' dir='ltr'><strong>editio.</strong></span> <span class='ocrx_word' id='word_1_143' title='bbox 2790 967 3045 1021; x_wconf 88' lang='lat' dir='ltr'><strong>llomines</strong></span> <span class='ocrx_word' id='word_1_144' title='bbox 3091 965 3195 1020; x_wconf 91' lang='lat' dir='ltr'><strong>mei</strong></span> <span class='ocrx_word' id='word_1_145' title='bbox 3251 965 3552 1034; x_wconf 89' lang='lat' dir='ltr'><strong>specierum</strong></span> <span class='ocrx_word' id='word_1_146' title='bbox 3603 964 3772 1032; x_wconf 87' lang='lat' dir='ltr'><strong>pretia</strong></span> 
     </span>
    </p>
   </div>
   <div class='ocr_carea' id='block_1_26' title="bbox 2187 1062 3773 1126">
    <p class='ocr_par' dir='ltr' id='par_1_26' title="bbox 2187 1062 3773 1126">
     <span class='ocr_line' id='line_1_26' title="bbox 2187 1062 3773 1126; baseline -0.003 -7"><span class='ocrx_word' id='word_1_147' title='bbox 2187 1065 2588 1120; x_wconf 89' lang='lat' dir='ltr'><strong>ministrabunt.</strong></span> <span class='ocrx_word' id='word_1_148' title='bbox 2621 1062 2676 1116; x_wconf 89' lang='lat' dir='ltr'><strong>In</strong></span> <span class='ocrx_word' id='word_1_149' title='bbox 2723 1063 2822 1116; x_wconf 91' lang='lat' dir='ltr'><strong>hoc</strong></span> <span class='ocrx_word' id='word_1_150' title='bbox 2853 1071 3056 1116; x_wconf 89' lang='lat' dir='ltr'><strong>tantum</strong></span> <span class='ocrx_word' id='word_1_151' title='bbox 3088 1062 3322 1116; x_wconf 89' lang='lat' dir='ltr'><strong>studium</strong></span> <span class='ocrx_word' id='word_1_152' title='bbox 3351 1071 3522 1126; x_wconf 91' lang='lat' dir='ltr'><strong>tuum,</strong></span> <span class='ocrx_word' id='word_1_153' title='bbox 3553 1075 3773 1115; x_wconf 82' lang='lat' dir='ltr'><strong>curam-</strong></span> 
     </span>
    </p>
   </div>
   <div class='ocr_carea' id='block_1_27' title="bbox 2184 1151 3773 1224">
    <p class='ocr_par' dir='ltr' id='par_1_27' title="bbox 2184 1151 3773 1224">
     <span class='ocr_line' id='line_1_27' title="bbox 2184 1151 3773 1224; baseline -0.003 -13"><span class='ocrx_word' id='word_1_154' title='bbox 2184 1172 2290 1224; x_wconf 88' lang='lat' dir='ltr'><strong>que</strong></span> <span class='ocrx_word' id='word_1_155' title='bbox 2327 1155 2596 1219; x_wconf 89' lang='lat' dir='ltr'><strong>desidero,</strong></span> <span class='ocrx_word' id='word_1_156' title='bbox 2634 1165 2878 1224; x_wconf 85' lang='lat' dir='ltr'><strong>utquam</strong></span> <span class='ocrx_word' id='word_1_157' title='bbox 2911 1153 3142 1222; x_wconf 90' lang='lat' dir='ltr'><strong>primum</strong></span> <span class='ocrx_word' id='word_1_158' title='bbox 3189 1152 3424 1222; x_wconf 76' lang='lat' dir='ltr'><strong>przevehi</strong></span> <span class='ocrx_word' id='word_1_159' title='bbox 3449 1151 3612 1222; x_wconf 90' lang='lat' dir='ltr'><strong>justis</strong></span> <span class='ocrx_word' id='word_1_160' title='bbox 3651 1166 3773 1222; x_wconf 85' lang='lat' dir='ltr'><strong>prc-</strong></span> 
     </span>
    </p>
   </div>
   <div class='ocr_carea' id='block_1_28' title="bbox 2187 1246 3120 1319">
    <p class='ocr_par' dir='ltr' id='par_1_28' title="bbox 2187 1246 3120 1319">
     <span class='ocr_line' id='line_1_28' title="bbox 2187 1246 3120 1319; baseline -0.004 -15"><span class='ocrx_word' id='word_1_161' title='bbox 2187 1251 2275 1304; x_wconf 89' lang='lat' dir='ltr'><strong>tiis</strong></span> <span class='ocrx_word' id='word_1_162' title='bbox 2303 1259 2609 1319; x_wconf 90' lang='lat' dir='ltr'><strong>comparata</strong></span> <span class='ocrx_word' id='word_1_163' title='bbox 2627 1247 2938 1318; x_wconf 55' lang='lat' dir='ltr'><strong>praecipias.</strong></span> <span class='ocrx_word' id='word_1_164' title='bbox 2971 1246 3120 1301; x_wconf 91' lang='lat' dir='ltr'><strong>Vale.</strong></span> 
     </span>
    </p>
   </div>
   <div class='ocr_carea' id='block_1_29' title="bbox 2739 1337 3234 1394">
    <p class='ocr_par' dir='ltr' id='par_1_29' title="bbox 2739 1337 3234 1394">
     <span class='ocr_line' id='line_1_29' title="bbox 2739 1337 3234 1394; baseline -0.006 0"><span class='ocrx_word' id='word_1_165' title='bbox 2739 1339 2954 1394; x_wconf 79' lang='lat' dir='ltr'><strong>EPIST.</strong></span> <span class='ocrx_word' id='word_1_166' title='bbox 2996 1337 3234 1393; x_wconf 87' lang='lat' dir='ltr'><strong>CXXXI.</strong></span> 
     </span>
    </p>
   </div>
   <div class='ocr_carea' id='block_1_30' title="bbox 2776 1445 3202 1488">
    <p class='ocr_par' dir='ltr' id='par_1_30' title="bbox 2776 1445 3202 1488">
     <span class='ocr_line' id='line_1_30' title="bbox 2776 1445 3202 1488; baseline 0.007 -3"><span class='ocrx_word' id='word_1_167' title='bbox 2776 1445 3202 1488; x_wconf 64' lang='lat' dir='ltr'><strong>SVIIIIACHUS...»</strong></span> 
     </span>
    </p>
   </div>
   <div class='ocr_carea' id='block_1_31' title="bbox 2257 1521 3771 1594">
    <p class='ocr_par' dir='ltr' id='par_1_31' title="bbox 2257 1521 3771 1594">
     <span class='ocr_line' id='line_1_31' title="bbox 2257 1521 3771 1594; baseline 0.001 -17"><span class='ocrx_word' id='word_1_168' title='bbox 2257 1524 2413 1593; x_wconf 86' lang='lat' dir='ltr'><strong>Apud</strong></span> <span class='ocrx_word' id='word_1_169' title='bbox 2442 1538 2538 1578; x_wconf 88' lang='lat' dir='ltr'><strong>cos</strong></span> <span class='ocrx_word' id='word_1_170' title='bbox 2558 1524 2750 1594; x_wconf 88' lang='lat' dir='ltr'><strong>quibus</strong></span> <span class='ocrx_word' id='word_1_171' title='bbox 2779 1538 2923 1577; x_wconf 68' lang='lat' dir='ltr'><strong>cura:</strong></span> <span class='ocrx_word' id='word_1_172' title='bbox 2951 1523 3109 1576; x_wconf 89' lang='lat' dir='ltr'><strong>debet</strong></span> <span class='ocrx_word' id='word_1_173' title='bbox 3130 1537 3250 1577; x_wconf 89' lang='lat' dir='ltr'><strong>esse</strong></span> <span class='ocrx_word' id='word_1_174' title='bbox 3281 1521 3418 1576; x_wconf 86' lang='lat' dir='ltr'><strong>fama</strong></span> <span class='ocrx_word' id='word_1_175' title='bbox 3448 1533 3771 1594; x_wconf 84' lang='lat' dir='ltr'><strong>temporum,</strong></span> 
     </span>
    </p>
   </div>
   <div class='ocr_carea' id='block_1_32' title="bbox 2179 1613 3773 1684">
    <p class='ocr_par' dir='ltr' id='par_1_32' title="bbox 2179 1613 3773 1684">
     <span class='ocr_line' id='line_1_32' title="bbox 2179 1613 3773 1684; baseline 0.002 -18"><span class='ocrx_word' id='word_1_176' title='bbox 2179 1614 2320 1684; x_wconf 87' lang='lat' dir='ltr'><strong>justa</strong></span> <span class='ocrx_word' id='word_1_177' title='bbox 2353 1630 2457 1669; x_wconf 90' lang='lat' dir='ltr'><strong>non</strong></span> <span class='ocrx_word' id='word_1_178' title='bbox 2507 1614 2660 1682; x_wconf 86' lang='lat' dir='ltr'><strong>sileo,</strong></span> <span class='ocrx_word' id='word_1_179' title='bbox 2704 1623 2884 1669; x_wconf 89' lang='lat' dir='ltr'><strong>certus</strong></span> <span class='ocrx_word' id='word_1_180' title='bbox 2931 1623 3091 1682; x_wconf 87' lang='lat' dir='ltr'><strong>atque</strong></span> <span class='ocrx_word' id='word_1_181' title='bbox 3140 1628 3383 1676; x_wconf 86' lang='lat' dir='ltr'><strong>securus,</strong></span> <span class='ocrx_word' id='word_1_182' title='bbox 3434 1613 3633 1669; x_wconf 88' lang='lat' dir='ltr'><strong>nullius</strong></span> <span class='ocrx_word' id='word_1_183' title='bbox 3662 1625 3773 1669; x_wconf 80' lang='lat' dir='ltr'><strong>stu-</strong></span> 
     </span>
    </p>
   </div>
   <div class='ocr_carea' id='block_1_33' title="bbox 2185 1705 3770 1775">
    <p class='ocr_par' dir='ltr' id='par_1_33' title="bbox 2185 1705 3770 1775">
     <span class='ocr_line' id='line_1_33' title="bbox 2185 1705 3770 1775; baseline 0.001 -15"><span class='ocrx_word' id='word_1_184' title='bbox 2185 1709 2329 1762; x_wconf 84' lang='lat' dir='ltr'><strong>tlium</strong></span> <span class='ocrx_word' id='word_1_185' title='bbox 2369 1708 2571 1772; x_wconf 78' lang='lat' dir='ltr'><strong>legibus</strong></span> <span class='ocrx_word' id='word_1_186' title='bbox 2597 1707 2927 1762; x_wconf 91' lang='lat' dir='ltr'><strong>obfuturum.</strong></span> <span class='ocrx_word' id='word_1_187' title='bbox 2974 1705 3054 1759; x_wconf 89' lang='lat' dir='ltr'><strong>Ob</strong></span> <span class='ocrx_word' id='word_1_188' title='bbox 3105 1706 3308 1774; x_wconf 89' lang='lat' dir='ltr'><strong>reliqua</strong></span> <span class='ocrx_word' id='word_1_189' title='bbox 3358 1720 3498 1761; x_wconf 73' lang='lat' dir='ltr'><strong>arca:</strong></span> <span class='ocrx_word' id='word_1_190' title='bbox 3531 1707 3770 1775; x_wconf 63' lang='lat' dir='ltr'><strong>vinariae,</strong></span> 
     </span>
    </p>
   </div>
   <div class='ocr_carea' id='block_1_34' title="bbox 498 1785 3774 1887">
    <p class='ocr_par' dir='ltr' id='par_1_34' title="bbox 498 1785 3774 1887">
     <span class='ocr_line' id='line_1_34' title="bbox 498 1785 3774 1887; baseline -0.007 -16"><span class='ocrx_word' id='word_1_191' title='bbox 498 1785 603 1871; x_wconf 78' lang='lat' dir='ltr'><strong>non</strong></span> <span class='ocrx_word' id='word_1_192' title='bbox 635 1785 879 1887; x_wconf 64' lang='lat' dir='ltr'><strong>possunt.</strong></span> <span class='ocrx_word' id='word_1_193' title='bbox 910 1817 1061 1884; x_wconf 82' lang='lat' dir='ltr'><strong>Quod</strong></span> <span class='ocrx_word' id='word_1_194' title='bbox 1095 1819 1166 1873; x_wconf 90' lang='lat' dir='ltr'><strong>ita</strong></span> <span class='ocrx_word' id='word_1_195' title='bbox 1197 1833 1316 1874; x_wconf 89' lang='lat' dir='ltr'><strong>esse</strong></span> <span class='ocrx_word' id='word_1_196' title='bbox 1347 1819 1755 1874; x_wconf 88' lang='lat' dir='ltr'><strong>Valentinianus</strong></span> <span class='ocrx_word' id='word_1_197' title='bbox 1783 1785 2083 1876; x_wconf 73' lang='lat' dir='ltr'><strong>communis</strong></span> <span class='ocrx_word' id='word_1_198' title='bbox 2113 1785 2158 1844; x_wconf 76' lang='grc' dir='ltr'><strong>Β</strong></span> <span class='ocrx_word' id='word_1_199' title='bbox 2185 1815 2305 1869; x_wconf 50' lang='lat' dir='ltr'><strong>qua</strong></span> <span class='ocrx_word' id='word_1_200' title='bbox 2335 1800 2518 1853; x_wconf 72' lang='grc' dir='ltr'><strong>ῐηυιιῖε</strong></span> <span class='ocrx_word' id='word_1_201' title='bbox 2549 1798 2813 1866; x_wconf 66' lang='grc' dir='ltr'><strong>Ρνωίεειὶε</strong></span> <span class='ocrx_word' id='word_1_202' title='bbox 2843 1799 3149 1867; x_wconf 86' lang='lat' dir='ltr'><strong>superiores</strong></span> <span class='ocrx_word' id='word_1_203' title='bbox 3201 1797 3470 1866; x_wconf 80' lang='lat' dir='ltr'><strong>principes</strong></span> <span class='ocrx_word' id='word_1_204' title='bbox 3513 1797 3774 1887; x_wconf 80' lang='lat' dir='ltr'><strong>exigenda</strong></span> 
     </span>
    </p>
   </div>
   <div class='ocr_carea' id='block_1_35' title="bbox 498 1911 2086 1984">
    <p class='ocr_par' dir='ltr' id='par_1_35' title="bbox 498 1911 2086 1984">
     <span class='ocr_line' id='line_1_35' title="bbox 498 1911 2086 1984; baseline 0.003 -23"><span class='ocrx_word' id='word_1_205' title='bbox 498 1911 702 1964; x_wconf 90' lang='lat' dir='ltr'><strong>amicus</strong></span> <span class='ocrx_word' id='word_1_206' title='bbox 739 1921 1000 1984; x_wconf 81' lang='lat' dir='ltr'><strong>expertus</strong></span> <span class='ocrx_word' id='word_1_207' title='bbox 1041 1919 1144 1977; x_wconf 89' lang='lat' dir='ltr'><strong>est,</strong></span> <span class='ocrx_word' id='word_1_208' title='bbox 1185 1911 1277 1980; x_wconf 92' lang='lat' dir='ltr'><strong>qui</strong></span> <span class='ocrx_word' id='word_1_209' title='bbox 1317 1927 1645 1981; x_wconf 85' lang='lat' dir='ltr'><strong>magnopere</strong></span> <span class='ocrx_word' id='word_1_210' title='bbox 1691 1911 1974 1979; x_wconf 82' lang='lat' dir='ltr'><strong>laboravit,</strong></span> <span class='ocrx_word' id='word_1_211' title='bbox 2026 1920 2086 1966; x_wconf 90' lang='lat' dir='ltr'><strong>ut</strong></span> 
     </span>
    </p>
   </div>
   <div class='ocr_carea' id='block_1_36' title="bbox 497 2002 2086 2073">
    <p class='ocr_par' dir='ltr' id='par_1_36' title="bbox 497 2002 2086 2073">
     <span class='ocr_line' id='line_1_36' title="bbox 497 2002 2086 2073; baseline 0.004 -20"><span class='ocrx_word' id='word_1_212' title='bbox 497 2002 718 2070; x_wconf 85' lang='lat' dir='ltr'><strong>aliquid,</strong></span> <span class='ocrx_word' id='word_1_213' title='bbox 748 2002 793 2056; x_wconf 90' lang='lat' dir='ltr'><strong>si</strong></span> <span class='ocrx_word' id='word_1_214' title='bbox 820 2003 935 2057; x_wconf 89' lang='lat' dir='ltr'><strong>fieri</strong></span> <span class='ocrx_word' id='word_1_215' title='bbox 961 2011 1166 2070; x_wconf 88' lang='lat' dir='ltr'><strong>posset,</strong></span> <span class='ocrx_word' id='word_1_216' title='bbox 1190 2013 1484 2058; x_wconf 82' lang='lat' dir='ltr'><strong>excuteret.</strong></span> <span class='ocrx_word' id='word_1_217' title='bbox 1502 2004 1608 2058; x_wconf 90' lang='lat' dir='ltr'><strong>Sed</strong></span> <span class='ocrx_word' id='word_1_218' title='bbox 1633 2019 1754 2058; x_wconf 89' lang='lat' dir='ltr'><strong>eum</strong></span> <span class='ocrx_word' id='word_1_219' title='bbox 1782 2003 2086 2073; x_wconf 82' lang='lat' dir='ltr'><strong>refragante</strong></span> 
     </span>
    </p>
   </div>
   <div class='ocr_carea' id='block_1_37' title="bbox 497 2092 2085 2166">
    <p class='ocr_par' dir='ltr' id='par_1_37' title="bbox 497 2092 2085 2166">
     <span class='ocr_line' id='line_1_37' title="bbox 497 2092 2085 2166; baseline 0.003 -20"><span class='ocrx_word' id='word_1_220' title='bbox 497 2092 698 2162; x_wconf 72' lang='lat' dir='ltr'><strong>iustitia</strong></span> <span class='ocrx_word' id='word_1_221' title='bbox 727 2093 967 2148; x_wconf 88' lang='lat' dir='ltr'><strong>deseruit</strong></span> <span class='ocrx_word' id='word_1_222' title='bbox 991 2093 1190 2148; x_wconf 90' lang='lat' dir='ltr'><strong>laboris</strong></span> <span class='ocrx_word' id='word_1_223' title='bbox 1211 2095 1454 2150; x_wconf 74' lang='lat' dir='ltr'><strong>effectus.</strong></span> <span class='ocrx_word' id='word_1_224' title='bbox 1472 2095 1707 2152; x_wconf 78' lang='lat' dir='ltr'><strong>Proinde</strong></span> <span class='ocrx_word' id='word_1_225' title='bbox 1729 2097 1773 2151; x_wconf 93' lang='lat' dir='ltr'><strong>si</strong></span> <span class='ocrx_word' id='word_1_226' title='bbox 1804 2096 1931 2166; x_wconf 91' lang='lat' dir='ltr'><strong>quid</strong></span> <span class='ocrx_word' id='word_1_227' title='bbox 1957 2097 2085 2150; x_wconf 89' lang='lat' dir='ltr'><strong>utihi</strong></span> 
     </span>
    </p>
   </div>
   <div class='ocr_carea' id='block_1_38' title="bbox 498 2185 2083 2255">
    <p class='ocr_par' dir='ltr' id='par_1_38' title="bbox 498 2185 2083 2255">
     <span class='ocr_line' id='line_1_38' title="bbox 498 2185 2083 2255; baseline 0.003 -18"><span class='ocrx_word' id='word_1_228' title='bbox 498 2185 698 2248; x_wconf 69' lang='lat' dir='ltr'><strong>cretis,</strong></span> <span class='ocrx_word' id='word_1_229' title='bbox 731 2199 949 2238; x_wconf 88' lang='lat' dir='ltr'><strong>remove</strong></span> <span class='ocrx_word' id='word_1_230' title='bbox 979 2198 1010 2237; x_wconf 90' lang='lat' dir='ltr'><strong>a</strong></span> <span class='ocrx_word' id='word_1_231' title='bbox 1041 2194 1092 2239; x_wconf 90' lang='lat' dir='ltr'><strong>te</strong></span> <span class='ocrx_word' id='word_1_232' title='bbox 1129 2185 1402 2254; x_wconf 88' lang='lat' dir='ltr'><strong>petitionis</strong></span> <span class='ocrx_word' id='word_1_233' title='bbox 1428 2185 1706 2250; x_wconf 88' lang='lat' dir='ltr'><strong>invidiam,</strong></span> <span class='ocrx_word' id='word_1_234' title='bbox 1736 2201 1896 2255; x_wconf 88' lang='lat' dir='ltr'><strong>quam</strong></span> <span class='ocrx_word' id='word_1_235' title='bbox 1924 2188 2083 2242; x_wconf 89' lang='lat' dir='ltr'><strong>etiam</strong></span> 
     </span>
    </p>
   </div>
   <div class='ocr_carea' id='block_1_39' title="bbox 497 2275 2088 2348">
    <p class='ocr_par' dir='ltr' id='par_1_39' title="bbox 497 2275 2088 2348">
     <span class='ocr_line' id='line_1_39' title="bbox 497 2275 2088 2348; baseline 0.003 -20"><span class='ocrx_word' id='word_1_236' title='bbox 497 2275 736 2330; x_wconf 88' lang='lat' dir='ltr'><strong>consorti</strong></span> <span class='ocrx_word' id='word_1_237' title='bbox 774 2286 902 2345; x_wconf 89' lang='lat' dir='ltr'><strong>opto</strong></span> <span class='ocrx_word' id='word_1_238' title='bbox 929 2275 1165 2332; x_wconf 88' lang='lat' dir='ltr'><strong>suaderi.</strong></span> <span class='ocrx_word' id='word_1_239' title='bbox 1199 2276 1336 2330; x_wconf 85' lang='lat' dir='ltr'><strong>Malo</strong></span> <span class='ocrx_word' id='word_1_240' title='bbox 1363 2277 1514 2332; x_wconf 87' lang='lat' dir='ltr'><strong>vobis</strong></span> <span class='ocrx_word' id='word_1_241' title='bbox 1543 2277 1805 2348; x_wconf 86' lang='lat' dir='ltr'><strong>integram</strong></span> <span class='ocrx_word' id='word_1_242' title='bbox 1849 2292 1974 2334; x_wconf 89' lang='lat' dir='ltr'><strong>esse</strong></span> <span class='ocrx_word' id='word_1_243' title='bbox 2011 2279 2088 2332; x_wconf 86' lang='lat' dir='ltr'><strong>fa-</strong></span> 
     </span>
    </p>
   </div>
   <div class='ocr_carea' id='block_1_40' title="bbox 499 2369 2088 2439">
    <p class='ocr_par' dir='ltr' id='par_1_40' title="bbox 499 2369 2088 2439">
     <span class='ocr_line' id='line_1_40' title="bbox 499 2369 2088 2439; baseline 0.003 -18"><span class='ocrx_word' id='word_1_244' title='bbox 499 2384 641 2422; x_wconf 92' lang='lat' dir='ltr'><strong>mam</strong></span> <span class='ocrx_word' id='word_1_245' title='bbox 670 2385 828 2439; x_wconf 86' lang='lat' dir='ltr'><strong>quam</strong></span> <span class='ocrx_word' id='word_1_246' title='bbox 853 2369 1101 2438; x_wconf 87' lang='lat' dir='ltr'><strong>imputari</strong></span> <span class='ocrx_word' id='word_1_247' title='bbox 1134 2369 1438 2438; x_wconf 89' lang='lat' dir='ltr'><strong>hujusmodi</strong></span> <span class='ocrx_word' id='word_1_248' title='bbox 1466 2370 1804 2438; x_wconf 90' lang='lat' dir='ltr'><strong>petitionem.</strong></span> <span class='ocrx_word' id='word_1_249' title='bbox 1840 2370 1966 2426; x_wconf 62' lang='lat' dir='ltr'><strong>Ilaec</strong></span> <span class='ocrx_word' id='word_1_250' title='bbox 2001 2384 2088 2425; x_wconf 89' lang='lat' dir='ltr'><strong>me</strong></span> 
     </span>
    </p>
   </div>
   <div class='ocr_carea' id='block_1_41' title="bbox 497 2461 2088 2533">
    <p class='ocr_par' dir='ltr' id='par_1_41' title="bbox 497 2461 2088 2533">
     <span class='ocr_line' id='line_1_41' title="bbox 497 2461 2088 2533; baseline 0.003 -21"><span class='ocrx_word' id='word_1_251' title='bbox 497 2461 672 2514; x_wconf 88' lang='lat' dir='ltr'><strong>amice</strong></span> <span class='ocrx_word' id='word_1_252' title='bbox 700 2469 755 2516; x_wconf 91' lang='lat' dir='ltr'><strong>et</strong></span> <span class='ocrx_word' id='word_1_253' title='bbox 783 2461 1011 2530; x_wconf 89' lang='lat' dir='ltr'><strong>benigna</strong></span> <span class='ocrx_word' id='word_1_254' title='bbox 1039 2462 1181 2517; x_wconf 90' lang='lat' dir='ltr'><strong>circa</strong></span> <span class='ocrx_word' id='word_1_255' title='bbox 1209 2470 1262 2517; x_wconf 89' lang='lat' dir='ltr'><strong>te</strong></span> <span class='ocrx_word' id='word_1_256' title='bbox 1281 2462 1557 2517; x_wconf 86' lang='lat' dir='ltr'><strong>voluntate</strong></span> <span class='ocrx_word' id='word_1_257' title='bbox 1580 2465 1828 2528; x_wconf 89' lang='lat' dir='ltr'><strong>suadere,</strong></span> <span class='ocrx_word' id='word_1_258' title='bbox 1851 2477 1950 2533; x_wconf 90' lang='lat' dir='ltr'><strong>pro</strong></span> <span class='ocrx_word' id='word_1_259' title='bbox 1971 2478 2088 2516; x_wconf 83' lang='lat' dir='ltr'><strong>mu-</strong></span> 
     </span>
    </p>
   </div>
   <div class='ocr_carea' id='block_1_42' title="bbox 497 2553 2088 2624">
    <p class='ocr_par' dir='ltr' id='par_1_42' title="bbox 497 2553 2088 2624">
     <span class='ocr_line' id='line_1_42' title="bbox 497 2553 2088 2624; baseline 0.002 -19"><span class='ocrx_word' id='word_1_260' title='bbox 497 2561 588 2606; x_wconf 87' lang='lat' dir='ltr'><strong>ttta</strong></span> <span class='ocrx_word' id='word_1_261' title='bbox 616 2553 668 2606; x_wconf 90' lang='lat' dir='ltr'><strong>in</strong></span> <span class='ocrx_word' id='word_1_262' title='bbox 692 2567 791 2608; x_wconf 90' lang='lat' dir='ltr'><strong>nos</strong></span> <span class='ocrx_word' id='word_1_263' title='bbox 811 2553 1092 2622; x_wconf 81' lang='lat' dir='ltr'><strong>diligentia</strong></span> <span class='ocrx_word' id='word_1_264' title='bbox 1112 2567 1486 2624; x_wconf 82' lang='lat' dir='ltr'><strong>recognosces.</strong></span> <span class='ocrx_word' id='word_1_265' title='bbox 1511 2553 1770 2623; x_wconf 89' lang='lat' dir='ltr'><strong>lntelligis</strong></span> <span class='ocrx_word' id='word_1_266' title='bbox 1791 2555 1934 2609; x_wconf 89' lang='lat' dir='ltr'><strong>enim</strong></span> <span class='ocrx_word' id='word_1_267' title='bbox 1954 2553 2088 2609; x_wconf 90' lang='lat' dir='ltr'><strong>nihil</strong></span> 
     </span>
    </p>
   </div>
   <div class='ocr_carea' id='block_1_43' title="bbox 499 2643 2088 2715">
    <p class='ocr_par' dir='ltr' id='par_1_43' title="bbox 499 2643 2088 2715">
     <span class='ocr_line' id='line_1_43' title="bbox 499 2643 2088 2715; baseline 0.003 -18"><span class='ocrx_word' id='word_1_268' title='bbox 499 2661 586 2698; x_wconf 86' lang='lat' dir='ltr'><strong>tne</strong></span> <span class='ocrx_word' id='word_1_269' title='bbox 614 2647 782 2715; x_wconf 87' lang='lat' dir='ltr'><strong>magis</strong></span> <span class='ocrx_word' id='word_1_270' title='bbox 809 2662 966 2715; x_wconf 87' lang='lat' dir='ltr'><strong>quam</strong></span> <span class='ocrx_word' id='word_1_271' title='bbox 999 2643 1450 2700; x_wconf 82' lang='lat' dir='ltr'><strong>existimationem</strong></span> <span class='ocrx_word' id='word_1_272' title='bbox 1482 2646 1822 2701; x_wconf 87' lang='lat' dir='ltr'><strong>familiarium</strong></span> <span class='ocrx_word' id='word_1_273' title='bbox 1874 2654 2088 2702; x_wconf 84' lang='lat' dir='ltr'><strong>nostro-</strong></span> 
     </span>
    </p>
   </div>
   <div class='ocr_carea' id='block_1_44' title="bbox 498 2738 1256 2804">
    <p class='ocr_par' dir='ltr' id='par_1_44' title="bbox 498 2738 1256 2804">
     <span class='ocr_line' id='line_1_44' title="bbox 498 2738 1256 2804; baseline 0.003 -16"><span class='ocrx_word' id='word_1_274' title='bbox 498 2754 612 2788; x_wconf 89' lang='lat' dir='ltr'><strong>tmn</strong></span> <span class='ocrx_word' id='word_1_275' title='bbox 643 2739 836 2804; x_wconf 51' lang='lat' dir='ltr'><strong>debere</strong></span> <span class='ocrx_word' id='word_1_276' title='bbox 863 2754 1074 2791; x_wconf 85' lang='lat' dir='ltr'><strong>curare.</strong></span> <span class='ocrx_word' id='word_1_277' title='bbox 1111 2738 1256 2792; x_wconf 85' lang='lat' dir='ltr'><strong>Vale.</strong></span> 
     </span>
    </p>
   </div>
   <div class='ocr_carea' id='block_1_45' title="bbox 1009 2849 1550 2907">
    <p class='ocr_par' dir='ltr' id='par_1_45' title="bbox 1009 2849 1550 2907">
     <span class='ocr_line' id='line_1_45' title="bbox 1009 2849 1550 2907; baseline 0.004 -3"><span class='ocrx_word' id='word_1_278' title='bbox 1009 2849 1227 2905; x_wconf 84' lang='lat' dir='ltr'><strong>EPIST.</strong></span> <span class='ocrx_word' id='word_1_279' title='bbox 1268 2851 1550 2907; x_wconf 86' lang='lat' dir='ltr'><strong>CXXVIII.</strong></span> 
     </span>
    </p>
   </div>
   <div class='ocr_carea' id='block_1_46' title="bbox 1063 2958 1514 2998">
    <p class='ocr_par' dir='ltr' id='par_1_46' title="bbox 1063 2958 1514 2998">
     <span class='ocr_line' id='line_1_46' title="bbox 1063 2958 1514 2998; baseline 0.002 -2"><span class='ocrx_word' id='word_1_280' title='bbox 1063 2958 1514 2998; x_wconf 69' lang='lat' dir='ltr'><strong>SYIHIACIIUS......</strong></span> 
     </span>
    </p>
   </div>
   <div class='ocr_carea' id='block_1_47' title="bbox 571 3055 2086 3130">
    <p class='ocr_par' dir='ltr' id='par_1_47' title="bbox 571 3055 2086 3130">
     <span class='ocr_line' id='line_1_47' title="bbox 571 3055 2086 3130; baseline 0.003 -21"><span class='ocrx_word' id='word_1_281' title='bbox 571 3056 714 3111; x_wconf 83' lang='lat' dir='ltr'><strong>More</strong></span> <span class='ocrx_word' id='word_1_282' title='bbox 741 3055 1092 3126; x_wconf 88' lang='lat' dir='ltr'><strong>institutoque</strong></span> <span class='ocrx_word' id='word_1_283' title='bbox 1114 3056 1398 3126; x_wconf 87' lang='lat' dir='ltr'><strong>majorum,</strong></span> <span class='ocrx_word' id='word_1_284' title='bbox 1425 3059 1686 3114; x_wconf 88' lang='lat' dir='ltr'><strong>incestum</strong></span> <span class='ocrx_word' id='word_1_285' title='bbox 1719 3059 2086 3130; x_wconf 69' lang='lat' dir='ltr'><strong>Primigeniae,</strong></span> 
     </span>
    </p>
   </div>
   <div class='ocr_carea' id='block_1_48' title="bbox 498 3148 2159 3222">
    <p class='ocr_par' dir='ltr' id='par_1_48' title="bbox 498 3148 2159 3222">
     <span class='ocr_line' id='line_1_48' title="bbox 498 3148 2159 3222; baseline 0.004 -20"><span class='ocrx_word' id='word_1_286' title='bbox 498 3148 696 3202; x_wconf 88' lang='lat' dir='ltr'><strong>dudum</strong></span> <span class='ocrx_word' id='word_1_287' title='bbox 729 3149 866 3216; x_wconf 81' lang='lat' dir='ltr'><strong>apud</strong></span> <span class='ocrx_word' id='word_1_288' title='bbox 897 3149 1086 3202; x_wconf 87' lang='lat' dir='ltr'><strong>Albatn</strong></span> <span class='ocrx_word' id='word_1_289' title='bbox 1113 3149 1333 3203; x_wconf 87' lang='lat' dir='ltr'><strong>vestalis</strong></span> <span class='ocrx_word' id='word_1_290' title='bbox 1374 3153 1652 3217; x_wconf 88' lang='lat' dir='ltr'><strong>antistitis,</strong></span> <span class='ocrx_word' id='word_1_291' title='bbox 1681 3153 1891 3222; x_wconf 87' lang='lat' dir='ltr'><strong>collegii</strong></span> <span class='ocrx_word' id='word_1_292' title='bbox 1920 3155 2087 3209; x_wconf 90' lang='lat' dir='ltr'><strong>nostri</strong></span> <span class='ocrx_word' id='word_1_293' title='bbox 2116 3156 2159 3218; x_wconf 90' lang='lat' dir='ltr'><strong>C</strong></span> 
     </span>
    </p>
   </div>
   <div class='ocr_carea' id='block_1_49' title="bbox 499 3237 2087 3311">
    <p class='ocr_par' dir='ltr' id='par_1_49' title="bbox 499 3237 2087 3311">
     <span class='ocr_line' id='line_1_49' title="bbox 499 3237 2087 3311; baseline 0.006 -21"><span class='ocrx_word' id='word_1_294' title='bbox 499 3238 803 3308; x_wconf 80' lang='lat' dir='ltr'><strong>tlisqttisitio</strong></span> <span class='ocrx_word' id='word_1_295' title='bbox 837 3237 1195 3306; x_wconf 88' lang='lat' dir='ltr'><strong>deprehendit</strong></span> <span class='ocrx_word' id='word_1_296' title='bbox 1221 3255 1234 3290; x_wconf 88' lang='lat'><strong>:</strong></span> <span class='ocrx_word' id='word_1_297' title='bbox 1259 3239 1401 3308; x_wconf 81' lang='lat' dir='ltr'><strong>quod</strong></span> <span class='ocrx_word' id='word_1_298' title='bbox 1429 3251 1482 3294; x_wconf 92' lang='lat' dir='ltr'><strong>et</strong></span> <span class='ocrx_word' id='word_1_299' title='bbox 1516 3242 1704 3309; x_wconf 89' lang='lat' dir='ltr'><strong>ipsius,</strong></span> <span class='ocrx_word' id='word_1_300' title='bbox 1745 3257 1866 3311; x_wconf 82' lang='lat' dir='ltr'><strong>quae</strong></span> <span class='ocrx_word' id='word_1_301' title='bbox 1901 3253 2087 3298; x_wconf 57' lang='lat' dir='ltr'><strong>conta-</strong></span> 
     </span>
    </p>
   </div>
   <div class='ocr_carea' id='block_1_50' title="bbox 503 3328 2089 3405">
    <p class='ocr_par' dir='ltr' id='par_1_50' title="bbox 503 3328 2089 3405">
     <span class='ocr_line' id='line_1_50' title="bbox 503 3328 2089 3405; baseline 0.004 -23"><span class='ocrx_word' id='word_1_302' title='bbox 503 3330 729 3382; x_wconf 90' lang='lat' dir='ltr'><strong>minavit</strong></span> <span class='ocrx_word' id='word_1_303' title='bbox 776 3328 1084 3398; x_wconf 90' lang='lat' dir='ltr'><strong>pudicitiam</strong></span> <span class='ocrx_word' id='word_1_304' title='bbox 1135 3343 1375 3394; x_wconf 90' lang='lat' dir='ltr'><strong>sacram;</strong></span> <span class='ocrx_word' id='word_1_305' title='bbox 1426 3339 1479 3384; x_wconf 91' lang='lat' dir='ltr'><strong>et</strong></span> <span class='ocrx_word' id='word_1_306' title='bbox 1527 3331 1767 3396; x_wconf 80' lang='lat' dir='ltr'><strong>Maximi,</strong></span> <span class='ocrx_word' id='word_1_307' title='bbox 1816 3347 1938 3387; x_wconf 90' lang='lat' dir='ltr'><strong>cum</strong></span> <span class='ocrx_word' id='word_1_308' title='bbox 1979 3349 2089 3405; x_wconf 93' lang='lat' dir='ltr'><strong>quo</strong></span> 
     </span>
    </p>
   </div>
   <div class='ocr_carea' id='block_1_51' title="bbox 504 3421 2088 3489">
    <p class='ocr_par' dir='ltr' id='par_1_51' title="bbox 504 3421 2088 3489">
     <span class='ocr_line' id='line_1_51' title="bbox 504 3421 2088 3489; baseline 0.008 -15"><span class='ocrx_word' id='word_1_309' title='bbox 504 3421 792 3477; x_wconf 87' lang='lat' dir='ltr'><strong>nefandum</strong></span> <span class='ocrx_word' id='word_1_310' title='bbox 841 3423 1046 3478; x_wconf 89' lang='lat' dir='ltr'><strong>facinus</strong></span> <span class='ocrx_word' id='word_1_311' title='bbox 1077 3423 1317 3489; x_wconf 88' lang='lat' dir='ltr'><strong>admisit,</strong></span> <span class='ocrx_word' id='word_1_312' title='bbox 1363 3426 1788 3482; x_wconf 87' lang='lat' dir='ltr'><strong>confessionibus</strong></span> <span class='ocrx_word' id='word_1_313' title='bbox 1827 3427 2088 3486; x_wconf 83' lang='lat' dir='ltr'><strong>claruisse</strong></span> 
     </span>
    </p>
   </div>
   <div class='ocr_carea' id='block_1_52' title="bbox 500 3514 2086 3589">
    <p class='ocr_par' dir='ltr' id='par_1_52' title="bbox 500 3514 2086 3589">
     <span class='ocr_line' id='line_1_52' title="bbox 500 3514 2086 3589; baseline 0.005 -22"><span class='ocrx_word' id='word_1_314' title='bbox 500 3524 650 3584; x_wconf 85' lang='lat' dir='ltr'><strong>gesta</strong></span> <span class='ocrx_word' id='word_1_315' title='bbox 678 3523 960 3571; x_wconf 85' lang='lat' dir='ltr'><strong>testantur.</strong></span> <span class='ocrx_word' id='word_1_316' title='bbox 985 3514 1172 3570; x_wconf 84' lang='lat' dir='ltr'><strong>Restat</strong></span> <span class='ocrx_word' id='word_1_317' title='bbox 1198 3523 1254 3569; x_wconf 90' lang='lat' dir='ltr'><strong>ut</strong></span> <span class='ocrx_word' id='word_1_318' title='bbox 1281 3517 1332 3570; x_wconf 92' lang='lat' dir='ltr'><strong>in</strong></span> <span class='ocrx_word' id='word_1_319' title='bbox 1362 3532 1476 3581; x_wconf 90' lang='lat' dir='ltr'><strong>eos,</strong></span> <span class='ocrx_word' id='word_1_320' title='bbox 1493 3517 1581 3586; x_wconf 92' lang='lat' dir='ltr'><strong>qui</strong></span> <span class='ocrx_word' id='word_1_321' title='bbox 1612 3519 1964 3575; x_wconf 71' lang='lat' dir='ltr'><strong>czercmonias</strong></span> <span class='ocrx_word' id='word_1_322' title='bbox 1986 3535 2086 3589; x_wconf 90' lang='lat' dir='ltr'><strong>pu-</strong></span> 
     </span>
    </p>
   </div>
   <div class='ocr_carea' id='block_1_53' title="bbox 503 3607 2090 3682">
    <p class='ocr_par' dir='ltr' id='par_1_53' title="bbox 503 3607 2090 3682">
     <span class='ocr_line' id='line_1_53' title="bbox 503 3607 2090 3682; baseline 0.004 -22"><span class='ocrx_word' id='word_1_323' title='bbox 503 3608 672 3662; x_wconf 83' lang='lat' dir='ltr'><strong>bl&#39;.cas</strong></span> <span class='ocrx_word' id='word_1_324' title='bbox 710 3607 1073 3663; x_wconf 78' lang='lat' dir='ltr'><strong>abominanda</strong></span> <span class='ocrx_word' id='word_1_325' title='bbox 1110 3607 1318 3664; x_wconf 88' lang='lat' dir='ltr'><strong>scelere</strong></span> <span class='ocrx_word' id='word_1_326' title='bbox 1363 3609 1689 3678; x_wconf 87' lang='lat' dir='ltr'><strong>polluerunt,</strong></span> <span class='ocrx_word' id='word_1_327' title='bbox 1732 3609 1908 3682; x_wconf 89' lang='lat' dir='ltr'><strong>legum</strong></span> <span class='ocrx_word' id='word_1_328' title='bbox 1935 3625 2090 3667; x_wconf 87' lang='lat' dir='ltr'><strong>seve-</strong></span> 
     </span>
    </p>
   </div>
   <div class='ocr_carea' id='block_1_54' title="bbox 502 3700 2087 3776">
    <p class='ocr_par' dir='ltr' id='par_1_54' title="bbox 502 3700 2087 3776">
     <span class='ocr_line' id='line_1_54' title="bbox 502 3700 2087 3776; baseline 0.003 -21"><span class='ocrx_word' id='word_1_329' title='bbox 502 3701 634 3755; x_wconf 80' lang='lat' dir='ltr'><strong>ritas</strong></span> <span class='ocrx_word' id='word_1_330' title='bbox 675 3711 945 3757; x_wconf 84' lang='lat' dir='ltr'><strong>exeratur.</strong></span> <span class='ocrx_word' id='word_1_331' title='bbox 987 3701 1118 3769; x_wconf 74' lang='lat' dir='ltr'><strong>Qua:</strong></span> <span class='ocrx_word' id='word_1_332' title='bbox 1157 3700 1253 3755; x_wconf 88' lang='lat' dir='ltr'><strong>tibi</strong></span> <span class='ocrx_word' id='word_1_333' title='bbox 1298 3703 1438 3756; x_wconf 90' lang='lat' dir='ltr'><strong>actio</strong></span> <span class='ocrx_word' id='word_1_334' title='bbox 1478 3702 1547 3758; x_wconf 88' lang='lat' dir='ltr'><strong>de</strong></span> <span class='ocrx_word' id='word_1_335' title='bbox 1577 3703 1804 3772; x_wconf 77' lang='lat' dir='ltr'><strong>proximi</strong></span> <span class='ocrx_word' id='word_1_336' title='bbox 1829 3706 2087 3776; x_wconf 86' lang='lat' dir='ltr'><strong>temporis</strong></span> 
     </span>
    </p>
   </div>
   <div class='ocr_carea' id='block_1_55' title="bbox 500 3793 2088 3866">
    <p class='ocr_par' dir='ltr' id='par_1_55' title="bbox 500 3793 2088 3866">
     <span class='ocr_line' id='line_1_55' title="bbox 500 3793 2088 3866; baseline 0.003 -18"><span class='ocrx_word' id='word_1_337' title='bbox 500 3793 748 3863; x_wconf 80' lang='lat' dir='ltr'><strong>exemplo</strong></span> <span class='ocrx_word' id='word_1_338' title='bbox 773 3803 982 3849; x_wconf 87' lang='lat' dir='ltr'><strong>servata</strong></span> <span class='ocrx_word' id='word_1_339' title='bbox 1029 3804 1132 3848; x_wconf 89' lang='lat' dir='ltr'><strong>est.</strong></span> <span class='ocrx_word' id='word_1_340' title='bbox 1165 3793 1233 3847; x_wconf 89' lang='lat' dir='ltr'><strong>Et</strong></span> <span class='ocrx_word' id='word_1_341' title='bbox 1266 3793 1389 3849; x_wconf 90' lang='lat' dir='ltr'><strong>ideo</strong></span> <span class='ocrx_word' id='word_1_342' title='bbox 1414 3793 1742 3865; x_wconf 88' lang='lat' dir='ltr'><strong>dignaberis,</strong></span> <span class='ocrx_word' id='word_1_343' title='bbox 1772 3797 1908 3866; x_wconf 89' lang='lat' dir='ltr'><strong>reip.</strong></span> <span class='ocrx_word' id='word_1_344' title='bbox 1943 3797 2088 3852; x_wconf 90' lang='lat' dir='ltr'><strong>utili-</strong></span> 
     </span>
    </p>
   </div>
   <div class='ocr_carea' id='block_1_56' title="bbox 503 3884 2089 3956">
    <p class='ocr_par' dir='ltr' id='par_1_56' title="bbox 503 3884 2089 3956">
     <span class='ocr_line' id='line_1_56' title="bbox 503 3884 2089 3956; baseline 0.004 -17"><span class='ocrx_word' id='word_1_345' title='bbox 503 3894 664 3940; x_wconf 88' lang='lat' dir='ltr'><strong>tatem</strong></span> <span class='ocrx_word' id='word_1_346' title='bbox 695 3885 947 3956; x_wconf 86' lang='lat' dir='ltr'><strong>legesque</strong></span> <span class='ocrx_word' id='word_1_347' title='bbox 976 3884 1347 3952; x_wconf 88' lang='lat' dir='ltr'><strong>considerans,</strong></span> <span class='ocrx_word' id='word_1_348' title='bbox 1378 3885 1586 3943; x_wconf 87' lang='lat' dir='ltr'><strong>facinus</strong></span> <span class='ocrx_word' id='word_1_349' title='bbox 1608 3887 1813 3943; x_wconf 92' lang='lat' dir='ltr'><strong>cunctis</strong></span> <span class='ocrx_word' id='word_1_350' title='bbox 1845 3888 1911 3943; x_wconf 90' lang='lat' dir='ltr'><strong>ad</strong></span> <span class='ocrx_word' id='word_1_351' title='bbox 1943 3888 2089 3946; x_wconf 90' lang='lat' dir='ltr'><strong>hunc</strong></span> 
     </span>
    </p>
   </div>
   <div class='ocr_carea' id='block_1_57' title="bbox 503 3977 2087 4051">
    <p class='ocr_par' dir='ltr' id='par_1_57' title="bbox 503 3977 2087 4051">
     <span class='ocr_line' id='line_1_57' title="bbox 503 3977 2087 4051; baseline 0.005 -22"><span class='ocrx_word' id='word_1_352' title='bbox 503 3992 670 4047; x_wconf 83' lang='lat' dir='ltr'><strong>usque</strong></span> <span class='ocrx_word' id='word_1_353' title='bbox 695 3977 841 4032; x_wconf 89' lang='lat' dir='ltr'><strong>diem</strong></span> <span class='ocrx_word' id='word_1_354' title='bbox 873 3977 1085 4033; x_wconf 61' lang='lat' dir='ltr'><strong>saeculis</strong></span> <span class='ocrx_word' id='word_1_355' title='bbox 1113 3979 1460 4034; x_wconf 87' lang='lat' dir='ltr'><strong>severissime</strong></span> <span class='ocrx_word' id='word_1_356' title='bbox 1487 3979 1833 4048; x_wconf 88' lang='lat' dir='ltr'><strong>vindicatum,</strong></span> <span class='ocrx_word' id='word_1_357' title='bbox 1869 3993 2087 4051; x_wconf 89' lang='lat' dir='ltr'><strong>compe-</strong></span> 
     </span>
    </p>
   </div>
   <div class='ocr_carea' id='block_1_58' title="bbox 504 4072 1094 4128">
    <p class='ocr_par' dir='ltr' id='par_1_58' title="bbox 504 4072 1094 4128">
     <span class='ocr_line' id='line_1_58' title="bbox 504 4072 1094 4128; baseline 0.002 -3"><span class='ocrx_word' id='word_1_358' title='bbox 504 4082 679 4128; x_wconf 76' lang='lat' dir='ltr'><strong>tenter</strong></span> <span class='ocrx_word' id='word_1_359' title='bbox 705 4073 914 4128; x_wconf 74' lang='lat' dir='ltr'><strong>ulcisci.</strong></span> <span class='ocrx_word' id='word_1_360' title='bbox 946 4072 1094 4126; x_wconf 85' lang='lat' dir='ltr'><strong>Vale.</strong></span> 
     </span>
    </p>
   </div>
   <div class='ocr_carea' id='block_1_59' title="bbox 1057 4161 1534 4222">
    <p class='ocr_par' dir='ltr' id='par_1_59' title="bbox 1057 4161 1534 4222">
     <span class='ocr_line' id='line_1_59' title="bbox 1057 4161 1534 4222; baseline 0.008 -4"><span class='ocrx_word' id='word_1_361' title='bbox 1057 4162 1271 4218; x_wconf 84' lang='lat' dir='ltr'><strong>EPIST.</strong></span> <span class='ocrx_word' id='word_1_362' title='bbox 1297 4161 1534 4222; x_wconf 84' lang='lat' dir='ltr'><strong>CXXIX.</strong></span> 
     </span>
    </p>
   </div>
   <div class='ocr_carea' id='block_1_60' title="bbox 1058 4269 1535 4314">
    <p class='ocr_par' dir='ltr' id='par_1_60' title="bbox 1058 4269 1535 4314">
     <span class='ocr_line' id='line_1_60' title="bbox 1058 4269 1535 4314; baseline 0.004 -5"><span class='ocrx_word' id='word_1_363' title='bbox 1058 4269 1535 4314; x_wconf 70' lang='lat' dir='ltr'><strong>SYIIIACIIUS.......</strong></span> 
     </span>
    </p>
   </div>
   <div class='ocr_carea' id='block_1_61' title="bbox 567 4369 2088 4442">
    <p class='ocr_par' dir='ltr' id='par_1_61' title="bbox 567 4369 2088 4442">
     <span class='ocr_line' id='line_1_61' title="bbox 567 4369 2088 4442; baseline 0.002 -16"><span class='ocrx_word' id='word_1_364' title='bbox 567 4369 874 4426; x_wconf 88' lang='lat' dir='ltr'><strong>Secundum</strong></span> <span class='ocrx_word' id='word_1_365' title='bbox 916 4370 1180 4442; x_wconf 69' lang='lat' dir='ltr'><strong>proximae</strong></span> <span class='ocrx_word' id='word_1_366' title='bbox 1203 4372 1376 4426; x_wconf 60' lang='lat' dir='ltr'><strong>aetatis</strong></span> <span class='ocrx_word' id='word_1_367' title='bbox 1403 4371 1672 4441; x_wconf 89' lang='lat' dir='ltr'><strong>exempla,</strong></span> <span class='ocrx_word' id='word_1_368' title='bbox 1705 4371 2006 4428; x_wconf 87' lang='lat' dir='ltr'><strong>clarissimo</strong></span> <span class='ocrx_word' id='word_1_369' title='bbox 2032 4383 2088 4429; x_wconf 89' lang='lat' dir='ltr'><strong>et</strong></span> 
     </span>
    </p>
   </div>
   <div class='ocr_carea' id='block_1_62' title="bbox 2187 1886 3773 1959">
    <p class='ocr_par' dir='ltr' id='par_1_62' title="bbox 2187 1886 3773 1959">
     <span class='ocr_line' id='line_1_62' title="bbox 2187 1886 3773 1959; baseline -0.002 -14"><span class='ocrx_word' id='word_1_370' title='bbox 2187 1889 2532 1954; x_wconf 85' lang='lat' dir='ltr'><strong>mandarunt,</strong></span> <span class='ocrx_word' id='word_1_371' title='bbox 2555 1899 2611 1944; x_wconf 91' lang='lat' dir='ltr'><strong>et</strong></span> <span class='ocrx_word' id='word_1_372' title='bbox 2637 1903 2758 1959; x_wconf 68' lang='lat' dir='ltr'><strong>qua!</strong></span> <span class='ocrx_word' id='word_1_373' title='bbox 2789 1903 2978 1957; x_wconf 89' lang='lat' dir='ltr'><strong>magna</strong></span> <span class='ocrx_word' id='word_1_374' title='bbox 3017 1903 3082 1942; x_wconf 74' lang='lat' dir='ltr'><strong>es</strong></span> <span class='ocrx_word' id='word_1_375' title='bbox 3110 1897 3260 1955; x_wconf 88' lang='lat' dir='ltr'><strong>parte</strong></span> <span class='ocrx_word' id='word_1_376' title='bbox 3287 1888 3480 1942; x_wconf 89' lang='lat' dir='ltr'><strong>collata</strong></span> <span class='ocrx_word' id='word_1_377' title='bbox 3511 1886 3773 1957; x_wconf 88' lang='lat' dir='ltr'><strong>imperiali</strong></span> 
     </span>
    </p>
   </div>
   <div class='ocr_carea' id='block_1_63' title="bbox 2186 1979 3774 2047">
    <p class='ocr_par' dir='ltr' id='par_1_63' title="bbox 2186 1979 3774 2047">
     <span class='ocr_line' id='line_1_63' title="bbox 2186 1979 3774 2047; baseline -0.002 -9"><span class='ocrx_word' id='word_1_378' title='bbox 2186 1991 2398 2038; x_wconf 90' lang='lat' dir='ltr'><strong>constat</strong></span> <span class='ocrx_word' id='word_1_379' title='bbox 2443 1982 2666 2045; x_wconf 77' lang='lat' dir='ltr'><strong>:erario,</strong></span> <span class='ocrx_word' id='word_1_380' title='bbox 2711 1980 2884 2035; x_wconf 90' lang='lat' dir='ltr'><strong>soceri</strong></span> <span class='ocrx_word' id='word_1_381' title='bbox 2933 1979 3036 2034; x_wconf 92' lang='lat' dir='ltr'><strong>mei</strong></span> <span class='ocrx_word' id='word_1_382' title='bbox 3076 1979 3228 2034; x_wconf 90' lang='lat' dir='ltr'><strong>Orfiti</strong></span> <span class='ocrx_word' id='word_1_383' title='bbox 3260 1980 3386 2032; x_wconf 93' lang='lat' dir='ltr'><strong>olim</strong></span> <span class='ocrx_word' id='word_1_384' title='bbox 3435 1979 3690 2047; x_wconf 71' lang='lat' dir='ltr'><strong>praefecti,</strong></span> <span class='ocrx_word' id='word_1_385' title='bbox 3720 1988 3774 2035; x_wconf 89' lang='lat' dir='ltr'><strong>et</strong></span> 
     </span>
    </p>
   </div>
   <div class='ocr_carea' id='block_1_64' title="bbox 2187 2072 3775 2143">
    <p class='ocr_par' dir='ltr' id='par_1_64' title="bbox 2187 2072 3775 2143">
     <span class='ocr_line' id='line_1_64' title="bbox 2187 2072 3775 2143; baseline -0.004 -13"><span class='ocrx_word' id='word_1_386' title='bbox 2187 2085 2314 2130; x_wconf 85' lang='lat' dir='ltr'><strong>ante</strong></span> <span class='ocrx_word' id='word_1_387' title='bbox 2355 2091 2527 2131; x_wconf 89' lang='lat' dir='ltr'><strong>annos</strong></span> <span class='ocrx_word' id='word_1_388' title='bbox 2565 2074 2870 2143; x_wconf 85' lang='lat' dir='ltr'><strong>quindecim</strong></span> <span class='ocrx_word' id='word_1_389' title='bbox 2903 2074 3020 2127; x_wconf 91' lang='lat' dir='ltr'><strong>sine</strong></span> <span class='ocrx_word' id='word_1_390' title='bbox 3047 2073 3152 2128; x_wconf 91' lang='lat' dir='ltr'><strong>ulla</strong></span> <span class='ocrx_word' id='word_1_391' title='bbox 3184 2073 3319 2126; x_wconf 88' lang='lat' dir='ltr'><strong>tituli</strong></span> <span class='ocrx_word' id='word_1_392' title='bbox 3354 2072 3511 2140; x_wconf 89' lang='lat' dir='ltr'><strong>hujus</strong></span> <span class='ocrx_word' id='word_1_393' title='bbox 3538 2085 3775 2126; x_wconf 79' lang='lat' dir='ltr'><strong>Conven-</strong></span> 
     </span>
    </p>
   </div>
   <div class='ocr_carea' id='block_1_65' title="bbox 2191 2162 3776 2231">
    <p class='ocr_par' dir='ltr' id='par_1_65' title="bbox 2191 2162 3776 2231">
     <span class='ocr_line' id='line_1_65' title="bbox 2191 2162 3776 2231; baseline -0.002 -11"><span class='ocrx_word' id='word_1_394' title='bbox 2191 2167 2334 2221; x_wconf 90' lang='lat' dir='ltr'><strong>ti0ne</strong></span> <span class='ocrx_word' id='word_1_395' title='bbox 2363 2166 2649 2224; x_wconf 87' lang='lat' dir='ltr'><strong>demortui.</strong></span> <span class='ocrx_word' id='word_1_396' title='bbox 2684 2164 2926 2231; x_wconf 89' lang='lat' dir='ltr'><strong>pulsatur</strong></span> <span class='ocrx_word' id='word_1_397' title='bbox 2955 2163 3272 2226; x_wconf 69' lang='lat' dir='ltr'><strong>Itmreditas;</strong></span> <span class='ocrx_word' id='word_1_398' title='bbox 3317 2162 3540 2216; x_wconf 91' lang='lat' dir='ltr'><strong>obtentu</strong></span> <span class='ocrx_word' id='word_1_399' title='bbox 3569 2162 3776 2231; x_wconf 80' lang='lat' dir='ltr'><strong>episto-</strong></span> 
     </span>
    </p>
   </div>
   <div class='ocr_carea' id='block_1_66' title="bbox 2189 2253 3776 2324">
    <p class='ocr_par' dir='ltr' id='par_1_66' title="bbox 2189 2253 3776 2324">
     <span class='ocr_line' id='line_1_66' title="bbox 2189 2253 3776 2324; baseline -0.001 -13"><span class='ocrx_word' id='word_1_400' title='bbox 2189 2256 2278 2323; x_wconf 72' lang='grc' dir='ltr'><strong>Ιω,</strong></span> <span class='ocrx_word' id='word_1_401' title='bbox 2311 2273 2411 2322; x_wconf 78' lang='lat' dir='ltr'><strong>qua</strong></span> <span class='ocrx_word' id='word_1_402' title='bbox 2441 2257 2597 2311; x_wconf 90' lang='lat' dir='ltr'><strong>divus</strong></span> <span class='ocrx_word' id='word_1_403' title='bbox 2621 2253 2988 2318; x_wconf 87' lang='lat' dir='ltr'><strong>Constantius,</strong></span> <span class='ocrx_word' id='word_1_404' title='bbox 3018 2255 3070 2309; x_wconf 90' lang='lat' dir='ltr'><strong>id</strong></span> <span class='ocrx_word' id='word_1_405' title='bbox 3097 2255 3237 2324; x_wconf 89' lang='lat' dir='ltr'><strong>quod</strong></span> <span class='ocrx_word' id='word_1_406' title='bbox 3265 2254 3519 2323; x_wconf 90' lang='lat' dir='ltr'><strong>operibus</strong></span> <span class='ocrx_word' id='word_1_407' title='bbox 3551 2255 3776 2323; x_wconf 88' lang='lat' dir='ltr'><strong>publicis</strong></span> 
     </span>
    </p>
   </div>
   <div class='ocr_carea' id='block_1_67' title="bbox 2188 2346 3776 2416">
    <p class='ocr_par' dir='ltr' id='par_1_67' title="bbox 2188 2346 3776 2416">
     <span class='ocr_line' id='line_1_67' title="bbox 2188 2346 3776 2416; baseline -0.003 -13"><span class='ocrx_word' id='word_1_408' title='bbox 2188 2348 2468 2403; x_wconf 80' lang='lat' dir='ltr'><strong>constabat</strong></span> <span class='ocrx_word' id='word_1_409' title='bbox 2497 2349 2822 2416; x_wconf 90' lang='lat' dir='ltr'><strong>impensum,</strong></span> <span class='ocrx_word' id='word_1_410' title='bbox 2855 2347 3105 2416; x_wconf 87' lang='lat' dir='ltr'><strong>integrari</strong></span> <span class='ocrx_word' id='word_1_411' title='bbox 3151 2361 3246 2414; x_wconf 91' lang='lat' dir='ltr'><strong>per</strong></span> <span class='ocrx_word' id='word_1_412' title='bbox 3271 2360 3393 2400; x_wconf 89' lang='lat' dir='ltr'><strong>eum</strong></span> <span class='ocrx_word' id='word_1_413' title='bbox 3425 2346 3636 2411; x_wconf 90' lang='lat' dir='ltr'><strong>statuit;</strong></span> <span class='ocrx_word' id='word_1_414' title='bbox 3670 2346 3776 2400; x_wconf 86' lang='lat' dir='ltr'><strong>mi-</strong></span> 
     </span>
    </p>
   </div>
   <div class='ocr_carea' id='block_1_68' title="bbox 2189 2437 3776 2508">
    <p class='ocr_par' dir='ltr' id='par_1_68' title="bbox 2189 2437 3776 2508">
     <span class='ocr_line' id='line_1_68' title="bbox 2189 2437 3776 2508; baseline -0.001 -15"><span class='ocrx_word' id='word_1_415' title='bbox 2189 2448 2347 2494; x_wconf 89' lang='lat' dir='ltr'><strong>natus</strong></span> <span class='ocrx_word' id='word_1_416' title='bbox 2388 2438 2488 2508; x_wconf 88' lang='lat' dir='ltr'><strong>ipsi</strong></span> <span class='ocrx_word' id='word_1_417' title='bbox 2537 2447 2697 2506; x_wconf 82' lang='lat' dir='ltr'><strong>atque</strong></span> <span class='ocrx_word' id='word_1_418' title='bbox 2725 2437 2923 2504; x_wconf 89' lang='lat' dir='ltr'><strong>officio,</strong></span> <span class='ocrx_word' id='word_1_419' title='bbox 2955 2446 3014 2492; x_wconf 93' lang='lat' dir='ltr'><strong>ut</strong></span> <span class='ocrx_word' id='word_1_420' title='bbox 3043 2437 3157 2492; x_wconf 89' lang='lat' dir='ltr'><strong>fieri</strong></span> <span class='ocrx_word' id='word_1_421' title='bbox 3198 2439 3418 2504; x_wconf 85' lang='lat' dir='ltr'><strong>assolet,</strong></span> <span class='ocrx_word' id='word_1_422' title='bbox 3461 2437 3564 2492; x_wconf 89' lang='lat' dir='ltr'><strong>sub</strong></span> <span class='ocrx_word' id='word_1_423' title='bbox 3591 2437 3776 2493; x_wconf 85' lang='lat' dir='ltr'><strong>condi-</strong></span> 
     </span>
    </p>
   </div>
   <div class='ocr_carea' id='block_1_69' title="bbox 2193 2528 3776 2601">
    <p class='ocr_par' dir='ltr' id='par_1_69' title="bbox 2193 2528 3776 2601">
     <span class='ocr_line' id='line_1_69' title="bbox 2193 2528 3776 2601; baseline -0.001 -15"><span class='ocrx_word' id='word_1_424' title='bbox 2193 2531 2336 2586; x_wconf 89' lang='lat' dir='ltr'><strong>tione</strong></span> <span class='ocrx_word' id='word_1_425' title='bbox 2360 2531 2722 2601; x_wconf 86' lang='lat' dir='ltr'><strong>dispendium,</strong></span> <span class='ocrx_word' id='word_1_426' title='bbox 2745 2529 2789 2585; x_wconf 91' lang='lat' dir='ltr'><strong>si</strong></span> <span class='ocrx_word' id='word_1_427' title='bbox 2805 2531 3072 2586; x_wconf 75' lang='lat' dir='ltr'><strong>exactioni</strong></span> <span class='ocrx_word' id='word_1_428' title='bbox 3093 2545 3220 2586; x_wconf 88' lang='lat' dir='ltr'><strong>cura</strong></span> <span class='ocrx_word' id='word_1_429' title='bbox 3245 2539 3559 2600; x_wconf 90' lang='lat' dir='ltr'><strong>competens</strong></span> <span class='ocrx_word' id='word_1_430' title='bbox 3577 2528 3776 2585; x_wconf 82' lang='lat' dir='ltr'><strong>defuis-</strong></span> 
     </span>
    </p>
   </div>
   <div class='ocr_carea' id='block_1_70' title="bbox 2188 2619 3774 2692">
    <p class='ocr_par' dir='ltr' id='par_1_70' title="bbox 2188 2619 3774 2692">
     <span class='ocr_line' id='line_1_70' title="bbox 2188 2619 3774 2692; baseline -0.003 -14"><span class='ocrx_word' id='word_1_431' title='bbox 2188 2632 2293 2678; x_wconf 87' lang='lat' dir='ltr'><strong>set.</strong></span> <span class='ocrx_word' id='word_1_432' title='bbox 2323 2623 2426 2678; x_wconf 88' lang='lat' dir='ltr'><strong>Sed</strong></span> <span class='ocrx_word' id='word_1_433' title='bbox 2461 2636 2634 2692; x_wconf 85' lang='lat' dir='ltr'><strong>neque</strong></span> <span class='ocrx_word' id='word_1_434' title='bbox 2662 2623 2778 2692; x_wconf 90' lang='lat' dir='ltr'><strong>ipse</strong></span> <span class='ocrx_word' id='word_1_435' title='bbox 2819 2622 3130 2676; x_wconf 86' lang='lat' dir='ltr'><strong>mandatum</strong></span> <span class='ocrx_word' id='word_1_436' title='bbox 3185 2620 3286 2676; x_wconf 89' lang='lat' dir='ltr'><strong>sibi</strong></span> <span class='ocrx_word' id='word_1_437' title='bbox 3337 2635 3532 2674; x_wconf 89' lang='lat' dir='ltr'><strong>munus</strong></span> <span class='ocrx_word' id='word_1_438' title='bbox 3569 2619 3774 2684; x_wconf 90' lang='lat' dir='ltr'><strong>omisit,</strong></span> 
     </span>
    </p>
   </div>
   <div class='ocr_carea' id='block_1_71' title="bbox 2191 2711 3776 2783">
    <p class='ocr_par' dir='ltr' id='par_1_71' title="bbox 2191 2711 3776 2783">
     <span class='ocr_line' id='line_1_71' title="bbox 2191 2711 3776 2783; baseline -0.002 -15"><span class='ocrx_word' id='word_1_439' title='bbox 2191 2722 2248 2768; x_wconf 91' lang='lat' dir='ltr'><strong>et</strong></span> <span class='ocrx_word' id='word_1_440' title='bbox 2277 2721 2565 2783; x_wconf 87' lang='lat' dir='ltr'><strong>sequentes</strong></span> <span class='ocrx_word' id='word_1_441' title='bbox 2597 2713 2891 2782; x_wconf 87' lang='lat' dir='ltr'><strong>principes,</strong></span> <span class='ocrx_word' id='word_1_442' title='bbox 2915 2712 3058 2782; x_wconf 91' lang='lat' dir='ltr'><strong>quod</strong></span> <span class='ocrx_word' id='word_1_443' title='bbox 3100 2711 3414 2781; x_wconf 54' lang='lat' dir='ltr'><strong>praefectura</strong></span> <span class='ocrx_word' id='word_1_444' title='bbox 3445 2721 3776 2781; x_wconf 82' lang='lat' dir='ltr'><strong>Susceperat,</strong></span> 
     </span>
    </p>
   </div>
   <div class='ocr_carea' id='block_1_72' title="bbox 2192 2804 3777 2876">
    <p class='ocr_par' dir='ltr' id='par_1_72' title="bbox 2192 2804 3777 2876">
     <span class='ocr_line' id='line_1_72' title="bbox 2192 2804 3777 2876; baseline -0.001 -17"><span class='ocrx_word' id='word_1_445' title='bbox 2192 2806 2258 2859; x_wconf 88' lang='lat' dir='ltr'><strong>ad</strong></span> <span class='ocrx_word' id='word_1_446' title='bbox 2310 2806 2642 2876; x_wconf 89' lang='lat' dir='ltr'><strong>posteriores</strong></span> <span class='ocrx_word' id='word_1_447' title='bbox 2687 2807 2896 2873; x_wconf 86' lang='lat' dir='ltr'><strong>judiccs</strong></span> <span class='ocrx_word' id='word_1_448' title='bbox 2944 2806 3349 2860; x_wconf 89' lang='lat' dir='ltr'><strong>transtulerunt.</strong></span> <span class='ocrx_word' id='word_1_449' title='bbox 3393 2805 3504 2861; x_wconf 90' lang='lat' dir='ltr'><strong>Iloc</strong></span> <span class='ocrx_word' id='word_1_450' title='bbox 3545 2804 3777 2875; x_wconf 77' lang='lat' dir='ltr'><strong>inclytus</strong></span> 
     </span>
    </p>
   </div>
   <div class='ocr_carea' id='block_1_73' title="bbox 2196 2897 3777 2964">
    <p class='ocr_par' dir='ltr' id='par_1_73' title="bbox 2196 2897 3777 2964">
     <span class='ocr_line' id='line_1_73' title="bbox 2196 2897 3777 2964; baseline -0.001 -13"><span class='ocrx_word' id='word_1_451' title='bbox 2196 2897 2594 2952; x_wconf 76' lang='lat' dir='ltr'><strong>Valentinianus</strong></span> <span class='ocrx_word' id='word_1_452' title='bbox 2638 2899 2784 2952; x_wconf 89' lang='lat' dir='ltr'><strong>omni</strong></span> <span class='ocrx_word' id='word_1_453' title='bbox 2833 2905 2989 2951; x_wconf 44' lang='lat' dir='ltr'><strong>aetate</strong></span> <span class='ocrx_word' id='word_1_454' title='bbox 3019 2897 3380 2952; x_wconf 88' lang='lat' dir='ltr'><strong>memorabilis</strong></span> <span class='ocrx_word' id='word_1_455' title='bbox 3426 2897 3695 2964; x_wconf 69' lang='lat' dir='ltr'><strong>princets,</strong></span> <span class='ocrx_word' id='word_1_456' title='bbox 3721 2906 3777 2951; x_wconf 89' lang='lat' dir='ltr'><strong>et</strong></span> 
     </span>
    </p>
   </div>
   <div class='ocr_carea' id='block_1_74' title="bbox 2192 2988 3776 3056">
    <p class='ocr_par' dir='ltr' id='par_1_74' title="bbox 2192 2988 3776 3056">
     <span class='ocr_line' id='line_1_74' title="bbox 2192 2988 3776 3056; baseline -0.001 -12"><span class='ocrx_word' id='word_1_457' title='bbox 2192 2988 2347 3044; x_wconf 79' lang='lat' dir='ltr'><strong>divus</strong></span> <span class='ocrx_word' id='word_1_458' title='bbox 2390 2989 2674 3043; x_wconf 81' lang='lat' dir='ltr'><strong>Gratianus</strong></span> <span class='ocrx_word' id='word_1_459' title='bbox 2724 2989 2894 3043; x_wconf 85' lang='lat' dir='ltr'><strong>sacris</strong></span> <span class='ocrx_word' id='word_1_460' title='bbox 2925 2989 3116 3044; x_wconf 87' lang='lat' dir='ltr'><strong>litteris</strong></span> <span class='ocrx_word' id='word_1_461' title='bbox 3155 3003 3435 3054; x_wconf 85' lang='lat' dir='ltr'><strong>censuere,</strong></span> <span class='ocrx_word' id='word_1_462' title='bbox 3486 3005 3517 3042; x_wconf 84' lang='lat' dir='ltr'><strong>a</strong></span> <span class='ocrx_word' id='word_1_463' title='bbox 3547 3004 3776 3056; x_wconf 89' lang='lat' dir='ltr'><strong>quorum</strong></span> 
     </span>
    </p>
   </div>
   <div class='ocr_carea' id='block_1_75' title="bbox 2193 3079 3776 3135">
    <p class='ocr_par' dir='ltr' id='par_1_75' title="bbox 2193 3079 3776 3135">
     <span class='ocr_line' id='line_1_75' title="bbox 2193 3079 3776 3135; baseline 0 -1"><span class='ocrx_word' id='word_1_464' title='bbox 2193 3079 2502 3134; x_wconf 86' lang='lat' dir='ltr'><strong>definitione</strong></span> <span class='ocrx_word' id='word_1_465' title='bbox 2553 3097 2660 3134; x_wconf 87' lang='lat' dir='ltr'><strong>non</strong></span> <span class='ocrx_word' id='word_1_466' title='bbox 2703 3081 2859 3135; x_wconf 84' lang='lat' dir='ltr'><strong>decet</strong></span> <span class='ocrx_word' id='word_1_467' title='bbox 2903 3080 3146 3135; x_wconf 85' lang='lat' dir='ltr'><strong>deviare.</strong></span> <span class='ocrx_word' id='word_1_468' title='bbox 3196 3079 3401 3134; x_wconf 87' lang='lat' dir='ltr'><strong>Dehinc</strong></span> <span class='ocrx_word' id='word_1_469' title='bbox 3443 3093 3563 3134; x_wconf 91' lang='lat' dir='ltr'><strong>cum</strong></span> <span class='ocrx_word' id='word_1_470' title='bbox 3614 3079 3776 3134; x_wconf 88' lang='lat' dir='ltr'><strong>etiam</strong></span> 
     </span>
    </p>
   </div>
   <div class='ocr_carea' id='block_1_76' title="bbox 2191 3170 3778 3236">
    <p class='ocr_par' dir='ltr' id='par_1_76' title="bbox 2191 3170 3778 3236">
     <span class='ocr_line' id='line_1_76' title="bbox 2191 3170 3778 3236; baseline -0.002 -8"><span class='ocrx_word' id='word_1_471' title='bbox 2191 3173 2415 3228; x_wconf 89' lang='lat' dir='ltr'><strong>crimina</strong></span> <span class='ocrx_word' id='word_1_472' title='bbox 2439 3181 2610 3227; x_wconf 91' lang='lat' dir='ltr'><strong>morte</strong></span> <span class='ocrx_word' id='word_1_473' title='bbox 2630 3172 2841 3227; x_wconf 87' lang='lat' dir='ltr'><strong>soleant</strong></span> <span class='ocrx_word' id='word_1_474' title='bbox 2865 3171 3170 3236; x_wconf 85' lang='lat' dir='ltr'><strong>terminari;</strong></span> <span class='ocrx_word' id='word_1_475' title='bbox 3197 3171 3248 3225; x_wconf 89' lang='lat' dir='ltr'><strong>in</strong></span> <span class='ocrx_word' id='word_1_476' title='bbox 3273 3170 3371 3226; x_wconf 89' lang='lat' dir='ltr'><strong>hac</strong></span> <span class='ocrx_word' id='word_1_477' title='bbox 3392 3179 3595 3225; x_wconf 90' lang='lat' dir='ltr'><strong>tantum</strong></span> <span class='ocrx_word' id='word_1_478' title='bbox 3615 3184 3778 3225; x_wconf 81' lang='lat' dir='ltr'><strong>causa</strong></span> 
     </span>
    </p>
   </div>
   <div class='ocr_carea' id='block_1_77' title="bbox 2191 3262 3779 3332">
    <p class='ocr_par' dir='ltr' id='par_1_77' title="bbox 2191 3262 3779 3332">
     <span class='ocr_line' id='line_1_77' title="bbox 2191 3262 3779 3332; baseline -0.001 -14"><span class='ocrx_word' id='word_1_479' title='bbox 2191 3273 2376 3318; x_wconf 88' lang='lat' dir='ltr'><strong>contra</strong></span> <span class='ocrx_word' id='word_1_480' title='bbox 2420 3265 2655 3331; x_wconf 81' lang='lat' dir='ltr'><strong>Optimos</strong></span> <span class='ocrx_word' id='word_1_481' title='bbox 2701 3263 2958 3332; x_wconf 92' lang='lat' dir='ltr'><strong>principis</strong></span> <span class='ocrx_word' id='word_1_482' title='bbox 2989 3277 3190 3327; x_wconf 90' lang='lat' dir='ltr'><strong>mores,</strong></span> <span class='ocrx_word' id='word_1_483' title='bbox 3218 3262 3284 3316; x_wconf 91' lang='lat' dir='ltr'><strong>ad</strong></span> <span class='ocrx_word' id='word_1_484' title='bbox 3333 3270 3576 3331; x_wconf 87' lang='lat' dir='ltr'><strong>posteros</strong></span> <span class='ocrx_word' id='word_1_485' title='bbox 3607 3263 3779 3329; x_wconf 82' lang='lat' dir='ltr'><strong>in0pi-</strong></span> 
     </span>
    </p>
   </div>
   <div class='ocr_carea' id='block_1_78' title="bbox 2191 3353 3782 3423">
    <p class='ocr_par' dir='ltr' id='par_1_78' title="bbox 2191 3353 3782 3423">
     <span class='ocr_line' id='line_1_78' title="bbox 2191 3353 3782 3423; baseline 0 -15"><span class='ocrx_word' id='word_1_486' title='bbox 2191 3362 2315 3408; x_wconf 88' lang='lat' dir='ltr'><strong>nata</strong></span> <span class='ocrx_word' id='word_1_487' title='bbox 2341 3353 2534 3408; x_wconf 88' lang='lat' dir='ltr'><strong>damna</strong></span> <span class='ocrx_word' id='word_1_488' title='bbox 2562 3355 2945 3417; x_wconf 83' lang='lat' dir='ltr'><strong>extenduntur,</strong></span> <span class='ocrx_word' id='word_1_489' title='bbox 2975 3363 3028 3409; x_wconf 89' lang='lat' dir='ltr'><strong>et</strong></span> <span class='ocrx_word' id='word_1_490' title='bbox 3059 3363 3309 3423; x_wconf 82' lang='lat' dir='ltr'><strong>tanquam</strong></span> <span class='ocrx_word' id='word_1_491' title='bbox 3339 3355 3604 3422; x_wconf 78' lang='lat' dir='ltr'><strong>integrum</strong></span> <span class='ocrx_word' id='word_1_492' title='bbox 3633 3355 3782 3410; x_wconf 83' lang='lat' dir='ltr'><strong>desi-</strong></span> 
     </span>
    </p>
   </div>
   <div class='ocr_carea' id='block_1_79' title="bbox 2190 3445 3781 3515">
    <p class='ocr_par' dir='ltr' id='par_1_79' title="bbox 2190 3445 3781 3515">
     <span class='ocr_line' id='line_1_79' title="bbox 2190 3445 3781 3515; baseline 0.001 -17"><span class='ocrx_word' id='word_1_493' title='bbox 2190 3455 2404 3515; x_wconf 88' lang='lat' dir='ltr'><strong>gnatur,</strong></span> <span class='ocrx_word' id='word_1_494' title='bbox 2425 3446 2566 3512; x_wconf 81' lang='lat' dir='ltr'><strong>quod</strong></span> <span class='ocrx_word' id='word_1_495' title='bbox 2592 3446 2782 3514; x_wconf 89' lang='lat' dir='ltr'><strong>partim</strong></span> <span class='ocrx_word' id='word_1_496' title='bbox 2811 3446 3044 3500; x_wconf 85' lang='lat' dir='ltr'><strong>solutum</strong></span> <span class='ocrx_word' id='word_1_497' title='bbox 3071 3455 3174 3510; x_wconf 91' lang='lat' dir='ltr'><strong>est,</strong></span> <span class='ocrx_word' id='word_1_498' title='bbox 3207 3445 3398 3514; x_wconf 82' lang='lat' dir='ltr'><strong>partim</strong></span> <span class='ocrx_word' id='word_1_499' title='bbox 3427 3459 3455 3498; x_wconf 87' lang='lat' dir='ltr'><strong>a</strong></span> <span class='ocrx_word' id='word_1_500' title='bbox 3480 3445 3781 3500; x_wconf 85' lang='lat' dir='ltr'><strong>rectoribus</strong></span> 
     </span>
    </p>
   </div>
   <div class='ocr_carea' id='block_1_80' title="bbox 2192 3535 3782 3605">
    <p class='ocr_par' dir='ltr' id='par_1_80' title="bbox 2192 3535 3782 3605">
     <span class='ocr_line' id='line_1_80' title="bbox 2192 3535 3782 3605; baseline 0.002 -16"><span class='ocrx_word' id='word_1_501' title='bbox 2192 3536 2588 3603; x_wconf 86' lang='lat' dir='ltr'><strong>provinciarum</strong></span> <span class='ocrx_word' id='word_1_502' title='bbox 2640 3537 2882 3591; x_wconf 74' lang='lat' dir='ltr'><strong>coastitit</strong></span> <span class='ocrx_word' id='word_1_503' title='bbox 2929 3537 3249 3592; x_wconf 89' lang='lat' dir='ltr'><strong>eruendum.</strong></span> <span class='ocrx_word' id='word_1_504' title='bbox 3297 3535 3474 3605; x_wconf 86' lang='lat' dir='ltr'><strong>Super</strong></span> <span class='ocrx_word' id='word_1_505' title='bbox 3524 3537 3624 3591; x_wconf 85' lang='lat' dir='ltr'><strong>hoc</strong></span> <span class='ocrx_word' id='word_1_506' title='bbox 3655 3552 3782 3592; x_wconf 87' lang='lat' dir='ltr'><strong>cum</strong></span> 
     </span>
    </p>
   </div>
   <div class='ocr_carea' id='block_1_81' title="bbox 2189 3625 3778 3695">
    <p class='ocr_par' dir='ltr' id='par_1_81' title="bbox 2189 3625 3778 3695">
     <span class='ocr_line' id='line_1_81' title="bbox 2189 3625 3778 3695; baseline 0.004 -17"><span class='ocrx_word' id='word_1_507' title='bbox 2189 3625 2366 3679; x_wconf 89' lang='lat' dir='ltr'><strong>divina</strong></span> <span class='ocrx_word' id='word_1_508' title='bbox 2407 3625 2556 3695; x_wconf 87' lang='lat' dir='ltr'><strong>jussa</strong></span> <span class='ocrx_word' id='word_1_509' title='bbox 2600 3626 2967 3695; x_wconf 89' lang='lat' dir='ltr'><strong>sumpsissem,</strong></span> <span class='ocrx_word' id='word_1_510' title='bbox 2999 3626 3157 3682; x_wconf 87' lang='lat' dir='ltr'><strong>fidem</strong></span> <span class='ocrx_word' id='word_1_511' title='bbox 3189 3628 3299 3681; x_wconf 90' lang='lat' dir='ltr'><strong>veri</strong></span> <span class='ocrx_word' id='word_1_512' title='bbox 3345 3628 3620 3683; x_wconf 85' lang='lat' dir='ltr'><strong>occultare</strong></span> <span class='ocrx_word' id='word_1_513' title='bbox 3664 3642 3778 3684; x_wconf 86' lang='lat' dir='ltr'><strong>non</strong></span> 
     </span>
    </p>
   </div>
   <div class='ocr_carea' id='block_1_82' title="bbox 2191 3716 3784 3789">
    <p class='ocr_par' dir='ltr' id='par_1_82' title="bbox 2191 3716 3784 3789">
     <span class='ocr_line' id='line_1_82' title="bbox 2191 3716 3784 3789; baseline 0.002 -18"><span class='ocrx_word' id='word_1_514' title='bbox 2191 3716 2373 3784; x_wconf 88' lang='lat' dir='ltr'><strong>debui,</strong></span> <span class='ocrx_word' id='word_1_515' title='bbox 2413 3733 2536 3772; x_wconf 91' lang='lat' dir='ltr'><strong>cum</strong></span> <span class='ocrx_word' id='word_1_516' title='bbox 2567 3718 2698 3786; x_wconf 87' lang='lat' dir='ltr'><strong>legis</strong></span> <span class='ocrx_word' id='word_1_517' title='bbox 2734 3717 3058 3772; x_wconf 82' lang='lat' dir='ltr'><strong>audientiam</strong></span> <span class='ocrx_word' id='word_1_518' title='bbox 3101 3719 3400 3774; x_wconf 90' lang='lat' dir='ltr'><strong>tribuerent</strong></span> <span class='ocrx_word' id='word_1_519' title='bbox 3431 3718 3514 3773; x_wconf 90' lang='lat' dir='ltr'><strong>bis</strong></span> <span class='ocrx_word' id='word_1_520' title='bbox 3549 3720 3640 3789; x_wconf 92' lang='lat' dir='ltr'><strong>qui</strong></span> <span class='ocrx_word' id='word_1_521' title='bbox 3684 3735 3784 3775; x_wconf 79' lang='lat' dir='ltr'><strong>ue-</strong></span> 
     </span>
    </p>
   </div>
   <div class='ocr_carea' id='block_1_83' title="bbox 2189 3810 3784 3882">
    <p class='ocr_par' dir='ltr' id='par_1_83' title="bbox 2189 3810 3784 3882">
     <span class='ocr_line' id='line_1_83' title="bbox 2189 3810 3784 3882; baseline 0.003 -22"><span class='ocrx_word' id='word_1_522' title='bbox 2189 3827 2293 3882; x_wconf 86' lang='lat' dir='ltr'><strong>que</strong></span> <span class='ocrx_word' id='word_1_523' title='bbox 2339 3811 2391 3866; x_wconf 92' lang='lat' dir='ltr'><strong>in</strong></span> <span class='ocrx_word' id='word_1_524' title='bbox 2441 3810 2746 3880; x_wconf 89' lang='lat' dir='ltr'><strong>cognitione</strong></span> <span class='ocrx_word' id='word_1_525' title='bbox 2788 3811 3166 3876; x_wconf 89' lang='lat' dir='ltr'><strong>constiterant,</strong></span> <span class='ocrx_word' id='word_1_526' title='bbox 3218 3825 3392 3879; x_wconf 88' lang='lat' dir='ltr'><strong>neque</strong></span> <span class='ocrx_word' id='word_1_527' title='bbox 3435 3821 3784 3879; x_wconf 81' lang='lat' dir='ltr'><strong>sumpserant</strong></span> 
     </span>
    </p>
   </div>
   <div class='ocr_carea' id='block_1_84' title="bbox 2189 3901 3780 3970">
    <p class='ocr_par' dir='ltr' id='par_1_84' title="bbox 2189 3901 3780 3970">
     <span class='ocr_line' id='line_1_84' title="bbox 2189 3901 3780 3970; baseline -0.001 -13"><span class='ocrx_word' id='word_1_528' title='bbox 2189 3901 2469 3958; x_wconf 84' lang='lat' dir='ltr'><strong>relationis</strong></span> <span class='ocrx_word' id='word_1_529' title='bbox 2510 3903 2839 3970; x_wconf 79' lang='lat' dir='ltr'><strong>exemplum.</strong></span> <span class='ocrx_word' id='word_1_530' title='bbox 2893 3901 3198 3958; x_wconf 82' lang='lat' dir='ltr'><strong>Accedebat</strong></span> <span class='ocrx_word' id='word_1_531' title='bbox 3233 3903 3378 3957; x_wconf 89' lang='lat' dir='ltr'><strong>enim</strong></span> <span class='ocrx_word' id='word_1_532' title='bbox 3410 3916 3570 3956; x_wconf 74' lang='lat' dir='ltr'><strong>causa</strong></span> <span class='ocrx_word' id='word_1_533' title='bbox 3613 3903 3780 3958; x_wconf 83' lang='lat' dir='ltr'><strong>robu-</strong></span> 
     </span>
    </p>
   </div>
   <div class='ocr_carea' id='block_1_85' title="bbox 2189 3993 3783 4068">
    <p class='ocr_par' dir='ltr' id='par_1_85' title="bbox 2189 3993 3783 4068">
     <span class='ocr_line' id='line_1_85' title="bbox 2189 3993 3783 4068; baseline 0.004 -20"><span class='ocrx_word' id='word_1_534' title='bbox 2189 3993 2356 4061; x_wconf 83' lang='lat' dir='ltr'><strong>stior,</strong></span> <span class='ocrx_word' id='word_1_535' title='bbox 2403 3993 2546 4063; x_wconf 86' lang='lat' dir='ltr'><strong>quod</strong></span> <span class='ocrx_word' id='word_1_536' title='bbox 2588 3995 2992 4050; x_wconf 88' lang='lat' dir='ltr'><strong>materfamilias</strong></span> <span class='ocrx_word' id='word_1_537' title='bbox 3039 4011 3155 4051; x_wconf 89' lang='lat' dir='ltr'><strong>mea</strong></span> <span class='ocrx_word' id='word_1_538' title='bbox 3199 3995 3400 4051; x_wconf 91' lang='lat' dir='ltr'><strong>dudum</strong></span> <span class='ocrx_word' id='word_1_539' title='bbox 3447 3998 3783 4068; x_wconf 76' lang='lat' dir='ltr'><strong>etnancipata</strong></span> 
     </span>
    </p>
   </div>
   <div class='ocr_carea' id='block_1_86' title="bbox 2189 4091 3780 4164">
    <p class='ocr_par' dir='ltr' id='par_1_86' title="bbox 2189 4091 3780 4164">
     <span class='ocr_line' id='line_1_86' title="bbox 2189 4091 3780 4164; baseline 0.003 -18"><span class='ocrx_word' id='word_1_540' title='bbox 2189 4091 2453 4146; x_wconf 90' lang='lat' dir='ltr'><strong>bonorum</strong></span> <span class='ocrx_word' id='word_1_541' title='bbox 2485 4091 2880 4161; x_wconf 88' lang='lat' dir='ltr'><strong>possessionem</strong></span> <span class='ocrx_word' id='word_1_542' title='bbox 2919 4101 3072 4164; x_wconf 79' lang='lat' dir='ltr'><strong>patre</strong></span> <span class='ocrx_word' id='word_1_543' title='bbox 3101 4103 3314 4150; x_wconf 90' lang='lat' dir='ltr'><strong>mortuo</strong></span> <span class='ocrx_word' id='word_1_544' title='bbox 3343 4110 3449 4150; x_wconf 91' lang='lat' dir='ltr'><strong>non</strong></span> <span class='ocrx_word' id='word_1_545' title='bbox 3495 4096 3739 4164; x_wconf 74' lang='lat' dir='ltr'><strong>ponoscit</strong></span> <span class='ocrx_word' id='word_1_546' title='bbox 3760 4137 3780 4161; x_wconf 91' lang='lat'><strong>,</strong></span> 
     </span>
    </p>
   </div>
   <div class='ocr_carea' id='block_1_87' title="bbox 2189 4186 3784 4261">
    <p class='ocr_par' dir='ltr' id='par_1_87' title="bbox 2189 4186 3784 4261">
     <span class='ocr_line' id='line_1_87' title="bbox 2189 4186 3784 4261; baseline 0.003 -19"><span class='ocrx_word' id='word_1_547' title='bbox 2189 4199 2349 4258; x_wconf 80' lang='lat' dir='ltr'><strong>atque</strong></span> <span class='ocrx_word' id='word_1_548' title='bbox 2371 4186 2492 4242; x_wconf 89' lang='lat' dir='ltr'><strong>ideo</strong></span> <span class='ocrx_word' id='word_1_549' title='bbox 2511 4188 2772 4258; x_wconf 89' lang='lat' dir='ltr'><strong>rescripto</strong></span> <span class='ocrx_word' id='word_1_550' title='bbox 2798 4201 2858 4244; x_wconf 90' lang='lat' dir='ltr'><strong>se</strong></span> <span class='ocrx_word' id='word_1_551' title='bbox 2881 4189 3108 4244; x_wconf 87' lang='lat' dir='ltr'><strong>asseruit</strong></span> <span class='ocrx_word' id='word_1_552' title='bbox 3133 4203 3238 4244; x_wconf 90' lang='lat' dir='ltr'><strong>non</strong></span> <span class='ocrx_word' id='word_1_553' title='bbox 3263 4190 3456 4245; x_wconf 88' lang='lat' dir='ltr'><strong>teneri.</strong></span> <span class='ocrx_word' id='word_1_554' title='bbox 3481 4189 3592 4244; x_wconf 81' lang='lat' dir='ltr'><strong>Misi</strong></span> <span class='ocrx_word' id='word_1_555' title='bbox 3614 4189 3784 4261; x_wconf 88' lang='lat' dir='ltr'><strong>igitur</strong></span> 
     </span>
    </p>
   </div>
   <div class='ocr_carea' id='block_1_88' title="bbox 2189 4280 3783 4351">
    <p class='ocr_par' dir='ltr' id='par_1_88' title="bbox 2189 4280 3783 4351">
     <span class='ocr_line' id='line_1_88' title="bbox 2189 4280 3783 4351; baseline 0.001 -16"><span class='ocrx_word' id='word_1_556' title='bbox 2189 4283 2288 4335; x_wconf 86' lang='lat' dir='ltr'><strong>sub</strong></span> <span class='ocrx_word' id='word_1_557' title='bbox 2319 4280 2580 4336; x_wconf 84' lang='lat' dir='ltr'><strong>relatione</strong></span> <span class='ocrx_word' id='word_1_558' title='bbox 2629 4289 2971 4336; x_wconf 89' lang='lat' dir='ltr'><strong>monumenta</strong></span> <span class='ocrx_word' id='word_1_559' title='bbox 3012 4280 3308 4351; x_wconf 79' lang='lat' dir='ltr'><strong>gestorum,</strong></span> <span class='ocrx_word' id='word_1_560' title='bbox 3357 4294 3580 4350; x_wconf 87' lang='lat' dir='ltr'><strong>sperans</strong></span> <span class='ocrx_word' id='word_1_561' title='bbox 3615 4281 3783 4336; x_wconf 87' lang='lat' dir='ltr'><strong>etiam</strong></span> 
     </span>
    </p>
   </div>
   <div class='ocr_carea' id='block_1_89' title="bbox 2190 4371 3784 4442">
    <p class='ocr_par' dir='ltr' id='par_1_89' title="bbox 2190 4371 3784 4442">
     <span class='ocr_line' id='line_1_89' title="bbox 2190 4371 3784 4442; baseline 0.002 -18"><span class='ocrx_word' id='word_1_562' title='bbox 2190 4381 2295 4424; x_wconf 75' lang='lat' dir='ltr'><strong>tua:</strong></span> <span class='ocrx_word' id='word_1_563' title='bbox 2325 4371 2597 4440; x_wconf 87' lang='lat' dir='ltr'><strong>religionis</strong></span> <span class='ocrx_word' id='word_1_564' title='bbox 2625 4373 2828 4426; x_wconf 88' lang='lat' dir='ltr'><strong>auxilio</strong></span> <span class='ocrx_word' id='word_1_565' title='bbox 2853 4387 3049 4427; x_wconf 89' lang='lat' dir='ltr'><strong>novum</strong></span> <span class='ocrx_word' id='word_1_566' title='bbox 3077 4372 3386 4442; x_wconf 78' lang='lat' dir='ltr'><strong>exemplum</strong></span> <span class='ocrx_word' id='word_1_567' title='bbox 3421 4387 3578 4441; x_wconf 89' lang='lat' dir='ltr'><strong>posse</strong></span> <span class='ocrx_word' id='word_1_568' title='bbox 3599 4387 3784 4428; x_wconf 84' lang='lat' dir='ltr'><strong>remo-</strong></span> 
     </span>
    </p>
   </div>
   <div class='ocr_carea' id='block_1_90' title="bbox 497 4463 3786 4535">
    <p class='ocr_par' dir='ltr' id='par_1_90' title="bbox 497 4463 3786 4535">
     <span class='ocr_line' id='line_1_90' title="bbox 497 4463 3786 4535; baseline -0 -16"><span class='ocrx_word' id='word_1_569' title='bbox 497 4463 954 4519; x_wconf 85' lang='lat' dir='ltr'><strong>excelleutissimo</strong></span> <span class='ocrx_word' id='word_1_570' title='bbox 994 4465 1110 4519; x_wconf 92' lang='lat' dir='ltr'><strong>viro</strong></span> <span class='ocrx_word' id='word_1_571' title='bbox 1146 4463 1298 4520; x_wconf 82' lang='lat' dir='ltr'><strong>fratri</strong></span> <span class='ocrx_word' id='word_1_572' title='bbox 1333 4473 1518 4520; x_wconf 91' lang='lat' dir='ltr'><strong>nostro</strong></span> <span class='ocrx_word' id='word_1_573' title='bbox 1557 4464 1814 4535; x_wconf 59' lang='lat' dir='ltr'><strong>praefecto</strong></span> <span class='ocrx_word' id='word_1_574' title='bbox 1843 4465 1972 4520; x_wconf 87' lang='lat' dir='ltr'><strong>Urbi</strong></span> <span class='ocrx_word' id='word_1_575' title='bbox 1999 4465 2085 4521; x_wconf 91' lang='lat' dir='ltr'><strong>in-</strong></span> <span class='ocrx_word' id='word_1_576' title='bbox 2121 4472 2169 4535; x_wconf 85' lang='lat'><strong>_‘</strong></span> <span class='ocrx_word' id='word_1_577' title='bbox 2194 4465 2328 4528; x_wconf 89' lang='lat' dir='ltr'><strong>veri,</strong></span> <span class='ocrx_word' id='word_1_578' title='bbox 2361 4465 2416 4518; x_wconf 92' lang='lat' dir='ltr'><strong>in</strong></span> <span class='ocrx_word' id='word_1_579' title='bbox 2455 4480 2516 4520; x_wconf 90' lang='lat' dir='ltr'><strong>ea</strong></span> <span class='ocrx_word' id='word_1_580' title='bbox 2549 4464 2848 4533; x_wconf 58' lang='lat' dir='ltr'><strong>prrsertim</strong></span> <span class='ocrx_word' id='word_1_581' title='bbox 2877 4479 3062 4529; x_wconf 89' lang='lat' dir='ltr'><strong>causa,</strong></span> <span class='ocrx_word' id='word_1_582' title='bbox 3103 4479 3224 4533; x_wconf 70' lang='lat' dir='ltr'><strong>quze</strong></span> <span class='ocrx_word' id='word_1_583' title='bbox 3265 4478 3364 4519; x_wconf 90' lang='lat' dir='ltr'><strong>nos</strong></span> <span class='ocrx_word' id='word_1_584' title='bbox 3391 4463 3511 4532; x_wconf 87' lang='lat' dir='ltr'><strong>jure</strong></span> <span class='ocrx_word' id='word_1_585' title='bbox 3542 4479 3648 4518; x_wconf 92' lang='lat' dir='ltr'><strong>non</strong></span> <span class='ocrx_word' id='word_1_586' title='bbox 3680 4463 3786 4518; x_wconf 84' lang='lat' dir='ltr'><strong>im--</strong></span> 
     </span>
    </p>
   </div>
   <div class='ocr_carea' id='block_1_91' title="bbox 497 4527 3784 4628">
    <p class='ocr_par' dir='ltr' id='par_1_91' title="bbox 497 4527 3784 4628">
     <span class='ocr_line' id='line_1_91' title="bbox 497 4527 3784 4628; baseline -0.001 -16"><span class='ocrx_word' id='word_1_587' title='bbox 497 4564 718 4612; x_wconf 67' lang='lat' dir='ltr'><strong>cestatze</strong></span> <span class='ocrx_word' id='word_1_588' title='bbox 751 4555 1088 4627; x_wconf 65' lang='lat' dir='ltr'><strong>Primigeniae</strong></span> <span class='ocrx_word' id='word_1_589' title='bbox 1116 4558 1359 4628; x_wconf 89' lang='lat' dir='ltr'><strong>virginis,</strong></span> <span class='ocrx_word' id='word_1_590' title='bbox 1404 4575 1525 4628; x_wconf 72' lang='lat' dir='ltr'><strong>qua:</strong></span> <span class='ocrx_word' id='word_1_591' title='bbox 1559 4527 1718 4614; x_wconf 73' lang='lat' dir='ltr'><strong>sacra</strong></span> <span class='ocrx_word' id='word_1_592' title='bbox 1757 4559 1959 4614; x_wconf 79' lang='lat' dir='ltr'><strong>Albana</strong></span> <span class='ocrx_word' id='word_1_593' title='bbox 1991 4575 2085 4615; x_wconf 85' lang='lat' dir='ltr'><strong>cu-</strong></span> <span class='ocrx_word' id='word_1_594' title='bbox 2119 4527 2168 4587; x_wconf 69' lang='grc' dir='ltr'><strong>Ι)</strong></span> <span class='ocrx_word' id='word_1_595' title='bbox 2193 4555 2372 4626; x_wconf 82' lang='lat' dir='ltr'><strong>plicat.</strong></span> <span class='ocrx_word' id='word_1_596' title='bbox 2403 4527 2714 4609; x_wconf 70' lang='lat' dir='ltr'><strong>Teneantur</strong></span> <span class='ocrx_word' id='word_1_597' title='bbox 2739 4554 2850 4610; x_wconf 90' lang='lat' dir='ltr'><strong>veri</strong></span> <span class='ocrx_word' id='word_1_598' title='bbox 2897 4527 3054 4624; x_wconf 86' lang='lat' dir='ltr'><strong>hujus</strong></span> <span class='ocrx_word' id='word_1_599' title='bbox 3083 4527 3222 4610; x_wconf 77' lang='lat' dir='ltr'><strong>tituli</strong></span> <span class='ocrx_word' id='word_1_600' title='bbox 3269 4527 3563 4610; x_wconf 72' lang='lat' dir='ltr'><strong>debitores.</strong></span> <span class='ocrx_word' id='word_1_601' title='bbox 3593 4554 3784 4610; x_wconf 78' lang='lat' dir='ltr'><strong>Exstat</strong></span> 
     </span>
    </p>
   </div>
   <div class='ocr_carea' id='block_1_92' title="bbox 502 4649 2083 4724">
    <p class='ocr_par' dir='ltr' id='par_1_92' title="bbox 502 4649 2083 4724">
     <span class='ocr_line' id='line_1_92' title="bbox 502 4649 2083 4724; baseline 0.003 -20"><span class='ocrx_word' id='word_1_602' title='bbox 502 4649 674 4716; x_wconf 90' lang='lat' dir='ltr'><strong>rabat,</strong></span> <span class='ocrx_word' id='word_1_603' title='bbox 696 4665 724 4702; x_wconf 90' lang='lat' dir='ltr'><strong>a</strong></span> <span class='ocrx_word' id='word_1_604' title='bbox 751 4651 980 4720; x_wconf 91' lang='lat' dir='ltr'><strong>collegio</strong></span> <span class='ocrx_word' id='word_1_605' title='bbox 1008 4660 1194 4705; x_wconf 90' lang='lat' dir='ltr'><strong>nostro</strong></span> <span class='ocrx_word' id='word_1_606' title='bbox 1223 4651 1458 4706; x_wconf 88' lang='lat' dir='ltr'><strong>vindicta</strong></span> <span class='ocrx_word' id='word_1_607' title='bbox 1486 4652 1662 4707; x_wconf 89' lang='lat' dir='ltr'><strong>delata</strong></span> <span class='ocrx_word' id='word_1_608' title='bbox 1688 4663 1790 4707; x_wconf 92' lang='lat' dir='ltr'><strong>est.</strong></span> <span class='ocrx_word' id='word_1_609' title='bbox 1828 4651 1935 4708; x_wconf 90' lang='lat' dir='ltr'><strong>Sed</strong></span> <span class='ocrx_word' id='word_1_610' title='bbox 1959 4654 2083 4724; x_wconf 85' lang='lat' dir='ltr'><strong>quia</strong></span> 
     </span>
    </p>
   </div>
   <div class='ocr_carea' id='block_1_93' title="bbox 502 4740 2086 4816">
    <p class='ocr_par' dir='ltr' id='par_1_93' title="bbox 502 4740 2086 4816">
     <span class='ocr_line' id='line_1_93' title="bbox 502 4740 2086 4816; baseline 0.004 -20"><span class='ocrx_word' id='word_1_611' title='bbox 502 4740 698 4796; x_wconf 87' lang='lat' dir='ltr'><strong>litteris</strong></span> <span class='ocrx_word' id='word_1_612' title='bbox 726 4742 844 4810; x_wconf 90' lang='lat' dir='ltr'><strong>ejus</strong></span> <span class='ocrx_word' id='word_1_613' title='bbox 870 4755 1049 4796; x_wconf 77' lang='lat' dir='ltr'><strong>causa:</strong></span> <span class='ocrx_word' id='word_1_614' title='bbox 1069 4740 1377 4811; x_wconf 88' lang='lat' dir='ltr'><strong>probabiles</strong></span> <span class='ocrx_word' id='word_1_615' title='bbox 1397 4743 1712 4809; x_wconf 74' lang='lat' dir='ltr'><strong>afferuntur,</strong></span> <span class='ocrx_word' id='word_1_616' title='bbox 1740 4745 1882 4814; x_wconf 88' lang='lat' dir='ltr'><strong>quod</strong></span> <span class='ocrx_word' id='word_1_617' title='bbox 1911 4761 2086 4816; x_wconf 86' lang='lat' dir='ltr'><strong>neque</strong></span> 
     </span>
    </p>
   </div>
   <div class='ocr_carea' id='block_1_94' title="bbox 503 4832 2108 4894">
    <p class='ocr_par' dir='ltr' id='par_1_94' title="bbox 503 4832 2108 4894">
     <span class='ocr_line' id='line_1_94' title="bbox 503 4832 2108 4894; baseline 0.006 -8"><span class='ocrx_word' id='word_1_618' title='bbox 503 4847 688 4887; x_wconf 91' lang='lat' dir='ltr'><strong>muros</strong></span> <span class='ocrx_word' id='word_1_619' title='bbox 728 4832 887 4888; x_wconf 88' lang='lat' dir='ltr'><strong>Urbis</strong></span> <span class='ocrx_word' id='word_1_620' title='bbox 923 4842 1142 4887; x_wconf 65' lang='lat' dir='ltr'><strong>aeternae</strong></span> <span class='ocrx_word' id='word_1_621' title='bbox 1171 4834 1306 4888; x_wconf 88' lang='lat' dir='ltr'><strong>tanti</strong></span> <span class='ocrx_word' id='word_1_622' title='bbox 1333 4834 1575 4889; x_wconf 90' lang='lat' dir='ltr'><strong>criminis</strong></span> <span class='ocrx_word' id='word_1_623' title='bbox 1607 4851 1753 4890; x_wconf 88' lang='lat' dir='ltr'><strong>ream</strong></span> <span class='ocrx_word' id='word_1_624' title='bbox 1797 4838 1876 4893; x_wconf 89' lang='lat' dir='ltr'><strong>fas</strong></span> <span class='ocrx_word' id='word_1_625' title='bbox 1905 4839 1972 4893; x_wconf 93' lang='lat' dir='ltr'><strong>sit</strong></span> <span class='ocrx_word' id='word_1_626' title='bbox 1999 4839 2108 4894; x_wconf 59' lang='lat' dir='ltr'><strong>inf</strong></span> 
     </span>
    </p>
   </div>
   <div class='ocr_carea' id='block_1_95' title="bbox 503 4925 2084 4996">
    <p class='ocr_par' dir='ltr' id='par_1_95' title="bbox 503 4925 2084 4996">
     <span class='ocr_line' id='line_1_95' title="bbox 503 4925 2084 4996; baseline 0.002 -14"><span class='ocrx_word' id='word_1_627' title='bbox 503 4935 646 4982; x_wconf 91' lang='lat' dir='ltr'><strong>trare</strong></span> <span class='ocrx_word' id='word_1_628' title='bbox 663 4941 679 4990; x_wconf 87' lang='lat'><strong>;</strong></span> <span class='ocrx_word' id='word_1_629' title='bbox 695 4940 868 4992; x_wconf 89' lang='lat' dir='ltr'><strong>neque</strong></span> <span class='ocrx_word' id='word_1_630' title='bbox 886 4927 1000 4995; x_wconf 90' lang='lat' dir='ltr'><strong>ipse</strong></span> <span class='ocrx_word' id='word_1_631' title='bbox 1018 4925 1084 4980; x_wconf 89' lang='lat' dir='ltr'><strong>ad</strong></span> <span class='ocrx_word' id='word_1_632' title='bbox 1115 4925 1400 4996; x_wconf 88' lang='lat' dir='ltr'><strong>longinqua</strong></span> <span class='ocrx_word' id='word_1_633' title='bbox 1423 4927 1592 4995; x_wconf 91' lang='lat' dir='ltr'><strong>possit</strong></span> <span class='ocrx_word' id='word_1_634' title='bbox 1611 4941 1898 4985; x_wconf 89' lang='lat' dir='ltr'><strong>occurrere</strong></span> <span class='ocrx_word' id='word_1_635' title='bbox 1921 4948 1933 4983; x_wconf 92' lang='lat'>:</span> <span class='ocrx_word' id='word_1_636' title='bbox 1959 4945 2084 4985; x_wconf 90' lang='lat' dir='ltr'><strong>cum</strong></span> 
     </span>
    </p>
   </div>
   <div class='ocr_carea' id='block_1_96' title="bbox 501 5019 2086 5088">
    <p class='ocr_par' dir='ltr' id='par_1_96' title="bbox 501 5019 2086 5088">
     <span class='ocr_line' id='line_1_96' title="bbox 501 5019 2086 5088; baseline 0.003 -15"><span class='ocrx_word' id='word_1_637' title='bbox 501 5019 728 5082; x_wconf 87' lang='lat' dir='ltr'><strong>facinus,</strong></span> <span class='ocrx_word' id='word_1_638' title='bbox 761 5019 850 5074; x_wconf 90' lang='lat' dir='ltr'><strong>ubi</strong></span> <span class='ocrx_word' id='word_1_639' title='bbox 887 5019 1181 5075; x_wconf 79' lang='lat' dir='ltr'><strong>admissum</strong></span> <span class='ocrx_word' id='word_1_640' title='bbox 1211 5027 1316 5086; x_wconf 89' lang='lat' dir='ltr'><strong>est,</strong></span> <span class='ocrx_word' id='word_1_641' title='bbox 1347 5019 1542 5075; x_wconf 88' lang='lat' dir='ltr'><strong>debeat</strong></span> <span class='ocrx_word' id='word_1_642' title='bbox 1577 5020 1785 5088; x_wconf 80' lang='lat' dir='ltr'><strong>expiari</strong></span> <span class='ocrx_word' id='word_1_643' title='bbox 1817 5037 1834 5075; x_wconf 90' lang='lat'><strong>:</strong></span> <span class='ocrx_word' id='word_1_644' title='bbox 1864 5037 2086 5077; x_wconf 90' lang='lat' dir='ltr'><strong>necesse</strong></span> 
     </span>
    </p>
   </div>
   <div class='ocr_carea' id='block_1_97' title="bbox 395 5104 2080 5182">
    <p class='ocr_par' dir='ltr' id='par_1_97' title="bbox 395 5104 2080 5182">
     <span class='ocr_line' id='line_1_97' title="bbox 395 5104 2080 5182; baseline 0.004 -17"><span class='ocrx_word' id='word_1_645' title='bbox 395 5104 401 5110; x_wconf 84' lang='grc'><em>’</em></span> <span class='ocrx_word' id='word_1_646' title='bbox 502 5111 873 5182; x_wconf 80' lang='lat' dir='ltr'><strong>perspeximus</strong></span> <span class='ocrx_word' id='word_1_647' title='bbox 920 5119 1242 5180; x_wconf 89' lang='lat' dir='ltr'><strong>potestatem</strong></span> <span class='ocrx_word' id='word_1_648' title='bbox 1292 5112 1572 5168; x_wconf 89' lang='lat' dir='ltr'><strong>finitimam</strong></span> <span class='ocrx_word' id='word_1_649' title='bbox 1623 5115 1947 5180; x_wconf 86' lang='lat' dir='ltr'><strong>convenire,</strong></span> <span class='ocrx_word' id='word_1_650' title='bbox 1994 5117 2080 5172; x_wconf 91' lang='lat' dir='ltr'><strong>cui</strong></span> 
     </span>
    </p>
   </div>
   <div class='ocr_carea' id='block_1_98' title="bbox 501 5204 2084 5277">
    <p class='ocr_par' dir='ltr' id='par_1_98' title="bbox 501 5204 2084 5277">
     <span class='ocr_line' id='line_1_98' title="bbox 501 5204 2084 5277; baseline 0.004 -20"><span class='ocrx_word' id='word_1_651' title='bbox 501 5205 898 5272; x_wconf 86' lang='lat' dir='ltr'><strong>provinciarum</strong></span> <span class='ocrx_word' id='word_1_652' title='bbox 918 5205 1037 5275; x_wconf 89' lang='lat' dir='ltr'><strong>jura</strong></span> <span class='ocrx_word' id='word_1_653' title='bbox 1061 5204 1308 5260; x_wconf 87' lang='lat' dir='ltr'><strong>mandata</strong></span> <span class='ocrx_word' id='word_1_654' title='bbox 1335 5215 1478 5272; x_wconf 90' lang='lat' dir='ltr'><strong>sunt,</strong></span> <span class='ocrx_word' id='word_1_655' title='bbox 1510 5217 1567 5260; x_wconf 92' lang='lat' dir='ltr'><strong>ut</strong></span> <span class='ocrx_word' id='word_1_656' title='bbox 1593 5206 1648 5261; x_wconf 93' lang='lat' dir='ltr'><strong>in</strong></span> <span class='ocrx_word' id='word_1_657' title='bbox 1681 5205 2084 5277; x_wconf 85' lang='lat' dir='ltr'><strong>Primigeniam,</strong></span> 
     </span>
    </p>
   </div>
   <div class='ocr_carea' id='block_1_99' title="bbox 500 5293 2080 5366">
    <p class='ocr_par' dir='ltr' id='par_1_99' title="bbox 500 5293 2080 5366">
     <span class='ocr_line' id='line_1_99' title="bbox 500 5293 2080 5366; baseline 0.004 -18"><span class='ocrx_word' id='word_1_658' title='bbox 500 5310 620 5364; x_wconf 73' lang='lat' dir='ltr'><strong>qua:</strong></span> <span class='ocrx_word' id='word_1_659' title='bbox 669 5293 1000 5365; x_wconf 89' lang='lat' dir='ltr'><strong>publicarum</strong></span> <span class='ocrx_word' id='word_1_660' title='bbox 1045 5298 1490 5352; x_wconf 62' lang='lat' dir='ltr'><strong>caeremoniarum</strong></span> <span class='ocrx_word' id='word_1_661' title='bbox 1528 5298 1820 5354; x_wconf 88' lang='lat' dir='ltr'><strong>maculavit</strong></span> <span class='ocrx_word' id='word_1_662' title='bbox 1861 5314 2080 5366; x_wconf 84' lang='lat' dir='ltr'><strong>arcana,</strong></span> 
     </span>
    </p>
   </div>
   <div class='ocr_carea' id='block_1_100' title="bbox 499 5388 2084 5462">
    <p class='ocr_par' dir='ltr' id='par_1_100' title="bbox 499 5388 2084 5462">
     <span class='ocr_line' id='line_1_100' title="bbox 499 5388 2084 5462; baseline 0.004 -21"><span class='ocrx_word' id='word_1_663' title='bbox 499 5397 979 5458; x_wconf 84' lang='lat' dir='ltr'><strong>corruptoremque</strong></span> <span class='ocrx_word' id='word_1_664' title='bbox 999 5388 1115 5458; x_wconf 86' lang='lat' dir='ltr'><strong>ejus</strong></span> <span class='ocrx_word' id='word_1_665' title='bbox 1144 5388 1554 5460; x_wconf 79' lang='lat' dir='ltr'><strong>Maximum,qui</strong></span> <span class='ocrx_word' id='word_1_666' title='bbox 1583 5390 1798 5457; x_wconf 90' lang='lat' dir='ltr'><strong>quidem</strong></span> <span class='ocrx_word' id='word_1_667' title='bbox 1827 5390 2084 5462; x_wconf 88' lang='lat' dir='ltr'><strong>flagitium</strong></span> 
     </span>
    </p>
   </div>
   <div class='ocr_carea' id='block_1_101' title="bbox 500 5482 2082 5552">
    <p class='ocr_par' dir='ltr' id='par_1_101' title="bbox 500 5482 2082 5552">
     <span class='ocr_line' id='line_1_101' title="bbox 500 5482 2082 5552; baseline 0.004 -18"><span class='ocrx_word' id='word_1_668' title='bbox 500 5497 606 5534; x_wconf 87' lang='lat' dir='ltr'><strong>non</strong></span> <span class='ocrx_word' id='word_1_669' title='bbox 631 5482 863 5552; x_wconf 88' lang='lat' dir='ltr'><strong>negavit,</strong></span> <span class='ocrx_word' id='word_1_670' title='bbox 895 5483 1158 5537; x_wconf 86' lang='lat' dir='ltr'><strong>severitas</strong></span> <span class='ocrx_word' id='word_1_671' title='bbox 1179 5499 1391 5552; x_wconf 87' lang='lat' dir='ltr'><strong>semper</strong></span> <span class='ocrx_word' id='word_1_672' title='bbox 1420 5484 1504 5539; x_wconf 90' lang='lat' dir='ltr'><strong>his</strong></span> <span class='ocrx_word' id='word_1_673' title='bbox 1533 5484 1772 5540; x_wconf 86' lang='lat' dir='ltr'><strong>adhibita</strong></span> <span class='ocrx_word' id='word_1_674' title='bbox 1812 5494 2082 5540; x_wconf 90' lang='lat' dir='ltr'><strong>exeratur.</strong></span> 
     </span>
    </p>
   </div>
   <div class='ocr_carea' id='block_1_102' title="bbox 503 5574 2086 5646">
    <p class='ocr_par' dir='ltr' id='par_1_102' title="bbox 503 5574 2086 5646">
     <span class='ocr_line' id='line_1_102' title="bbox 503 5574 2086 5646; baseline 0.004 -20"><span class='ocrx_word' id='word_1_675' title='bbox 503 5574 818 5643; x_wconf 86' lang='lat' dir='ltr'><strong>Dignabcris</strong></span> <span class='ocrx_word' id='word_1_676' title='bbox 859 5575 1021 5646; x_wconf 89' lang='lat' dir='ltr'><strong>igitur</strong></span> <span class='ocrx_word' id='word_1_677' title='bbox 1061 5575 1420 5632; x_wconf 89' lang='lat' dir='ltr'><strong>consideratis</strong></span> <span class='ocrx_word' id='word_1_678' title='bbox 1461 5577 1914 5643; x_wconf 88' lang='lat' dir='ltr'><strong>confessionibus,</strong></span> <span class='ocrx_word' id='word_1_679' title='bbox 1965 5593 2086 5646; x_wconf 66' lang='lat' dir='ltr'><strong>qua:</strong></span> 
     </span>
    </p>
   </div>
   <div class='ocr_carea' id='block_1_103' title="bbox 503 5667 2084 5741">
    <p class='ocr_par' dir='ltr' id='par_1_103' title="bbox 503 5667 2084 5741">
     <span class='ocr_line' id='line_1_103' title="bbox 503 5667 2084 5741; baseline 0.006 -25"><span class='ocrx_word' id='word_1_680' title='bbox 503 5667 713 5720; x_wconf 85' lang='lat' dir='ltr'><strong>nefandi</strong></span> <span class='ocrx_word' id='word_1_681' title='bbox 761 5669 1004 5723; x_wconf 88' lang='lat' dir='ltr'><strong>criminis</strong></span> <span class='ocrx_word' id='word_1_682' title='bbox 1048 5668 1360 5738; x_wconf 77' lang='lat' dir='ltr'><strong>tragmdiam</strong></span> <span class='ocrx_word' id='word_1_683' title='bbox 1406 5670 1794 5739; x_wconf 86' lang='lat' dir='ltr'><strong>prodiderunt,</strong></span> <span class='ocrx_word' id='word_1_684' title='bbox 1836 5671 2084 5741; x_wconf 77' lang='lat' dir='ltr'><strong>iniuriam</strong></span> 
     </span>
    </p>
   </div>
   <div class='ocr_carea' id='block_1_104' title="bbox 503 5760 2044 5832">
    <p class='ocr_par' dir='ltr' id='par_1_104' title="bbox 503 5760 2044 5832">
     <span class='ocr_line' id='line_1_104' title="bbox 503 5760 2044 5832; baseline 0.005 -22"><span class='ocrx_word' id='word_1_685' title='bbox 503 5760 786 5813; x_wconf 82' lang='lat' dir='ltr'><strong>castissimi</strong></span> <span class='ocrx_word' id='word_1_686' title='bbox 813 5763 992 5817; x_wconf 72' lang='lat' dir='ltr'><strong>smculi</strong></span> <span class='ocrx_word' id='word_1_687' title='bbox 1022 5778 1234 5818; x_wconf 83' lang='lat' dir='ltr'><strong>reorum</strong></span> <span class='ocrx_word' id='word_1_688' title='bbox 1266 5763 1542 5832; x_wconf 65' lang='lat' dir='ltr'><strong>suppliciis</strong></span> <span class='ocrx_word' id='word_1_689' title='bbox 1567 5764 1860 5819; x_wconf 86' lang='lat' dir='ltr'><strong>vindicare.</strong></span> <span class='ocrx_word' id='word_1_690' title='bbox 1895 5765 2044 5821; x_wconf 88' lang='lat' dir='ltr'><strong>Vale.</strong></span> 
     </span>
    </p>
   </div>
   <div class='ocr_carea' id='block_1_105' title="bbox 2195 4649 3784 4721">
    <p class='ocr_par' dir='ltr' id='par_1_105' title="bbox 2195 4649 3784 4721">
     <span class='ocr_line' id='line_1_105' title="bbox 2195 4649 3784 4721; baseline 0 -17"><span class='ocrx_word' id='word_1_691' title='bbox 2195 4661 2350 4706; x_wconf 85' lang='lat' dir='ltr'><strong>vetns</strong></span> <span class='ocrx_word' id='word_1_692' title='bbox 2399 4651 2662 4721; x_wconf 89' lang='lat' dir='ltr'><strong>professio</strong></span> <span class='ocrx_word' id='word_1_693' title='bbox 2707 4650 2967 4720; x_wconf 86' lang='lat' dir='ltr'><strong>Campani</strong></span> <span class='ocrx_word' id='word_1_694' title='bbox 3007 4649 3336 4716; x_wconf 86' lang='lat' dir='ltr'><strong>consularis;</strong></span> <span class='ocrx_word' id='word_1_695' title='bbox 3382 4657 3596 4704; x_wconf 84' lang='lat' dir='ltr'><strong>exstant</strong></span> <span class='ocrx_word' id='word_1_696' title='bbox 3645 4650 3784 4704; x_wconf 78' lang='lat' dir='ltr'><strong>Acta</strong></span> 
     </span>
    </p>
   </div>
   <div class='ocr_carea' id='block_1_106' title="bbox 2191 4740 3785 4812">
    <p class='ocr_par' dir='ltr' id='par_1_106' title="bbox 2191 4740 3785 4812">
     <span class='ocr_line' id='line_1_106' title="bbox 2191 4740 3785 4812; baseline 0.001 -18"><span class='ocrx_word' id='word_1_697' title='bbox 2191 4744 2330 4811; x_wconf 86' lang='lat' dir='ltr'><strong>apud</strong></span> <span class='ocrx_word' id='word_1_698' title='bbox 2377 4743 2663 4798; x_wconf 84' lang='lat' dir='ltr'><strong>Etruscum</strong></span> <span class='ocrx_word' id='word_1_699' title='bbox 2710 4753 2974 4798; x_wconf 89' lang='lat' dir='ltr'><strong>rectorem</strong></span> <span class='ocrx_word' id='word_1_700' title='bbox 3022 4740 3287 4811; x_wconf 81' lang='lat' dir='ltr'><strong>confecta,</strong></span> <span class='ocrx_word' id='word_1_701' title='bbox 3333 4741 3528 4812; x_wconf 91' lang='lat' dir='ltr'><strong>quibus</strong></span> <span class='ocrx_word' id='word_1_702' title='bbox 3557 4741 3785 4796; x_wconf 89' lang='lat' dir='ltr'><strong>docetur</strong></span> 
     </span>
    </p>
   </div>
   <div class='ocr_carea' id='block_1_107' title="bbox 2188 4835 3785 4906">
    <p class='ocr_par' dir='ltr' id='par_1_107' title="bbox 2188 4835 3785 4906">
     <span class='ocr_line' id='line_1_107' title="bbox 2188 4835 3785 4906; baseline 0.002 -17"><span class='ocrx_word' id='word_1_703' title='bbox 2188 4835 2398 4890; x_wconf 83' lang='lat' dir='ltr'><strong>exactio</strong></span> <span class='ocrx_word' id='word_1_704' title='bbox 2425 4836 2688 4905; x_wconf 90' lang='lat' dir='ltr'><strong>promissa</strong></span> <span class='ocrx_word' id='word_1_705' title='bbox 2717 4836 3068 4906; x_wconf 90' lang='lat' dir='ltr'><strong>reliquorum.</strong></span> <span class='ocrx_word' id='word_1_706' title='bbox 3115 4835 3379 4892; x_wconf 87' lang='lat' dir='ltr'><strong>Parcatur</strong></span> <span class='ocrx_word' id='word_1_707' title='bbox 3418 4835 3668 4900; x_wconf 87' lang='lat' dir='ltr'><strong>innoxiis,</strong></span> <span class='ocrx_word' id='word_1_708' title='bbox 3711 4851 3785 4892; x_wconf 83' lang='lat' dir='ltr'><strong>ne</strong></span> 
     </span>
    </p>
   </div>
   <div class='ocr_carea' id='block_1_108' title="bbox 2191 4924 3783 4997">
    <p class='ocr_par' dir='ltr' id='par_1_108' title="bbox 2191 4924 3783 4997">
     <span class='ocr_line' id='line_1_108' title="bbox 2191 4924 3783 4997; baseline -0.003 -17"><span class='ocrx_word' id='word_1_709' title='bbox 2191 4928 2244 4980; x_wconf 91' lang='lat' dir='ltr'><strong>in</strong></span> <span class='ocrx_word' id='word_1_710' title='bbox 2273 4940 2466 4982; x_wconf 90' lang='lat' dir='ltr'><strong>omnes</strong></span> <span class='ocrx_word' id='word_1_711' title='bbox 2501 4929 2591 4997; x_wconf 92' lang='lat' dir='ltr'><strong>qui</strong></span> <span class='ocrx_word' id='word_1_712' title='bbox 2623 4926 2889 4996; x_wconf 88' lang='lat' dir='ltr'><strong>rempubl.</strong></span> <span class='ocrx_word' id='word_1_713' title='bbox 2919 4934 3130 4994; x_wconf 89' lang='lat' dir='ltr'><strong>curant,</strong></span> <span class='ocrx_word' id='word_1_714' title='bbox 3161 4927 3412 4980; x_wconf 87' lang='lat' dir='ltr'><strong>inusitata</strong></span> <span class='ocrx_word' id='word_1_715' title='bbox 3443 4924 3613 4980; x_wconf 75' lang='lat' dir='ltr'><strong>forma</strong></span> <span class='ocrx_word' id='word_1_716' title='bbox 3651 4941 3783 4994; x_wconf 88' lang='lat' dir='ltr'><strong>pro-</strong></span> 
     </span>
    </p>
   </div>
   <div class='ocr_carea' id='block_1_109' title="bbox 2189 5019 3786 5088">
    <p class='ocr_par' dir='ltr' id='par_1_109' title="bbox 2189 5019 3786 5088">
     <span class='ocr_line' id='line_1_109' title="bbox 2189 5019 3786 5088; baseline -0.004 -10"><span class='ocrx_word' id='word_1_717' title='bbox 2189 5023 2366 5079; x_wconf 89' lang='lat' dir='ltr'><strong>cedat.</strong></span> <span class='ocrx_word' id='word_1_718' title='bbox 2399 5021 2666 5078; x_wconf 86' lang='lat' dir='ltr'><strong>Convenit</strong></span> <span class='ocrx_word' id='word_1_719' title='bbox 2686 5022 2886 5076; x_wconf 72' lang='lat' dir='ltr'><strong>sreculo</strong></span> <span class='ocrx_word' id='word_1_720' title='bbox 2913 5031 3004 5074; x_wconf 91' lang='lat' dir='ltr'><strong>tuo</strong></span> <span class='ocrx_word' id='word_1_721' title='bbox 3025 5020 3122 5074; x_wconf 87' lang='lat' dir='ltr'><strong>ista</strong></span> <span class='ocrx_word' id='word_1_722' title='bbox 3150 5019 3378 5088; x_wconf 68' lang='lat' dir='ltr'><strong>justitia,</strong></span> <span class='ocrx_word' id='word_1_723' title='bbox 3413 5019 3568 5087; x_wconf 85' lang='lat' dir='ltr'><strong>cujus</strong></span> <span class='ocrx_word' id='word_1_724' title='bbox 3594 5020 3786 5072; x_wconf 85' lang='lat' dir='ltr'><strong>existi-</strong></span> 
     </span>
    </p>
   </div>
   <div class='ocr_carea' id='block_1_110' title="bbox 2187 5109 3438 5170">
    <p class='ocr_par' dir='ltr' id='par_1_110' title="bbox 2187 5109 3438 5170">
     <span class='ocr_line' id='line_1_110' title="bbox 2187 5109 3438 5170; baseline -0.003 0"><span class='ocrx_word' id='word_1_725' title='bbox 2187 5115 2353 5170; x_wconf 90' lang='lat' dir='ltr'><strong>matio</strong></span> <span class='ocrx_word' id='word_1_726' title='bbox 2386 5116 2580 5169; x_wconf 90' lang='lat' dir='ltr'><strong>vestris</strong></span> <span class='ocrx_word' id='word_1_727' title='bbox 2606 5113 2845 5168; x_wconf 89' lang='lat' dir='ltr'><strong>consiliis</strong></span> <span class='ocrx_word' id='word_1_728' title='bbox 2873 5113 3033 5167; x_wconf 88' lang='lat' dir='ltr'><strong>debet</strong></span> <span class='ocrx_word' id='word_1_729' title='bbox 3061 5109 3266 5170; x_wconf 87' lang='lat' dir='ltr'><strong>ornari.</strong></span> <span class='ocrx_word' id='word_1_730' title='bbox 3293 5111 3438 5166; x_wconf 80' lang='lat' dir='ltr'><strong>Vale.</strong></span> 
     </span>
    </p>
   </div>
   <div class='ocr_carea' id='block_1_111' title="bbox 2727 5199 3246 5257">
    <p class='ocr_par' dir='ltr' id='par_1_111' title="bbox 2727 5199 3246 5257">
     <span class='ocr_line' id='line_1_111' title="bbox 2727 5199 3246 5257; baseline -0.008 0"><span class='ocrx_word' id='word_1_731' title='bbox 2727 5202 2941 5257; x_wconf 84' lang='lat' dir='ltr'><strong>El’IST.</strong></span> <span class='ocrx_word' id='word_1_732' title='bbox 2984 5199 3246 5257; x_wconf 85' lang='lat' dir='ltr'><strong>CXXXII.</strong></span> 
     </span>
    </p>
   </div>
   <div class='ocr_carea' id='block_1_112' title="bbox 2761 5310 3191 5350">
    <p class='ocr_par' dir='ltr' id='par_1_112' title="bbox 2761 5310 3191 5350">
     <span class='ocr_line' id='line_1_112' title="bbox 2761 5310 3191 5350; baseline 0 0"><span class='ocrx_word' id='word_1_733' title='bbox 2761 5310 3191 5350; x_wconf 66' lang='lat' dir='ltr'><strong>SVIIACBUS...&quot;</strong></span> 
     </span>
    </p>
   </div>
   <div class='ocr_carea' id='block_1_113' title="bbox 2259 5388 3785 5462">
    <p class='ocr_par' dir='ltr' id='par_1_113' title="bbox 2259 5388 3785 5462">
     <span class='ocr_line' id='line_1_113' title="bbox 2259 5388 3785 5462; baseline -0.005 -13"><span class='ocrx_word' id='word_1_734' title='bbox 2259 5393 2492 5450; x_wconf 60' lang='lat' dir='ltr'><strong>Moretur</strong></span> <span class='ocrx_word' id='word_1_735' title='bbox 2533 5392 2599 5446; x_wconf 86' lang='lat' dir='ltr'><strong>de</strong></span> <span class='ocrx_word' id='word_1_736' title='bbox 2631 5393 2897 5462; x_wconf 71' lang='lat' dir='ltr'><strong>prmclaro</strong></span> <span class='ocrx_word' id='word_1_737' title='bbox 2929 5389 3109 5445; x_wconf 88' lang='lat' dir='ltr'><strong>animo</strong></span> <span class='ocrx_word' id='word_1_738' title='bbox 3138 5397 3234 5445; x_wconf 92' lang='lat' dir='ltr'><strong>tuo</strong></span> <span class='ocrx_word' id='word_1_739' title='bbox 3260 5388 3439 5443; x_wconf 83' lang='lat' dir='ltr'><strong>votiva</strong></span> <span class='ocrx_word' id='word_1_740' title='bbox 3479 5402 3640 5444; x_wconf 79' lang='lat' dir='ltr'><strong>causa</strong></span> <span class='ocrx_word' id='word_1_741' title='bbox 3671 5388 3785 5442; x_wconf 84' lang='lat' dir='ltr'><strong>suf-</strong></span> 
     </span>
    </p>
   </div>
   <div class='ocr_carea' id='block_1_114' title="bbox 2189 5480 3780 5555">
    <p class='ocr_par' dir='ltr' id='par_1_114' title="bbox 2189 5480 3780 5555">
     <span class='ocr_line' id='line_1_114' title="bbox 2189 5480 3780 5555; baseline -0.006 -15"><span class='ocrx_word' id='word_1_742' title='bbox 2189 5485 2439 5555; x_wconf 86' lang='lat' dir='ltr'><strong>fragium.</strong></span> <span class='ocrx_word' id='word_1_743' title='bbox 2491 5485 2730 5539; x_wconf 71' lang='lat' dir='ltr'><strong>Prtetura</strong></span> <span class='ocrx_word' id='word_1_744' title='bbox 2786 5483 3005 5537; x_wconf 90' lang='lat' dir='ltr'><strong>domum</strong></span> <span class='ocrx_word' id='word_1_745' title='bbox 3053 5490 3314 5549; x_wconf 87' lang='lat' dir='ltr'><strong>nostram,</strong></span> <span class='ocrx_word' id='word_1_746' title='bbox 3374 5480 3483 5534; x_wconf 88' lang='lat' dir='ltr'><strong>Deo</strong></span> <span class='ocrx_word' id='word_1_747' title='bbox 3536 5483 3780 5547; x_wconf 79' lang='lat' dir='ltr'><strong>juvantc,</strong></span> 
     </span>
    </p>
   </div>
   <div class='ocr_carea' id='block_1_115' title="bbox 2191 5571 3785 5646">
    <p class='ocr_par' dir='ltr' id='par_1_115' title="bbox 2191 5571 3785 5646">
     <span class='ocr_line' id='line_1_115' title="bbox 2191 5571 3785 5646; baseline -0.007 -13"><span class='ocrx_word' id='word_1_748' title='bbox 2191 5586 2492 5646; x_wconf 80' lang='lat' dir='ltr'><strong>exspectat,</strong></span> <span class='ocrx_word' id='word_1_749' title='bbox 2527 5578 2578 5630; x_wconf 93' lang='lat' dir='ltr'><strong>iu</strong></span> <span class='ocrx_word' id='word_1_750' title='bbox 2611 5592 2713 5646; x_wconf 90' lang='lat' dir='ltr'><strong>qua</strong></span> <span class='ocrx_word' id='word_1_751' title='bbox 2747 5589 2832 5629; x_wconf 88' lang='lat' dir='ltr'><strong>me</strong></span> <span class='ocrx_word' id='word_1_752' title='bbox 2860 5572 3185 5639; x_wconf 89' lang='lat' dir='ltr'><strong>crocodilos,</strong></span> <span class='ocrx_word' id='word_1_753' title='bbox 3231 5580 3288 5628; x_wconf 86' lang='lat' dir='ltr'><strong>ct</strong></span> <span class='ocrx_word' id='word_1_754' title='bbox 3330 5571 3588 5641; x_wconf 87' lang='lat' dir='ltr'><strong>pleraque</strong></span> <span class='ocrx_word' id='word_1_755' title='bbox 3628 5585 3785 5639; x_wconf 83' lang='lat' dir='ltr'><strong>perc-</strong></span> 
     </span>
    </p>
   </div>
   <div class='ocr_carea' id='block_1_116' title="bbox 2188 5664 3784 5737">
    <p class='ocr_par' dir='ltr' id='par_1_116' title="bbox 2188 5664 3784 5737">
     <span class='ocr_line' id='line_1_116' title="bbox 2188 5664 3784 5737; baseline -0.004 -16"><span class='ocrx_word' id='word_1_756' title='bbox 2188 5669 2337 5737; x_wconf 83' lang='lat' dir='ltr'><strong>grina</strong></span> <span class='ocrx_word' id='word_1_757' title='bbox 2369 5667 2572 5722; x_wconf 89' lang='lat' dir='ltr'><strong>civibus</strong></span> <span class='ocrx_word' id='word_1_758' title='bbox 2603 5667 2878 5732; x_wconf 72' lang='lat' dir='ltr'><strong>exhibere,</strong></span> <span class='ocrx_word' id='word_1_759' title='bbox 2907 5672 2963 5722; x_wconf 86' lang='lat' dir='ltr'><strong>et</strong></span> <span class='ocrx_word' id='word_1_760' title='bbox 2999 5664 3224 5720; x_wconf 90' lang='lat' dir='ltr'><strong>aliorum</strong></span> <span class='ocrx_word' id='word_1_761' title='bbox 3274 5664 3558 5721; x_wconf 84' lang='lat' dir='ltr'><strong>hortantur</strong></span> <span class='ocrx_word' id='word_1_762' title='bbox 3595 5675 3784 5717; x_wconf 82' lang='lat' dir='ltr'><strong>exem-</strong></span> 
     </span>
    </p>
   </div>
   <div class='ocr_carea' id='block_1_117' title="bbox 2191 5749 3783 5833">
    <p class='ocr_par' dir='ltr' id='par_1_117' title="bbox 2191 5749 3783 5833">
     <span class='ocr_line' id='line_1_117' title="bbox 2191 5749 3783 5833; baseline 0 -15"><span class='ocrx_word' id='word_1_763' title='bbox 2191 5764 2300 5832; x_wconf 89' lang='lat' dir='ltr'><strong>pla,</strong></span> <span class='ocrx_word' id='word_1_764' title='bbox 2343 5773 2397 5820; x_wconf 90' lang='lat' dir='ltr'><strong>et</strong></span> <span class='ocrx_word' id='word_1_765' title='bbox 2441 5763 2653 5833; x_wconf 70' lang='lat' dir='ltr'><strong>propria</strong></span> <span class='ocrx_word' id='word_1_766' title='bbox 2702 5749 2929 5833; x_wconf 89' lang='lat' dir='ltr'><strong>impellit</strong></span> <span class='ocrx_word' id='word_1_767' title='bbox 2957 5760 3290 5817; x_wconf 87' lang='lat' dir='ltr'><strong>animositas.</strong></span> <span class='ocrx_word' id='word_1_768' title='bbox 3319 5761 3496 5829; x_wconf 83' lang='lat' dir='ltr'><strong>Quare</strong></span> <span class='ocrx_word' id='word_1_769' title='bbox 3548 5759 3783 5818; x_wconf 85' lang='lat' dir='ltr'><strong>amicum</strong></span> 
     </span>
    </p>
   </div>
  </div>
