4074 6176
285 349 383 404 557

1527 344 2005 404 EPISTOLARUII
2046 346 2250 402 LIBER
2291 347 2356 402 Χ.

3473 360 3578 414 558

285 478 461 519 meum
491 461 774 532 Cyriacum
804 463 1032 534 benigne
1061 479 1114 518 tn
1146 477 1328 518 curam
1371 473 1512 517 tuam
1544 463 1765 532 dignare
1794 475 1886 513 su-
1913 466 1962 523 Α
1994 459 2114 514 duci
2164 460 2217 512 in
2251 460 2569 529 obsequium
2605 470 2748 513 tuum
2782 461 3035 532 prtrcipc,
3068 472 3121 518 et
3164 479 3282 532 qua:
3312 465 3363 519 in
3407 484 3493 523 me
3515 489 3579 524 ιιι

288 553 519 622 scipere,
550 563 609 607 ut
634 551 867 609 indicata
900 563 1233 625 promoveat.
1257 554 1490 610 Habebis
1523 556 1574 607 in
1609 561 1878 622 posterum

290 652 452 698 tanta:
483 643 668 714 gratia
697 660 801 699 non
831 645 1202 701 immemorem
1233 646 1556 701 debitorem.
1587 645 1737 702 Vale.

822 737 1036 792 EPIST.
1076 737 1360 792 CXXXIII.

890 842 1312 884 SHIIIACBUS.....

366 919 522 988 Quod
567 920 778 984 scribis,
823 920 1144 975 voluntariae
1186 919 1530 990 benignitatis
1575 928 1659 974 est
1697 935 1710 971 :
1743 917 1884 987 quod

287 1028 438 1077 sero,
476 1027 757 1068 curarum.
802 1009 910 1066 Nos
956 1021 1134 1066 autem
1187 1011 1499 1081 religionem
1545 1010 1752 1065 meritis
1783 1009 1890 1062 tuis

287 1106 564 1171 debitam,
611 1115 666 1159 et
711 1104 877 1158 otium
924 1104 1049 1174 styli
1099 1104 1414 1157 assiduita:e
1462 1112 1742 1156 testamur.
1783 1103 1890 1154 ltu-

290 1199 741 1251 scium'nostrum
774 1196 1186 1251 circumsessum
1214 1195 1527 1249 domesﬁcis
1552 1191 1777 1263 negotiis
1801 1191 1896 1245 deo

1996 551 2240 623 notitiam
2277 551 2537 618 pertulisti
2578 554 2646 606 dc
2689 552 2996 608 instruenda
3039 555 3274 612 editione
3312 559 3579 621 ludorum.

1997 642 2097 712 ipsi
2131 643 2464 698 familiariter
2489 644 2725 697 curanda
2750 646 3048 700 committe.

2515 735 2726 790 EPIST.
2767 735 3055 792 CXXXIV.

2564 843 2892 884 SYMMACIIUS.
2905 869 2942 882 ..
2955 866 2966 882 .
2979 869 2992 883 .

2069 920 2374 988 Sportulam
2402 923 2713 975 consulatus
2744 922 2873 988 mei,
2917 934 2972 978 et
2999 925 3246 980 amicitias
3278 938 3495 993 παθη-εει,
3529 942 3586 984 et

1997 1012 2186 1066 honori
2243 1023 2332 1066 tuo
2379 1013 2570 1068 debeo.
2608 1015 2754 1070 Ilanc
2797 1017 2847 1070 in
2899 1019 3074 1074 solido
3113 1036 3220 1073 uno
3248 1022 3314 1075 ad
3364 1033 3414 1078 te
3444 1027 3588 1088 misi,

1997 1117 2177 1164 orans,
2213 1112 2268 1152 ut
2319 1102 2552 1171 benigno
2601 1103 2782 1159 animo
2828 1106 3086 1161 solemnia
3116 1109 3275 1163 officii
3321 1112 3424 1167 mei
3459 1114 3591 1168 liba-

1998 1204 2176 1245 monia
2211 1194 2493 1259 snscipias.
2530 1193 2678 1248 Vale.

299 1311 3358 1335 —_—_—————-—————-———-———————__—_____

1286 1393 1762 1502 LIBER
1837 1386 2590 1504 DECIMUS.

799 1558 1132 1615 EPISTOLA
1174 1557 1405 1612 PRIMA.

651 1665 959 1706 SYIIACIIUS
998 1664 1291 1705 TBEODOSIO
1329 1664 1557 1704 SENIORI.

373 1741 493 1796 Etsi
540 1742 654 1796 scio
692 1743 876 1796 Virtuti
921 1751 1205 1810 cognatum
1248 1741 1505 1810 pudorem
1533 1783 1548 1807 ,
1597 1737 1894 1797 desideravi

297 1846 486 1889 tamen
518 1833 570 1887 in
595 1836 788 1888 litteris
809 1832 1140 1888 celsitudinis
1164 1842 1266 1886 tute
1293 1833 1525 1900 copiam,
1543 1833 1893 1884 maximarum

298 1942 487 1980 rerum
519 1926 702 1995 glorim
728 1935 1131 1985 congruentem.
1153 1925 1351 1987 Primo,
1379 1924 1518 1992 quod
1548 1923 1777 1976 amicitia
1805 1937 1897 1988 po-

301 2019 566 2083 stulabat,
596 2028 655 2071 ιιι
684 2019 822 2084 apud
855 2030 1121 2072 amantem
1151 2019 1222 2070 tui
1257 2033 1466 2070 naevum
1494 2018 1762 2082 iactantiae
1791 2032 1894 2069 nou

303 2113 528 2163 timeres
584 2109 811 2174 Dehinc,
840 2109 978 2176 quod
1012 2126 1163 2176 neque
1194 2124 1351 2162 manu
1395 2121 1445 2161 et
1473 2123 1566 2162 ore
1598 2118 1899 2177 proruptus,

307 2201 471 2256 ﬁdem
500 2212 774 2269 gesmrum
808 2210 1016 2253 tuorum
1047 2199 1311 2254 debueras
1339 2199 1531 2263 linguae
1579 2201 1784 2250 honore
1812 2197 1905 2246 do-

321 2301 460 2346 tare.
489 2289 642 2346 Nunc
667 2305 753 2345 me
780 2292 845 2343 ad
878 2291 1070 2345 famam
1097 2291 1294 2358 rejicis,
1325 2297 1380 2343 et
1417 2288 1574 2357 jubes
1604 2303 1788 2342 aurem
1821 2303 1906 2340 tu-

309 2382 559 2436 moribus
590 2382 854 2450 praebere.
887 2396 1010 2436 cum
1068 2381 1198 2435 tanti
1229 2379 1426 2447 negotii
1469 2379 1696 2448 dignitas
1723 2393 1902 2448 parem

307 2485 505 2528 teSIezn
534 2472 792 2541 requirat.
830 2471 936 2527 Sed
961 2474 1048 2541 qui
1080 2471 1242 2526 animi
1277 2470 1380 2525 mei
1422 2483 1642 2525 securus
1683 2483 1762 2531 es,
1795 2481 1908 2521 me-

307 2569 474 2620 ritum
515 2575 664 2620 tuum
693 2566 811 2621 voci
841 2566 1067 2635 publicae
1110 2563 1407 2628 credidisti,
1442 2571 1728 2617 contentus
1757 2563 1903 2616 veri-

314 2667 425 2710 tate
456 2672 556 2726 pro
582 2657 757 2711 laude.
794 2658 932 2727 Ergo
981 2656 1156 2710 Africa
1187 2656 1414 2709 revaluit
1439 2671 1504 2707 ex
1534 2654 1744 2717 morbo,
1778 2667 1908 2706 sane

314 2747 640 2800 invictorum
674 2746 970 2814 principum
1003 2745 1250 2799 medente
1280 2743 1530 2806 consilio,
1573 2758 1798 2809 quorum
1827 2757 1908 2796 re-

313 2839 557 2894 medium
588 2849 641 2893 tu
692 2840 855 2894 fuisti.
887 2839 1077 2895 Solent
1124 2840 1264 2892 enim
1319 2838 1406 2907 qui
1437 2836 1754 2891 medicinam
1794 2834 1910 2890 cal-

307 2931 454 2993 lent,
486 2944 609 2985 cum
638 2930 746 2998 jam
775 2929 896 2984 forti
924 2945 1021 2983 usu
1047 2929 1098 2983 iu
1131 2929 1493 2997 magisterium
1525 2929 1909 2995 proveliuntur,

305 3039 375 3076 ac
413 3021 548 3076 ﬁunt
593 3023 722 3077 artis
750 3023 979 3084 emeriti.
1009 3023 1266 3091 proximis
1307 3025 1595 3090 imperare,
1628 3030 1680 3075 et
1727 3021 1912 3074 feriata

307 3131 484 3168 manu
511 3117 844 3169 curationem
863 3115 1047 3185 jovarc
1078 3115 1379 3183 pra'ccptis.
1413 3114 1522 3165 Τιιει
1553 3114 1711 3181 igitur
1740 3111 1912 3180 palma

311 3209 440 3263 laus
482 3220 782 3276 temporum
815 3219 916 3261 esu
956 3207 1030 3261 De
1080 3222 1180 3272 qua
1222 3221 1320 3274 ego
1355 3207 1508 3273 plane
1533 3215 1586 3256 et
1633 3202 1912 3267 indulgen-

2006 1567 2119 1605 ma.
2153 1565 2442 1621 potestates
2474 1557 2626 1610 tnalis
2654 1559 2858 1614 artibus
2903 1565 3266 1631 possidebant.
3302 1566 3475 1625 Ferox
3506 1571 3596 1627 ille

2007 1643 2325 1698 Maximinus
2355 1648 2424 1699 ob
2465 1663 2551 1701 res
2596 1652 2883 1716 secundas,
2929 1654 3208 1709 incubator
3246 1657 3594 1728 judicimum,

2004 1739 2234 1793 difficilis
2278 1741 2612 1804 decidendis,
2663 1745 3028 1801 simultatibus
3081 1761 3472 1818 promptus.....
3513 1753 3598 1810 Si-

2005 1829 2222 1896 mulque
2264 1846 2350 1882 rt-s
2391 1841 2492 1884 tum
2539 1833 2589 1885 in
2640 1835 2980 1900 trantuillum
3014 1838 3240 1893 rediere.
3274 1840 3404 1908 Quze
3435 1842 3597 1906 bdna.

2006 1920 2104 1972 et~i
2139 1921 2357 1972 honoris
2389 1922 2458 1972 tui
2485 1925 2776 1977 necessitas
2804 1927 3058 1996 contigit,
3083 1945 3258 1984 meum
3287 1942 3462 1989 tamen
3485 1935 3600 1990 ani~

2006 2024 2148 2060 tuum
2200 2021 2453 2079 tanquam
2501 2013 2768 2081 duplicata
2796 2014 3068 2084 juverunt.
3115 2019 3220 2076 Sed
3253 2022 3438 2078 altiora
3490 2041 3602 2082 me-

2009 2112 2218 2156 luentes
2251 2105 2484 2158 nondum
2513 2107 2692 2175 explet
2722 2107 2808 2162 hic
2838 2114 3056 2165 nuntius
3077 2154 3091 2177 ,
3115 2117 3352 2181 qttandiu
3391 2117 3444 2172 in
3475 2117 3603 2173 alte-

2007 2209 2119 2247 ram
2176 2209 2406 2249 messem
2471 2198 2727 2264 procedat
2799 2199 2938 2252 ratio
2995 2202 3359 2258 conditorum.
3419 2206 3604 2263 Facito

2008 2289 2166 2359 igitur
2201 2295 2388 2353 sciam,
2423 2291 2547 2360 quid
2596 2291 2850 2346 invehant
2897 2293 3108 2350 horreis
3139 2297 3253 2352 dies
3290 2297 3509 2367 singuli,
3543 2311 3604 2357 ut

2007 2386 2252 2454 volumus
2282 2387 2375 2440 otii
2412 2387 2513 2440 mei
2545 2402 2663 2438 (lllll
2707 2392 2888 2453 patrne
2928 2390 3097 2457 copis
3139 2406 3416 2460 augeatur.
3451 2393 3600 2449 Vale.

2641 2483 2856 2538 El'IST.
2900 2484 2986 2538 III.

2594 2589 2967 2629 SYSIMACIIUS.“
2982 2615 3019 2629 ..

2085 2664 2162 2716 Ad
2190 2673 2396 2717 Cextum
2427 2664 2530 2717 cal.
2563 2663 2820 2718 Novemb.
2852 2666 3135 2733 questorire
3165 2667 3416 2722 edi'ionis
3445 2683 3604 2724 exor.

2012 2754 2116 2806 diis
2148 2755 2410 2807 interesse
2432 2769 2516 2807 tne
2546 2754 2810 2822 prtecipis.
2842 2753 3011 2823 llujus
3036 2756 3367 2809 evocationis
3395 2757 3607 2812 litteras

2018 2864 2142 2905 ante
2208 2851 2424 2903 biduum
2499 2853 2756 2914 temporis
2804 2849 3088 2920 przestitnti
3137 2850 3274 2904 circa
3333 2851 3607 2920 Neapolim

2017 2944 2239 3009 sumpsi.
2277 2942 2490 3010 l‘urgat,
2524 2950 2581 2994 ut
2634 2941 2804 3004 vides,
2838 2941 3139 2994 absentiam
3189 2959 3359 2996 meam
3416 2944 3610 3013 longus

2018 3038 2224 3092 itineris
2253 3046 2474 3102 tractus,
2505 3045 2557 3091 et
2587 3033 2874 3090 fouetinnis
2897 3035 3011 3087 dies
3043 3035 3340 3102 proximus.
3371 3037 3477 3092 Sed
3501 3038 3608 3093 diis

2014 3127 2322 3198 juvantibus
2350 3127 2531 3180 multis
2555 3125 2878 3195 spectaculis
2910 3126 3103 3180 vestris
3129 3127 3487 3193 Compensabo
3515 3130 3613 3184 ob.

2019 3222 2188 3288 scqttii
2242 3220 2347 3274 mei
2401 3219 2660 3273 debitum.
2727 3216 2878 3278 Nunc
2931 3217 3100 3269 venite
3155 3217 3346 3269 dando
3403 3216 3610 3273 facilem

310 3299 428 3351 lius
454 3298 730 3366 Ιοηυθτετ,
762 3297 863 3350 ηίδῖ
906 3297 1233 3365 ίὼδθίῑηίυθτ
1273 3295 1530 3365 ⁵ί¹¹Β¹¹¹²⁶¹Ῑ
1579 3292 1916 3347 νθιθνιυιάίίυ
1944 3343 1988 3405 C
2021 3326 2204 3379 quarm
2235 3320 2285 3362 te
2315 3309 2574 3376 pttebcas.
2625 3309 2806 3378 Neque
2835 3310 2979 3362 enim
3012 3309 3092 3361 fas
3121 3320 3223 3370 εει,
3258 3317 3317 3362 ut
3359 3317 3506 3364 tanto
3531 3309 3613 3365 di-

313 3399 325 3405 -
493 3395 536 3405 Α.
571 3387 697 3405 ﬂ...
1087 3402 1175 3405 ,,,_
1217 3403 1264 3405 μ
1383 3403 1444 3405 _-
1491 3386 1733 3405 ._,_._._-_
1785 3400 1878 3405 η-
2486 3404 2490 3405 ,
2685 3402 2695 3405 _
2801 3402 2810 3405 _
3098 3399 3141 3405 _-
3181 3399 3192 3405 ,

313 3399 448 3450 tuae,
483 3395 542 3440 et
570 3387 699 3440 mihi
735 3387 932 3456 oppido
964 3402 1347 3456 pra-caverent,
1382 3403 1448 3438 ne
1491 3386 1736 3438 laudatus
1785 3400 1913 3452 pro-

313 3484 468 3535 xime
501 3479 572 3534 ab
611 3480 926 3535 excellentia
968 3489 1056 3534 tua
1109 3481 1395 3533 feneratam
1446 3477 1672 3548 gratiam
1706 3475 1918 3531 viderer

323 3574 608 3636 retults-e,
639 3571 740 3624 hoc
767 3583 870 3638 est,
902 3572 1040 3640 quod
1082 3577 1229 3624 aiunt
1255 3588 1268 3623 :
1303 3569 1539 3623 Mutuom
1569 3569 1770 3623 scabere
1807 3585 1918 3622 mtt-

314 3667 422 3717 ιω.
453 3664 552 3718 Cui
580 3664 863 3734 proverbio
891 3679 956 3716 ne
988 3663 1174 3717 videar
1213 3676 1332 3717 esse
1362 3660 1612 3727 eonfinis,
1650 3660 1918 3730 prteconia

315 3737 592 3814 virtutum
620 3769 831 3814 tuarum
862 3773 1045 3828 presso
1074 3757 1232 3811 dcute
1264 3755 1564 3825 perstringo
1591 3771 1606 3819 ;
1640 3755 1917 3822 przeclarte

317 3851 672 3906 conscientia:
701 3861 803 3904 tua:
822 3850 1156 3920 pendendum
1185 3848 1508 3918 relinquens,
1536 3846 1662 3916 quid
1693 3846 1775 3902 vel
1806 3845 1919 3916 ipse

319 3945 619 4007 merearis,
639 3945 790 4011 cujus
817 3945 975 3997 ductu
1005 3944 1278 4012 prminCia
1305 3943 1431 3996 milii
1457 3944 1628 3997 amica
1660 3942 1918 4012 respirat;

320 4037 415 4090 vel
446 4034 574 4105 quid
603 4050 704 4104 ego
748 4035 842 4088 tibi
887 4035 1133 4098 debeam,
1167 4033 1318 4102 cujus
1357 4032 1496 4087 fama
1536 4032 1638 4087 sub
1672 4032 1758 4087 tali
1788 4043 1923 4088 teste

324 4141 609 4195 nunquam
639 4127 949 4180 succumbet
980 4125 1211 4178 invidue.
1247 4123 1397 4180 Vale.

971 4214 1187 4270 EPIST.
1229 4213 1292 4268 ll.

851 4325 1116 4366 GRATIANO
1156 4326 1415 4366 AUGUSTO.

407 4402 536 4454 Scio
565 4416 750 4456 amore
769 4403 985 4467 factum,
1009 4419 1114 4471 quo
1137 4414 1431 4459 summates
1449 4405 1592 4459 viros
1613 4405 1928 4476 plerumque

333 4491 651 4560 dignatnini,
679 4499 736 4546 ut
757 4507 924 4547 sacra:
949 4494 1174 4548 orationi
1202 4509 1395 4550 vesme
1421 4496 1590 4551 lector
1615 4498 1924 4552 adlnborer.

336 4583 440 4638 Sed
473 4600 596 4638 cum
627 4585 867 4655 intelligo
895 4601 1198 4644 sermonem
1226 4589 1374 4645 illum
1405 4593 1728 4662 przetninere
1756 4596 1932 4649 omni-

2022 3404 2246 3472 Spendio
2275 3419 2397 3458 meo
2425 3404 2584 3457 etiam
2615 3402 2767 3466 colpa
2796 3402 3067 3470 jungatur.
3098 3399 3250 3454 Vale.

2643 3491 2862 3546 EPIST.
2904 3490 2991 3544 IV.

2602 3595 3024 3636 BYIMACIIUS...”

2093 3677 2362 3744 Pl‘OpttSIlI
2391 3685 2549 3744 atque
2581 3673 2777 3743 ingenii
2811 3671 2912 3726 mei
2954 3682 3033 3725 est
3065 3684 3250 3725 eorum
3283 3671 3476 3725 famam
3521 3687 3615 3727 cu-c

2021 3781 2142 3820 rare
2170 3781 2305 3834 quos
2335 3765 2520 3834 diigo.
2569 3763 2684 3818 Tibi
2714 3771 2891 3816 autem
2919 3763 3036 3831 plus
3061 3777 3148 3816 me
3187 3762 3384 3815 favoris
3410 3762 3616 3830 impen-

2022 3861 2152 3916 dcre
2192 3862 2435 3914 hortatur
2465 3858 2715 3912 affinitas.
2755 3859 2872 3923 Quo
2922 3855 3066 3909 circa
3118 3853 3459 3922 impatienter
3503 3854 3617 3910 fero

2023 3959 2386 4022 apparitorum
2417 3949 2645 4003 notariis
2678 3947 2887 4001 senatui
2919 3943 3177 4009 nuntiari,
3207 3942 3348 4013 quod
3391 3943 3615 3997 Romani

2026 4046 2204 4113 papuli
2234 4043 2578 4112 magistratus
2598 4041 2789 4094 abesse
2819 4036 3063 4106 patiaris,
3105 4045 3160 4088 et
3185 4036 3237 4088 in
3263 4043 3406 4087 tttam
3431 4034 3618 4089 referri

2027 4139 2274 4202 injuriam
2305 4133 2447 4202 quod
2494 4131 2680 4199 patriae
2721 4127 3018 4182 functiones
3061 4126 3129 4178 ab
3167 4124 3412 4178 obnoxiis
3465 4123 3621 4178 dese~

2027 4237 2233 4281 runtur.
2265 4227 2318 4279 ld
2346 4225 2445 4278 etsi
2480 4224 2614 4276 falso
2646 4225 2696 4275 in
2739 4235 2897 4274 aures
2931 4219 3172 4285 publicas
3200 4233 3469 4287 praesumo
3501 4231 3622 4284 per-

2030 4321 2218 4385 latum,
2255 4319 2446 4384 fungor
2477 4325 2652 4368 tamen
2694 4311 3033 4365 admonendo
3064 4309 3304 4377 parentis
3334 4305 3536 4371 ofticio,
3567 4315 3623 4361 et

2030 4413 2294 4482 deprecor
2332 4417 2391 4462 ut
2446 4404 2659 4461 caeteris
2705 4399 3184 4455 administratione
3225 4406 3328 4449 tute
3374 4395 3624 4450 laudibus

2034 4507 2173 4560 hunc
2219 4517 2431 4573 quoque
2477 4500 2689 4554 titulum
2747 4496 2813 4549 de
2856 4509 2962 4562 quo
3011 4491 3313 4545 laboiamus
3382 4487 3622 4557 adjic'as.

2035 4597 2210 4653 Grave
2246 4597 2440 4666 quippe
2477 4601 2559 4648 est
2587 4601 2644 4645 ut
2671 4602 2951 4660 generosa:
2992 4586 3202 4640 familia:
3235 4584 3370 4648 viro,
3402 4584 3627 4638 summis

342 4677 504 4727 modo
531 4676 745 4746 scriptis
770 4679 908 4743 aliis,
935 4696 1263 4752 qumcunque
1283 4685 1350 4740 ad
1381 4685 1481 4743 hoc
1507 4687 1745 4744 locorum
1774 4706 1928 4746 seno-
1961 4709 2014 4770 ῃ
2039 4705 2132 4760 per
2175 4689 2408 4744 Africam
2458 4684 2813 4739 tribunalibus
2849 4680 3099 4748 prarsitle,
3129 4679 3454 4747 collegarum
3493 4692 3628 4731 non-

342 4775 426 4818 tus
456 4767 662 4821 audivit
684 4808 700 4832 ,
735 4782 820 4823 me
848 4786 1061 4841 quoque
1082 4775 1316 4831 arbitror
1356 4780 1523 4848 pluris
1555 4781 1790 4838 lialiitum
1813 4801 1934 4842 esse

350 4873 502 4925 quam
534 4869 780 4914 caeteros.
812 4862 1012 4932 Magnis
1060 4868 1201 4920 enim
1240 4869 1466 4938 negotiis
1504 4871 1686 4928 itidem
1719 4885 1776 4929 ut
1817 4891 1934 4930 ma-

345 4953 464 5022 gnis
517 4957 799 5011 comtediis
837 4957 1121 5014 edecimati
1151 4945 1495 5031 apponuntur
1537 4975 1768 5023 actores.
1817 4969 1934 5024 Non

351 5047 491 5100 idem
521 5046 694 5101 honor
724 5048 777 5102 in
807 5051 1215 5116 pronuntiandis
1246 5051 1438 5109 fabulis
1467 5053 1655 5110 Publio
1687 5058 1936 5126 Pollioni,

350 5135 438 5202 qui
470 5137 718 5191 Ambivio
757 5136 872 5204 fuit,
906 5155 1079 5208 neque
1127 5157 1224 5209 par
1251 5143 1454 5214 Aisopo
1482 5154 1537 5200 et
1582 5147 1776 5202 Roscio
1799 5148 1938 5205 fama

353 5233 632 5296 pmcessit.
685 5232 859 5300 Quare
901 5235 1086 5302 optimi
1131 5235 1421 5306 principes,
1451 5255 1570 5309 quae
1601 5241 1652 5295 in
1685 5257 1770 5297 me
1806 5243 1941 5298 bene

350 5324 685 5385 consultatis,
714 5335 768 5376 ut
791 5325 1045 5380 divinitus
1074 5328 1249 5382 oblata
1279 5333 1630 5400 complector.
1661 5333 1798 5390 Laus
1829 5347 1938 5402 tua,

350 5414 571 5466 domine
619 5413 895 5478 Gratiane,
945 5415 1178 5471 officium
1227 5429 1309 5474 est
1346 5437 1558 5488 meum;
1604 5426 1818 5492 quando
1872 5428 1940 5480 ita

352 5507 622 5556 animatus
653 5519 730 5568 es,
767 5517 822 5559 ut
863 5521 984 5560 eum
1025 5510 1162 5577 reip.
1191 5512 1506 5566 medicinam
1542 5514 1693 5578 facis.
1725 5532 1944 5586 operam

353 5612 487 5646 uva:
512 5595 658 5647 vocis
683 5610 948 5650 accersas.
973 5598 1051 5652 Tu
1077 5601 1228 5655 nobis
1255 5601 1492 5670 publicas
1515 5605 1698 5660 turbas
1725 5608 1776 5661 in
1803 5617 1949 5662 tran-

354 5685 584 5754 quillum
614 5686 887 5756 redegisti.
921 5689 1138 5743 Minimo
1163 5692 1332 5758 stetit,
1364 5696 1493 5762 quin
1521 5711 1706 5750 omnes
1735 5712 1950 5752 occum-

352 5782 636 5864 beremus,
660 5789 860 5835 tantum
893 5781 1072 5853 ﬂagitii
1103 5784 1531 5857 design-tvet'aut,
1560 5791 1648 5858 qui
1679 5794 1947 5860 amplissi-

2040 4780 2169 4835 nulli
2199 4780 2376 4834 munia
2404 4777 2640 4830 Romana
2663 4774 2987 4836 detrectent,
3023 4781 3076 4823 et
3105 4781 3276 4822 annus
3309 4781 3444 4836 pene
3465 4767 3629 4821 edito-

2040 4872 2188 4926 ribus
2214 4881 2436 4932 vacuus,
2465 4882 2562 4937 pro
2586 4864 2856 4919 consulari
2889 4861 3102 4932 fastigio
3130 4863 3312 4932 gignat
3353 4860 3626 4914 invidiam.

2040 4960 2274 5016 Audiaut
2303 4966 2450 5014 certe
2495 4957 2584 5024 qui
2630 4955 2884 5008 deserunt
2936 4953 3254 5013 functiones,
3292 4959 3486 5015 quanta
3532 4949 3632 5002 im-

2042 5051 2221 5122 pendii
2252 5050 2623 5104 mediocritate
2650 5045 2774 5099 anui
2806 5043 3101 5112 superioris
3143 5057 3342 5112 praetor
3378 5041 3632 5096 Etlcsius

2041 5140 2279 5197 urbanos
2308 5139 2496 5194 fecerit
2528 5137 2703 5200 ludos,
2757 5146 2810 5189 et
2837 5137 2903 5190 de
2925 5135 3172 5202 exemplo
3200 5134 3457 5203 colligant
3503 5133 3631 5202 quid

2045 5231 2400 5304 praesentibus
2429 5229 2831 5299 magistratibus
2860 5229 3077 5284 IIODOI‘I:
3107 5237 3164 5284 et
3190 5227 3467 5284 levaminis
3495 5226 3637 5283 defe-

2046 5337 2214 5382 ΙὫῑΙΙΓ.

2693 5415 2907 5472 EPIST.
2932 5415 2997 5470 V.

2637 5525 2966 5565 εγιιδιλεῐιυε.
2985 5547 3072 5564 ...ο

2123 5603 2389 5658 Interesse
2430 5603 2567 5656 votis
2601 5604 2703 5655 tuis
2731 5605 2942 5657 animus
2983 5601 3216 5666 allectat,
3257 5598 3349 5654 sed
3390 5598 3640 5654 valetudo

2053 5699 2294 5765 corporis
2341 5699 2556 5768 loogum
2608 5709 2820 5753 recusat
2867 5713 3171 5752 exvursum.
3233 5697 3400 5755 Nam.
3462 5711 3514 5753 ut
3560 5710 3642 5752 est

2060 5796 2362 5848 morborum
2393 5794 2538 5848 feras
2581 5796 2771 5862 otium,
2801 5796 2976 5848 denuo
3015 5807 3098 5847 me
3129 5793 3324 5862 pedum
3354 5796 3512 5850 vina"
3545 5795 3641 5848 dos
