4046 6170
499 303 615 361 $59

1715 290 1780 360 Q.
1821 286 2168 347 AURELIUS
2206 285 2648 344 SYMMACIIUS.

3692 283 3801 340 360

516 416 622 480 lor,
649 413 778 468 dum
822 410 990 483 quieti
1035 409 1175 466 ruris
1204 407 1472 479 indulgeo.
1509 405 1587 460 Da
1616 403 1796 474 igitur,
1818 413 2002 472 quaeso
2027 407 2101 464 te,
2130 401 2186 459 Α
2211 395 2418 451 Interea
2444 395 2536 449 tibi
2565 409 2665 464 ago
2702 403 2863 464 atque
2904 391 3078 449 habeo
3122 391 3342 462 gratias,
3363 399 3436 483 et
3449 398 3800 483 provocatum

511 507 694 562 officio
721 521 841 561 meo
865 505 1064 576 justam
1094 503 1501 568 remissionem,
1535 508 1589 554 ct
1615 496 1830 554 interim
1867 496 1986 552 sine
2008 511 2107 549 nu-

514 599 768 667 ptialibus
809 597 1000 652 domus
1025 604 1220 650 vestrae
1262 594 1454 648 abesse
1486 587 1824 660 pignoribus,
1859 595 1919 642 ut
1947 585 2106 656 paulo

516 707 638 766 pOsl
657 703 877 750 sanatus
903 691 1195 749 fmderibus
1216 689 1537 744 admiscear.
1559 684 1712 740 Vale.

1131 779 1355 835 EPIST.
1395 777 1486 832 Vl.

1087 883 1511 925 SYIIACIIUS..."

587 966 703 1020 Non
744 965 881 1018 solet
928 962 995 1016 ab
1037 961 1224 1015 amicis
1269 959 1428 1014 anxie
1460 957 1610 1010 venia
1658 949 1937 1024 postulari.
1967 950 2110 1015 Qua—

520 1067 739 1124 propter
769 1070 934 1124 pauca
962 1066 1096 1121 cogo
1122 1064 1370 1105 sermOne
1401 1048 1586 1101 otiauti
1619 1045 1745 1099 mihi
1778 1045 1830 1097 in
1861 1057 1989 1110 agro
2013 1053 2101 1093 so-

513 1151 638 1202 litus
680 1149 838 1202 unius
875 1146 1027 1215 pedis
1059 1145 1278 1198 morbus
1325 1141 1586 1209 obrepsit.
1621 1139 1802 1206 Itaque
1845 1132 2109 1190 obeundis

512 1240 704 1292 officiis
733 1241 1067 1292 vacationem
1104 1233 1392 1290 desiderati
1433 1232 1670 1286 muneris
1709 1237 1850 1296 peto.
1892 1227 2102 1279 Dabunt

511 1333 584 1385 dii
619 1332 867 1399 auspices
907 1329 1213 1383 facultatem
1239 1335 1297 1379 ut
1329 1323 1654 1394 nuptialibus
1679 1320 1893 1374 familiae.
1919 1325 2110 1376 vestrae

517 1424 658 1478 \‘0li8
690 1437 911 1491 compos
939 1419 1181 1475 sanitatis
1211 1418 1476 1474 intersim.
1500 1415 1656 1469 Vale.

1135 1509 1351 1564 EPIST.
1399 1508 1504 1562 VII.

1105 1612 1526 1652 SYIIACHUS..."

585 1696 777 1752 Frater
805 1710 956 1748 mens
993 1692 1335 1756 Rabilianus,
1364 1705 1562 1760 genere
1591 1697 1646 1743 et
1685 1701 1869 1742 amore
1893 1685 2111 1754 conspi-

2210 501 2298 541 me
2325 486 2390 539 ad
2423 485 2674 540 amicitia:
2720 485 3052 540 incrementa
3086 491 3391 553 protestor,
3425 481 3553 535 licet
3608 493 3800 548 sponte

2210 579 2445 650 digneris
2471 580 2753 634 advertere
2801 578 3026 633 honesta
3068 575 3328 632 beneficia
3355 575 3499 644 apud
3529 589 3796 630 memores

2211 689 2318 728 non
2348 677 2542 742 perire.
2573 671 2727 726 Vale.

2815 761 3032 818 EPIST.
3086 760 3175 814 XI.

2768 868 3198 908 SYIIMACJIIIS..."

2282 944 2387 1000 Per
2433 946 2660 998 amicum
2709 959 3052 997 communem
3104 941 3464 996 Gaudentium
3515 941 3808 1011 propinqui

2212 1039 2315 1090 mei
2345 1037 2606 1089 Valentini
2643 1036 2940 1104 preciculas
2971 1033 3113 1094 misi.
3148 1048 3280 1087 sane
3304 1035 3369 1086 ad
3415 1033 3572 1087 fidem
3607 1049 3805 1096 meam,

2209 1136 2264 1180 et
2293 1125 2677 1181 con~cientiam
2709 1125 3056 1193 pertinentes.
3089 1123 3219 1177 Nam
3257 1123 3420 1178 frater
3447 1123 3567 1192 ejus
3614 1123 3809 1178 Pruse-

2210 1218 2323 1272 rius
2343 1234 2463 1272 cum
2498 1227 2824 1287 premeretur
2869 1217 3126 1270 extremis
3160 1223 3217 1269 et
3245 1223 3565 1285 praesentem
3607 1231 3718 1280 me,
3753 1225 3808 1270 et

2213 1325 2308 1380 per
2335 1311 2614 1379 epistolam
2647 1309 2871 1363 summis
2899 1307 3146 1376 precibus
3167 1305 3487 1371 obsecravit,
3533 1315 3592 1359 ut
3631 1307 3806 1376 impe-

2213 1413 2350 1458 trata
2383 1403 2523 1458 facili
2553 1401 2872 1457 auctoritate
2899 1401 3168 1476 rescripti,
3213 1399 3321 1454 filia
3352 1400 3470 1468 ejus
3510 1399 3696 1453 fratris
3723 1400 3806 1454 sui

2213 1493 2324 1548 filio
2350 1493 2655 1562 copuletur,
2683 1491 2823 1562 quod
2856 1492 3038 1546 multis
3065 1505 3190 1545 esse
3211 1504 3532 1545 concessum
3577 1490 3807 1545 manife-

2214 1593 2296 1636 sta
2324 1591 2590 1637 testantur
2615 1582 2884 1649 exempla.
2936 1581 3115 1649 Quare
3170 1583 3269 1650 pice
3301 1580 3682 1650 supplicationi
3711 1580 3807 1634 ad-

2209 1673 2510 1741 jumentum
2539 1689 2716 1728 meum
2741 1686 2938 1740 negare
2965 1688 3074 1725 non
3099 1686 3339 1742 possum,
3367 1673 3620 1740 quoniam
3643 1671 3804 1726 ﬁdem

512 1803 673 1851 cum,
705 1787 912 1855 injuria;
941 1799 1052 1839 sum
1081 1781 1428 1836 acerbitatem
1460 1780 1666 1848 privata
1697 1777 1837 1847 apud
1866 1792 1952 1831 me
1977 1791 2107 1828 con-
2139 1761 2183 1820 Β
2215 1778 2388 1818 meam
2417 1779 2580 1833 super
2607 1764 2689 1819 bis
2717 1765 2917 1833 nuptiis
2939 1763 3185 1818 voluntas
3205 1763 3491 1833 propinqui
3524 1763 3806 1818 morientis

513 1879 795 1946 questione
822 1874 1060 1929 deﬂevit.
1094 1873 1300 1927 Asserit
1336 1872 1482 1926 enim
1519 1879 1923 1940 procuratorem
1951 1882 2104 1922 suum

515 1969 635 2024 sine
675 1967 992 2036 cujusquam
1036 1964 1474 2021 denominatione
1504 1973 1813 2032 correptum
1847 1981 1860 2015 :
1892 1969 1948 2016 et
1983 1976 2106 2015 cum

515 2060 805 2114 vindictam
827 2058 895 2112 de
917 2068 969 2113 te
995 2058 1284 2127 impetrare
1305 2055 1572 2123 debuerit,
1599 2069 1757 2125 quam
1779 2069 1899 2108 cum
1922 2053 2108 2107 Romae

511 2151 765 2221 degeres,
798 2149 1121 2219 postulavit;
1155 2157 1361 2202 auctam
1391 2147 1585 2203 domus
1611 2160 1722 2200 sua:
1748 2147 2003 2216 cognovit
2030 2145 2110 2199 in-

515 2243 732 2312 juriam.
765 2241 820 2295 Id
841 2255 944 2312 ego
971 2240 1242 2294 oblivione
1267 2238 1502 2294 arbitror
1524 2237 1804 2293 accidisse.
1829 2235 2109 2304 Quomodo

516 2337 660 2392 enim
692 2337 1015 2407 prwciperes
1035 2377 1051 2402 ,
1084 2334 1224 2403 quod
1255 2335 1493 2388 incoram
1526 2332 1728 2400 positus
1759 2328 2109 2400 improbasti?

520 2428 730 2496 Quare,
764 2435 826 2482 ut
855 2439 1050 2498 parens
1083 2439 1311 2491 moneo,
1363 2437 1429 2478 ne
1467 2437 1693 2492 augere,
1739 2436 1860 2491 quae
1905 2417 2108 2484 doluit,

513 2535 691 2590 genus
721 2526 872 2588 putes
903 2531 1024 2572 esse
1051 2515 1417 2571 conscientiae.
1448 2513 1606 2569 Certe
1631 2514 1675 2568 si
1707 2512 1860 2567 abest
1887 2511 2112 2580 aequitas

515 2609 804 2680 judicatis,
833 2607 1170 2661 familiariter
1195 2606 1324 2660 mihi
1366 2605 1467 2661 ede
1499 2606 1758 2660 rationem
1779 2645 1796 2672 ,
1825 2604 1896 2658 ita
1928 2610 1988 2657 ut
2010 2615 2110 2655 no-

517 2702 662 2757 veris
693 2715 790 2772 pro
819 2700 1131 2754 absentibus
1161 2699 1395 2754 dominis
1421 2709 1687 2756 rectorem
1711 2697 1983 2770 suscipere
2011 2695 2110 2752 de-

518 2794 648 2850 bere
678 2802 859 2865 partes
887 2791 1239 2847 defensionis.
1271 2792 1418 2846 Vale.

1110 2882 1326 2940 EPIST.
1373 2882 1506 2941 VIII.

1139 2989 1470 3030 SYIIACHUS.

589 3071 830 3127 Iucunda
862 3071 990 3126 mihi
1025 3071 1181 3125 fuerit
1223 3068 1496 3138 perceptio
1531 3068 1850 3136 scriptorum
1874 3074 2106 3121 tuorum.

2211 1854 2516 1918 adstrinxit,
2549 1864 2607 1908 ut
2656 1854 2880 1922 epistola
2945 1853 3194 1922 precibus
3251 1868 3494 1908 connexa
3544 1852 3804 1912 declarat.

2210 1942 2442 2014 Dignare
2466 1944 2832 2014 igiturjuvare
2863 1945 3110 1999 eerctutn
3145 1945 3217 2015 pii
3247 1943 3529 2011 desiderii,
3559 1956 3805 2010 eatenus,

2209 2044 2268 2090 ut
2292 2037 2336 2090 si
2360 2034 2478 2104 quis
2501 2035 2820 2090 conturbare
2845 2036 3133 2089 tcntaverit
3155 2034 3463 2088 mandatum
3496 2043 3805 2104 paternum,

2209 2127 2624 2184 comminatione
2686 2127 2920 2181 infamia:
2971 2135 3256 2182 terreatur.
3302 2125 3571 2196 Rescripti
3627 2137 3810 2181 autem

2210 2217 2529 2274 beneficium
2580 2232 2704 2271 cum
2751 2219 2912 2271 fuerit
2964 2218 3332 2287 impetratum,
3385 2227 3645 2288 spectata:
3686 2217 3814 2272 fidei

2212 2310 2450 2380 perlator
2479 2317 2747 2378 apportet.
2780 2307 2929 2362 Vale.

2823 2401 3040 2456 EPIST.
3075 2399 3188 2456 XII.

2793 2507 3224 2550 SVIIACHCS...”

2285 2586 2516 2642 Meretur
2531 2587 2788 2643 auxilium
2807 2595 2953 2640 tuum
2976 2601 3136 2640 causa
3152 2586 3471 2640 communis.
3495 2584 3631 2639 Nam
3653 2586 3816 2654 quid-

2211 2678 2340 2748 quid
2371 2680 2439 2734 ad
2485 2679 2786 2736 senatorias
2836 2680 3069 2748 pertinet
3115 2678 3439 2743 func1iones,
3490 2677 3813 2746 participat:

2211 2787 2315 2843 ope
2340 2783 2396 2828 et
2421 2773 2706 2843 conjuncta
2738 2773 3079 2827 animositate
3116 2771 3478 2842 peragendum
3510 2780 3620 2826 est.
3674 2771 3813 2827 Juva

2212 2868 2374 2940 igitur
2395 2870 2740 2931 auctoritate,
2769 2883 2873 2938 qua
2903 2867 3121 2936 dignum
3151 2875 3257 2930 est,
3300 2876 3479 2936 partes
3510 2876 3678 2936 atque
3723 2882 3814 2920 ra-

2213 2962 2385 3018 tiones
2414 2962 2478 3016 ad
2509 2961 2893 3030 ampliSSimam
2926 2960 3126 3014 curiam
3159 2961 3491 3028 pertinentes
3525 2977 3536 3011 :
3570 2960 3808 3013 multum

2212 3069 2279 3110 ex
2327 3054 2428 3109 hoc
2463 3053 2680 3123 negotio
2711 3051 2885 3106 laudis
2943 3051 3239 3116 habiturus,
3279 3050 3324 3104 si
3375 3049 3556 3104 munia
3603 3051 3813 3106 ordinis

521 3165 766 3220 Amicitia
796 3165 940 3219 enim
972 3163 1172 3216 mutuis
1195 3164 1391 3231 gaudet
1411 3161 1623 3215 o'ficiis.
1654 3159 1760 3214 Sed
1785 3160 1985 3214 utinam
2011 3158 2108 3214 ho-

2220 3119 2674 3214 nostri,qu:e-jam
2698 3143 2897 3198 dudum
2921 3141 3182 3197 ﬂuctuare
3207 3140 3553 3197 manifestum
3583 3151 3697 3212 est,
3725 3157 3814 3198 so-

520 3256 722 3309 minum
769 3269 1011 3308 meorum
1057 3253 1334 3321 diligentia
1365 3251 1522 3305 fidem
1563 3261 1665 3303 tute
1709 3250 2108 3318 pollicitationis

523 3345 819 3416 implesset.
850 3345 981 3399 Nam
1025 3360 1145 3398 cum
1189 3343 1503 3411 scripseris,
1545 3357 1640 3396 eos
1683 3341 1749 3395 ad
1794 3341 2108 3397 solvendam

520 3435 833 3504 pensionem
863 3435 1151 3506 profectos,
1185 3435 1430 3504 exiguam
1466 3444 1669 3503 partem
1699 3434 1965 3489 redituum
1991 3449 2101 3503 per-

520 3526 776 3582 diderunt
805 3544 816 3578 :
849 3542 947 3582 nec
979 3527 1080 3582 illis
1113 3527 1300 3594 pudori
1341 3526 1469 3591 fuit,
1502 3526 1776 3580 cumulum
1807 3527 2109 3580 debitorum

523 3619 625 3673 sub
653 3625 796 3672 tanta
819 3617 944 3672 anni
973 3617 1293 3673 fecunditate
1322 3618 1662 3672 contrahere.
1693 3617 1925 3687 Dignare
1951 3617 2111 3686 igitur

522 3725 705 3765 curam
749 3720 946 3766 nostra:
981 3709 1227 3764 utilitatis
1274 3709 1550 3779 arripere,
1593 3719 1647 3765 et
1690 3710 1757 3764 ad
1787 3709 2108 3764 solutionem

523 3817 717 3872 cogere
743 3802 1036 3856 debitores.
1073 3799 1210 3868 Quid
1243 3799 1387 3855 enim
1425 3799 1611 3869 juvat,
1643 3799 1783 3870 quod
1816 3799 1992 3853 studio
2020 3808 2111 3852 tuo

523 3908 574 3949 et
607 3894 882 3950 beneﬁciis
912 3895 1256 3963 adjuvantur,
1280 3908 1402 3948 cum
1428 3893 1530 3949 hoc
1550 3892 1904 3948 commoditas
1928 3899 2110 3946 nostra

525 4004 631 4042 non
660 3987 896 4042 sentiat?
925 3985 1070 4040 Vale.

1141 4079 1355 4133 EPIST.
1400 4077 1493 4132 IX.

1090 4187 1508 4226 SYIIACIIUS...“

595 4265 778 4322 Salute
832 4263 1075 4334 przefata,
1122 4279 1282 4334 quam
1336 4260 1526 4317 litteris
1553 4260 1822 4316 anteferre
1868 4260 2112 4318 solemne

524 4367 628 4422 est,
664 4367 721 4411 ut
745 4359 938 4412 seriem
987 4356 1323 4410 familiarium
1371 4356 1695 4426 scriptorum
1747 4365 1864 4408 Vota
1904 4371 2111 4423 praeve-

525 4452 693 4510 niant,
726 4450 885 4504 silere
911 4449 1049 4517 apud
1082 4458 1132 4502 te
1165 4462 1394 4515 nequeo,
1436 4445 1705 4516 Cajetame
1748 4443 1958 4499 Forma:
1990 4453 2110 4500 ten-

527 4548 760 4594 tauienta
791 4539 1014 4608 frigere;
1047 4549 1098 4592 et
1127 4539 1228 4590 nisi
1262 4537 1542 4606 praesentia
1587 4546 1674 4590 tua
1720 4539 1908 4606 emptis
1939 4538 2116 4592 calcar

526 4633 850 4696 admoverit,
883 4649 1074 4688 vereor
1110 4647 1180 4686 ne
1204 4633 1352 4700 operi
1375 4632 1679 4687 emoliendo
1703 4634 1882 4686 aestiva
1919 4649 2117 4704 Oppor-

528 4725 723 4779 tunitas
749 4725 1114 4779 subtrahatur.
1142 4722 1276 4789 Quid
1312 4724 1472 4792 igitur
1516 4738 1680 4791 super
1714 4723 1814 4779 hoc
1850 4725 2114 4794 agendum

526 4822 595 4876 sit
618 4823 670 4876 in
701 4830 790 4876 tuo
806 4822 930 4891 jure
971 4818 1262 4874 constituo.
1305 4817 1432 4871 Mihi
1465 4817 1596 4870 satis
1625 4825 1732 4881 est,
1767 4816 1820 4869 in
1867 4815 1950 4870 his
1996 4833 2117 4886 quae

526 4911 592 4966 ad
621 4913 829 4966 laudem
878 4920 1020 4965 tuam
1062 4909 1358 4979 pertinent,
1396 4916 1575 4976 partes
1627 4906 1785 4961 amici
1834 4907 2115 4963 monitoris

527 5007 795 5076 implesse.
827 5003 970 5073 Vale.

1170 5090 1383 5148 EPIS'I‘.
1412 5091 1479 5148 Χ.
1537 5125 1540 5129 ε

1107 5203 1507 5243 8ΫΙΜΔο1108....
1519 5225 1535 5240 ο

595 5280 1066 5338 Δὺυηάειη;ἰεεὶπηθ
1092 5279 1296 5350 gaudeo
1327 5277 1419 5333 tibi
1445 5291 1566 5333 esse
1601 5291 1768 5344 curre,
1794 5286 1854 5332 ut
1884 5275 1977 5332 ﬁlii
2009 5275 2114 5333 mei

525 5373 693 5428 editio
749 5371 886 5425 ursis
939 5370 1181 5441 pluribus
1223 5371 1550 5433 instruatur,
1603 5368 1894 5438 statimque
1940 5369 2110 5439 pretia

526 5461 929 5520 annuineranda
977 5461 1260 5523 misissem,
1295 5459 1397 5513 nisi
1435 5459 1678 5513 hiemalis
1714 5461 1975 5528 asperitas
2010 5459 2110 5512 im-

529 5560 734 5628 pediret
757 5555 1132 5612 invectionem.
1160 5552 1262 5607 Sed
1288 5552 1442 5620 paulo
1465 5561 1603 5620 post,
1629 5551 1715 5605 ubi
1741 5549 2109 5620 opportunitas

531 5651 673 5703 veris
700 5631 984 5704 molliverit
1013 5645 1261 5700 itinerum
1295 5640 1689 5707 difficultatem,
1722 5641 1996 5695 curabitur
2035 5638 2111 5695 fe-

531 5753 710 5794 -arum
739 5742 958 5808 emptio,
989 5738 1074 5795 cui
1096 5735 1425 5794 definitionis
1453 5732 1712 5803 justitiam
1746 5730 2105 5801 spopondisti.

2211 3238 2343 3293 Iutio
2363 3237 2431 3292 ab
2463 3237 2712 3291 obnoxiis
2740 3235 3028 3305 efﬂagitata
3056 3234 3409 3304 reparaverit.
3441 3234 3600 3292 Vale.

2837 3327 3054 3383 EPIST.
3087 3326 3225 3382 XIII.

2809 3435 3137 3478 SYIIACHUS.
3148 3461 3184 3477 ..
3195 3461 3208 3474 .
3219 3459 3234 3475 .

2283 3511 2514 3568 Editioni
2547 3521 2744 3567 nostra;
2776 3512 2987 3567 fortuna
3019 3513 3272 3581 consulit,
3303 3528 3424 3584 qua:
3469 3522 3524 3569 te
3557 3514 3817 3584 regenda:

2212 3606 2421 3677 Apuliae
2447 3606 2614 3661 voluit
2639 3606 2950 3661 admovere.
2969 3605 3134 3661 Utere
3161 3605 3321 3676 igitur
3354 3607 3649 3661 occasione
3674 3622 3816 3676 pra:-

2214 3700 2375 3762 seuti,
2398 3710 2452 3754 et
2480 3699 2622 3767 apud
2657 3711 2939 3768 prazturam
2968 3698 3162 3753 domus
3186 3711 3406 3761 nostrae,
3437 3697 3504 3751 ad
3535 3714 3705 3769 quam
3735 3698 3816 3753 fe-

2214 3792 2385 3847 liciter
2425 3790 2492 3844 de
2536 3790 2914 3844 transmarinis
2967 3791 3076 3844 ursi
3129 3788 3375 3858 proxime
3428 3788 3810 3857 perferentur,

2213 3881 2586 3936 convenientia
2628 3881 2860 3936 decerne
2900 3879 3167 3948 praesidia,
3227 3887 3283 3932 ut
3312 3878 3584 3947 prioribus
3615 3878 3812 3932 ofﬁciis

2215 3971 2374 4042 hujus
2391 3987 2600 4042 quoque
2631 3971 2877 4026 cumulus
2905 3970 3225 4039 applicetur.
3255 3968 3411 4024 Vale.

2826 4061 3042 4118 EPIST.
3082 4060 3224 4116 XIV.

2811 4168 3234 4209 SYMIIACIIUS.....

2287 4249 2573 4319 Diligentia
2598 4258 2686 4302 tua
2715 4257 2769 4302 et
2793 4247 3033 4316 judiciali
3064 4247 3248 4315 vigore
3268 4244 3526 4300 delector.
3556 4243 3666 4300 Sed
3695 4246 3816 4298 ino-

2218 4341 2300 4410 pia
2330 4342 2413 4394 vel
2447 4339 2624 4409 potius
2646 4346 2856 4407 egestas
2878 4337 3082 4390 ordinis
3114 4335 3464 4399 Fortniniani,
3509 4336 3672 4389 etiam
3707 4351 3817 4390 cu-

2217 4431 2441 4484 rationis
2466 4427 2752 4496 impatiens
2807 4437 2908 4482 est.
2965 4426 3098 4480 Nam
3145 4425 3285 4480 sicut
3333 4424 3522 4479 ad'ccta
3551 4425 3817 4482 diuturno

2221 4521 2408 4576 morbo
2435 4534 2685 4586 corpora,
2717 4519 2996 4573 saeviorem
3035 4517 3352 4572 medicinam
3378 4517 3518 4570 ferre
3546 4531 3660 4570 non
3685 4533 3818 4585 pos-

2217 4622 2378 4677 Snnt,
2433 4614 2503 4668 ita
2533 4612 2679 4668 curia
2719 4625 2944 4665 numero
2975 4621 3028 4666 et
3081 4621 3392 4680 paupertate
3429 4621 3668 4674 tenuata,
3715 4613 3820 4665 du-

2218 4709 2339 4762 ritia
2386 4707 2691 4762 immodicae
2736 4704 3127 4760 emendationis
3177 4704 3554 4774 exstinguitur.
3609 4704 3820 4760 Libens

2219 4802 2380 4871 igitur
2410 4801 2648 4871 parentis
2687 4814 2839 4853 sume
2867 4799 3170 4859 consilium,
3207 4797 3296 4867 qui
3325 4812 3431 4850 nun
3457 4793 3700 4850 defendit
3723 4812 3821 4850 or-

2219 4894 2360 4948 dinis
2415 4894 2662 4962 culpam,
2712 4889 2805 4946 sed
2875 4891 3230 4946 correctionis
3281 4889 3496 4943 modum
3544 4889 3818 4957 postulat.

2218 4983 2478 5040 Habenda
2505 4995 2588 5038 est
2616 4985 2751 5037 ratio
2779 4980 3115 5051 vectigalium
3146 4979 3502 5050 publicorum,
3525 4988 3584 5032 et
3611 4980 3822 5036 lavacri

2219 5077 2388 5133 aestivi
2416 5077 2734 5131 instauratio
2763 5089 2885 5128 cum
2924 5074 3056 5142 reip.
3102 5073 3308 5127 viribus
3337 5069 3664 5126 conferenda
3693 5112 3710 5136 ,
3762 5082 3824 5125 nt

2219 5170 2263 5227 si
2287 5171 2412 5239 quid
2439 5167 2698 5232 redundat
2722 5163 2980 5234 expensis
3001 5164 3234 5227 caeteris,
3258 5163 3310 5217 in
3338 5170 3613 5228 sumptum
3632 5164 3821 5230 operis

2220 5263 2546 5319 conferatur.
2583 5257 2823 5313 Dandum
2853 5269 3068 5326 quoque
3093 5263 3175 5308 est
3203 5252 3576 5307 instaurationi
3610 5251 3818 5320 largius

2224 5369 2456 5428 tempus,
2486 5352 2702 5424 nequid
2732 5351 2954 5420 deroget
3000 5347 3238 5402 firmitati
3281 5345 3616 5415 praecipitata
3659 5361 3792 5414 repa

2221 5455 2378 5508 ratio.
2407 5451 2545 5506 Nihil
2571 5465 2638 5504 ex
2683 5449 2781 5502 hac
2803 5462 2950 5500 mora
2982 5453 3084 5498 tua:
3120 5443 3303 5513 gloriae
3344 5441 3672 5496 detrahitur.
3731 5439 3821 5493 Ad

2221 5552 2538 5613 przesemem
2571 5539 2712 5592 enim
2755 5535 2994 5606 judicem
3048 5535 3244 5588 uteris
3287 5532 3452 5586 curize
3499 5532 3658 5598 culpa
3701 5547 3822 5585 non

2221 5634 2480 5704 pervenit.
2514 5631 2732 5685 Possem
2772 5627 2923 5696 plura
2951 5637 3295 5688 connectere,
3338 5619 3431 5677 sed
3469 5637 3592 5676 cum
3626 5637 3823 5675 rerum

2218 5728 2455 5783 omnium
2483 5719 2842 5779 consideratio
2870 5716 3008 5788 apud
3058 5715 3373 5786 sapientiam
3417 5723 3562 5767 tuam
3607 5714 3796 5777 τύρβη
