4046 6170
258 329 335 390 35!
1445 315 1772 373 EPISTULA

1883 318 1926 372 Μ
1969 318 2164 373 LIBER
2209 317 2272 370 Χ.

3366 310 3469 370 36'!

255 457 385 513 parco
410 453 517 495 esse
541 435 812 508 prolixior,
833 447 936 490 una
958 429 1323 486 admonitione
1343 437 1645 495 contentus,
1670 443 1782 483 ma-
1811 434 1862 493 Α
1887 437 2014 486 stra:
2037 429 2282 500 proxime
2315 443 2435 484 esse
2461 437 2717 494 venturos
2749 427 2879 483 fides
2903 428 3096 482 asserit
3123 428 3462 487 nuntiorum;

251 547 447 606 gnopere
466 531 603 585 uoltis
634 543 756 584 esse
781 526 1103 591 curandum,
1130 535 1184 579 ut
1212 525 1456 579 levamen
1480 525 1655 593 potius
1694 537 1784 577 or-

251 630 425 684 tlinihus
451 627 638 697 aliquot
664 625 941 681 exhaustis
972 631 1094 678 tuus
1115 622 1380 676 adventus
1403 629 1677 692 apportet.

795 715 1011 770 EPIST.
1068 713 1186 768 XV.

772 821 1191 862 8YI)IACIIUS.....

303 900 349 953 Si
383 913 558 953 novum
605 898 924 953 beneﬁcium
972 897 1041 952 de
1080 911 1324 950 ursorum
1373 903 1779 964 comparattone

249 1004 525 1059 peteremus,
559 991 767 1060 longior
804 990 1034 1044 ambitus
1082 996 1226 1042 esset
1271 988 1625 1042 adhibendus.
1671 988 1780 1043 Sed

246 1101 342 1136 cum
369 1082 608 1150 promissa
641 1091 974 1151 repetantur,
1010 1079 1290 1135 admoneri
1329 1080 1504 1149 potius
1537 1087 1590 1134 te
1619 1094 1778 1149 quam

245 1179 385 1246 rogari
409 1174 672 1230 convenit.
708 1174 831 1228 Ilaec
857 1174 1017 1242 igitur
1046 1171 1289 1241 epistola:
1317 1185 1523 1225 summa
1555 1180 1670 1233 est.
1724 1179 1785 1226 ut

245 1269 450 1322 homines
471 1283 637 1331 meos,
669 1267 860 1336 quibus
892 1264 1248 1334 ferarumjam
1281 1263 1651 1318 mandavimus
1673 1277 1784 1318 ent-

243 1366 460 1435 ptionem,
503 1367 692 1433 iuvare
747 1362 1075 1417 adminiculo
1100 1377 1208 1416 non
1251 1361 1514 1430 graveris,
1541 1369 1598 1413 ιιι
1619 1359 1783 1414 editio

241 1467 410 1521 nostra,
441 1471 596 1524 quam
644 1456 864 1522 auspice
919 1453 1049 1516 Deo,
1081 1466 1198 1520 -pro
1238 1450 1348 1503 lilio
1395 1464 1780 1528 ptmparamus,

241 1549 324 1601 tuis
349 1548 568 1614 auxiliis,
597 1549 731 1600 meis
753 1545 1056 1611 sumptibus
1095 1544 1411 1596 instruatur.
1446 1540 1596 1594 Vale.

816 1635 1032 1690 EPIST.
1087 1633 1201 1688 XVI

787 1742 1210 1782 bYﬂMACIIUS...“

1885 540 2113 593 quorum
2145 523 2547 578 subvectioncm
2587 521 2867 591 dispositis
2895 520 3158 577 vehiculis
3209 521 3470 590 privatim

1886 617 2144 672 debemus
2174 617 2460 674 inatruere.
2508 615 2676 684 Hujus
2722 614 2852 668 mihi
2885 629 3028 670 cura:
3074 613 3469 668 absolutionem

1885 708 2161 779 diligentia
2197 717 2284 762 tua
2321 721 2419 761 usu
2455 708 2730 777 explorata
2760 708 3041 776 promittit.
3069 707 3264 774 Quaeso
3307 704 3472 776 igitur

1888 813 1944 855 ut
1977 802 2114 856 hanc
2143 800 2470 870 provinciam
2499 800 2782 854 confestim
2821 799 3086 855 ineundis.
3119 839 3132 852 .
3168 838 3180 851 .
3215 840 3228 853 .
3259 839 3272 852 .
3310 837 3326 852 .
3354 837 3367 850 .
3399 840 3410 852 .
3449 837 3465 852 .

2477 892 2690 946 EPIST.
2752 891 2892 944 XXI.

2479 1001 2895 1040 SYDHIACIIUS..."

1961 1119 1973 1132 .
2007 1118 2020 1133 .
2041 1119 2055 1133 .
2091 1119 2104 1132 .
2128 1079 2350 1148 Capituli
2377 1080 2542 1134 exitio
2561 1088 2876 1134 cunctorum
2902 1081 3260 1152 lactymisque
3281 1098 3342 1136 ex
3354 1083 3469 1151 pia-

1885 1173 1981 1225 vit.
2015 1171 2163 1226 Nunc
2187 1173 2467 1227 interlucet
2495 1173 2654 1226 homo
2679 1171 2897 1226 homini.
2926 1175 3158 1228 Seruatus
3187 1175 3469 1243 a..tiqunut

1885 1264 2113 1316 obtinet.
2146 1261 2336 1316 Vivere
2358 1261 2524 1317 libet:
2557 1271 2742 1315 natum
2765 1277 2884 1317 esse
2907 1278 3014 1316 non
3045 1265 3287 1332 pmnitet,
3319 1273 3374 1320 et
3401 1267 3468 1318 ad

1887 1353 2112 1408 salutent
2137 1353 2595 1422 spectantomnia.
2620 1353 2756 1407 Nulli
2782 1369 2812 1408 a
2839 1363 3164 1422 paupertate
3181 1356 3468 1411 discrimen

1887 1456 1986 1499 est.
2022 1447 2258 1515 Respub.
2303 1461 2363 1500 se
2393 1445 2444 1499 in
2475 1454 2793 1500 vetustatem
2825 1449 3031 1515 recepit
3085 1461 3139 1502 et
3167 1449 3472 1518 decrepitos

1889 1551 2166 1592 mutavere
2201 1538 2434 1602 animos,
2478 1547 2757 1606 postquam
2792 1552 2884 1592 vos
2906 1539 2970 1591 ad
3024 1540 3276 1594 virtutem
3303 1541 3468 1595 verba

1891 1627 2109 1682 fecistis.
2139 1627 2258 1681 Pari
2290 1629 2466 1696 vigilia
2498 1641 2840 1698 prospectum
2878 1631 3122 1685 videmus
3159 1641 3216 1687 ut
3257 1647 3344 1686 res
3373 1648 3470 1687 an-

1891 1721 2111 1773 nonaria
2146 1721 2381 1775 satietati
2420 1721 2640 1775 urbanae
2669 1720 2941 1774 liberalius
2971 1722 3244 1792 ingeratur
3277 1741 3289 1776 :
3323 1723 3473 1778 Flau-

291 1824 465 1881 Suessa
495 1823 845 1875 honestorum
866 1818 1062 1873 civium
1093 1817 1259 1885 patria
1291 1826 1393 1880 est,
1417 1827 1489 1870 tta
1514 1824 1571 1869 ut
1594 1816 1786 1870 merito
1820 1802 1864 1859 Β
1892 1813 1973 1865 da:
1995 1821 2222 1867 moneta:
2241 1814 2532 1882 nequitiam
2559 1813 2818 1882 decoquat
2859 1814 3002 1882 larga
3024 1817 3301 1886 purgatio;
3323 1819 3472 1871 nullo

237 1915 442 1982 dixerim,
474 1915 714 1968 minima:
739 1926 952 1981 quoque
980 1911 1204 1965 fortuna:
1240 1909 1486 1963 homines
1515 1922 1664 1962 ertra
1707 1908 1785 1962 vi-

237 2010 292 2062 tia
317 2008 499 2078 plebeia
548 2023 677 2062 e-se
719 2005 1041 2060 censendos.
1071 2002 1207 2056 Volo
1255 2003 1414 2072 igitur
1433 2001 1638 2065 credas,
1667 2001 1785 2055 nul-

237 2100 320 2152 lum
338 2115 396 2153 ex
422 2099 502 2152 illa
517 2097 656 2152 urbe
678 2098 741 2149 ad
762 2095 858 2149 fori
883 2095 1166 2163 strepitum
1189 2107 1564 2162 processurum
1597 2091 1782 2158 fuisse,

237 2193 313 2245 nisi
337 2191 513 2246 acerba
551 2190 824 2257 coegisset
865 2184 1170 2256 impreSsio,
1203 2183 1270 2238 de
1299 2198 1402 2253 qua
1433 2198 1564 2237 mea:
1597 2182 1788 2236 littera:

237 2297 318 2336 non
364 2283 665 2350 loquentur.
694 2279 1076 2334 Vehementius
1105 2278 1247 2332 enim
1277 2290 1380 2329 vox
1417 2275 1624 2346 publica
1677 2276 1788 2330 suf-

234 2374 482 2444 fragabitur
509 2390 702 2429 eorum
738 2371 904 2426 dolori
945 2385 1102 2439 quam
1133 2367 1337 2438 privata
1369 2370 1648 2434 potuisset.
1679 2372 1788 2422 Au-

233 2469 411 2521 dientia:
461 2475 678 2521 tantutn
723 2481 815 2535 per
850 2480 936 2517 tne
979 2470 1167 2533 optant
1218 2461 1524 2516 Lcilitatem
1567 2462 1782 2515 mereri.

229 2559 458 2629 Qudquid
481 2567 670 2612 autem
702 2555 946 2626 spoliatis
967 2564 1128 2625 atque
1149 2554 1356 2610 vexatis
1383 2553 1784 2623 properandum

229 2658 309 2716 est,
350 2651 488 2705 favor
517 2658 650 2704 tuus
693 2659 747 2703 et
773 2649 947 2716 legum
981 2660 1169 2701 norma
1205 2645 1497 2715 prazstabit.
1531 2644 1678 2700 Vale.

782 2738 998 2794 EPIST.
1045 2737 1206 2792 XVII.

775 2846 1208 2888 εγιιιιλιιιιυε.....

277 2925 659 2982 Suessanorum
682 2924 1037 2994 allegationes
1062 2923 1407 2978 commendat
1433 2923 1523 2977 tibi
1546 2922 1788 2991 publicus

222 3018 551 3086 magistratus,
595 3015 728 3069 mihi
757 3015 958 3083 privata
989 3014 1286 3068 miseratio.
1325 3015 1497 3081 Atque
1529 3011 1651 3065 ideo
1681 3026 1708 3064 a
1734 3021 1788 3068 te

217 3106 447 3172 judiciarii
476 3106 686 3178 vigoris
709 3105 926 3170 auxdia,
951 3118 980 3157 a
1003 3119 1088 3158 nte
1117 3103 1274 3157 verba
1300 3111 1607 3171 poscuntur.
1634 3099 1781 3154 Fun-

1885 1907 1993 1972 jaut
2029 1903 2370 1972 provincialis
2399 1905 2515 1957 auri
2546 1903 2881 1959 incremento
2915 1906 3168 1960 trutinam
3198 1917 3470 1976 spectatur

1889 1994 2130 2048 inclinet.
2161 1994 2300 2048 Mille
2330 1994 2455 2058 alia,
2485 2009 2605 2064 quae
2657 1995 2701 2048 si
2755 1996 3003 2065 persequi
3035 1997 3216 2062 velim,
3274 2008 3470 2052 vestra:

1889 2085 2076 2154 glorire
2092 2100 2318 2150 memor,
2332 2100 2466 2140 mea:
2486 2085 2722 2139 infantiae
2747 2086 3030 2142 immemor
3047 2087 3466 2156 deprehendam.

1890 2179 2020 2232 Nam
2050 2193 2210 2234 nemo
2227 2177 2463 2247 prudens
2486 2177 2751 2232 humanus
2766 2180 2942 2234 verbis
2965 2183 3205 2249 corrupit
3230 2185 3470 2240 oracula.

1849 2267 1854 2274 ’
1891 2269 2055 2338 Igitur
2072 2268 2249 2323 divina
2274 2284 2424 2324 mens
2455 2277 2564 2335 tua,
2592 2269 2805 2338 juvenis
2829 2270 3088 2341 Auguste,
3123 2273 3347 2330 Romani
3377 2292 3473 2330 no-

1892 2359 2048 2413 minis
2077 2360 2262 2423 decus,
2286 2359 2512 2414 vehatur
2537 2375 2701 2416 curru
2727 2362 2925 2431 eloquii
2953 2364 3066 2428 sui;
3099 2380 3195 2419 nos
3227 2367 3276 2420 in
3311 2381 3474 2436 agen-

1889 2451 1972 2505 dis
1997 2451 2180 2518 gratiis
2221 2450 2368 2505 humi
2395 2461 2689 2519 reptamus,
2712 2467 2872 2508 socco
2895 2455 3062 2523 magis
3087 2455 3278 2521 idonei,
3311 2475 3472 2526 quam

1889 2541 2176 2611 cothurno,
2211 2551 2490 2611 postquam
2520 2543 2762 2598 facundia
2792 2561 2878 2598 res
2905 2562 3024 2601 esse
3049 2554 3211 2617 coepit
3242 2550 3472 2620 imperii.

1889 2631 2047 2698 Nam,
2076 2633 2219 2704 quod
2242 2633 2428 2698 sciam,
2459 2634 2624 2690 musis
2645 2636 2696 2690 itt
2722 2637 2919 2704 palatio
2949 2637 3085 2703 loca,
3117 2640 3276 2695 lautia
3301 2654 3356 2694 tu
3381 2645 3475 2698 de-

1890 2723 2016 2777 disti
2042 2741 2055 2776 :
2086 2739 2204 2793 quae
2231 2739 2318 2779 res
2347 2739 2603 2793 prospere
2635 2735 2806 2780 vet-tat
2825 2728 2977 2781 vobis
3006 2740 3309 2800 vestraeque
3358 2736 3474 2804 pic~

1894 2818 2008 2882 tati,
2031 2817 2151 2885 quia
2183 2815 2374 2872 fastum
2405 2826 2462 2872 et
2486 2818 2678 2883 otium,
2719 2817 2946 2873 fortuna:
2975 2821 3281 2889 grandioris
3317 2827 3470 2894 vitia,

1892 2912 2024 2966 nihil
2057 2913 2363 2966 moramini.
2408 2912 2535 2965 Mihi
2564 2915 2698 2966 satis
2722 2913 2912 2967 salutis
2958 2922 3042 2968 est
3083 2931 3202 2970 cum
3256 2918 3470 2977 valetis.

1893 3001 2142 3057 Felicitas
2166 3011 2289 3057 voto
2316 3004 2438 3072 puhl
2462 3017 2527 3056 co
2551 3017 2770 3058 exorata
2813 3007 3108 3074 praestabit,
3144 3018 3201 3064 ut
3233 3009 3472 3066 clemen-

1893 3094 1978 3147 IItB
2011 3106 2226 3158 vestrm,
2253 3104 2448 3163 quanta
2476 3102 2560 3148 est
2591 3095 2849 3150 reddendi
2877 3098 3143 3164 voluntas,
3172 3109 3318 3154 tanta
3341 3115 3472 3172 sup-

217 3167 295 3263 gur
317 3199 465 3265 igitur
494 3167 748 3268 partibus
775 3167 929 3261 meis,
969 3205 1024 3249 et
1065 3205 1116 3248 te
1147 3167 1482 3248 familiariter
1523 3209 1651 3261 rogo
1703 3200 1779 3258 ut,
1811 3167 1857 3228 Ο
1890 3185 2200 3263 petatcottia
2234 3187 2462 3257 negotiis
2496 3187 2898 3254 promovendis,

215 3287 380 3343 auditis
403 3287 705 3344 infelicium
735 3287 1221 3357 d~plorat90ttihus.
1276 3287 1328 3339 itt
1377 3299 1496 3339 eam
1552 3295 1779 3353 partem,

217 3395 316 3448 qua
341 3391 418 3436 est
440 3380 552 3450 juri
588 3392 643 3436 et
674 3381 1001 3435 miserationi
1033 3381 1223 3442 amica,
1265 3378 1551 3434 movearis.
1583 3377 1728 3432 Vale.

765 3472 979 3530 EPIST.
1021 3471 1204 3526 XVIII.

783 3579 1110 3620 ειιιιιιιοιιυε.
1123 3604 1136 3618 .
1148 3601 1182 3617 .ο
1196 3605 1209 3620 .

270 3655 433 3712 Prima
462 3658 748 3715 scribendi
786 3672 943 3714 causa
985 3667 1068 3714 est
1103 3667 1162 3713 ut
1203 3658 1664 3714 honoriﬁcentiam
1693 3675 1782 3716 sa-

210 3746 450 3806 lotationis
475 3751 801 3806 exhibeam.
828 3749 1101 3815 Secunda,
1131 3761 1187 3806 ut
1210 3751 1483 3821 probatam
1499 3751 1629 3806 tttilti
1661 3766 1778 3808 mo-

208 3838 402 3895 destiam
461 3853 618 3896 tuam
664 3841 807 3910 justa
858 3840 1115 3910 petitione
1165 3841 1504 3895 conveniam.
1553 3841 1778 3898 Plurimi

206 3931 326 3985 enirn
355 3931 420 3988 de
445 3932 656 3987 familia
684 3931 875 3985 domus
901 3946 1035 3986 mea:
1061 3945 1156 4001 per
1182 3931 1362 4002 fugam
1386 3932 1578 4001 elapsi,
1607 3933 1660 3987 in
1695 3933 1779 3989 his

205 4020 337 4087 locis,
383 4041 504 4094 qua:
551 4023 654 4078 tibi
697 4022 1030 4078 contermina
1075 4031 1233 4088 sunt,
1279 4022 1620 4092 delitescunt,
1655 4025 1774 4091 hos,

203 4116 373 4169 auditis
398 4115 822 4188 allegationibus
852 4116 1215 4185 procuratoris
1244 4117 1372 4182 mei,
1401 4132 1586 4186 qttteso
1617 4119 1779 4174 resti-

206 4209 323 4258 tuas.
351 4204 622 4260 Convenit
650 4205 794 4260 enim
827 4205 930 4260 tuis
959 4205 1197 4261 moribus
1218 4214 1271 4261 et
1300 4206 1552 4261 amicitiai
1578 4219 1776 4263 nostra:

202 4299 698 4365 contemplationem
727 4309 940 4367 gerere,
972 4305 1028 4352 et
1062 4296 1245 4351 servili
1299 4297 1554 4368 nequitiae
1580 4314 1776 4370 negare

205 4384 504 4455 perfugium.
535 4386 699 4442 Vale.

775 4477 991 4533 EPIST.
1041 4477 1193 4534 XIX.

760 4583 1194 4628 εῑιιιιιιοιιυε.....

259 4658 542 4731 Postquam
572 4660 645 4718 de
686 4661 823 4717 freto
843 4661 1025 4718 Siculo
1050 4663 1254 4719 litteras
1298 4674 1417 4719 tuas
1453 4667 1678 4736 sumpsi,
1708 4667 1774 4721 ad

199 4762 365 4805 curam
395 4753 1092 4818 vicissitudinisincitatus,
1137 4755 1369 4810 salutem
1420 4757 1548 4810 mitti
1588 4758 1776 4812 nuntio

197 4843 500 4908 sec-undare,
535 4844 634 4900 tibi
668 4853 798 4913 opto
827 4856 1140 4915 suppetere.
1176 4846 1382 4901 Dehinc
1410 4847 1479 4902 de
1512 4859 1773 4917 apparatu

198 4942 378 4989 nostra
400 4937 663 4990 editionis
689 4938 975 4996 admoneo.
996 4940 1241 5008 quamvis
1269 4941 1547 5010 religiosus
1564 4943 1774 4998 animus

195 5026 503 5081 monitorem
529 5029 763 5083 alterum
789 5044 896 5084 non
928 5033 1182 5101 requirat.
1215 5032 1333 5087 Prat
1363 5035 1573 5090 caeteris
1597 5045 1774 5092 autem

195 5130 301 5182 qua:
326 5118 573 5174 Romana
617 5125 926 5190 spectacula
952 5125 1284 5190 desiderant,
1317 5126 1620 5182 crocodilos
1651 5132 1776 5183 fun-

189 5206 288 5262 erio
310 5209 597 5267 theatralis
616 5212 894 5284 efﬂagitat.
932 5216 1006 5272 De
1027 5217 1222 5287 quibus
1247 5217 1405 5273 fidam
1431 5230 1576 5274 tuam
1611 5236 1776 5290 spon-

189 5301 384 5356 sionem
412 5313 616 5361 teneo:
649 5305 731 5361 cui
762 5305 934 5363 facilis
961 5311 1218 5367 succedet
1260 5313 1504 5380 effectus,
1533 5314 1576 5367 si
1608 5329 1775 5384 pecu~

189 5388 379 5449 liariter
408 5395 465 5450 in
496 5411 620 5451 rem
650 5397 842 5454 missos
871 5399 1111 5471 suffragii
1177 5402 1250 5458 tui
1293 5403 1441 5459 nisus
1483 5404 1762 5475 adjuverit.

193 5478 336 5538 Vale.

795 5582 1009 5639 EPIST.
1045 5584 1160 5640 XX.

762 5688 1185 5736 SYIMACIIUS..."

255 5753 439 5818 Plures
473 5762 548 5815 de
585 5762 834 5820 Dalmatia
865 5771 1086 5823 ursosin
1111 5781 1420 5842 apparatum
1451 5771 1648 5826 domus
1680 5786 1774 5827 tto-

423 5853 705 5916 ΡΑτιωιη
761 5857 987 5919 XVIII.

2463 3277 2678 3334 EPIST.
2714 3277 2874 3333 XXII.

1957 3383 2155 3426 DOIIINO
2181 3385 2568 3427 VALENTINIANO
2593 3385 2795 3426 SEHPER
2825 3387 3064 3430 AUGUSTO
3090 3387 3399 3434 SYIIIACIIUS

2419 3479 2472 3518 ν.
2515 3479 2565 3518 C.
2598 3479 2770 3520 PRIF.
2813 3481 2932 3520 CRB.

1953 3555 2146 3624 Quieto
2175 3554 2307 3610 mihi
2347 3563 2404 3610 et
2447 3555 2768 3625 jampridem
2813 3571 2842 3610 a
2884 3557 3170 3616 desideriis
3201 3561 3468 3621 honorum

1885 3656 2094 3704 remoto
2123 3688 2136 3713 ,
2188 3646 2568 3717 pra‘fecturant
2617 3647 2800 3702 ruultis
2853 3649 3088 3719 cupitam
3141 3662 3335 3724 sponte
3376 3655 3469 3710 tri-

1884 3742 2096 3798 huisﬁs.
2122 3741 2238 3810 Ago
2257 3739 2461 3810 gratias
2489 3749 2568 3794 tot
2598 3739 2863 3795 bonorum
2889 3743 3030 3799 circa
3054 3759 3142 3800 me
3167 3745 3468 3815 principum

1882 3839 2162 3894 Voluntati.
2215 3838 2322 3895 Sed
2376 3839 2616 3910 intelligo
2664 3850 2864 3909 quanto
2917 3840 3035 3910 plus
3089 3841 3468 3898 sollicitudinis

1883 3931 2435 4002 habeatmagistratus
2483 3934 2573 4002 qui
2598 3949 2660 3988 ex
2685 3933 2908 4001 judicio,
2939 3949 3096 4002 quam
3121 3935 3212 4004 qui
3251 3951 3316 3991 ex
3346 3951 3468 4006 gra-

1881 4023 1952 4075 tia
1987 4023 2151 4077 venit.
2178 4022 2271 4079 Ille
2297 4025 2468 4089 enim,
2500 4035 2556 4078 ut
2580 4025 2784 4079 meritis
2806 4024 2984 4090 datus,
3022 4041 3171 4096 spent
3197 4028 3278 4081 sui
3306 4028 3470 4084 debet

1882 4131 2123 4184 :L-quare:
2157 4116 2260 4171 iste
2293 4126 2348 4170 ut
2378 4131 2472 4186 per
2500 4115 2821 4171 beneﬁcium
2855 4118 3134 4186 qumsitus,
3165 4135 3195 4174 a
3229 4122 3468 4190 periculo

1884 4208 2244 4275 prtestationis
2267 4208 2476 4263 alienus
2505 4218 2607 4276 est,
2643 4208 2706 4263 D.
2738 4209 3047 4278 imperator.
3077 4211 3207 4278 Quis
3229 4226 3359 4281 ergo
3382 4229 3466 4267 me

1883 4299 2004 4352 huic
2035 4300 2186 4354 oneri
2221 4313 2402 4369 parem
2436 4299 2628 4354 faciet?
2665 4299 2887 4356 Scilicet
2931 4312 3108 4356 vestra
3153 4302 3465 4367 clementia,

1879 4389 2033 4459 cujus
2083 4391 2306 4444 interest
2364 4404 2433 4444 ne
2489 4398 2689 4444 temere
2743 4391 2947 4446 electus
2995 4391 3292 4446 existimer.
3339 4392 3464 4446 Μίιιι

1880 4483 1944 4535 ad
1987 4481 2370 4536 conscientiam
2420 4480 2552 4535 satis
2589 4489 2673 4536 est
2713 4496 2820 4537 non
2868 4481 3148 4537 affectasse
3196 4482 3463 4552 publicam

1801 4542 1856 4603 Β
1881 4587 2086 4627 curam.
2130 4573 2248 4628 1am
2277 4572 2449 4643 qualis
2471 4573 2714 4628 inveniar
2742 4573 2794 4628 in
2838 4589 2998 4628 manu
3030 4582 3332 4645 temporum
3360 4586 3462 4631 est.

1882 4668 2059 4723 BttllOS
2085 4668 2227 4722 enim
2259 4665 2604 4737 magistratus
2638 4666 2786 4721 favor
2811 4667 3110 4737 principum
3145 4667 3291 4734 facit,
3323 4681 3466 4723 sem-

1884 4773 2086 4828 perque
2107 4759 2176 4814 de
2225 4759 2466 4813 moribus
2497 4758 2690 4812 vestris
2735 4760 2960 4813 virtutes
2995 4758 3234 4827 judicum
3273 4757 3466 4812 fluunt.

1881 4851 2060 4906 Facite
2086 4859 2144 4905 ut
2183 4866 2373 4907 omnes
2413 4851 2731 4921 intelligant,
2756 4851 2800 4905 si
2829 4851 2968 4906 forte
2995 4851 3134 4905 desit
3168 4853 3467 4906 rectoribus

1883 4945 2090 5012 integer
2117 4945 2289 5014 vigor,
2332 4944 2551 5013 etjusta
2596 4942 2942 5009 conscientia,
2968 4943 3211 4999 hominis
3255 4944 3468 5012 culpant

1885 5051 2026 5101 esse,
2063 5052 2168 5090 non
2187 5036 2393 5091 saeculi.
2424 5035 2542 5088 Non
2573 5048 2690 5088 sum
2722 5035 2833 5088 voti
2863 5033 3203 5097 immodicus,
3226 5046 3347 5086 cum
3381 5035 3468 5086 lto-

1886 5144 2072 5183 norem
2098 5143 2275 5182 meum
2306 5125 2629 5180 commendo
2675 5125 2987 5178 auctoribus
3022 5126 3153 5178 suis.
3200 5123 3466 5190 Quantum

1884 5231 1966 5275 est
1989 5219 2132 5274 enim
2153 5217 2294 5288 quod
2316 5233 2416 5286 ego
2441 5216 2644 5270 numini
2671 5224 2854 5271 vestro
2873 5230 2976 5285 ago
3004 5215 3246 5285 gratias?
3282 5213 3465 5269 Facite

1883 5322 1944 5366 ut
1980 5311 2130 5365 vobis
2160 5310 2320 5364 etiam
2349 5308 2651 5376 reSpultlira
2684 5321 2780 5376 pro
2809 5323 2894 5362 nte
2923 5321 3070 5377 grata
3099 5308 3192 5364 sit.

2461 5399 2674 5453 EI’IST.
2710 5398 2896 5454 XXIII.

1887 5509 1937 5547 Ι).
1955 5506 2249 5548 THEODOSIO
2276 5506 2478 5544 SESIPER
2506 5505 2629 5544 Αιτο.
2657 5505 2964 5545 διιιιιιιιιιιυε
2990 5507 3040 5544 ν.
3070 5506 3120 5544 C.
3156 5505 3321 5543 Plﬁl‘.
3348 5503 3463 5545 una.

1959 5583 2095 5638 Uliut
2122 5599 2226 5646 tne,
2251 5591 2306 5634 ut
2335 5596 2418 5634 res
2437 5582 2654 5648 iudicat,
2684 5584 3017 5650 cognitiones
3050 5581 3281 5633 numinis
3305 5583 3468 5638 vestri

1889 5675 2127 5730 secundo
2159 5677 2338 5728 favore
2370 5674 2690 5743 respiciunt.
2723 5676 2904 5744 Reque
2935 5674 3073 5726 enim
3123 5673 3278 5725 aliter
3307 5671 3469 5740 ίιιψιις

1892 5766 2156 5824 ratoribus
2180 5767 2310 5824 nihil
2336 5777 2538 5823 temere
2568 5769 2963 5838 ltrmstantilttts,
2997 5768 3134 5822 inter
3164 5769 3364 5832 primos
3385 5780 3470 5823 aut

3120 5858 3192 5916 'l‘l
