4048 6184
609 275 715 332 365

1803 276 1864 341 ρ.
1909 273 2251 331 uouemus
2290 272 2737 333 svumcuus.
3713 289 3791 342 sui

607 402 811 458 primus
840 402 1200 445 occurrerem.
1238 389 1438 445 Dilatus
1470 404 1597 459 ergo
1624 389 1883 444 hactenus
1915 388 2042 441 tnibi
2075 402 2196 440 cum
2227 393 2272 446 Α
2304 397 2452 442 ortus
2472 390 2753 444 Aebetimo
2773 400 2922 459 patre
2946 392 3129 460 (quem
3155 395 3398 449 memoria
3422 396 3679 453 ιιιιιτςιιιιιιι
3703 408 3793 455 ,ιιι-

604 479 875 550 republica
901 478 1104 546 videor,
1130 494 1248 547 quae
1279 480 1366 535 ubi
1396 481 1447 535 itt
1474 480 1788 550 longinquas
1820 478 2030 549 imperii
2065 494 2188 546 par-

607 583 688 627 tes
712 571 1004 641 majestatls
1053 584 1245 627 vesme
1293 587 1475 627 curam
1527 574 1755 637 vocavit,
1802 573 2003 641 reperit
2043 570 2181 641 apud

503 701 518 729 τ
608 680 706 722 vos
733 666 985 721 meditata
1012 665 1234 736 judicia,
1257 666 1317 721 D.
1336 666 1646 735 imperator.
1673 667 1884 721 Justqu
1916 676 1998 720 est
2024 665 2185 735 igitur

512 777 515 781 ·
604 770 660 813 ιιι
687 758 975 814 aeternitati
1049 769 1244 813 vestrae
1294 773 1391 828 pro
1435 758 1805 823 solobonore,
1836 772 1998 827 quem
2040 758 2181 826 cepi,

603 853 805 918 gratias
844 862 1022 918 agam.
1072 849 1361 905 Praefectos
1388 863 1535 919 saepe
1576 849 1798 915 fecistis,
1829 858 1883 902 et
1924 850 2182 902 immensa

604 950 764 996 aetate
795 940 1032 1006 facietis,
1064 940 1161 995 sed
1204 956 1341 1011 quos
1377 940 1664 995 assiduitas
1693 951 1747 995 et
1787 954 1913 993 usus
1942 941 2184 1010 ingesse-

604 1033 694 1087 rit.
723 1032 806 1087 Me
825 1031 1027 1087 dudum
1076 1032 1512 1102 proconsularem
1563 1031 1734 1084 virum
1766 1031 2046 1084 cedentem
2073 1028 2182 1099 jam

601 1127 691 1181 ditt
733 1126 1029 1195 potentium
1086 1123 1362 1184 moribus,
1399 1132 1524 1177 ante
1572 1136 1770 1192 capere
1817 1121 2183 1189 magistratum

601 1235 760 1291 quam
783 1230 1099 1288 exspectare
1124 1217 1392 1273 voluistis.
1425 1218 1575 1272 Nunc
1610 1231 1705 1272 vos
1734 1233 1852 1281 oro,
1886 1226 2048 1286 atque
2088 1216 2185 1270 oh-

601 1327 758 1368 sccro
801 1322 858 1367 ut
888 1311 1078 1367 favore
1117 1324 1377 1381 perpetuo
1433 1311 1628 1365 factum
1676 1321 1911 1364 vestrum
1962 1309 2179 1378 juvetis.

606 1402 851 1459 Amabile
870 1412 952 1457 est
982 1419 1072 1472 pr-
1094 1416 1214 1457 esse
1258 1402 1463 1456 civibus
1483 1442 1498 1464 ,
1549 1401 1644 1455 sed
1696 1401 1910 1470 placere
1941 1400 2180 1455 dillici'e.

603 1491 827 1547 Multum
853 1491 994 1547 enim
1022 1500 1071 1544 et
1104 1492 1242 1545 inter
1269 1494 1511 1560 cognitus
1537 1506 1747 1560 semper
1776 1495 1907 1545 dura
1933 1501 2186 1546 constan-

604 1586 674 1637 tia
698 1591 801 1638 est.
833 1582 969 1649 Quid
998 1583 1137 1652 quod
1172 1583 1493 1650 plerumque
1522 1583 1724 1651 evenit,
1748 1592 1808 1636 ut
1836 1582 1998 1651 aliqui
2022 1583 2185 1652 longo

602 1673 852 1742 potentia
878 1688 998 1738 usu,
1019 1674 1129 1743 jam
1159 1674 1394 1728 nesciant
1424 1675 1679 1728 honorem
1704 1675 1920 1729 nteum?
1950 1674 2066 1728 Non
2093 1677 2185 1728 de-

2291 481 2471 535 stoteli
2499 495 2784 552 supparem
2827 484 2992 538 fuisse
3020 485 3326 556 consentit),
3368 488 3611 553 iuventuti
3634 508 3792 549 ltttsltte

2293 565 2662 641 magiSterium
2713 574 2974 628 bonarum
3034 574 3226 629 artium
3293 577 3586 648 pollicetur,
3634 585 3794 640 nulltnn

2292 674 2552 733 quaestum
2584 665 2934 733 professionis
2960 663 3235 732 aﬂectans,
3267 679 3415 738 atque
3444 669 3555 724 ideo
3579 671 3796 742 diguttsitt

2291 753 2680 822 amplissimum
2724 754 2969 809 ordinem
3019 756 3289 824 coepturi,
3340 767 3393 810 ut
3435 759 3645 813 animum
3684 766 3799 818 vitiis

2289 846 2529 898 avaritiae
2552 845 2777 898 liberum
2804 844 3074 914 dignitatis
3111 846 3327 915 praemio
3348 863 3672 904 tnuneremur.
3695 853 3801 908 Sunt

2291 937 2449 1005 hujus
2472 937 2548 992 rei
2579 936 2828 1006 exempla
2860 940 3057 993 nobilia
3085 979 3099 1003 ,
3143 955 3260 1009 quae
3300 942 3517 1009 prudens
3564 946 3801 999 simuletur

2289 1029 2536 1085 im-‘tatio.
2571 1029 2702 1084 Nam
2724 1043 2777 1085 et
2804 1030 3145 1087 Carneadem
3161 1030 3496 1103 Cyrenaeum,
3535 1045 3585 1091 et
3621 1035 3804 1091 Plenum

2290 1122 2696 1192 Clytontac!.ttm
2754 1122 3099 1177 Atheniensis
3146 1125 3292 1177 curia
3346 1128 3583 1180 societtte
3631 1127 3806 1196 dignata

2289 1221 2370 1266 e-t
2404 1229 2416 1263 :
2449 1211 2632 1265 itidem
2657 1224 2711 1264 ut
2732 1211 3052 1276 Zaleucum,
3087 1211 3261 1282 legum
3303 1213 3625 1269 Lucrensium
3663 1218 3808 1271 condi-

2291 1310 2481 1365 torem,
2512 1302 2733 1357 civitate
2760 1302 3045 1357 donarnnt.
3090 1302 3312 1373 Dignum
3341 1313 3422 1360 est
3458 1306 3601 1375 igitur
3624 1308 3805 1360 aeterni-

2291 1400 2398 1445 tate
2428 1390 2662 1446 numinis
2687 1392 2873 1458 vestri,
2900 1391 3139 1457 Celsum,
3175 1409 3388 1464 genere,
3421 1394 3708 1460 ermlitione,
3732 1411 3809 1447 vo.

2290 1484 2496 1538 luntate
2550 1484 2907 1548 laudabilem,
2964 1485 3276 1552 adjudicare
3329 1487 3581 1542 nobilibus
3626 1503 3808 1555 pgoore

2288 1576 2580 1646 dignitatis,
2603 1592 2722 1631 cum
2744 1579 3090 1648 praerogativa
3113 1578 3313 1634 scilicet
3331 1580 3597 1641 consulari.
3619 1595 3675 1633 ne
3691 1595 3813 1634 sunt-

2290 1675 2436 1735 ptum
2464 1667 2580 1736 ejus
2610 1670 2777 1733 magis
2810 1684 2967 1738 quant
2997 1671 3365 1739 magisterium
3410 1672 3643 1741 quaesisse
3664 1672 3812 1724 videat-

599 1764 889 1831 scrtterint,
929 1765 1018 1835 qui
1049 1764 1335 1819 dederunt.
1382 1766 1493 1835 Ego
1534 1767 1730 1831 enitar,
1765 1775 1819 1819 ut
1867 1778 2074 1835 potero,
2119 1780 2185 1820 ne
2216 1761 2264 1820 Β
2292 1775 2430 1825 "In".
2464 1774 2568 1813 "0"
2599 1761 2717 1814 Sine
2745 1762 2992 1816 “arma?
3020 1771 3171 1828 ηυῑεν
3203 1763 3250 1817 εί
3275 1763 3341 1817 ab
3364 1778 3427 1819 ευ
3455 1768 3618 1818 ηιυητι
3641 1763 3812 1834 Publica

598 1858 943 1913 clementiam
976 1868 1206 1911 vestram
1234 1856 1490 1912 fefellisse
1539 1857 1606 1911 de
1638 1873 1724 1912 me
1758 1858 1903 1927 prior
1935 1855 2077 1911 fama
2108 1857 2187 1912 vi-

596 1950 818 2007 deatur:
840 1949 1007 2005 vestri
1029 1949 1262 2003 numinis
1292 1950 1395 2004 erit
1414 1964 1752 2005 communem
1782 1964 1998 2005 causam
2025 1949 2183 2005 tueri.
2204 1951 2208 1954 ⁴

603 2041 734 2096 Nam
758 2042 815 2096 in
842 2041 997 2096 bouis
1030 2042 1429 2110 tttagiatratibus
1455 2042 1710 2110 majorem
1735 2042 1967 2113 gloriam
1992 2040 2189 2111 quaerit

607 2144 912 2204 temporum
948 2134 1084 2186 fama
1114 2149 1270 2201 quam
1289 2132 1552 2201 judictttn.

1141 2243 1353 2298 EPlriT.
1396 2242 1588 2297 XXIV.

660 2355 711 2394 ί).
744 2352 1039 2392 τιιεουοειο
1066 2351 1269 2392 SEIIPER
1295 2351 1418 2391 ACO.
1448 2347 1758 2391 SYIIHACHUS
1787 2352 1837 2390 ν.
1872 2349 1924 2390 ε.
1957 2350 2127 2390 ιἰιιεε.

1334 2423 1453 2462 URB.

668 2499 822 2569 Quod
872 2498 1014 2571 apud
1052 2514 1369 2571 germanum
1410 2498 1713 2556 clementiae
1764 2508 1954 2555 vestra:
2002 2497 2182 2553 divum

600 2602 902 2673 principem
933 2615 1041 2655 non
1067 2599 1372 2669 sileremus,
1402 2598 1447 2652 si
1475 2612 1541 2653 eo
1574 2610 1662 2653 res
1696 2596 1934 2651 Romana
1980 2595 2179 2650 fruere-

597 2705 704 2759 tur,
728 2691 1044 2748 custodibus
1072 2690 1228 2746 l‘amae
1257 2690 1376 2758 ejus
1402 2689 1617 2744 insinuo
1640 2704 1658 2743 a
1679 2702 1742 2744 ea
1760 2686 2066 2751 dev0tione,
2083 2699 2185 2752 qua

597 2782 913 2852 praefectum
943 2791 1182 2837 vestrum
1209 2779 1366 2834 decet
1399 2779 1559 2834 fidem
1585 2776 1842 2849 praeferre
1882 2775 2183 2841 blanditiis,

599 2877 660 2931 Ι).
688 2879 998 2946 imperator.
1035 2874 1193 2930 Falso
1221 2873 1486 2929 creditum
1512 2882 1595 2928 est
1621 2872 1765 2944 quod
1795 2872 2014 2927 urbanae
2041 2870 2189 2926 fasti-

594 2967 740 3037 gium
786 2969 1067 3038 potestatis
1108 2966 1373 3036 peregrini
1422 2981 1487 3022 ac
1532 2966 1748 3037 superbi
1787 2965 2018 3022 vehiculi
2058 2980 2186 3019 usus

599 3060 886 3116 attolleret.
914 3061 1036 3115 llaec
1056 3061 1198 3115 enim
1221 3059 1358 3114 ratio
1383 3058 1498 3114 sola
1527 3074 1724 3114 novum
1746 3068 2001 3114 statutum
2033 3059 2151 3114 beni
2170 3090 2184 3098 -

2292 1850 2623 1920 postulemus
2651 1853 2742 1921 qui
2765 1852 2997 1922 spondet
3021 1854 3256 1923 gratuita
3289 1864 3558 1924 praecepta.

2866 1964 3082 2022 EPIST.
3121 1966 3316 2023 XXVI.

2324 2069 2409 2108 DD.
2436 2068 2730 2109 TIIEODOSIO
2771 2071 2838 2109 ΕΤ
2869 2070 3097 2112 Αιιειιιιο
3125 2073 3332 2113 εειιῐοειι
3378 2073 3494 2113 Αυοο
3520 2072 3781 2113 διιιιιιιειιυθ

2831 2142 2881 2179 ν.
2915 2143 2965 2181 ϐ.
2994 2143 3167 2183 ΡΒΕΙΡ.
3202 2144 3325 2183 ιιιιιι.

2360 2216 2630 2287 Praecipua
2650 2217 2865 2287 quidem
2893 2220 3149 2275 beneficia
3178 2222 3414 2278 numinis
3441 2223 3593 2278 vestri
3618 2222 3805 2293 populus

2288 2308 2562 2364 Romanus
2599 2321 2899 2380 exspectat,
2943 2292 3048 2366 Dii.
3091 2313 3465 2383 imperatores.
3504 2313 3599 2370 Sed
3640 2327 3695 2367 ea
3729 2312 3816 2382 jam

2287 2405 2438 2473 quasi
2471 2404 2652 2459 debita
2694 2405 2924 2475 repetit,
2977 2421 3099 2476 quae
3144 2408 3425 2463 aeternitas
3469 2417 3629 2463 vestra
3665 2416 3820 2474 sponte

2290 2496 2531 2564 promisit
2561 2515 2574 2552 :
2607 2512 2713 2552 nou
2740 2498 2885 2568 quod
2908 2497 3010 2554 sibi
3040 2499 3327 2556 tribuenda
3357 2501 3553 2556 diffidat
3575 2502 3817 2570 (nusquam

2287 2588 2432 2642 enim
2475 2590 2647 2657 major
2676 2603 2802 2653 Spes
2844 2598 2931 2646 est
2961 2606 3121 2661 quam
3166 2592 3218 2646 in
3270 2593 3523 2647 bonorum
3570 2592 3819 2658 principqu

2291 2682 2643 2751 sponsione),
2677 2699 2865 2738 verum
2897 2699 2964 2739 ne
3007 2685 3352 2743 existimetur
3384 2688 3552 2743 oblata
3593 2684 3821 2740 fastidiose

2288 2787 2528 2841 Sperate,
2559 2774 2659 2829 nisi
2690 2775 2953 2831 instanter
2980 2779 3243 2847 exegerit.
3292 2782 3420 2834 Orat
3456 2780 3606 2849 igitur
3629 2779 3822 2833 clemen-

2291 2867 2417 2917 tiam
2444 2874 2675 2919 vestram
2702 2875 2759 2921 ut
2789 2879 2906 2936 pom
2938 2854 3024 2922 illa
3060 2870 3325 2935 subsidia,
3357 2887 3473 2941 qua:
3502 2871 3646 2925 victui
3668 2877 3822 2924 nostro

2289 2954 2503 3024 largitas
2534 2964 2710 3010 vestra
2750 2959 3047 3027 praestabit.
3098 2962 3263 3014 etiam
3296 2961 3504 3016 curules
3533 2975 3590 3014 ac
3624 2958 3821 3013 scenicos

2289 3049 2590 3117 voluptates
2613 3049 2757 3103 circo
2786 3062 2840 3104 et
2863 3051 3205 3118 Pompeianae
3234 3068 3417 3107 caveae
3445 3052 3728 3122 suggeratis.
3750 3047 3821 3102 llis

506 3198 511 3205 ε
596 3169 703 3222 gno
731 3162 858 3206 tunc
897 3152 1162 3220 persuasit
1199 3150 1434 3218 ingenio,
1469 3158 1528 3203 ttt
1550 3159 1789 3206 veterem
1818 3151 2182 3231 magistratum
2210 3134 2257 3196 C
2290 3140 2433 3194 enim
2454 3140 2648 3210 gaudet
2672 3140 2869 3195 urbana
2900 3142 3104 3206 laetitia,
3131 3143 3290 3211 cujus
3316 3144 3625 3200 desiderium
3651 3141 3821 3210 pollici-

600 3244 750 3295 dives
778 3257 968 3310 pompa
994 3251 1252 3310 gestaret.
1282 3238 1521 3296 Rocusat
1545 3239 1846 3294 istiusmodi
1886 3241 2050 3295 decus
2089 3248 2184 3292 no-

607 3348 705 3386 nor
736 3330 948 3387 sobrius
974 3346 1132 3401 quem
1162 3345 1434 3401 nunquam
1467 3330 1694 3399 paenitet
1713 3330 1816 3386 sui.
1840 3329 1940 3385 Cui
1965 3331 2010 3386 si
2056 3330 2183 3400 quid

604 3425 834 3494 patimur
864 3423 1146 3488 accedere,
1177 3423 1406 3478 fatemur
1432 3421 1691 3478 hactenus
1719 3421 1972 3478 defuisse.
2006 3423 2186 3492 itaque

602 3518 741 3572 oculi
765 3515 1000 3571 civitatis
1020 3524 1266 3586 quaerunt
1294 3514 1489 3586 privati
1518 3514 1744 3571 vehiculi
1790 3515 2025 3570 nobi!em
2066 3531 2182 3569 mo-

600 3612 767 3676 dum,
791 3619 845 3665 et
873 3608 1194 3679 degenerem
1236 3608 1610 3678 praefecturam
1642 3607 1869 3678 populus
1914 3607 2186 3662 Romanus

601 3703 893 3764 existimat,
926 3716 1045 3770 quae
1087 3700 1386 3771 posteriora
1419 3700 1583 3755 traxit
1620 3699 1892 3770 exempla.
1937 3697 2097 3754 Absit
2131 3708 2189 3753 ιιι

602 3807 692 3847 tuo
712 3793 908 3849 lerator
930 3792 1082 3847 urbis
1111 3791 1317 3858 liberae,
1340 3802 1502 3856 atque.
1529 3790 1667 3847 adeo
1690 3790 1919 3855 devotae,
1935 3799 2185 3859 tanquam

602 3883 920 3938 Salmoneus
945 3882 1083 3937 alios
1119 3881 1421 3936 invehatur.
1461 3881 1600 3936 Nihil
1651 3895 1924 3938 moramur
1965 3887 2186 3936 externa

604 3975 878 4032 miracula.
936 3974 1332 4029 irritamentum
1362 3973 1626 4042 superbiae
1658 3973 1826 4027 Roma
1862 3979 2041 4027 vestra
2082 3987 2187 4027 non

605 4069 829 4132 patitur,
875 4081 1080 4120 memor
1125 4067 1331 4121 scilicet
1376 4070 1637 4121 [tonorum
1689 4073 1999 4135 parentum,
2055 4080 2190 4134 quos

602 4158 880 4222 Tarquinii
924 4158 1088 4212 fastus
1136 4166 1190 4211 et
1232 4158 1399 4224 ipsius
1443 4155 1654 4212 Camilli
1702 4170 1897 4212 currus
1944 4155 2185 4211 offendit.

602 4248 734 4304 Nam
768 4258 917 4303 tanto
937 4249 1009 4303 illi
1039 4251 1157 4303 viro
1183 4250 1426 4303 albentes
1455 4249 1729 4317 qua-irng
1755 4247 2007 4303 exsilium
2037 4249 2191 4303 triste

604 4351 944 4411 pepererunt.
1015 4340 1276 4396 Submisit
1345 4341 1620 4395 Publicola
1689 4340 1937 4395 eoucioni
1992 4340 2187 4395 civium

603 4431 941 4488 consularem
967 4447 1231 4496 securem,
1266 4442 1318 4483 et
1369 4433 1586 4487 honoris
1620 4432 1703 4487 sui
1728 4433 1941 4487 culmen
1975 4430 2190 4500 infregit

2295 3233 2494 3289 latione
2551 3236 2818 3288 movistis.
2855 3235 3250 3305 Exspectantur
3287 3240 3520 3305 quotidie
3557 3238 3709 3292 nuntii
3751 3234 3822 3301 qui

2293 3322 2648 3394 proninquare
2671 3327 2787 3381 urbi
2815 3343 3034 3382 mttnera
3064 3329 3334 3406 promissa
3354 3331 3672 3387 conﬁrment.
3695 3327 3825 3381 Auri-

2289 3429 2476 3483 garum
2499 3423 2555 3470 et
2582 3430 2841 3485 equorum
2877 3417 3013 3471 fama
3041 3419 3350 3488 colligimr:
3378 3436 3533 3475 omne
3548 3418 3827 3479 vehiculum,

2291 3521 2449 3561 nume
2480 3508 2746 3577 navigium
2768 3509 3015 3564 scenicos
3038 3511 3274 3566 artifices
3320 3512 3592 3567 advexi~se
3611 3511 3824 3579 iactatur.

2293 3600 2359 3654 Et
2387 3609 2564 3655 tamen
2599 3615 2752 3655 amor
2799 3602 3151 3670 perennitatis
3188 3615 3392 3661 vestrae
3428 3606 3564 3660 acuit
3603 3599 3828 3659 desideria

2294 3691 2486 3761 plebis,
2518 3708 2625 3745 non
2655 3694 2922 3762 cupiditas
2944 3694 3290 3751 ludicrurum.
3316 3698 3448 3753 Date
3481 3698 3630 3766 igitur
3653 3692 3829 3749 interim

2291 3801 2408 3855 quae
2436 3795 2709 3853 petuntur,
2734 3801 2785 3842 ut
2813 3788 2885 3843 sit
2907 3788 3057 3844 locus
3079 3789 3317 3857 caeteris,
3351 3805 3471 3862 quae
3496 3791 3610 3846 sine
3636 3788 3730 3843 fine
3755 3782 3832 3838 tri-

2294 3877 2490 3933 buetis.

2866 3970 3084 4027 EPIST.
3123 3970 3345 4029 XXVII.

2328 4078 2416 4118 DD.
2452 4075 2745 4118 783000310
2770 4077 2836 4116 εγ
2868 4076 3094 4116 Αιιελῐιιο
3121 4076 3333 4121 εειιῐιεκ
3379 4081 3502 4123 Αυϐ.
3534 4070 3807 4119 εῖιιιιιαιιιῑε

2927 4148 3098 4187 ΡΒΑΕΡ-
3130 4149 3248 4188 υιιιι.

2364 4243 2647 4311 Calendas,
2683 4245 2807 4298 anni
2839 4244 3109 4313 auspices,
3148 4245 3347 4315 quibus
3388 4245 3644 4302 mensium
3684 4253 3838 4297 recur-

2294 4353 2387 4394 sus
2414 4339 2673 4406 aperitur,
2705 4337 2862 4405 intpe'
2881 4337 3076 4391 tiendis
3102 4338 3302 4392 strenis
3327 4339 3529 4394 dicavit
3554 4333 3836 4400 antiquitas.

2299 4432 2411 4487 DD.
2436 4432 2812 4500 imperatores.
2836 4430 3007 4498 llujus
3030 4430 3258 4486 instituti
3301 4447 3459 4487 usmn
3503 4423 3839 4485 munificentia:

604 4534 661 4577 ut
686 4522 986 4578 libertatem
1017 4522 1250 4576 civitatis
1290 4522 1543 4590 erigeret.
1575 4523 1714 4591 Ergo
1741 4520 1981 4577 moribus
2012 4521 2189 4590 potius
2215 4508 2270 4568 D
2296 4523 2631 4577 festinatione
2651 4520 2993 4591 praevertitis,
3009 4534 3183 4575 seram
3206 4532 3460 4591 putantes
3481 4519 3838 4577 liberalitatem.

602 4631 763 4684 quam
792 4615 1088 4685 insignibus
1130 4616 1479 4669 aestimentur.
1525 4616 1639 4670 Non
1676 4616 1956 4684 culpamus
1990 4632 2186 4670 novmn

609 4708 958 4770 beneﬁcium,
990 4708 1081 4759 sed
1112 4707 1247 4760 bona
1272 4718 1449 4760 vetera
1474 4706 1832 4771 praeferimus.
1863 4707 2189 4762 Submovelc

606 4798 909 4854 vehiculum
931 4798 1086 4867 Cttjtts
1114 4799 1291 4852 cultus
1317 4798 1576 4869 inszgnior
1608 4808 1692 4853 est
1718 4815 1731 4851 :
1765 4798 1893 4853 illud
1925 4803 2190 4854 malumus

601 4892 756 4963 cujus
781 4906 909 4947 usus
934 4891 1226 4959 antiquior.

1180 4982 1394 5038 EPIST.
1439 4982 1603 5037 xxv.
1914 5042 1919 5046 ,

676 5089 731 5130 D.
764 5089 1059 5132 τηεοοοειο
1086 5089 1290 5130 εειιιιειι
1312 5090 1433 5129 ABG.
1474 5090 1786 5132 εικιιλοευδ
1830 5092 1884 5129 ν.
1919 5093 1974 5133 0.
2015 5093 2188 5132 Πλεῖ-ὀ

1340 5161 1461 5201 υιιιι.

679 5260 826 5316 inter
856 5260 1117 5327 praecipua
1151 5258 1482 5329 negotiorum
1533 5276 1677 5331 saepe
1726 5270 1972 5317 curatum
2010 5273 2092 5317 est
2137 5272 2194 5317 ut

609 5352 920 5408 erudiendis
950 5351 1216 5406 nobilibus
1243 5352 1544 5421 pltilosOphi
1570 5364 1929 5426 praeceptores
1959 5371 2025 5410 ev
2056 5356 2191 5410 Atti-

605 5462 668 5503 ca
699 5456 1070 5516 poscerentur.
1126 5445 1306 5516 Itaque
1353 5449 1639 5503 nonnullos
1678 5448 1771 5517 jus
1804 5458 1860 5504 et
1897 5448 2191 5503 auctoritas

606 5540 819 5606 publica
845 5538 896 5593 in
925 5552 1077 5591 usum
1103 5548 1300 5592 nostrae
1324 5539 1471 5593 urbis
1492 5540 1720 5609 accepit.
1763 5540 1828 5595 D.
1876 5538 2189 5608 imperator.

607 5625 761 5685 Nunc
793 5629 957 5684 vestri
996 5627 1179 5682 saeculi
1207 5626 1416 5683 bonitas
1447 5629 1589 5685 ultro
1629 5631 1941 5699 optimatem
1980 5631 2196 5698 sapien-

612 5714 704 5772 tia:
729 5719 981 5775 [tertianis
1008 5720 1298 5793 gymnasiis
1327 5722 1597 5793 arrogavit
1626 5740 1642 5779 :
1675 5722 1936 5793 siquidem
1959 5722 2145 5778 Celsus
2174 5763 2190 5788 .

2295 4631 2414 4683 quae
2442 4614 2596 4669 statis
2628 4612 2958 4682 temporibus
2981 4613 3324 4669 admovetur.
3378 4613 3533 4669 Felix
3571 4605 3842 4665 mehercule

2294 4708 2575 4769 saeculum,
2604 4722 2710 4777 quo
2739 4706 3008 4777 principes
3041 4705 3298 4762 cohibere
3342 4707 3436 4761 diu
3486 4703 3718 4760 nesciunt
3764 4695 3842 4750 tri-

2296 4798 2505 4852 buenda
2532 4796 2601 4851 de
2632 4797 2787 4862 votis,
2809 4812 2930 4850 cum
2956 4797 3058 4851 sini
3098 4795 3280 4851 debita
3320 4805 3646 4851 cunctentur
3683 4786 3845 4856 exige-

2295 4907 2375 4945 re.
2408 4891 2543 4957 Quid
2567 4904 2695 4958 ergo
2724 4889 2977 4955 primum,
3009 4889 3137 4957 quid
3166 4888 3507 4957 potissimum
3551 4873 3847 4957 praedicem?

2298 4983 2673 5051 Prumptamue
2704 4980 2941 5036 numinis
2968 4979 3151 5046 vestri,
3180 4990 3235 5035 et
3274 4980 3510 5035 celerem
3552 4975 3847 5045 largitatem.

2299 5094 2364 5129 an
2389 5077 2532 5130 circa
2554 5074 2802 5129 absentes
2831 5088 3127 5128 memorem
3151 5072 3513 5141 diligentiam,
3534 5085 3599 5123 an
3621 5062 3751 5135 quod
3777 5073 3847 5112 sa-

2297 5186 2447 5225 crum
2472 5184 2665 5224 munus
2680 5167 2903 5220 auxistis
2921 5165 3125 5218 honore
3142 5161 3465 5218 verborum?
3490 5160 3687 5217 Dicant,
3704 5159 3755 5208 ut
3780 5160 3847 5201 tes

2299 5270 2403 5328 est,
2434 5275 2652 5315 curasse
2672 5255 3012 5313 clementiam
3029 5264 3260 5308 vestram
3298 5263 3374 5317 ut,
3406 5260 3661 5321 tanquatn
3688 5250 3837 5299 coram

2303 5357 2533 5422 locatus,
2556 5359 2613 5407 et
2640 5349 2892 5419 alloquiis
2926 5347 3222 5417 principum
3254 5350 3460 5400 fruerer
3487 5355 3542 5399 et
3578 5346 3782 5408 augusta
3802 5330 3847 5383 in

2301 5446 2432 5515 ipsis
2465 5445 2622 5497 donis
2662 5456 2754 5496 ora
2803 5454 3113 5494 venerarer.
3162 5438 3385 5504 Quando
3436 5435 3571 5488 mihi
3607 5428 3852 5515 omnium

2302 5552 2559 5607 expres~a
2617 5535 2796 5604 potius
2838 5542 2895 5589 et
2936 5533 3051 5587 viva
3089 5535 3278 5604 gaudia
3333 5544 3530 5596 capt-rc
3574 5527 3641 5581 de
3685 5513 3854 5573 vobis?

2301 5633 2565 5696 Quantum
2607 5626 2804 5680 veritas
2825 5633 2908 5677 est
2936 5624 3158 5689 bonum,
3187 5624 3341 5689 cujus
3365 5620 3586 5687 species
3611 5623 3666 5670 et
3707 5612 3862 5673 imaE“

2305 5717 2696 5774 tuirabdisest!
2742 5718 2855 5783 Ago
2891 5715 3051 5785 igitur
3099 5727 3259 5782 atque
3310 5713 3498 5767 habet)
3552 5703 3786 5776 gratiast
3828 5697 3872 5743 (ί
