4046 6170
231 386 309 445 δθδ
1402 363 1874 425 ιειτιδτυωιιυιι
1919 363 2124 418 LIBER
2165 363 2228 417 Χ.

3323 368 3427 423 566

233 511 360 555 nteant
380 492 542 556 vicem,
562 487 650 558 qui
680 484 941 542 solvendo
963 498 1058 554 par
1091 498 1197 538 non
1226 498 1368 546 sum,
1391 481 1733 547 ctelestibus,
1766 483 1812 542 Α
1844 477 2011 534 Roma
2043 479 2370 550 quaesiverit.
2407 479 2724 549 [lect-pimus
2754 495 2952 539 veteris
2977 500 3065 553 pra
3087 501 3112 539 r
3150 489 3337 554 εειιίνέ
3366 491 3427 542 fi-

231 601 274 645 ut
306 601 368 642 sc.
394 585 453 639 dii
472 595 557 652 pro
578 595 665 636 me
694 580 908 635 solvant
935 577 1078 648 quod
1104 592 1203 646 ego
1234 591 1340 630 non
1371 592 1490 630 sum
1523 576 1740 630 solven-

228 682 294 734 da.
315 680 330 750 (
354 675 462 731 Vide
483 673 665 729 Senec.
714 671 811 726 lib.
838 685 891 725 tv
911 669 979 724 de
1003 669 1186 723 Benef.
1215 682 1334 737 cap.
1369 667 1429 724 li
1469 684 1483 732 ;
1534 677 1588 722 et
1619 676 1740 721 nota

226 786 341 825 usum
365 767 488 822 verbi
532 763 824 834 Delegare.)
879 762 1078 832 Delego
1111 762 1443 816 virtutibus:
1495 761 1598 815 illan
1625 761 1740 815 cle-'

228 861 424 917 mentiam
464 863 687 913 vestram
730 854 908 925 dignis
946 853 1292 922 proces~ibus
1337 863 1688 906 monerentnr
1720 867 1733 904 :

229 951 525 1014 noscolimus,
557 963 656 1004 nos
681 961 960 1011 amamus;
990 945 1132 1015 quod
1167 943 1317 998 SCltli
1357 945 1612 997 omnibus
1651 958 1738 997 re-

232 1046 307 1100 bus
336 1057 436 1099 esse
461 1040 829 1110 pratstantins;
861 1038 950 1107 qui
983 1037 1105 1090 ideo
1153 1035 1466 1089 salutariter
1491 1034 1737 1103 rempub.

226 1133 383 1206 regitis,
408 1143 456 1186 ut
480 1132 591 1186 haec
616 1131 730 1185 sola
752 1128 1094 1184 mereamini.

695 1241 913 1298 EPIST.
956 1240 1193 1297 XXVIII.

253 1354 320 1393 υιι.
337 1348 606 1391 τιιεοιιιιςιο
632 1350 700 1389 ΕΤ
725 1349 951 1389 Αιιωιιιο
977 1349 1180 1386 εειιΡΕη
1219 1348 1339 1388 Αυϐ.
1379 1346 1688 1387 δῑιιιιλειιιιει

682 1420 735 1458 ν.
758 1420 810 1459 C.
843 1419 1013 1458 PREI‘.
1045 1419 1168 1457 URB.

263 1496 470 1553 Otnnium
499 1495 904 1560 beneficiorum,
938 1510 1060 1564 qua:
1094 1493 1280 1550 tribuit
1319 1495 1496 1561 potior
1528 1492 1738 1547 fortuna

216 1589 439 1658 subjectis,
454 1597 600 1642 certa
624 1595 754 1641 sunt
772 1599 1034 1655 tempora,
1059 1584 1171 1642 DD.
1196 1585 1573 1653 imperatores.
1601 1583 1743 1640 Sola:

217 1683 342 1751 leges,
369 1693 474 1749 qua:
500 1681 551 1734 in
583 1680 781 1735 bonum
804 1693 1092 1734 commune
1126 1679 1738 1747 procedunt,nnnqnam

211 1774 430 1840 patiuntur
448 1786 721 1828 occasum.
755 1773 877 1842 Agit
917 1771 1114 1826 divinis
1155 1770 1524 1825 sanctionibus
1548 1767 1740 1823 vestris

1845 571 1966 626 dam
1995 573 2336 626 securitatem
2364 586 2379 626 :
2404 573 2668 643 siquidem
2697 584 2910 630 constat
2930 577 3317 645 imperantibus
3334 596 3428 633 vo-

1845 661 1948 730 bis,
1972 662 2153 730 populi
2176 676 2295 716 es~e
2325 663 2571 725 Romani.
2599 666 2854 736 quidquid
2882 669 3078 737 ubique
3106 685 3427 740 generosum

1845 754 1926 809 vel
1953 755 2120 824 gignit
2153 765 2362 820 natura,
2406 759 2486 812 vel
2532 759 2780 813 informat
2813 761 3092 815 industria.
3141 764 3428 820 Enimvero

1843 845 2004 898 etiam
2035 849 2262 913 posteris
2291 849 2566 918 egregium
2615 853 2839 906 dedistis
2880 857 3206 924 ext-inpium.
3247 859 3429 914 Seieut

1845 934 2003 989 futura
2037 936 2109 990 ita
2134 938 2349 992 demum
2379 939 2601 995 affluere
2636 944 2873 1008 lllbliCHS
2907 947 3235 1016 Voluptates,
3261 953 3300 1002 si
3335 967 3428 1004 eas

1845 1027 2043 1095 palatia
2067 1044 2173 1082 non
2208 1032 2505 1099 requirant.
2542 1033 2652 1088 llnc
2689 1045 2770 1089 est
2798 1039 3068 1105 specimen
3101 1041 3263 1094 animi
3292 1057 3428 1096 con-

1846 1118 2086 1186 tinentis,
2119 1119 2222 1174 sibi
2247 1137 2444 1189 negare
2475 1125 2616 1187 quod
2642 1125 2760 1180 aliis
2792 1128 3083 1195 deferatur,
3112 1139 3165 1186 et
3188 1132 3426 1188 laetitiam

1843 1216 2162 1263 cteterorum
2197 1211 2427 1279 propriis
2451 1215 2720 1268 anteferre
2751 1216 2976 1272 solatiis.
2994 1221 3088 1275 llic
3113 1237 3238 1277 usus
3260 1223 3430 1278 bonos

1845 1297 2115 1367 principes
2135 1299 2311 1354 decet.
2346 1301 2587 1371 Namque
2616 1307 2824 1360 aurium
2849 1317 2904 1362 et
2931 1311 3208 1367 oculorum
3229 1315 3430 1369 fructus

1843 1389 2076 1443 caducus
2106 1401 2209 1456 est,
2247 1393 2506 1460 largitatis
2531 1405 2786 1453 atterunt.
2841 1397 2947 1454 Alii
2991 1405 3276 1474 tr'umpliis
3316 1411 3430 1462 suis

1845 1477 1958 1532 haec
1979 1479 2117 1534 dena
2150 1495 2478 1550 servaSsent,
2509 1496 2567 1539 ut
2597 1489 2768 1556 posita
2802 1491 2950 1545 lauro
2978 1495 3130 1548 novis
3159 1499 3432 1554 actoribus

1845 1583 2198 1639 pet-Sonareot
2226 1573 2548 1644 Pompeiana
2584 1581 2862 1648 prosoenia
2896 1598 2912 1638 :
2965 1594 3023 1638 ut
3065 1601 3162 1655 pro
3204 1592 3433 1659 captivis

1845 1664 2130 1716 tetrarchis
2180 1665 2376 1721 Indica:
2421 1684 2636 1725 cmrnm
2687 1673 2878 1728 belluas
2922 1681 3320 1747 praevenirent,
3372 1697 3431 1741 ut

1843 1767 2102 1822 equorum
2131 1755 2320 1825 longus
2342 1759 2477 1814 ordo
2506 1765 2672 1816 instar
2701 1769 2939 1832 gentium
2987 1769 3292 1828 duceretur.
3330 1775 3432 1829 Ve-

212 1864 359 1932 gmias
384 1864 506 1919 ordo
532 1863 890 1930 reverendus,
922 1863 1086 1919 etiam
1115 1863 1333 1918 "nmine
1368 1870 1738 1929 “murorum,
1770 1843 1815 1903 Β
1844 1855 1958 1901 ster
1984 1848 2287 1917 triumphus
2317 1851 2604 1910 Arsacidas
2639 1870 2754 1924 post
2790 1867 2995 1930 tergum
3025 1865 3326 1931 revinctos,
3376 1881 3434 1923 et

213 1953 359 2022 quibus
400 1967 535 2023 resp.
599 1953 886 2010 emendata
946 1954 1207 2008 tradetur.
1255 1953 1388 2006 Nam
1431 1967 1554 2007 cum
1597 1949 1739 2006 fteda

207 2046 375 2111 iactatio
421 2045 721 2101 senatorias
778 2044 1086 2100 functiones
1139 2043 1394 2114 gravibus
1452 2041 1739 2111 impendiis

205 2135 435 2204 obruisset,
458 2147 508 2193 et
541 2136 792 2193 moribus
813 2145 867 2192 et
889 2136 1196 2206 sumptibus
1221 2134 1420 2190 nostris
1449 2133 1735 2188 sanitatem

207 2238 388 2282 veterem
410 2227 723 2284 reddidistis
750 2243 764 2279 :
799 2242 867 2282 ne
887 2234 979 2280 aut
1014 2226 1248 2294 impares
1280 2224 1534 2279 facultate
1571 2222 1737 2279 colle-

198 2331 266 2385 gas
287 2317 440 2374 tenuis
463 2319 809 2375 decoloraret
839 2317 1008 2374 editio
1033 2363 1047 2385 ,
1088 2329 1180 2371 aut
1214 2333 1307 2386 per
1349 2316 1725 2372 verecundiam

201 2408 354 2464 viribus
373 2411 564 2480 majora
612 2418 836 2465 conatos
868 2407 1062 2463 effusio
1106 2409 1404 2463 inconsulta
1451 2407 1733 2475 demerge-

196 2507 270 2552 ret.
291 2499 516 2570 Ejusdem
541 2511 816 2574 prmterea
845 2501 1072 2556 rationis
1103 2500 1442 2565 salubritate,
1475 2510 1629 2554 vetus
1657 2499 1735 2552 di-

190 2591 423 2647 cendarum
443 2593 842 2649 sententiarum
878 2592 1047 2648 forma
1074 2601 1320 2662 reparata
1353 2601 1469 2647 est:
1499 2606 1565 2646 ne
1581 2607 1734 2646 sum-

189 2698 298 2738 mum
316 2685 496 2758 cuique
529 2686 862 2742 decernendi
893 2685 1091 2749 locum,
1121 2700 1226 2740 non
1258 2683 1396 2739 ratio
1429 2699 1732 2772 munerum,

191 2779 258 2831 sed
282 2778 522 2836 bonorum
550 2785 780 2837 fortuna
817 2791 1098 2851 prtestaret
1142 2797 1158 2836 :
1203 2791 1361 2850 atque
1404 2779 1454 2835 id
1492 2781 1736 2835 assensio

186 2879 448 2929 ceterorum
475 2876 560 2932 vel
615 2875 784 2930 invita
818 2884 1153 2944 sequeretur,
1192 2874 1334 2944 qut-d
1376 2885 1502 2929 ante
1547 2887 1735 2928 omnes

185 2962 348 3020 felicior
377 2970 711 3025 censuisset.
743 2967 1031 3024 Credimus
1053 2969 1214 3039 igitur
1244 2967 1325 3020 bis
1372 2966 1628 3031 remotis,
1669 2966 1734 3019 ad

183 3067 358 3124 regnum
377 3072 528 3115 suum
559 3061 804 3116 rediisse
833 3061 1082 3115 virtutes.
1115 3059 1171 3112 In
1202 3059 1532 3114 Btllll'tnllllls
1561 3059 1736 3126 parci—

181 3147 337 3212 monia,
366 3149 418 3205 in
457 3164 657 3207 senatu
687 3155 821 3207 ordo
859 3150 1183 3207 retinebitur
1215 3170 1226 3205 :
1273 3163 1372 3206 nec
1402 3166 1461 3205 se
1491 3159 1729 3204 ostenta-

1841 1949 1999 2004 gazas
2027 1937 2183 1993 victre
2215 1939 2500 2013 Babylonis
2551 1947 2797 2016 accipiet.
2853 1950 2906 2003 lu
2966 1968 3187 2024 magnos
3232 1961 3431 2028 quippe

1841 2028 2049 2083 animos
2077 2044 2183 2084 non
2211 2032 2356 2086 eadt
2379 2033 2623 2091 aﬂ'ectata
2647 2041 3430 2106 jactatio.Nescitistribuenda

1839 2117 2059 2176 differre
2088 2139 2102 2176 :
2135 2125 2393 2195 quidquid
2418 2131 2696 2185 nationum
2728 2132 3431 2207 famulatusobtulerit,sta-

1842 2212 1935 2266 tim
1963 2215 2232 2282 publicum
2257 2229 2364 2274 est.
2398 2221 2589 2274 Merito
2617 2239 2712 2278 vos
2742 2237 2963 2282 senatus
2989 2244 3053 2286 ac
3081 2233 3308 2302 pepultts
3335 2251 3433 2290 ore

1839 2303 2098 2370 celebrat,
2127 2307 2412 2366 devotione
2449 2327 2775 2381 veni-ratur,
2819 2334 3003 2378 amore
3033 2327 3375 2394 complectitu
3402 2350 3430 2383 ν.

1841 2396 1967 2451 Mihi
1993 2400 2234 2470 credite,
2267 2419 2458 2460 art-ana
2490 2411 2728 2463 omnium
2768 2425 3045 2481 pectorum
3094 2420 3427 2486 possidetis;

1841 2490 1929 2544 illa
1957 2491 2215 2548 bonarum
2251 2499 2707 2558 necessitudinum
2733 2504 2872 2570 loca,
2895 2507 3092 2577 quibus
3113 2510 3430 2581 liberorum,

1839 2583 2034 2652 quibus
2065 2598 2346 2656 parentum
2381 2591 2698 2648 immoratur
2723 2596 2956 2653 affectio.
2999 2601 3061 2654 Et
3099 2603 3224 2671 qui-t
3266 2619 3428 2662 omne

1839 2678 2141 2747 praemium,
2166 2680 2292 2735 duttt
2319 2682 2594 2742 beneflciis
2616 2691 2808 2744 veStris
2830 2691 3126 2758 confertur,
3144 2708 3428 2764 augustum

1837 2780 1922 2827 est
1943 2811 1958 2836 ,
1991 2773 2197 2829 invenit
2218 2776 2354 2831 ordo
2381 2780 2544 2848 ampli
2579 2781 2749 2836 simus
2776 2786 3058 2840 amabilem
3087 2789 3289 2852 vicem,
3321 2806 3424 2859 qna

1839 2878 1897 2919 se
1925 2875 2133 2935 gratum
2166 2868 2441 2936 probaret.
2488 2871 2618 2925 Nam
2667 2875 2881 2930 fami'izn
2921 2885 3112 2931 vestrm
3143 2889 3196 2932 et
3234 2882 3420 2949 stirpis

1837 2965 2135 3026 auctorem,
2175 2959 2484 3015 Africanum
2523 2965 2789 3032 quondam
2824 2978 2873 3021 et
2920 2968 3281 3024 Britannicum
3327 2973 3428 3026 du-

1837 3061 1977 3111 cem,
2011 3051 2203 3104 statuis
2228 3065 2258 3106 e
2282 3054 2569 3108 ,ιιοειιὶιιιις
2603 3055 2742 3110 inter
2775 3058 2948 3126 prisca
2984 3075 3051 3114 no
3076 3062 3195 3114 uina
3231 3079 3422 3118 conse-

1837 3139 2542 3208 cravit,quife'it'issimum
2593 3147 2764 3214 sidus,
2813 3158 2868 3204 et
2915 3151 3142 3220 imperio
3189 3157 3426 3214 Salutare

185 3232 238 3287 bit
257 3241 528 3311 opulentia,
561 3257 790 3311 semper
820 3243 977 3298 bonis
1008 3241 1220 3296 infirma
1251 3241 1604 3310 temporibus.
1635 3240 1734 3296 Su-
1761 3223 1807 3284 (δ
1840 3243 2076 3298 ΡΓοὲεηυ
2103 3240 2140 3286 ί·
2172 3232 2260 3290 δία
2291 3237 2558 3300 οοίυηῑυνν
2606 3255 2830 3309 (Ιυοτδεητ
2890 3243 3040 3298 “heri
3088 3247 3152 3300 “d
3211 3249 3411 3304 ιιυυυίη

177 3337 318 3390 ξδειιει
365 3341 507 3388 utea
555 3349 686 3405 quae
725 3334 993 3389 serenitas
1027 3341 1204 3388 vestra
1248 3333 1489 3402 patribus
1533 3332 1737 3387 delibe—

183 3422 308 3476 nuda
329 3425 538 3496 legavit,
567 3428 794 3500 cognito
825 3428 1317 3492 senatusctinsulto,
1371 3427 1454 3481 lex
1497 3427 1732 3496 Augusta

183 3517 436 3576 confirmet.
455 3522 621 3579 Nullo
646 3523 793 3578 enim
813 3522 1168 3578 dissentiente
1193 3522 1313 3592 quis
1340 3522 1531 3577 modus
1558 3523 1734 3576 censi-

179 3616 278 3671 tntn,
303 3615 461 3668 semel
492 3626 590 3671 aut
615 3617 843 3684 ssepius,
887 3632 1008 3686 qua:
1051 3614 1333 3685 fnngcndis
1385 3615 1731 3670 medioeritas

171 3700 444 3761 cditionibus
474 3711 811 3778 applicetur,
854 3724 972 3778 qua:
1016 3709 1339 3778 gladiatorio
1384 3709 1592 3762 muneri
1621 3747 1637 3772 ,
1677 3715 1732 3761 et

177 3805 265 3854 ⁸11ιὲ
290 3798 510 3852 scenicis
545 3800 697 3854 ludis
727 3810 1034 3868 sumptuum
1084 3808 1503 3868 temperamenta
1539 3814 1731 3854 Conve-

169 3882 279 3938 aiant
303 3905 315 3938 :
343 3891 466 3958 quid
502 3891 779 3947 libertatis
810 3891 1010 3947 habere
1033 3902 1305 3947 mereatur
1333 3893 1612 3960 praesentis
1637 3907 1728 3946 ex-

170 3980 334 4042 Pcnsio,
379 3983 508 4051 quid
545 3983 738 4038 damni
785 3985 1088 4039 absentium
1147 3985 1483 4040 contumacia
1536 3984 1732 4040 debeat

163 4071 365 4132 upvriri.
401 4073 528 4129 "me
561 4076 848 4130 aeternitas
875 4085 1054 4130 vestra
1082 4077 1406 4131 venerabilis
1427 4117 1442 4142 ,
1476 4091 1594 4131 cum
1637 4091 1724 4132 se-

165 4160 271 4212 mini
295 4167 579 4220 statuenda
615 4168 922 4231 mandaret,
948 4168 1134 4223 referri
1163 4169 1227 4223 ad
1262 4184 1318 4224 se
1349 4173 1600 4240 protinus
1622 4170 1728 4224 im-

161 4253 346 4319 teravit,
379 4264 436 4308 ut
465 4259 673 4326 placita
705 4259 912 4313 cunctis
941 4261 1224 4314 immortali
1252 4261 1367 4330 lege
1400 4262 1720 4315 solidentur.

160 4335 293 4394 iit-sis
317 4348 623 4413 paruimus.
663 4349 1050 4418 EXSpectcmns
1074 4352 1348 4407 oraculum
1372 4395 1387 4420 ,
1429 4368 1537 4423 quo
1575 4354 1722 4408 salu-

157 4433 326 4499 tariter,
352 4448 404 4492 ut
437 4452 629 4497 vestro
664 4442 871 4496 numini
919 4443 1184 4499 familiare
1209 4454 1326 4509 est,
1379 4445 1593 4500 Patrum
1626 4446 1723 4502 de-

154 4530 270 4573 trcta
296 4524 521 4584 lirmetis
554 4549 567 4584 :
619 4532 830 4600 adjecta
869 4535 1318 4601 comminatione,
1350 4537 1394 4590 si
1437 4536 1577 4591 ullus
1627 4539 1723 4592 ali-

1840 3323 2112 3390 publicum
2147 3327 2254 3380 nati
2287 3342 2430 3382 sunt.
2465 3331 2534 3385 At
2562 3348 2689 3387 vero
2713 3340 2940 3403 populus
2981 3338 3272 3408 imperialis
3305 3361 3421 3398 mu-

1839 3417 2122 3472 "ilic-entia:
2157 3419 2470 3489 g-ignoribns
2498 3425 2742 3491 exiiletns
2766 3467 2781 3491 ,
2815 3426 2867 3481 in
2905 3443 3146 3487 atnorcm
3183 3445 3416 3490 vestrum

1837 3521 2081 3576 promp'a
2109 3510 2454 3568 inclinatione
2478 3517 2878 3585 conces~it.Qni
2898 3520 2986 3574 ubi
3015 3526 3278 3594 comperit
3301 3543 3419 3582 nteu

1836 3598 2083 3666 prtefatu,
2112 3601 2293 3656 adfore
2319 3603 2461 3660 dona
2509 3607 2840 3674 pub'icornm
2887 3612 3191 3681 parentum,
3251 3620 3421 3686 pt‘rtis

1834 3692 2086 3746 omnibus
2116 3694 2166 3747 in
2191 3695 2478 3766 longinqua
2510 3698 2658 3754 fusus
2685 3702 2884 3770 erupit,
2916 3704 3205 3761 feliciorem
3251 3718 3418 3764 caete-

1833 3784 1906 3838 ris
1929 3786 2197 3855 judicans,
2222 3790 2310 3857 qui
2341 3791 2545 3858 primus
2603 3792 2738 3846 bona
2786 3805 2963 3853 vestra
3015 3796 3256 3854 vidisset.
3307 3800 3420 3869 Ego

1831 3892 1951 3934 cum
1982 3883 2280 3948 exspectari
2309 3898 2529 3938 munera
2555 3887 2856 3955 principum
2885 3888 3115 3957 soleant,
3156 3905 3298 3945 nunc
3339 3905 3418 3946 ta-

1830 3974 1934 4026 ci'a
1958 3987 2076 4027 vent
2094 3982 2241 4030 runt.
2275 3973 2551 4030 Praetereo
2581 3977 2728 4032 illum
2759 3977 2925 4046 diem,
2967 3996 3073 4049 qno
3097 3981 3418 4051 elephantos

1830 4065 2006 4134 regios
2035 4079 2132 4134 per
2158 4067 2397 4121 conferta
2423 4069 2631 4138 agmina
2651 4085 2908 4139 equorum
2934 4071 3190 4130 nobilium
3221 4091 3324 4144 poti
3349 4094 3418 4148 pa

1832 4155 2128 4222 pra-cessit.
2165 4156 2301 4211 Malo
2338 4157 2610 4213 fremitum
2651 4161 2867 4216 Murcia:
2907 4163 3060 4219 vallis
3108 4181 3412 4235 exponere,

1828 4257 1987 4316 atque
2013 4248 2153 4301 illam
2181 4250 2560 4319 quadrigarum
2589 4253 3018 4310 distributionem
3043 4301 3057 4325 ,
3097 4258 3149 4312 iu
3181 4276 3282 4327 qna
3313 4260 3416 4314 sibi

1826 4355 1947 4394 cum
1981 4339 2305 4394 fortunatior
2330 4341 2626 4408 videretur,
2655 4346 2739 4398 cui
2765 4347 3086 4401 tlectionem
3121 4364 3240 4402 mox
3280 4368 3415 4407 urna

1830 4433 2130 4495 tribuebat,
2165 4448 2262 4502 par
2285 4436 2366 4489 vel
2392 4436 2566 4504 p0tior
2587 4451 2698 4492 erat
2735 4454 2893 4507 quem
2926 4454 3044 4494 sors
3078 4439 3292 4497 feci~set
3317 4461 3410 4497 ex-

1830 4533 2078 4581 tremum.
2103 4526 2324 4594 Quoties
2345 4531 2588 4597 sequenti
2615 4532 2819 4599 primus
2850 4533 3076 4588 invidit?
3122 4535 3287 4590 Dubia
3325 4550 3412 4594 est

153 4613 333 4672 quando
355 4619 604 4676 ambitus
637 4623 754 4677 lure
779 4624 859 4678 vel
889 4625 978 4678 illa
1005 4627 1328 4694 corruperit,
1354 4642 1471 4698 qum
1493 4629 1720 4684 oonsilio

1835 4617 1970 4670 enim
1999 4618 2168 4684 Optio,
2193 4633 2314 4672 cum
2346 4619 2413 4674 de
2444 4619 2712 4674 similibus
2737 4622 3029 4690 jndicatur.
3078 4625 3185 4681 Nec
3213 4630 3412 4692 pu1etis

150 4706 322 4761 (σεεμιί
350 4725 446 4778 pro
475 4714 696 4769 ordinis
725 4715 982 4786 dignitate
1012 4718 1286 4773 sanxistis.

705 4825 919 4882 EPIST.
963 4827 1153 4887 XXIX.

176 4920 247 4958 ιιι).
269 4925 564 4971 τηεουοειο
599 4933 672 4971 ΕΤ
697 4933 924 4974 Αῐιωυιυ
958 4935 1162 4975 εειινειι
1201 4936 1325 4978 ΔΕΘ.
1370 4936 1682 4979 εγιηιιιοιιυς

763 5003 930 5042 ΡΒΑΕΓ.
962 5006 1062 5044 URB

211 5066 445 5128 Gratiosa
493 5077 782 5133 beneficiis
820 5082 1014 5137 vesuis
1047 5098 1209 5152 agere
1248 5099 1345 5153 pro
1389 5084 1520 5139 urbe
1553 5085 1718 5139 Roma

142 5166 188 5206 ut
211 5162 361 5215 officii
386 5168 718 5236 probabilis,
746 5171 816 5224 ita
841 5172 1125 5230 insolentis
1164 5175 1407 5230 audacia:
1444 5186 1547 5231 est.
1588 5175 1719 5231 Nam

141 5264 291 5317 neque
315 5258 634 5326 ingentibus
663 5261 823 5316 verba
846 5268 1194 5332 conveniunt,
1221 5275 1276 5320 et
1306 5282 1591 5335 personam
1625 5281 1720 5334 po-

145 5343 233 5404 tuli
259 5345 482 5405 Iiomaui
514 5353 673 5406 nulla
715 5355 902 5424 implet
946 5359 1148 5422 oratio,
1197 5357 1304 5411 DD.
1343 5359 1718 5428 imperatores.

143 5433 225 5489 Sed
249 5459 361 5506 quia
395 5447 447 5498 in
481 5447 692 5501 talibus
719 5450 946 5520 negotiis
975 5452 1081 5504 voti
1124 5466 1292 5521 mags
1322 5466 1480 5522 quam
1513 5453 1716 5522 ingenii

147 5534 253 5582 M'o
282 5547 555 5598 versatur,
586 5552 699 5591 non
730 5549 910 5594 metuo
931 5541 1151 5612 imparis
1177 5546 1393 5610 famam,
1419 5544 1542 5597 dum
1579 5543 1719 5612 fugio

147 5635 304 5680 tomen
327 5629 532 5699 ingrati
557 5645 694 5702 erga
737 5632 932 5690 Urbem
974 5637 1113 5691 coelo
1153 5645 1208 5692 et
1250 5637 1522 5692 sideribus
1568 5652 1719 5692 acce-

150 5723 258 5774 iuin
286 5736 298 5770 :
331 5723 417 5774 cui
450 5723 601 5776 bona
631 5734 893 5782 terrarum
914 5730 1152 5784 omnium
1197 5740 1452 5802 congesta
1487 5740 1714 5800 prmsta-

150 5805 212 5872 1.1-,
236 5823 384 5882 atque
414 5816 467 5870 id
523 5816 799 5887 praecipue
835 5821 981 5877 vobis
1030 5825 1224 5891 putatis
1267 5825 1522 5882 accedere
1567 5823 1707 5891 ‘l"0d

1830 4709 2130 4762 istiusmodi
2174 4703 2500 4779 voluptatem
2547 4712 2684 4778 plebi
2720 4717 2919 4768 Martia:
2950 4731 3164 4782 parvam
3208 4721 3406 4784 videri,

1826 4801 1910 4853 cui
1944 4799 2294 4855 delinimcnta
2325 4803 2646 4858 circensium
2695 4804 3040 4859 finitimorum
3083 4812 3410 4866 conottbittm

1827 4893 2191 4960 praestiterunt
2221 4913 2233 4946 :
2259 4896 2346 4950 cui
2372 4912 2613 4950 summus
2646 4896 2816 4951 honor
2845 4901 2988 4954 visus
3015 4912 3124 4966 est,
3161 4912 3212 4954 nt
3245 4918 3412 4956 ovan-

1829 4995 1910 5040 tes
1941 5000 2200 5053 eqnorum
2225 4987 2382 5041 dorsa
2406 4999 2697 5056 gestarent,
2719 5001 2777 5043 ιιι
2804 4991 2981 5054 trium,
3008 4991 3110 5045 Itan
3139 5008 3198 5046 es
3220 5010 3304 5046 cui
3322 5014 3333 5045 ι
3351 5011 3412 5049 ns

1829 5076 2106 5132 invelteret
2138 5097 2148 5130 :
2181 5079 2396 5148 quando
2428 5079 2683 5145 Vrctoria,
2711 5085 2856 5149 genti
2880 5081 3156 5136 Romulem
3189 5084 3410 5139 familia-

1824 5173 1922 5236 ris,
1950 5174 2287 5228 clcmentiam
2313 5189 2376 5224 ve
2410 5183 2546 5226 tram
2581 5190 2679 5242 pro
2712 5183 2836 5228 voto
2878 5176 3120 5230 omnium
3161 5193 3410 5232 munere-

1827 5266 1952 5319 tur“!
1985 5264 2208 5319 Fecistis
2236 5273 2292 5318 ut
2328 5263 2462 5319 Urbs
2504 5280 2636 5318 cant
2678 5266 2910 5318 luxuriet
2950 5268 3002 5320 in
3045 5269 3268 5336 primam
3325 5284 3411 5323 re-

1824 5358 1981 5412 ducta
2011 5357 2272 5420 laetitiam,
2295 5366 2347 5409 et
2377 5371 2470 5410 ver
2497 5357 2626 5410 illud
2653 5357 2923 5426 quendam
2957 5361 3184 5429 vigentis
3209 5361 3404 5414 :etatis.

1827 5451 2013 5507 Auden
2039 5451 2148 5519 jam
2190 5465 2416 5517 sperare
2456 5452 2682 5518 potiora.
2725 5449 2946 5505 Mittetis
2994 5455 3153 5506 etiam
3205 5455 3403 5519 regiam

1823 5543 2075 5606 classem,
2105 5556 2224 5606 qua:
2251 5556 2426 5592 annon
2448 5540 2560 5593 triis
2587 5541 2756 5608 copi‘s
2777 5552 2968 5609 augeat
2998 5541 3205 5595 devotio
3238 5541 3406 5608 plebis

1823 5635 2153 5687 alimoniam.
2183 5632 2327 5686 llam:
2349 5646 2477 5700 ergo
2515 5633 2566 5685 in
2601 5632 2867 5686 Tiberinis
2896 5633 3046 5684 ostiis
3075 5632 3272 5684 mixtus
3308 5648 3403 5700 po—

1823 5727 1948 5796 pulo
1975 5734 2190 5780 senatus
2217 5723 2466 5791 excipiet.
2504 5723 2912 5778 Veneralmutur
2943 5730 3192 5790 tanquam
3225 5736 3406 5774 sacras

1822 5834 2047 5890 puppes,
2079 5833 2196 5872 nua:
2227 5815 2402 5872 felicia
2430 5831 2595 5873 onera
2657 5813 2920 5886 {Egyptiw
2972 5812 3140 5885 frugis
3188 5815 3407 5871 ἰιιγιιχοσ
