4048 6184
578 283 682 340 307

1760 283 1821 350 Q.
1866 284 2208 340 AIIRELII‘S
2249 286 2688 346 SYMMACIIUS.

3759 297 3856 353 πρε

581 403 709 454 rint.
739 399 852 454 Non
883 406 1006 452 sunt
1030 411 1186 451 avara
1215 405 1362 464 vota,
1399 412 1514 466 qutc
1544 397 1724 450 sreculi
1772 397 2026 451 excitavit
2067 397 2163 450 lm-
2193 403 2241 460 Α
2273 401 2494 457 Romani
2520 403 2828 458 inusitatum
2852 405 3114 471 dolorem,
3139 407 3302 462 etiam
3333 417 3548 463 senatus
3572 409 3853 479 impatiens

580 493 828 547 inanitas.
862 491 936 544 De
966 491 1228 559 exemplis
1257 490 1402 544 venit
1447 491 1547 544 ista
1594 489 1810 544 fiducia.
1848 489 2036 559 Magna
2070 507 2162 543 stt-

581 585 780 641 mcndo
806 585 1008 653 majora
1047 583 1445 652 przesumimtts.
1481 583 1631 637 Nunc
1667 582 1827 652 legite
1859 591 2074 636 senatus
2105 599 2165 635 ae

582 677 761 748 populi
797 677 967 731 fausta
998 675 1248 746 :ulfragia
1278 692 1291 728 :
1326 676 1449 730 lii-et
1489 676 1654 729 sciam
1690 677 1806 744 plus
1843 676 2019 730 inesse
2050 676 2166 729 ani-

581 773 680 824 mis
707 786 866 839 quam
897 768 1116 824 vocibus
1146 769 1398 838 explicari
1449 786 1462 820 :
1519 777 1573 822 et
1623 769 1869 837 quaedam
1908 767 2161 823 libamina

582 863 777 930 publici
809 862 860 916 in
885 876 978 915 vos
1007 860 1206 916 amoris
1227 859 1473 929 accipite.
1519 860 1575 916 Si
1613 873 1774 929 parva
1823 857 1999 913 adhuc
2042 866 2167 912 sunt

577 959 744 1024 dicta,
776 969 1055 1012 munerum
1087 961 1384 1007 vestrorum
1418 954 1677 1021 imputate
1709 950 2006 1005 miraculis.
2030 949 2162 1004 Nam

579 1047 891 1118 magnitudo
925 1045 1156 1116 Stuporis
1192 1045 1367 1098 locum
1401 1044 1584 1097 multis
1629 1043 1907 1112 plausibus
1939 1057 2042 1096 non
2077 1058 2163 1097 re-

585 1142 692 1208 liijll
719 1150 756 1194 I.

1154 1227 1366 1283 EPIST.
1411 1225 1577 1280 XXX.

580 1341 662 1378 ιςιι.
707 1335 999 1377 TUEOBOSIO
1045 1336 1109 1373 ΕΤ
1158 1334 1293 1372 ARCA
1334 1334 1383 1372 I0
1430 1333 1634 1372 SEMPER
1685 1331 1808 1370 AL'G.
1857 1330 2166 1370 SYIIIACIIUS

1103 1406 1154 1444 ν,
1197 1405 1246 1442 C.
1289 1405 1459 1442 Pthii”.
1506 1404 1626 1441 lIiB.

651 1510 917 1563 Ian-tarum
954 1521 1131 1559 rerum
1167 1503 1323 1556 index
1356 1518 1476 1557 esse
1507 1502 1820 1565 maluerim,
1851 1501 1960 1553 DD.
1993 1499 2162 1563 impe-

579 1613 823 1666 rato-es;
866 1598 958 1652 sed
1007 1599 1142 1652 ratio
1185 1595 1346 1648 ollicd
1382 1593 1574 1661 publici
1629 1594 1999 1647 necessitatem
2035 1592 2165 1645 inihi

578 1694 746 1747 nuntii
783 1693 948 1746 tristis
980 1687 1254 1758 imposuit.
1290 1687 1642 1740 Praetextatus
1693 1696 1892 1749 vester,
1940 1697 2164 1753 pra-ter

2270 495 2534 564 dispendii
2571 499 2652 551 sui
2693 499 2941 554 solatium
2976 501 3106 567 petit
3146 502 3213 556 de
3257 501 3460 556 honore
3489 502 3736 568 virtutis,
3769 521 3858 558 ve-

2269 599 2547 658 strumque
2599 607 2794 646 numen
2846 602 3127 661 precatur,
3176 605 3232 650 III
3278 595 3449 649 VII‘IIIII
3485 608 3665 650 nostra
3705 612 3857 653 :etate

2255 680 2574 736 .mirabilem
2619 693 2917 738 statuarum
2946 685 3269 741 diuturnitas
3293 689 3465 742 tradat
3491 690 3662 744 oculis
3684 704 3859 760 poste-

2271 789 2451 828 rorum
2485 791 2497 828 :
2527 789 2632 830 non
2661 777 2802 845 quod
2835 778 2919 830 ille
2947 779 3165 846 prmmia
3201 787 3413 834 terrena
3443 780 3738 848 desideret,
3767 785 3854 852 qui

2269 867 2460 936 gaudia
2473 869 2740 937 corporis,
2757 870 2914 924 etiam
2931 885 3048 924 cum
3074 871 3342 926 hominem
3366 881 3566 942 ageret,
3594 874 3858 927 uteaduca

2269 959 2528 1022 ca!cavit;
2553 954 2645 1014 sed
2672 961 2793 1028 quia
2813 961 3147 1016 ornamentis
3179 961 3440 1016 bonorum
3471 963 3720 1017 inritatur
3743 964 3860 1017 imi-

2271 1051 2420 1111 tatio,
2447 1059 2497 1104 et
2525 1051 2694 1104 virtus
2725 1051 2914 1104 a-unila
2947 1052 3110 1105 alitur
3139 1052 3393 1122 exemplo
3428 1053 3649 1107 honoris
3675 1053 3860 1107 alieni.

2271 1139 2406 1194 llinc
2461 1142 2653 1194 factum
2700 1153 2782 1195 est
2831 1152 2886 1194 ιιι
2938 1143 3152 1197 ru~ticis
3195 1143 3374 1198 adhuc
3419 1144 3630 1198 smculis
3669 1145 3860 1212 optimi

2271 1231 2462 1302 quique
2494 1232 2684 1287 civium
2729 1249 2888 1286 manu
2927 1240 3117 1286 etarte
3149 1233 3359 1287 formati
3403 1235 3457 1287 in
3501 1235 3714 1304 longam
3747 1253 3862 1290 tne-

2272 1326 2494 1377 moriatn
2526 1324 2886 1380 mitterentur.
2926 1327 3098 1394 Atque
3130 1327 3328 1378 utinam
3361 1326 3490 1379 nihil
3524 1324 3647 1380 huic
3669 1327 3856 1382 decori

2273 1416 2494 1470 facilitas
2513 1416 2842 1470 adulantium
2869 1427 3049 1484 postea
3073 1417 3414 1487 derogasset!
3439 1420 3686 1487 quamvis
3711 1425 3861 1488 paria

2271 1524 2375 1561 non
2413 1509 2554 1571 sint,
2597 1523 2716 1576 qua:
2753 1508 2955 1577 dispari
2987 1516 3103 1563 arte
3135 1517 3466 1576 qumruntur.
3508 1509 3729 1580 Dignum
3780 1521 3865 1564 est

2271 1599 2430 1670 igitur
2461 1611 2513 1653 ut
2540 1600 2629 1669 qui
2655 1601 2704 1652 in
2736 1599 3044 1669 pectoribus
3071 1600 3310 1655 omnium
3341 1607 3542 1666 manet,
3586 1599 3656 1654 sit
3682 1599 3735 1652 in
3767 1615 3866 1654 ore

2272 1693 2644 1760 plurimorum.
2665 1692 2756 1748 ille
2769 1707 2985 1762 semper
3007 1693 3402 1761 magistratibus
3424 1693 3536 1746 suis
3567 1693 3788 1757 celsior,
3809 1693 3862 1747 in

576 1797 714 1841 talus
763 1786 1025 1838 llonm‘um
1048 1824 1064 1847 .
1099 1782 1330 1847 θιιιίιιιιευ
1357 1777 1636 1848 Ρνυυίιίὶιίε
1665 1787 1936 1841 ἔλδεαιθῆ
1987 1775 2165 1829 ίιινίόη
2199 1765 2241 1822 Β
2271 1784 2406 1837 alios
2435 1792 2795 1850 temperatus,
2825 1784 2960 1838 inse
2991 1798 3230 1848 severus,
3258 1786 3373 1838 s'ne
3403 1792 3709 1852 contemptu
3737 1784 3866 1836 faci-

576 1891 750 1934 ntorte
776 1879 1081 1931 subtractus
1109 1882 1210 1937 est,
1249 1873 1327 1926 vir
1347 1872 1585 1926 omnium
1615 1869 1760 1924 domi
1793 1869 1890 1923 fori
1925 1885 2026 1938 que
2059 1870 2165 1921 vir-

575 1982 772 2027 tutum.
815 1971 870 2024 ιιι
910 1967 1061 2036 cujus
1103 1967 1315 2029 locum,
1362 1976 1554 2019 vestra:
1589 1978 1800 2034 qttoipte
1837 1963 2162 2027 aeternitati,

575 2079 698 2134 quae
721 2062 953 2130 optimos
985 2060 1130 2113 novit
1158 2059 1376 2127 eligere,
1403 2057 1561 2111 nimis
1584 2057 1808 2110 arduum
1834 2067 1918 2110 est
1937 2055 2164 2109 similem

576 2156 888 2224 subrogare.
904 2151 1086 2221 Itaque
1103 2166 1367 2204 summum
1389 2149 1470 2201 sui
1500 2164 1549 2201 .n
1567 2147 1794 2215 licpubl.
1812 2145 2164 2206 desiderium,

577 2262 936 2318 magnumque
961 2243 1167 2299 civibus
1190 2244 1354 2313 gratis
1387 2241 1601 2310 reliquit
1625 2239 1889 2294 dolorem.
1917 2237 2048 2291 Nam
2075 2237 2165 2290 ubi

577 2358 639 2411 pr
663 2356 807 2396 mum
843 2341 1025 2393 Roma:
1055 2350 1274 2391 amarus
1301 2335 1366 2387 ile
1389 2350 1456 2388 eo
1481 2348 1664 2388 rumor
1686 2330 1984 2393 iuerehuit,
2012 2344 2168 2385 recu-

575 2435 716 2490 savit
759 2435 985 2503 populus
1013 2431 1284 2487 solemnes
1321 2428 1512 2482 theatri
1552 2427 1856 2492 voluptates
1895 2440 1911 2480 :
1957 2439 2164 2479 memo-

574 2529 818 2596 riamque
840 2525 958 2594 ejus
991 2524 1252 2578 illustrem
1283 2522 1448 2575 multa
1488 2519 1873 2576 acclamatione
1910 2527 2162 2583 testatus,

573 2618 808 2687 graviter
823 2616 933 2682 egit
957 2629 1078 2668 cum
1101 2614 1266 2666 livore
1284 2611 1531 2675 fortunae,
1554 2609 1693 2678 quod
1717 2608 1818 2662 sibi
1844 2607 2164 2679 inclytorum

573 2708 874 2776 piiiieipuin
937 2701 1253 2758 beneficium
1306 2701 1628 2756 sustulisset.
1683 2700 1749 2754 Et
1804 2697 1897 2753 ille
1948 2697 2164 2766 quidem

573 2800 788 2852 functus
818 2805 900 2851 est
938 2797 1054 2864 lege
1085 2806 1292 2848 natura:
1327 2810 1338 2845 :
1375 2806 1473 2846 nos
1508 2806 1637 2846 vero
1665 2789 1842 2844 socios
1869 2787 2036 2842 animi
2082 2789 2163 2843 sui

576 2889 845 2959 \estrique
869 2887 1056 2957 judicii
1094 2895 1242 2940 tanto
1271 2884 1458 2939 dolore
1489 2883 1756 2949 confudit,
1789 2889 1846 2936 nl
1871 2882 1962 2936 otii
1991 2897 2166 2937 reme-

567 2979 716 3034 tliuzn
749 2981 1102 3048 postuletnus.
1134 2975 1282 3031 Sileo
1306 2985 1500 3029 czetera
1543 2989 1662 3044 qua:
1709 2988 1794 3028 me
1834 2987 1939 3026 non
1983 2973 2165 3027 sinunt

551 3073 942 3138 ,piazfecturam
980 3069 1120 3124 ferre
1163 3066 1447 3137 patienter.
1479 3066 1574 3120 Vel
1609 3065 1722 3120 hinc
1751 3079 1855 3119 una
1895 3063 2164 3118 consortis

2274 1877 2360 1940 lis,
2386 1875 2501 1932 sine
2543 1885 2749 1931 terrore
2778 1875 3124 1931 reverendus.
3148 1874 3245 1930 Cui
3273 1875 3318 1930 si
3347 1875 3488 1946 quod
3517 1874 3866 1930 connnodmn

2271 1984 2457 2023 succes
2491 1969 2626 2023 ionis
2656 1969 2853 2038 evenit,
2887 1968 2951 2023 ad
2982 1977 3264 2024 testatores
3293 1969 3568 2038 proximos
3605 1983 3724 2021 mox
3778 1984 3868 2023 re-

2277 2059 2461 2112 vertit.
2493 2057 2592 2125 Qui
2623 2058 2784 2112 nullis
2816 2058 3086 2126 prosperis
3118 2058 3314 2112 fractus
3359 2067 3438 2112 est
3459 2099 3473 2124 ,
3519 2058 3712 2111 nullius
3743 2058 3868 2111 risit

2271 2148 2520 2215 adversa,
2551 2149 2816 2205 indicarat
2849 2150 3059 2204 nescius
3083 2151 3380 2220 largitatis:
3416 2150 3507 2204 ille
3535 2166 3690 2221 quem
3716 2166 3865 2204 sein-

2273 2254 2366 2308 per
2383 2241 2604 2295 invitum
2619 2249 2834 2295 secutus
2848 2251 2929 2296 est
2943 2241 3130 2306 honor,
3152 2242 3303 2308 cujus
3317 2242 3553 2311 aequitati
3572 2243 3868 2296 contermi-

2273 2347 2372 2386 nus
2397 2333 2620 2402 quisque
2643 2332 2838 2388 limites
2863 2345 2990 2386 suos
3020 2331 3267 2387 credidit.
3288 2332 3398 2386 Plu:
3414 2347 3442 2385 a
3466 2331 3531 2386 de
3553 2348 3618 2386 eo
3643 2332 3863 2394 vellem,

2273 2426 2423 2494 plura
2447 2425 2513 2479 de
2539 2439 2604 2479 eo
2627 2424 2878 2487 deberem
2903 2425 2996 2480 sed
3020 2425 3322 2480 cletnentizn
3343 2433 3532 2478 νεειτιξ
3557 2423 3875 2478 testimonii.

2271 2527 2460 2570 cuneta
2479 2518 2740 2572 servanda
2765 2525 2906 2571 sunt.
2943 2516 3205 2571 lllustrior
3230 2516 3374 2571 enim
3405 2515 3519 2568 laus
3537 2526 3640 2578 est,
3663 2515 3730 2570 de
3763 2531 3872 2570 co:-

2272 2609 2388 2664 lesti
2409 2611 2642 2678 profecta
2664 2608 2888 2678 judicio.
2915 2607 3058 2679 Ergo
3085 2618 3140 2663 ut
3162 2608 3443 2679 probitatis
3469 2609 3697 2675 patroni,
3721 2608 3870 2663 bona

2273 2708 2574 2770 temporum
2599 2711 2900 2755 vestrorum
2943 2699 3138 2754 futuris
3165 2715 3378 2768 quoque
3416 2698 3633 2754 visenda
3665 2714 3810 2769 ιιι-ορ
3833 2722 3873 2743 ο-

2272 2794 2400 2848 nite.
2431 2793 2591 2848 Certe
2621 2793 2712 2848 ille
2740 2803 2822 2848 est
2852 2792 3230 2856 Praetextatus,
3263 2807 3420 2862 quem
3446 2792 3568 2860 jure
3585 2793 3870 2844 eoosulcm

2270 2883 2550 2950 feceratis,
2583 2894 2640 2938 ut
2670 2883 2786 2939 fasti
2821 2899 3086 2939 memores
3113 2883 3327 2939 celebre
3371 2899 3562 2938 nomen
3600 2883 3872 2938 extende-

2269 2984 2410 3031 rent.
2437 2975 2568 3031 Aliis
2591 2977 2774 3042 utiles,
2801 2975 2978 3030 fatalia
2999 2975 3193 3030 damna
3218 2985 3482 3044 reparate.
3503 2975 3709 3030 Abierit
3743 2992 3869 3029 rum

2271 3068 2486 3124 homine
2520 3069 2795 3136 praemium
2817 3109 2835 3137 ,
2868 3068 2962 3123 sed
2990 3068 3250 3138 judicium
3285 3081 3399 3138 poSt
3435 3069 3700 3124 hominem
3749 3086 3869 3138 per-

571 3161 949 3230 amissiojnsta
979 3167 1065 3214 e-t
1087 3158 1150 3211 ad
1175 3157 1563 3226 impetrandam
1588 3159 1942 3212 vacationem.
1972 3155 2167 3210 Ament
2193 3140 2237 3198 C
2271 3167 2507 3214 sevcret.
2540 3158 2770 3214 Proliate
2806 3159 3021 3215 casibus
3049 3160 3304 3215 adversus
3341 3160 3568 3230 gloriam
3610 3161 3752 3214 nihil
3804 3164 3873 3216 'i-

571 3250 662 3304 alii
706 3257 992 3319 perpetuas
1021 3256 1317 3317 potestates
1349 3265 1362 3300 :
1401 3247 1528 3300 mihi
1571 3261 1820 3300 summus
1846 3254 1928 3300 est
1965 3247 2166 3301 fructus

574 3341 879 3403 felicitatis,
913 3348 971 3392 ut
1008 3353 1193 3392 coram
1237 3346 1474 3392 vestrum
1503 3353 1700 3393 numen
1722 3337 2042 3404 advenerer,
2087 3338 2167 3392 in-

576 3441 730 3485 tuear
761 3429 1106 3500 benignitatis
1129 3437 1320 3484 vestra:
1340 3428 1541 3483 sidera.
1570 3427 1682 3482 Hoc
1703 3443 1891 3493 unum,
1917 3443 2028 3496 pra:
2051 3443 2168 3482 om-

573 3522 754 3588 nibus,
777 3538 896 3592 qua:
930 3520 1252 3591 praestitistis
1279 3529 1496 3590 exopto.
1547 3520 1784 3589 Simplex
1824 3519 2009 3588 petitio
2050 3527 2164 3582 est,

553 3631 674 3675 inec
699 3617 837 3670 viam
866 3611 1186 3685 capessendi
1211 3612 1430 3666 honoris
1452 3610 1687 3666 affectat.
1711 3610 1856 3666 Satis
1882 3611 2026 3666 enim
2056 3609 2167 3664 cla-

572 3710 701 3777 ruit,
730 3708 864 3764 nihil
893 3706 1036 3762 aliud
1069 3719 1192 3761 esse
1217 3703 1359 3775 quod
1390 3703 1629 3774 cupiam,
1675 3717 1799 3758 cum
1825 3701 2048 3772 supplex
2078 3716 2164 3758 re-

567 3801 794 3875 fugerim
816 3799 1206 3871 magistratum.

1137 3884 1356 3942 EI’IS’I‘.
1398 3883 1590 3940 XXXI.

668 3999 722 4038 Β.
758 3993 1148 4036 γλιεειτιιιιιμο
1177 3991 1224 4033 8.
1251 3993 1376 4032 AUC.
1405 3988 1714 4030 εγηιιλοηυδ
1742 3989 1912 4028 ΡΒΕΡ.
1943 3989 2062 4029 CRB.

641 4075 793 4130 Licet
833 4072 1069 4128 arbitrer
1115 4084 1264 4126 meas
1312 4070 1519 4124 litteras
1563 4069 1765 4123 nuntiis
1807 4078 1899 4122 aut
1949 4081 2165 4124 rumore

571 4175 875 4236 praeventas
910 4180 924 4217 :
968 4161 1094 4231 quid
1144 4162 1287 4216 enim
1317 4159 1456 4215 fama
1496 4167 1674 4230 potest
1713 4173 1836 4214 esse
1882 4159 2161 4224 velocius,

557 4261 614 4330 ,1)
670 4255 998 4328 imperator?
1041 4267 1142 4324 ego
1182 4261 1356 4307 tamen
1403 4251 1563 4306 ollicii
1605 4250 1801 4320 publici
1839 4251 2164 4306 necessitate

569 4360 794 4422 cogente
835 4362 1116 4406 excessum
1147 4345 1247 4399 viri
1297 4343 1520 4399 illustris
1549 4342 1721 4398 crudo
1761 4342 1936 4398 adhuc
1976 4344 2162 4399 dolore

570 4459 676 4500 non
711 4444 869 4498 sileo.
908 4439 1142 4496 Vettium
1189 4439 1574 4493 Przetextatum
1625 4435 1897 4492 veteribus
1940 4451 2156 4506 parem,

2267 3266 2414 3306 cere.
2441 3251 2570 3306 Nam
2595 3252 2735 3322 quod
2764 3253 2962 3308 meruit
2987 3268 3017 3307 a
3042 3253 3247 3308 civibus
3278 3253 3548 3321 singulare
3572 3263 3656 3310 est
3689 3270 3703 3308 :
3743 3257 3872 3311 illud

2269 3343 2450 3398 multis
2479 3358 2765 3399 commune
2791 3343 2932 3413 quod
2965 3343 3217 3413 perdidit.

2809 3435 3026 3492 EPIST.
3066 3435 3312 3492 XXXIII.

2341 3544 2389 3582 l‘.
2423 3541 2716 3583 TBEODOSIO
2742 3541 2947 3582 SEMPER
2975 3543 3100 3583 AL'G.
3124 3541 3434 3584 SYIIIACHUS
3462 3543 3632 3582 PIEF.
3665 3545 3799 3585 CRB.

2340 3621 2396 3674 Si
2423 3619 2620 3674 divinae
2648 3619 2948 3675 clementia:
2979 3629 3082 3674 ture
3115 3621 3305 3674 merita
3335 3621 3660 3690 cogitantur,
3702 3623 3872 3674 nulla!

2267 3725 2419 3782 opes,
2449 3725 2584 3781 quas
2603 3719 2696 3766 aut
2717 3719 2904 3766 natura
2928 3710 3148 3778 sufficit,
3171 3719 3265 3765 aut
3292 3711 3501 3766 fortuna
3523 3710 3869 3778 circumfert,

2266 3802 2494 3873 gratiam
2527 3803 2693 3858 nostri
2725 3817 2849 3871 erga
2881 3811 2932 3858 te
2961 3803 3160 3858 amoris
3181 3803 3494 3873 aequabunt,
3529 3803 3592 3858 D.
3627 3805 3875 3876 impera-

2268 3901 2373 3949 tor.
2401 3893 2528 3958 Sed,
2561 3901 2619 3948 ut
2644 3909 2760 3947 mea
2789 3892 2890 3948 fert
2917 3894 3122 3964 Opinio,
3145 3893 3414 3963 publicum
3442 3893 3509 3948 de
3529 3894 3741 3962 optimo
3769 3895 3880 3949 im-

2268 3993 2517 4052 peratore
2540 3984 2800 4054 judicium
2833 4000 2937 4038 non
2974 3993 3058 4040 est
3084 3983 3396 4038 muneribus
3432 3984 3822 4038 aestimandum
3855 4001 3873 4039 :

2267 4085 2483 4132 senatus
2515 4085 2690 4131 tamen
2726 4085 3003 4146 promptus
3040 4075 3294 4142 obsequi,
3336 4089 3525 4130 omnes
3553 4075 3878 4132 officiorum

2268 4177 2448 4237 partes
2478 4165 2619 4222 ultro
2647 4167 2856 4237 arripit,
2890 4167 3086 4235 quibus
3115 4165 3381 4220 indicatur
3409 4163 3656 4230 affectio,
3692 4175 3754 4221 et
3783 4180 3879 4220 sa.

2265 4259 2435 4314 lutare
2463 4275 2659 4315 nutnen
2685 4267 2835 4314 tuum
2861 4269 3128 4330 precatur,
3155 4267 3216 4314 ut
3236 4259 3288 4313 in
3307 4257 3719 4323 bacinblatione,
3745 4275 3879 4330 qua

2265 4351 2509 4407 nonnihil
2567 4351 2936 4420 superioribus
2977 4350 3220 4413 addidit,
3268 4349 3539 4420 intelligas
3590 4349 3698 4404 hoc
3741 4366 3878 4406 esse

2264 4453 2510 4498 curatum
2537 4458 2605 4498 ne
2627 4442 2727 4496 sub
2752 4453 2802 4496 te
2831 4444 3007 4497 minus
3036 4457 3195 4513 posse
3221 4442 3517 4497 videamur.
3560 4441 3697 4496 Nam
3730 4442 3883 4499 divis

571 4538 828 4590 virtutum
858 4534 1095 4588 omnium
1129 4533 1230 4586 fata
1263 4539 1579 4600 rapuerttnt,
1611 4545 1823 4585 summo
1849 4528 2033 4599 patria:
2061 4545 2158 4599 ge-
2190 4505 2240 4565 Ι)
2267 4535 2576 4604 parentibus
2601 4535 2724 4598 tuis,
2755 4535 2824 4588 ob
2850 4534 3169 4588 decennium
3194 4533 3420 4604 singulis
3443 4533 3618 4586 minor
3645 4548 3881 4589 summa

572 4630 734 4690 mitu,
761 4624 848 4680 cui
877 4623 1041 4678 decus
1071 4623 1276 4689 insigne
1310 4621 1616 4691 praestabat.
1647 4618 1814 4689 Cujus
1843 4635 1942 4690 ego
1975 4619 2158 4674 laudes

572 4728 625 4771 rt
673 4717 818 4787 justa
872 4713 1140 4786 praeconia
1183 4711 1348 4765 animi
1389 4714 1822 4765 consternatione
1868 4718 2155 4780 praetereo.

573 4810 754 4880 Neque
797 4808 942 4863 enim
983 4805 1132 4860 locus
1177 4813 1261 4859 est
1299 4806 1612 4872 cujusquam
1650 4805 1996 4869 testimonio,
2033 4819 2156 4859 cum

574 4903 691 4958 vita:
720 4900 838 4970 ejus
879 4897 1104 4969 gloriam
1147 4895 1448 4952 clementia:
1492 4904 1683 4950 vestrae
1719 4896 1916 4965 judicia
1959 4905 2160 4952 testen-

576 5002 677 5059 tur,
702 5003 928 5048 mortem
953 4987 1221 5045 celeb=em
1244 4987 1396 5042 dolor
1422 4985 1661 5041 omnium
1686 4983 1895 5042 fecerit.

1119 5101 1338 5159 EPIST.
1382 5099 1596 5156 XXXII.

569 5221 658 5263 DD.
685 5212 1002 5258 ιτιιεουοειο
1039 5213 1108 5253 ετ
1145 5210 1373 5253 ΑιιοΑυιο
1411 5210 1616 5250 εειρειι
1667 5210 1791 5251 AUC.
1843 5209 2152 5251 ευιιησιιυε

1191 5282 1362 5323 PBZF.
1404 5281 1524 5322 υιω.

633 5359 783 5417 Licet
803 5359 1011 5415 Vettius
1032 5358 1384 5415 l‘rmtextatus
1405 5367 1612 5412 natura
1633 5357 1751 5427 lege
1769 5357 2036 5412 resolutus
2059 5357 2151 5425 sit,

562 5453 691 5509 vivit
721 5463 896 5508 tamen
927 5452 980 5506 in
1011 5451 1269 5506 memoria
1302 5457 1358 5505 et
1384 5463 1568 5504 amore
1595 5459 1909 5504 cunctorum
1943 5465 1958 5503 :
1987 5460 2150 5520 atque

565 5547 667 5601 hoe
717 5563 823 5602 uno
865 5545 1010 5616 punit
1043 5543 1332 5608 invidiam,
1365 5543 1504 5613 qttod
1550 5553 1753 5597 tantum
1799 5546 1846 5596 ei
1887 5558 2032 5597 mors
2079 5543 2145 5598 ad

561 5638 783 5706 gloriam
805 5637 1055 5702 contulit,
1081 5644 1140 5690 ut
1164 5634 1288 5691 huic
1309 5650 1522 5704 quoque
1539 5635 1768 5689 fortuna:
1795 5636 1930 5688 livor
1951 5635 2145 5690 debeat

562 5725 824 5797 invidere,
853 5729 966 5785 DD.
996 5729 1369 5800 imperatores.
1397 5726 1527 5782 Nam
1563 5735 1756 5796 praeter
1789 5726 1934 5780 illum
1961 5726 2143 5796 populi

2265 4630 2477 4683 decreta
2505 4636 2610 4682 est.
2630 4626 2802 4681 Etiam
2826 4626 2982 4682 divus
3005 4626 3166 4680 frater
3188 4624 3615 4680 mansuetudinis
3633 4637 3880 4694 vestrm,

2263 4733 2384 4774 cum
2403 4719 2620 4772 tertium
2643 4719 2870 4772 lustrum
2895 4719 2992 4772 (ενί
3017 4716 3312 4786 imperialis
3331 4717 3589 4785 exigeret,
3610 4718 3884 4784 parciore

2264 4809 2626 4864 munificentia
2659 4807 2954 4863 honoratus
2985 4809 3264 4863 asseritnr.
3307 4805 3460 4861 Nunc
3507 4805 3560 4860 in
3608 4819 3884 4863 amorem

2266 4909 2411 4954 tuum
2438 4899 2613 4954 studia
2664 4909 2845 4953 nostra
2875 4906 3184 4954 creverunt.
3217 4897 3348 4952 Nam
3389 4896 3537 4952 mille
3566 4909 3887 4953 sexcentas

2265 4991 2382 5046 auri
2438 4991 2604 5047 libras
2631 4990 3014 5046 decennalibus
3049 4989 3258 5060 imperii
3311 4987 3390 5043 ttti
3430 4989 3580 5042 fastis
3624 4987 3883 5044 devotus

2266 5083 2401 5138 ordo
2447 5083 2724 5152 promisit,
2771 5083 2987 5137 urbanis
3011 5081 3337 5151 ponderibus
3369 5079 3780 5148 conferendas,
3824 5083 3881 5135 id

2264 5185 2368 5242 est,
2412 5177 2627 5230 trutina:
2659 5176 2904 5245 largioris
2933 5175 3201 5230 examine.
3226 5173 3377 5240 Quod
3409 5173 3454 5228 si
3485 5186 3646 5242 pares
3679 5174 3877 5227 animo

2263 5266 2405 5322 vires
2434 5277 2650 5322 senatus
2679 5266 2979 5329 habuisset,
3013 5267 3180 5320 scires
3214 5268 3264 5319 in
3295 5263 3508 5333 publico
3538 5277 3738 5319 amore
3770 5279 3876 5335 pe-

2265 5361 2544 5414 rennitatis
2587 5371 2691 5414 tuae
2717 5373 2838 5414 esse
2888 5357 3122 5412 divitias.
3176 5355 3283 5412 Sed
3327 5355 3515 5410 maluit
3548 5355 3884 5414 clementia

2266 5461 2372 5506 tua:
2388 5451 2670 5505 solutionis
2696 5451 2797 5505 liile
2823 5451 3049 5519 placere,
3071 5463 3231 5518 quam
3249 5445 3611 5518 magnitudine
3631 5448 3883 5512 perfida:

2257 5544 2584 5609 sponsionis.
2636 5544 2835 5596 Dehinc
2876 5541 2977 5596 sub
3023 5541 3349 5611 imperatore
3389 5542 3646 5608 pritttzevo
3694 5556 3885 5597 sanus

2257 5635 2495 5688 muneris
2529 5634 2720 5688 modus
2742 5673 2756 5696 ,
2790 5640 2972 5686 votum
3014 5640 3095 5685 est
3131 5645 3275 5700 sa‘pe
3317 5629 3566 5684 faciendi.
3597 5627 3781 5686 Absit
3828 5644 3892 5686 ut

2258 5727 2396 5783 bono
2413 5727 2634 5796 principi
2663 5725 2780 5796 plus
2799 5740 2955 5795 quam
2979 5737 3260 5794 possumus
3285 5723 3606 5793 ingeramus.
3641 5721 3849 5776 Aman
3881 5756 3889 5761 -
