4048 6184
284 201 379 256 3U.)

285 406 424 472 Ergo
451 413 506 455 et
533 417 672 453 nunc
699 398 870 453 liln-ns
899 411 1051 453 sume
1080 411 1237 452 sacro
1270 398 1463 450 aerario
1489 395 1711 451 decreta
1741 395 1872 448 sub-

283 496 446 554 sidia,
476 503 529 547 et
563 492 753 544 futuris
784 487 1124 558 processibus
1147 487 1356 556 intperii
1384 487 1457 541 tui
1487 486 1868 556 obsequiorum

278 590 534 645 simiIuttt
563 603 714 654 Spem
746 599 987 638 reserva.

831 671 1040 726 EPIST.
1082 669 1322 724 XXXIV.

349 789 401 826 D.
445 781 835 824 VALENTINIAXO
873 779 1077 820 SESIPER
1124 779 1245 818 Αιέσ.
1286 777 1592 818 δγιιιιλουυε
1638 777 1692 817 ν.
1745 778 1797 818 C.

906 851 1072 890 PREF.
1117 850 1234 889 UBB.

350 956 566 1011 Habent
609 953 708 1007 hoc
736 950 962 1020 publica:
986 948 1334 1004 necessitates
1360 987 1375 1011 ,
1421 956 1477 1000 ut
1519 945 1869 1015 impossibilia

277 1051 602 1119 plerumque
651 1042 1042 1113 persuadeant,
1096 1041 1161 1094 D.
1210 1040 1522 1108 imperator.
1557 1037 1664 1093 Sed
1712 1047 1872 1094 canto

273 1155 413 1204 epos
464 1146 583 1202 est,
631 1151 700 1190 ne
735 1136 996 1204 asperitas
1045 1131 1244 1200 negotii
1290 1130 1484 1186 effectu
1527 1130 1680 1185 irrito
1723 1130 1869 1186 solas

272 1240 521 1286 arcessat
554 1228 818 1292 offensas,
859 1241 975 1292 qua:
1015 1223 1146 1276 nulli
1177 1222 1348 1291 magis
1390 1220 1658 1276 evitanda:
1706 1230 1869 1287 sunt,

270 1337 436 1391 quam
458 1319 647 1388 juveni
674 1327 726 1372 et
755 1316 1002 1386 principi,
1031 1313 1182 1382 cujus
1205 1311 1376 1382 gratia
1395 1327 1517 1367 cum
1536 1321 1695 1367 aetate
1716 1311 1874 1366 debet

268 1412 614 1466 adolescere.
645 1407 786 1480 Ergo
808 1405 1037 1462 numinis
1071 1405 1235 1458 vestri
1268 1403 1461 1457 famam
1492 1404 1759 1474 simulque
1785 1418 1874 1458 ar-

267 1505 441 1557 duum
472 1501 775 1570 recogitans
794 1539 810 1565 ,
849 1504 1167 1567 corporatos
1197 1495 1599 1565 negotiatores,
1628 1498 1872 1551 membra

268 1605 497 1650 aeternae
527 1593 719 1657 Urbis,
750 1591 817 1646 ad
850 1604 1109 1656 equorum
1136 1588 1474 1643 collationem
1498 1603 1656 1658 quam
1679 1587 1872 1643 litteris

1516 187 1988 243 EI’ISTOLMIUI
2033 189 2230 248 LIBER
2276 195 2313 249 Χ
2327 235 2340 250 .

285 315 412 364 tinut
456 309 653 380 quippe
699 309 906 379 largitio
948 322 1052 361 non
1083 304 1281 362 deterit
1314 305 1456 358 vires
1503 303 1864 360 offerentium.
1899 308 1944 365 Α
1974 305 2226 364 lamniter
2261 326 2396 365 auro
2425 310 2582 365 ducta
2640 309 2952 363 munuscula
2987 326 2997 360 :

3456 189 3560 245 370

3054 321 3162 362 non
3219 304 3242 315 ”
3379 308 3562 362 divitis

1977 404 2173 459 metalli
2206 405 2410 460 honore
2432 406 2706 474 gaudetis,
2738 403 2837 458 sed
2865 411 2919 456 ut
2941 413 3123 456 nostra
3145 401 3360 457 devotio
3389 401 3562 454 [αιιὶιιίς

1973 495 2155 550 επιβουΙί
2205 505 2428 551 testetur
2465 495 2816 566 epulentiam.
2863 494 3021 548 Bonis
3051 491 3381 564 principibus
3423 492 3560 546 bene

1974 596 2123 657 parta
2155 587 2400 642 libamus.
2433 587 2702 656 Suscipite
2729 602 2758 641 a
2778 585 3048 656 jndiciltus
3073 596 3258 655 aperta
3279 583 3558 652 obsequia.

1974 682 2061 750 qui
2102 679 2273 749 pretia
2306 682 2513 735 occulta
2543 679 2830 733 damnatis.
2876 678 3065 733 Merito
3096 679 3245 732 vobis
3285 677 3563 732 solemnes

1975 778 2211 839 pateras,
2239 786 2359 825 cum
2383 771 2560 840 quiuis
2583 769 2790 836 solidis,
2817 779 2873 823 ut
2903 769 3208 823 numinibus
3239 767 3558 837 integritatis

1973 863 2250 917 offerimus
2278 882 2289 915 :
2319 863 2515 933 quibus
2544 877 2642 918 nec
2672 873 2852 918 vester
2876 861 3067 929 pudor,
3101 875 3198 914 nec
3226 869 3408 914 noster
3430 874 3562 914 cen-

1974 969 2066 1007 sus
2089 963 2366 1007 oneratur.
2401 955 2614 1007 Maneat
2643 967 2816 1006 aevum
2851 952 2974 1006 tals
3001 951 3140 1005 circa
3178 965 3276 1004 nos
3315 964 3444 1005 usus
3473 950 3560 1003 of-

1977 1046 2079 1100 ficii
2109 1064 2121 1099 :
2153 1054 2209 1100 et
2238 1045 2496 1100 honorem
2539 1045 2842 1100 clementia:
2876 1057 3069 1099 vesme
3115 1045 3434 1098 interminns
3465 1058 3559 1098 an-

1976 1152 2166 1190 norum
2188 1151 2434 1191 recursus
2447 1137 2725 1190 instauret.
2747 1135 3002 1191 Libenter
3015 1135 3211 1190 strenis
3224 1135 3559 1190 solemnibus

1976 1225 2290 1294 praefectura
2322 1226 2594 1298 fungetur,
2626 1228 2862 1282 strenuis
2888 1225 3212 1282 deferendis.

2511 1319 2722 1376 EPIST.
2763 1318 3004 1376 XXXVI.

2048 1429 2100 1467 D.
2132 1426 2424 1466 τιιεουομιο
2449 1427 2654 1466 εεινειι
2681 1427 2800 1467 Αυϐ.
2823 1425 3134 1466 σΥΙΙΑΩΙΙυῧ
3159 1427 3330 1465 PILEI’.
3365 1426 3488 1464 ωιτν.

2045 1503 2313 1559 Profiteor
2372 1503 2515 1558 ultro
2562 1503 2704 1572 quod
2758 1503 2875 1558 scio
2935 1503 3274 1556 clementiam
3325 1510 3556 1556 vestram

1979 1611 2138 1666 posse
2184 1596 2503 1652 rescribere.
2538 1595 2854 1651 Verecunde
2899 1595 3078 1664 potius
3116 1611 3274 1662 quam
3307 1596 3429 1664 jure
3469 1610 3560 1650 sn-

268 1687 624 1758 ίωρθηειῖεν
655 1699 847 1740 νοωτο
890 1683 1127 1738 άυυίιτινί
1172 1698 1188 1737 ἒ
1219 1696 1288 1738 ne
1345 1681 1716 1736 liberationem
1761 1679 1865 1736 (ιΙθο
1905 1666 1950 1726 Β
1978 1689 2120 1756 ςερρί
2173 1689 2614 1758 provocationem
2647 1729 2662 1751 ,
2715 1703 2821 1742 non
2847 1696 3096 1742 exstante
3134 1688 3400 1740 sententia
3445 1703 3458 1739 :
3494 1703 3562 1739 ne

267 1782 492 1836 mentis
523 1789 720 1834 vestra:
761 1774 975 1846 querela
1015 1773 1223 1844 publica
1273 1774 1609 1842 praeveniret.
1658 1774 1867 1845 Integra

269 1887 356 1928 res
403 1880 497 1926 est
549 1886 565 1924 :
612 1869 787 1925 adhuc
833 1863 1204 1923 salubritatem
1251 1865 1460 1919 cou~ilii
1519 1864 1872 1934 diligentioris

269 1971 575 2033 exspectat.
597 1961 826 2018 Justitize
866 1967 1118 2029 praestate
1148 1955 1290 2025 quod
1329 1956 1604 2011 remittitis
1633 1955 1867 2010 invidus.

275 2058 347 2112 De
378 2057 642 2126 exemplo
677 2055 892 2108 veniunt
933 2067 1052 2122 qua:
1090 2065 1342 2106 cavemus
1381 2065 1397 2105 :
1439 2048 1704 2118 siquidem
1747 2048 1870 2103 εωΙὶ

273 2153 547 2219 particeps
577 2162 774 2219 parens
809 2145 1108 2201 clementiae
1139 2153 1332 2198 vestra:
1352 2183 1366 2207 ,
1389 2156 1510 2196 cum
1533 2155 1727 2196 munus
1758 2140 1873 2194 exi-

268 2258 436 2312 guum
459 2240 586 2295 huic
613 2241 888 2293 hominum
913 2235 1096 2306 generi
1113 2233 1371 2288 mandare
1396 2239 1675 2298 tentasset,
1694 2241 1870 2285 motus

269 2336 528 2390 libertate
557 2331 728 2400 plebis
757 2328 1035 2384 abstinuit.
1073 2325 1134 2380 Et
1171 2334 1317 2380 certe
1351 2339 1644 2396 paucorum
1685 2338 1868 2378 cuiam

268 2441 352 2478 res
402 2423 495 2478 illa
527 2422 819 2492 poscebat,
869 2419 1143 2488 magisque
1179 2417 1418 2472 officiunt
1463 2415 1872 2470 desiderabatur

266 2515 580 2570 tractandas
609 2518 854 2584 pecunia:
879 2511 1123 2580 publicze,
1141 2525 1300 2580 quam
1327 2508 1665 2577 dispendium
1688 2507 1874 2562 confe-

266 2607 482 2661 rendae.
506 2604 728 2660 Consull
752 2613 930 2658 tamen
960 2602 1145 2672 gloria:
1171 2615 1302 2666 suae,
1323 2599 1530 2668 nequid
1551 2599 1762 2668 jnberet
1799 2598 1873 2652 in-

261 2698 395 2752 vitis
413 2737 429 2760 ,
447 2706 506 2751 et
528 2694 970 2766 diligentissimus
986 2710 1049 2748 ac
1066 2693 1240 2748 serius
1259 2692 1572 2758 imperator,
1597 2698 1870 2760 speratum

261 2791 698 2845 emolumentum
750 2797 1004 2854 tanquam
1039 2784 1312 2853 popularis
1339 2783 1562 2852 ignovit.
1595 2781 1701 2837 Nec
1727 2789 1874 2848 putet

261 2895 396 2936 πιθα
414 2882 559 2934 nitas
588 2891 766 2934 vestra
820 2879 888 2932 ab
935 2879 1168 2945 ittcmpto
1202 2885 1286 2929 ten
1312 2889 1406 2929 ere
1449 2873 1721 2929 destitisse
1765 2874 1874 2927 Deo

264 2977 592 3044 proximum
619 2973 811 3024 virum.
837 2971 1066 3023 Noverat
1097 2969 1290 3020 horum
1315 2981 1600 3032 corporum
1625 2965 1870 3018 ministe-

263 3069 348 3121 rio
407 3074 573 3119 L'tntze
617 3064 765 3118 utbis
793 3077 956 3115 onera
985 3062 1263 3115 sustineri.
1308 3060 1407 3114 llic
1448 3060 1611 3114 lanati
1659 3058 1867 3125 pecotis
1896 3043 1942 3105 (ἶ

265 3164 526 3214 invector
551 3168 634 3213 est
663 3175 676 3210 :
714 3159 802 3210 ille
832 3157 896 3208 ad
924 3157 1116 3208 victum
1143 3155 1320 3222 populi
1349 3153 1491 3213 coait
1520 3161 1820 3206 armentum
1850 3166 1865 3205 :

265 3253 376 3306 hos
409 3250 587 3303 suillae
609 3249 788 3302 carnis
807 3256 952 3302 tenet
981 3246 1184 3300 functio
1215 3262 1229 3298 :
1265 3261 1386 3314 pars
1415 3245 1614 3299 urenda
1641 3242 1870 3298 lavacris

264 3344 418 3412 ligna
441 3348 782 3408 comportat.
828 3339 964 3393 Sunt
1003 3337 1092 3406 qui
1133 3337 1350 3391 fabriles
1396 3352 1586 3391 manus
1629 3335 1870 3405 angustis

263 3431 539 3502 operibus
567 3429 980 3484 accommodant
1019 3447 1030 3482 :
1067 3444 1161 3498 per
1186 3430 1320 3482 alios
1368 3427 1584 3482 fortuita
1615 3437 1871 3484 arcentur

265 3524 554 3579 incendia.
588 3522 703 3576 Jam
732 3537 1006 3589 cauponas
1031 3531 1084 3575 rt
1108 3519 1358 3589 obsequii
1403 3521 1620 3588 pistoria
1642 3561 1657 3583 ,
1702 3518 1869 3587 frugis

265 3626 318 3670 et
341 3615 459 3668 olei
488 3614 715 3681 bajulos,
742 3613 1048 3681 multosque
1072 3611 1122 3665 id
1144 3627 1311 3681 genus
1341 3611 1522 3679 patria:
1548 3610 1867 3678 servientes,

264 3719 607 3760 enumerare
638 3705 906 3758 fastidium
942 3711 1047 3757 est.
1078 3702 1156 3757 Ad
1180 3717 1475 3765 summam,
1512 3702 1678 3770 liquet
1710 3701 1871 3769 privi-

266 3800 483 3868 legium
533 3808 690 3851 vetus
731 3813 922 3867 magno
968 3795 1240 3866 impendio
1289 3810 1538 3850 constare
1589 3796 1866 3849 Romanis.

265 3890 387 3959 .Iugi
416 3889 686 3954 obsequio
728 3889 1079 3942 itnmunitatis
1105 3903 1299 3941 nomen
1329 3895 1597 3942 emerunt.
1633 3885 1784 3953 Quod
1824 3886 1870 3938 si

266 3981 605 4047 adjiciantur
660 3979 908 4044 insolita,
983 3978 1202 4032 forsitan
1254 3988 1507 4033 consueta
1559 3978 1865 4032 cessabunt.

266 4072 462 4136 Quare
509 4079 788 4135 paternum
831 4069 1131 4124 clementi-.12
1183 4079 1285 4124 tua:
1341 4068 1636 4139 ingerimus
1678 4084 1869 4124 exeuto

271 4163 456 4228 plum.
505 4161 718 4215 Prmtnli
751 4162 1048 4226 oraculum,
1076 4161 1216 4229 quod
1251 4161 1366 4229 pius
1387 4176 1666 4215 szzccessor
1692 4161 1871 4215 imite-

271 4255 371 4308 ris.
409 4254 525 4306 Uro
565 4262 724 4322 atque
761 4251 987 4307 obsecro
1023 4267 1088 4307 ne
1147 4252 1399 4322 pupulum
1425 4294 1441 4316 ,
1477 4268 1636 4321 quem
1681 4254 1869 4306 trium-

272 4348 512 4411 phantes
534 4357 678 4410 smpe
707 4345 1056 4409 veneratnini,
1087 4346 1294 4398 caeteris
1313 4343 1532 4396 urbibus
1550 4358 1652 4396 con
1663 4344 1864 4398 feratis.

273 4435 441 4488 Dabit
485 4433 698 4488 fortuna
731 4436 949 4503 melior,
993 4436 1249 4505 quidquid
1294 4437 1583 4490 castrensis
1620 4451 1746 4490 usus
1793 4437 1870 4491 ef-
1901 4408 1947 4467 θ

275 4528 510 4596 flagitat.
543 4528 896 4583 Humanitatis
929 4529 1122 4584 merito
1153 4533 1445 4584 necessitas
1494 4541 1668 4582 vcstra
1713 4529 1871 4585 seda-

276 4619 448 4679 bitur.

839 4713 1050 4768 EPIST.
1095 4713 1309 4768 XXXV.

278 4819 370 4858 DD.
404 4818 814 4866 'ALENTINIANO,
854 4819 1149 4858 TULODOSII)
1175 4822 1238 4858 ΕΤ
1260 4821 1393 4860 ARCA
1434 4821 1484 4858 IO
1511 4822 1714 4860 SEMPER
1742 4822 1866 4862 AUC.

649 4889 958 4928 SYIIACIIUS
995 4890 1041 4927 ν.
1082 4890 1130 4930 C.
1176 4892 1342 4929 Pﬂzﬁl’.
1377 4892 1499 4930 UMB.

356 4986 438 5040 Ab
465 4996 656 5040 exortu
683 5003 820 5055 pene
850 4988 996 5041 urbis
1025 4989 1227 5042 Martiae
1259 4999 1559 5043 strenarum
1591 5005 1718 5044 usus
1740 4989 1869 5043 ado-

281 5078 443 5139 levit,
499 5089 818 5134 anetorttate
857 5079 994 5134 Tatii
1041 5081 1216 5150 regis,
1263 5081 1352 5149 qui
1393 5083 1654 5135 verbenas
1697 5081 1870 5137 felicis

279 5170 494 5225 arboris
517 5186 578 5224 ex
604 5172 721 5225 luco
741 5171 986 5226 Strenuo:
1009 5176 1132 5226 anni
1155 5173 1276 5226 novi
1294 5173 1539 5242 auspices
1564 5174 1764 5240 primtts
1778 5187 1869 5226 ac-

278 5264 453 5330 cepit,
515 5261 625 5316 DD.
676 5263 1052 5332 imperatores.
1101 5265 1305 5318 Nomen
1357 5267 1553 5320 indicio
1603 5273 1686 5319 est
1734 5265 1866 5320 viris

277 5356 521 5406 strenuis
567 5352 680 5409 |t.ee
732 5358 1025 5411 convenire
1074 5359 1143 5412 ob
1173 5359 1420 5412 virtutem
1465 5377 1477 5410 :
1530 5369 1691 5427 atque
1745 5359 1865 5412 ideo

276 5444 436 5495 vobis
467 5443 766 5512 bujusmodi
799 5447 1007 5517 insigne
1027 5448 1236 5512 deberi;
1267 5464 1490 5518 quorum
1513 5449 1723 5504 divinus
1750 5453 1866 5504 ani-

278 5551 403 5589 nms
444 5539 613 5607 magis
652 5539 1018 5596 testimonium
1046 5541 1332 5612 vigilantia:
1373 5559 1532 5614 quam
1570 5558 1726 5598 omen
1766 5559 1863 5600 ex-

279 5640 509 5688 It—CCIJI.
543 5631 746 5688 Sumite
787 5636 940 5700 igitur
971 5635 1281 5692 defensores
1315 5637 1537 5705 publicae
1561 5634 1747 5693 salutis
1775 5651 1864 5692 εοδ

1973 1779 2318 1834 exiuimarer
2345 1778 2583 1834 offensus
2629 1779 2811 1834 libera:
2853 1779 3100 1848 quidem,
3134 1779 3227 1832 sed
3261 1779 3562 1832 immatura:

1976 1873 2124 1927 vocis
2147 1872 2384 1942 objectu,
2411 1872 2476 1927 D.
2494 1873 2809 1942 imperator.
2831 1871 2964 1926 Nam
2981 1887 3103 1925 cum
3129 1870 3267 1925 inter
3291 1893 3301 1932 ι
3323 1869 3561 1924 roxitnos

1976 1965 2252 2032 Emphasii
2303 1967 2367 2021 C.
2401 1966 2470 2020 Μ.
2494 1964 2561 2019 ιτ.
2623 1965 2857 2035 itemque
2887 1963 3134 2020 ha-redes
3158 1964 3419 2031 scriptos,
3469 1964 3560 2028 qui

1974 2056 2104 2112 olim
2133 2057 2397 2112 beneﬁcio
2419 2056 2666 2126 praetoris
2694 2056 3013 2125 corporibus
3037 2054 3142 2110 deft
3159 2065 3374 2114 nuntur.
3399 2069 3563 2124 super

1975 2148 2284 2204 testamenti
2328 2148 2452 2218 jure
2481 2148 2624 2202 actio
2666 2156 2994 2212 verteretur,
3026 2155 3081 2202 et
3130 2147 3450 2201 sententiain
3493 2145 3564 2200 de

1975 2239 2316 2308 possessione
2347 2239 2691 2309 impatienter
2739 2238 3050 2306 exigerent,
3089 2237 3283 2307 quibus
3311 2235 3380 2290 ab
3429 2235 3562 2289 inte.

1975 2337 2116 2385 stato
2148 2330 2412 2385 bonorum
2458 2329 2729 2400 possessio
2760 2329 2980 2385 minime
3006 2328 3379 2398 competebat,
3420 2328 3562 2398 quod

1978 2423 2284 2478 hmredibus
2327 2424 2544 2493 scriptis
2589 2423 2882 2477 secundum
2917 2421 3124 2476 tabulas
3153 2421 3447 2476 docebatur
3476 2421 3561 2474 in-

1975 2515 2120 2569 dnlta
2150 2532 2164 2568 :
2193 2513 2497 2569 Priscianus
2534 2525 2588 2570 et
2634 2513 3046 2568 Polemotiianns
3088 2512 3153 2566 ad
3199 2512 3564 2567 denuntiatio-

1978 2621 2098 2660 nem
2120 2605 2286 2659 dilato
2307 2606 2523 2675 negotio
2555 2614 2932 2674 prorocarnut.
2965 2604 3033 2656 Et
3059 2619 3179 2657 cum
3201 2606 3270 2656 ab
3301 2602 3383 2658 his
3427 2603 3564 2656 ratio

1976 2703 2329 2768 quareretur,
2361 2697 2496 2751 alios
2525 2695 2669 2751 vocis
2700 2710 2812 2750 sua:
2841 2695 3148 2749 incentores
3182 2691 3347 2747 fuisse
3380 2693 3564 2746 testati

1977 2798 2122 2856 sunt,
2156 2799 2214 2842 ut
2242 2798 2392 2859 gesta
2421 2788 2616 2842 litteris
2643 2799 2884 2840 connexa
2913 2783 3304 2838 monstrabunt.
3334 2781 3442 2836 Nec
3480 2782 3559 2835 of-

1980 2882 2159 2937 ficium
2193 2881 2432 2949 partibus
2461 2879 2651 2948 defuit,
2683 2877 2750 2932 ad
2775 2878 3028 2930 ntnlctam
3055 2873 3347 2945 przejudicii
3371 2888 3558 2944 sugge-

1980 2973 2222 3026 rendam.
2271 2972 2373 3026 Sed
2400 2971 2634 3041 judicem
2663 2969 2825 3024 vestri
2876 2967 3056 3022 saeculi
3085 2967 3264 3020 deutit
3295 2966 3399 3019 vim
3432 2980 3565 3020 con-

1971 3064 2265 3118 stitutionis
2291 3078 2446 3117 sacro
2474 3061 2694 3116 oraculo
2734 3073 3039 3125 reservate,
3067 3073 3188 3114 cum
3216 3057 3564 3124 allegaverint

1973 3158 2251 3224 petitores,
2266 3155 2408 3224 quod
2431 3169 2491 3209 se
2511 3155 2576 3207 ad
2602 3153 2866 3208 incautam
2892 3150 3328 3222 provocationi-nt
3351 3147 3560 3205 alienus

1972 3246 2216 3302 hortatus
2249 3245 2320 3300 itn
2329 3246 2543 3314 pulerit.

2501 3334 2718 3392 EPIST.
2761 3333 3029 3390 XXXVII.

1971 3447 2022 3486 υ.
2056 3446 2345 3486 TIIEODOSIO
2372 3445 2574 3485 SEMPEB
2607 3445 2726 3484 AUC.
2755 3443 3062 3484 SYIIIIACIIUS
3082 3442 3134 3481 V.
3158 3442 3209 3481 C.
3236 3443 3406 3480 ΡιιΑςΡ.
3436 3442 3556 3480 υιιι.

2045 3523 2228 3578 Fidem
2260 3538 2435 3578 meam
2458 3522 2709 3577 convenit
2735 3535 2888 3575 amor
2913 3518 3094 3574 smcnli
3126 3519 3316 3585 vestri,
3347 3530 3400 3572 et
3433 3532 3560 3572 cura

1972 3612 2108 3682 reip.
2147 3628 2215 3667 ne
2239 3611 2560 3681 corrigenda
2588 3611 2943 3677 dissimulem,
2982 3611 3042 3663 Ι).
3077 3611 3390 3680 imperator.
3426 3608 3559 3662 Cum

1971 3705 2036 3758 ad
2061 3706 2429 3774 przefecturam
2457 3704 2716 3758 urbanam
2740 3701 2974 3756 civilium
2999 3715 3177 3754 rerum
3201 3713 3408 3753 summa
3443 3713 3562 3766 per—

1974 3795 2155 3858 tineat,
2192 3793 2490 3848 minoribus
2517 3792 2706 3847 officiis
2727 3800 2875 3846 certa
2897 3789 3140 3859 quaedam
3175 3789 3414 3843 membra
3436 3802 3558 3842 creo

1971 3887 2191 3952 duntur,
2217 3884 2413 3954 quibus
2435 3883 2681 3952 regendis
2703 3882 2992 3937 industrios
3014 3889 3069 3935 et
3089 3879 3326 3949 privatos
3347 3886 3566 3946 Oportet

1972 3979 2240 4045 adhiberi,
2267 3989 2323 4035 ut
2349 3993 2503 4033 suum
2525 3979 2752 4048 quisque
2777 3991 2973 4031 munus
3001 3975 3270 4046 inculpata
3293 3974 3562 4035 facilitate

1973 4083 2304 4149 promoveat.
2353 4073 2512 4128 Tales
2563 4087 2705 4126 nunc
2746 4071 2814 4126 de
2879 4070 3076 4139 judicio
3121 4070 3354 4130 numinis
3398 4069 3564 4122 vestri

1975 4164 2218 4234 publicus
2241 4180 2368 4218 usus
2390 4173 2686 4233 exspectat.
2713 4163 2818 4218 Sed
2843 4163 2966 4216 uolo
2987 4161 3207 4230 culpare
3234 4167 3562 4231 praesentes,

1971 4273 2092 4311 cum
2123 4257 2254 4310 satis
2293 4257 2365 4310 sit
2394 4255 2741 4309 sollicitudini
2787 4269 2941 4321 meai,
2989 4252 3036 4306 si
3083 4253 3391 4306 melioribus
3434 4251 3564 4304 viris

1974 4348 2152 4404 officia
2191 4349 2556 4404 intramurana
2599 4345 2882 4401 mandetis.
2919 4344 3048 4399 Meis
3087 4345 3285 4413 quippe
3323 4343 3564 4396 humeris

1977 4459 2160 4498 rerum
2198 4441 2436 4496 omnium
2467 4437 2706 4508 pondera
2735 4436 3087 4500 sustinentur,
3128 4433 3450 4490 cedentibus
3477 4449 3564 4486 ru-

1977 4533 2160 4603 liquis,
2206 4547 2340 4601 quos
2376 4530 2674 4586 clementiae
2705 4537 2900 4583 vestra:
2943 4527 3224 4594 multiplex
3273 4527 3558 4594 occupatio

1977 4626 2204 4697 probare
2227 4641 2329 4678 non
2354 4625 2543 4693 potuit.
2575 4623 2747 4677 liabet
2767 4630 3068 4690 ternpornm
3101 4619 3323 4674 felicitas
3350 4618 3566 4688 dignio-

1977 4733 2084 4773 res.
2110 4719 2374 4771 Bonorum
2401 4716 2638 4770 virorum
2665 4729 2796 4769 vena
2830 4712 3056 4768 fecunda
3084 4721 3186 4766 est.
3221 4709 3410 4766 Melius
3444 4709 3562 4763 urbi

1977 4817 2173 4863 nostrae
2202 4809 2253 4862 in
2287 4817 2555 4878 posterum
2583 4805 2895 4863 consulezis.
2921 4813 2976 4859 et
3003 4803 3212 4874 eligatis
3235 4804 3449 4856 invitus.

2493 4898 2709 4953 EPIST.
2756 4896 3042 4950 XXXVIII.

1976 5011 2028 5048 ι).
2053 5009 2348 5048 ’ΠΗ-2000810
2373 5007 2574 5046 εειιιιειι
2601 5005 2724 5044 AUC.
2757 5003 3061 5042 SYIHIACIIUS
3085 5003 3133 5040 ν.
3160 5005 3210 5042 C.
3238 5004 3408 5042 PBEF.
3439 5003 3565 5041 URB.

2046 5089 2295 5142 Felicitas
2326 5087 2540 5156 quidem
2573 5098 2746 5139 vestra
2778 5093 2997 5137 aeterna:
3030 5081 3155 5136 Urbi
3180 5083 3437 5136 solemnis
3461 5081 3565 5134 ali-

1975 5180 2168 5234 monia:
2197 5179 2404 5246 capiam
2434 5176 2737 5243 pollicetur,
2776 5175 2834 5226 ί).
2869 5173 3180 5241 imperator.
3214 5171 3320 5226 Sed
3353 5187 3412 5226 re
3442 5185 3559 5222 ma-

1974 5271 2056 5340 gis
2093 5284 2250 5338 quatn
2281 5283 2376 5335 spe
2417 5269 2512 5320 tuti
2545 5281 2664 5320 esse
2699 5264 2958 5318 debemus
2996 5280 3010 5318 ε
3042 5263 3184 5333 qttod
3226 5261 3382 5316 facile
3423 5261 3564 5314 factu

1970 5370 2050 5416 est
2072 5399 2086 5421 .
2126 5361 2169 5413 si
2204 5359 2342 5412 hanc
2369 5373 2580 5426 quoque
2613 5364 2816 5424 partem
2863 5353 3165 5408 clementiae
3207 5364 3402 5407 vestrm
3431 5365 3559 5404 cura

1969 5448 2286 5516 respexerit.
2333 5447 2464 5500 Nam
2505 5453 2692 5499 aestate
2736 5455 2984 5513 provecta
3029 5458 3150 5496 cum
3179 5457 3241 5495 ex
3297 5438 3562 5492 Africanis

1971 5545 2208 5615 partibus
2239 5541 2515 5596 minimum
2563 5539 2894 5603 develtatnr,
2947 5555 3049 5592 non
3101 5535 3244 5590 inani
3293 5533 3564 5602 tangimnr

1972 5643 2118 5694 metu
2148 5650 2214 5692 nc
2244 5648 2332 5690 res
2364 5631 2656 5688 attnonatia
2697 5633 2748 5687 in
2784 5644 2977 5701 graves
3009 5635 3228 5697 cogatur
3256 5627 3554 5695 attgusL’zh
