4048 6184
528 254 622 313 571

1705 269 1768 335 ρ.
1811 265 2159 322 sunmus
2200 265 2636 334 svnmcnus.

3691 291 3799 346 57-2

529 371 596 426 Et
635 371 754 428 ideo
799 389 897 431 oro
942 389 1232 448 qsttesoque
1277 381 1629 450 perennitatis
1670 397 1863 438 vestra:
1905 381 2120 439 salubre
2150 393 2198 443 A
2228 407 2343 447 nes.
2375 395 2523 451 Tunc
2544 413 2574 452 e
2594 401 2807 459 diverso
2840 422 3059 466 vemens
3087 428 3152 468 ex
3178 415 3470 478 Placidiani
3503 421 3565 480 C.
3611 428 3670 482 γ.
3705 448 3804 486 ιιι).

529 466 860 536 βταιεὶἀίυω,
889 479 941 524 ut
968 469 1176 540 judices
1205 471 1508 538 Africanos,
1539 484 1593 529 et
1621 476 1908 539 notarium,
1931 478 2014 532 cui
2045 493 2120 532 te-

531 561 754 614 ternitas
798 571 970 616 vestra
1011 564 1282 618 mandavit
1323 566 1706 623 frumentarios
1749 579 2117 636 commeatus,

531 651 800 706 severiora
846 652 1041 722 scripta
1082 655 1452 723 dissimulent,
1496 659 1678 712 missis
1718 659 1772 713 iu
1819 659 1925 714 hoc
1956 675 2118 728 nego-

531 744 660 798 tium
691 746 944 809 strenuis,
971 747 1062 814 qui
1109 761 1276 802 onera
1321 758 1610 815 consueta,
1649 749 1775 804 dum
1825 751 2122 806 tractabilis

530 833 798 904 navigatio
816 846 920 901 est,
945 836 1108 892 victui
1141 836 1298 893 Urbis
1321 839 1636 895 exhibeant.
1666 841 1789 898 Hzec
1809 843 2008 896 saeculo
2031 857 2124 896 ve-

527 934 674 990 stro,
706 926 806 980 hoc
833 928 1122 984 virtutibus
1152 928 1348 986 divinis
1376 931 1593 1001 dignum
1625 943 1728 1000 est,
1761 943 1819 988 ut
1861 935 2122 988 securita-

529 1024 636 1069 tem
666 1015 888 1072 Romani
915 1020 1099 1089 populi
1136 1019 1279 1076 inter
1315 1022 1582 1091 praacipua
1605 1032 1660 1076 et
1691 1024 1863 1091 prima
1895 1026 2116 1081 curetis.

529 1108 767 1164 Aderunt
793 1110 989 1179 optatis
1015 1113 1264 1168 cursibus
1304 1114 1462 1182 plena
1494 1115 1729 1185 navigia,
1757 1125 1815 1171 et
1849 1115 2120 1173 Romanos

528 1210 714 1267 portus
745 1202 1000 1271 frequens
1036 1214 1196 1274 atque
1227 1215 1420 1261 onusta
1447 1208 1636 1263 classis
1679 1209 1920 1278 intrabit,
1952 1211 1996 1264 si
2029 1224 2118 1264 as-

529 1291 824 1361 piraveriut
855 1295 1094 1350 numinis
1120 1299 1288 1352 vestri
1311 1299 1544 1354 secunda
1574 1299 1848 1371 suffragia.

1073 1386 1288 1443 EPIS'I’.
1331 1388 1574 1444 XXXIX.

597 1490 649 1529 ῐο.
678 1490 971 1533 τιιεουοςιο
996 1492 1200 1532 εελιιιιςιι
1228 1495 1348 1535 AUG.
1371 1495 1690 1536 SYNIACIIUS
1718 1497 1885 1537 PREF.
1923 1500 2046 1539 UllB.

598 1565 844 1621 Difﬁcilis
871 1577 956 1622 est
983 1568 1162 1622 exitus
1191 1580 1435 1626 veterum
1465 1571 1790 1640 iurgiorum.
1822 1574 1929 1629 Res
1971 1578 2116 1630 enim

527 1657 708 1711 multis
745 1659 941 1728 agitata
981 1659 1226 1729 judieiis,
1252 1672 1307 1717 et
1334 1663 1604 1720 actionum
1636 1666 1919 1732 varietate,
1949 1677 2004 1723 et
2025 1683 2120 1724 co-

525 1751 894 1818 gnoscentium
929 1763 1098 1819 motu,
1128 1762 1182 1809 et
1207 1769 1560 1824 personarum
1589 1762 1972 1820 mutationibus
2012 1764 2083 1818 int
2151 1747 2193 1805 Β

527 1839 772 1906 plicatur,
801 1841 861 1894 D.
887 1841 1198 1909 imperator.
1233 1844 1299 1900 Ut
1325 1847 1453 1903 mihi
1479 1864 1620 1905 nunc
1647 1853 1796 1907 venit
1821 1867 1972 1920 usus,
1995 1869 2116 1909 cum

527 1929 664 1983 inter
685 1930 1041 1986 Gaudentium
1067 1946 1370 1990 curatorem
1403 1938 1680 1996 Martianm
1706 1943 2019 1998 clarissima:
2049 1949 2119 1999 le-

458 2081 466 2096 ,
527 2019 720 2087 minas,
753 2022 990 2092 itemque
1026 2025 1300 2081 Liberium
1333 2043 1736 2098 procuratorem
1776 2035 1956 2090 amitte
1999 2036 2117 2105 ejut

523 2113 714 2166 eodem
747 2115 984 2181 nomine,
1027 2117 1154 2173 dum
1197 2119 1424 2188 viveret,
1468 2139 1808 2197 nuncupatas,
1852 2143 2116 2184 annosum

527 2204 796 2261 luctamen
835 2209 1103 2265 audirem.
1148 2212 1279 2267 Nam
1315 2215 1366 2268 in
1398 2215 1519 2284 ipso
1551 2217 1732 2274 limine
1761 2222 2074 2290 quaestionis
2099 2264 2115 2286 ,

524 2309 646 2349 cum
689 2299 1019 2366 procuratio,
1057 2318 1216 2370 quam
1263 2305 1325 2358 C.
1359 2305 1550 2362 F.‘sen
1575 2323 1636 2363 or
1666 2309 1922 2366 Martana
1968 2329 2117 2367 tnan-

524 2385 764 2452 daverat,
801 2388 1032 2446 invalida
1059 2390 1361 2460 diceretur,
1393 2397 1535 2466 quod
1573 2410 1699 2454 aute
1726 2401 1938 2456 cuidam
1973 2403 2118 2469 prin-

524 2475 631 2544 cipi
659 2486 804 2532 esset
834 2478 1069 2548 injuncta
1089 2521 1102 2546 ,
1138 2483 1228 2538 ubi
1257 2483 1468 2540 refusas
1496 2485 1550 2541 in
1583 2488 1855 2545 dominatu
1900 2506 2119 2562 c0mpe-

526 2568 694 2621 rimus
717 2569 979 2636 actiones,
1011 2581 1173 2642 atque
1193 2576 1329 2631 actis
1359 2581 1627 2646 praatoriis
1650 2582 1701 2636 in
1731 2582 2000 2638 Liberium
2024 2584 2117 2640 de-

524 2671 630 2710 nuo
650 2656 770 2727 jura
795 2661 1046 2716 translata
1070 2678 1086 2728 ;
1109 2663 1316 2734 objecta
1341 2682 1511 2724 cassae
1533 2673 1928 2740 procurationis
1951 2689 2115 2745 agnu-

522 2747 735 2804 vimus:
767 2758 894 2804 tunc
921 2751 1164 2808 defensio
1207 2755 1376 2824 partis
1423 2757 1666 2815 adversa:
1711 2764 1927 2833 negavit
1969 2774 2116 2821 stare

523 2852 831 2907 personam,
860 2842 1012 2912 cujus
1040 2847 1473 2913 procurationem
1504 2852 1804 2921 superioris
1829 2863 1982 2924 gesta
2018 2855 2110 2926 ju-

521 2928 648 2986 dicii
685 2945 791 2986 non
825 2940 1093 2994 tenerent.
1131 2933 1334 2992 Contra
1360 2936 1481 2998 luce
1507 2951 1754 2998 exactam
1785 2945 1932 3014 prius
1962 2961 2114 3000 man-

534 3025 650 3072 dari
685 3020 1077 3091 recitationem,
1110 3038 1161 3081 et
1193 3029 1333 3084 inter
1364 3040 1541 3099 partes
1573 3035 1826 3090 tributum
1855 3051 2112 3106 procura-

539 3109 644 3164 tori
675 3111 997 3169 beneficium
1029 3121 1386 3185 reparationis
1416 3123 1664 3179 aiebant:
1689 3126 1810 3182 huic
1839 3105 1971 3196 parti
1998 3131 2112 3186 lon-
2137 3105 2185 3170 Ο

532 3198 680 3266 gius,
717 3215 874 3268 quam
915 3206 1186 3276 oportuit,
1228 3220 1510 3266 immorata
1549 3217 1823 3272 contentio
1863 3231 1966 3274 est.
2009 3223 2114 3278 Sed

531 3297 654 3361 quia
697 3295 842 3362 prior
885 3299 1164 3366 cognitor,
1216 3309 1274 3355 ul.
1307 3304 1450 3371 justo
1497 3305 1768 3365 defensori
1811 3314 2115 3370 restituerat

531 3396 836 3451 temporum
867 3401 1123 3455 cursum,
1146 3391 1238 3460 qui
1271 3407 1366 3461 per
1401 3404 1614 3453 actores
1642 3417 1746 3455 non
1779 3412 1988 3471 poterat
2014 3407 2112 3463 im-

530 3477 760 3543 petrari,
807 3489 864 3534 et
909 3485 1217 3550 procuratio
1269 3487 1546 3557 legebatur
1597 3497 1844 3562 prtetoris
1897 3500 2110 3570 alligata

526 3569 764 3634 judicio:
792 3573 906 3629 haec
933 3592 1144 3648 quoque
1172 3583 1506 3654 praescriptio
1527 3591 1853 3658 conquievit.
1887 3569 2111 3654 Succes-

525 3661 596 3716 sit
622 3661 788 3730 aliud,
822 3675 878 3720 ttt
901 3667 1052 3723 obitu
1081 3670 1354 3729 Martianm
1375 3674 1436 3730 C.
1466 3676 1527 3732 F.
1560 3681 1868 3739 mandatum
1893 3687 2107 3746 dicere.

525 3763 612 3806 tur
638 3755 980 3814 exstinctum.
1009 3759 1114 3815 Sed
1172 3775 1382 3830 contra,
1410 3772 1731 3827 venerabilis
1757 3773 1953 3831 Juliani
1985 3793 2109 3835 san-

523 3845 634 3900 ctio
661 3858 805 3904 stare
833 3863 1245 3918 procuratorum
1269 3858 1430 3926 jussit
1459 3860 1632 3918 ofllcia
1653 3905 1670 3932 ,
1702 3881 1982 3927 causarum
2010 3874 2106 3928 do-

521 3934 679 3989 minis
708 3937 1010 3998 viventibus
1029 3943 1296 4002 inchoata.
1321 3949 1459 4020 Ergo
1482 3967 1604 4008 cum
1629 3965 1686 4010 et
1707 3960 2102 4026 reparationem

424 4031 446 4046 "
520 4032 810 4098 superstite
837 4034 1122 4102 Martiana,
1149 4048 1205 4094 et
1225 4044 1638 4103 conventionem
1666 4050 1832 4117 partis
1858 4053 2102 4109 adversm

521 4133 684 4188 super
698 4125 1025 4180 aestimandis
1049 4128 1202 4184 bonis
1219 4130 1458 4187 Liberius
1478 4135 1835 4213 impetrasset,
1861 4155 2096 4210 pronun-

471 4229 474 4233 λ
527 4208 782 4267 tiavitnus
830 4229 934 4268 tton
980 4217 1200 4284 periisse
1245 4223 1571 4308 mandatum.
1631 4210 1835 4287 Dehinc
1863 4208 2099 4303 petitore

521 4316 871 4373 properante,
900 4318 961 4363 ut
986 4326 1052 4365 ex
1087 4299 1467 4374 conmimtidne
1497 4324 1729 4378 numinis
1757 4329 1945 4394 vestri,
1976 4347 2094 4386 ser-

525 4398 684 4452 vandi
721 4399 885 4456 dt-biti
917 4418 1075 4459 causa
1113 4407 1167 4461 in
1207 4421 1445 4467 ritaterna
1485 4430 1708 4485 corpora
1748 4421 2088 4492 mitteretur,

511 4488 656 4554 quod
699 4489 1012 4547 adversaria
1062 4499 1470 4558 mstimationem
1513 4505 1780 4564 bonorum
1827 4523 2089 4570 conventa

512 4575 689 4633 facere
732 4581 1029 4650 noluisset,
1069 4603 1382 4658 responsum
1420 4607 1540 4661 est,
1581 4599 1650 4654 de
1685 4603 2090 4672 supplicationis

513 4667 618 4719 title
652 4669 798 4737 prius
827 4687 948 4727 esse
983 4681 1337 4736 tractandum.
1373 4684 1426 4738 id
1459 4689 1599 4754 quod
1633 4667 1907 4758 proba-bile
1935 4696 2086 4752 vide-

510 4760 694 4828 batur,
730 4763 942 4819 admisi.
969 4766 1131 4823 Facto
1161 4772 1322 4840 igitur
1352 4775 1499 4830 aditu
1524 4779 1590 4832 de
1617 4783 1862 4848 precibus
1889 4787 2086 4855 dispu-

508 4850 668 4912 tandi,
697 4852 948 4908 defensor
975 4856 1036 4912 C.
1079 4859 1142 4912 F.
1176 4862 1447 4919 Martianae
1478 4879 1666 4926 notare
1703 4874 1805 4928 sibi
1837 4850 1987 4932 visus
2002 4891 2084 4936 est

505 4954 625 4993 men
651 4944 838 4996 .acium
885 4949 1274 5014 supplicantis:
1319 4957 1457 5022 quod
1499 4973 1618 5014 cum
1659 4964 1850 5021 Prisca:
1892 4972 2080 5026 matris

502 5046 611 5086 sua:
659 5041 982 5094 testamento
1031 5052 1217 5108 neptes
1261 5045 1378 5116 ejus
1415 5064 1482 5104 ex
1523 5051 1831 5111 Placidiano
1872 5061 2080 5128 genitas

501 5126 864 5186 haereditatem
903 5137 1108 5202 cepisse
1140 5139 1386 5204 dixisset,
1421 5159 1524 5198 non
1565 5162 1755 5204 omnes
1785 5164 1969 5221 neptes
2007 5157 2076 5212 ab

505 5232 554 5271 2t
587 5221 813 5289 scriptas
841 5226 1095 5291 probaret
1123 5227 1387 5288 hteredes.
1413 5235 1747 5300 Responsum
1774 5254 1879 5310 est,
1904 5245 1972 5302 de
1993 5247 2076 5304 his

501 5304 742 5369 “mlum.
783 5318 916 5423 quas
953 5313 1072 5372 avia
1102 5315 1346 5384 itmredes
1384 5330 1647 5408 instituit,
1681 5347 2037 5417 snpplicalum
2065 5395 2082 5423 ,

501 5400 596 5423 non
628 5406 855 5423 ............
1241 5417 1251 5423 .

496 5400 604 5503 nec.
627 5406 857 5464 unquam
889 5400 1078 5463 factam
1108 5417 1344 5472 omnium
1374 5400 1698 5490 mentionem
1717 5400 1867 5503 ,sed
1899 5400 2082 5503 eartnti

1773 5481 1866 5496 εν..
1899 5481 2082 5503 μνη...

495 5481 688 5581 quibus
717 5485 892 5546 fuerat
921 5497 1097 5554 delata
1123 5515 1417 5570 successio.
1450 5518 1545 5577 His
1569 5481 1836 5588 deiec’tum
1870 5551 2082 5596 curato-

1452 5571 1543 5577 __.-
1572 5571 1836 5588 -..ν-ννιυιυ
1870 5571 2076 5596 ιυιαιυ-

495 5571 571 5626 ris
621 5583 976 5700 pa'trocinium
1025 5597 1188 5663 cmpit
1226 5604 1441 5674 exigere
1478 5623 1532 5666 ut
1577 5622 1772 5686 petitor
1820 5630 2076 5700 ediceret,

495 5677 557 5700 η..
590 5671 675 5700 nn:
704 5688 780 5700 ι..-
813 5694 841 5700 ..
887 5698 910 5700 μ
943 5683 953 5692 ·
1000 5686 1031 5700 ~-

491 5677 557 5720 ex
590 5671 782 5734 quibus
812 5694 844 5732 n
870 5683 1115 5744 'tninibus
1145 5700 1434 5761 proposita:
1475 5706 1865 5776 descenderent
1909 5678 2079 5784 actio:

2225 483 2389 553 mine,
2421 490 2510 558 qui
2555 502 2708 558 pater
2737 495 2932 554 adulta:
2975 504 3070 556 luit
3112 505 3520 570 intmodiearum
3561 518 3805 579 donatio.

2225 593 2349 630 num
2384 596 2541 634 causa
2581 601 2700 640 man
2723 603 2826 643 -sse
2857 595 3155 661 respondit.
3189 599 3635 671 Supplementunt
3678 629 3806 669 vero

2224 670 2501 727 unciarum
2541 674 2608 730 ab
2639 678 2853 736 hazrede
2891 681 3170 755 Placidize,
3215 695 3299 745 cui
3341 708 3499 751 soror
3547 701 3804 757 Martiana

2223 764 2501 830 succeSsit,
2545 769 2778 824 asseruit
2819 774 3096 839 postulari.
3137 776 3260 835 Ιλιςυο
3287 783 3630 844 adversarius
3659 806 3809 850 eate-

2225 870 2324 910 nus
2351 858 2645 922 rel'ellebat.
2676 869 2733 915 ut
2759 862 2961 920 diceret
2980 867 3041 921 C.
3069 870 3130 923 Ρ.
3157 873 3426 940 juniorem
3459 879 3802 950 Marcianant,

2226 963 2328 1001 non
2356 949 2642 1007 Placidiani
2669 965 2868 1010 tantum
2893 963 3058 1028 patris
3077 969 3498 1036 successionem,
3526 977 3620 1029 sed
3643 979 3807 1033 etiam

2225 1039 2472 1096 Placidi-.e
2493 1059 2762 1114 germanae
2789 1065 2903 1106 sua:
2927 1069 3024 1122 pro
3043 1058 3206 1112 certis
3237 1063 3410 1116 unciis
3435 1077 3806 1137 consecutam,

2225 1147 2322 1187 nec
2355 1141 2533 1190 tamen
2567 1137 2730 1194 ullam
2758 1140 3012 1200 Placidia).
3044 1149 3372 1206 mentionem
3401 1168 3620 1224 precum
3663 1162 3809 1216 serie

2223 1227 2507 1283 contineri.
2545 1230 2648 1286 Sed
2681 1247 2800 1287 cum
2835 1235 3084 1307 allegatio
3113 1241 3343 1298 diversae
3388 1249 3560 1315 partis
3594 1261 3807 1308 astrue-

2225 1327 2326 1386 ret,
2369 1334 2485 1375 rem
2515 1334 2574 1377 se
2604 1323 2891 1382 obnoxiam
2925 1333 3172 1401 persequi
3203 1335 3496 1407 designatis
3522 1342 3689 1398 titulis
3710 1359 3809 1400 ac-

2226 1411 2452 1478 tionum,
2499 1421 2553 1468 et
2583 1413 2656 1482 id,
2686 1417 2826 1485 quod
2859 1420 2910 1474 in
2943 1422 3087 1478 litem
3117 1426 3283 1492 venit,
3337 1443 3435 1498 pro
3476 1442 3622 1487 certa
3656 1450 3752 1502 par
3776 1451 3809 1492 θ

2224 1498 2542 1557 Martianum
2577 1502 2638 1560 C.
2673 1505 2732 1560 F.
2776 1511 3052 1578 possidere
3077 1532 3090 1567 :
3115 1514 3233 1584 ejus
3273 1533 3467 1574 nomen
3498 1536 3619 1577 cum
3656 1498 3808 1580 desi-

2222 1594 2474 1662 gnatione
2498 1611 2780 1654 causarum
2804 1603 3020 1660 doceret
3052 1608 3300 1676 precibus
3325 1616 3801 1689 comprehensum,

2225 1687 2374 1739 stetit
2400 1686 2586 1756 judieii
2625 1691 2730 1747 mei
2762 1692 3077 1752 deliberatio
3105 1719 3112 1727 -
3141 1698 3242 1757 hoc
3270 1715 3572 1776 asserente,
3622 1686 3811 1778 perso-

2225 1791 2348 1830 nam
2385 1777 2633 1836 Placidia
2668 1785 3043 1854 supplicationi
3087 1790 3245 1862 adjici
3273 1795 3524 1852 debuisse
3555 1817 3568 1853 :
3594 1777 3684 1856 illo
3711 1817 3812 1858 ne-

2222 1877 2404 1935 gante,
2442 1878 2562 1938 post
2593 1872 3014 1943 designationem
3047 1883 3121 1934 rei
3160 1893 3216 1937 et
3243 1885 3365 1953 ejus
3392 1902 3656 1956 personat,
3687 1909 3814 1962 qua)

2224 1959 2383 2017 hodie
2403 1978 2687 2033 corporum
2715 1973 3052 2037 possessiotte
3073 1974 3352 2046 delruitur,
3376 1982 3660 2052 quidquam
3685 2001 3815 2044 esse

2223 2052 2588 2118 quaerendum.
2622 2058 2864 2114 Accessit
2899 2065 3225 2119 cunctationi
3266 2082 3402 2123 meae
3430 2085 3594 2126 causa
3639 2075 3812 2132 vehe-

2224 2144 2481 2208 mentior;
2513 2148 2653 2215 quod
2677 2149 2897 2219 iubente
2918 2154 3056 2224 iege,
3081 2165 3141 2211 ut
3169 2159 3307 2214 intra
3333 2171 3564 2231 quatuor
3591 2181 3813 2226 menses

2220 2234 2287 2288 ad
2330 2238 2738 2296 aestimationem
2780 2242 3042 2301 bonorum
3079 2263 3359 2317 possessor
3384 2255 3595 2324 petitori
3627 2267 3813 2316 tenea-

2221 2337 2341 2394 tur;
2381 2345 2522 2385 nunc
2549 2345 2599 2386 ut
2625 2344 2774 2403 gesta
2803 2341 3199 2410 monstrabunt,
3240 2358 3522 2416 angustum
3556 2353 3713 2409 nimis
3737 2371 3814 2412 ex

2219 2423 2575 2478 conventione
2615 2434 2823 2494 tempus
2849 2429 3012 2487 fuisse
3040 2433 3211 2489 visum
3241 2445 3323 2493 est
3360 2442 3660 2509 peregrinis
3683 2459 3815 2500 cor-

2221 2513 2438 2580 poribus
2460 2517 2808 2575 aestimandis.
2844 2521 2910 2576 Et
2934 2522 3052 2578 ideo
3083 2535 3258 2582 motus
3282 2531 3563 2602 ambiguis,
3588 2539 3815 2594 oraculo

2220 2605 2453 2660 numinis
2482 2610 2646 2664 vestri
2677 2611 3050 2684 disringuenda
3088 2630 3277 2676 cuncta
3312 2627 3542 2680 servavi.
3590 2627 3720 2684 Nam
3748 2630 3814 2688 in

2219 2697 2379 2751 rebus
2409 2697 2586 2755 dubiis
2614 2717 2716 2756 una
2748 2714 2831 2760 est
2861 2707 3195 2766 salubritatis
3226 2715 3331 2780 via,
3362 2727 3419 2770 ut
3454 2717 3631 2772 divina
3658 2737 3816 2785 qua:-

2215 2803 2318 2856 que
2342 2789 2425 2843 vel
2457 2790 2564 2846 Deo
2584 2795 2824 2861 proxima
2847 2799 3214 2858 consolantur.
3239 2803 3551 2874 Conjunctae
3571 2811 3809 2881 paginae,

2214 2878 2559 2947 allegationes
2602 2885 2854 2954 partium,
2901 2899 2957 2944 et
2997 2893 3364 2962 supplementa
3407 2912 3750 2967 sumpserunt
3791 2922 3812 2962 :

2213 2982 2333 3036 qua:
2359 2986 2480 3024 cum
2512 2973 2808 3042 tnajestatis
2837 2990 3030 3035 vestrae
3057 2984 3261 3051 justitia
3292 2991 3654 3058 perpenderit,
3686 3009 3811 3062 pre-

2213 3074 2326 3126 cor,
2375 3073 2428 3117 ut
2472 3075 2645 3122 metas
2682 3069 2908 3127 curiosas
2950 3073 3028 3130 liti
3071 3076 3311 3134 absoluta
3359 3081 3667 3143 deﬁnitione
3704 3104 3811 3158 po-

2217 3164 2377 3208 natis.

2818 3233 3034 3292 EPIST.
3077 3238 3188 3294 XL.

2286 3331 2336 3368 υ.
2367 3332 2658 3375 τιιεοοοςιο
2686 3337 2889 3379 ΒΒΣΙΡΕΙί
2918 3342 3040 3382 AUG-
3072 3344 3384 3388 SYMMACIIUS
3404 3351 3572 3392 “illi.
3599 3355 3720 3397 UBB.

2285 3429 2417 3484 Cum
2440 3432 2719 3488 clementia
2741 3450 2914 3493 vesrra
2938 3442 3260 3500 meminisset
3284 3447 3537 3506 faciendae
3558 3467 3808 3510 carruca

2213 3519 2540 3590 itnpendium
2572 3525 2640 3580 de
2662 3542 2817 3584 sacro
2843 3533 3037 3586 aerario
3063 3549 3185 3589 esse
3215 3539 3512 3608 deo-etum,
3543 3550 3754 3601 censuit
3783 3593 3805 3616 ,

2213 3619 2274 3665 ut
2313 3611 2428 3681 ejus
2472 3629 2747 3684 argentum
2796 3621 3020 3689 publicis
3057 3627 3291 3682 conditis
3338 3633 3681 3701 redderetur,
3729 3611 3802 3695 ῡξ

2212 3701 2503 3774 imperator
2528 3709 2654 3764 :sed
2682 3713 2943 3766 examinis
2975 3718 3172 3784 reperit
3202 3720 3354 3786 iides,
3383 3739 3448 3778 ex
3475 3726 3596 3782 aliis
3626 3729 3803 3786 titulis

2211 3807 2536 3867 assumptatn
2562 3816 2673 3868 spei
2693 3803 2829 3868 ient,
2860 3822 3017 3876 quam
3053 3811 3278 3866 vehiculi
3309 3827 3530 3870 ornatus
3560 3823 3801 3889 act-epit.

2210 3882 2374 3955 Cujus
2400 3889 2499 3950 rei,
2531 3891 2687 3946 etiam
2713 3895 2790 3947 vir
2815 3895 3038 3952 illustris
3071 3903 3432 3966 prmdeccssor
3462 3926 3643 3977 meus,
3679 3915 3799 3968 An-

2210 3975 2442 4031 themius
2467 3979 2695 4050 Bassus,
2733 3989 3050 4053 perennitati
3088 4002 3277 4048 vestrae
3307 4002 3568 4055 rationem
3598 4003 3798 4061 dicitur

2209 4068 2503 4126 intimasse.
2539 4073 2604 4128 Et
2632 4075 2752 4130 ideo
2781 4082 2961 4134 saeculi
3004 4087 3164 4138 vestri
3205 4091 3430 4156 mquitas
3475 4092 3795 4166 imperavit,

2211 4169 2267 4215 ut
2296 4167 2594 4220 examinata
2615 4208 2631 4233 ,
2661 4178 2715 4223 et
2739 4184 3009 4242 comperta
3050 4194 3412 4249 suggereretn.
3457 4187 3589 4242 (lum
3630 4190 3797 4247 fiscus

2209 4252 2263 4306 in
2295 4262 2570 4326 tempore,
2601 4263 2742 4329 quod
2787 4264 3086 4322 habendum
3131 4270 3324 4340 fuerat,
3369 4293 3476 4331 non
3520 4279 3746 4337 habet-et
3775 4325 3793 4348 ,

2208 4359 2271 4401 ex
2297 4362 2417 4402 arca
2445 4355 2737 4420 queatoria,
2758 4356 2989 4426 itemque
3012 4378 3074 4414 ex
3107 4365 3392 4420 formarum
3425 4372 3794 4444 condis,prm-

2211 4446 2352 4494 terea
2385 4457 2448 4496 ex
2485 4450 2907 4513 argentariorum
2941 4455 3288 4523 part-intonia,
3326 4472 3600 4530 argenturm
3632 4466 3793 4534 ju.~so

2204 4531 2350 4599 operi
2373 4533 2728 4589 ministratnm
2753 4554 2854 4592 es'.
2879 4539 3042 4612 Cujus
3071 4546 3287 4616 solutio,
3317 4553 3360 4604 si
3398 4568 3634 4609 carruca:
3655 4573 3792 4614 usus

2203 4635 2472 4692 maneret,
2506 4628 2572 4681 de
2619 4629 2883 4687 thesauris
2928 4635 3295 4705 imperialibus
3331 4644 3454 4711 jure
3483 4661 3787 4715 peteretur.

2200 4716 2304 4773 Sed
2338 4735 2477 4773 nunc
2502 4725 2741 4789 enrpeuti
2773 4730 3009 4784 novitate
3049 4734 3321 4801 submota,
3357 4753 3512 4793 suum
3553 4742 3789 4810 quisque

2198 4811 2439 4879 deposcit
2462 4827 2476 4865 :
2503 4828 2601 4868 nec
2630 4816 2848 4872 difﬁcile
2871 4821 3139 4878 credimus
3166 4825 3458 4896 impetrari,
3484 4831 3625 4901 quod
3649 4848 3676 4884 a
3701 4833 3788 4887 le-

2197 4915 2320 4969 gum
2354 4905 2663 4971 parentibus
2694 4911 3009 4976 postulatur.
3041 4914 3234 4982 Quaeso
3283 4929 3338 4972 ut
3375 4919 3534 4989 digna
3570 4932 3786 4991 tempo-

2199 4991 2346 5047 ribus
2369 5009 2621 5062 responsa
2655 4999 2908 5071 reddatis,
2955 5019 3060 5073 quo
3090 5007 3168 5061 vir
3197 5010 3529 5067 clarissimus
3566 5025 3621 5069 et
3648 5016 3781 5070 illn~

2197 5088 2323 5140 stris
2357 5103 2566 5145 sacrum
2601 5093 2938 5162 largitionum
2983 5113 3200 5165 eon'n-s,
3235 5105 3620 5162 refundendunt
3652 5125 3782 5168 esse

2193 5191 2481 5248 Cognoscat
2521 5183 2742 5251 publicis
2779 5187 2945 5252 titulis
2979 5191 3304 5262 privatisque
3331 5198 3596 5266 personis,
3628 5205 3775 5269 quod

2193 5269 2310 5325 sine
2343 5272 2526 5328 lacuna
2559 5276 2852 5346 intperialis
2886 5283 3062 5338 mrarii
3093 5284 3422 5358 deprompsit
3452 5292 3626 5348 aliena
3656 5297 3772 5350 col-

2193 5363 2342 5420 latio.

2786 5467 3002 5524 EPIST.
3046 5471 3177 5527 XLI.

2189 5565 2277 5605 DD.
2331 5565 2623 5610 τιιεουοειο
2669 5568 2721 5613 et
2764 5576 2991 5618 ABCADIO
3035 5582 3237 5626 SEMPER
3285 5590 3409 5631 AUC.
3455 5592 3769 5640 εγιιυεηιῖδ

2815 5647 2985 5691 ΡΒΑΞΡ.
3019 5653 3135 5694 URB.

2257 5735 2377 5792 Scio
2425 5737 2638 5804 quidem
2717 5756 2920 5804 ua'urze
2969 5749 3213 5811 humanm
3264 5758 3389 5814 vitio
3447 5763 3763 5832 probitatem
