4048 6184
301 233 405 287 573

1525 221 1951 280 ΕΡιδτυιΑιιυ
1964 222 2004 273 .II
2050 221 2252 276 LIBER
2297 221 2361 275 Χη

3471 231 3573 288 37‘

298 347 570 414 sulijacere
605 345 778 399 livori.
811 342 918 398 Sed
949 343 1115 396 miror
1141 354 1206 395 eo
1229 352 1542 408 progressas
1569 339 1792 393 insidias
1813 351 1883 390 a3-
1915 335 1961 394 Α
1997 335 2174 389 denuo
2205 337 2617 391 obtrectaaliuut
2651 356 2893 395 murmur
2926 343 3234 410 iugesscril,
3277 354 3402 412 Opto
3436 349 3577 413 judi-

296 440 582 500 tnulorum,
605 437 840 492 utcrudo
866 423 1144 489 mendacio
1169 436 1394 487 ittsimtis
1422 433 1556 484 fama
1584 439 1875 500 peteretur,

297 533 401 586 lii).
431 533 804 599 imperatores.
829 531 964 596 Quid
991 529 1134 584 cuiut
1163 543 1267 580 ttott
1295 528 1546 590 audeant,
1573 524 1768 594 quidve
1798 524 1879 576 in-

293 635 546 679 tentatuut
581 626 905 693 relinquant,
931 622 1021 691 qui
1053 624 1103 674 itt
1133 635 1258 674 arce
1290 631 1591 678 terrarum.
1621 618 1879 673 Christia-

290 735 373 772 ntc
417 720 551 787 legis
596 719 803 787 injuriis
837 718 1102 771 vindicata
1153 715 1272 768 fana
1329 714 1636 769 ﬁnxerunt?
1683 713 1876 778 Flevit,

289 810 469 871 credo,
501 825 680 864 scenae
711 809 864 863 istius
898 808 1208 870 labriCaIOI‘,
1242 821 1362 861 cum
1403 805 1470 860 de
1503 804 1753 860 Ecclesia:
1787 820 1878 873 pe-

289 901 584 956 netralibus
611 909 792 968 raptos
812 899 878 953 ad
903 908 1164 953 tormenta
1197 897 1497 959 simularet,
1523 911 1645 952 cum
1670 896 1736 950 de
1758 896 1875 949 lon-

285 993 498 1061 ginquis
519 1007 582 1045 ac
611 992 679 1046 de
703 991 942 1044 ﬁnitimis
972 990 1194 1044 urbibus
1223 987 1345 1042 duri
1377 987 1648 1041 antistites
1677 987 1730 1040 itt
1756 987 1874 1040 vitt-

283 1087 398 1135 tula
445 1083 799 1137 describeret.
854 1081 1034 1150 Neque
1077 1079 1224 1135 enim
1266 1093 1518 1134 Serenum
1571 1077 1761 1131 cleme.
1788 1078 1876 1131 tite

283 1187 475 1228 vestne
513 1175 750 1228 animum
780 1174 898 1230 sine
941 1173 1021 1226 bis
1065 1173 1290 1243 argutiis
1326 1171 1678 1240 compulisset
1721 1185 1875 1224 sacro

278 1266 455 1319 edicto
497 1266 750 1335 populum
795 1265 1123 1328 convenire,
1172 1274 1227 1319 ut
1271 1262 1664 1332 aSperioribus,
1713 1277 1871 1332 quam

277 1357 462 1425 pietati
491 1368 683 1412 vestra:
710 1371 827 1411 mos
848 1367 951 1422 est,
978 1356 1194 1420 litteris,
1219 1353 1552 1425 pratfectum,
1573 1368 1732 1423 quem
1755 1353 1874 1408 sine

275 1448 482 1500 ambitu
509 1448 733 1516 legistis,
764 1456 1034 1516 argueret.
1067 1445 1277 1500 Reddat
1308 1459 1468 1510 nunc,
1499 1444 1742 1514 quisquis
1782 1445 1872 1500 ille

272 1551 372 1603 est,
402 1554 604 1594 Causas
633 1538 858 1594 fallacia:
887 1553 998 1592 sua:
1021 1581 1038 1607 ,
1063 1537 1153 1608 qui
1175 1537 1276 1591 sub
1298 1535 1585 1591 occasione
1607 1535 1766 1604 justze
1790 1535 1872 1590 itt-

272 1629 607 1695 quisitionis,
634 1645 736 1698 qua
771 1644 857 1684 me
875 1629 1080 1683 cultum
1121 1627 1471 1697 spoliatorum
1500 1628 1757 1682 mceniutn
1784 1630 1868 1682 in-

1980 429 2140 483 ciutu.
2197 429 2553 498 Experieutur
2607 447 2692 486 me
2737 434 2835 488 Sub
2883 435 3143 504 imperiali
3191 435 3577 504 disceptatione

1979 530 2312 576 Constantem
2338 523 2426 591 qui
2452 533 2733 578 nocentem
2765 526 2992 594 probate
3021 544 3126 581 non
3158 539 3402 598 possunt.

2567 635 2779 690 EPIST.
2824 636 2983 691 XLII.

1980 741 2064 779 DD.
2107 741 2402 782 τιιεουοςιο
2450 744 2516 782 ET
2566 745 2790 786 Αιιοιυιο
2836 747 3035 786 δειιιδιιι
3091 748 3216 789 AUC.
3258 748 3574 791 ειιιιιλειιιέ

2613 816 2778 854 HLEF.
2822 817 2941 856 CRB.

2051 887 2128 942 De
2175 889 2442 942 tribunatu
2491 889 2678 944 viuarii
2742 892 2840 945 fori
2894 909 3065 961 mtpcr
3132 906 3245 949 orta
3296 899 3571 954 contentio

1977 993 2190 1034 oausam
2217 982 2344 1034 mibi
2368 983 2543 1034 attul.t
2573 984 2745 1051 legunt
2770 985 3003 1042 arbitros
3024 991 3360 1054 consulendi,
3387 993 3448 1046 ι).
3475 993 3566 1047 im.

1979 1081 2212 1138 perator.
2259 1073 2552 1127 Praefectus
2595 1075 2826 1130 instabat
2866 1086 2922 1130 ut
2951 1077 3186 1133 delatum
3218 1082 3316 1134 sibi
3346 1083 3571 1139 Sortire-

1978 1174 2064 1219 tur
2091 1165 2345 1220 ofﬁcium.
2393 1166 2556 1221 \etus
2583 1184 2614 1222 e
2646 1168 2783 1236 lege,
2824 1185 2946 1236 qum
2984 1181 3225 1240 tempora
3265 1173 3568 1230 istiusmodi

1976 1261 2182 1314 actibus
2211 1270 2355 1316 certa
2396 1261 2664 1328 decrevit,
2703 1264 2993 1319 excusabat
3034 1265 3238 1322 bauore
3283 1267 3566 1324 decedere.

1976 1352 2203 1407 Secutus
2236 1367 2441 1405 morem
2471 1353 2628 1422 longa
2659 1363 2816 1408 aetate
2865 1369 3170 1420 servatum,
3209 1373 3332 1414 eum
3363 1360 3452 1430 qui
3485 1375 3570 1416 re-

1975 1458 2100 1498 cens
2123 1445 2416 1514 majestatis
2438 1455 2627 1500 vestra:
2649 1445 2968 1501 bcncﬁcimn
2995 1449 3333 1517 pra-ferebat,
3353 1454 3566 1508 admisi.

1976 1535 2080 1592 Sed
2115 1547 2170 1590 ιιι
2200 1537 2480 1605 deinceps,
2525 1539 2568 1592 si
2601 1540 2736 1593 forte
2765 1555 2890 1593 usus
2923 1542 3137 1608 tulerit,
3171 1545 3566 1600 cunctationem

1969 1625 2152 1694 iudicii
2181 1629 2424 1683 absoluta
2457 1630 2624 1683 forma
2653 1631 2990 1697 submoveat,
3039 1635 3199 1687 statui
3228 1651 3440 1691 sacrum
3472 1653 3569 1691 utt-

274 1721 542 1788 vestigare
569 1719 834 1788 jussiStis,
867 1722 1094 1790 tragicas
1137 1718 1465 1788 qumstiones
1514 1719 1581 1773 de
1611 1717 1870 1772 ministris
1903 1703 1950 1763 Β
1978 1721 2136 1775 minis
2163 1722 2324 1777 vestri
2355 1723 2628 1776 oraculum
2660 1724 2945 1789 sciscitari,
2977 1735 3154 1779 utrum
3190 1727 3267 1780 fas
3300 1728 3367 1782 sit
3401 1744 3568 1784 novos

273 1813 558 1866 catholica:
597 1811 870 1882 religionis
912 1812 1078 1882 jactat
1112 1812 1358 1881 agitatas.
1400 1809 1744 1880 Respondeat
1787 1811 1873 1865 lit-

274 1908 396 1960 teris
431 1906 671 1975 episcopi
716 1905 962 1970 Damasi,
1003 1904 1198 1974 quibus
1238 1913 1598 1959 assectatores
1625 1903 1870 1974 ejusdem

274 1997 571 2065 religionis,
596 1997 806 2066 negavit
830 1997 989 2051 ullam
1015 1995 1395 2050 contumeliam
1422 1995 1728 2065 pertulisse.
1755 1995 1870 2051 Non

275 2105 602 2158 magtmpere
630 2089 795 2144 ofﬁcii
818 2088 920 2143 tnei
950 2088 1225 2155 praetende
1253 2101 1505 2156 responsa
1530 2104 1542 2139 :
1568 2102 1597 2140 a
1619 2101 1724 2157 quo
1749 2086 1872 2142 ideo

273 2182 495 2248 qumsita
526 2190 609 2235 est
635 2196 815 2235 rerum
848 2180 1002 2246 ﬁdes,
1037 2195 1104 2234 ne
1135 2181 1328 2233 factum
1359 2177 1573 2248 aliquod
1617 2177 1872 2232 recorda-

272 2273 472 2326 tionem
510 2270 816 2342 quaesitoris
846 2269 1124 2340 effugeret.
1157 2269 1418 2324 Credetur
1445 2270 1562 2336 ejus
1599 2270 1731 2340 legis
1769 2287 1869 2326 att-

270 2363 417 2416 tistiti
439 2403 455 2428 ,
496 2379 620 2433 qua:
652 2363 776 2418 laesa
823 2363 1130 2418 simulatur.
1160 2362 1420 2418 Credatur
1451 2362 1734 2432 praefecto,
1781 2365 1870 2434 qui

269 2457 627 2524 perennitatis
640 2467 834 2512 vestra:
858 2456 1165 2512 admonitus
1191 2455 1389 2520 edicto,
1414 2458 1640 2511 miratur
1670 2457 1720 2511 in
1748 2473 1871 2526 pro-

268 2551 453 2602 cinctu
475 2549 744 2603 creditum
769 2548 909 2618 quod
943 2548 1108 2602 Roma
1133 2547 1303 2603 nescit
1328 2547 1644 2602 admissum.
1667 2548 1871 2604 Omitto

267 2641 530 2706 injuria“)
575 2639 908 2709 prmfectura:
947 2649 1001 2695 et
1052 2637 1395 2694 conscientia)
1439 2653 1574 2696 meae
1607 2656 1620 2692 :
1657 2640 1870 2709 quando

264 2747 324 2786 eo
355 2733 637 2801 processit
666 2732 992 2786 insimulatio
1023 2743 1080 2786 ut
1107 2746 1203 2786 vos
1224 2747 1437 2802 quoque
1465 2732 1634 2800 ipsos,
1681 2743 1871 2788 aucto-

265 2839 348 2876 res
377 2823 615 2878 honoris
651 2823 781 2889 tnci,
808 2823 1039 2892 quatiam
1070 2823 1493 2893 reprehensione
1523 2824 1865 2893 perstringat.

262 2915 402 2970 Nam
433 2917 527 2985 qui
555 2915 748 2969 summi
783 2917 882 2968 loci
920 2915 1131 2984 judices
1161 2914 1510 2981 decolorant,
1541 2914 1682 2969 sacri
1715 2915 1867 2969 testi-

263 3009 436 3062 monii
469 3008 782 3062 facilitatem
815 3007 1058 3062 videntur
1087 3009 1379 3064 incessere.
1412 3007 1529 3063 Jatn
1555 3009 1753 3063 duduttt
1783 3025 1868 3064 me

1979 1813 2220 1866 tribunos
2247 1825 2456 1868 servata
2485 1814 2603 1883 lege
2633 1813 2858 1882 diﬁ'erri,
2885 1830 2953 1868 an
2984 1817 3153 1884 magis
3180 1827 3389 1873 veteres
3416 1834 3570 1890 opor-

1976 1912 2085 1960 tcat
2109 1903 2396 1960 devotione
2424 1907 2711 1960 removeri.

2556 1997 2770 2053 EI'IST.
2814 1997 2996 2053 XLIII.

2046 2105 2099 2143 ιι.
2121 2102 2415 2143 τῖιεοιιοειο
2444 2102 2648 2144 SEHPER
2682 2105 2802 2147 Al'G.
2829 2105 3138 2146 SYIHIACIIUS
3172 2107 3341 2148 Puer.
3369 2111 3486 2150 υιιιι.

2048 2181 2221 2238 Unum
2264 2181 2508 2237 levamen
2544 2182 2756 2251 injuriis
2802 2184 2936 2236 meis
2979 2183 3169 2238 tribuit
3198 2197 3450 2251 eventus,
3502 2189 3562 2242 ιι.

1973 2272 2290 2341 imperator.
2323 2281 2380 2327 ut
2409 2272 2633 2328 Romam
2677 2274 2904 2341 publica:
2944 2275 3191 2330 utilitatis
3223 2277 3386 2343 gratia
3415 2277 3476 2332 V.
3501 2277 3563 2332 (Ι.

1972 2375 2025 2420 et
2078 2364 2329 2426 illustris,
2378 2365 2788 2434 clementiatque
2833 2374 3024 2420 vestra:
3075 2380 3289 2435 semper
3333 2367 3562 2434 dicatus,

1973 2471 2158 2511 comes
2207 2456 2497 2524 Hesperius
2547 2457 2871 2512 mitteretur.
2920 2457 3052 2511 Nam
3101 2459 3146 2513 si
3197 2476 3320 2514 eum
3375 2470 3563 2515 testem

1972 2549 2452 2614 contumeliarum,
2505 2564 2642 2619 quas
2688 2551 2912 2620 pertuli,
2960 2567 3065 2606 non
3113 2551 3399 2620 baberent,
3445 2551 3563 2623 quis

1973 2643 2243 2698 dubitaret
2288 2657 2408 2698 eam
2459 2643 2864 2711 pratfecturam,
2920 2659 3038 2708 qua:
3088 2644 3270 2700 Roma:
3320 2646 3565 2713 superior

1971 2744 2052 2788 est
2086 2734 2320 2796 cieteris,
2362 2733 2630 2787 turbidum
2669 2733 2866 2802 aliquid
2899 2749 2998 2802 pro
3036 2743 3298 2802 po'estate
3331 2735 3563 2790 fecisse?

1973 2825 2053 2891 Is,
2096 2826 2350 2894 quoniam
2391 2839 2607 2893 semper
2637 2823 2842 2878 amicus
2867 2833 2951 2880 est
2981 2825 3224 2891 veritati,
3268 2836 3322 2881 et
3367 2824 3561 2880 famam

1972 2917 2235 2972 bonorum
2267 2925 2564 2984 temporum
2597 2916 2742 2978 colit,
2773 2916 2819 2972 si
2847 2915 3058 2972 dederit
3085 2917 3356 2973 aeternitas
3382 2927 3561 2972 vestra

1971 3008 2213 3075 copiam,
2263 3016 2628 3078 contemptum
2678 3007 2851 3078 legum
2903 3017 2955 3062 et
2999 3008 3182 3063 smculi
3224 3025 3328 3064 non
3359 3009 3560 3064 silebit.

262 3101 424 3156 divus
449 3101 670 3170 genitor
701 3100 932 3154 numinis
961 3100 1034 3153 tui
1067 3100 1334 3169 przceipuo
1376 3099 1586 3158 honore
1619 3101 1867 3171 dignatus
1894 3071 1942 3137 ο
1975 3097 2114 3166 Ego,
2159 3107 2216 3151 ut
2247 3107 2456 3167 potero,
2498 3097 2565 3151 de
2593 3097 2775 3152 multis
2807 3113 2968 3166 pauc:
3017 3098 3278 3161 narrabo,
3322 3099 3563 3169 repetitis

265 3203 384 3246 est:
413 3193 519 3246 ille
549 3193 864 3246 meritorum
911 3193 1112 3247 arbiter
1155 3192 1464 3262 singularis,
1508 3193 1660 3261 cujus
1693 3193 1865 3262 impe-

266 3283 398 3337 rium
423 3297 556 3335 cunt
582 3282 820 3336 moribus
842 3281 1112 3350 recepisti.
1137 3282 1420 3336 Paternum
1443 3293 1692 3352 sequere,
1719 3295 1864 3338 tuum

267 3385 414 3430 tuere
440 3374 731 3445 judicium.
760 3376 858 3442 Qui
890 3374 1260 3444 prazl'eCLuratn
1287 3378 1404 3430 sine
1430 3377 1631 3430 ambitu
1665 3375 1868 3430 merui-

265 3482 416 3532 mus,
451 3469 581 3522 sine
607 3466 906 3522 offensione
951 3481 1230 3535 ponamus.
1279 3467 1724 3536 Suygestionibus
1766 3469 1864 3522 viri

265 3559 594 3614 eaeeﬂentis
629 3568 685 3612 et
726 3557 794 3612 de
828 3573 942 3627 rep.
981 3559 1118 3614 bene
1157 3559 1331 3612 meriti
1375 3559 1677 3614 Praetextati
1727 3574 1863 3627 prte-

265 3650 389 3704 fecti
439 3650 730 3718 praetorio,
758 3649 955 3703 abusus
993 3650 1292 3704 existimor.
1327 3650 1462 3716 Quid
1489 3650 1535 3703 si
1558 3665 1622 3704 ex
1649 3650 1740 3704 illo
1767 3649 1862 3705 de-

266 3753 442 3808 creto,
463 3741 610 3810 quod
629 3741 974 3810 probabiliter
991 3742 1316 3811 impetravit,
1337 3741 1562 3796 necdum
1584 3757 1611 3795 a
1629 3757 1711 3795 me
1723 3757 1867 3811 qute-

265 3837 369 3888 stio
419 3832 534 3888 ulla
574 3841 775 3888 tentata
819 3834 939 3888 est?
991 3833 1216 3888 Praevidi
1263 3836 1405 3887 enim
1455 3832 1579 3900 quid
1647 3840 1867 3901 possent

266 3925 455 3980 tumuli
485 3925 768 3994 suspicari,
811 3935 969 3994 atque
998 3925 1117 3978 ideo
1157 3925 1436 3993 obsignata
1468 3925 1646 3977 olﬁcio
1676 3924 1865 3993 prtere-

265 4029 443 4072 cturtc
491 4031 640 4071 sacra
678 4016 826 4084 jussa
869 4017 1265 4071 commiserant.
1304 4015 1413 4071 Nec
1446 4032 1530 4070 me
1559 4013 1862 4084 ltujustnodi

267 4109 588 4177 conjectura
630 4109 844 4176 decepit
871 4125 883 4161 :
908 4109 1170 4178 siquidem
1197 4124 1388 4165 severe
1415 4119 1699 4163 exsecutus
1729 4107 1862 4162 insi-

267 4201 476 4263 mulor,
494 4199 635 4267 quod
660 4213 762 4252 neu
785 4201 1076 4254 cettvittcor
1096 4215 1392 4270 aggressus.
1416 4201 1539 4254 Ilznc
1559 4199 1734 4252 omnia
1763 4199 1864 4254 ﬁde

265 4303 518 4346 actorum
549 4294 936 4359 cetttprebeusa
963 4293 1163 4362 subjeei
1191 4310 1205 4346 :
1232 4310 1394 4346 ttttttttt
1424 4292 1554 4346 illud
1578 4292 1858 4360 adjicit-ns,

267 4395 323 4438 nt
352 4400 447 4438 me
474 4388 783 4452 perettnitas
813 4395 985 4439 vestra.
1016 4398 1336 4441 necesstate
1365 4387 1724 4454 inquisitionis
1743 4387 1860 4454 ejus

265 4478 550 4540 absolvat,
578 4479 730 4545 cujus
758 4480 1130 4534 auctoritatem
1177 4480 1364 4533 referti
1396 4481 1459 4532 ad
1493 4482 1686 4532 scrinia
1719 4480 1857 4546 pa|a~
1888 4449 1944 4510 Β

269 4571 381 4621 tina
407 4569 668 4636 jussistis.
698 4569 830 4623 Nam
862 4570 904 4624 si
933 4580 1137 4624 tantum
1171 4572 1237 4624 de
1276 4589 1358 4624 Ille
1391 4572 1647 4637 improbis:
1678 4571 1859 4637 licuit,

267 4671 519 4714 evstante
551 4672 818 4727 prarcepto
843 4677 858 4714 :
881 4662 1006 4730 quid
1035 4664 1341 4716 retractatis
1374 4663 1564 4716 l.tteris
1595 4677 1696 4715 non
1728 4663 1859 4714 lice-

272 4751 384 4802 bet?
417 4753 560 4805 Sane
611 4751 864 4806 laudabili
911 4754 1023 4807 viru
1059 4754 1315 4822 episcopo
1354 4756 1652 4823 denegante
1692 4754 1858 4807 ttlluttt

266 4861 296 4894 e
330 4845 447 4896 suis
467 4858 553 4896 aut
579 4841 796 4898 Carcere
826 4855 920 4898 aut
947 4846 1173 4900 vinculis
1205 4845 1443 4909 attineri,
1473 4858 1526 4900 et
1556 4845 1733 4897 ollieio
1763 4860 1856 4898 ea-

263 4936 389 4985 dem
428 4945 783 5002 suggerente,
820 4937 1007 5004 ignoro
1053 4954 1185 5007 quos
1224 4939 1556 5005 potissimum
1592 4951 1862 5004 prcecepc-

269 5029 388 5077 ιιι-5
410 5027 638 5081 absolvi.
661 5028 870 5082 Tenent
893 5030 1102 5096 quidem
1124 5032 1266 5098 leges
1284 5031 1552 5084 variorum
1576 5029 1858 5083 criminum

261 5132 390 5170 reos
414 5159 428 5182 ,
452 5120 571 5184 sed,
607 5130 660 5173 ttt
700 5123 970 5189 comperi,
1001 5137 1028 5176 a
1074 5125 1333 5194 mySterio
1377 5123 1696 5176 Christiana:
1728 5123 1860 5191 legis

261 5216 495 5270 alienos.
521 5217 657 5283 Quid
696 5219 856 5287 igitur
896 5222 1172 5272 aaternitas
1205 5233 1377 5272 vestra
1411 5221 1665 5273 decernat
1695 5219 1859 5272 devo-

263 5316 350 5359 lus
381 5314 652 5375 opperior,
697 5322 746 5364 et
780 5325 963 5377 qumsp
992 5325 1049 5364 at
1081 5313 1337 5366 fallaciam
1379 5312 1691 5373 retundatis,
1736 5328 1854 5378 qua:

257 5398 424 5452 d.vini
450 5403 681 5466 pectoris
704 5404 864 5456 vestri
885 5403 1190 5458 sollicitavit
1209 5406 1466 5474 quietem,
1496 5420 1614 5472 qu.e
1640 5404 1705 5456 ad
1737 5403 1849 5455 etii-

256 5494 327 5545 cti
355 5494 727 5550 necessitatem
752 5499 1040 5551 venerandi
1071 5498 1323 5566 principis
1346 5514 1528 5550 curam
1552 5498 1746 5565 coegit.
1771 5497 1854 5550 Me

257 5590 488 5643 munivit
526 5590 725 5643 invidia
756 5607 768 5643 ε
796 5591 936 5658 apud
969 5605 1127 5644 aures
1164 5591 1308 5643 enim
1342 5603 1523 5642 sacras
1550 5587 1725 5642 locum
1757 5603 1851 5656 po-

256 5693 376 5734 stea
405 5699 509 5737 non
554 5682 768 5738 habebit
804 5683 1043 5738 convicta
1085 5683 1369 5737 mendacii.
1412 5681 1466 5735 Si
1505 5681 1631 5746 quid
1675 5689 1851 5734 tamen

1973 3189 2242 3258 paululum
2274 3189 2451 3243 causis
2481 3203 2601 3258 qum
2629 3188 2791 3253 mihi,
2839 3198 2895 3242 ιιι
2935 3189 3184 3254 arbitror,
3219 3189 3313 3244 ltas
3344 3191 3563 3246 insidias

1970 3280 2290 3335 excitarunt.
2335 3278 2472 3335 Cum
2503 3295 2599 3348 pro
2628 3279 2935 3348 diligentia,
2975 3296 3093 3350 qua:
3123 3281 3282 3337 debet
3311 3281 3563 3338 omnibus

1971 3373 2147 3428 inesse
2171 3373 2465 3443 judicibus,
2509 3373 2719 3442 argenti
2772 3372 2968 3443 publici
3018 3373 3160 3426 ratio
3205 3383 3558 3444 quaereretur,

1970 3467 2112 3534 quod
2158 3466 2501 3522 censualibus
2550 3465 2786 3521 editores
2839 3482 3119 3520 munerum
3169 3467 3557 3533 contulerunt;

1974 3559 2118 3613 inter
2147 3569 2371 3614 catteras
2413 3559 2628 3614 fraudes
2672 3573 2944 3629 repertum
2977 3569 3092 3625 est,
3139 3560 3397 3630 quosdam
3441 3561 3556 3614 fnu-

1969 3651 2240 3706 Ctionibtts
2289 3651 2598 3712 absolutos,
2647 3662 2861 3719 stuuptu
2889 3671 2917 3703 ιι
2962 3650 3200 3706 dcbititut
3250 3654 3387 3722 reip.
3450 3669 3556 3706 non

1970 3743 2204 3798 dedisse.
2239 3745 2304 3798 Et
2327 3752 2383 3798 ιιι
2408 3743 2612 3796 fallacia
2639 3744 2706 3796 ita
2735 3752 3024 3811 tegi-retur,
3050 3759 3113 3797 ex
3139 3743 3316 3796 alieno
3337 3753 3560 3809 argento

1971 3837 2301 3892 tantumdem
2363 3835 2746 3902 censualibus,
2806 3834 2953 3889 falsis
3013 3834 3181 3888 titulis
3244 3835 3556 3903 imputatis,

1969 3937 2222 3999 quantum
2252 3929 2360 3981 dtto
2384 3926 2633 3981 conferre
2663 3926 2994 3982 debuerant,
3035 3922 3397 3977 contulerunt.
3448 3923 3557 3976 lloe

1969 4036 2090 4074 cum
2122 4021 2404 4074 clarissimi
2437 4021 2534 4072 viri
2566 4029 2757 4086 sponte
2802 4018 2918 4069 sine
2958 4015 3261 4084 adjectioue
3289 4016 3558 4085 d:spendii

1969 4109 2355 4174 reddidisent,
2387 4117 2629 4162 senatum
2662 4111 2837 4176 prisco
2869 4121 3018 4160 more
3045 4105 3311 4169 consului,
3343 4108 3467 4176 quid
3503 4109 3552 4158 in

1967 4203 2239 4260 communi
2288 4217 2446 4256 causa
2498 4212 2705 4270 patrum
2749 4202 2996 4255 iuuucrct
3024 4200 3337 4254 auctoritas.
3392 4201 3557 4254 Dictis

1967 4296 2170 4364 aliquot
2219 4296 2520 4354 sententiis,
2569 4292 2764 4344 factum
2818 4307 2992 4344 meum
3028 4291 3307 4344 revetendi
3355 4290 3558 4344 ordinis

1968 4386 2214 4455 probavit
2258 4385 2520 4437 assensio.
2578 4382 2874 4450 luterjectis
2923 4380 3112 4434 diebus
3159 4396 3281 4434 cum
3331 4381 3551 4436 ltotuant

1972 4478 2033 4533 V.
2065 4479 2124 4532 ι).
2157 4488 2208 4532 et
2242 4476 2548 4542 speetabilis
2574 4473 2802 4528 vicarius
2829 4480 3210 4538 commeassel,
3247 4473 3308 4526 ι’.
3338 4471 3398 4528 C.
3427 4488 3546 4527 cau-

1968 4568 2170 4624 sidicus
2216 4567 2314 4620 fori
2369 4565 2716 4629 meiCessus,
2763 4565 2942 4619 socius
2986 4563 3123 4632 ejus,
3175 4563 3265 4633 qui
3314 4563 3550 4618 debitum

1969 4661 2165 4716 refudit
2194 4660 2549 4730 impendium,
2583 4657 2862 4712 tuitionem
2893 4668 3081 4711 contra
3113 4671 3219 4725 me,
3247 4668 3303 4711 et
3327 4672 3553 4710 annona:

1970 4755 2278 4823 pra'feclttm
2322 4753 2677 4806 clarissimum
2719 4751 2889 4804 virmn
2935 4750 3003 4805 de
3045 4751 3173 4805 sede
3215 4750 3406 4805 vicaria
3457 4767 3552 4819 po-

1968 4848 2220 4913 sudavit,
2271 4861 2393 4900 eum
2424 4859 2523 4913 ego
2566 4844 2743 4897 aditus
2774 4844 2824 4896 in
2854 4856 3014 4896 causa
3050 4842 3290 4910 publica,
3339 4843 3551 4896 civilem

1966 4942 2374 4995 conventionem
2419 4937 2575 4991 tnatri
2607 4935 2722 5004 cjus
2751 4949 2914 5004 super
2946 4935 3155 5002 nepotis
3199 4936 3282 4988 sui
3329 4950 3552 4990 munere

1967 5032 2308 5096 detulissem,
2345 5028 2695 5098 responsione
2727 5037 2936 5081 servata
2957 5069 2972 5093 ,
3003 5043 3104 5096 qua
3135 5029 3370 5081 retinere
3399 5043 3550 5081 asse-

1965 5128 2098 5181 ritur
2130 5124 2507 5196 patrimonium
2527 5121 2836 5184 Candidati;
2869 5120 3148 5189 pra-fectus
3174 5137 3298 5174 vero
3325 5135 3551 5174 annome

1969 5217 2030 5270 ν.
2062 5218 2122 5269 (2.
2161 5216 2413 5284 pisutrem
2447 5213 2672 5282 publica:
2704 5225 2931 5264 annona)
2965 5211 3126 5263 verbo
3159 5219 3359 5264 tanluttt
3394 5225 3548 5277 repo-

1965 5324 2119 5363 scere
2165 5309 2456 5372 diceretur,
2505 5318 2663 5371 quem
2717 5301 2961 5352 manibus
3009 5300 3318 5356 ofticialinm
3361 5298 3547 5353 Celsus

1963 5419 2090 5457 erue
2123 5412 2198 5455 at.
2253 5401 2345 5454 llit-
2373 5399 2482 5468 jam
2526 5408 2716 5449 ve-trzc
2758 5395 3111 5465 percnnitatis
3153 5402 3236 5446 est
3281 5392 3549 5443 :rstiiuare

1962 5493 2338 5548 contumeliam
2399 5488 2734 5557 pra-fecturm
2782 5503 2796 5540 :
2856 5487 3006 5552 cujus
3059 5485 3361 5537 causidicus
3415 5482 3544 5536 ttiltil

1963 5600 2174 5657 passus,
2199 5585 2450 5638 auxilium
2486 5582 2705 5637 secundi
2733 5579 2916 5649 jttdicii
2948 5575 3270 5646 impetravit.
3308 5575 3406 5628 l‘er
3433 5575 3548 5630 base

1962 5676 2210 5747 quoniam
2245 5676 2551 5743 patietttiant
2587 5689 2760 5726 meant
2805 5669 3023 5723 tuiniutc
3055 5668 3418 5736 pet'culeiuut,
3450 5668 3543 5723 ad.
