4048 6184
496 326 602 384 575

1677 331 1740 397 ρ.
1783 329 2123 387 Αυιιειιιιε
2163 331 2606 396 ειιιιιειοιιυε.

3672 349 3776 404 376

494 440 696 508 jectum
723 447 824 507 est,
851 441 992 511 quod
1022 441 1362 498 dissimulare
1392 456 1498 497 non
1529 456 1766 511 possum.
1799 441 1930 499 Nam
1959 459 2082 500 cum
2111 448 2159 506 Α
2188 445 2307 516 ejus
2335 451 2480 508 aedes
2515 454 2684 510 semel
2713 467 2871 528 a'que
2913 467 3108 513 iterum
3148 458 3398 529 princeps
3435 459 3598 518 officii
3628 475 3777 518 eom-

497 531 562 585 ad
591 530 973 586 examinandos
1012 541 1165 587 actus
1199 533 1345 586 Bassi
1375 531 1609 601 prmfecti
1654 532 1810 589 Urbis
1845 543 2081 604 potestas

494 623 694 680 vicaria
723 623 789 678 ad
827 623 1174 678 secretarium
1207 639 1492 678 commune
1528 623 1852 692 prodiisset;
1898 627 2080 681 nescio

495 716 637 784 quis,
668 715 865 769 vicario
895 715 1072 769 libello
1098 715 1246 780 dato,
1277 714 1344 770 de
1375 714 1532 770 ofﬁcii
1569 716 1672 771 mei
1707 716 1964 784 colludio,
1995 718 2078 774 vel

497 807 776 876 iniquitate
804 817 1130 876 conquestus
1158 815 1267 872 est;
1312 807 1454 876 quod
1497 807 1786 862 Memorius
1818 807 2078 878 litigator,

489 900 670 967 jussus
699 913 728 952 a
758 897 922 952 Basso
950 897 1192 952 solvendi
1223 897 1384 953 debiti
1415 900 1582 966 gratia
1611 897 1676 952 ad
1705 898 1903 967 judicia
1937 899 2079 954 Afri-

492 1006 623 1044 cana
653 991 874 1056 deduci,
925 1007 1046 1046 cum
1091 1002 1145 1045 et
1188 1007 1215 1044 a
1253 992 1368 1046 viro
1405 991 1596 1045 illustri
1629 991 1916 1047 decessore
1960 1008 2080 1046 meo

491 1085 743 1153 Arentio,
775 1095 830 1140 et
856 1100 885 1139 a
915 1100 1002 1141 me
1030 1100 1124 1156 per
1151 1085 1384 1154 libellos,
1415 1101 1481 1139 ne
1522 1100 1589 1140 eo
1620 1095 1866 1155 pergeret
1899 1096 2080 1153 postn-

491 1175 684 1241 lasset,
736 1178 854 1230 navi
896 1187 1038 1231 esset
1080 1176 1360 1230 abductus.
1420 1176 1570 1231 Hunc
1617 1175 1760 1230 illico
1803 1175 1866 1230 V.
1914 1176 1974 1230 C.
2025 1185 2081 1231 et

489 1271 798 1336 spectabilis
827 1271 1088 1331 vit-arius,
1145 1279 1201 1322 ut
1244 1269 1569 1338 subscriptio
1619 1269 1786 1324 libelli
1839 1270 2073 1337 indicat,

488 1364 679 1419 adesse
711 1366 983 1434 praecepit.
1032 1363 1128 1418 Ubi
1172 1363 1372 1432 pariter
1401 1362 1558 1416 ambo
1602 1362 1975 1428 consedimus,
2023 1372 2079 1416 et

489 1457 683 1510 seriem
739 1457 1074 1525 querelarum
1132 1455 1444 1509 recitatione
1494 1455 1763 1522 cognovi,
1816 1453 2075 1508 admonui

491 1556 546 1600 ut
575 1547 617 1600 is
649 1547 737 1616 qui
768 1548 953 1601 aderat
977 1545 1228 1600 vicariam
1257 1544 1438 1599 sedem
1473 1544 1796 1614 probaturus
1831 1545 2073 1598 intraret.

489 1639 638 1694 'f‘nnc
666 1637 900 1693 officium
941 1638 1059 1706 ejus
1098 1636 1370 1691 hominem
1411 1635 1602 1691 deesse
1631 1635 1938 1705 respondit,
1986 1636 2076 1706 qui

492 1737 758 1796 praecepto
782 1727 977 1797 judicis
1001 1727 1082 1782 sui
1112 1727 1164 1781 in
1190 1741 1413 1781 examen
1439 1726 1601 1782 acciri
1625 1727 1901 1782 debuerat.
1936 1726 2075 1793 Qtrd

2185 553 2437 611 tneasset,
2481 556 2537 602 et
2579 547 2902 607 obstinatam
2952 550 3184 607 hominis
3227 554 3618 610 contumaciam
3664 572 3772 611 non

2185 646 2359 703 posset
2386 635 2680 700 inflectere.
2707 639 2917 695 inanem
2945 642 3304 712 syngrapham
3329 645 3642 715 reportavit,
3667 661 3771 715 qua

2184 725 2598 784 redhibitionem
2650 730 2841 786 Felicis
2898 732 2949 786 in
3007 732 3235 788 alterum
3284 733 3425 789 diem
3477 737 3772 807 sponsione

2184 817 2484 874 distulerat.
2529 821 2698 876 Tenet
2727 823 2874 878 domi
2907 833 3098 879 testem
3120 867 3135 890 ,
3173 841 3331 895 quem
3361 826 3429 882 de
3459 843 3517 881 se
3548 838 3772 884 noverat

2182 913 2529 970 audiendum.
2561 916 2731 971 Etiam
2764 917 2921 987 hujus
2953 918 3160 986 injurize
3187 933 3405 974 assumo
3431 921 3768 988 patientiam.

2180 1005 2402 1074 Culpete
2447 1008 2518 1062 uti
2565 1008 2746 1074 vultis,
2795 1018 2855 1064 ut
2893 1008 3111 1081 dignum
3155 1019 3258 1066 est.
3314 1010 3454 1066 Scivi
3488 1011 3769 1069 meliorem

2180 1113 2299 1155 esse
2321 1101 2558 1167 judicum
2576 1116 2789 1156 causam
2822 1117 2941 1172 qua:
2973 1120 3152 1158 rerum
3181 1105 3413 1159 dominis
3434 1117 3768 1162 reservatur.

2182 1191 2573 1259 Exspectamus
2608 1201 2667 1247 ut
2704 1193 2878 1249 altero
2907 1194 2996 1251 die
3036 1195 3329 1250 instructus
3358 1197 3538 1253 officio
3568 1197 3765 1254 redde-

2181 1291 2344 1336 retur.
2401 1283 2585 1339 Atille
2613 1285 2845 1340 crastina
2879 1286 3025 1352 luce,
3067 1297 3127 1342 ut
3167 1297 3316 1358 gesta
3347 1291 3762 1359 monstrabunt,

2180 1374 2462 1429 adversum
2487 1378 2754 1432 cautionis
2777 1377 2934 1433 fidem
2960 1380 3176 1434 vicariae
3201 1381 3452 1448 potestati
3478 1383 3770 1440 tradendus

2181 1465 2481 1520 abducitur.
2537 1467 2646 1522 lloc
2677 1467 2765 1522 ubi
2796 1470 3045 1538 princeps
3071 1469 3232 1524 officii
3264 1473 3550 1541 comperit,
3581 1475 3767 1543 paucis

2180 1557 2466 1613 comitatus
2506 1559 2786 1618 excurrit:
2837 1560 3034 1616 retinet
3081 1561 3316 1617 Felicem
3361 1563 3562 1619 celebri
3607 1565 3769 1620 Urbis

2182 1647 2320 1712 loco,
2366 1664 2464 1704 nec
2502 1658 2676 1705 tamen
2719 1651 2903 1722 eripit.
2959 1653 3139 1723 Itaque
3177 1653 3521 1724 Fulgentius,
3570 1655 3662 1726 qui
3707 1672 3770 1712 se

2181 1741 2398 1796 simulat
2425 1743 2790 1813 verberatum,
2844 1759 3006 1800 manu
3051 1745 3312 1802 validiore
3357 1746 3567 1817 legibus
3610 1764 3771 1820 repu-

491 1818 576 1874 l;ic
599 1817 972 1873 mdimandum
1000 1817 1092 1888 sit,
1124 1817 1370 1888 relinquo
1401 1817 1752 1886 sapientibus.
1787 1818 1965 1872 Semel
1999 1829 2079 1871 at-
2111 1822 2156 1881 Β
2183 1836 2382 1900 gnam.
2435 1833 2640 1890 [MN-ea
2670 1835 2820 1890 pen,
2862 1851 2889 1889 a
2935 1837 3194 1892 militibus
3232 1840 3448 1893 vicaria,
3487 1817 3772 1909 Ροιθδιέιίε

489 1929 593 1984 quo
624 1915 819 1969 iterum
853 1914 1115 1985 praeconis
1145 1913 1366 1968 vocibus
1397 1913 1691 1968 advocatur
1716 1954 1730 1976 ,
1767 1927 1866 1966 nec
1901 1921 2076 1966 tamen

489 2006 808 2061 iuclamatus
832 2006 1084 2061 accurrit.
1117 2005 1268 2060 Tunc
1296 2006 1441 2059 nullo
1472 2003 1781 2067 assistente,
1814 2005 2079 2074 apparitio

490 2097 691 2153 urbana
730 2099 894 2169 coepit
931 2114 1150 2169 urgere,
1199 2099 1338 2169 quod
1374 2097 1439 2152 ad
1472 2098 1707 2153 Africam
1739 2108 2079 2153 transvectus

490 2199 662 2253 esset,
705 2204 810 2259 quo
840 2191 1057 2245 Bassum
1088 2189 1450 2245 clarissimum
1478 2189 1654 2244 virum
1683 2189 1923 2245 criminis
1953 2205 2076 2260 pos-

491 2289 575 2336 set
602 2295 847 2353 arguere.
879 2281 1196 2352 Suggestum
1225 2289 1310 2336 est
1357 2282 1584 2350 paritum
1613 2296 1732 2336 esse
1757 2283 2039 2336 sententiae
2064 2301 2074 2334 :

489 2387 648 2442 quam
672 2387 794 2426 cum
819 2373 1016 2427 [lassus
1039 2383 1158 2443 post
1186 2375 1453 2428 luctamen
1485 2372 1716 2442 partium
1744 2373 2077 2443 protulisset,

492 2466 801 2533 provocatio
841 2482 946 2520 non
985 2466 1236 2521 removit.
1285 2465 1367 2520 Ad
1414 2466 1531 2520 haec
1577 2465 1888 2536 Fulgentius-
1913 2467 1982 2520 γ.
2013 2464 2074 2520 C.

490 2557 735 2611 tribunus
778 2566 832 2612 et
878 2558 1136 2622 notarius,
1189 2569 1485 2613 conventus
1533 2557 1808 2628 adjutores
1858 2559 2079 2613 urbanae

489 2650 633 2704 sedis
661 2650 892 2704 asseruit
933 2666 999 2704 ne
1041 2651 1331 2706 Memorius
1361 2652 1667 2720 navigaret,
1721 2666 1749 2704 a
1794 2666 1903 2722 quo
1951 2665 2074 2705 cum

489 2740 854 2810 requireretur
890 2758 958 2796 an
1009 2743 1075 2795 ad
1117 2757 1240 2796 eum
1282 2742 1480 2812 aliquid
1520 2758 1682 2811 super
1709 2742 1856 2799 hisce
1894 2743 2078 2798 crimi-

488 2834 649 2891 nibus
679 2835 968 2890 Mcmorius
996 2835 1274 2891 detulisset
1299 2876 1314 2902 ,
1361 2837 1437 2889 ait
1474 2835 1722 2905 querelas
1762 2837 1878 2905 ejus
1913 2836 2077 2891 libel-

488 2927 660 2982 lorum
692 2928 898 2998 paginis
935 2928 1238 2984 contineri:
1283 2928 1446 2984 credo
1475 2927 1737 2984 simulare
1767 2944 1871 2984 non
1912 2945 2076 2986 ausus

489 3021 626 3093 quod
651 3030 930 3077 accusator
951 3036 1070 3076 esse
1097 3021 1371 3077 voluisset.
1397 3021 1477 3076 Ad
1505 3020 1622 3079 hte‘c
1651 3023 1837 3077 urbani
1863 3023 2077 3091 adjotor

491 3111 651 3167 ofﬁcii
696 3127 789 3182 per
821 3111 1050 3167 Felicem
1083 3113 1182 3167 sibi
1222 3128 1254 3168 a
1302 3111 1601 3168 clarissimo
1642 3115 1753 3167 viro
1789 3113 2074 3182 Fulgentio

490 3205 797 3260 mandatum
828 3220 952 3261 esse
984 3204 1293 3274 respondit,
1341 3214 1396 3258 ut
1427 3205 1719 3260 secundum
1750 3207 2072 3261 sententiam
2103 3186 2150 3249 ε

489 3297 782 3352 Memorius
810 3297 875 3350 ad
909 3296 1145 3352 Africam
1174 3296 1484 3352 duceretur.
1533 3297 1656 3351 Mox
1686 3297 1915 3352 Felicem
1949 3315 2075 3354 ceu-

487 3389 694 3444 suitnus
733 3388 1068 3443 attinendum
1097 3430 1110 3453 ,
1163 3405 1269 3458 quo
1316 3398 1494 3457 posset
1538 3390 1744 3459 liquere
1801 3407 1866 3443 an
1919 3390 2076 3460 hujus

489 3482 725 3537 mandati
767 3481 1130 3536 internuntius
1167 3481 1453 3536 extitisset.
1504 3481 1714 3536 interea
1746 3482 1826 3535 vir
1861 3493 2074 3552 specta-

489 3575 610 3631 bilis
639 3576 892 3646 vicarius,
918 3591 1037 3630 cum
1068 3575 1321 3630 adessent
1346 3576 1458 3644 alii,
1482 3591 1616 3646 quos
1649 3577 1700 3631 in
1725 3578 1872 3632 Bassi
1899 3593 1994 3632 can
2031 3578 2075 3632 is

488 3684 768 3738 possemus
795 3669 1000 3736 audire,
1029 3670 1097 3723 ob
1124 3668 1241 3738 ejus
1268 3668 1585 3734 absentiam,
1617 3685 1776 3740 quam
1811 3669 1966 3726 facile
1993 3681 2076 3726 est

490 3778 556 3815 ex
580 3761 848 3816 Africanis
879 3775 1134 3816 revocare
1164 3760 1469 3828 provinciis,
1499 3760 1756 3830 judicium
1787 3775 1947 3815 omne
1974 3761 2070 3816 de-

487 3855 657 3910 seruit
688 3872 702 3908 :
739 3855 920 3910 nescio
942 3869 1008 3908 an
1032 3869 1096 3907 ex
1123 3853 1270 3922 jussu
1298 3867 1486 3907 eorum
1512 3853 1621 3921 qui,
1653 3863 1710 3906 ut
1737 3853 2070 3918 audirentur,

484 3947 744 4003 uffluxera
771 3956 826 3999 .t.
877 3945 1143 4000 Promissa
1177 3945 1434 3999 relatione
1463 3944 1703 3999 discedo.
1753 3943 1936 4011 Felix,
1981 3945 2070 4013 qui

488 4043 542 4092 in
580 4036 854 4091 communi
894 4036 1076 4105 jussus
1106 4045 1188 4090 εει
1221 4033 1468 4100 attineri,
1515 4033 1678 4089 ofﬁcii
1721 4040 2073 4089 exsecutione

484 4128 792 4198 corripitur.
846 4128 927 4194 ιδ,
961 4143 1081 4182 cum
1113 4143 1144 4182 a
1189 4144 1276 4182 me
1315 4127 1615 4196 insequenti
1648 4127 1887 4183 tuitionis
1919 4129 2073 4180 auxi-

484 4222 615 4277 lium
649 4222 1003 4291 poposcisset,
1028 4229 1084 4274 et
1111 4221 1268 4273 unius
1293 4217 1728 4282 nomenclatoris,
1759 4227 1815 4272 ut
1851 4221 1904 4272 in
1944 4218 2074 4272 urbe

482 4323 668 4386 pacata
706 4313 1032 4368 adminicqu
1064 4313 1232 4367 fretus
1265 4311 1570 4375 incederet,
1618 4321 1738 4379 post
1766 4310 2069 4364 vehiculum

483 4408 838 4480 praefecturis,
867 4408 1021 4476 jussu
1051 4404 1346 4476 Fulgentii,
1386 4419 1480 4474 per
1509 4403 1865 4458 Gaudentium
1897 4412 1952 4456 et
1985 4401 2072 4455 νι-

482 4511 687 4557 ctorem
717 4509 938 4571 agentes
970 4501 1022 4554 in
1053 4500 1232 4564 rebus,
1280 4508 1335 4554 et
1378 4496 1708 4551 Bonifaciuin
1750 4496 2068 4567 palatinum,

481 4596 572 4665 qui
623 4597 879 4650 hactenus
927 4595 979 4648 in
1027 4593 1207 4648 officio
1247 4595 1456 4646 urbano
1498 4591 1776 4658 militavit,
1806 4592 2072 4649 violenter
2103 4563 2152 4624 υ

485 4696 732 4757 arreptus
760 4687 1042 4742 deducitur
1080 4687 1131 4740 in
1183 4687 1301 4754 ejus
1330 4687 1495 4752 aedes,
1531 4686 1595 4741 dc
1625 4687 1777 4756 cujus
1807 4687 2073 4741 mandatis

480 4780 658 4834 fuerat
698 4778 1015 4832 audiendus.
1069 4777 1219 4844 Quod
1262 4793 1382 4830 cum
1425 4777 1526 4831 sibi
1571 4776 1881 4846 Fulgentius
1913 4777 1974 4831 ι’.
2005 4777 2069 4832 C.

482 4880 669 4926 auctor
699 4868 1039 4924 contumelia:
1071 4883 1206 4922 meae
1234 4867 1554 4921 invidiosum
1585 4876 1815 4935 putaret,
1847 4869 1913 4922 ad
1941 4869 2070 4924 circi

483 4962 832 5017 secretarium
859 4959 1200 5027 convolavit,
1235 4957 1360 5013 facti
1403 4959 1570 5013 illiciti
1603 4959 1790 5013 volens
1819 4971 2074 5030 pne-stare

480 5055 771 5118 rationem,
799 5051 938 5122 quod
968 5051 1068 5106 sibi
1102 5057 1301 5106 metum
1346 5050 1511 5106 fuisse
1537 5051 1770 5118 dicebat,
1815 5068 1882 5107 ne
1911 5053 2070 5108 officii

477 5145 863 5199 subornaretur
888 5143 1149 5214 impulsu.
1187 5144 1542 5220 Exspectatis,
1574 5146 1762 5211 credo,
1803 5147 2072 5214 augustis-

477 5237 601 5292 simi
631 5235 922 5306 principes,
949 5246 1006 5291 ut
1031 5234 1314 5306 praefectus
1345 5245 1400 5290 et
1425 5234 1614 5305 judicii
1637 5235 1800 5290 vestri
1823 5250 2068 5302 securus,

477 5342 532 5385 et
564 5331 882 5384 innocentia:
903 5342 1015 5385 sua:
1038 5329 1236 5400 aliquid
1258 5344 1504 5384 severum
1534 5333 1812 5386 censuisse
1837 5331 2065 5386 dicatur.

477 5425 690 5490 Fateor,
742 5438 918 5495 neque
969 5425 1217 5492 paenitet,
1269 5425 1506 5478 animum
1557 5424 1886 5494 temperavi,
1939 5425 2065 5480 dum

475 5525 675 5570 tertam
727 5516 795 5572 de
842 5515 996 5570 vobis
1038 5530 1199 5586 spero
1229 5515 1540 5572 vindictam.
1592 5516 1765 5572 Statui
1809 5526 1868 5573 ut
1910 5517 2060 5572 Felix

474 5623 506 5659 ν
526 5609 717 5674 idibus,
760 5610 849 5679 qui
880 5607 1161 5676 Fulgentio
1191 5624 1299 5665 non
1330 5623 1511 5664 essent
1538 5610 1774 5680 cogniti,
1821 5611 2064 5666 tradere-

475 5710 580 5752 tur.
634 5702 772 5766 Quid
821 5702 1003 5758 mitius
1048 5700 1288 5767 decerni,
1337 5702 1462 5772 quid
1512 5703 1789 5758 remissius
1844 5704 2064 5770 potuit?

475 5790 626 5846 'l'uuc
656 5794 766 5856 ille.
804 5803 1050 5862 tanquam
1080 5809 1329 5852 cos-‘urus
1359 5795 1645 5862 egreditur.
1703 5794 1804 5852 Sed
1835 5811 1953 5852 cum
1991 5819 1994 5823 λ
2020 5795 2051 5852 d

2181 1926 2481 1982 abducitur.
2515 1927 2724 1982 Etcum
2754 1929 3004 1998 princeps
3027 1928 3188 1984 officii
3219 1931 3322 1985 mei
3355 1931 3454 1986 sub
3477 1942 3770 2002 conspectu

2184 2017 2439 2072 Romana:
2480 2019 2649 2088 plebis
2688 2021 2923 2090 auditur,
2974 2021 3129 2076 video
3171 2021 3296 2087 quid
3345 2022 3414 2077 de
3466 2023 3568 2078 hoc
3625 2023 3770 2079 facto

2183 2113 2492 2182 perennitas
2520 2121 2696 2169 vestra
2725 2113 2914 2169 debuit
2944 2114 3209 2185 judicare.
3263 2116 3373 2185 ligo
3407 2115 3653 2170 ordinem
3690 2126 3772 2172 te-

2181 2210 2321 2263 nebo
2350 2217 2645 2278 gestorum.
2696 2208 2918 2264 Fatetur
2943 2209 3042 2263 sub
3072 2209 3293 2265 alterius
3323 2209 3613 2279 cognitoris
3642 2225 3772 2266 exa-

2181 2303 2325 2357 mine
2367 2301 2625 2372 litigator,
2669 2301 2800 2356 nihil
2829 2301 2932 2357 sibi
2964 2301 3030 2356 ab
3060 2302 3454 2370 apparitoribus
3497 2301 3630 2356 meis
3672 2301 3772 2357 ad-

2181 2406 2397 2446 versum
2433 2392 2772 2462 Fulgentium
2803 2405 2925 2447 esse
2955 2391 3283 2446 mandatum.
3334 2390 3432 2446 llic
3461 2405 3613 2460 jussu
3650 2392 3772 2461 ejus

2180 2483 2246 2538 ad
2277 2497 2619 2539 communem
2649 2483 3018 2550 secretarium,
3062 2497 3170 2552 quo
3197 2481 3458 2538 facienda:
3487 2483 3772 2540 oblationis

2180 2575 2350 2644 gratia
2373 2583 2669 2630 summates
2692 2588 2936 2643 quosque
2961 2573 3349 2641 conduxeram,
3381 2587 3411 2627 a
3438 2573 3772 2644 principibus

2181 2663 2343 2720 officii
2395 2665 2674 2733 utriusque
2722 2664 3054 2734 perducitur.
3109 2665 3248 2719 Nihil
3297 2665 3442 2720 enim
3494 2675 3770 2734 repertum

2181 2757 2357 2814 fuerat
2420 2755 2563 2828 quod
2618 2755 2992 2826 prtefecturam
3050 2765 3229 2828 posset
3273 2757 3564 2813 involvere.
3619 2758 3771 2814 Tunc

2182 2850 2496 2910 Fulgentius
2537 2847 2659 2904 facti
2701 2847 2784 2902 sui
2821 2847 3150 2902 conscientia
3181 2847 3416 2917 percitus
3455 2861 3653 2902 caesum
3700 2863 3764 2903 se

2179 2955 2299 2996 csse
2322 2941 2690 3011 conqueritur.
2727 2939 2832 2996 Sed
2863 2955 2985 2995 mox
3013 2938 3254 3008 ejusdem
3283 2938 3477 2994 Felicis
3504 2953 3569 2994 ac
3597 2938 3768 2994 devo-

2182 3035 2376 3088 tissimi
2403 3033 2502 3088 viri
2544 3031 2801 3103 principis
2842 3031 3199 3100 responsione
3239 3044 3364 3101 pars
3405 3031 3507 3085 ista
3547 3041 3772 3101 purgata

2179 3133 2281 3179 est.
2332 3125 2398 3178 Et
2435 3132 2618 3178 tamen
2645 3122 2880 3192 querelae
2908 3122 3024 3191 ejus
3058 3121 3384 3176 audientiam
3414 3137 3521 3176 non
3552 3123 3764 3192 negavi,

2180 3216 2479 3271 clarissimo
2525 3225 2579 3270 et
2624 3213 2903 3284 spectabili
2943 3215 3062 3268 viro
3105 3213 3306 3268 vicario
3353 3213 3404 3267 in
3453 3214 3768 3268 societatem

2180 3308 2504 3378 cognitionis
2533 3307 2733 3372 ascito,
2774 3305 2821 3360 si
2851 3305 3008 3361 vellet
3039 3317 3248 3360 struere
3288 3305 3502 3360 nomina
3549 3305 3768 3360 testium

2183 3400 2514 3471 plebeiorum
2557 3393 2750 3453 danda.
2802 3397 3054 3453 Promisit
3082 3415 3094 3449 :
3121 3395 3307 3462 credo,
3334 3405 3390 3451 ut
3431 3411 3529 3466 per
3563 3411 3771 3451 moram

2181 3507 2332 3548 meus
2361 3493 2534 3556 dolor,
2571 3490 2656 3546 vei
2705 3504 2801 3560 per
2837 3487 3262 3544 satisfactionem
3306 3488 3642 3553 mitesceret,
3684 3486 3771 3542 vel

2181 3585 2296 3656 ipse
2325 3598 2511 3639 rursus
2541 3583 2674 3636 alias
2705 3581 2985 3636 moliretur
3015 3578 3257 3634 insidias.
3297 3580 3396 3644 Qui
3427 3587 3484 3633 ut
3515 3592 3602 3633 res
3631 3577 3774 3632 indi-

2179 3685 2294 3742 rat,
2342 3675 2670 3730 conscientia
2704 3672 2938 3727 hominis
2967 3670 3275 3736 subornati,
3321 3685 3349 3721 a
3397 3683 3506 3738 quo
3552 3669 3772 3724 vicaria:

2180 3767 2429 3836 potestati
2475 3766 2684 3821 libellus
2730 3764 2941 3819 oblatus
2985 3772 3097 3829 est,
3149 3761 3444 3816 domestice
3485 3759 3775 3815 confessus

2178 3859 2318 3928 apud
2350 3857 2581 3913 eundem
2614 3857 2811 3912 factum
2839 3870 3004 3910 ausus
3035 3863 3118 3909 est
3149 3853 3441 3923 postulare,
3491 3869 3558 3907 ne
3601 3867 3771 3922 appa-

2177 3955 2372 4007 ritores
2408 3951 2557 4020 ejus,
2602 3965 2734 4019 quos
2767 3950 2835 4002 ob
2864 3948 3163 4002 discessum
3213 3945 3492 4015 litigatoris
3521 3945 3770 4000 custodia

2177 4045 2410 4099 carceris
2441 4044 2676 4112 jusserat
2703 4041 2953 4108 attineri,
2991 4040 3199 4109 injurize
3225 4039 3585 4109 subjacerent.
3635 4037 3767 4092 Post

2177 4135 2295 4190 haec
2335 4146 2591 4202 usurpato
2635 4149 2845 4189 rursum
2892 4133 3106 4202 publico
3148 4132 3497 4202 neglectaque
3539 4129 3768 4198 judicio,

2177 4228 2395 4283 audacis
2424 4227 2544 4281 facti
2579 4228 2828 4284 conscius
2856 4226 3088 4282 evolavit
3123 4235 3182 4278 ut
3234 4223 3565 4293 praefecturae
3589 4221 3770 4291 justas

2177 4321 2544 4392 querimonias
2584 4321 2901 4390 prmveniret
2926 4359 2942 4384 ,
2999 4318 3246 4388 ignarus,
3291 4328 3349 4370 ut
3389 4331 3477 4372 res
3516 4323 3629 4379 est,
3675 4330 3774 4384 pa-

2178 4425 2358 4467 rentes
2385 4413 2602 4482 generis
2645 4412 2863 4466 humani
2903 4412 3071 4480 magis
3106 4409 3311 4477 justitia
3362 4423 3522 4476 quam
3566 4407 3772 4460 invidia

2178 4505 2528 4560 commoveri.
2575 4505 2699 4558 llaac
2731 4503 2803 4556 ita
2830 4516 2952 4557 esse
2978 4510 3157 4572 gesta,
3198 4515 3294 4554 nec
3331 4499 3435 4553 ulla
3463 4510 3580 4553 arte
3609 4501 3772 4568 fingi,

2179 4599 2462 4653 instructio
2491 4597 2730 4666 subjecta
2759 4594 3060 4650 testabitur.
3117 4593 3171 4646 ln
3209 4607 3311 4663 qua
3344 4592 3578 4658 reperiet
3610 4608 3637 4641 ει
3661 4601 3775 4643 ter-

2180 4693 2319 4746 nitas
2351 4699 2524 4744 vestra
2567 4689 2970 4759 prrefecturam,
3002 4700 3160 4754 quam
3198 4685 3249 4738 in
3291 4699 3376 4737 me
3403 4698 3537 4752 puro
3562 4681 3776 4750 judicio

2179 4785 2509 4851 contulistis,
2557 4783 2691 4844 nihil
2722 4782 2896 4836 saltim
2927 4779 2992 4833 ad
3025 4778 3312 4832 vindictam
3349 4775 3573 4844 publica:
3605 4774 3775 4828 disci-

2181 4879 2338 4946 plina:
2359 4890 2477 4930 esse
2499 4874 2740 4930 molitam
2763 4890 2778 4928 :
2806 4888 2927 4927 cum
2956 4870 3205 4924 omnibus
3231 4867 3438 4937 injuriis
3459 4866 3770 4930 cederetur,

2179 4983 2311 5039 quas
2345 4968 2467 5022 boni
2499 4968 2695 5037 quique
2727 4971 3058 5034 praesumunt
3094 4977 3192 5032 pro
3219 4961 3402 5029 vigore
3432 4957 3615 5012 szcculi
3650 4957 3778 5008 vin-

2179 5060 2455 5114 dicandas.
2489 5059 2615 5113 Haec
2641 5059 2783 5113 enim
2813 5070 2937 5126 spes
2966 5063 3020 5109 et
3049 5053 3238 5108 fiducia
3266 5052 3355 5121 jus
3384 5050 3602 5105 creditae
3633 5047 3772 5102 mihi

2176 5152 2457 5222 potestatis
2497 5147 2743 5220 infregit,
2791 5155 2849 5201 ut
2874 5153 3123 5200 auctores
3153 5143 3374 5198 honoris
3403 5140 3537 5204 mei,
3581 5149 3637 5192 et
3669 5155 3768 5206 pn-

2175 5245 2328 5301 blica:
2373 5245 2676 5315 dignitatis,
2728 5253 2780 5298 et
2827 5241 3014 5313 judicii
3065 5241 3148 5295 sui
3192 5236 3570 5294 contumeliam
3619 5234 3770 5305 jusa

2175 5336 2463 5393 severitate
2491 5334 2803 5391 defendant.

2749 5423 2963 5479 EI’IST.
3005 5422 3187 5478 XLIV.

2173 5536 2368 5578 DOMINO
2397 5532 2686 5574 THEODOSIO
2714 5533 2917 5574 SEMPER
2949 5532 3069 5573 AUC.
3095 5529 3408 5571 εγιιιιΑοιιυε
3437 5528 3604 5567 νεικεῖ.
3642 5528 3769 5566 υκιι.

2251 5612 2350 5666 Per
2399 5613 2546 5665 vices
2600 5612 2861 5666 mensium
2911 5609 3242 5678 singulorum
3291 5607 3355 5660 ad
3404 5605 3771 5676 perennitates

2173 5713 2378 5759 vestras
2434 5703 2636 5773 seripta
2675 5713 2894 5756 senatus
2947 5710 3001 5756 et
3045 5699 3225 5770 populi
3275 5708 3391 5753 acta
3435 5696 3724 5752 mittuntur
3754 5741 3767 5760 ,

2175 5811 2291 5866 qur
2316 5803 2564 5865 poterunt
2595 5792 2828 5849 iudicare
2858 5790 2986 5864 quid
3013 5793 3092 5846 vir
3123 5790 3394 5862 praecelsas
3426 5787 3767 5858 illustrisque
