  <div class='ocr_page' id='page_1' title='image "/cluster/home/n/w/nwhite01/storage/ocr_20150623/18/hvd.32044023361694/198.png"; bbox 0 0 4048 6184; ppageno 0'>
   <div class='ocr_carea' id='block_1_1' title="bbox 339 207 440 263">
    <p class='ocr_par' dir='ltr' id='par_1_1' title="bbox 339 207 440 263">
     <span class='ocr_line' id='line_1_1' title="bbox 339 207 440 263; baseline -0.04 -1"><span class='ocrx_word' id='word_1_1' title='bbox 339 207 440 263; x_wconf 74' lang='grc' dir='ltr'>ὅῖἷ</span> 
     </span>
    </p>
   </div>
   <div class='ocr_carea' id='block_1_2' title="bbox 1574 205 2404 265">
    <p class='ocr_par' dir='ltr' id='par_1_2' title="bbox 1574 205 2404 265">
     <span class='ocr_line' id='line_1_2' title="bbox 1574 205 2404 265; baseline 0.005 -5"><span class='ocrx_word' id='word_1_2' title='bbox 1574 205 2054 265; x_wconf 79' lang='lat' dir='ltr'><strong>EPISTOLARUM</strong></span> <span class='ocrx_word' id='word_1_3' title='bbox 2097 207 2298 264; x_wconf 81' lang='lat' dir='ltr'><strong>LIBER</strong></span> <span class='ocrx_word' id='word_1_4' title='bbox 2340 209 2404 265; x_wconf 80' lang='grc' dir='ltr'><strong>Χ.</strong></span> 
     </span>
    </p>
   </div>
   <div class='ocr_carea' id='block_1_3' title="bbox 3511 214 3615 270">
    <p class='ocr_par' dir='ltr' id='par_1_3' title="bbox 3511 214 3615 270">
     <span class='ocr_line' id='line_1_3' title="bbox 3511 214 3615 270; baseline 0 0"><span class='ocrx_word' id='word_1_5' title='bbox 3511 214 3615 270; x_wconf 80' lang='lat'><strong>378</strong></span> 
     </span>
    </p>
   </div>
   <div class='ocr_carea' id='block_1_4' title="bbox 339 315 3612 397">
    <p class='ocr_par' dir='ltr' id='par_1_4' title="bbox 339 315 3612 397">
     <span class='ocr_line' id='line_1_4' title="bbox 339 315 3612 397; baseline 0.003 -21"><span class='ocrx_word' id='word_1_6' title='bbox 339 320 610 377; x_wconf 78' lang='lat' dir='ltr'><strong>ntemoriu-</strong></span> <span class='ocrx_word' id='word_1_7' title='bbox 635 319 1010 384; x_wconf 62' lang='lat' dir='ltr'><strong>Pun-testatus,</strong></span> <span class='ocrx_word' id='word_1_8' title='bbox 1036 317 1121 373; x_wconf 85' lang='lat' dir='ltr'><strong>vel</strong></span> <span class='ocrx_word' id='word_1_9' title='bbox 1145 315 1211 372; x_wconf 87' lang='lat' dir='ltr'><strong>ad</strong></span> <span class='ocrx_word' id='word_1_10' title='bbox 1233 316 1622 386; x_wconf 89' lang='lat' dir='ltr'><strong>amplissimqu</strong></span> <span class='ocrx_word' id='word_1_11' title='bbox 1647 317 1912 385; x_wconf 82' lang='lat' dir='ltr'><strong>ordinem,</strong></span> <span class='ocrx_word' id='word_1_12' title='bbox 1949 324 1992 381; x_wconf 80' lang='grc' dir='ltr'>Α</span> <span class='ocrx_word' id='word_1_13' title='bbox 2021 329 2182 389; x_wconf 91' lang='lat' dir='ltr'><strong>atque</strong></span> <span class='ocrx_word' id='word_1_14' title='bbox 2210 321 2440 376; x_wconf 77' lang='lat' dir='ltr'><strong>obsecro</strong></span> <span class='ocrx_word' id='word_1_15' title='bbox 2470 331 2525 376; x_wconf 95' lang='lat' dir='ltr'><strong>ut</strong></span> <span class='ocrx_word' id='word_1_16' title='bbox 2557 323 2820 379; x_wconf 91' lang='lat' dir='ltr'><strong>incertum</strong></span> <span class='ocrx_word' id='word_1_17' title='bbox 2863 324 3032 381; x_wconf 88' lang='lat' dir='ltr'><strong>animi</strong></span> <span class='ocrx_word' id='word_1_18' title='bbox 3068 325 3174 382; x_wconf 79' lang='lat' dir='ltr'><strong>m-i</strong></span> <span class='ocrx_word' id='word_1_19' title='bbox 3205 327 3480 397; x_wconf 77' lang='lat' dir='ltr'><strong>responsis</strong></span> <span class='ocrx_word' id='word_1_20' title='bbox 3511 327 3612 386; x_wconf 87' lang='lat' dir='ltr'><strong>lm-</strong></span> 
     </span>
    </p>
   </div>
   <div class='ocr_carea' id='block_1_5' title="bbox 335 409 1922 479">
    <p class='ocr_par' dir='ltr' id='par_1_5' title="bbox 335 409 1922 479">
     <span class='ocr_line' id='line_1_5' title="bbox 335 409 1922 479; baseline 0 -15"><span class='ocrx_word' id='word_1_21' title='bbox 335 413 421 468; x_wconf 85' lang='lat' dir='ltr'><strong>vel</strong></span> <span class='ocrx_word' id='word_1_22' title='bbox 463 410 532 466; x_wconf 87' lang='lat' dir='ltr'><strong>ad</strong></span> <span class='ocrx_word' id='word_1_23' title='bbox 576 410 831 465; x_wconf 91' lang='lat' dir='ltr'><strong>devotum</strong></span> <span class='ocrx_word' id='word_1_24' title='bbox 862 409 1015 465; x_wconf 83' lang='lat' dir='ltr'><strong>vobis</strong></span> <span class='ocrx_word' id='word_1_25' title='bbox 1058 409 1345 479; x_wconf 85' lang='lat' dir='ltr'><strong>populum,</strong></span> <span class='ocrx_word' id='word_1_26' title='bbox 1391 422 1490 478; x_wconf 87' lang='lat' dir='ltr'><strong>pro</strong></span> <span class='ocrx_word' id='word_1_27' title='bbox 1533 409 1716 463; x_wconf 58' lang='lat' dir='ltr'><strong>seculi</strong></span> <span class='ocrx_word' id='word_1_28' title='bbox 1757 409 1922 464; x_wconf 92' lang='lat' dir='ltr'><strong>vestri</strong></span> 
     </span>
    </p>
   </div>
   <div class='ocr_carea' id='block_1_6' title="bbox 334 499 1920 570">
    <p class='ocr_par' dir='ltr' id='par_1_6' title="bbox 334 499 1920 570">
     <span class='ocr_line' id='line_1_6' title="bbox 334 499 1920 570; baseline -0.004 -9"><span class='ocrx_word' id='word_1_29' title='bbox 334 501 802 561; x_wconf 75' lang='lat' dir='ltr'><strong>commendatione</strong></span> <span class='ocrx_word' id='word_1_30' title='bbox 842 501 1150 570; x_wconf 90' lang='lat' dir='ltr'><strong>pertulerit,</strong></span> <span class='ocrx_word' id='word_1_31' title='bbox 1195 499 1258 553; x_wconf 92' lang='lat' dir='ltr'><strong>D.</strong></span> <span class='ocrx_word' id='word_1_32' title='bbox 1298 500 1612 570; x_wconf 81' lang='lat' dir='ltr'><strong>imperator.</strong></span> <span class='ocrx_word' id='word_1_33' title='bbox 1664 499 1769 554; x_wconf 86' lang='lat' dir='ltr'><strong>Sed</strong></span> <span class='ocrx_word' id='word_1_34' title='bbox 1800 503 1920 570; x_wconf 86' lang='lat' dir='ltr'><strong>quia</strong></span> 
     </span>
    </p>
   </div>
   <div class='ocr_carea' id='block_1_7' title="bbox 332 590 1922 665">
    <p class='ocr_par' dir='ltr' id='par_1_7' title="bbox 332 590 1922 665">
     <span class='ocr_line' id='line_1_7' title="bbox 332 590 1922 665; baseline -0.003 -17"><span class='ocrx_word' id='word_1_35' title='bbox 332 593 612 665; x_wconf 86' lang='lat' dir='ltr'><strong>speciatim</strong></span> <span class='ocrx_word' id='word_1_36' title='bbox 642 593 810 648; x_wconf 48' lang='lat' dir='ltr'><strong>sacris</strong></span> <span class='ocrx_word' id='word_1_37' title='bbox 839 591 1030 646; x_wconf 85' lang='lat' dir='ltr'><strong>litteris</strong></span> <span class='ocrx_word' id='word_1_38' title='bbox 1057 591 1392 657; x_wconf 84' lang='lat' dir='ltr'><strong>itnperastis,</strong></span> <span class='ocrx_word' id='word_1_39' title='bbox 1432 599 1490 643; x_wconf 94' lang='lat' dir='ltr'><strong>ut</strong></span> <span class='ocrx_word' id='word_1_40' title='bbox 1528 591 1571 644; x_wconf 89' lang='lat' dir='ltr'><strong>si</strong></span> <span class='ocrx_word' id='word_1_41' title='bbox 1611 605 1712 660; x_wconf 84' lang='lat' dir='ltr'><strong>qua</strong></span> <span class='ocrx_word' id='word_1_42' title='bbox 1751 590 1820 644; x_wconf 88' lang='lat' dir='ltr'><strong>ab</strong></span> <span class='ocrx_word' id='word_1_43' title='bbox 1857 605 1922 644; x_wconf 89' lang='lat' dir='ltr'><strong>eo</strong></span> 
     </span>
    </p>
   </div>
   <div class='ocr_carea' id='block_1_8' title="bbox 336 681 1921 752">
    <p class='ocr_par' dir='ltr' id='par_1_8' title="bbox 336 681 1921 752">
     <span class='ocr_line' id='line_1_8' title="bbox 336 681 1921 752; baseline -0.004 -10"><span class='ocrx_word' id='word_1_44' title='bbox 336 687 518 742; x_wconf 66' lang='lat' dir='ltr'><strong>Romae</strong></span> <span class='ocrx_word' id='word_1_45' title='bbox 551 686 603 742; x_wconf 92' lang='lat' dir='ltr'><strong>in</strong></span> <span class='ocrx_word' id='word_1_46' title='bbox 634 685 720 739; x_wconf 86' lang='lat' dir='ltr'><strong>bis</strong></span> <span class='ocrx_word' id='word_1_47' title='bbox 761 683 993 739; x_wconf 70' lang='lat' dir='ltr'><strong>coetibus</strong></span> <span class='ocrx_word' id='word_1_48' title='bbox 1037 691 1186 752; x_wconf 87' lang='lat' dir='ltr'><strong>gesta</strong></span> <span class='ocrx_word' id='word_1_49' title='bbox 1228 693 1385 747; x_wconf 89' lang='lat' dir='ltr'><strong>sunt,</strong></span> <span class='ocrx_word' id='word_1_50' title='bbox 1434 681 1614 752; x_wconf 85' lang='lat' dir='ltr'><strong>agenti</strong></span> <span class='ocrx_word' id='word_1_51' title='bbox 1662 683 1712 735; x_wconf 92' lang='lat' dir='ltr'><strong>in</strong></span> <span class='ocrx_word' id='word_1_52' title='bbox 1761 681 1921 736; x_wconf 87' lang='lat' dir='ltr'><strong>rebus</strong></span> 
     </span>
    </p>
   </div>
   <div class='ocr_carea' id='block_1_9' title="bbox 330 773 1920 848">
    <p class='ocr_par' dir='ltr' id='par_1_9' title="bbox 330 773 1920 848">
     <span class='ocr_line' id='line_1_9' title="bbox 330 773 1920 848; baseline -0.006 -13"><span class='ocrx_word' id='word_1_53' title='bbox 330 786 584 848; x_wconf 77' lang='lat' dir='ltr'><strong>excerpta</strong></span> <span class='ocrx_word' id='word_1_54' title='bbox 631 775 946 831; x_wconf 84' lang='lat' dir='ltr'><strong>tradantur:</strong></span> <span class='ocrx_word' id='word_1_55' title='bbox 996 774 1117 829; x_wconf 86' lang='lat' dir='ltr'><strong>misi</strong></span> <span class='ocrx_word' id='word_1_56' title='bbox 1167 773 1345 828; x_wconf 86' lang='lat' dir='ltr'><strong>omnia</strong></span> <span class='ocrx_word' id='word_1_57' title='bbox 1390 773 1558 843; x_wconf 71' lang='lat' dir='ltr'><strong>jussis</strong></span> <span class='ocrx_word' id='word_1_58' title='bbox 1605 773 1920 828; x_wconf 70' lang='lat' dir='ltr'><strong>cmlestibtts</strong></span> 
     </span>
    </p>
   </div>
   <div class='ocr_carea' id='block_1_10' title="bbox 329 863 1921 936">
    <p class='ocr_par' dir='ltr' id='par_1_10' title="bbox 329 863 1921 936">
     <span class='ocr_line' id='line_1_10' title="bbox 329 863 1921 936; baseline -0.006 -11"><span class='ocrx_word' id='word_1_59' title='bbox 329 872 655 935; x_wconf 80' lang='lat' dir='ltr'><strong>obsecutus,</strong></span> <span class='ocrx_word' id='word_1_60' title='bbox 699 883 818 936; x_wconf 57' lang='lat' dir='ltr'><strong>qua</strong></span> <span class='ocrx_word' id='word_1_61' title='bbox 863 867 982 936; x_wconf 91' lang='lat' dir='ltr'><strong>ipso</strong></span> <span class='ocrx_word' id='word_1_62' title='bbox 1023 874 1286 930; x_wconf 69' lang='lat' dir='ltr'><strong>praesente</strong></span> <span class='ocrx_word' id='word_1_63' title='bbox 1328 864 1712 918; x_wconf 83' lang='lat' dir='ltr'><strong>venerabiliutn</strong></span> <span class='ocrx_word' id='word_1_64' title='bbox 1757 863 1921 918; x_wconf 88' lang='lat' dir='ltr'><strong>ratio-</strong></span> 
     </span>
    </p>
   </div>
   <div class='ocr_carea' id='block_1_11' title="bbox 305 955 1919 1025">
    <p class='ocr_par' dir='ltr' id='par_1_11' title="bbox 305 955 1919 1025">
     <span class='ocr_line' id='line_1_11' title="bbox 305 955 1919 1025; baseline -0.002 -12"><span class='ocrx_word' id='word_1_65' title='bbox 305 977 458 1016; x_wconf 89' lang='lat' dir='ltr'><strong>.num</strong></span> <span class='ocrx_word' id='word_1_66' title='bbox 485 969 788 1016; x_wconf 88' lang='lat' dir='ltr'><strong>vestrarum</strong></span> <span class='ocrx_word' id='word_1_67' title='bbox 817 957 1025 1012; x_wconf 75' lang='lat' dir='ltr'><strong>sanatio</strong></span> <span class='ocrx_word' id='word_1_68' title='bbox 1055 957 1322 1022; x_wconf 90' lang='lat' dir='ltr'><strong>deﬁnivit,</strong></span> <span class='ocrx_word' id='word_1_69' title='bbox 1352 967 1404 1010; x_wconf 91' lang='lat' dir='ltr'><strong>et</strong></span> <span class='ocrx_word' id='word_1_70' title='bbox 1433 964 1640 1024; x_wconf 86' lang='lat' dir='ltr'><strong>patrum</strong></span> <span class='ocrx_word' id='word_1_71' title='bbox 1673 955 1919 1025; x_wconf 77' lang='lat' dir='ltr'><strong>probavit</strong></span> 
     </span>
    </p>
   </div>
   <div class='ocr_carea' id='block_1_12' title="bbox 325 1048 1916 1120">
    <p class='ocr_par' dir='ltr' id='par_1_12' title="bbox 325 1048 1916 1120">
     <span class='ocr_line' id='line_1_12' title="bbox 325 1048 1916 1120; baseline -0.007 -10"><span class='ocrx_word' id='word_1_72' title='bbox 325 1055 646 1110; x_wconf 82' lang='lat' dir='ltr'><strong>auctoritas.</strong></span> <span class='ocrx_word' id='word_1_73' title='bbox 693 1053 984 1116; x_wconf 67' lang='lat' dir='ltr'><strong>Prmterea,</strong></span> <span class='ocrx_word' id='word_1_74' title='bbox 1016 1066 1135 1120; x_wconf 59' lang='lat' dir='ltr'><strong>quae</strong></span> <span class='ocrx_word' id='word_1_75' title='bbox 1184 1048 1324 1118; x_wconf 87' lang='lat' dir='ltr'><strong>apud</strong></span> <span class='ocrx_word' id='word_1_76' title='bbox 1359 1049 1564 1117; x_wconf 74' lang='lat' dir='ltr'><strong>plebem</strong></span> <span class='ocrx_word' id='word_1_77' title='bbox 1599 1048 1804 1102; x_wconf 89' lang='lat' dir='ltr'><strong>locutus</strong></span> <span class='ocrx_word' id='word_1_78' title='bbox 1834 1057 1916 1101; x_wconf 89' lang='lat' dir='ltr'><strong>est</strong></span> 
     </span>
    </p>
   </div>
   <div class='ocr_carea' id='block_1_13' title="bbox 324 1144 1916 1210">
    <p class='ocr_par' dir='ltr' id='par_1_13' title="bbox 324 1144 1916 1210">
     <span class='ocr_line' id='line_1_13' title="bbox 324 1144 1916 1210; baseline -0.006 -8"><span class='ocrx_word' id='word_1_79' title='bbox 324 1157 385 1203; x_wconf 92' lang='lat' dir='ltr'><strong>ut</strong></span> <span class='ocrx_word' id='word_1_80' title='bbox 421 1157 645 1204; x_wconf 84' lang='lat' dir='ltr'><strong>cunctos</strong></span> <span class='ocrx_word' id='word_1_81' title='bbox 676 1146 730 1200; x_wconf 93' lang='lat' dir='ltr'><strong>in</strong></span> <span class='ocrx_word' id='word_1_82' title='bbox 762 1160 999 1199; x_wconf 89' lang='lat' dir='ltr'><strong>amorem</strong></span> <span class='ocrx_word' id='word_1_83' title='bbox 1029 1144 1289 1197; x_wconf 90' lang='lat' dir='ltr'><strong>bonorum</strong></span> <span class='ocrx_word' id='word_1_84' title='bbox 1319 1153 1620 1210; x_wconf 88' lang='lat' dir='ltr'><strong>temporqu</strong></span> <span class='ocrx_word' id='word_1_85' title='bbox 1655 1154 1916 1209; x_wconf 91' lang='lat' dir='ltr'><strong>provoca-</strong></span> 
     </span>
    </p>
   </div>
   <div class='ocr_carea' id='block_1_14' title="bbox 321 1230 1916 1307">
    <p class='ocr_par' dir='ltr' id='par_1_14' title="bbox 321 1230 1916 1307">
     <span class='ocr_line' id='line_1_14' title="bbox 321 1230 1916 1307; baseline -0.008 -12"><span class='ocrx_word' id='word_1_86' title='bbox 321 1251 440 1302; x_wconf 83' lang='lat' dir='ltr'><strong>ret,</strong></span> <span class='ocrx_word' id='word_1_87' title='bbox 479 1237 722 1307; x_wconf 83' lang='lat' dir='ltr'><strong>adjunxi.</strong></span> <span class='ocrx_word' id='word_1_88' title='bbox 774 1236 1040 1291; x_wconf 73' lang='lat' dir='ltr'><strong>iudicium</strong></span> <span class='ocrx_word' id='word_1_89' title='bbox 1071 1249 1198 1288; x_wconf 88' lang='lat' dir='ltr'><strong>vero</strong></span> <span class='ocrx_word' id='word_1_90' title='bbox 1225 1232 1454 1299; x_wconf 87' lang='lat' dir='ltr'><strong>civium,</strong></span> <span class='ocrx_word' id='word_1_91' title='bbox 1490 1230 1631 1301; x_wconf 91' lang='lat' dir='ltr'><strong>quod</strong></span> <span class='ocrx_word' id='word_1_92' title='bbox 1661 1244 1916 1300; x_wconf 91' lang='lat' dir='ltr'><strong>supremo</strong></span> 
     </span>
    </p>
   </div>
   <div class='ocr_carea' id='block_1_15' title="bbox 322 1322 1915 1397">
    <p class='ocr_par' dir='ltr' id='par_1_15' title="bbox 322 1322 1915 1397">
     <span class='ocr_line' id='line_1_15' title="bbox 322 1322 1915 1397; baseline -0.007 -10"><span class='ocrx_word' id='word_1_93' title='bbox 322 1333 417 1388; x_wconf 89' lang='lat' dir='ltr'><strong>die</strong></span> <span class='ocrx_word' id='word_1_94' title='bbox 447 1333 518 1386; x_wconf 88' lang='lat' dir='ltr'><strong>de</strong></span> <span class='ocrx_word' id='word_1_95' title='bbox 547 1331 740 1385; x_wconf 87' lang='lat' dir='ltr'><strong>virtute</strong></span> <span class='ocrx_word' id='word_1_96' title='bbox 768 1337 930 1397; x_wconf 86' lang='lat' dir='ltr'><strong>atque</strong></span> <span class='ocrx_word' id='word_1_97' title='bbox 958 1325 1261 1380; x_wconf 87' lang='lat' dir='ltr'><strong>innocentia</strong></span> <span class='ocrx_word' id='word_1_98' title='bbox 1293 1323 1408 1392; x_wconf 77' lang='lat' dir='ltr'><strong>ejus</strong></span> <span class='ocrx_word' id='word_1_99' title='bbox 1440 1322 1767 1386; x_wconf 88' lang='lat' dir='ltr'><strong>habuerunt,</strong></span> <span class='ocrx_word' id='word_1_100' title='bbox 1795 1335 1915 1391; x_wconf 76' lang='lat' dir='ltr'><strong>sps-</strong></span> 
     </span>
    </p>
   </div>
   <div class='ocr_carea' id='block_1_16' title="bbox 320 1414 1910 1482">
    <p class='ocr_par' dir='ltr' id='par_1_16' title="bbox 320 1414 1910 1482">
     <span class='ocr_line' id='line_1_16' title="bbox 320 1414 1910 1482; baseline -0.009 -1"><span class='ocrx_word' id='word_1_101' title='bbox 320 1424 508 1481; x_wconf 78' lang='lat' dir='ltr'><strong>ciatitn</strong></span> <span class='ocrx_word' id='word_1_102' title='bbox 536 1424 652 1476; x_wconf 91' lang='lat' dir='ltr'><strong>viro</strong></span> <span class='ocrx_word' id='word_1_103' title='bbox 675 1419 974 1476; x_wconf 87' lang='lat' dir='ltr'><strong>clarissimo</strong></span> <span class='ocrx_word' id='word_1_104' title='bbox 1001 1427 1055 1472; x_wconf 92' lang='lat' dir='ltr'><strong>et</strong></span> <span class='ocrx_word' id='word_1_105' title='bbox 1081 1417 1273 1470; x_wconf 87' lang='lat' dir='ltr'><strong>illustri</strong></span> <span class='ocrx_word' id='word_1_106' title='bbox 1305 1414 1604 1468; x_wconf 90' lang='lat' dir='ltr'><strong>ofﬁciorum</strong></span> <span class='ocrx_word' id='word_1_107' title='bbox 1631 1414 1910 1482; x_wconf 81' lang='lat' dir='ltr'><strong>magistro,</strong></span> 
     </span>
    </p>
   </div>
   <div class='ocr_carea' id='block_1_17' title="bbox 317 1506 1916 1585">
    <p class='ocr_par' dir='ltr' id='par_1_17' title="bbox 317 1506 1916 1585">
     <span class='ocr_line' id='line_1_17' title="bbox 317 1506 1916 1585; baseline -0.009 -12"><span class='ocrx_word' id='word_1_108' title='bbox 317 1518 557 1573; x_wconf 84' lang='lat' dir='ltr'><strong>subditis</strong></span> <span class='ocrx_word' id='word_1_109' title='bbox 581 1525 852 1585; x_wconf 90' lang='lat' dir='ltr'><strong>gestorum</strong></span> <span class='ocrx_word' id='word_1_110' title='bbox 873 1510 1288 1581; x_wconf 76' lang='lat' dir='ltr'><strong>exemplaribus,</strong></span> <span class='ocrx_word' id='word_1_111' title='bbox 1309 1508 1548 1562; x_wconf 85' lang='lat' dir='ltr'><strong>intimavi</strong></span> <span class='ocrx_word' id='word_1_112' title='bbox 1575 1525 1589 1560; x_wconf 90' lang='lat'><strong>:</strong></span> <span class='ocrx_word' id='word_1_113' title='bbox 1616 1507 1737 1562; x_wconf 90' lang='lat' dir='ltr'><strong>licet</strong></span> <span class='ocrx_word' id='word_1_114' title='bbox 1763 1506 1916 1561; x_wconf 88' lang='lat' dir='ltr'><strong>vehi-</strong></span> 
     </span>
    </p>
   </div>
   <div class='ocr_carea' id='block_1_18' title="bbox 316 1601 1909 1680">
    <p class='ocr_par' dir='ltr' id='par_1_18' title="bbox 316 1601 1909 1680">
     <span class='ocr_line' id='line_1_18' title="bbox 316 1601 1909 1680; baseline -0.009 -14"><span class='ocrx_word' id='word_1_115' title='bbox 316 1613 443 1666; x_wconf 91' lang='lat' dir='ltr'><strong>culo</strong></span> <span class='ocrx_word' id='word_1_116' title='bbox 471 1608 687 1680; x_wconf 90' lang='lat' dir='ltr'><strong>publico</strong></span> <span class='ocrx_word' id='word_1_117' title='bbox 715 1622 835 1663; x_wconf 91' lang='lat' dir='ltr'><strong>cum</strong></span> <span class='ocrx_word' id='word_1_118' title='bbox 863 1605 1107 1671; x_wconf 57' lang='lat' dir='ltr'><strong>caeteris,</strong></span> <span class='ocrx_word' id='word_1_119' title='bbox 1147 1619 1268 1674; x_wconf 74' lang='lat' dir='ltr'><strong>qua:</strong></span> <span class='ocrx_word' id='word_1_120' title='bbox 1308 1618 1374 1656; x_wconf 83' lang='lat' dir='ltr'><strong>ex</strong></span> <span class='ocrx_word' id='word_1_121' title='bbox 1413 1616 1565 1656; x_wconf 92' lang='lat' dir='ltr'><strong>more</strong></span> <span class='ocrx_word' id='word_1_122' title='bbox 1603 1601 1909 1663; x_wconf 90' lang='lat' dir='ltr'><strong>mittuntur,</strong></span> 
     </span>
    </p>
   </div>
   <div class='ocr_carea' id='block_1_19' title="bbox 2027 411 2657 489">
    <p class='ocr_par' dir='ltr' id='par_1_19' title="bbox 2027 411 2657 489">
     <span class='ocr_line' id='line_1_19' title="bbox 2027 411 2657 489; baseline 0.005 -25"><span class='ocrx_word' id='word_1_123' title='bbox 2027 411 2319 489; x_wconf 85' lang='lat' dir='ltr'><strong>perialibus</strong></span> <span class='ocrx_word' id='word_1_124' title='bbox 2344 413 2657 468; x_wconf 91' lang='lat' dir='ltr'><strong>instruatur.</strong></span> 
     </span>
    </p>
   </div>
   <div class='ocr_carea' id='block_1_20' title="bbox 2590 504 3032 564">
    <p class='ocr_par' dir='ltr' id='par_1_20' title="bbox 2590 504 3032 564">
     <span class='ocr_line' id='line_1_20' title="bbox 2590 504 3032 564; baseline 0.011 -5"><span class='ocrx_word' id='word_1_125' title='bbox 2590 504 2806 561; x_wconf 83' lang='lat' dir='ltr'><strong>EPIST.</strong></span> <span class='ocrx_word' id='word_1_126' title='bbox 2847 504 3032 564; x_wconf 78' lang='lat' dir='ltr'><strong>XLVI.</strong></span> 
     </span>
    </p>
   </div>
   <div class='ocr_carea' id='block_1_21' title="bbox 2024 608 3616 655">
    <p class='ocr_par' dir='ltr' id='par_1_21' title="bbox 2024 608 3616 655">
     <span class='ocr_line' id='line_1_21' title="bbox 2024 608 3616 655; baseline 0.004 -7"><span class='ocrx_word' id='word_1_127' title='bbox 2024 609 2110 648; x_wconf 83' lang='lat' dir='ltr'><strong>DD.</strong></span> <span class='ocrx_word' id='word_1_128' title='bbox 2143 608 2435 650; x_wconf 73' lang='grc' dir='ltr'><strong>τηευυοειο</strong></span> <span class='ocrx_word' id='word_1_129' title='bbox 2476 612 2543 650; x_wconf 83' lang='grc' dir='ltr'><strong>ΕΤ</strong></span> <span class='ocrx_word' id='word_1_130' title='bbox 2576 613 2801 651; x_wconf 74' lang='grc' dir='ltr'><strong>ΑιιοΑυιο</strong></span> <span class='ocrx_word' id='word_1_131' title='bbox 2831 614 3037 654; x_wconf 72' lang='lat' dir='ltr'><strong>SEIPER</strong></span> <span class='ocrx_word' id='word_1_132' title='bbox 3068 615 3188 655; x_wconf 75' lang='grc' dir='ltr'><strong>Αυϐ.</strong></span> <span class='ocrx_word' id='word_1_133' title='bbox 3220 613 3530 655; x_wconf 65' lang='grc' dir='ltr'><strong>εῖηλοιιυδ</strong></span> <span class='ocrx_word' id='word_1_134' title='bbox 3566 617 3616 655; x_wconf 76' lang='grc' dir='ltr'><strong>ν.</strong></span> 
     </span>
    </p>
   </div>
   <div class='ocr_carea' id='block_1_22' title="bbox 2621 682 3024 724">
    <p class='ocr_par' dir='ltr' id='par_1_22' title="bbox 2621 682 3024 724">
     <span class='ocr_line' id='line_1_22' title="bbox 2621 682 3024 724; baseline 0.002 -3"><span class='ocrx_word' id='word_1_135' title='bbox 2621 682 2673 721; x_wconf 77' lang='grc' dir='ltr'><strong>ε.</strong></span> <span class='ocrx_word' id='word_1_136' title='bbox 2702 683 2868 722; x_wconf 62' lang='grc' dir='ltr'><strong>νεικεῖ.</strong></span> <span class='ocrx_word' id='word_1_137' title='bbox 2904 685 3024 724; x_wconf 80' lang='lat' dir='ltr'><strong>URB.</strong></span> 
     </span>
    </p>
   </div>
   <div class='ocr_carea' id='block_1_23' title="bbox 2091 775 3618 848">
    <p class='ocr_par' dir='ltr' id='par_1_23' title="bbox 2091 775 3618 848">
     <span class='ocr_line' id='line_1_23' title="bbox 2091 775 3618 848; baseline 0.003 -18"><span class='ocrx_word' id='word_1_138' title='bbox 2091 775 2309 835; x_wconf 85' lang='lat' dir='ltr'><strong>Certum</strong></span> <span class='ocrx_word' id='word_1_139' title='bbox 2363 788 2448 835; x_wconf 88' lang='lat' dir='ltr'><strong>est</strong></span> <span class='ocrx_word' id='word_1_140' title='bbox 2523 781 2737 848; x_wconf 84' lang='lat' dir='ltr'><strong>quidem</strong></span> <span class='ocrx_word' id='word_1_141' title='bbox 2796 783 3135 836; x_wconf 88' lang='lat' dir='ltr'><strong>clementiam</strong></span> <span class='ocrx_word' id='word_1_142' title='bbox 3195 790 3428 838; x_wconf 90' lang='lat' dir='ltr'><strong>vestram</strong></span> <span class='ocrx_word' id='word_1_143' title='bbox 3490 779 3618 836; x_wconf 85' lang='lat' dir='ltr'><strong>ﬁdei</strong></span> 
     </span>
    </p>
   </div>
   <div class='ocr_carea' id='block_1_24' title="bbox 2020 871 3610 938">
    <p class='ocr_par' dir='ltr' id='par_1_24' title="bbox 2020 871 3610 938">
     <span class='ocr_line' id='line_1_24' title="bbox 2020 871 3610 938; baseline 0.003 -16"><span class='ocrx_word' id='word_1_144' title='bbox 2020 883 2236 934; x_wconf 88' lang='lat' dir='ltr'><strong>amore,</strong></span> <span class='ocrx_word' id='word_1_145' title='bbox 2283 881 2338 926; x_wconf 91' lang='lat' dir='ltr'><strong>et</strong></span> <span class='ocrx_word' id='word_1_146' title='bbox 2385 871 2562 926; x_wconf 90' lang='lat' dir='ltr'><strong>studio</strong></span> <span class='ocrx_word' id='word_1_147' title='bbox 2609 874 2886 938; x_wconf 72' lang='lat' dir='ltr'><strong>veritatis,</strong></span> <span class='ocrx_word' id='word_1_148' title='bbox 2951 874 3002 928; x_wconf 91' lang='lat' dir='ltr'><strong>in</strong></span> <span class='ocrx_word' id='word_1_149' title='bbox 3056 889 3282 930; x_wconf 81' lang='lat' dir='ltr'><strong>examen</strong></span> <span class='ocrx_word' id='word_1_150' title='bbox 3331 874 3610 928; x_wconf 87' lang='lat' dir='ltr'><strong>assiduum</strong></span> 
     </span>
    </p>
   </div>
   <div class='ocr_carea' id='block_1_25' title="bbox 2021 962 3606 1034">
    <p class='ocr_par' dir='ltr' id='par_1_25' title="bbox 2021 962 3606 1034">
     <span class='ocr_line' id='line_1_25' title="bbox 2021 962 3606 1034; baseline 0.002 -19"><span class='ocrx_word' id='word_1_151' title='bbox 2021 975 2163 1030; x_wconf 80' lang='lat' dir='ltr'><strong>sa:pe</strong></span> <span class='ocrx_word' id='word_1_152' title='bbox 2193 962 2468 1030; x_wconf 87' lang='lat' dir='ltr'><strong>explorata</strong></span> <span class='ocrx_word' id='word_1_153' title='bbox 2502 979 2774 1029; x_wconf 87' lang='lat' dir='ltr'><strong>revocare,</strong></span> <span class='ocrx_word' id='word_1_154' title='bbox 2813 964 2919 1018; x_wconf 92' lang='lat' dir='ltr'><strong>DD.</strong></span> <span class='ocrx_word' id='word_1_155' title='bbox 2947 965 3318 1034; x_wconf 90' lang='lat' dir='ltr'><strong>imperatores.</strong></span> <span class='ocrx_word' id='word_1_156' title='bbox 3347 963 3453 1020; x_wconf 87' lang='lat' dir='ltr'><strong>Sed</strong></span> <span class='ocrx_word' id='word_1_157' title='bbox 3483 978 3606 1018; x_wconf 91' lang='lat' dir='ltr'><strong>cum</strong></span> 
     </span>
    </p>
   </div>
   <div class='ocr_carea' id='block_1_26' title="bbox 2025 1053 3611 1124">
    <p class='ocr_par' dir='ltr' id='par_1_26' title="bbox 2025 1053 3611 1124">
     <span class='ocr_line' id='line_1_26' title="bbox 2025 1053 3611 1124; baseline 0.001 -18"><span class='ocrx_word' id='word_1_158' title='bbox 2025 1055 2320 1107; x_wconf 74' lang='lat' dir='ltr'><strong>Auxentius</strong></span> <span class='ocrx_word' id='word_1_159' title='bbox 2362 1053 2426 1108; x_wconf 84' lang='lat' dir='ltr'><strong>V.</strong></span> <span class='ocrx_word' id='word_1_160' title='bbox 2458 1053 2522 1108; x_wconf 89' lang='lat' dir='ltr'><strong>C.</strong></span> <span class='ocrx_word' id='word_1_161' title='bbox 2575 1066 2629 1110; x_wconf 91' lang='lat' dir='ltr'><strong>et</strong></span> <span class='ocrx_word' id='word_1_162' title='bbox 2657 1054 2911 1124; x_wconf 84' lang='lat' dir='ltr'><strong>Cyriades</strong></span> <span class='ocrx_word' id='word_1_163' title='bbox 2953 1070 3132 1110; x_wconf 90' lang='lat' dir='ltr'><strong>comes</strong></span> <span class='ocrx_word' id='word_1_164' title='bbox 3163 1071 3226 1110; x_wconf 90' lang='lat' dir='ltr'><strong>ac</strong></span> <span class='ocrx_word' id='word_1_165' title='bbox 3265 1054 3611 1110; x_wconf 85' lang='lat' dir='ltr'><strong>mechanicus</strong></span> 
     </span>
    </p>
   </div>
   <div class='ocr_carea' id='block_1_27' title="bbox 2021 1146 3608 1217">
    <p class='ocr_par' dir='ltr' id='par_1_27' title="bbox 2021 1146 3608 1217">
     <span class='ocr_line' id='line_1_27' title="bbox 2021 1146 3608 1217; baseline 0.003 -18"><span class='ocrx_word' id='word_1_166' title='bbox 2021 1146 2201 1216; x_wconf 87' lang='lat' dir='ltr'><strong>parilis</strong></span> <span class='ocrx_word' id='word_1_167' title='bbox 2226 1147 2517 1216; x_wconf 74' lang='lat' dir='ltr'><strong>dignitatis,</strong></span> <span class='ocrx_word' id='word_1_168' title='bbox 2552 1149 2776 1217; x_wconf 91' lang='lat' dir='ltr'><strong>quadam</strong></span> <span class='ocrx_word' id='word_1_169' title='bbox 2814 1148 2954 1204; x_wconf 91' lang='lat' dir='ltr'><strong>inter</strong></span> <span class='ocrx_word' id='word_1_170' title='bbox 2989 1163 3047 1203; x_wconf 89' lang='lat' dir='ltr'><strong>se</strong></span> <span class='ocrx_word' id='word_1_171' title='bbox 3073 1147 3467 1203; x_wconf 84' lang='lat' dir='ltr'><strong>concertatione</strong></span> <span class='ocrx_word' id='word_1_172' title='bbox 3496 1147 3608 1203; x_wconf 85' lang='lat' dir='ltr'><strong>dis-</strong></span> 
     </span>
    </p>
   </div>
   <div class='ocr_carea' id='block_1_28' title="bbox 2017 1237 3604 1309">
    <p class='ocr_par' dir='ltr' id='par_1_28' title="bbox 2017 1237 3604 1309">
     <span class='ocr_line' id='line_1_28' title="bbox 2017 1237 3604 1309; baseline 0.001 -17"><span class='ocrx_word' id='word_1_173' title='bbox 2017 1237 2259 1292; x_wconf 91' lang='lat' dir='ltr'><strong>sentiunt</strong></span> <span class='ocrx_word' id='word_1_174' title='bbox 2285 1279 2300 1302; x_wconf 95' lang='lat'><strong>,</strong></span> <span class='ocrx_word' id='word_1_175' title='bbox 2333 1239 2579 1293; x_wconf 86' lang='lat' dir='ltr'><strong>nonnihil</strong></span> <span class='ocrx_word' id='word_1_176' title='bbox 2607 1239 2978 1309; x_wconf 84' lang='lat' dir='ltr'><strong>superioribus</strong></span> <span class='ocrx_word' id='word_1_177' title='bbox 3002 1239 3271 1308; x_wconf 88' lang='lat' dir='ltr'><strong>judicibus</strong></span> <span class='ocrx_word' id='word_1_178' title='bbox 3294 1239 3604 1308; x_wconf 77' lang='lat' dir='ltr'><strong>derogatur.</strong></span> 
     </span>
    </p>
   </div>
   <div class='ocr_carea' id='block_1_29' title="bbox 2017 1326 3607 1388">
    <p class='ocr_par' dir='ltr' id='par_1_29' title="bbox 2017 1326 3607 1388">
     <span class='ocr_line' id='line_1_29' title="bbox 2017 1326 3607 1388; baseline 0.003 -6"><span class='ocrx_word' id='word_1_179' title='bbox 2017 1326 2134 1382; x_wconf 76' lang='lat' dir='ltr'><strong>Jam</strong></span> <span class='ocrx_word' id='word_1_180' title='bbox 2165 1328 2364 1383; x_wconf 89' lang='lat' dir='ltr'><strong>dudum</strong></span> <span class='ocrx_word' id='word_1_181' title='bbox 2393 1329 2537 1385; x_wconf 92' lang='lat' dir='ltr'><strong>enim</strong></span> <span class='ocrx_word' id='word_1_182' title='bbox 2565 1330 2699 1386; x_wconf 63' lang='lat' dir='ltr'><strong>VA}.</strong></span> <span class='ocrx_word' id='word_1_183' title='bbox 2732 1341 2786 1386; x_wconf 90' lang='lat' dir='ltr'><strong>et</strong></span> <span class='ocrx_word' id='word_1_184' title='bbox 2817 1332 3038 1388; x_wconf 89' lang='lat' dir='ltr'><strong>illustris</strong></span> <span class='ocrx_word' id='word_1_185' title='bbox 3065 1331 3384 1387; x_wconf 90' lang='lat' dir='ltr'><strong>Anthemius</strong></span> <span class='ocrx_word' id='word_1_186' title='bbox 3415 1333 3607 1386; x_wconf 73' lang='lat' dir='ltr'><strong>Bassus</strong></span> 
     </span>
    </p>
   </div>
   <div class='ocr_carea' id='block_1_30' title="bbox 2019 1419 3607 1492">
    <p class='ocr_par' dir='ltr' id='par_1_30' title="bbox 2019 1419 3607 1492">
     <span class='ocr_line' id='line_1_30' title="bbox 2019 1419 3607 1492; baseline 0.004 -20"><span class='ocrx_word' id='word_1_187' title='bbox 2019 1419 2194 1488; x_wconf 92' lang='lat' dir='ltr'><strong>pontis</strong></span> <span class='ocrx_word' id='word_1_188' title='bbox 2219 1421 2341 1474; x_wconf 91' lang='lat' dir='ltr'><strong>novi</strong></span> <span class='ocrx_word' id='word_1_189' title='bbox 2367 1435 2532 1490; x_wconf 89' lang='lat' dir='ltr'><strong>opere</strong></span> <span class='ocrx_word' id='word_1_190' title='bbox 2555 1431 2856 1492; x_wconf 90' lang='lat' dir='ltr'><strong>perspecto,</strong></span> <span class='ocrx_word' id='word_1_191' title='bbox 2880 1424 2979 1478; x_wconf 89' lang='lat' dir='ltr'><strong>sub</strong></span> <span class='ocrx_word' id='word_1_192' title='bbox 3007 1434 3247 1478; x_wconf 90' lang='lat' dir='ltr'><strong>actorum</strong></span> <span class='ocrx_word' id='word_1_193' title='bbox 3273 1424 3607 1478; x_wconf 88' lang='lat' dir='ltr'><strong>confectione</strong></span> 
     </span>
    </p>
   </div>
   <div class='ocr_carea' id='block_1_31' title="bbox 2018 1509 3605 1586">
    <p class='ocr_par' dir='ltr' id='par_1_31' title="bbox 2018 1509 3605 1586">
     <span class='ocr_line' id='line_1_31' title="bbox 2018 1509 3605 1586; baseline 0.004 -22"><span class='ocrx_word' id='word_1_194' title='bbox 2018 1509 2247 1580; x_wconf 82' lang='lat' dir='ltr'><strong>signavit</strong></span> <span class='ocrx_word' id='word_1_195' title='bbox 2273 1512 2484 1581; x_wconf 89' lang='lat' dir='ltr'><strong>culpam</strong></span> <span class='ocrx_word' id='word_1_196' title='bbox 2514 1514 2595 1569; x_wconf 88' lang='lat' dir='ltr'><strong>vel</strong></span> <span class='ocrx_word' id='word_1_197' title='bbox 2626 1515 3000 1586; x_wconf 81' lang='lat' dir='ltr'><strong>negligentiam</strong></span> <span class='ocrx_word' id='word_1_198' title='bbox 3030 1516 3392 1584; x_wconf 86' lang='lat' dir='ltr'><strong>singulorum;</strong></span> <span class='ocrx_word' id='word_1_199' title='bbox 3428 1516 3605 1570; x_wconf 89' lang='lat' dir='ltr'><strong>denuo</strong></span> 
     </span>
    </p>
   </div>
   <div class='ocr_carea' id='block_1_32' title="bbox 2016 1605 3605 1674">
    <p class='ocr_par' dir='ltr' id='par_1_32' title="bbox 2016 1605 3605 1674">
     <span class='ocr_line' id='line_1_32' title="bbox 2016 1605 3605 1674; baseline 0.004 -20"><span class='ocrx_word' id='word_1_200' title='bbox 2016 1613 2300 1657; x_wconf 83' lang='lat' dir='ltr'><strong>successor</strong></span> <span class='ocrx_word' id='word_1_201' title='bbox 2327 1605 2444 1674; x_wconf 86' lang='lat' dir='ltr'><strong>ejus</strong></span> <span class='ocrx_word' id='word_1_202' title='bbox 2473 1605 2660 1660; x_wconf 87' lang='lat' dir='ltr'><strong>eadem</strong></span> <span class='ocrx_word' id='word_1_203' title='bbox 2695 1606 2811 1661; x_wconf 69' lang='lat' dir='ltr'><strong>loca</strong></span> <span class='ocrx_word' id='word_1_204' title='bbox 2843 1607 3063 1661; x_wconf 90' lang='lat' dir='ltr'><strong>rimatus</strong></span> <span class='ocrx_word' id='word_1_205' title='bbox 3093 1606 3371 1661; x_wconf 87' lang='lat' dir='ltr'><strong>asseritur.</strong></span> <span class='ocrx_word' id='word_1_206' title='bbox 3407 1606 3605 1660; x_wconf 71' lang='lat' dir='ltr'><strong>Dehinc</strong></span> 
     </span>
    </p>
   </div>
   <div class='ocr_carea' id='block_1_33' title="bbox 317 1687 3604 1767">
    <p class='ocr_par' dir='ltr' id='par_1_33' title="bbox 317 1687 3604 1767">
     <span class='ocr_line' id='line_1_33' title="bbox 317 1687 3604 1767; baseline -0.001 -13"><span class='ocrx_word' id='word_1_207' title='bbox 317 1703 504 1756; x_wconf 80' lang='lat' dir='ltr'><strong>omnia</strong></span> <span class='ocrx_word' id='word_1_208' title='bbox 534 1714 756 1756; x_wconf 89' lang='lat' dir='ltr'><strong>necesse</strong></span> <span class='ocrx_word' id='word_1_209' title='bbox 777 1699 865 1762; x_wconf 89' lang='lat' dir='ltr'><strong>sit,</strong></span> <span class='ocrx_word' id='word_1_210' title='bbox 884 1711 1068 1752; x_wconf 88' lang='lat' dir='ltr'><strong>rursus</strong></span> <span class='ocrx_word' id='word_1_211' title='bbox 1099 1696 1163 1751; x_wconf 89' lang='lat' dir='ltr'><strong>ad</strong></span> <span class='ocrx_word' id='word_1_212' title='bbox 1196 1694 1503 1750; x_wconf 86' lang='lat' dir='ltr'><strong>serenitatis</strong></span> <span class='ocrx_word' id='word_1_213' title='bbox 1542 1703 1738 1749; x_wconf 77' lang='lat' dir='ltr'><strong>vestra:</strong></span> <span class='ocrx_word' id='word_1_214' title='bbox 1776 1694 1914 1749; x_wconf 81' lang='lat' dir='ltr'><strong>noti-</strong></span> <span class='ocrx_word' id='word_1_215' title='bbox 1943 1687 1990 1746; x_wconf 88' lang='lat' dir='ltr'><strong>B</strong></span> <span class='ocrx_word' id='word_1_216' title='bbox 2017 1705 2137 1745; x_wconf 91' lang='lat' dir='ltr'><strong>cum</strong></span> <span class='ocrx_word' id='word_1_217' title='bbox 2179 1694 2319 1762; x_wconf 87' lang='lat' dir='ltr'><strong>apud</strong></span> <span class='ocrx_word' id='word_1_218' title='bbox 2363 1711 2477 1762; x_wconf 92' lang='lat' dir='ltr'><strong>me,</strong></span> <span class='ocrx_word' id='word_1_219' title='bbox 2509 1713 2576 1751; x_wconf 88' lang='lat' dir='ltr'><strong>ex</strong></span> <span class='ocrx_word' id='word_1_220' title='bbox 2622 1697 2908 1764; x_wconf 52' lang='lat' dir='ltr'><strong>rescripto,</strong></span> <span class='ocrx_word' id='word_1_221' title='bbox 2956 1698 3094 1767; x_wconf 90' lang='lat' dir='ltr'><strong>quod</strong></span> <span class='ocrx_word' id='word_1_222' title='bbox 3147 1696 3403 1766; x_wconf 89' lang='lat' dir='ltr'><strong>Cyriades</strong></span> <span class='ocrx_word' id='word_1_223' title='bbox 3446 1695 3513 1751; x_wconf 85' lang='lat' dir='ltr'><strong>V.</strong></span> <span class='ocrx_word' id='word_1_224' title='bbox 3540 1695 3604 1750; x_wconf 89' lang='lat' dir='ltr'><strong>C.</strong></span> 
     </span>
    </p>
   </div>
   <div class='ocr_carea' id='block_1_34' title="bbox 318 1793 784 1866">
    <p class='ocr_par' dir='ltr' id='par_1_34' title="bbox 318 1793 784 1866">
     <span class='ocr_line' id='line_1_34' title="bbox 318 1793 784 1866; baseline -0.009 -16"><span class='ocrx_word' id='word_1_225' title='bbox 318 1797 447 1851; x_wconf 86' lang='lat' dir='ltr'><strong>tiam</strong></span> <span class='ocrx_word' id='word_1_226' title='bbox 479 1793 784 1866; x_wconf 87' lang='lat' dir='ltr'><strong>pervenire.</strong></span> 
     </span>
    </p>
   </div>
   <div class='ocr_carea' id='block_1_35' title="bbox 901 1858 1330 1916">
    <p class='ocr_par' dir='ltr' id='par_1_35' title="bbox 901 1858 1330 1916">
     <span class='ocr_line' id='line_1_35' title="bbox 901 1858 1330 1916; baseline -0.012 0"><span class='ocrx_word' id='word_1_227' title='bbox 901 1860 1118 1916; x_wconf 83' lang='lat' dir='ltr'><strong>EPIST.</strong></span> <span class='ocrx_word' id='word_1_228' title='bbox 1169 1858 1330 1914; x_wconf 80' lang='lat' dir='ltr'><strong>XLV.</strong></span> 
     </span>
    </p>
   </div>
   <div class='ocr_carea' id='block_1_36' title="bbox 385 1964 1837 2013">
    <p class='ocr_par' dir='ltr' id='par_1_36' title="bbox 385 1964 1837 2013">
     <span class='ocr_line' id='line_1_36' title="bbox 385 1964 1837 2013; baseline -0.009 0"><span class='ocrx_word' id='word_1_229' title='bbox 385 1974 439 2013; x_wconf 83' lang='lat' dir='ltr'><strong>D.</strong></span> <span class='ocrx_word' id='word_1_230' title='bbox 472 1969 776 2010; x_wconf 70' lang='lat' dir='ltr'><strong>THIODOSIO</strong></span> <span class='ocrx_word' id='word_1_231' title='bbox 806 1969 1008 2009; x_wconf 68' lang='lat' dir='ltr'><strong>SEHPEB</strong></span> <span class='ocrx_word' id='word_1_232' title='bbox 1038 1967 1155 2006; x_wconf 69' lang='grc' dir='ltr'><strong>ηρ.</strong></span> <span class='ocrx_word' id='word_1_233' title='bbox 1188 1965 1492 2004; x_wconf 61' lang='grc' dir='ltr'><strong>εγιωλοιίυε</strong></span> <span class='ocrx_word' id='word_1_234' title='bbox 1521 1965 1688 2004; x_wconf 63' lang='grc' dir='ltr'><strong>Ρκᾶζΐ.</strong></span> <span class='ocrx_word' id='word_1_235' title='bbox 1718 1964 1837 2002; x_wconf 75' lang='lat' dir='ltr'><strong>l&#39;RB.</strong></span> 
     </span>
    </p>
   </div>
   <div class='ocr_carea' id='block_1_37' title="bbox 380 2061 1910 2138">
    <p class='ocr_par' dir='ltr' id='par_1_37' title="bbox 380 2061 1910 2138">
     <span class='ocr_line' id='line_1_37' title="bbox 380 2061 1910 2138; baseline -0.005 -14"><span class='ocrx_word' id='word_1_236' title='bbox 380 2070 512 2124; x_wconf 83' lang='lat' dir='ltr'><strong>Jatn</strong></span> <span class='ocrx_word' id='word_1_237' title='bbox 557 2069 776 2138; x_wconf 85' lang='lat' dir='ltr'><strong>quidem</strong></span> <span class='ocrx_word' id='word_1_238' title='bbox 818 2065 1138 2136; x_wconf 91' lang='lat' dir='ltr'><strong>rescriptum</strong></span> <span class='ocrx_word' id='word_1_239' title='bbox 1189 2065 1421 2119; x_wconf 91' lang='lat' dir='ltr'><strong>numinis</strong></span> <span class='ocrx_word' id='word_1_240' title='bbox 1457 2063 1625 2118; x_wconf 87' lang='lat' dir='ltr'><strong>vestri</strong></span> <span class='ocrx_word' id='word_1_241' title='bbox 1654 2061 1910 2133; x_wconf 80' lang='lat' dir='ltr'><strong>Cyriades</strong></span> 
     </span>
    </p>
   </div>
   <div class='ocr_carea' id='block_1_38' title="bbox 315 2152 1905 2225">
    <p class='ocr_par' dir='ltr' id='par_1_38' title="bbox 315 2152 1905 2225">
     <span class='ocr_line' id='line_1_38' title="bbox 315 2152 1905 2225; baseline -0.007 -8"><span class='ocrx_word' id='word_1_242' title='bbox 315 2161 377 2217; x_wconf 72' lang='grc' dir='ltr'><strong>ν.</strong></span> <span class='ocrx_word' id='word_1_243' title='bbox 419 2158 492 2216; x_wconf 86' lang='lat' dir='ltr'><strong>C.</strong></span> <span class='ocrx_word' id='word_1_244' title='bbox 535 2173 720 2214; x_wconf 86' lang='lat' dir='ltr'><strong>comes</strong></span> <span class='ocrx_word' id='word_1_245' title='bbox 769 2169 822 2213; x_wconf 94' lang='lat' dir='ltr'><strong>et</strong></span> <span class='ocrx_word' id='word_1_246' title='bbox 865 2157 1190 2212; x_wconf 70' lang='lat' dir='ltr'><strong>mechanica-</strong></span> <span class='ocrx_word' id='word_1_247' title='bbox 1222 2156 1496 2225; x_wconf 88' lang='lat' dir='ltr'><strong>professor</strong></span> <span class='ocrx_word' id='word_1_248' title='bbox 1522 2152 1797 2217; x_wconf 88' lang='lat' dir='ltr'><strong>exhibuit,</strong></span> <span class='ocrx_word' id='word_1_249' title='bbox 1844 2152 1905 2206; x_wconf 90' lang='lat' dir='ltr'><strong>D.</strong></span> 
     </span>
    </p>
   </div>
   <div class='ocr_carea' id='block_1_39' title="bbox 312 2246 1909 2322">
    <p class='ocr_par' dir='ltr' id='par_1_39' title="bbox 312 2246 1909 2322">
     <span class='ocr_line' id='line_1_39' title="bbox 312 2246 1909 2322; baseline -0.007 -14"><span class='ocrx_word' id='word_1_250' title='bbox 312 2254 662 2322; x_wconf 82' lang='lat' dir='ltr'><strong>imperator:</strong></span> <span class='ocrx_word' id='word_1_251' title='bbox 710 2263 815 2316; x_wconf 91' lang='lat' dir='ltr'><strong>quo</strong></span> <span class='ocrx_word' id='word_1_252' title='bbox 863 2255 1123 2302; x_wconf 89' lang='lat' dir='ltr'><strong>statuerat</strong></span> <span class='ocrx_word' id='word_1_253' title='bbox 1169 2246 1445 2300; x_wconf 82' lang='lat' dir='ltr'><strong>aeternitas</strong></span> <span class='ocrx_word' id='word_1_254' title='bbox 1491 2251 1698 2307; x_wconf 87' lang='lat' dir='ltr'><strong>vestra,</strong></span> <span class='ocrx_word' id='word_1_255' title='bbox 1749 2252 1808 2296; x_wconf 92' lang='lat' dir='ltr'><strong>ut</strong></span> <span class='ocrx_word' id='word_1_256' title='bbox 1850 2257 1909 2298; x_wconf 90' lang='lat' dir='ltr'><strong>se</strong></span> 
     </span>
    </p>
   </div>
   <div class='ocr_carea' id='block_1_40' title="bbox 311 2338 1908 2415">
    <p class='ocr_par' dir='ltr' id='par_1_40' title="bbox 311 2338 1908 2415">
     <span class='ocr_line' id='line_1_40' title="bbox 311 2338 1908 2415; baseline -0.007 -16"><span class='ocrx_word' id='word_1_257' title='bbox 311 2347 424 2415; x_wconf 86' lang='lat' dir='ltr'><strong>ipse</strong></span> <span class='ocrx_word' id='word_1_258' title='bbox 456 2361 491 2399; x_wconf 88' lang='lat' dir='ltr'><strong>a</strong></span> <span class='ocrx_word' id='word_1_259' title='bbox 525 2343 878 2414; x_wconf 90' lang='lat' dir='ltr'><strong>quorumdam</strong></span> <span class='ocrx_word' id='word_1_260' title='bbox 911 2338 1288 2395; x_wconf 84' lang='lat' dir='ltr'><strong>criminatione</strong></span> <span class='ocrx_word' id='word_1_261' title='bbox 1322 2345 1603 2408; x_wconf 78' lang='lat' dir='ltr'><strong>purgaret,</strong></span> <span class='ocrx_word' id='word_1_262' title='bbox 1634 2350 1697 2390; x_wconf 90' lang='lat' dir='ltr'><strong>ac</strong></span> <span class='ocrx_word' id='word_1_263' title='bbox 1714 2348 1908 2390; x_wconf 88' lang='lat' dir='ltr'><strong>rursus</strong></span> 
     </span>
    </p>
   </div>
   <div class='ocr_carea' id='block_1_41' title="bbox 308 2425 1907 2507">
    <p class='ocr_par' dir='ltr' id='par_1_41' title="bbox 308 2425 1907 2507">
     <span class='ocr_line' id='line_1_41' title="bbox 308 2425 1907 2507; baseline -0.006 -18"><span class='ocrx_word' id='word_1_264' title='bbox 308 2445 537 2507; x_wconf 85' lang='lat' dir='ltr'><strong>urgeret</strong></span> <span class='ocrx_word' id='word_1_265' title='bbox 567 2434 814 2503; x_wconf 82' lang='lat' dir='ltr'><strong>objectis,</strong></span> <span class='ocrx_word' id='word_1_266' title='bbox 844 2433 888 2486; x_wconf 89' lang='lat' dir='ltr'><strong>si</strong></span> <span class='ocrx_word' id='word_1_267' title='bbox 920 2446 1053 2500; x_wconf 91' lang='lat' dir='ltr'><strong>quos</strong></span> <span class='ocrx_word' id='word_1_268' title='bbox 1080 2427 1281 2483; x_wconf 89' lang='lat' dir='ltr'><strong>lraudis</strong></span> <span class='ocrx_word' id='word_1_269' title='bbox 1309 2428 1625 2482; x_wconf 87' lang='lat' dir='ltr'><strong>incesseret.</strong></span> <span class='ocrx_word' id='word_1_270' title='bbox 1659 2425 1758 2492; x_wconf 86' lang='lat' dir='ltr'><strong>Qui</strong></span> <span class='ocrx_word' id='word_1_271' title='bbox 1785 2439 1907 2479; x_wconf 91' lang='lat' dir='ltr'><strong>cum</strong></span> 
     </span>
    </p>
   </div>
   <div class='ocr_carea' id='block_1_42' title="bbox 307 2517 1910 2583">
    <p class='ocr_par' dir='ltr' id='par_1_42' title="bbox 307 2517 1910 2583">
     <span class='ocr_line' id='line_1_42' title="bbox 307 2517 1910 2583; baseline -0.008 0"><span class='ocrx_word' id='word_1_272' title='bbox 307 2527 651 2583; x_wconf 78' lang='lat' dir='ltr'><strong>Auxentium</strong></span> <span class='ocrx_word' id='word_1_273' title='bbox 684 2524 746 2580; x_wconf 74' lang='grc' dir='ltr'><strong>γ.</strong></span> <span class='ocrx_word' id='word_1_274' title='bbox 775 2523 837 2579; x_wconf 88' lang='lat' dir='ltr'><strong>C.</strong></span> <span class='ocrx_word' id='word_1_275' title='bbox 884 2523 985 2576; x_wconf 88' lang='lat' dir='ltr'><strong>sub</strong></span> <span class='ocrx_word' id='word_1_276' title='bbox 1026 2521 1270 2576; x_wconf 83' lang='lat' dir='ltr'><strong>examine</strong></span> <span class='ocrx_word' id='word_1_277' title='bbox 1312 2517 1616 2574; x_wconf 88' lang='lat' dir='ltr'><strong>decessoris</strong></span> <span class='ocrx_word' id='word_1_278' title='bbox 1655 2517 1759 2571; x_wconf 90' lang='lat' dir='ltr'><strong>mei</strong></span> <span class='ocrx_word' id='word_1_279' title='bbox 1797 2530 1910 2571; x_wconf 75' lang='lat' dir='ltr'><strong>cm-</strong></span> 
     </span>
    </p>
   </div>
   <div class='ocr_carea' id='block_1_43' title="bbox 305 2610 1904 2689">
    <p class='ocr_par' dir='ltr' id='par_1_43' title="bbox 305 2610 1904 2689">
     <span class='ocr_line' id='line_1_43' title="bbox 305 2610 1904 2689; baseline -0.008 -16"><span class='ocrx_word' id='word_1_280' title='bbox 305 2621 488 2689; x_wconf 83' lang='lat' dir='ltr'><strong>pisset</strong></span> <span class='ocrx_word' id='word_1_281' title='bbox 534 2631 800 2687; x_wconf 80' lang='lat' dir='ltr'><strong>arguere,</strong></span> <span class='ocrx_word' id='word_1_282' title='bbox 867 2626 1149 2684; x_wconf 87' lang='lat' dir='ltr'><strong>postquam</strong></span> <span class='ocrx_word' id='word_1_283' title='bbox 1199 2611 1265 2666; x_wconf 91' lang='lat' dir='ltr'><strong>ad</strong></span> <span class='ocrx_word' id='word_1_284' title='bbox 1314 2610 1677 2680; x_wconf 90' lang='lat' dir='ltr'><strong>cognitionem</strong></span> <span class='ocrx_word' id='word_1_285' title='bbox 1730 2623 1904 2664; x_wconf 82' lang='lat' dir='ltr'><strong>meam</strong></span> 
     </span>
    </p>
   </div>
   <div class='ocr_carea' id='block_1_44' title="bbox 303 2701 1906 2776">
    <p class='ocr_par' dir='ltr' id='par_1_44' title="bbox 303 2701 1906 2776">
     <span class='ocr_line' id='line_1_44' title="bbox 303 2701 1906 2776; baseline -0.007 -12"><span class='ocrx_word' id='word_1_286' title='bbox 303 2721 535 2766; x_wconf 90' lang='lat' dir='ltr'><strong>ventum</strong></span> <span class='ocrx_word' id='word_1_287' title='bbox 579 2717 691 2772; x_wconf 90' lang='lat' dir='ltr'><strong>est,</strong></span> <span class='ocrx_word' id='word_1_288' title='bbox 735 2721 898 2776; x_wconf 86' lang='lat' dir='ltr'><strong>super</strong></span> <span class='ocrx_word' id='word_1_289' title='bbox 930 2705 1164 2760; x_wconf 74' lang='lat' dir='ltr'><strong>basilica:</strong></span> <span class='ocrx_word' id='word_1_290' title='bbox 1204 2713 1362 2774; x_wconf 90' lang='lat' dir='ltr'><strong>atque</strong></span> <span class='ocrx_word' id='word_1_291' title='bbox 1402 2704 1579 2772; x_wconf 90' lang='lat' dir='ltr'><strong>pontis</strong></span> <span class='ocrx_word' id='word_1_292' title='bbox 1619 2701 1906 2754; x_wconf 91' lang='lat' dir='ltr'><strong>immodico</strong></span> 
     </span>
    </p>
   </div>
   <div class='ocr_carea' id='block_1_45' title="bbox 303 2792 1904 2871">
    <p class='ocr_par' dir='ltr' id='par_1_45' title="bbox 303 2792 1904 2871">
     <span class='ocr_line' id='line_1_45' title="bbox 303 2792 1904 2871; baseline -0.007 -14"><span class='ocrx_word' id='word_1_293' title='bbox 303 2811 564 2871; x_wconf 89' lang='lat' dir='ltr'><strong>sumptu,</strong></span> <span class='ocrx_word' id='word_1_294' title='bbox 599 2799 856 2854; x_wconf 88' lang='lat' dir='ltr'><strong>Auxentii</strong></span> <span class='ocrx_word' id='word_1_295' title='bbox 887 2797 949 2852; x_wconf 88' lang='lat' dir='ltr'><strong>V.</strong></span> <span class='ocrx_word' id='word_1_296' title='bbox 977 2797 1038 2851; x_wconf 87' lang='lat' dir='ltr'><strong>C.</strong></span> <span class='ocrx_word' id='word_1_297' title='bbox 1073 2811 1204 2850; x_wconf 90' lang='lat' dir='ltr'><strong>voce</strong></span> <span class='ocrx_word' id='word_1_298' title='bbox 1238 2795 1554 2864; x_wconf 88' lang='lat' dir='ltr'><strong>perstrictus</strong></span> <span class='ocrx_word' id='word_1_299' title='bbox 1582 2801 1684 2848; x_wconf 89' lang='lat' dir='ltr'><strong>est.</strong></span> <span class='ocrx_word' id='word_1_300' title='bbox 1733 2792 1904 2860; x_wconf 83' lang='lat' dir='ltr'><strong>Quem</strong></span> 
     </span>
    </p>
   </div>
   <div class='ocr_carea' id='block_1_46' title="bbox 303 2883 1905 2966">
    <p class='ocr_par' dir='ltr' id='par_1_46' title="bbox 303 2883 1905 2966">
     <span class='ocr_line' id='line_1_46' title="bbox 303 2883 1905 2966; baseline -0.007 -18"><span class='ocrx_word' id='word_1_301' title='bbox 303 2892 596 2966; x_wconf 74' lang='lat' dir='ltr'><strong>Cyriades,</strong></span> <span class='ocrx_word' id='word_1_302' title='bbox 643 2892 727 2944; x_wconf 87' lang='lat' dir='ltr'><strong>vir</strong></span> <span class='ocrx_word' id='word_1_303' title='bbox 772 2889 956 2957; x_wconf 82' lang='lat' dir='ltr'><strong>parilis</strong></span> <span class='ocrx_word' id='word_1_304' title='bbox 1000 2887 1295 2956; x_wconf 86' lang='lat' dir='ltr'><strong>dignitatis,</strong></span> <span class='ocrx_word' id='word_1_305' title='bbox 1344 2895 1526 2940; x_wconf 89' lang='lat' dir='ltr'><strong>mutua</strong></span> <span class='ocrx_word' id='word_1_306' title='bbox 1557 2883 1905 2939; x_wconf 87' lang='lat' dir='ltr'><strong>accusatione</strong></span> 
     </span>
    </p>
   </div>
   <div class='ocr_carea' id='block_1_47' title="bbox 301 2979 1902 3048">
    <p class='ocr_par' dir='ltr' id='par_1_47' title="bbox 301 2979 1902 3048">
     <span class='ocr_line' id='line_1_47' title="bbox 301 2979 1902 3048; baseline -0.009 -5"><span class='ocrx_word' id='word_1_307' title='bbox 301 2985 546 3043; x_wconf 87' lang='lat' dir='ltr'><strong>credidit</strong></span> <span class='ocrx_word' id='word_1_308' title='bbox 571 2982 1008 3039; x_wconf 87' lang='lat' dir='ltr'><strong>remordendum.</strong></span> <span class='ocrx_word' id='word_1_309' title='bbox 1041 2980 1227 3035; x_wconf 79' lang='lat' dir='ltr'><strong>Visum</strong></span> <span class='ocrx_word' id='word_1_310' title='bbox 1271 2989 1353 3035; x_wconf 91' lang='lat' dir='ltr'><strong>est</strong></span> <span class='ocrx_word' id='word_1_311' title='bbox 1396 2979 1554 3048; x_wconf 83' lang='lat' dir='ltr'><strong>igitur</strong></span> <span class='ocrx_word' id='word_1_312' title='bbox 1592 2991 1902 3032; x_wconf 82' lang='lat' dir='ltr'><strong>accommo-</strong></span> 
     </span>
    </p>
   </div>
   <div class='ocr_carea' id='block_1_48' title="bbox 2016 1787 3604 1860">
    <p class='ocr_par' dir='ltr' id='par_1_48' title="bbox 2016 1787 3604 1860">
     <span class='ocr_line' id='line_1_48' title="bbox 2016 1787 3604 1860; baseline 0.001 -19"><span class='ocrx_word' id='word_1_313' title='bbox 2016 1787 2352 1857; x_wconf 84' lang='lat' dir='ltr'><strong>impetravit,</strong></span> <span class='ocrx_word' id='word_1_314' title='bbox 2409 1789 2638 1844; x_wconf 88' lang='lat' dir='ltr'><strong>recidiva</strong></span> <span class='ocrx_word' id='word_1_315' title='bbox 2691 1791 2995 1860; x_wconf 85' lang='lat' dir='ltr'><strong>cogn&#39;tione</strong></span> <span class='ocrx_word' id='word_1_316' title='bbox 3049 1789 3392 1858; x_wconf 82' lang='lat' dir='ltr'><strong>refugerent,</strong></span> <span class='ocrx_word' id='word_1_317' title='bbox 3447 1797 3604 1856; x_wconf 80' lang='lat' dir='ltr'><strong>atque</strong></span> 
     </span>
    </p>
   </div>
   <div class='ocr_carea' id='block_1_49' title="bbox 2015 1879 3600 1949">
    <p class='ocr_par' dir='ltr' id='par_1_49' title="bbox 2015 1879 3600 1949">
     <span class='ocr_line' id='line_1_49' title="bbox 2015 1879 3600 1949; baseline 0.001 -17"><span class='ocrx_word' id='word_1_318' title='bbox 2015 1879 2146 1948; x_wconf 88' lang='lat' dir='ltr'><strong>ipsis</strong></span> <span class='ocrx_word' id='word_1_319' title='bbox 2189 1879 2603 1935; x_wconf 87' lang='lat' dir='ltr'><strong>consistentibus</strong></span> <span class='ocrx_word' id='word_1_320' title='bbox 2653 1882 3016 1946; x_wconf 52' lang='lat' dir='ltr'><strong>cen~uissem,</strong></span> <span class='ocrx_word' id='word_1_321' title='bbox 3064 1891 3118 1934; x_wconf 91' lang='lat' dir='ltr'><strong>ut</strong></span> <span class='ocrx_word' id='word_1_322' title='bbox 3163 1881 3437 1949; x_wconf 86' lang='lat' dir='ltr'><strong>utriusque</strong></span> <span class='ocrx_word' id='word_1_323' title='bbox 3493 1889 3600 1934; x_wconf 90' lang='lat' dir='ltr'><strong>tam</strong></span> 
     </span>
    </p>
   </div>
   <div class='ocr_carea' id='block_1_50' title="bbox 2013 1969 3602 2041">
    <p class='ocr_par' dir='ltr' id='par_1_50' title="bbox 2013 1969 3602 2041">
     <span class='ocr_line' id='line_1_50' title="bbox 2013 1969 3602 2041; baseline -0.003 -17"><span class='ocrx_word' id='word_1_324' title='bbox 2013 1978 2280 2039; x_wconf 88' lang='lat' dir='ltr'><strong>sumptus,</strong></span> <span class='ocrx_word' id='word_1_325' title='bbox 2313 1985 2470 2040; x_wconf 91' lang='lat' dir='ltr'><strong>quam</strong></span> <span class='ocrx_word' id='word_1_326' title='bbox 2503 1970 2910 2026; x_wconf 62' lang='lat' dir='ltr'><strong>aedificationem</strong></span> <span class='ocrx_word' id='word_1_327' title='bbox 2944 1970 3282 2041; x_wconf 72' lang='lat' dir='ltr'><strong>investigatio</strong></span> <span class='ocrx_word' id='word_1_328' title='bbox 3309 1969 3602 2024; x_wconf 85' lang='lat' dir='ltr'><strong>discussio-</strong></span> 
     </span>
    </p>
   </div>
   <div class='ocr_carea' id='block_1_51' title="bbox 2014 2061 3605 2132">
    <p class='ocr_par' dir='ltr' id='par_1_51' title="bbox 2014 2061 3605 2132">
     <span class='ocr_line' id='line_1_51' title="bbox 2014 2061 3605 2132; baseline 0.001 -18"><span class='ocrx_word' id='word_1_329' title='bbox 2014 2063 2097 2114; x_wconf 90' lang='lat' dir='ltr'><strong>nis</strong></span> <span class='ocrx_word' id='word_1_330' title='bbox 2145 2062 2484 2131; x_wconf 87' lang='lat' dir='ltr'><strong>inquireret,</strong></span> <span class='ocrx_word' id='word_1_331' title='bbox 2547 2063 2605 2115; x_wconf 77' lang='grc' dir='ltr'><strong>ν,</strong></span> <span class='ocrx_word' id='word_1_332' title='bbox 2641 2063 2700 2118; x_wconf 88' lang='lat' dir='ltr'><strong>C.</strong></span> <span class='ocrx_word' id='word_1_333' title='bbox 2749 2063 3055 2117; x_wconf 89' lang='lat' dir='ltr'><strong>Attxcntius</strong></span> <span class='ocrx_word' id='word_1_334' title='bbox 3099 2071 3323 2132; x_wconf 81' lang='lat' dir='ltr'><strong>repetite</strong></span> <span class='ocrx_word' id='word_1_335' title='bbox 3367 2061 3605 2116; x_wconf 86' lang='lat' dir='ltr'><strong>deseruit</strong></span> 
     </span>
    </p>
   </div>
   <div class='ocr_carea' id='block_1_52' title="bbox 2009 2152 3598 2221">
    <p class='ocr_par' dir='ltr' id='par_1_52' title="bbox 2009 2152 3598 2221">
     <span class='ocr_line' id='line_1_52' title="bbox 2009 2152 3598 2221; baseline 0.001 -17"><span class='ocrx_word' id='word_1_336' title='bbox 2009 2152 2325 2221; x_wconf 86' lang='lat' dir='ltr'><strong>judicatutn.</strong></span> <span class='ocrx_word' id='word_1_337' title='bbox 2353 2153 2426 2208; x_wconf 82' lang='lat' dir='ltr'><strong>De</strong></span> <span class='ocrx_word' id='word_1_338' title='bbox 2450 2155 2602 2221; x_wconf 76' lang='lat' dir='ltr'><strong>cujus</strong></span> <span class='ocrx_word' id='word_1_339' title='bbox 2629 2154 2766 2208; x_wconf 83' lang='lat' dir='ltr'><strong>facto</strong></span> <span class='ocrx_word' id='word_1_340' title='bbox 2791 2156 3050 2208; x_wconf 72' lang='lat' dir='ltr'><strong>missurus</strong></span> <span class='ocrx_word' id='word_1_341' title='bbox 3083 2155 3414 2214; x_wconf 87' lang='lat' dir='ltr'><strong>relationem,</strong></span> <span class='ocrx_word' id='word_1_342' title='bbox 3440 2167 3598 2221; x_wconf 87' lang='lat' dir='ltr'><strong>quam</strong></span> 
     </span>
    </p>
   </div>
   <div class='ocr_carea' id='block_1_53' title="bbox 2011 2244 3602 2317">
    <p class='ocr_par' dir='ltr' id='par_1_53' title="bbox 2011 2244 3602 2317">
     <span class='ocr_line' id='line_1_53' title="bbox 2011 2244 3602 2317; baseline -0.003 -18"><span class='ocrx_word' id='word_1_343' title='bbox 2011 2245 2320 2300; x_wconf 87' lang='lat' dir='ltr'><strong>sollicitudo</strong></span> <span class='ocrx_word' id='word_1_344' title='bbox 2365 2247 2658 2302; x_wconf 87' lang='lat' dir='ltr'><strong>intermissi</strong></span> <span class='ocrx_word' id='word_1_345' title='bbox 2701 2248 2880 2317; x_wconf 79' lang='lat' dir='ltr'><strong>Opt‘t‘is</strong></span> <span class='ocrx_word' id='word_1_346' title='bbox 2922 2247 3188 2317; x_wconf 73' lang='lat' dir='ltr'><strong>exigebat,</strong></span> <span class='ocrx_word' id='word_1_347' title='bbox 3223 2246 3324 2300; x_wconf 90' lang='lat' dir='ltr'><strong>alia</strong></span> <span class='ocrx_word' id='word_1_348' title='bbox 3367 2244 3602 2299; x_wconf 73' lang='lat' dir='ltr'><strong>numinis</strong></span> 
     </span>
    </p>
   </div>
   <div class='ocr_carea' id='block_1_54' title="bbox 2011 2338 3598 2412">
    <p class='ocr_par' dir='ltr' id='par_1_54' title="bbox 2011 2338 3598 2412">
     <span class='ocr_line' id='line_1_54' title="bbox 2011 2338 3598 2412; baseline -0.001 -18"><span class='ocrx_word' id='word_1_349' title='bbox 2011 2338 2178 2394; x_wconf 86' lang='lat' dir='ltr'><strong>vestri</strong></span> <span class='ocrx_word' id='word_1_350' title='bbox 2201 2339 2416 2394; x_wconf 86' lang='lat' dir='ltr'><strong>decreta</strong></span> <span class='ocrx_word' id='word_1_351' title='bbox 2447 2355 2634 2394; x_wconf 85' lang='lat' dir='ltr'><strong>rursus</strong></span> <span class='ocrx_word' id='word_1_352' title='bbox 2665 2339 2868 2412; x_wconf 82' lang='lat' dir='ltr'><strong>accepi,</strong></span> <span class='ocrx_word' id='word_1_353' title='bbox 2896 2342 3085 2411; x_wconf 70' lang='lat' dir='ltr'><strong>quibus</strong></span> <span class='ocrx_word' id='word_1_354' title='bbox 3117 2341 3347 2394; x_wconf 76' lang='lat' dir='ltr'><strong>examini</strong></span> <span class='ocrx_word' id='word_1_355' title='bbox 3381 2355 3504 2394; x_wconf 85' lang='lat' dir='ltr'><strong>meo</strong></span> <span class='ocrx_word' id='word_1_356' title='bbox 3535 2339 3598 2393; x_wconf 75' lang='grc' dir='ltr'><strong>ν.</strong></span> 
     </span>
    </p>
   </div>
   <div class='ocr_carea' id='block_1_55' title="bbox 2008 2432 3600 2501">
    <p class='ocr_par' dir='ltr' id='par_1_55' title="bbox 2008 2432 3600 2501">
     <span class='ocr_line' id='line_1_55' title="bbox 2008 2432 3600 2501; baseline -0.001 -16"><span class='ocrx_word' id='word_1_357' title='bbox 2008 2433 2071 2485; x_wconf 68' lang='grc'><strong>(5.</strong></span> <span class='ocrx_word' id='word_1_358' title='bbox 2100 2443 2155 2486; x_wconf 92' lang='lat' dir='ltr'><strong>et</strong></span> <span class='ocrx_word' id='word_1_359' title='bbox 2190 2432 2538 2501; x_wconf 79' lang='lat' dir='ltr'><strong>spectabilem</strong></span> <span class='ocrx_word' id='word_1_360' title='bbox 2588 2433 2844 2488; x_wconf 90' lang='lat' dir='ltr'><strong>vicarium</strong></span> <span class='ocrx_word' id='word_1_361' title='bbox 2900 2434 3229 2501; x_wconf 87' lang='lat' dir='ltr'><strong>copulastis,</strong></span> <span class='ocrx_word' id='word_1_362' title='bbox 3277 2441 3330 2484; x_wconf 93' lang='lat' dir='ltr'><strong>ut</strong></span> <span class='ocrx_word' id='word_1_363' title='bbox 3375 2441 3600 2500; x_wconf 87' lang='lat' dir='ltr'><strong>utroque</strong></span> 
     </span>
    </p>
   </div>
   <div class='ocr_carea' id='block_1_56' title="bbox 2009 2522 3600 2594">
    <p class='ocr_par' dir='ltr' id='par_1_56' title="bbox 2009 2522 3600 2594">
     <span class='ocr_line' id='line_1_56' title="bbox 2009 2522 3600 2594; baseline -0.004 -17"><span class='ocrx_word' id='word_1_364' title='bbox 2009 2522 2300 2589; x_wconf 74' lang='lat' dir='ltr'><strong>residente,</strong></span> <span class='ocrx_word' id='word_1_365' title='bbox 2350 2532 2596 2578; x_wconf 86' lang='lat' dir='ltr'><strong>accusata</strong></span> <span class='ocrx_word' id='word_1_366' title='bbox 2649 2524 2825 2591; x_wconf 88' lang='lat' dir='ltr'><strong>pontis</strong></span> <span class='ocrx_word' id='word_1_367' title='bbox 2869 2523 2991 2578; x_wconf 86' lang='lat' dir='ltr'><strong>vitia</strong></span> <span class='ocrx_word' id='word_1_368' title='bbox 3037 2535 3428 2594; x_wconf 75' lang='lat' dir='ltr'><strong>qmcrerenzur.</strong></span> <span class='ocrx_word' id='word_1_369' title='bbox 3489 2522 3600 2576; x_wconf 75' lang='lat' dir='ltr'><strong>Nm</strong></span> 
     </span>
    </p>
   </div>
   <div class='ocr_carea' id='block_1_57' title="bbox 2008 2612 3597 2687">
    <p class='ocr_par' dir='ltr' id='par_1_57' title="bbox 2008 2612 3597 2687">
     <span class='ocr_line' id='line_1_57' title="bbox 2008 2612 3597 2687; baseline -0.002 -19"><span class='ocrx_word' id='word_1_370' title='bbox 2008 2614 2324 2684; x_wconf 84' lang='lat' dir='ltr'><strong>obsequium</strong></span> <span class='ocrx_word' id='word_1_371' title='bbox 2375 2615 2542 2671; x_wconf 91' lang='lat' dir='ltr'><strong>defuit</strong></span> <span class='ocrx_word' id='word_1_372' title='bbox 2590 2615 2885 2687; x_wconf 89' lang='lat' dir='ltr'><strong>imperatis.</strong></span> <span class='ocrx_word' id='word_1_373' title='bbox 2939 2615 3120 2685; x_wconf 85' lang='lat' dir='ltr'><strong>itaque</strong></span> <span class='ocrx_word' id='word_1_374' title='bbox 3156 2613 3399 2668; x_wconf 89' lang='lat' dir='ltr'><strong>adhibito</strong></span> <span class='ocrx_word' id='word_1_375' title='bbox 3439 2613 3505 2668; x_wconf 74' lang='grc' dir='ltr'><strong>γ.</strong></span> <span class='ocrx_word' id='word_1_376' title='bbox 3533 2612 3597 2666; x_wconf 87' lang='lat' dir='ltr'><strong>C.</strong></span> 
     </span>
    </p>
   </div>
   <div class='ocr_carea' id='block_1_58' title="bbox 2008 2701 3595 2775">
    <p class='ocr_par' dir='ltr' id='par_1_58' title="bbox 2008 2701 3595 2775">
     <span class='ocr_line' id='line_1_58' title="bbox 2008 2701 3595 2775; baseline -0.001 -17"><span class='ocrx_word' id='word_1_377' title='bbox 2008 2705 2247 2772; x_wconf 89' lang='lat' dir='ltr'><strong>tribuno,</strong></span> <span class='ocrx_word' id='word_1_378' title='bbox 2289 2715 2344 2761; x_wconf 90' lang='lat' dir='ltr'><strong>et</strong></span> <span class='ocrx_word' id='word_1_379' title='bbox 2385 2706 2596 2760; x_wconf 91' lang='lat' dir='ltr'><strong>notario</strong></span> <span class='ocrx_word' id='word_1_380' title='bbox 2624 2704 2965 2775; x_wconf 87' lang='lat' dir='ltr'><strong>Aphrodisio,</strong></span> <span class='ocrx_word' id='word_1_381' title='bbox 3007 2705 3090 2759; x_wconf 89' lang='lat' dir='ltr'><strong>cui</strong></span> <span class='ocrx_word' id='word_1_382' title='bbox 3126 2712 3246 2774; x_wconf 90' lang='lat' dir='ltr'><strong>post</strong></span> <span class='ocrx_word' id='word_1_383' title='bbox 3272 2701 3595 2758; x_wconf 82' lang='lat' dir='ltr'><strong>Auxentiqu</strong></span> 
     </span>
    </p>
   </div>
   <div class='ocr_carea' id='block_1_59' title="bbox 2009 2791 3597 2863">
    <p class='ocr_par' dir='ltr' id='par_1_59' title="bbox 2009 2791 3597 2863">
     <span class='ocr_line' id='line_1_59' title="bbox 2009 2791 3597 2863; baseline -0.003 -13"><span class='ocrx_word' id='word_1_384' title='bbox 2009 2796 2071 2850; x_wconf 80' lang='grc' dir='ltr'><strong>γ.</strong></span> <span class='ocrx_word' id='word_1_385' title='bbox 2100 2794 2163 2851; x_wconf 89' lang='lat' dir='ltr'><strong>C.</strong></span> <span class='ocrx_word' id='word_1_386' title='bbox 2193 2812 2447 2851; x_wconf 87' lang='lat' dir='ltr'><strong>novarum</strong></span> <span class='ocrx_word' id='word_1_387' title='bbox 2493 2795 2829 2851; x_wconf 91' lang='lat' dir='ltr'><strong>molitionum</strong></span> <span class='ocrx_word' id='word_1_388' title='bbox 2881 2810 3011 2850; x_wconf 89' lang='lat' dir='ltr'><strong>cura</strong></span> <span class='ocrx_word' id='word_1_389' title='bbox 3062 2794 3231 2863; x_wconf 87' lang='lat' dir='ltr'><strong>legata</strong></span> <span class='ocrx_word' id='word_1_390' title='bbox 3275 2801 3378 2858; x_wconf 89' lang='lat' dir='ltr'><strong>est,</strong></span> <span class='ocrx_word' id='word_1_391' title='bbox 3420 2791 3597 2847; x_wconf 83' lang='lat' dir='ltr'><strong>habita</strong></span> 
     </span>
    </p>
   </div>
   <div class='ocr_carea' id='block_1_60' title="bbox 2006 2883 3593 2957">
    <p class='ocr_par' dir='ltr' id='par_1_60' title="bbox 2006 2883 3593 2957">
     <span class='ocr_line' id='line_1_60' title="bbox 2006 2883 3593 2957; baseline -0.003 -17"><span class='ocrx_word' id='word_1_392' title='bbox 2006 2895 2088 2941; x_wconf 86' lang='lat' dir='ltr'><strong>est</strong></span> <span class='ocrx_word' id='word_1_393' title='bbox 2130 2885 2199 2941; x_wconf 90' lang='lat' dir='ltr'><strong>de</strong></span> <span class='ocrx_word' id='word_1_394' title='bbox 2230 2885 2310 2940; x_wconf 89' lang='lat' dir='ltr'><strong>his</strong></span> <span class='ocrx_word' id='word_1_395' title='bbox 2343 2887 2569 2957; x_wconf 69' lang='lat' dir='ltr'><strong>qumstio</strong></span> <span class='ocrx_word' id='word_1_396' title='bbox 2607 2886 2698 2956; x_wconf 89' lang='lat' dir='ltr'><strong>qui</strong></span> <span class='ocrx_word' id='word_1_397' title='bbox 2736 2885 2917 2956; x_wconf 88' lang='lat' dir='ltr'><strong>pontis</strong></span> <span class='ocrx_word' id='word_1_398' title='bbox 2962 2885 3202 2954; x_wconf 88' lang='lat' dir='ltr'><strong>ejusdem</strong></span> <span class='ocrx_word' id='word_1_399' title='bbox 3253 2883 3593 2938; x_wconf 84' lang='lat' dir='ltr'><strong>fundamenta</strong></span> 
     </span>
    </p>
   </div>
   <div class='ocr_carea' id='block_1_61' title="bbox 2008 2976 3596 3047">
    <p class='ocr_par' dir='ltr' id='par_1_61' title="bbox 2008 2976 3596 3047">
     <span class='ocr_line' id='line_1_61' title="bbox 2008 2976 3596 3047; baseline 0.001 -16"><span class='ocrx_word' id='word_1_400' title='bbox 2008 2984 2323 3045; x_wconf 87' lang='lat' dir='ltr'><strong>posuerunt.</strong></span> <span class='ocrx_word' id='word_1_401' title='bbox 2359 2979 2534 3047; x_wconf 86' lang='lat' dir='ltr'><strong>Atque</strong></span> <span class='ocrx_word' id='word_1_402' title='bbox 2562 2977 2634 3031; x_wconf 87' lang='lat' dir='ltr'><strong>ita</strong></span> <span class='ocrx_word' id='word_1_403' title='bbox 2663 2976 2904 3033; x_wconf 90' lang='lat' dir='ltr'><strong>constitit</strong></span> <span class='ocrx_word' id='word_1_404' title='bbox 2935 2986 3136 3046; x_wconf 43' lang='lat' dir='ltr'><strong>p&#39;irtem</strong></span> <span class='ocrx_word' id='word_1_405' title='bbox 3177 2978 3393 3032; x_wconf 89' lang='lat' dir='ltr'><strong>brevem</strong></span> <span class='ocrx_word' id='word_1_406' title='bbox 3434 2985 3596 3046; x_wconf 86' lang='lat' dir='ltr'><strong>atque</strong></span> 
     </span>
    </p>
   </div>
   <div class='ocr_carea' id='block_1_62' title="bbox 303 3057 3597 3142">
    <p class='ocr_par' dir='ltr' id='par_1_62' title="bbox 303 3057 3597 3142">
     <span class='ocr_line' id='line_1_62' title="bbox 303 3057 3597 3142; baseline -0.002 -13"><span class='ocrx_word' id='word_1_407' title='bbox 303 3078 439 3132; x_wconf 77' lang='lat' dir='ltr'><strong>dum</strong></span> <span class='ocrx_word' id='word_1_408' title='bbox 491 3087 548 3130; x_wconf 92' lang='lat' dir='ltr'><strong>ut</strong></span> <span class='ocrx_word' id='word_1_409' title='bbox 587 3076 861 3142; x_wconf 85' lang='lat' dir='ltr'><strong>utriusque</strong></span> <span class='ocrx_word' id='word_1_410' title='bbox 915 3071 1322 3130; x_wconf 67' lang='lat' dir='ltr'><strong>aedificationem</strong></span> <span class='ocrx_word' id='word_1_411' title='bbox 1364 3071 1466 3125; x_wconf 86' lang='lat' dir='ltr'><strong>fida</strong></span> <span class='ocrx_word' id='word_1_412' title='bbox 1500 3071 1790 3125; x_wconf 65' lang='lat' dir='ltr'><strong>aestimaret</strong></span> <span class='ocrx_word' id='word_1_413' title='bbox 1824 3069 1906 3123; x_wconf 89' lang='lat' dir='ltr'><strong>in-</strong></span> <span class='ocrx_word' id='word_1_414' title='bbox 1934 3057 1979 3119; x_wconf 90' lang='lat' dir='ltr'>C</span> <span class='ocrx_word' id='word_1_415' title='bbox 2011 3071 2299 3124; x_wconf 87' lang='lat' dir='ltr'><strong>discretam</strong></span> <span class='ocrx_word' id='word_1_416' title='bbox 2329 3070 2427 3124; x_wconf 91' lang='lat' dir='ltr'><strong>sub</strong></span> <span class='ocrx_word' id='word_1_417' title='bbox 2457 3071 2680 3126; x_wconf 88' lang='lat' dir='ltr'><strong>exordio</strong></span> <span class='ocrx_word' id='word_1_418' title='bbox 2706 3070 2916 3140; x_wconf 83' lang='lat' dir='ltr'><strong>hyemis</strong></span> <span class='ocrx_word' id='word_1_419' title='bbox 2946 3070 3248 3125; x_wconf 88' lang='lat' dir='ltr'><strong>inchoatam</strong></span> <span class='ocrx_word' id='word_1_420' title='bbox 3282 3071 3329 3122; x_wconf 92' lang='lat' dir='ltr'><strong>vi</strong></span> <span class='ocrx_word' id='word_1_421' title='bbox 3358 3069 3597 3124; x_wconf 89' lang='lat' dir='ltr'><strong>fluminis</strong></span> 
     </span>
    </p>
   </div>
   <div class='ocr_carea' id='block_1_63' title="bbox 301 3160 1900 3237">
    <p class='ocr_par' dir='ltr' id='par_1_63' title="bbox 301 3160 1900 3237">
     <span class='ocr_line' id='line_1_63' title="bbox 301 3160 1900 3237; baseline -0.006 -15"><span class='ocrx_word' id='word_1_422' title='bbox 301 3168 543 3237; x_wconf 66' lang='lat' dir='ltr'><strong>Spectio.</strong></span> <span class='ocrx_word' id='word_1_423' title='bbox 597 3165 727 3219; x_wconf 90' lang='lat' dir='ltr'><strong>Dedi</strong></span> <span class='ocrx_word' id='word_1_424' title='bbox 759 3166 1027 3234; x_wconf 73' lang='lat' dir='ltr'><strong>negotium</strong></span> <span class='ocrx_word' id='word_1_425' title='bbox 1061 3161 1325 3225; x_wconf 87' lang='lat' dir='ltr'><strong>sollicitis,</strong></span> <span class='ocrx_word' id='word_1_426' title='bbox 1354 3169 1612 3232; x_wconf 85' lang='lat' dir='ltr'><strong>quantum</strong></span> <span class='ocrx_word' id='word_1_427' title='bbox 1649 3160 1900 3226; x_wconf 89' lang='lat' dir='ltr'><strong>arbitror,</strong></span> 
     </span>
    </p>
   </div>
   <div class='ocr_carea' id='block_1_64' title="bbox 301 3251 1905 3327">
    <p class='ocr_par' dir='ltr' id='par_1_64' title="bbox 301 3251 1905 3327">
     <span class='ocr_line' id='line_1_64' title="bbox 301 3251 1905 3327; baseline -0.002 -19"><span class='ocrx_word' id='word_1_428' title='bbox 301 3260 479 3325; x_wconf 77' lang='lat' dir='ltr'><strong>viris,</strong></span> <span class='ocrx_word' id='word_1_429' title='bbox 525 3266 582 3312; x_wconf 87' lang='lat' dir='ltr'><strong>et</strong></span> <span class='ocrx_word' id='word_1_430' title='bbox 621 3255 850 3327; x_wconf 84' lang='lat' dir='ltr'><strong>Cyriade</strong></span> <span class='ocrx_word' id='word_1_431' title='bbox 896 3270 1030 3324; x_wconf 89' lang='lat' dir='ltr'><strong>pene</strong></span> <span class='ocrx_word' id='word_1_432' title='bbox 1071 3263 1388 3320; x_wconf 87' lang='lat' dir='ltr'><strong>recusante,</strong></span> <span class='ocrx_word' id='word_1_433' title='bbox 1440 3251 1652 3306; x_wconf 90' lang='lat' dir='ltr'><strong>decrevi</strong></span> <span class='ocrx_word' id='word_1_434' title='bbox 1701 3251 1905 3305; x_wconf 80' lang='lat' dir='ltr'><strong>fabrilis</strong></span> 
     </span>
    </p>
   </div>
   <div class='ocr_carea' id='block_1_65' title="bbox 303 3343 1902 3417">
    <p class='ocr_par' dir='ltr' id='par_1_65' title="bbox 303 3343 1902 3417">
     <span class='ocr_line' id='line_1_65' title="bbox 303 3343 1902 3417; baseline -0.006 -14"><span class='ocrx_word' id='word_1_435' title='bbox 303 3351 442 3405; x_wconf 83' lang='lat' dir='ltr'><strong>artis</strong></span> <span class='ocrx_word' id='word_1_436' title='bbox 487 3348 806 3417; x_wconf 87' lang='lat' dir='ltr'><strong>magistros,</strong></span> <span class='ocrx_word' id='word_1_437' title='bbox 847 3361 980 3415; x_wconf 90' lang='lat' dir='ltr'><strong>quos</strong></span> <span class='ocrx_word' id='word_1_438' title='bbox 1012 3345 1325 3399; x_wconf 88' lang='lat' dir='ltr'><strong>adversario</strong></span> <span class='ocrx_word' id='word_1_439' title='bbox 1353 3345 1618 3414; x_wconf 75' lang='lat' dir='ltr'><strong>:equiqres</strong></span> <span class='ocrx_word' id='word_1_440' title='bbox 1649 3343 1902 3412; x_wconf 86' lang='lat' dir='ltr'><strong>putabat,</strong></span> 
     </span>
    </p>
   </div>
   <div class='ocr_carea' id='block_1_66' title="bbox 301 3433 1904 3504">
    <p class='ocr_par' dir='ltr' id='par_1_66' title="bbox 301 3433 1904 3504">
     <span class='ocr_line' id='line_1_66' title="bbox 301 3433 1904 3504; baseline -0.005 -10"><span class='ocrx_word' id='word_1_441' title='bbox 301 3438 660 3496; x_wconf 70' lang='lat' dir='ltr'><strong>mstimationi</strong></span> <span class='ocrx_word' id='word_1_442' title='bbox 689 3438 869 3504; x_wconf 80' lang='lat' dir='ltr'><strong>aperis</strong></span> <span class='ocrx_word' id='word_1_443' title='bbox 897 3435 1262 3490; x_wconf 79' lang='lat' dir='ltr'><strong>admovendus</strong></span> <span class='ocrx_word' id='word_1_444' title='bbox 1288 3450 1304 3489; x_wconf 90' lang='lat'><strong>:</strong></span> <span class='ocrx_word' id='word_1_445' title='bbox 1350 3444 1600 3489; x_wconf 88' lang='lat' dir='ltr'><strong>manente</strong></span> <span class='ocrx_word' id='word_1_446' title='bbox 1630 3433 1904 3487; x_wconf 83' lang='lat' dir='ltr'><strong>nihilomi-</strong></span> 
     </span>
    </p>
   </div>
   <div class='ocr_carea' id='block_1_67' title="bbox 301 3526 1904 3603">
    <p class='ocr_par' dir='ltr' id='par_1_67' title="bbox 301 3526 1904 3603">
     <span class='ocr_line' id='line_1_67' title="bbox 301 3526 1904 3603; baseline -0.005 -15"><span class='ocrx_word' id='word_1_447' title='bbox 301 3549 400 3589; x_wconf 86' lang='lat' dir='ltr'><strong>nus</strong></span> <span class='ocrx_word' id='word_1_448' title='bbox 460 3547 629 3603; x_wconf 86' lang='lat' dir='ltr'><strong>penes</strong></span> <span class='ocrx_word' id='word_1_449' title='bbox 672 3530 996 3587; x_wconf 83' lang='lat' dir='ltr'><strong>Auxentium</strong></span> <span class='ocrx_word' id='word_1_450' title='bbox 1048 3543 1175 3584; x_wconf 89' lang='lat' dir='ltr'><strong>cura</strong></span> <span class='ocrx_word' id='word_1_451' title='bbox 1229 3537 1389 3597; x_wconf 89' lang='lat' dir='ltr'><strong>atque</strong></span> <span class='ocrx_word' id='word_1_452' title='bbox 1435 3526 1904 3580; x_wconf 87' lang='lat' dir='ltr'><strong>administratione</strong></span> 
     </span>
    </p>
   </div>
   <div class='ocr_carea' id='block_1_68' title="bbox 301 3617 1902 3696">
    <p class='ocr_par' dir='ltr' id='par_1_68' title="bbox 301 3617 1902 3696">
     <span class='ocr_line' id='line_1_68' title="bbox 301 3617 1902 3696; baseline -0.004 -19"><span class='ocrx_word' id='word_1_453' title='bbox 301 3635 644 3696; x_wconf 59' lang='lat' dir='ltr'><strong>captorum,</strong></span> <span class='ocrx_word' id='word_1_454' title='bbox 693 3623 834 3693; x_wconf 90' lang='lat' dir='ltr'><strong>quod</strong></span> <span class='ocrx_word' id='word_1_455' title='bbox 879 3621 1103 3676; x_wconf 87' lang='lat' dir='ltr'><strong>necdqu</strong></span> <span class='ocrx_word' id='word_1_456' title='bbox 1147 3621 1420 3674; x_wconf 65' lang='lat' dir='ltr'><strong>aeternitas</strong></span> <span class='ocrx_word' id='word_1_457' title='bbox 1459 3630 1635 3674; x_wconf 89' lang='lat' dir='ltr'><strong>vestra</strong></span> <span class='ocrx_word' id='word_1_458' title='bbox 1667 3617 1902 3672; x_wconf 86' lang='lat' dir='ltr'><strong>officium</strong></span> 
     </span>
    </p>
   </div>
   <div class='ocr_carea' id='block_1_69' title="bbox 300 3709 1905 3786">
    <p class='ocr_par' dir='ltr' id='par_1_69' title="bbox 300 3709 1905 3786">
     <span class='ocr_line' id='line_1_69' title="bbox 300 3709 1905 3786; baseline -0.005 -16"><span class='ocrx_word' id='word_1_459' title='bbox 300 3717 423 3786; x_wconf 86' lang='lat' dir='ltr'><strong>ejus</strong></span> <span class='ocrx_word' id='word_1_460' title='bbox 481 3716 827 3770; x_wconf 74' lang='lat' dir='ltr'><strong>successione</strong></span> <span class='ocrx_word' id='word_1_461' title='bbox 879 3720 1157 3766; x_wconf 86' lang='lat' dir='ltr'><strong>mutasset.</strong></span> <span class='ocrx_word' id='word_1_462' title='bbox 1220 3710 1401 3780; x_wconf 88' lang='lat' dir='ltr'><strong>itaque</strong></span> <span class='ocrx_word' id='word_1_463' title='bbox 1451 3710 1654 3764; x_wconf 85' lang='lat' dir='ltr'><strong>exactis</strong></span> <span class='ocrx_word' id='word_1_464' title='bbox 1701 3709 1905 3776; x_wconf 87' lang='lat' dir='ltr'><strong>aliquot</strong></span> 
     </span>
    </p>
   </div>
   <div class='ocr_carea' id='block_1_70' title="bbox 299 3801 1900 3874">
    <p class='ocr_par' dir='ltr' id='par_1_70' title="bbox 299 3801 1900 3874">
     <span class='ocr_line' id='line_1_70' title="bbox 299 3801 1900 3874; baseline -0.005 -13"><span class='ocrx_word' id='word_1_465' title='bbox 299 3811 524 3874; x_wconf 86' lang='lat' dir='ltr'><strong>diebus,</strong></span> <span class='ocrx_word' id='word_1_466' title='bbox 556 3817 609 3861; x_wconf 89' lang='lat' dir='ltr'><strong>et</strong></span> <span class='ocrx_word' id='word_1_467' title='bbox 631 3805 807 3860; x_wconf 89' lang='lat' dir='ltr'><strong>adhuc</strong></span> <span class='ocrx_word' id='word_1_468' title='bbox 828 3805 1094 3874; x_wconf 90' lang='lat' dir='ltr'><strong>pendente</strong></span> <span class='ocrx_word' id='word_1_469' title='bbox 1119 3804 1297 3872; x_wconf 83' lang='lat' dir='ltr'><strong>operis</strong></span> <span class='ocrx_word' id='word_1_470' title='bbox 1321 3801 1587 3868; x_wconf 86' lang='lat' dir='ltr'><strong>examine,</strong></span> <span class='ocrx_word' id='word_1_471' title='bbox 1613 3801 1900 3870; x_wconf 82' lang='lat' dir='ltr'><strong>apparitio,</strong></span> 
     </span>
    </p>
   </div>
   <div class='ocr_carea' id='block_1_71' title="bbox 301 3891 1902 3970">
    <p class='ocr_par' dir='ltr' id='par_1_71' title="bbox 301 3891 1902 3970">
     <span class='ocr_line' id='line_1_71' title="bbox 301 3891 1902 3970; baseline -0.008 -13"><span class='ocrx_word' id='word_1_472' title='bbox 301 3918 430 3970; x_wconf 72' lang='lat' dir='ltr'><strong>qua:</strong></span> <span class='ocrx_word' id='word_1_473' title='bbox 463 3898 738 3955; x_wconf 87' lang='lat' dir='ltr'><strong>Auxentio</strong></span> <span class='ocrx_word' id='word_1_474' title='bbox 775 3896 949 3952; x_wconf 84' lang='lat' dir='ltr'><strong>fuerat</strong></span> <span class='ocrx_word' id='word_1_475' title='bbox 993 3896 1265 3965; x_wconf 75' lang='lat' dir='ltr'><strong>deputata,</strong></span> <span class='ocrx_word' id='word_1_476' title='bbox 1318 3909 1414 3964; x_wconf 88' lang='lat' dir='ltr'><strong>per</strong></span> <span class='ocrx_word' id='word_1_477' title='bbox 1457 3894 1727 3948; x_wconf 89' lang='lat' dir='ltr'><strong>notarium</strong></span> <span class='ocrx_word' id='word_1_478' title='bbox 1770 3891 1902 3947; x_wconf 90' lang='lat' dir='ltr'><strong>mihi</strong></span> 
     </span>
    </p>
   </div>
   <div class='ocr_carea' id='block_1_72' title="bbox 303 3985 1907 4056">
    <p class='ocr_par' dir='ltr' id='par_1_72' title="bbox 303 3985 1907 4056">
     <span class='ocr_line' id='line_1_72' title="bbox 303 3985 1907 4056; baseline -0.006 -8"><span class='ocrx_word' id='word_1_479' title='bbox 303 3993 433 4049; x_wconf 77' lang='lat' dir='ltr'><strong>fecit</strong></span> <span class='ocrx_word' id='word_1_480' title='bbox 472 3989 766 4056; x_wconf 90' lang='lat' dir='ltr'><strong>indicium,</strong></span> <span class='ocrx_word' id='word_1_481' title='bbox 797 3988 1104 4044; x_wconf 90' lang='lat' dir='ltr'><strong>deseruisse</strong></span> <span class='ocrx_word' id='word_1_482' title='bbox 1129 3987 1485 4041; x_wconf 78' lang='lat' dir='ltr'><strong>clarissimum</strong></span> <span class='ocrx_word' id='word_1_483' title='bbox 1516 3985 1688 4040; x_wconf 90' lang='lat' dir='ltr'><strong>virum</strong></span> <span class='ocrx_word' id='word_1_484' title='bbox 1717 3998 1907 4040; x_wconf 91' lang='lat' dir='ltr'><strong>susce-</strong></span> 
     </span>
    </p>
   </div>
   <div class='ocr_carea' id='block_1_73' title="bbox 301 4077 1900 4156">
    <p class='ocr_par' dir='ltr' id='par_1_73' title="bbox 301 4077 1900 4156">
     <span class='ocr_line' id='line_1_73' title="bbox 301 4077 1900 4156; baseline -0.009 -15"><span class='ocrx_word' id='word_1_485' title='bbox 301 4097 528 4156; x_wconf 88' lang='lat' dir='ltr'><strong>ptorum</strong></span> <span class='ocrx_word' id='word_1_486' title='bbox 559 4097 741 4138; x_wconf 88' lang='lat' dir='ltr'><strong>curam</strong></span> <span class='ocrx_word' id='word_1_487' title='bbox 769 4081 1034 4144; x_wconf 90' lang='lat' dir='ltr'><strong>locorum,</strong></span> <span class='ocrx_word' id='word_1_488' title='bbox 1064 4087 1120 4133; x_wconf 87' lang='lat' dir='ltr'><strong>et</strong></span> <span class='ocrx_word' id='word_1_489' title='bbox 1147 4079 1247 4132; x_wconf 90' lang='lat' dir='ltr'><strong>sub</strong></span> <span class='ocrx_word' id='word_1_490' title='bbox 1276 4078 1394 4146; x_wconf 88' lang='lat' dir='ltr'><strong>ipso</strong></span> <span class='ocrx_word' id='word_1_491' title='bbox 1426 4077 1626 4131; x_wconf 68' lang='lat' dir='ltr'><strong>mstatis</strong></span> <span class='ocrx_word' id='word_1_492' title='bbox 1655 4078 1900 4142; x_wconf 89' lang='lat' dir='ltr'><strong>exordio,</strong></span> 
     </span>
    </p>
   </div>
   <div class='ocr_carea' id='block_1_74' title="bbox 302 4168 1900 4250">
    <p class='ocr_par' dir='ltr' id='par_1_74' title="bbox 302 4168 1900 4250">
     <span class='ocr_line' id='line_1_74' title="bbox 302 4168 1900 4250; baseline -0.004 -22"><span class='ocrx_word' id='word_1_493' title='bbox 302 4196 410 4250; x_wconf 82' lang='lat' dir='ltr'><strong>quo</strong></span> <span class='ocrx_word' id='word_1_494' title='bbox 439 4176 617 4248; x_wconf 88' lang='lat' dir='ltr'><strong>possit</strong></span> <span class='ocrx_word' id='word_1_495' title='bbox 642 4173 912 4246; x_wconf 88' lang='lat' dir='ltr'><strong>profectus</strong></span> <span class='ocrx_word' id='word_1_496' title='bbox 940 4169 1310 4226; x_wconf 69' lang='lat' dir='ltr'><strong>mdiﬁcationis</strong></span> <span class='ocrx_word' id='word_1_497' title='bbox 1336 4183 1644 4238; x_wconf 88' lang='lat' dir='ltr'><strong>assurgere,</strong></span> <span class='ocrx_word' id='word_1_498' title='bbox 1675 4168 1900 4221; x_wconf 92' lang='lat' dir='ltr'><strong>nihilum</strong></span> 
     </span>
    </p>
   </div>
   <div class='ocr_carea' id='block_1_75' title="bbox 303 4259 1904 4339">
    <p class='ocr_par' dir='ltr' id='par_1_75' title="bbox 303 4259 1904 4339">
     <span class='ocr_line' id='line_1_75' title="bbox 303 4259 1904 4339; baseline -0.007 -16"><span class='ocrx_word' id='word_1_499' title='bbox 303 4267 638 4339; x_wconf 85' lang='lat' dir='ltr'><strong>promoveri.</strong></span> <span class='ocrx_word' id='word_1_500' title='bbox 690 4263 798 4320; x_wconf 91' lang='lat' dir='ltr'><strong>Sed</strong></span> <span class='ocrx_word' id='word_1_501' title='bbox 829 4263 951 4334; x_wconf 90' lang='lat' dir='ltr'><strong>quia</strong></span> <span class='ocrx_word' id='word_1_502' title='bbox 996 4261 1262 4317; x_wconf 87' lang='lat' dir='ltr'><strong>senatoris</strong></span> <span class='ocrx_word' id='word_1_503' title='bbox 1307 4259 1428 4330; x_wconf 85' lang='lat' dir='ltr'><strong>fuga</strong></span> <span class='ocrx_word' id='word_1_504' title='bbox 1475 4274 1581 4314; x_wconf 92' lang='lat' dir='ltr'><strong>non</strong></span> <span class='ocrx_word' id='word_1_505' title='bbox 1619 4259 1904 4313; x_wconf 86' lang='lat' dir='ltr'><strong>videbatur</strong></span> 
     </span>
    </p>
   </div>
   <div class='ocr_carea' id='block_1_76' title="bbox 304 4350 1902 4422">
    <p class='ocr_par' dir='ltr' id='par_1_76' title="bbox 304 4350 1902 4422">
     <span class='ocr_line' id='line_1_76' title="bbox 304 4350 1902 4422; baseline -0.006 -10"><span class='ocrx_word' id='word_1_506' title='bbox 304 4371 519 4415; x_wconf 87' lang='lat' dir='ltr'><strong>temere</strong></span> <span class='ocrx_word' id='word_1_507' title='bbox 545 4355 850 4422; x_wconf 82' lang='lat' dir='ltr'><strong>credenda,</strong></span> <span class='ocrx_word' id='word_1_508' title='bbox 897 4363 953 4407; x_wconf 92' lang='lat' dir='ltr'><strong>ut</strong></span> <span class='ocrx_word' id='word_1_509' title='bbox 994 4353 1282 4422; x_wconf 88' lang='lat' dir='ltr'><strong>impensius</strong></span> <span class='ocrx_word' id='word_1_510' title='bbox 1322 4351 1689 4420; x_wconf 88' lang='lat' dir='ltr'><strong>requireretur</strong></span> <span class='ocrx_word' id='word_1_511' title='bbox 1714 4350 1902 4403; x_wconf 88' lang='lat' dir='ltr'><strong>admo-</strong></span> 
     </span>
    </p>
   </div>
   <div class='ocr_carea' id='block_1_77' title="bbox 2007 3163 3592 3236">
    <p class='ocr_par' dir='ltr' id='par_1_77' title="bbox 2007 3163 3592 3236">
     <span class='ocr_line' id='line_1_77' title="bbox 2007 3163 3592 3236; baseline -0.001 -17"><span class='ocrx_word' id='word_1_512' title='bbox 2007 3167 2296 3228; x_wconf 82' lang='lat' dir='ltr'><strong>corruisse,</strong></span> <span class='ocrx_word' id='word_1_513' title='bbox 2326 3167 2478 3235; x_wconf 88' lang='lat' dir='ltr'><strong>cujus</strong></span> <span class='ocrx_word' id='word_1_514' title='bbox 2505 3165 2832 3235; x_wconf 87' lang='lat' dir='ltr'><strong>impendium</strong></span> <span class='ocrx_word' id='word_1_515' title='bbox 2864 3165 3049 3236; x_wconf 82' lang='lat' dir='ltr'><strong>viginti</strong></span> <span class='ocrx_word' id='word_1_516' title='bbox 3076 3165 3369 3220; x_wconf 90' lang='lat' dir='ltr'><strong>solidorum</strong></span> <span class='ocrx_word' id='word_1_517' title='bbox 3397 3163 3592 3219; x_wconf 87' lang='lat' dir='ltr'><strong>defini-</strong></span> 
     </span>
    </p>
   </div>
   <div class='ocr_carea' id='block_1_78' title="bbox 2007 3249 3592 3325">
    <p class='ocr_par' dir='ltr' id='par_1_78' title="bbox 2007 3249 3592 3325">
     <span class='ocr_line' id='line_1_78' title="bbox 2007 3249 3592 3325; baseline -0.001 -17"><span class='ocrx_word' id='word_1_518' title='bbox 2007 3256 2095 3308; x_wconf 91' lang='lat' dir='ltr'><strong>tio.</strong></span> <span class='ocrx_word' id='word_1_519' title='bbox 2122 3272 2153 3311; x_wconf 90' lang='lat' dir='ltr'><strong>e</strong></span> <span class='ocrx_word' id='word_1_520' title='bbox 2197 3256 2430 3312; x_wconf 87' lang='lat' dir='ltr'><strong>artifices</strong></span> <span class='ocrx_word' id='word_1_521' title='bbox 2477 3249 2829 3313; x_wconf 54' lang='lat' dir='ltr'><strong>a&#39;stii&#39;nartmt.</strong></span> <span class='ocrx_word' id='word_1_522' title='bbox 2875 3256 2981 3311; x_wconf 88' lang='lat' dir='ltr'><strong>Sed</strong></span> <span class='ocrx_word' id='word_1_523' title='bbox 3025 3271 3180 3311; x_wconf 90' lang='lat' dir='ltr'><strong>casus</strong></span> <span class='ocrx_word' id='word_1_524' title='bbox 3208 3255 3374 3325; x_wconf 89' lang='lat' dir='ltr'><strong>partis</strong></span> <span class='ocrx_word' id='word_1_525' title='bbox 3419 3254 3592 3319; x_wconf 87' lang='lat' dir='ltr'><strong>istius,</strong></span> 
     </span>
    </p>
   </div>
   <div class='ocr_carea' id='block_1_79' title="bbox 2008 3347 3595 3418">
    <p class='ocr_par' dir='ltr' id='par_1_79' title="bbox 2008 3347 3595 3418">
     <span class='ocr_line' id='line_1_79' title="bbox 2008 3347 3595 3418; baseline 0.001 -19"><span class='ocrx_word' id='word_1_526' title='bbox 2008 3356 2191 3416; x_wconf 56' lang='lat' dir='ltr'><strong>ntpite</strong></span> <span class='ocrx_word' id='word_1_527' title='bbox 2229 3349 2403 3404; x_wconf 83' lang='lat' dir='ltr'><strong>adhuc</strong></span> <span class='ocrx_word' id='word_1_528' title='bbox 2433 3363 2460 3401; x_wconf 89' lang='lat' dir='ltr'><strong>a</strong></span> <span class='ocrx_word' id='word_1_529' title='bbox 2491 3359 2690 3404; x_wconf 68' lang='lat' dir='ltr'><strong>ctetero</strong></span> <span class='ocrx_word' id='word_1_530' title='bbox 2733 3363 2961 3418; x_wconf 81' lang='lat' dir='ltr'><strong>corpore</strong></span> <span class='ocrx_word' id='word_1_531' title='bbox 2999 3359 3315 3418; x_wconf 69' lang='lat' dir='ltr'><strong>segregatze,</strong></span> <span class='ocrx_word' id='word_1_532' title='bbox 3347 3347 3479 3402; x_wconf 88' lang='lat' dir='ltr'><strong>nihil</strong></span> <span class='ocrx_word' id='word_1_533' title='bbox 3515 3347 3595 3401; x_wconf 88' lang='lat' dir='ltr'><strong>vi-</strong></span> 
     </span>
    </p>
   </div>
   <div class='ocr_carea' id='block_1_80' title="bbox 2006 3437 3593 3511">
    <p class='ocr_par' dir='ltr' id='par_1_80' title="bbox 2006 3437 3593 3511">
     <span class='ocr_line' id='line_1_80' title="bbox 2006 3437 3593 3511; baseline -0.001 -19"><span class='ocrx_word' id='word_1_534' title='bbox 2006 3437 2164 3492; x_wconf 88' lang='lat' dir='ltr'><strong>detur</strong></span> <span class='ocrx_word' id='word_1_535' title='bbox 2193 3439 2401 3508; x_wconf 66' lang='lat' dir='ltr'><strong>injuriae</strong></span> <span class='ocrx_word' id='word_1_536' title='bbox 2425 3439 2557 3494; x_wconf 90' lang='lat' dir='ltr'><strong>locis</strong></span> <span class='ocrx_word' id='word_1_537' title='bbox 2587 3441 2908 3495; x_wconf 85' lang='lat' dir='ltr'><strong>distantibus</strong></span> <span class='ocrx_word' id='word_1_538' title='bbox 2946 3439 3192 3494; x_wconf 88' lang='lat' dir='ltr'><strong>attulisse</strong></span> <span class='ocrx_word' id='word_1_539' title='bbox 3220 3457 3234 3492; x_wconf 87' lang='lat'><strong>:</strong></span> <span class='ocrx_word' id='word_1_540' title='bbox 3263 3455 3422 3511; x_wconf 85' lang='lat' dir='ltr'><strong>quam</strong></span> <span class='ocrx_word' id='word_1_541' title='bbox 3453 3439 3593 3493; x_wconf 83' lang='lat' dir='ltr'><strong>facili</strong></span> 
     </span>
    </p>
   </div>
   <div class='ocr_carea' id='block_1_81' title="bbox 2007 3529 3590 3602">
    <p class='ocr_par' dir='ltr' id='par_1_81' title="bbox 2007 3529 3590 3602">
     <span class='ocr_line' id='line_1_81' title="bbox 2007 3529 3590 3602; baseline 0.003 -22"><span class='ocrx_word' id='word_1_542' title='bbox 2007 3529 2360 3584; x_wconf 84' lang='lat' dir='ltr'><strong>a-diﬁcatione</strong></span> <span class='ocrx_word' id='word_1_543' title='bbox 2404 3531 2754 3595; x_wconf 83' lang='lat' dir='ltr'><strong>reparandam</strong></span> <span class='ocrx_word' id='word_1_544' title='bbox 2796 3530 3055 3602; x_wconf 72' lang='lat' dir='ltr'><strong>Cyriades</strong></span> <span class='ocrx_word' id='word_1_545' title='bbox 3097 3531 3158 3585; x_wconf 85' lang='lat' dir='ltr'><strong>V.</strong></span> <span class='ocrx_word' id='word_1_546' title='bbox 3193 3531 3255 3586; x_wconf 87' lang='lat' dir='ltr'><strong>C.</strong></span> <span class='ocrx_word' id='word_1_547' title='bbox 3289 3531 3590 3601; x_wconf 90' lang='lat' dir='ltr'><strong>pollicetur.</strong></span> 
     </span>
    </p>
   </div>
   <div class='ocr_carea' id='block_1_82' title="bbox 2007 3619 3591 3693">
    <p class='ocr_par' dir='ltr' id='par_1_82' title="bbox 2007 3619 3591 3693">
     <span class='ocr_line' id='line_1_82' title="bbox 2007 3619 3591 3693; baseline 0.002 -19"><span class='ocrx_word' id='word_1_548' title='bbox 2007 3620 2137 3674; x_wconf 85' lang='lat' dir='ltr'><strong>Post</strong></span> <span class='ocrx_word' id='word_1_549' title='bbox 2171 3619 2284 3675; x_wconf 58' lang='lat' dir='ltr'><strong>hinc</strong></span> <span class='ocrx_word' id='word_1_550' title='bbox 2309 3622 2531 3676; x_wconf 89' lang='lat' dir='ltr'><strong>alterius</strong></span> <span class='ocrx_word' id='word_1_551' title='bbox 2560 3621 2660 3676; x_wconf 83' lang='lat' dir='ltr'><strong>loci</strong></span> <span class='ocrx_word' id='word_1_552' title='bbox 2689 3623 2990 3693; x_wconf 80' lang='lat' dir='ltr'><strong>exploratio</strong></span> <span class='ocrx_word' id='word_1_553' title='bbox 3021 3623 3250 3677; x_wconf 82' lang='lat' dir='ltr'><strong>hiulcam</strong></span> <span class='ocrx_word' id='word_1_554' title='bbox 3279 3637 3591 3693; x_wconf 83' lang='lat' dir='ltr'><strong>compagem</strong></span> 
     </span>
    </p>
   </div>
   <div class='ocr_carea' id='block_1_83' title="bbox 2007 3711 3596 3786">
    <p class='ocr_par' dir='ltr' id='par_1_83' title="bbox 2007 3711 3596 3786">
     <span class='ocr_line' id='line_1_83' title="bbox 2007 3711 3596 3786; baseline 0.003 -22"><span class='ocrx_word' id='word_1_555' title='bbox 2007 3711 2239 3780; x_wconf 88' lang='lat' dir='ltr'><strong>lapidum</strong></span> <span class='ocrx_word' id='word_1_556' title='bbox 2309 3713 2700 3783; x_wconf 78' lang='lat' dir='ltr'><strong>deprehendit,</strong></span> <span class='ocrx_word' id='word_1_557' title='bbox 2769 3731 2928 3785; x_wconf 87' lang='lat' dir='ltr'><strong>quam</strong></span> <span class='ocrx_word' id='word_1_558' title='bbox 2983 3715 3241 3786; x_wconf 69' lang='lat' dir='ltr'><strong>Cyriades</strong></span> <span class='ocrx_word' id='word_1_559' title='bbox 3293 3729 3476 3769; x_wconf 92' lang='lat' dir='ltr'><strong>comes</strong></span> <span class='ocrx_word' id='word_1_560' title='bbox 3540 3723 3596 3769; x_wconf 88' lang='lat' dir='ltr'><strong>et</strong></span> 
     </span>
    </p>
   </div>
   <div class='ocr_carea' id='block_1_84' title="bbox 2007 3805 3591 3878">
    <p class='ocr_par' dir='ltr' id='par_1_84' title="bbox 2007 3805 3591 3878">
     <span class='ocr_line' id='line_1_84' title="bbox 2007 3805 3591 3878; baseline 0.004 -22"><span class='ocrx_word' id='word_1_561' title='bbox 2007 3805 2349 3860; x_wconf 78' lang='lat' dir='ltr'><strong>mechanicas</strong></span> <span class='ocrx_word' id='word_1_562' title='bbox 2376 3808 2602 3862; x_wconf 89' lang='lat' dir='ltr'><strong>consilio</strong></span> <span class='ocrx_word' id='word_1_563' title='bbox 2631 3823 2730 3864; x_wconf 91' lang='lat' dir='ltr'><strong>suo</strong></span> <span class='ocrx_word' id='word_1_564' title='bbox 2760 3819 2813 3864; x_wconf 90' lang='lat' dir='ltr'><strong>et</strong></span> <span class='ocrx_word' id='word_1_565' title='bbox 2853 3811 3057 3864; x_wconf 69' lang='lat' dir='ltr'><strong>ratione</strong></span> <span class='ocrx_word' id='word_1_566' title='bbox 3092 3813 3225 3863; x_wconf 86' lang='lat' dir='ltr'><strong>artis</strong></span> <span class='ocrx_word' id='word_1_567' title='bbox 3255 3809 3321 3862; x_wconf 86' lang='lat' dir='ltr'><strong>ita</strong></span> <span class='ocrx_word' id='word_1_568' title='bbox 3366 3809 3591 3878; x_wconf 91' lang='lat' dir='ltr'><strong>positam</strong></span> 
     </span>
    </p>
   </div>
   <div class='ocr_carea' id='block_1_85' title="bbox 2006 3899 3595 3969">
    <p class='ocr_par' dir='ltr' id='par_1_85' title="bbox 2006 3899 3595 3969">
     <span class='ocr_line' id='line_1_85' title="bbox 2006 3899 3595 3969; baseline 0.006 -22"><span class='ocrx_word' id='word_1_569' title='bbox 2006 3899 2364 3964; x_wconf 85' lang='lat' dir='ltr'><strong>suggerebat,</strong></span> <span class='ocrx_word' id='word_1_570' title='bbox 2418 3909 2472 3952; x_wconf 91' lang='lat' dir='ltr'><strong>ut</strong></span> <span class='ocrx_word' id='word_1_571' title='bbox 2520 3899 2694 3954; x_wconf 72' lang='lat' dir='ltr'><strong>infuso</strong></span> <span class='ocrx_word' id='word_1_572' title='bbox 2747 3910 2926 3969; x_wconf 90' lang='lat' dir='ltr'><strong>postea</strong></span> <span class='ocrx_word' id='word_1_573' title='bbox 2980 3902 3341 3966; x_wconf 70' lang='lat' dir='ltr'><strong>impensarum</strong></span> <span class='ocrx_word' id='word_1_574' title='bbox 3388 3899 3595 3969; x_wconf 87' lang='lat' dir='ltr'><strong>liquore</strong></span> 
     </span>
    </p>
   </div>
   <div class='ocr_carea' id='block_1_86' title="bbox 2007 3987 3592 4060">
    <p class='ocr_par' dir='ltr' id='par_1_86' title="bbox 2007 3987 3592 4060">
     <span class='ocr_line' id='line_1_86' title="bbox 2007 3987 3592 4060; baseline 0.003 -19"><span class='ocrx_word' id='word_1_575' title='bbox 2007 3987 2205 4042; x_wconf 68' lang='lat' dir='ltr'><strong>b‘antia</strong></span> <span class='ocrx_word' id='word_1_576' title='bbox 2246 3990 2662 4058; x_wconf 77' lang='lat' dir='ltr'><strong>stringerentur.</strong></span> <span class='ocrx_word' id='word_1_577' title='bbox 2707 3992 2860 4057; x_wconf 82' lang='lat' dir='ltr'><strong>Quod</strong></span> <span class='ocrx_word' id='word_1_578' title='bbox 2906 4006 3027 4045; x_wconf 91' lang='lat' dir='ltr'><strong>cum</strong></span> <span class='ocrx_word' id='word_1_579' title='bbox 3076 3990 3256 4047; x_wconf 86' lang='lat' dir='ltr'><strong>facere</strong></span> <span class='ocrx_word' id='word_1_580' title='bbox 3295 3992 3592 4060; x_wconf 85' lang='lat' dir='ltr'><strong>debuisset,</strong></span> 
     </span>
    </p>
   </div>
   <div class='ocr_carea' id='block_1_87' title="bbox 2007 4081 3596 4156">
    <p class='ocr_par' dir='ltr' id='par_1_87' title="bbox 2007 4081 3596 4156">
     <span class='ocr_line' id='line_1_87' title="bbox 2007 4081 3596 4156; baseline 0.004 -22"><span class='ocrx_word' id='word_1_581' title='bbox 2007 4081 2348 4137; x_wconf 77' lang='lat' dir='ltr'><strong>succedentis</strong></span> <span class='ocrx_word' id='word_1_582' title='bbox 2397 4083 2712 4137; x_wconf 87' lang='lat' dir='ltr'><strong>industriam</strong></span> <span class='ocrx_word' id='word_1_583' title='bbox 2746 4083 3026 4140; x_wconf 72' lang='lat' dir='ltr'><strong>affectasse</strong></span> <span class='ocrx_word' id='word_1_584' title='bbox 3068 4087 3246 4156; x_wconf 92' lang='lat' dir='ltr'><strong>potius</strong></span> <span class='ocrx_word' id='word_1_585' title='bbox 3278 4086 3502 4154; x_wconf 90' lang='lat' dir='ltr'><strong>dicitur,</strong></span> <span class='ocrx_word' id='word_1_586' title='bbox 3534 4095 3596 4141; x_wconf 93' lang='lat' dir='ltr'><strong>ut</strong></span> 
     </span>
    </p>
   </div>
   <div class='ocr_carea' id='block_1_88' title="bbox 2005 4174 3592 4248">
    <p class='ocr_par' dir='ltr' id='par_1_88' title="bbox 2005 4174 3592 4248">
     <span class='ocr_line' id='line_1_88' title="bbox 2005 4174 3592 4248; baseline 0.004 -21"><span class='ocrx_word' id='word_1_587' title='bbox 2005 4174 2058 4227; x_wconf 91' lang='lat' dir='ltr'><strong>in</strong></span> <span class='ocrx_word' id='word_1_588' title='bbox 2087 4177 2321 4229; x_wconf 86' lang='lat' dir='ltr'><strong>auctmis</strong></span> <span class='ocrx_word' id='word_1_589' title='bbox 2351 4177 2600 4231; x_wconf 84' lang='lat' dir='ltr'><strong>imidiam</strong></span> <span class='ocrx_word' id='word_1_590' title='bbox 2631 4177 2735 4232; x_wconf 89' lang='lat' dir='ltr'><strong>feni</strong></span> <span class='ocrx_word' id='word_1_591' title='bbox 2765 4189 2816 4233; x_wconf 89' lang='lat' dir='ltr'><strong>et</strong></span> <span class='ocrx_word' id='word_1_592' title='bbox 2848 4194 2911 4248; x_wconf 91' lang='lat' dir='ltr'><strong>sp</strong></span> <span class='ocrx_word' id='word_1_593' title='bbox 2931 4181 3012 4232; x_wconf 68' lang='lat' dir='ltr'><strong>nrti</strong></span> <span class='ocrx_word' id='word_1_594' title='bbox 3057 4180 3344 4248; x_wconf 88' lang='lat' dir='ltr'><strong>manipulis</strong></span> <span class='ocrx_word' id='word_1_595' title='bbox 3373 4180 3592 4234; x_wconf 87' lang='lat' dir='ltr'><strong>claude-</strong></span> 
     </span>
    </p>
   </div>
   <div class='ocr_carea' id='block_1_89' title="bbox 2003 4266 3588 4340">
    <p class='ocr_par' dir='ltr' id='par_1_89' title="bbox 2003 4266 3588 4340">
     <span class='ocr_line' id='line_1_89' title="bbox 2003 4266 3588 4340; baseline 0.006 -22"><span class='ocrx_word' id='word_1_596' title='bbox 2003 4277 2212 4318; x_wconf 84' lang='lat' dir='ltr'><strong>rentur.</strong></span> <span class='ocrx_word' id='word_1_597' title='bbox 2253 4266 2404 4333; x_wconf 85' lang='lat' dir='ltr'><strong>Quod</strong></span> <span class='ocrx_word' id='word_1_598' title='bbox 2456 4281 2576 4321; x_wconf 91' lang='lat' dir='ltr'><strong>cum</strong></span> <span class='ocrx_word' id='word_1_599' title='bbox 2627 4278 2894 4322; x_wconf 66' lang='lat' dir='ltr'><strong>astruc&#39;ret</strong></span> <span class='ocrx_word' id='word_1_600' title='bbox 2940 4271 3252 4324; x_wconf 90' lang='lat' dir='ltr'><strong>recitatione</strong></span> <span class='ocrx_word' id='word_1_601' title='bbox 3295 4281 3588 4340; x_wconf 88' lang='lat' dir='ltr'><strong>gestorum,</strong></span> 
     </span>
    </p>
   </div>
   <div class='ocr_carea' id='block_1_90' title="bbox 2005 4357 3588 4429">
    <p class='ocr_par' dir='ltr' id='par_1_90' title="bbox 2005 4357 3588 4429">
     <span class='ocr_line' id='line_1_90' title="bbox 2005 4357 3588 4429; baseline 0.006 -20"><span class='ocrx_word' id='word_1_602' title='bbox 2005 4357 2202 4412; x_wconf 86' lang='lat' dir='ltr'><strong>factum</strong></span> <span class='ocrx_word' id='word_1_603' title='bbox 2231 4359 2443 4429; x_wconf 87' lang='lat' dir='ltr'><strong>quidem</strong></span> <span class='ocrx_word' id='word_1_604' title='bbox 2474 4361 2716 4414; x_wconf 89' lang='lat' dir='ltr'><strong>urinandi</strong></span> <span class='ocrx_word' id='word_1_605' title='bbox 2748 4362 2938 4416; x_wconf 84' lang='lat' dir='ltr'><strong>artifex</strong></span> <span class='ocrx_word' id='word_1_606' title='bbox 2972 4378 3078 4416; x_wconf 90' lang='lat' dir='ltr'><strong>non</strong></span> <span class='ocrx_word' id='word_1_607' title='bbox 3107 4364 3321 4426; x_wconf 61' lang='lat' dir='ltr'><strong>negavit</strong></span> <span class='ocrx_word' id='word_1_608' title='bbox 3342 4404 3357 4428; x_wconf 94' lang='lat'><strong>,</strong></span> <span class='ocrx_word' id='word_1_609' title='bbox 3391 4364 3483 4418; x_wconf 89' lang='lat' dir='ltr'><strong>sed</strong></span> <span class='ocrx_word' id='word_1_610' title='bbox 3524 4381 3588 4419; x_wconf 82' lang='lat' dir='ltr'><strong>ex</strong></span> 
     </span>
    </p>
   </div>
   <div class='ocr_carea' id='block_1_91' title="bbox 306 4426 3587 4526">
    <p class='ocr_par' dir='ltr' id='par_1_91' title="bbox 306 4426 3587 4526">
     <span class='ocr_line' id='line_1_91' title="bbox 306 4426 3587 4526; baseline 0.004 -28"><span class='ocrx_word' id='word_1_611' title='bbox 306 4455 421 4505; x_wconf 80' lang='lat' dir='ltr'><strong>nui.</strong></span> <span class='ocrx_word' id='word_1_612' title='bbox 471 4449 572 4504; x_wconf 89' lang='lat' dir='ltr'><strong>Diu</strong></span> <span class='ocrx_word' id='word_1_613' title='bbox 604 4460 868 4517; x_wconf 82' lang='lat' dir='ltr'><strong>nusquam</strong></span> <span class='ocrx_word' id='word_1_614' title='bbox 901 4445 1137 4516; x_wconf 86' lang='lat' dir='ltr'><strong>gentium</strong></span> <span class='ocrx_word' id='word_1_615' title='bbox 1167 4444 1535 4513; x_wconf 88' lang='lat' dir='ltr'><strong>deprehensus</strong></span> <span class='ocrx_word' id='word_1_616' title='bbox 1559 4488 1574 4514; x_wconf 90' lang='lat'><strong>,</strong></span> <span class='ocrx_word' id='word_1_617' title='bbox 1608 4443 1700 4497; x_wconf 92' lang='lat' dir='ltr'><strong>ubi</strong></span> <span class='ocrx_word' id='word_1_618' title='bbox 1732 4443 1898 4498; x_wconf 88' lang='lat' dir='ltr'><strong>comi-</strong></span> <span class='ocrx_word' id='word_1_619' title='bbox 1929 4426 1982 4486; x_wconf 82' lang='lat' dir='ltr'><strong>D</strong></span> <span class='ocrx_word' id='word_1_620' title='bbox 2008 4463 2106 4504; x_wconf 92' lang='lat' dir='ltr'><strong>usu</strong></span> <span class='ocrx_word' id='word_1_621' title='bbox 2133 4451 2331 4519; x_wconf 90' lang='lat' dir='ltr'><strong>operis,</strong></span> <span class='ocrx_word' id='word_1_622' title='bbox 2362 4466 2467 4506; x_wconf 92' lang='lat' dir='ltr'><strong>non</strong></span> <span class='ocrx_word' id='word_1_623' title='bbox 2495 4453 2547 4506; x_wconf 91' lang='lat' dir='ltr'><strong>in</strong></span> <span class='ocrx_word' id='word_1_624' title='bbox 2579 4451 3111 4508; x_wconf 68' lang='lat' dir='ltr'><strong>dehonestamentum</strong></span> <span class='ocrx_word' id='word_1_625' title='bbox 3142 4426 3383 4526; x_wconf 81' lang='lat' dir='ltr'><strong>Cyriadis</strong></span> <span class='ocrx_word' id='word_1_626' title='bbox 3432 4454 3495 4511; x_wconf 78' lang='grc' dir='ltr'><strong>ν.</strong></span> <span class='ocrx_word' id='word_1_627' title='bbox 3527 4455 3587 4511; x_wconf 88' lang='lat' dir='ltr'><strong>C.</strong></span> 
     </span>
    </p>
   </div>
   <div class='ocr_carea' id='block_1_92' title="bbox 310 4537 1900 4606">
    <p class='ocr_par' dir='ltr' id='par_1_92' title="bbox 310 4537 1900 4606">
     <span class='ocr_line' id='line_1_92' title="bbox 310 4537 1900 4606; baseline -0.003 -9"><span class='ocrx_word' id='word_1_628' title='bbox 310 4555 480 4597; x_wconf 86' lang='lat' dir='ltr'><strong>tatum</strong></span> <span class='ocrx_word' id='word_1_629' title='bbox 512 4557 724 4597; x_wconf 90' lang='lat' dir='ltr'><strong>sacrum</strong></span> <span class='ocrx_word' id='word_1_630' title='bbox 755 4538 988 4594; x_wconf 89' lang='lat' dir='ltr'><strong>numinis</strong></span> <span class='ocrx_word' id='word_1_631' title='bbox 1017 4537 1180 4592; x_wconf 87' lang='lat' dir='ltr'><strong>vestri</strong></span> <span class='ocrx_word' id='word_1_632' title='bbox 1208 4537 1356 4592; x_wconf 89' lang='lat' dir='ltr'><strong>adire</strong></span> <span class='ocrx_word' id='word_1_633' title='bbox 1378 4537 1564 4606; x_wconf 88' lang='lat' dir='ltr'><strong>jussus</strong></span> <span class='ocrx_word' id='word_1_634' title='bbox 1593 4546 1694 4603; x_wconf 88' lang='lat' dir='ltr'><strong>est,</strong></span> <span class='ocrx_word' id='word_1_635' title='bbox 1719 4539 1900 4592; x_wconf 82' lang='lat' dir='ltr'><strong>evo&#39;a-</strong></span> 
     </span>
    </p>
   </div>
   <div class='ocr_carea' id='block_1_93' title="bbox 305 4629 1894 4705">
    <p class='ocr_par' dir='ltr' id='par_1_93' title="bbox 305 4629 1894 4705">
     <span class='ocr_line' id='line_1_93' title="bbox 305 4629 1894 4705; baseline -0.004 -15"><span class='ocrx_word' id='word_1_636' title='bbox 305 4647 404 4690; x_wconf 85' lang='lat' dir='ltr'><strong>vt.</strong></span> <span class='ocrx_word' id='word_1_637' title='bbox 457 4637 665 4690; x_wconf 86' lang='lat' dir='ltr'><strong>Interea</strong></span> <span class='ocrx_word' id='word_1_638' title='bbox 706 4633 992 4705; x_wconf 82' lang='lat' dir='ltr'><strong>Cyriades,</strong></span> <span class='ocrx_word' id='word_1_639' title='bbox 1021 4630 1086 4684; x_wconf 74' lang='grc' dir='ltr'><strong>γ.</strong></span> <span class='ocrx_word' id='word_1_640' title='bbox 1118 4629 1178 4684; x_wconf 89' lang='lat' dir='ltr'><strong>C.</strong></span> <span class='ocrx_word' id='word_1_641' title='bbox 1212 4643 1394 4684; x_wconf 88' lang='lat' dir='ltr'><strong>comes</strong></span> <span class='ocrx_word' id='word_1_642' title='bbox 1436 4638 1490 4683; x_wconf 83' lang='lat' dir='ltr'><strong>et</strong></span> <span class='ocrx_word' id='word_1_643' title='bbox 1528 4629 1894 4694; x_wconf 88' lang='lat' dir='ltr'><strong>mechanicus,</strong></span> 
     </span>
    </p>
   </div>
   <div class='ocr_carea' id='block_1_94' title="bbox 305 4720 1895 4791">
    <p class='ocr_par' dir='ltr' id='par_1_94' title="bbox 305 4720 1895 4791">
     <span class='ocr_line' id='line_1_94' title="bbox 305 4720 1895 4791; baseline -0.004 -11"><span class='ocrx_word' id='word_1_644' title='bbox 305 4742 431 4780; x_wconf 91' lang='lat' dir='ltr'><strong>cum</strong></span> <span class='ocrx_word' id='word_1_645' title='bbox 475 4735 733 4780; x_wconf 89' lang='lat' dir='ltr'><strong>statutum</strong></span> <span class='ocrx_word' id='word_1_646' title='bbox 779 4738 958 4778; x_wconf 88' lang='lat' dir='ltr'><strong>meum</strong></span> <span class='ocrx_word' id='word_1_647' title='bbox 988 4722 1231 4777; x_wconf 86' lang='lat' dir='ltr'><strong>discessu</strong></span> <span class='ocrx_word' id='word_1_648' title='bbox 1263 4720 1378 4791; x_wconf 82' lang='lat' dir='ltr'><strong>ejus</strong></span> <span class='ocrx_word' id='word_1_649' title='bbox 1410 4720 1617 4775; x_wconf 86' lang='lat' dir='ltr'><strong>videret</strong></span> <span class='ocrx_word' id='word_1_650' title='bbox 1655 4721 1895 4790; x_wconf 85' lang='lat' dir='ltr'><strong>elusum,</strong></span> 
     </span>
    </p>
   </div>
   <div class='ocr_carea' id='block_1_95' title="bbox 309 4813 1901 4883">
    <p class='ocr_par' dir='ltr' id='par_1_95' title="bbox 309 4813 1901 4883">
     <span class='ocr_line' id='line_1_95' title="bbox 309 4813 1901 4883; baseline -0.002 -13"><span class='ocrx_word' id='word_1_651' title='bbox 309 4817 538 4870; x_wconf 91' lang='lat' dir='ltr'><strong>multum</strong></span> <span class='ocrx_word' id='word_1_652' title='bbox 593 4815 792 4870; x_wconf 86' lang='lat' dir='ltr'><strong>anxius</strong></span> <span class='ocrx_word' id='word_1_653' title='bbox 839 4829 907 4870; x_wconf 87' lang='lat' dir='ltr'><strong>ne</strong></span> <span class='ocrx_word' id='word_1_654' title='bbox 957 4814 1083 4883; x_wconf 89' lang='lat' dir='ltr'><strong>quid</strong></span> <span class='ocrx_word' id='word_1_655' title='bbox 1134 4813 1186 4868; x_wconf 90' lang='lat' dir='ltr'><strong>in</strong></span> <span class='ocrx_word' id='word_1_656' title='bbox 1233 4813 1511 4868; x_wconf 89' lang='lat' dir='ltr'><strong>absentem</strong></span> <span class='ocrx_word' id='word_1_657' title='bbox 1556 4813 1901 4868; x_wconf 88' lang='lat' dir='ltr'><strong>adversarius</strong></span> 
     </span>
    </p>
   </div>
   <div class='ocr_carea' id='block_1_96' title="bbox 310 4904 1891 4973">
    <p class='ocr_par' dir='ltr' id='par_1_96' title="bbox 310 4904 1891 4973">
     <span class='ocr_line' id='line_1_96' title="bbox 310 4904 1891 4973; baseline -0.003 -12"><span class='ocrx_word' id='word_1_658' title='bbox 310 4908 588 4973; x_wconf 88' lang='lat' dir='ltr'><strong>moliatur,</strong></span> <span class='ocrx_word' id='word_1_659' title='bbox 633 4916 692 4960; x_wconf 88' lang='lat' dir='ltr'><strong>ut</strong></span> <span class='ocrx_word' id='word_1_660' title='bbox 728 4904 1014 4961; x_wconf 68' lang='lat' dir='ltr'><strong>aeternitati</strong></span> <span class='ocrx_word' id='word_1_661' title='bbox 1041 4914 1234 4960; x_wconf 74' lang='lat' dir='ltr'><strong>vestra:</strong></span> <span class='ocrx_word' id='word_1_662' title='bbox 1279 4912 1335 4958; x_wconf 89' lang='lat' dir='ltr'><strong>et</strong></span> <span class='ocrx_word' id='word_1_663' title='bbox 1381 4904 1698 4959; x_wconf 83' lang='lat' dir='ltr'><strong>relationem</strong></span> <span class='ocrx_word' id='word_1_664' title='bbox 1732 4904 1794 4958; x_wconf 87' lang='lat' dir='ltr'><strong>V.</strong></span> <span class='ocrx_word' id='word_1_665' title='bbox 1828 4905 1891 4959; x_wconf 84' lang='lat' dir='ltr'><strong>C.</strong></span> 
     </span>
    </p>
   </div>
   <div class='ocr_carea' id='block_1_97' title="bbox 312 4997 1898 5068">
    <p class='ocr_par' dir='ltr' id='par_1_97' title="bbox 312 4997 1898 5068">
     <span class='ocr_line' id='line_1_97' title="bbox 312 4997 1898 5068; baseline 0.001 -20"><span class='ocrx_word' id='word_1_666' title='bbox 312 4999 726 5067; x_wconf 75' lang='lat' dir='ltr'><strong>pnedecessoris</strong></span> <span class='ocrx_word' id='word_1_667' title='bbox 755 4998 882 5064; x_wconf 90' lang='lat' dir='ltr'><strong>mei,</strong></span> <span class='ocrx_word' id='word_1_668' title='bbox 914 5006 969 5052; x_wconf 92' lang='lat' dir='ltr'><strong>et</strong></span> <span class='ocrx_word' id='word_1_669' title='bbox 997 5013 1140 5052; x_wconf 92' lang='lat' dir='ltr'><strong>nunc</strong></span> <span class='ocrx_word' id='word_1_670' title='bbox 1167 5005 1283 5052; x_wconf 88' lang='lat' dir='ltr'><strong>acta</strong></span> <span class='ocrx_word' id='word_1_671' title='bbox 1311 5011 1684 5066; x_wconf 84' lang='lat' dir='ltr'><strong>suggererem,</strong></span> <span class='ocrx_word' id='word_1_672' title='bbox 1731 4997 1898 5068; x_wconf 86' lang='lat' dir='ltr'><strong>depo-</strong></span> 
     </span>
    </p>
   </div>
   <div class='ocr_carea' id='block_1_98' title="bbox 311 5090 1896 5160">
    <p class='ocr_par' dir='ltr' id='par_1_98' title="bbox 311 5090 1896 5160">
     <span class='ocr_line' id='line_1_98' title="bbox 311 5090 1896 5160; baseline 0.003 -20"><span class='ocrx_word' id='word_1_673' title='bbox 311 5093 517 5158; x_wconf 80' lang='lat' dir='ltr'><strong>poscit:</strong></span> <span class='ocrx_word' id='word_1_674' title='bbox 549 5090 634 5146; x_wconf 91' lang='lat' dir='ltr'><strong>cui</strong></span> <span class='ocrx_word' id='word_1_675' title='bbox 661 5091 986 5146; x_wconf 89' lang='lat' dir='ltr'><strong>audientiam</strong></span> <span class='ocrx_word' id='word_1_676' title='bbox 1015 5105 1211 5160; x_wconf 90' lang='lat' dir='ltr'><strong>negare</strong></span> <span class='ocrx_word' id='word_1_677' title='bbox 1249 5104 1354 5143; x_wconf 92' lang='lat' dir='ltr'><strong>non</strong></span> <span class='ocrx_word' id='word_1_678' title='bbox 1385 5091 1563 5159; x_wconf 90' lang='lat' dir='ltr'><strong>potui;</strong></span> <span class='ocrx_word' id='word_1_679' title='bbox 1597 5091 1783 5145; x_wconf 88' lang='lat' dir='ltr'><strong>eadem</strong></span> <span class='ocrx_word' id='word_1_680' title='bbox 1813 5092 1896 5146; x_wconf 87' lang='lat' dir='ltr'><strong>via</strong></span> 
     </span>
    </p>
   </div>
   <div class='ocr_carea' id='block_1_99' title="bbox 309 5182 1899 5255">
    <p class='ocr_par' dir='ltr' id='par_1_99' title="bbox 309 5182 1899 5255">
     <span class='ocr_line' id='line_1_99' title="bbox 309 5182 1899 5255; baseline 0.001 -19"><span class='ocrx_word' id='word_1_681' title='bbox 309 5193 582 5255; x_wconf 67' lang='lat' dir='ltr'><strong>praecepto</strong></span> <span class='ocrx_word' id='word_1_682' title='bbox 619 5185 855 5239; x_wconf 83' lang='lat' dir='ltr'><strong>numinis</strong></span> <span class='ocrx_word' id='word_1_683' title='bbox 885 5182 1051 5239; x_wconf 89' lang='lat' dir='ltr'><strong>vestri</strong></span> <span class='ocrx_word' id='word_1_684' title='bbox 1079 5182 1301 5252; x_wconf 89' lang='lat' dir='ltr'><strong>cupiens</strong></span> <span class='ocrx_word' id='word_1_685' title='bbox 1348 5182 1564 5237; x_wconf 90' lang='lat' dir='ltr'><strong>edoceri</strong></span> <span class='ocrx_word' id='word_1_686' title='bbox 1602 5183 1727 5253; x_wconf 90' lang='lat' dir='ltr'><strong>quid</strong></span> <span class='ocrx_word' id='word_1_687' title='bbox 1759 5183 1899 5238; x_wconf 80' lang='lat' dir='ltr'><strong>facto</strong></span> 
     </span>
    </p>
   </div>
   <div class='ocr_carea' id='block_1_100' title="bbox 306 5275 1899 5347">
    <p class='ocr_par' dir='ltr' id='par_1_100' title="bbox 306 5275 1899 5347">
     <span class='ocr_line' id='line_1_100' title="bbox 306 5275 1899 5347; baseline 0.003 -20"><span class='ocrx_word' id='word_1_688' title='bbox 306 5289 443 5329; x_wconf 85' lang='lat' dir='ltr'><strong>usus</strong></span> <span class='ocrx_word' id='word_1_689' title='bbox 467 5277 538 5331; x_wconf 87' lang='lat' dir='ltr'><strong>sit</strong></span> <span class='ocrx_word' id='word_1_690' title='bbox 587 5275 656 5332; x_wconf 91' lang='lat' dir='ltr'><strong>de</strong></span> <span class='ocrx_word' id='word_1_691' title='bbox 692 5277 1049 5332; x_wconf 75' lang='lat' dir='ltr'><strong>aestimatione</strong></span> <span class='ocrx_word' id='word_1_692' title='bbox 1083 5284 1414 5342; x_wconf 87' lang='lat' dir='ltr'><strong>sumptuum,</strong></span> <span class='ocrx_word' id='word_1_693' title='bbox 1446 5289 1580 5344; x_wconf 86' lang='lat' dir='ltr'><strong>quos</strong></span> <span class='ocrx_word' id='word_1_694' title='bbox 1621 5275 1899 5347; x_wconf 73' lang='lat' dir='ltr'><strong>utriusque</strong></span> 
     </span>
    </p>
   </div>
   <div class='ocr_carea' id='block_1_101' title="bbox 307 5367 1897 5438">
    <p class='ocr_par' dir='ltr' id='par_1_101' title="bbox 307 5367 1897 5438">
     <span class='ocr_line' id='line_1_101' title="bbox 307 5367 1897 5438; baseline 0.001 -18"><span class='ocrx_word' id='word_1_695' title='bbox 307 5367 600 5438; x_wconf 74' lang='lat' dir='ltr'><strong>insumpsit</strong></span> <span class='ocrx_word' id='word_1_696' title='bbox 643 5367 945 5437; x_wconf 87' lang='lat' dir='ltr'><strong>expensio:</strong></span> <span class='ocrx_word' id='word_1_697' title='bbox 995 5367 1260 5437; x_wconf 82' lang='lat' dir='ltr'><strong>siquidem</strong></span> <span class='ocrx_word' id='word_1_698' title='bbox 1309 5381 1484 5420; x_wconf 91' lang='lat' dir='ltr'><strong>meum</strong></span> <span class='ocrx_word' id='word_1_699' title='bbox 1529 5377 1736 5435; x_wconf 87' lang='lat' dir='ltr'><strong>spectat</strong></span> <span class='ocrx_word' id='word_1_700' title='bbox 1780 5370 1897 5422; x_wconf 87' lang='lat' dir='ltr'><strong>olli-</strong></span> 
     </span>
    </p>
   </div>
   <div class='ocr_carea' id='block_1_102' title="bbox 305 5458 1899 5528">
    <p class='ocr_par' dir='ltr' id='par_1_102' title="bbox 305 5458 1899 5528">
     <span class='ocr_line' id='line_1_102' title="bbox 305 5458 1899 5528; baseline 0.003 -18"><span class='ocrx_word' id='word_1_701' title='bbox 305 5458 738 5527; x_wconf 53' lang='lat' dir='ltr'><strong>ciumjacturam</strong></span> <span class='ocrx_word' id='word_1_702' title='bbox 773 5461 1010 5528; x_wconf 75' lang='lat' dir='ltr'><strong>pecunize</strong></span> <span class='ocrx_word' id='word_1_703' title='bbox 1061 5458 1287 5528; x_wconf 69' lang='lat' dir='ltr'><strong>publica:</strong></span> <span class='ocrx_word' id='word_1_704' title='bbox 1321 5474 1426 5512; x_wconf 94' lang='lat' dir='ltr'><strong>non</strong></span> <span class='ocrx_word' id='word_1_705' title='bbox 1459 5468 1656 5513; x_wconf 83' lang='lat' dir='ltr'><strong>tacere.</strong></span> <span class='ocrx_word' id='word_1_706' title='bbox 1716 5459 1899 5515; x_wconf 82' lang='lat' dir='ltr'><strong>Fidem</strong></span> 
     </span>
    </p>
   </div>
   <div class='ocr_carea' id='block_1_103' title="bbox 304 5548 1902 5622">
    <p class='ocr_par' dir='ltr' id='par_1_103' title="bbox 304 5548 1902 5622">
     <span class='ocr_line' id='line_1_103' title="bbox 304 5548 1902 5622; baseline 0.003 -20"><span class='ocrx_word' id='word_1_707' title='bbox 304 5548 502 5604; x_wconf 76' lang='lat' dir='ltr'><strong>litzeris</strong></span> <span class='ocrx_word' id='word_1_708' title='bbox 530 5551 727 5605; x_wconf 87' lang='lat' dir='ltr'><strong>sociata</strong></span> <span class='ocrx_word' id='word_1_709' title='bbox 757 5558 908 5622; x_wconf 87' lang='lat' dir='ltr'><strong>gesta</strong></span> <span class='ocrx_word' id='word_1_710' title='bbox 938 5550 1288 5619; x_wconf 68' lang='lat' dir='ltr'><strong>praestabunt.</strong></span> <span class='ocrx_word' id='word_1_711' title='bbox 1337 5549 1468 5617; x_wconf 77' lang='lat' dir='ltr'><strong>Quae</strong></span> <span class='ocrx_word' id='word_1_712' title='bbox 1500 5551 1590 5606; x_wconf 87' lang='lat' dir='ltr'><strong>ubi</strong></span> <span class='ocrx_word' id='word_1_713' title='bbox 1623 5552 1687 5605; x_wconf 88' lang='lat' dir='ltr'><strong>ad</strong></span> <span class='ocrx_word' id='word_1_714' title='bbox 1719 5567 1902 5608; x_wconf 81' lang='lat' dir='ltr'><strong>sacras</strong></span> 
     </span>
    </p>
   </div>
   <div class='ocr_carea' id='block_1_104' title="bbox 303 5640 1898 5711">
    <p class='ocr_par' dir='ltr' id='par_1_104' title="bbox 303 5640 1898 5711">
     <span class='ocr_line' id='line_1_104' title="bbox 303 5640 1898 5711; baseline 0.003 -17"><span class='ocrx_word' id='word_1_715' title='bbox 303 5652 472 5696; x_wconf 80' lang='lat' dir='ltr'><strong>aures</strong></span> <span class='ocrx_word' id='word_1_716' title='bbox 506 5641 855 5711; x_wconf 89' lang='lat' dir='ltr'><strong>perennitatis</strong></span> <span class='ocrx_word' id='word_1_717' title='bbox 885 5649 1075 5697; x_wconf 74' lang='lat' dir='ltr'><strong>vestra:</strong></span> <span class='ocrx_word' id='word_1_718' title='bbox 1113 5640 1331 5697; x_wconf 80' lang='lat' dir='ltr'><strong>recitata</strong></span> <span class='ocrx_word' id='word_1_719' title='bbox 1377 5645 1716 5711; x_wconf 78' lang='lat' dir='ltr'><strong>pcrt&#39;cncrittt</strong></span> <span class='ocrx_word' id='word_1_720' title='bbox 1742 5687 1756 5710; x_wconf 88' lang='lat'><strong>,</strong></span> <span class='ocrx_word' id='word_1_721' title='bbox 1801 5660 1898 5699; x_wconf 89' lang='lat' dir='ltr'><strong>oro</strong></span> 
     </span>
    </p>
   </div>
   <div class='ocr_carea' id='block_1_105' title="bbox 2003 4543 3590 4621">
    <p class='ocr_par' dir='ltr' id='par_1_105' title="bbox 2003 4543 3590 4621">
     <span class='ocr_line' id='line_1_105' title="bbox 2003 4543 3590 4621; baseline 0.005 -25"><span class='ocrx_word' id='word_1_722' title='bbox 2003 4543 2312 4610; x_wconf 84' lang='lat' dir='ltr'><strong>asserebat,‘</strong></span> <span class='ocrx_word' id='word_1_723' title='bbox 2377 4545 2673 4601; x_wconf 91' lang='lat' dir='ltr'><strong>remedium</strong></span> <span class='ocrx_word' id='word_1_724' title='bbox 2743 4548 3047 4617; x_wconf 90' lang='lat' dir='ltr'><strong>bujusmodi</strong></span> <span class='ocrx_word' id='word_1_725' title='bbox 3111 4565 3231 4605; x_wconf 90' lang='lat' dir='ltr'><strong>esse</strong></span> <span class='ocrx_word' id='word_1_726' title='bbox 3293 4551 3590 4621; x_wconf 90' lang='lat' dir='ltr'><strong>provisum.</strong></span> 
     </span>
    </p>
   </div>
   <div class='ocr_carea' id='block_1_106' title="bbox 2003 4634 3591 4714">
    <p class='ocr_par' dir='ltr' id='par_1_106' title="bbox 2003 4634 3591 4714">
     <span class='ocr_line' id='line_1_106' title="bbox 2003 4634 3591 4714; baseline 0.006 -26"><span class='ocrx_word' id='word_1_727' title='bbox 2003 4634 2155 4689; x_wconf 88' lang='lat' dir='ltr'><strong>Tunc</strong></span> <span class='ocrx_word' id='word_1_728' title='bbox 2198 4637 2607 4705; x_wconf 88' lang='lat' dir='ltr'><strong>responsionum</strong></span> <span class='ocrx_word' id='word_1_729' title='bbox 2653 4640 2910 4696; x_wconf 86' lang='lat' dir='ltr'><strong>varietate</strong></span> <span class='ocrx_word' id='word_1_730' title='bbox 2949 4643 3226 4714; x_wconf 88' lang='lat' dir='ltr'><strong>commoti,</strong></span> <span class='ocrx_word' id='word_1_731' title='bbox 3258 4645 3591 4699; x_wconf 85' lang='lat' dir='ltr'><strong>coeicuimus</strong></span> 
     </span>
    </p>
   </div>
   <div class='ocr_carea' id='block_1_107' title="bbox 2004 4729 3590 4806">
    <p class='ocr_par' dir='ltr' id='par_1_107' title="bbox 2004 4729 3590 4806">
     <span class='ocr_line' id='line_1_107' title="bbox 2004 4729 3590 4806; baseline 0.007 -24"><span class='ocrx_word' id='word_1_732' title='bbox 2004 4743 2033 4782; x_wconf 90' lang='lat' dir='ltr'><strong>a</strong></span> <span class='ocrx_word' id='word_1_733' title='bbox 2065 4729 2351 4796; x_wconf 64' lang='lat' dir='ltr'><strong>praeteritis</strong></span> <span class='ocrx_word' id='word_1_734' title='bbox 2381 4729 2792 4800; x_wconf 84' lang='lat' dir='ltr'><strong>discrepantem.</strong></span> <span class='ocrx_word' id='word_1_735' title='bbox 2836 4733 2908 4788; x_wconf 87' lang='lat' dir='ltr'><strong>At</strong></span> <span class='ocrx_word' id='word_1_736' title='bbox 2939 4734 3026 4789; x_wconf 90' lang='lat' dir='ltr'><strong>ille</strong></span> <span class='ocrx_word' id='word_1_737' title='bbox 3053 4734 3336 4806; x_wconf 86' lang='lat' dir='ltr'><strong>Cyriadem</strong></span> <span class='ocrx_word' id='word_1_738' title='bbox 3375 4737 3472 4792; x_wconf 91' lang='lat' dir='ltr'><strong>sibi</strong></span> <span class='ocrx_word' id='word_1_739' title='bbox 3516 4739 3590 4793; x_wconf 91' lang='lat' dir='ltr'><strong>ait</strong></span> 
     </span>
    </p>
   </div>
   <div class='ocr_carea' id='block_1_108' title="bbox 2002 4818 3589 4895">
    <p class='ocr_par' dir='ltr' id='par_1_108' title="bbox 2002 4818 3589 4895">
     <span class='ocr_line' id='line_1_108' title="bbox 2002 4818 3589 4895; baseline 0.006 -22"><span class='ocrx_word' id='word_1_740' title='bbox 2002 4818 2202 4874; x_wconf 90' lang='lat' dir='ltr'><strong>dudum</strong></span> <span class='ocrx_word' id='word_1_741' title='bbox 2254 4821 2416 4876; x_wconf 83' lang='lat' dir='ltr'><strong>fuisse</strong></span> <span class='ocrx_word' id='word_1_742' title='bbox 2454 4825 2666 4878; x_wconf 77' lang='lat' dir='ltr'><strong>te.rori.</strong></span> <span class='ocrx_word' id='word_1_743' title='bbox 2712 4823 2864 4892; x_wconf 89' lang='lat' dir='ltr'><strong>Quod</strong></span> <span class='ocrx_word' id='word_1_744' title='bbox 2894 4825 3150 4881; x_wconf 79' lang='lat' dir='ltr'><strong>credibile</strong></span> <span class='ocrx_word' id='word_1_745' title='bbox 3181 4843 3286 4881; x_wconf 90' lang='lat' dir='ltr'><strong>non</strong></span> <span class='ocrx_word' id='word_1_746' title='bbox 3335 4829 3544 4882; x_wconf 85' lang='lat' dir='ltr'><strong>videtur</strong></span> <span class='ocrx_word' id='word_1_747' title='bbox 3573 4871 3589 4895; x_wconf 91' lang='lat'><strong>,</strong></span> 
     </span>
    </p>
   </div>
   <div class='ocr_carea' id='block_1_109' title="bbox 2005 4913 3589 4984">
    <p class='ocr_par' dir='ltr' id='par_1_109' title="bbox 2005 4913 3589 4984">
     <span class='ocr_line' id='line_1_109' title="bbox 2005 4913 3589 4984; baseline 0.004 -18"><span class='ocrx_word' id='word_1_748' title='bbox 2005 4927 2126 4966; x_wconf 92' lang='lat' dir='ltr'><strong>cum</strong></span> <span class='ocrx_word' id='word_1_749' title='bbox 2159 4913 2300 4968; x_wconf 89' lang='lat' dir='ltr'><strong>illius</strong></span> <span class='ocrx_word' id='word_1_750' title='bbox 2331 4917 2586 4984; x_wconf 83' lang='lat' dir='ltr'><strong>temporis</strong></span> <span class='ocrx_word' id='word_1_751' title='bbox 2617 4915 2862 4984; x_wconf 83' lang='lat' dir='ltr'><strong>cognitor</strong></span> <span class='ocrx_word' id='word_1_752' title='bbox 2899 4917 2964 4970; x_wconf 91' lang='lat' dir='ltr'><strong>ad</strong></span> <span class='ocrx_word' id='word_1_753' title='bbox 3006 4917 3161 4972; x_wconf 86' lang='lat' dir='ltr'><strong>ﬁdem</strong></span> <span class='ocrx_word' id='word_1_754' title='bbox 3194 4919 3303 4972; x_wconf 89' lang='lat' dir='ltr'><strong>veri</strong></span> <span class='ocrx_word' id='word_1_755' title='bbox 3333 4918 3589 4973; x_wconf 79' lang='lat' dir='ltr'><strong>chIricta</strong></span> 
     </span>
    </p>
   </div>
   <div class='ocr_carea' id='block_1_110' title="bbox 2000 5007 3588 5080">
    <p class='ocr_par' dir='ltr' id='par_1_110' title="bbox 2000 5007 3588 5080">
     <span class='ocr_line' id='line_1_110' title="bbox 2000 5007 3588 5080; baseline 0.006 -21"><span class='ocrx_word' id='word_1_756' title='bbox 2000 5009 2299 5075; x_wconf 71' lang='lat' dir='ltr'><strong>quaestione</strong></span> <span class='ocrx_word' id='word_1_757' title='bbox 2330 5007 2654 5075; x_wconf 87' lang='lat' dir='ltr'><strong>pervenerit.</strong></span> <span class='ocrx_word' id='word_1_758' title='bbox 2687 5007 2894 5064; x_wconf 89' lang='lat' dir='ltr'><strong>luterea</strong></span> <span class='ocrx_word' id='word_1_759' title='bbox 2917 5010 3172 5080; x_wconf 86' lang='lat' dir='ltr'><strong>Cyriades</strong></span> <span class='ocrx_word' id='word_1_760' title='bbox 3203 5011 3262 5066; x_wconf 87' lang='lat' dir='ltr'><strong>V.</strong></span> <span class='ocrx_word' id='word_1_761' title='bbox 3289 5013 3348 5067; x_wconf 72' lang='grc' dir='ltr'><strong>(Ξ.</strong></span> <span class='ocrx_word' id='word_1_762' title='bbox 3381 5012 3588 5068; x_wconf 87' lang='lat' dir='ltr'><strong>facilem</strong></span> 
     </span>
    </p>
   </div>
   <div class='ocr_carea' id='block_1_111' title="bbox 2007 5100 3590 5174">
    <p class='ocr_par' dir='ltr' id='par_1_111' title="bbox 2007 5100 3590 5174">
     <span class='ocr_line' id='line_1_111' title="bbox 2007 5100 3590 5174; baseline 0.009 -28"><span class='ocrx_word' id='word_1_763' title='bbox 2007 5106 2347 5164; x_wconf 86' lang='lat' dir='ltr'><strong>prospectum</strong></span> <span class='ocrx_word' id='word_1_764' title='bbox 2392 5113 2512 5151; x_wconf 87' lang='lat' dir='ltr'><strong>esse</strong></span> <span class='ocrx_word' id='word_1_765' title='bbox 2553 5100 2819 5169; x_wconf 72' lang='lat' dir='ltr'><strong>suggessit</strong></span> <span class='ocrx_word' id='word_1_766' title='bbox 2864 5103 3042 5171; x_wconf 89' lang='lat' dir='ltr'><strong>operis</strong></span> <span class='ocrx_word' id='word_1_767' title='bbox 3082 5103 3386 5169; x_wconf 87' lang='lat' dir='ltr'><strong>sarciendi,</strong></span> <span class='ocrx_word' id='word_1_768' title='bbox 3436 5105 3590 5174; x_wconf 88' lang='lat' dir='ltr'><strong>cujus</strong></span> 
     </span>
    </p>
   </div>
   <div class='ocr_carea' id='block_1_112' title="bbox 2006 5189 3588 5267">
    <p class='ocr_par' dir='ltr' id='par_1_112' title="bbox 2006 5189 3588 5267">
     <span class='ocr_line' id='line_1_112' title="bbox 2006 5189 3588 5267; baseline 0.007 -27"><span class='ocrx_word' id='word_1_769' title='bbox 2006 5189 2375 5252; x_wconf 71' lang='lat' dir='ltr'><strong>stabilitatem,</strong></span> <span class='ocrx_word' id='word_1_770' title='bbox 2419 5191 2555 5245; x_wconf 88' lang='lat' dir='ltr'><strong>sicut</strong></span> <span class='ocrx_word' id='word_1_771' title='bbox 2598 5201 2859 5247; x_wconf 87' lang='lat' dir='ltr'><strong>assertum</strong></span> <span class='ocrx_word' id='word_1_772' title='bbox 2901 5204 3003 5260; x_wconf 86' lang='lat' dir='ltr'><strong>est,</strong></span> <span class='ocrx_word' id='word_1_773' title='bbox 3047 5198 3235 5267; x_wconf 79' lang='lat' dir='ltr'><strong>ltyems</strong></span> <span class='ocrx_word' id='word_1_774' title='bbox 3280 5199 3432 5251; x_wconf 85' lang='lat' dir='ltr'><strong>tertia</strong></span> <span class='ocrx_word' id='word_1_775' title='bbox 3481 5213 3588 5251; x_wconf 88' lang='lat' dir='ltr'><strong>non</strong></span> 
     </span>
    </p>
   </div>
   <div class='ocr_carea' id='block_1_113' title="bbox 2007 5281 3587 5348">
    <p class='ocr_par' dir='ltr' id='par_1_113' title="bbox 2007 5281 3587 5348">
     <span class='ocr_line' id='line_1_113' title="bbox 2007 5281 3587 5348; baseline 0.006 -15"><span class='ocrx_word' id='word_1_776' title='bbox 2007 5295 2094 5333; x_wconf 68' lang='lat' dir='ltr'><strong>rrs</strong></span> <span class='ocrx_word' id='word_1_777' title='bbox 2119 5282 2245 5333; x_wconf 70' lang='lat' dir='ltr'><strong>ilvit.</strong></span> <span class='ocrx_word' id='word_1_778' title='bbox 2299 5281 2415 5348; x_wconf 84' lang='lat' dir='ltr'><strong>Ipse</strong></span> <span class='ocrx_word' id='word_1_779' title='bbox 2456 5293 2632 5336; x_wconf 88' lang='lat' dir='ltr'><strong>autem</strong></span> <span class='ocrx_word' id='word_1_780' title='bbox 2661 5283 2728 5338; x_wconf 89' lang='lat' dir='ltr'><strong>de</strong></span> <span class='ocrx_word' id='word_1_781' title='bbox 2759 5284 3201 5341; x_wconf 72' lang='lat' dir='ltr'><strong>mdiﬁcationibus</strong></span> <span class='ocrx_word' id='word_1_782' title='bbox 3228 5287 3475 5340; x_wconf 80' lang='lat' dir='ltr'><strong>Auxentii</strong></span> <span class='ocrx_word' id='word_1_783' title='bbox 3524 5287 3587 5342; x_wconf 86' lang='lat' dir='ltr'><strong>V.</strong></span> 
     </span>
    </p>
   </div>
   <div class='ocr_carea' id='block_1_114' title="bbox 2009 5367 3592 5440">
    <p class='ocr_par' dir='ltr' id='par_1_114' title="bbox 2009 5367 3592 5440">
     <span class='ocr_line' id='line_1_114' title="bbox 2009 5367 3592 5440; baseline 0.007 -18"><span class='ocrx_word' id='word_1_784' title='bbox 2009 5367 2068 5422; x_wconf 88' lang='lat' dir='ltr'><strong>C.</strong></span> <span class='ocrx_word' id='word_1_785' title='bbox 2101 5381 2150 5423; x_wconf 88' lang='lat' dir='ltr'><strong>et</strong></span> <span class='ocrx_word' id='word_1_786' title='bbox 2180 5371 2245 5423; x_wconf 90' lang='lat' dir='ltr'><strong>de</strong></span> <span class='ocrx_word' id='word_1_787' title='bbox 2273 5373 2620 5440; x_wconf 88' lang='lat' dir='ltr'><strong>usurpatione</strong></span> <span class='ocrx_word' id='word_1_788' title='bbox 2650 5371 2919 5428; x_wconf 68' lang='lat' dir='ltr'><strong>immrdici</strong></span> <span class='ocrx_word' id='word_1_789' title='bbox 2951 5378 3065 5430; x_wconf 88' lang='lat' dir='ltr'><strong>auri</strong></span> <span class='ocrx_word' id='word_1_790' title='bbox 3096 5378 3347 5431; x_wconf 75' lang='lat' dir='ltr'><strong>nonnulla</strong></span> <span class='ocrx_word' id='word_1_791' title='bbox 3380 5377 3592 5434; x_wconf 84' lang='lat' dir='ltr'><strong>indiciis</strong></span> 
     </span>
    </p>
   </div>
   <div class='ocr_carea' id='block_1_115' title="bbox 2008 5462 3591 5538">
    <p class='ocr_par' dir='ltr' id='par_1_115' title="bbox 2008 5462 3591 5538">
     <span class='ocr_line' id='line_1_115' title="bbox 2008 5462 3591 5538; baseline 0.007 -22"><span class='ocrx_word' id='word_1_792' title='bbox 2008 5463 2290 5516; x_wconf 85' lang='lat' dir='ltr'><strong>intimavil.</strong></span> <span class='ocrx_word' id='word_1_793' title='bbox 2351 5462 2480 5529; x_wconf 66' lang='lat' dir='ltr'><strong>Quae</strong></span> <span class='ocrx_word' id='word_1_794' title='bbox 2545 5463 2665 5518; x_wconf 88' lang='lat' dir='ltr'><strong>ideo</strong></span> <span class='ocrx_word' id='word_1_795' title='bbox 2729 5465 3013 5521; x_wconf 78' lang='lat' dir='ltr'><strong>Gestorum</strong></span> <span class='ocrx_word' id='word_1_796' title='bbox 3083 5469 3283 5537; x_wconf 89' lang='lat' dir='ltr'><strong>paginis</strong></span> <span class='ocrx_word' id='word_1_797' title='bbox 3338 5469 3591 5538; x_wconf 83' lang='lat' dir='ltr'><strong>applicari</strong></span> 
     </span>
    </p>
   </div>
   <div class='ocr_carea' id='block_1_116' title="bbox 2007 5554 3596 5630">
    <p class='ocr_par' dir='ltr' id='par_1_116' title="bbox 2007 5554 3596 5630">
     <span class='ocr_line' id='line_1_116' title="bbox 2007 5554 3596 5630; baseline 0.006 -24"><span class='ocrx_word' id='word_1_798' title='bbox 2007 5554 2201 5622; x_wconf 76' lang='lat' dir='ltr'><strong>placuit</strong></span> <span class='ocrx_word' id='word_1_799' title='bbox 2233 5563 2284 5606; x_wconf 88' lang='lat' dir='ltr'><strong>ttt</strong></span> <span class='ocrx_word' id='word_1_800' title='bbox 2317 5554 2588 5612; x_wconf 67' lang='lat' dir='ltr'><strong>mternitas</strong></span> <span class='ocrx_word' id='word_1_801' title='bbox 2628 5569 2824 5623; x_wconf 72' lang='lat' dir='ltr'><strong>Vestra,</strong></span> <span class='ocrx_word' id='word_1_802' title='bbox 2858 5559 3063 5612; x_wconf 71' lang='lat' dir='ltr'><strong>cunctis</strong></span> <span class='ocrx_word' id='word_1_803' title='bbox 3091 5574 3184 5628; x_wconf 91' lang='lat' dir='ltr'><strong>per</strong></span> <span class='ocrx_word' id='word_1_804' title='bbox 3211 5560 3454 5614; x_wconf 88' lang='lat' dir='ltr'><strong>ordinem</strong></span> <span class='ocrx_word' id='word_1_805' title='bbox 3503 5578 3596 5630; x_wconf 88' lang='lat' dir='ltr'><strong>pa-</strong></span> 
     </span>
    </p>
   </div>
   <div class='ocr_carea' id='block_1_117' title="bbox 2011 5646 3595 5722">
    <p class='ocr_par' dir='ltr' id='par_1_117' title="bbox 2011 5646 3595 5722">
     <span class='ocr_line' id='line_1_117' title="bbox 2011 5646 3595 5722; baseline 0.008 -22"><span class='ocrx_word' id='word_1_806' title='bbox 2011 5647 2206 5702; x_wconf 51' lang='lat' dir='ltr'><strong>titnter</strong></span> <span class='ocrx_word' id='word_1_807' title='bbox 2255 5646 2469 5715; x_wconf 72' lang='lat' dir='ltr'><strong>auditis,</strong></span> <span class='ocrx_word' id='word_1_808' title='bbox 2511 5650 2794 5719; x_wconf 59' lang='lat' dir='ltr'><strong>providere</strong></span> <span class='ocrx_word' id='word_1_809' title='bbox 2836 5651 3085 5720; x_wconf 86' lang='lat' dir='ltr'><strong>dignetur</strong></span> <span class='ocrx_word' id='word_1_810' title='bbox 3144 5652 3595 5722; x_wconf 73' lang='lat' dir='ltr'><strong>quemadmodum</strong></span> 
     </span>
    </p>
   </div>
  </div>
