4048 6184
504 266 610 323 379

1683 256 1749 325 Q.
1792 250 2134 311 sunmus
2172 250 2607 310 svuuacuus.

3685 251 3792 311 380

505 375 927 436 etmcertantium
968 374 1306 429 aemulatione
1342 385 1676 440 compressa,
1711 380 1766 423 et
1802 365 2095 438 integritati
2128 366 2179 427 Α
2205 377 2475 421 evocaret.
2540 367 2692 421 Tunc
2734 367 3066 423 cessantibus
3109 366 3420 421 auctoribus
3465 366 3794 422 clarissima:

505 481 812 541 sumptuum
842 476 898 523 et
924 467 1156 521 ﬁrmitati
1185 466 1362 531 operis
1396 462 1729 518 consulatur.

1073 556 1287 611 EPIST.
1331 554 1535 609 XLVII.

578 669 629 709 υ.
655 666 952 706 τιιιῖοιιοειο
980 665 1185 704 SEMPER
1214 664 1334 703 AUC.
1358 661 1666 701 ειίιιίιιοιιυε
1692 660 1864 700 ΡΚΒΡ.
1895 659 2017 698 υιιιι.

577 743 643 798 ιιι
683 742 845 796 vestri
889 741 1124 795 numinis
1162 753 1390 793 veneror
1424 740 1751 801 sanctiones,
1792 735 1864 790 ita
1900 736 2092 790 obser-

507 836 745 890 vantiam
798 836 979 905 jugem
1037 833 1405 887 saluberrimis
1454 831 1562 887 divi
1618 829 1878 900 genitoris
1928 829 2090 883 vestri

506 928 758 998 impendo
801 924 1032 982 decretis
1070 942 1085 979 :
1126 924 1263 993 Quid
1309 925 1454 980 enim
1502 923 1593 978 illé
1626 920 1924 991 constituit,
1951 919 2093 991 quod

507 1022 677 1090 possit
717 1020 925 1088 publica
965 1035 1092 1073 cura
1121 1018 1412 1074 deserere?
1457 1018 1506 1072 ls
1542 1018 1683 1072 inter
1721 1014 1849 1081 alia,
1877 1029 1995 1084 quae
2040 1013 2093 1067 in

508 1115 705 1168 bonum
733 1113 1001 1180 publicum
1033 1112 1280 1177 contulit,
1308 1113 1468 1165 etiam
1496 1108 1746 1164 medendi
1776 1105 2095 1177 professori-

507 1206 608 1260 bus
645 1205 794 1259 dedit
819 1204 1066 1258 ordinem
1093 1202 1471 1267 successionis,
1502 1202 1550 1256 si
1582 1202 1756 1255 locum
1787 1199 2090 1271 quempiam

502 1297 815 1355 decedentis
842 1296 1054 1351 fortuna
1091 1296 1359 1351 nudasset.
1394 1294 1506 1362 Qua
1536 1296 1651 1361 lege
1686 1303 1900 1348 cautum
1931 1302 2014 1348 est
2038 1301 2095 1349 ut

510 1389 667 1457 primi
696 1389 827 1442 artis
852 1388 1094 1457 ejusdem
1124 1388 1192 1442 de
1220 1401 1477 1442 novorum
1507 1385 1731 1441 scientia
1772 1384 2089 1452 iudicarent.

508 1480 659 1534 Hanc
690 1481 939 1544 formam,
981 1488 1236 1549 quantum
1273 1488 1548 1541 asserunt,
1582 1486 1714 1532 tetas
1751 1484 1933 1531 secuta
1978 1490 2096 1531 ser-

505 1576 669 1635 vavit,
717 1570 777 1625 D.
815 1570 1125 1639 imperator.
1172 1569 1323 1624 Nunc
1359 1568 1596 1625 Joannes
1639 1567 1698 1622 V.
1738 1566 1798 1621 P.
1832 1582 1939 1622 non
1969 1582 2091 1622 enni

504 1662 746 1731 gradum,
780 1676 937 1730 quem
966 1661 1317 1730 subrogandis
1346 1660 1608 1715 dederunt
1645 1657 1839 1714 divalia
1869 1658 2089 1727 scripta,

507 1751 603 1805 sed
633 1766 843 1805 summo
876 1752 1170 1819 proximum
1204 1762 1431 1807 conatur
1456 1750 1701 1821 adipisci,
1744 1750 1904 1805 fultus
1937 1749 2093 1804 Pala-

507 1843 633 1897 tina:
690 1843 892 1896 tuiitia:
940 1842 1248 1912 privilegio,
1303 1852 1357 1896 et
1409 1842 1785 1913 impetratione
1845 1840 2094 1911 specialis

492 1935 737 2007 oraculi,
789 1950 894 2003 quo
945 1933 1174 2001 Epicteti
1217 1934 1471 1988 ai-chiatri
1521 1936 1696 1989 locum
1744 1944 1872 1990 tunc
1917 1932 2095 1987 adhuc

508 2026 818 2095 superstitis
849 2026 1172 2095 impetravit.
1203 2026 1310 2083 Sed
1341 2028 1465 2098 quia
1501 2029 1615 2098 lege
1641 2036 1695 2083 et
1721 2042 1869 2082 more
1897 2041 2096 2097 cogen-

507 2118 683 2183 tibus,
728 2130 1023 2173 stunmatcs
1066 2118 1307 2186 ejusdem
1361 2117 1708 2187 professionis
1760 2133 1856 2187 par
1890 2118 1989 2173 fuit
2038 2116 2095 2172 in

505 2226 738 2265 examen
763 2213 946 2276 acciri,
975 2211 1268 2266 alllllltiIUIﬂ
1296 2223 1373 2268 est
1401 2213 1603 2281 judicio
1624 2212 1907 2281 collegium
1934 2226 2094 2268 omne

509 2302 840 2358 medicorum
875 2319 889 2357 :
931 2319 1156 2372 quorum
1206 2303 1466 2370 potissinti
1511 2303 1648 2358 inter
1693 2303 2092 2357 venerationem

509 2393 644 2462 legis
692 2403 749 2448 et
801 2394 923 2448 novi
971 2393 1216 2448 beneﬁcii
1282 2393 1640 2450 reverentiam
1692 2394 1934 2460 judicare
1986 2409 2091 2449 non

504 2486 647 2549 ausi,
694 2500 814 2539 eum
864 2484 1038 2538 locum
1088 2484 1318 2540 Joannni
1353 2486 1411 2541 V.
1447 2486 1506 2542 P.
1543 2495 1836 2542 statuerant
1881 2485 2094 2542 deferre

506 2580 735 2641 nudum;
770 2594 930 2646 quem
979 2589 1163 2634 tenere
1193 2581 1473 2649 potuisset,
1507 2581 1551 2635 si
1588 2596 1654 2635 eo
1693 2591 1957 2651 tempore,
1984 2597 2091 2652 quo

507 2669 642 2722 aula:
687 2670 956 2738 obsequiis
985 2669 1272 2739 deputatus
1300 2679 1405 2733 est,
1434 2672 1823 2729 archiatrorum
1868 2688 2092 2729 numero

505 2761 696 2817 fuisset
742 2762 1042 2830 adjunctus.
1097 2762 1166 2816 Et
1204 2776 1324 2817 cum
1374 2762 1441 2818 ab
1486 2779 1551 2818 e-i
1609 2764 1826 2832 palatini
1873 2765 2092 2819 honoris

504 2851 681 2907 ofﬁcia
730 2864 1120 2922 posceientur.
1192 2863 1248 2908 ut
1312 2854 1683 2913 codicillorum
1740 2858 2090 2929 prterogativa

505 2956 851 3009 monstraret,
897 2947 1017 3013 quis
1058 2947 1136 3001 illi
1180 2948 1322 3005 inter
1361 2949 1661 3007 archiatros
1702 2952 1836 3006 ordo
1876 2966 2094 3023 compe-

505 3046 643 3095 teret
673 3082 688 3106 ,
742 3037 974 3094 asseruit
1013 3039 1308 3096 domestica
1354 3041 1680 3110 expilatione
1725 3044 1883 3098 etiam
1920 3045 2087 3100 docu-

505 3139 686 3183 menta
735 3128 835 3182 sibi
882 3129 1155 3199 dignitatis
1200 3131 1397 3187 ablata.
1453 3133 1524 3187 At
1561 3148 1691 3190 vero
1733 3149 1859 3204 pars
1899 3150 2093 3205 magna

504 3221 854 3288 medicorum,
896 3222 1096 3277 munita
1145 3224 1263 3293 lege
1291 3224 1486 3291 divali,
1512 3241 1697 3282 eorum
1729 3228 1973 3296 exempla
2002 3227 2095 3284 de-

505 3312 797 3379 prompsit,
847 3312 939 3379 qui
984 3328 1016 3368 e
1056 3314 1259 3368 Palatio
1308 3315 1359 3368 iu
1410 3315 1552 3372 hunc
1602 3316 1825 3386 gradum
1883 3331 2095 3373 servato

503 3400 695 3455 ordine
725 3402 1073 3458 transierunt.
1106 3402 1283 3471 Quare
1315 3413 1489 3463 motus
1518 3406 1803 3478 ambiguis,
1836 3417 1893 3462 et
1917 3423 2092 3475 neque

504 3488 612 3543 divi
664 3492 925 3558 genitoris
984 3494 1146 3548 vestri
1198 3508 1363 3549 ausus
1420 3511 1674 3567 rumpere
1727 3499 2092 3565 sanctionem,

506 3595 684 3649 neque
723 3583 935 3638 obviam
980 3586 1299 3652 specialibus
1347 3587 1534 3644 venire
1574 3590 1880 3660 praeceptis;
1911 3590 2095 3644 divino

505 3672 730 3728 arbitrio
771 3676 1006 3732 numinis
1031 3680 1215 3745 vestri,
1247 3681 1474 3736 subditis
1523 3681 1931 3751 allegationibus
1973 3700 2095 3752 par-

506 3765 660 3832 tium,
707 3782 970 3824 summam
1009 3772 1205 3839 negotii
1257 3774 1525 3829 reservavi
1570 3790 1585 3828 :
1629 3775 1917 3843 opperiens
1964 3774 2092 3844 qttid

504 3858 820 3914 deliberatio
868 3867 1105 3929 Angusta
1151 3865 1464 3931 constituat,
1510 3864 1595 3921 cui
1637 3865 1737 3939 soli
1786 3864 1864 3922 fas
1912 3866 2093 3921 estde

505 3950 656 4007 scitis
681 3951 945 4007 divalibus
970 3951 1237 4021 judicare.

1053 4043 1271 4099 EPIST.
1312 4042 1545 4099 XLVIII.

572 4149 628 4186 ι).
659 4145 953 4186 τιιειιυυειο
980 4149 1185 4189 εειιιιειι
1212 4150 1336 4190 AUC.
1364 4150 1676 4192 SYIIMACIIUS
1702 4151 1872 4193 PREF.
1896 4152 2018 4193 URB.

572 4224 711 4291 Quid
755 4227 957 4293 possint
997 4225 1127 4295 justi
1172 4227 1444 4297 principes
1497 4229 1718 4299 culpare
1772 4231 2090 4300 praesentia.

504 4314 562 4371 In
588 4319 766 4372 causis
803 4319 1025 4382 etenim.
1054 4321 1247 4390 quibus
1277 4322 1534 4378 momenti
1566 4322 1877 4379 reformatio
1908 4334 2093 4395 postu-

2197 459 2409 528 domus,
2455 460 2773 527 cmterisque
2823 457 3142 525 subtractis,
3188 458 3257 513 ad
3306 460 3782 517 contratlicenilnnt

2197 552 2391 608 Thesei
2431 551 2788 619 subrogantur
2819 550 3056 606 haeredes
3088 568 3102 604 :
3135 565 3244 605 uno
3285 560 3489 607 tantum
3519 552 3761 607 exhibito

2199 641 2288 713 qui
2324 657 2386 698 se
2425 649 2694 696 assereret
2723 641 2970 696 lib-'rlttm
3011 656 3132 697 esse
3173 640 3431 697 defuncti.
3481 644 3526 699 Is
3553 644 3789 700 interro-

2194 747 2350 803 gatus
2409 752 2517 801 quo
2562 735 2821 790 abiissent
2865 734 3056 790 incolae
3103 734 3452 803 prtrdiorum,
3505 736 3784 794 delituisse

2196 828 2511 893 nonnullos,
2543 826 2722 883 Scirtii
2751 842 2878 883 vero
2904 827 3166 896 mancipia
3197 827 3262 881 ad
3292 828 3551 885 uthanani
3575 830 3780 892 villain,

2195 935 2317 990 quae
2362 929 2442 973 est
2485 918 2767 975 clarissimi
2806 928 2860 974 et
2892 920 3115 974 illustris
3153 919 3249 973 viri
3281 920 3494 990 Olibrii,
3528 922 3784 977 translata

2197 1010 2494 1078 respondit.
2522 1011 2756 1074 Caetera,
2787 1020 2847 1066 ut
2882 1026 2913 1064 a
2950 1011 3142 1066 liberto
3164 1010 3359 1068 Thesei
3395 1011 3557 1079 dicta,
3589 1028 3785 1085 priete-

2197 1115 2366 1161 ream,
2406 1101 2531 1154 licet
2572 1105 2626 1155 in
2667 1115 2790 1156 eum
2821 1101 3157 1171 prtescriptio
3197 1101 3297 1156 ista
3343 1118 3448 1156 non
3488 1094 3785 1173 competat,

2194 1209 2318 1249 cum
2342 1208 2373 1246 a
2397 1205 2548 1258 patre
2577 1195 2842 1248 minorum
2869 1194 3184 1250 beneﬁcium
3208 1196 3469 1252 libertatis
3493 1201 3781 1269 acceperit.

2197 1288 2290 1343 llis
2330 1290 2399 1343 ita
2445 1288 2653 1356 positis,
2689 1290 3002 1345 Pramestini
3035 1290 3086 1345 in
3117 1305 3345 1361 quorum
3380 1292 3575 1348 ﬁnibus
3601 1295 3781 1349 Cassa-

2195 1383 2344 1437 riana
2388 1383 2657 1449 possessio
2691 1383 2852 1452 jacet,
2886 1384 3067 1438 missis
3096 1385 3489 1453 apparitoribus
3524 1386 3783 1443 exhiben-

2197 1482 2302 1528 tur.
2333 1474 2483 1529 Tunc
2504 1474 2718 1528 demum
2761 1473 2827 1530 ν.
2850 1474 2910 1529 C.
2938 1482 2990 1530 et
3034 1474 3344 1543 spectabilis
3364 1476 3552 1532 Olibrii
3593 1492 3784 1548 procu-

2194 1574 2343 1621 rator
2368 1566 2615 1634 emergit.
2648 1566 2814 1619 Adest
2847 1566 3009 1620 etiam
3034 1566 3285 1622 defensor
3312 1568 3601 1622 minorum.
3643 1568 3785 1623 Tan-

2194 1657 2316 1713 dem
2346 1657 2659 1727 cogcntibus
2683 1657 2901 1727 judiciis
2930 1658 3248 1727 postulatus,
3276 1658 3473 1716 Scirtio
3494 1662 3781 1717 adversum

2124 1727 2166 1787 Β
2195 1748 2332 1804 duos
2362 1764 2537 1818 pugna
2577 1748 2894 1819 proponitur
2926 1766 2941 1804 :
2980 1751 3228 1818 quamvis
3270 1750 3562 1820 patrocinia
3594 1754 3784 1809 claris-

2195 1841 2346 1896 simae
2368 1842 2583 1908 domus,
2614 1852 2669 1896 et
2706 1857 3081 1897 successorum
3106 1843 3299 1899 Thesei
3341 1845 3570 1913 quadam
3601 1846 3785 1918 specie

2194 1934 2541 1989 dissidereut.
2595 1934 2703 1989 Itur
2751 1936 2801 1988 in
2841 1937 3190 2005 quaestionem
3233 1937 3611 2005 possessionis,
3659 1954 3782 2006 qua:

2195 2029 2427 2096 pariium
2473 2028 2638 2082 variis
2677 2027 2872 2095 agitata
2915 2028 3277 2097 conflictibus,
3310 2029 3378 2085 ad
3409 2029 3779 2100 interrogatio-

2194 2133 2318 2173 nem
2358 2117 2572 2173 testium
2607 2117 2726 2188 jure
2756 2118 3019 2173 transivit.
3053 2118 3344 2176 Admoneri
3376 2121 3684 2190 singulatim
3722 2134 3782 2179 ut

2195 2226 2314 2266 mos
2341 2220 2446 2275 est,
2487 2211 2651 2280 jubeo
2690 2212 2923 2266 curiales
2963 2212 3236 2267 nominum
3270 2221 3326 2269 et
3359 2213 3654 2285 dignitatis.
3700 2217 3784 2273 Ab

2196 2318 2520 2373 unoquoque
2550 2318 2715 2374 posco
2746 2318 3024 2373 responsa,
3054 2314 3163 2359 tttm
3194 2307 3431 2363 locorum
3456 2305 3632 2377 justas
3660 2323 3784 2377 pos-

2193 2410 2439 2452 sessores
2496 2395 2713 2464 requiro
2753 2412 2768 2449 :
2809 2395 3006 2451 dehinc
3050 2407 3371 2463 pneunctor
3412 2398 3534 2469 quis
3576 2414 3785 2454 annuas

2194 2487 2521 2553 functiones,
2550 2497 2646 2543 aut
2686 2488 2882 2544 indicta
2936 2488 3270 2557 persolverit.
3313 2488 3449 2545 Cum
3491 2490 3783 2547 secundum

2192 2579 2443 2635 Scirtinm
2487 2580 2786 2634 testimonia
2827 2590 3018 2635 cuncta
3058 2580 3433 2650 procederent,
3464 2592 3625 2653 atque
3661 2599 3782 2638 eam

2196 2670 2587 2741 possessionem
2610 2686 2730 2725 cum
2754 2671 2965 2726 Theseo
2992 2671 3228 2726 tenuisse
3253 2682 3543 2738 constaret,
3568 2672 3785 2741 quando

2193 2772 2286 2817 aut
2314 2778 2409 2831 per
2428 2777 2563 2832 quos
2585 2762 2824 2831 dejectns
2849 2771 3012 2825 esset.
3036 2764 3308 2818 examino.
3336 2763 3644 2818 Secundum
3672 2764 3785 2820 fere

2193 2854 2278 2909 vel
2327 2854 2543 2907 tertium
2591 2866 2831 2908 mensem
2881 2867 3102 2909 manare
3147 2853 3513 2919 consentiunt,
3554 2862 3614 2911 ut
3657 2869 3782 2909 eum

2193 2944 2507 2999 clarissimae
2535 2952 2696 3013 atque
2720 2943 2945 2998 illustris
2967 2944 3160 2998 domus
3184 2944 3429 3000 homines
3454 2945 3777 3015 expulerint.

2195 3036 2404 3095 Auditis
2461 3037 2778 3105 optimatum
2840 3035 3181 3104 testimoniis,
3238 3038 3417 3093 denuo
3471 3038 3784 3094 delent-mres

2196 3129 2422 3185 admitto
2465 3127 2765 3199 jurgantes.
2819 3126 3053 3196 Quteita
3109 3137 3165 3185 et
3227 3144 3485 3198 responsa
3543 3130 3785 3196 partibus

2197 3221 2533 3277 intimantur.
2584 3221 2658 3276 lbi
2688 3220 2948 3289 Tarpeius
2991 3219 3055 3274 V.
3088 3220 3152 3276 C.
3197 3231 3512 3291 procurator
3558 3221 3785 3276 illustris

2196 3313 2298 3367 viri
2327 3312 2515 3367 Olibrii
2545 3311 2794 3378 asseruit,
2821 3312 2871 3367 ei
2897 3326 2992 3366 sex
3020 3314 3207 3367 uncias
3234 3311 3558 3382 prtediorum
3587 3313 3786 3370 Thesei

2197 3411 2373 3458 morte
2400 3402 2673 3472 quaesitas.
2707 3401 2906 3458 Contra
2935 3402 3164 3458 Scirtius
3198 3402 3266 3459 de
3304 3418 3399 3459 sex
3430 3405 3626 3471 unciis,
3651 3420 3788 3475 quas

2195 3496 2434 3551 minores
2462 3495 2620 3549 etiam
2661 3510 2722 3550 se
2759 3495 3131 3550 consentiente
3162 3496 3485 3563 retinebant,
3524 3514 3629 3552 non
3674 3500 3788 3555 ibat

2196 3587 2403 3645 inﬁcias
2424 3626 2440 3652 ,
2472 3601 2573 3642 nec
2593 3601 2686 3641 sua
2712 3586 2977 3643 interesse
2997 3585 3212 3641 dicebat
3229 3597 3440 3643 actores
3469 3589 3788 3646 claris~imze

2194 3678 2386 3733 domus
2432 3694 2499 3734 an
2546 3678 2787 3735 haeredes
2817 3678 3011 3735 Thesei
3051 3680 3241 3735 eadem
3274 3687 3427 3750 parte
3454 3681 3784 3737 fruerentur.

2194 3773 2348 3829 Tunc
2367 3772 2669 3828 actionilms
2692 3772 2976 3840 copulatis,
2996 3773 3246 3828 Scirtinm
3268 3788 3459 3843 urgere
3480 3782 3786 3841 eruperunt,

2194 3864 2337 3933 quod
2365 3864 2662 3920 secundum
2691 3864 2998 3919 mandatum
3029 3863 3092 3921 C.
3117 3863 3178 3920 Ε.
3207 3863 3452 3920 Facianze
3475 3879 3568 3920 ses
3598 3864 3788 3919 uncias

2194 3957 2406 4012 Theseo
2439 3971 2529 4023 per
2573 3955 2855 4025 epistolam
2885 3955 3232 4022 reddidisset,
3263 3971 3357 4011 sex
3387 3970 3516 4011 vero
3554 3956 3686 4011 alias
3728 3957 3787 4010 in

2194 4064 2289 4107 eos
2330 4049 2527 4105 liberos
2570 4050 2887 4105 contulisset
2922 4055 3220 4118 spontauea
3263 4048 3526 4115 largitate.
3555 4047 3638 4103 Ad
3670 4047 3789 4101 birc

2196 4141 2424 4199 Scirtius
2452 4141 2591 4196 idem
2619 4139 2814 4197 litteris
2839 4138 3209 4205 familiaribus,
3237 4140 3377 4208 quod
3404 4137 3788 4194 donationibus

2194 4233 2249 4288 in
2278 4232 2570 4300 Theseum,
2599 4232 2686 4289 vel
2730 4231 2982 4301 parvulos
3023 4230 3348 4287 transfusum
3387 4244 3510 4285 esse
3549 4227 3764 4282 dicebat
3862 4252 3875 4259 -

2195 4323 2363 4393 ipsius
2389 4324 2582 4394 petitu,
2613 4332 2672 4378 ut
2691 4331 2933 4379 actorum
2972 4322 3104 4378 ﬁdes
3131 4320 3451 4377 beneﬁcium
3480 4321 3786 4375 roboraret.

502 4409 667 4475 lator,
697 4412 1084 4479 appellationes
1116 4413 1280 4484 recipi
1304 4430 1410 4470 non
1442 4424 1674 4483 oportet.
1709 4416 1813 4472 Sed
1844 4417 2091 4473 consulto
2116 4467 2168 4484 ἢ
2198 4414 2267 4471 Et
2306 4430 2514 4482 revera,
2560 4429 2681 4470 cum
2729 4414 3024 4484 posteriora
3077 4424 3226 4484 gesta
3274 4429 3371 4483 pro
3412 4411 3643 4469 indiviso
3688 4425 3785 4465 sex

502 4519 645 4560 nunc
675 4506 939 4574 objectum
972 4509 1362 4575 provocationis
1402 4509 1617 4576 admisi,
1659 4518 1715 4565 ιιι
1759 4510 1811 4568 in
1856 4526 2088 4568 examen

501 4595 803 4649 clementia:
835 4608 1045 4662 vestrae,
1074 4609 1130 4653 et
1158 4600 1450 4657 invasionis
1480 4600 1788 4673 indignitas.
1819 4614 1873 4658 et
1898 4602 2089 4659 modus

499 4685 683 4755 judicii
713 4690 1036 4755 perveniret,
1068 4690 1132 4743 D.
1158 4693 1472 4761 imperator.
1509 4693 1641 4749 Nam
1672 4693 1899 4750 Scirtius
1928 4693 1991 4750 V.
2027 4695 2085 4750 Ρ.

501 4788 742 4846 ereptam
785 4779 882 4833 sibi
923 4792 1127 4851 partem
1159 4783 1478 4839 Caesariana:
1518 4799 1708 4841 massa:
1742 4786 1930 4842 crebra
1968 4787 2088 4842 adi-

505 4867 651 4923 tione
680 4881 1005 4939 conquestus
1027 4911 1044 4936 ,
1075 4888 1198 4927 cum
1240 4873 1648 4942 iutegrationeni
1690 4884 1896 4939 status,
1929 4892 2086 4944 quem

2115 4467 2171 4529 D

2197 4505 2384 4562 uncias
2415 4520 2604 4560 massae
2639 4505 2693 4559 in
2722 4519 2817 4561 eos
2849 4504 3072 4561 collatas
3097 4517 3220 4563 esse
3252 4513 3542 4570 testentur,
3576 4503 3788 4558 intelle-

2196 4600 2378 4654 ximus
2425 4606 2630 4667 partem
2674 4596 2952 4654 donatoris
2994 4606 3296 4665 exceptam.
3347 4595 3456 4652 Cur
3496 4595 3636 4650 enim
3687 4611 3790 4662 pro

2195 4692 2423 4749 indiviso
2473 4691 2659 4753 daret,
2708 4689 2757 4744 si
2810 4687 2945 4744 nihil
2992 4688 3255 4745 resideret
3302 4686 3443 4756 quod
3491 4684 3789 4741 retineret?

2194 4782 2301 4840 Sed
2344 4782 2445 4838 hoc
2468 4797 2591 4837 cum
2621 4780 2688 4836 ad
2723 4780 3062 4853 preprietatis
3103 4794 3323 4834 causam
3353 4778 3587 4833 dicerem
3618 4778 3786 4846 perti-

2194 4891 2359 4940 nere.
2401 4878 2622 4933 recitata
2666 4885 2750 4931 est
2789 4890 2821 4930 a
2872 4873 3249 4931 defensoribus
3288 4870 3619 4935 mnblilulio,
3662 4886 3790 4939 quae

504 4960 778 5030 amiserat,
815 4964 1177 5031 impetrasset,
1220 4964 1464 5021 hatredes
1492 4965 1711 5032 Thesei,
1741 4968 1829 5036 qui
1861 4973 2092 5023 relucta-
2189 4969 2460 5039 judieihus
2487 4968 2675 5023 tribuit
2702 4968 2935 5038 copiam,
2966 4982 3073 5022 non
3115 4965 3340 5037 imponit
3380 4964 3786 5033 necessitatem,

504 5062 692 5106 rentur
736 5054 930 5119 objecti
977 5064 1124 5111 sunt.
1173 5055 1307 5110 Tum
1350 5072 1478 5112 vero
1516 5055 1857 5123 Artemisius,
1902 5059 2087 5114 Olibrii

500 5145 785 5201 clarissimi
817 5155 974 5216 atque
998 5148 1219 5204 illuSIris
1243 5151 1341 5204 viri
1370 5160 1538 5219 actor,
1563 5153 1862 5206 exsecutori
1890 5160 1951 5206 ut
1976 5152 2091 5217 ipse

505 5240 778 5310 professus
822 5251 926 5306 est,
972 5241 1227 5297 obviavit.
1274 5243 1343 5299 Et
1382 5258 1503 5298 cum
1551 5244 1616 5299 ad
1661 5245 2088 5314 pernoscendum

504 5330 859 5402 possessionis
878 5344 1073 5390 statqu
1099 5334 1199 5389 loci
1223 5335 1548 5393 habitatores
1568 5337 1760 5394 adesse
1776 5337 2056 5408 iussissem
2072 5379 2087 5403 ,

503 5421 557 5479 in
606 5424 855 5507 iujuriam
901 5425 1112 5496 legum,
1145 5426 1360 5483 Rufﬁno
1399 5430 1614 5485 ofﬁciali
1654 5431 1807 5500 juSsa
1854 5432 2086 5496 curanti,

502 5515 1012 5584 quideducehantur
1032 5519 1238 5589 abrepti
1266 5530 1411 5575 sunt.
1436 5522 1598 5578 Gesta
1629 5522 1937 5577 indicabunt
1966 5521 2087 5577 facti

506 5606 732 5663 incivilis
765 5618 1037 5665 auctores.
1083 5610 1288 5666 Interea
1319 5612 1500 5668 distuli
1541 5613 1831 5668 vindictam
1856 5614 2088 5684 judicio-

508 5714 658 5762 rutu.
695 5712 750 5756 et
778 5716 964 5759 rursus
993 5703 1176 5761 ofticlo
1207 5706 1477 5771 negotium
1507 5706 1627 5764 dedi
1660 5717 1717 5765 ut
1744 5708 2086 5765 necessarios

2192 5068 2254 5115 tit
2278 5059 2487 5129 quoties
2510 5061 2577 5116 de
2600 5061 2940 5129 possessione
2968 5057 3329 5114 successionis
3351 5055 3619 5127 iudicant,
3648 5069 3786 5108 con-

2195 5154 2373 5217 tinuo,
2425 5155 2468 5207 si
2518 5167 2673 5208 casus
2726 5151 2941 5212 tulerit,
2992 5151 3154 5206 etiam
3205 5149 3272 5205 de
3313 5148 3442 5219 jure
3500 5155 3785 5204 censeant.

2193 5247 2305 5311 Qua
2335 5247 2543 5298 actione
2571 5245 2798 5298 confessi
2829 5250 2957 5297 sunt
2993 5241 3057 5294 ad
3085 5240 3247 5294 aliam
3278 5255 3496 5294 causam
3529 5254 3590 5292 se
3618 5239 3784 5291 malle

2195 5339 2447 5391 transire.
2500 5334 2763 5388 Prmtcrea
2812 5348 2919 5389 non
2965 5333 3112 5386 stilus
3155 5329 3386 5387 Scirtius
3434 5330 3786 5400 proprietats

2194 5429 2488 5498 qurcsﬁnne
2536 5427 2812 5482 videbatur
2858 5424 3129 5493 urgendus
3161 5464 3177 5488 ,
3237 5437 3361 5479 eum
3414 5422 3515 5490 ipsi
3567 5436 3787 5491 quoque

2194 5521 2333 5574 inter
2370 5534 2428 5573 se
2474 5533 2633 5587 super
2673 5518 2770 5572 hac
2815 5527 2966 5587 parte
3010 5514 3405 5582 quodammodo
3435 5512 3785 5568 dissidereut.

2195 5614 2368 5678 Quare
2411 5611 2478 5664 de
2511 5610 2847 5680 possessione
2892 5608 3185 5679 secundum
3233 5607 3554 5663 documenta
3601 5605 3786 5659 Scirtii

2194 5719 2245 5761 et
2273 5705 2643 5775 principalium
2671 5703 2975 5760 testimonia
3006 5702 3273 5774 judicavi,
3306 5698 3632 5756 adversariis
3662 5693 3790 5763 ejus
