3948 6170
226 255 322 313 581

1458 253 1942 312 EPISTOLARUM
1983 256 2184 314 LIBER
2225 260 2292 316 Χ.

3393 281 3498 341 582

222 383 312 424 sex
361 368 640 423 unciarum
686 366 983 421 retentioue
1009 374 1063 421 et
1099 365 1220 434 jure
1251 363 1498 420 firmatis.
1532 365 1805 434 Principa-
1838 375 1886 427 Α
1921 365 2148 426 rissituis
2200 370 2412 430 feminis
2456 375 2691 432 oblativa
2734 393 2960 436 munera
3005 385 3179 441 soluta
3219 400 3494 450 constare.

222 460 325 512 lem
352 473 486 514 vero
528 473 765 522 causam,
795 457 957 511 salvis
995 457 1404 528 allegatimtibus
1450 458 1678 527 partium
1720 456 1804 512 fu-

223 561 342 606 turo
385 553 616 606 examini
649 553 939 606 reservavi.
993 551 1055 605 Et
1077 567 1202 605 mox
1229 554 1508 607 sententia:
1532 554 1806 623 exemplar

218 643 397 707 emisi,
444 657 566 696 cum
615 642 734 712 ejus
782 642 1072 697 editionem
1127 653 1447 712 procurator
1499 644 1809 710 Spectabilis

221 733 320 786 viri
358 733 616 786 continuo
647 732 991 802 postulasset.
1013 733 1163 787 Tunc
1181 733 1408 788 Scirtius
1454 732 1647 789 obtulit
1683 748 1809 789 sau-

219 822 447 883 ctioues,
494 821 688 891 quibus
733 821 970 889 doceret,
1020 824 1071 877 in
1119 822 1500 879 reformatione
1548 826 1804 880 momenti

219 912 423 966 nullum
451 926 572 967 esse
596 912 1046 981 appellationibus
1075 913 1273 968 locum.
1319 913 1586 968 Postridie
1613 930 1807 984 procu-

218 1015 363 1059 rator
391 1005 721 1061 clarissimus
750 1014 804 1060 et
833 1006 1086 1071 illustris,
1122 1020 1188 1060 ac
1223 1005 1477 1061 defensor
1514 1006 1804 1074 minorum,

215 1097 304 1165 qui
357 1096 644 1165 putabatur
698 1098 747 1154 in
796 1096 996 1165 judicio
1050 1098 1398 1165 discrepare,
1460 1098 1804 1155 concordiam

214 1202 366 1244 suam
411 1187 614 1255 junctis
663 1186 1135 1257 provocationibus
1182 1187 1504 1243 indicarunt.
1557 1189 1684 1243 Haec
1723 1200 1808 1247 est.

213 1284 391 1340 omnis
435 1296 644 1338 Summa
683 1281 1008 1337 luctatninis.
1057 1281 1209 1336 Nunc
1249 1279 1527 1335 oraculum
1569 1283 1806 1340 numinis

214 1379 379 1436 vestri
411 1378 619 1430 fortuna
651 1376 760 1430 litis
789 1384 1086 1444 exspectat.
1134 1374 1295 1431 Gesta
1335 1385 1390 1430 et
1431 1375 1804 1443 supplementa

215 1470 382 1540 partis
413 1470 690 1539 utriu-que
719 1467 959 1537 subjeci:
990 1467 1182 1536 quibus
1215 1469 1470 1523 instructa
1499 1471 1805 1537 perennitas

215 1571 428 1627 vestra,
490 1561 740 1628 exemplo
792 1562 951 1618 unius
1005 1575 1183 1617 causa:
1235 1562 1509 1619 securitati
1564 1564 1802 1622 omnium

211 1655 516 1726 dignabitur
541 1656 906 1712 commodare.

775 1737 990 1808 EPIST.
1045 1750 1229 1806 XLIX.

210 1858 260 1896 ι).
291 1855 590 1896 τηεουοειο
614 1856 817 1896 εειιιηιιι
836 1858 959 1898 Αυϐο
985 1857 1296 1900 εγηιιλοιιυς
1322 1858 1373 1896 ι’.
1412 1859 1462 1896 ϐ.
1487 1858 1657 1898 μειερ.
1677 1859 1798 1900 U88.

278 1932 594 1992 Vendeudis
624 1933 832 2000 solidis,
861 1949 997 2004 quos
1023 1936 1338 2005 plerumque
1376 1937 1620 2003 publicus
1672 1952 1798 1991 usus

206 2026 466 2094 exposcit,
500 2024 934 2081 collectariorum
956 2041 1150 2093 corpus
1171 2027 1461 2082 obnoxium
1483 2036 1587 2093 est,
1611 2028 1802 2096 quibus

202 2132 323 2171 arca
355 2117 567 2170 vinaria
589 2126 789 2170 statum
819 2116 1048 2184 pretium
1088 2118 1477 2175 subministrat.
1525 2119 1659 2174 lluic
1697 2121 1801 2174 lto—

202 2208 406 2262 minum
433 2205 623 2278 generi
653 2208 938 2264 taxationis
961 2208 1166 2278 exigute
1205 2209 1434 2266 utilitate
1462 2212 1693 2275 nutanti,
1717 2210 1799 2265 di-

201 2314 298 2354 vus
325 2298 501 2356 frater
528 2298 764 2353 numinis
795 2298 957 2354 vestri
1001 2306 1208 2355 tantum
1241 2315 1338 2370 pro
1363 2302 1586 2370 singulis
1613 2301 1801 2356 solidis

198 2395 389 2448 statuit
415 2393 826 2466 conferendum,
856 2404 1116 2464 quantum
1147 2395 1374 2464 aequitas
1417 2394 1557 2450 illius
1589 2404 1799 2465 tempo-

201 2487 274 2542 ris
300 2486 631 2556 postulabat,
659 2486 720 2541 D.
751 2487 1062 2555 imperator.
1092 2487 1198 2544 Sed
1227 2486 1480 2558 paulatim
1502 2488 1617 2541 auri
1639 2502 1799 2543 enor-

201 2575 388 2631 mitate
409 2585 713 2642 crescente,
740 2576 822 2632 vis
849 2575 1069 2632 remedii
1100 2573 1293 2632 divalis
1326 2577 1550 2632 infratta
1582 2585 1685 2632 est.
1730 2576 1799 2631 Et

199 2685 316 2725 eum
342 2669 398 2724 in
425 2670 544 2724 foro
578 2669 848 2726 venalium
885 2682 1066 2726 rerum
1107 2671 1312 2740 majore
1347 2686 1557 2727 summa
1595 2671 1798 2726 solidus

197 2769 491 2816 censeatur
521 2804 537 2829 ,
585 2761 955 2817 nutnmulariis
999 2761 1166 2830 pretia
1215 2762 1422 2816 minora
1468 2764 1792 2834 penduntur.

198 2851 401 2908 Petunt
429 2852 593 2921 igitur
615 2851 683 2906 de
713 2853 1011 2909 aeternitate
1036 2862 1234 2916 vestra,
1279 2868 1376 2923 pro
1418 2855 1626 2910 ratione
1659 2871 1798 2926 prae-

192 2946 361 3009 senti,
381 2945 698 3016 justissima:
725 2944 1052 3002 definitionis
1077 2956 1382 3015 augmenta,
1403 2949 1492 3016 qui
1513 2949 1626 3018 jant
1650 2959 1796 3006 tanto

196 3037 350 3092 oneri
382 3036 700 3091 sustinendo
743 3051 898 3106 pares
941 3051 1063 3092 esse
1101 3053 1206 3092 non
1260 3050 1501 3107 possunt.
1555 3043 1680 3096 litee
1709 3050 1790 3096 est

1915 461 2027 516 Hoc
2060 479 2146 519 me
2186 465 2385 520 dudum
2435 483 2740 537 promptum
2788 481 2948 542 atque
2968 475 3229 532 declivem
3254 481 3318 534 ad
3342 483 3493 537 effla-

1911 553 2129 623 gitauda
2161 557 2456 612 illationum
2483 560 2801 617 documenta
2831 565 3034 631 defixit,
3077 582 3201 622 cum
3228 571 3497 629 videretur

1913 646 2163 703 omnibus
2201 651 2584 705 securitatibus
2609 669 2729 707 esse
2753 657 3124 714 vehementior
3163 660 3502 732 imperatoris
3527 714 3531 718 ,

1911 739 2162 794 assertio.
2204 739 2278 794 De
2298 740 2456 810 cujus
2504 746 2778 812 responsis
2831 748 2937 817 jugi
2977 751 3179 806 honore
3209 761 3498 823 mansuris,

1911 835 2109 882 vestra:
2138 828 2436 887 clementia:
2468 831 2547 886 fas
2571 849 2647 888 εει
2681 851 2800 892 esse
2818 838 3096 907 judicium.
3125 843 3232 897 Nos
3253 850 3500 903 venerari

1911 919 2108 984 potius,
2141 934 2299 988 quam
2340 921 2683 990 interpretari
2734 929 2948 985 oracula
2990 930 3167 985 divina
3210 939 3499 991 consuevi-

1911 1022 2050 1063 mus.
2101 1008 2303 1065 Prtesto
2347 1023 2473 1066 sunt
2517 1027 2860 1070 monumenta
2909 1030 3216 1088 gestorum,
3265 1027 3496 1092 partium

1910 1112 2122 1168 quoque
2157 1101 2528 1170 supplementa
2574 1121 2680 1160 non
2730 1107 2999 1164 desinunt.
3044 1112 3278 1182 ASquum
3315 1127 3399 1170 cst
3442 1128 3498 1175 ut

1908 1190 2204 1260 ntajestatis
2242 1203 2438 1250 vestra:
2475 1195 2790 1255 iuformetnr
2835 1201 3058 1259 arbitrio
3097 1207 3324 1263 humana
3362 1225 3495 1266 cuu-

1909 1287 2092 1341 ctatio.

2529 1359 2743 1419 EPIST.
2778 1363 2861 1420 ω.

1980 1463 2032 1502 D.
2066 1461 2359 1506 τιιεουοδιο
2385 1467 2590 1510 SEMPEB
2611 1472 2732 1514 Διά.
2762 1471 3070 1516 SYIIIACKUS
3099 1477 3272 1520 PREP.
3300 1479 3416 1519 ['38.

1979 1559 2215 1620 Moribus
2255 1564 2412 1622 smvis
2461 1567 2722 1624 familiare
2769 1581 2929 1640 atque
2955 1584 3242 1644 cognatum
3280 1587 3362 1632 est
3402 1593 3487 1632 ar-

1907 1665 2056 1706 mare
2103 1653 2324 1722 spiritus
2373 1657 2704 1726 impunitatis
2745 1664 3014 1732 exemplo,
3067 1666 3130 1720 Ι).
3171 1667 3487 1738 imperator.

1827 1737 1874 1798 Β
1903 1742 2008 1796 Cur
2035 1744 2176 1798 enim
2208 1748 2498 1803 secundum
2533 1752 2784 1820 desperet
2820 1755 3092 1826 eﬂ‘ugiutu,
3137 1761 3225 1829 qui
3252 1737 3488 1830 laqueos

1905 1835 2146 1890 criminis
2202 1837 2396 1904 prioris
2447 1841 2657 1896 evasit?
2709 1844 2963 1902 Praesenti
3022 1864 3197 1905 causas
3244 1857 3489 1920 congruit

1904 1928 2177 1994 praemissa
2227 1934 2513 1999 sententia,
2561 1937 2823 2004 siquidem
2874 1941 3187 1996 Valerianus
3211 1943 3275 1997 γ.
3307 1942 3370 1998 C.
3401 1945 3485 1998 cui

1905 2016 1984 2070 lar
2015 2018 2066 2071 in
2088 2017 2254 2088 Epiro
2279 2036 2398 2078 esse
2426 2028 2744 2094 suggeritur,
2772 2045 2945 2100 neque
2989 2033 3365 2102 rescriptorum
3391 2050 3486 2089 ve-

1903 2110 2212 2175 neratione,
2253 2127 2428 2180 neque
2473 2117 2651 2188 legum
2691 2124 2998 2188 severitate,
3039 2125 3122 2178 vel
3180 2126 3484 2194 pactiouutu

1905 2200 2031 2267 fide,
2063 2204 2494 2274 autjudiciorum
2526 2216 2824 2269 reverentia
2855 2228 3222 2283 permovetur.
3255 2217 3355 2284 Qui
3381 2217 3486 2286 pri-

1906 2304 1995 2344 mo
2021 2293 2074 2347 in
2100 2310 2322 2351 examen
2354 2303 2616 2365 praetoriae
2644 2304 2787 2358 sedis
2811 2305 2993 2373 jussus
3019 2307 3180 2360 acciri
3200 2349 3215 2373 ,
3247 2307 3313 2360 ad
3354 2322 3482 2375 sup-

1907 2381 2246 2450 plicationem
2292 2386 2352 2440 V.
2381 2386 2444 2442 C.
2487 2389 2723 2448 Junioris
2769 2393 2874 2451 vim
2916 2397 3162 2466 rescripti
3209 2397 3477 2465 praecelsas

1903 2479 2182 2544 potestatis
2225 2477 2407 2536 elusit.
2470 2481 2672 2539 Dehinc
2717 2488 3188 2555 proconsularibus
3229 2499 3482 2544 evocatus

1901 2568 2114 2639 edictis,
2142 2571 2287 2642 leges
2315 2576 2572 2643 pariarte
2607 2578 2892 2634 frustratus
2930 2589 3030 2634 est.
3080 2579 3214 2634 Nam
3257 2595 3376 2633 cum
3427 2590 3481 2634 et

1900 2659 2110 2714 actione
2137 2663 2301 2728 civili,
2346 2675 2402 2721 et
2441 2669 2704 2723 criminali
2745 2673 3084 2725 accusatione
3128 2683 3480 2739 premeretur,

1900 2754 2111 2806 statutis
2165 2755 2450 2812 inciviliter
2479 2759 2816 2827 repugnavit,
2867 2770 2923 2812 ιιι
2969 2761 3301 2828 apparitores
3343 2775 3479 2828 prte-

1901 2846 2122 2900 fecturae
2149 2847 2386 2914 urbanae,
2415 2849 2604 2917 partim
2637 2850 2879 2914 notariis,
2922 2852 3112 2918 partim
3135 2855 3478 2920 suggestione

1898 2941 2178 3008 signarunt
2207 2959 2220 2998 :
2253 2957 2480 3012 quorum
2508 2958 2646 2998 unus
2661 2944 2837 3014 agenti
2865 2943 2919 2998 in
2945 2945 3127 3011 rebus,
3155 2959 3222 3001 eo
3242 2955 3477 3010 mortuo,

1899 3030 1964 3084 ad
1995 3046 2154 3101 quem
2193 3036 2330 3090 sacri
2367 3034 2620 3102 praecepti
2667 3033 2944 3089 exsecutio
2986 3036 3305 3100 pertinebat,
3347 3036 3478 3091 affe-

195 3142 362 3182 cansa
413 3102 805 3197 (ιιιωι-ἱηιοηλέ.
857 3143 1016 3196 quam
1063 3102 1272 3184 divinis-
1301 3131 1550 3186 sensibus
1596 3135 1788 3192 vestris
1815 3102 1865 3168 α
1895 3128 2039 3176 ctum
2066 3136 2126 3176 se
2149 3137 2177 3175 a
2201 3123 2480 3180 Valeriano
2505 3124 2754 3194 gravibus
2775 3124 2987 3194 injuriis
3007 3125 3278 3181 iudicavit.
3304 3129 3479 3183 Motus

196 3220 339 3274 tich
361 3227 637 3288 gestorum
671 3217 879 3286 plenius
918 3218 1206 3274 intimabit.
1241 3221 1295 3275 Si
1329 3221 1597 3290 petitionis
1625 3238 1792 3293 genus

196 3311 488 3380 probabile
537 3309 828 3379 judicatis,
882 3325 1068 3380 quasso
1126 3322 1184 3366 ut
1234 3312 1361 3368 huic
1403 3328 1618 3382 quoque
1658 3315 1792 3382 parti

196 3401 495 3471 pmceptio
527 3401 952 3456 mansuetudinis
997 3412 1192 3460 vestrae
1231 3403 1448 3460 salubre
1495 3406 1792 3465 remedium

195 3491 492 3547 deferatur.

847 3561 1061 3618 EPIST.
1099 3562 1163 3622 L.

262 3669 314 3708 ι).
351 3667 654 3709 τιιεουοειο
682 3668 886 3709 εειιῐιειι
910 3670 1029 3712 AUC.
1061 3671 1374 3714 SYIMACHUS
1404 3675 1571 3714 PREF.
1597 3676 1720 3716 UBB.

259 3766 496 3821 Pal-lini
539 3766 970 3822 munerationum
1014 3782 1312 3835 sacrarum,
1352 3771 1569 3827 Amicus
1600 3783 1654 3828 ct
1686 3773 1791 3827 Ca-

189 3871 324 3920 stor,
343 3868 590 3928 qutestus
613 3859 854 3928 publicos
875 3871 1148 3928 eruentes,
1166 3863 1307 3918 inter
1323 3874 1517 3920 caetera
1550 3866 1789 3934 nomina,

187 3965 308 4019 quae
325 3951 540 4020 judicio
571 3962 985 4022 persequuntur,
1018 3955 1258 4011 lttcrcdes
1289 3954 1621 4013 Postumiani
1643 3958 1788 4014 ιω.

189 4040 245 4094 in
264 4055 505 4096 examen
529 4055 706 4098 meum
740 4044 1187 4102 conventionibus
1225 4057 1539 4112 evocarunt,
1585 4049 1646 4102 D.
1689 4049 1794 4104 im-

188 4141 437 4201 perator.
473 4130 711 4188 Luciano
740 4144 1016 4201 monente,
1042 4139 1133 4206 qui
1156 4153 1352 4194 census
1373 4142 1640 4195 senatoris
1661 4149 1789 4198 ante

186 4223 468 4288 tractavit,
499 4223 643 4292 quod
672 4225 920 4281 oblativis
948 4227 1310 4286 functionibns
1335 4245 1396 4284 ea
1434 4231 1651 4286 demum
1693 4231 1790 4286 do-

183 4329 308 4369 mus
337 4322 494 4370 esset
520 4314 748 4369 obnoxia
783 4333 796 4370 :
822 4331 944 4383 pars
973 4317 1138 4373 debiti
1165 4318 1482 4389 Lollianam,
1515 4335 1639 4390 pars
1659 4317 1787 4374 Cat-

185 4406 457 4462 tianillam
491 4408 692 4476 pariter
717 4423 780 4463 ac
809 4409 1132 4465 Severellam
1159 4414 1544 4482 suggerebatur
1570 4429 1780 4484 urgere.

1896 3212 2057 3280 igitur
2085 3212 2400 3282 indignitate
2423 3215 2604 3269 talium
2654 3217 2994 3284 querelarum
3023 3257 3039 3282 ,
3069 3231 3189 3271 cum
3238 3218 3476 3274 viderem

1896 3319 2082 3360 rursus
2111 3306 2259 3360 illudi
2291 3321 2449 3375 posse
2471 3306 2706 3376 judiciis,
2739 3309 2782 3364 si
2817 3309 2945 3378 quid
2971 3311 3213 3365 severius
3239 3313 3477 3368 censuis-

1893 3410 2031 3462 sem,
2057 3396 2198 3452 factu
2224 3398 2486 3467 optimum
2509 3399 2734 3463 credidi.
2753 3410 2812 3455 ut
2835 3401 3118 3456 arteruitati
3143 3411 3332 3457 vestrm
3351 3417 3482 3458 caua

1894 3501 1969 3543 ste
1994 3488 2148 3545 istius
2174 3488 2502 3558 pontificium
2533 3506 2887 3546 reservarem.
2913 3492 3025 3548 Soli
3053 3494 3195 3550 enim
3214 3493 3336 3563 jure
3355 3509 3478 3549 cor-

1894 3580 2068 3650 rigitis
2119 3583 2352 3638 admissa
2410 3584 2700 3653 potissimae
2744 3584 3038 3655 dignitatis.
3107 3583 3268 3641 Fides
3310 3587 3476 3656 gestis

1896 3687 2078 3728 rerum
2109 3674 2499 3730 t'oltzerentibus
2523 3675 2825 3742 explicatur
2857 3693 2869 3728 :
2901 3675 3248 3732 nihilominus
3290 3678 3355 3730 ad
3387 3691 3473 3732 se-

1893 3773 2075 3817 natum
2103 3778 2381 3833 regressus
2409 3765 2702 3833 apparitor.
2734 3768 2824 3836 qui
2850 3766 3238 3822 contumaciam
3267 3775 3474 3822 senato-

1893 3855 1968 3910 ris
1989 3865 2044 3909 et
2064 3857 2288 3910 serviles
2314 3856 2544 3925 impems
2565 3857 2850 3922 nuntiavit,
2878 3859 3306 3928 suggestionibus
3333 3861 3474 3924 suis,

1891 3963 2015 4002 cum
2065 3947 2203 4003 forte
2245 3963 2372 4004 usus
2411 3949 2612 4016 tulerit,
2640 3949 2941 4004 adfuturus.
2981 3952 3176 4016 Quaeso
3216 3960 3472 4006 teternam

1891 4038 2228 4093 clementiam
2253 4048 2486 4094 vestram
2517 4048 2593 4104 ut,
2616 4039 2865 4095 omnibus
2890 4039 3046 4096 solita
3069 4042 3322 4110 aequitate
3347 4057 3472 4112 per-

1890 4131 2094 4199 pensis,
2119 4135 2328 4197 evagari
2351 4129 2573 4188 ulterius
2599 4128 2966 4186 frustratorem
2996 4138 3074 4186 tot
3099 4132 3334 4202 judicum
3363 4148 3471 4188 non

1889 4219 2097 4275 sinatis.

2492 4289 2707 4346 EPIST.
2746 4290 2856 4346 LII.

1961 4396 2010 4434 D.
2037 4395 2328 4435 TDEODOSIO
2349 4393 2552 4436 εειιινεῐι
2581 4397 2703 4437 AUC.
2741 4396 3047 4440 SYIIACHUS
3075 4398 3241 4440 ιιιιιιτ.
3271 4398 3394 4440 URB.

183 4495 400 4553 Interea
430 4471 772 4565 senueStrato
799 4499 1048 4556 Lollianas
1069 4500 1129 4556 C.
1154 4471 1482 4570 Fitibmine,
1504 4471 1663 4574 quam
1685 4519 1783 4573 pro
1812 4471 1864 4534 D
1967 4495 2187 4550 Difficile
2213 4506 2296 4550 est
2324 4505 2382 4550 ut
2415 4496 2554 4552 bona
2593 4511 2752 4553 causa
2783 4497 2892 4563 sit,
2936 4497 3090 4566 cujus
3129 4498 3272 4554 actio
3306 4497 3357 4553 in
3384 4498 3471 4566 jus

179 4601 279 4641 sex
328 4589 514 4642 unctis
550 4589 795 4658 astringit
833 4592 1041 4645 exactio
1073 4609 1085 4644 :
1136 4591 1325 4648 horum
1355 4605 1471 4648 orta
1500 4594 1786 4664 refragatio

184 4689 293 4742 est,
325 4696 469 4750 quos
500 4695 598 4749 pro
618 4681 844 4751 singulis
865 4683 1126 4740 bonorum
1158 4686 1541 4755 quadrantibus
1564 4688 1786 4744 solutio.

185 4770 270 4824 nis
299 4786 437 4826 cora
483 4771 784 4828 mordebat.
833 4770 1315 4843 Compercudinato
1361 4780 1787 4848 plerutuqueju-

182 4859 336 4916 dicio
364 4877 456 4917 res
477 4877 544 4916 eo
572 4862 799 4919 deducta
830 4877 930 4929 est,
955 4877 1011 4919 ut
1047 4866 1159 4921 fisci
1192 4869 1540 4936 patrocinium
1580 4873 1786 4924 securi-

183 4960 328 5006 tates
358 4968 392 5006 a
417 4953 733 5008 clarissimis
757 4958 1000 5023 personis
1025 4957 1225 5027 impleti
1254 4974 1350 5029 per
1379 4962 1520 5015 vices
1548 4962 1786 5016 muneris

185 5045 853 5116 ﬂagitaret,(lattianillm
899 5065 1027 5104 vero
1082 5067 1147 5105 ac
1200 5053 1489 5107 Sevcrcllae
1543 5053 1786 5110 defensio

181 5142 388 5206 scripta
421 5137 488 5192 ad
520 5141 781 5195 rationem
809 5141 974 5197 divini
1025 5145 1284 5214 principis
1320 5144 1644 5202 mitteretur.
1680 5146 1786 5202 Ve.

182 5238 270 5284 ius
296 5230 450 5283 enim
480 5232 725 5300 qumstio,
763 5243 817 5289 et
862 5235 1256 5305 cognitionibus
1300 5238 1633 5305 praefectura:
1671 5239 1782 5293 fre-

178 5328 425 5386 quenter
455 5320 675 5388 agitata,
699 5337 869 5392 usque
895 5326 960 5379 ad
991 5326 1174 5397 inclyti
1201 5342 1523 5400 semperque
1561 5333 1782 5389 verendi

174 5413 456 5480 genitoris
486 5416 646 5469 vestri
679 5416 912 5471 cucurrit
942 5418 1222 5473 arbitrium
1253 5435 1269 5474 :
1295 5423 1382 5489 qui
1413 5422 1645 5478 Juventii
1671 5426 1781 5478 cla.

175 5503 425 5558 rissims
471 5511 524 5558 ct
547 5503 768 5560 illustris
795 5509 1068 5563 memoriae
1100 5511 1334 5578 praefecti
1376 5513 1505 5569 Urbi
1540 5517 1781 5572 insinua-

178 5596 332 5648 tione
359 5593 648 5650 consultus
675 5597 901 5666 quadam
929 5600 1173 5669 rescripti
1207 5612 1357 5671 parte
1387 5605 1637 5675 signavit,
1667 5609 1780 5666 suis

175 5687 500 5756 quibusque
528 5690 853 5758 temporibus
882 5706 910 5746 a
935 5692 1238 5752 Cattiauilla
1268 5711 1329 5752 ac
1366 5698 1636 5755 Severella
1671 5703 1780 5758 cla-

1893 4589 2116 4642 alterius
2141 4588 2516 4657 desperatione
2549 4590 2884 4644 transfertur.
2919 4589 2973 4645 Id
2996 4589 3130 4647 adeo
3152 4605 3241 4647 res
3277 4591 3471 4658 proba-

1894 4682 1988 4748 vit,
2027 4682 2088 4736 D.
2117 4683 2426 4750 imperator.
2459 4683 2592 4739 Nam
2634 4682 2946 4738 Theodorus
2969 4723 2987 4749 ,
3027 4691 3084 4739 ut
3124 4681 3375 4746 asseruit,
3404 4697 3470 4737 cx

1893 4784 2108 4842 pectore
2149 4773 2214 4828 ab
2258 4774 2466 4828 Auania
2513 4772 2744 4842 quadam
2792 4773 2845 4828 in
2903 4787 2962 4830 re
3010 4786 3107 4827 sua
3159 4784 3472 4840 procurator

1891 4875 2120 4925 creatus.
2149 4865 2468 4935 jampridem
2509 4864 2806 4920 clarissimo
2845 4873 3007 4933 atque
3034 4864 3472 4921 emendatissimo

1893 4957 2009 5010 viro
2037 4956 2296 5020 Cuprasio
2321 4956 2540 5012 urbanis
2581 4956 2936 5011 tribunalibus
2975 4955 3319 5024 praesidente,
3351 4955 3470 5008 Fla-

1893 5051 2104 5104 vianum
2131 5049 2412 5117 quemdam
2441 5051 2750 5104 denuntiata
2782 5049 2873 5102 lite
2904 5048 3130 5115 pulsavit
3157 5047 3287 5102 :sed
3322 5045 3466 5102 dictu

1894 5142 2190 5210 legitimum
2216 5156 2392 5194 causa:
2441 5141 2620 5208 lapsus
2661 5141 2909 5194 excessit.
2961 5139 3143 5208 Longo
3184 5138 3466 5194 iu'crvallo

1893 5233 2051 5302 petita
2067 5247 2096 5284 a
2112 5247 2196 5286 me
2213 5232 2496 5300 reparatio.
2517 5246 2638 5285 eum
2666 5241 2842 5300 partes
2861 5229 2926 5282 ad
2951 5228 3310 5285 necessarium
3337 5243 3466 5282 eon-

1893 5325 2135 5377 traxisset
2159 5337 2404 5386 examen,
2436 5331 2558 5391 post
2595 5322 2787 5375 multas
2812 5320 3179 5390 allegationes,
3211 5334 3343 5390 quas
3376 5319 3467 5386 ju-

1891 5417 2026 5471 dicia
2056 5427 2114 5469 ut
2152 5413 2406 5469 invdidas
2437 5423 2756 5480 respuerunt
2778 5453 2794 5477 ,
2841 5428 2956 5466 orta
2987 5411 3322 5482 praescriptio
3349 5417 3462 5477 est,

1889 5525 2008 5582 quae
2037 5518 2303 5564 assereret
2323 5508 2506 5564 novari
2539 5518 2775 5576 tempora
2800 5521 3108 5576 possessore
3137 5513 3348 5560 mortuo
3369 5504 3467 5560 dc-

1890 5603 2090 5658 ltuisse.
2129 5599 2261 5654 Nam
2305 5600 2584 5654 constabat
2635 5617 2741 5655 non
2785 5600 2943 5654 modo
2990 5597 3324 5663 Flavianum,
3374 5597 3466 5665 qui

1889 5701 2213 5772 prepositam
2255 5697 2460 5768 legibus
2500 5702 2857 5770 lquazstionem
2906 5700 3106 5769 primus
3155 5698 3461 5772 exceperat.
