3948 6170
481 201 587 257 383

482 317 577 370 sed
599 315 760 371 etiam
788 329 1156 369 successorem
1207 312 1326 382 ejus
1372 312 1530 367 linem
1584 309 1776 364 fecisse
1827 307 2063 364 vivendi.
2097 314 2141 368 Α

486 412 566 466 Ad
596 411 695 463 hoc
725 409 999 478 prmmissa
1028 417 1111 463 cst
1136 407 1317 468 lectio,
1353 404 1517 459 veluti
1550 403 1806 474 probatur
1836 400 2068 464 indiciis,

484 503 825 557 novationetn
857 509 1058 554 tantum
1107 498 1352 567 petitoris
1396 495 1596 550 hmredi
1631 510 1751 549 esse
1773 494 2067 547 decretam.

483 593 635 660 Quod
660 594 822 646 verbo
845 591 1056 659 quidem
1108 600 1392 649 assertum.
1438 588 1531 643 sed
1564 585 1931 641 sanctionibus
1961 598 2068 637 non

485 685 794 751 probatum,
841 683 1126 736 contraria:
1166 683 1298 750 legis
1338 681 1651 735 recitatione
1700 690 2069 746 compressum

483 787 586 827 ρει.
618 774 844 827 Secutus
871 773 1029 841 igitur
1052 773 1182 828 scita
1209 773 1487 827 manifesta
1512 782 1566 826 et
1589 770 1750 825 nullis
1776 769 2070 838 principum

481 874 703 917 vacuata
733 864 1005 932 respoiisis
1029 903 1044 928 ,
1089 878 1303 918 cessare
1341 877 1649 932 processum
1690 861 1888 929 negotii
1927 861 2072 928 judi-

481 954 596 1007 cavi
632 970 645 1005 :
673 967 793 1006 cum
819 952 883 1006 lis
910 952 1064 1020 alteri
1091 953 1426 1016 denuntiata,
1451 952 1608 1005 aliam
1634 965 1912 1018 personam
1939 958 2072 1002 tem-

485 1045 701 1113 poribus
725 1047 928 1100 exactis
953 1056 1136 1102 tenere
1175 1062 1279 1098 non
1311 1056 1508 1116 posset.
1541 1045 1692 1099 Tunc
1720 1043 1912 1098 oblatis
1944 1058 2071 1111 pro-

484 1138 778 1191 vocationis
804 1140 963 1191 etiam
1006 1137 1306 1191 novationis
1333 1136 1547 1200 libellis,
1568 1149 1827 1205 suspensa
1859 1144 2069 1188 senten~

487 1228 579 1280 tia.
610 1228 775 1297 Cujus
816 1229 1063 1282 meritum
1096 1230 1404 1295 perenni'as
1427 1237 1599 1280 vestra
1631 1224 1784 1280 lectis
1820 1223 1984 1295 gestis
2012 1238 2074 1278 ac

486 1319 818 1373 refutatoriis
835 1319 1235 1373 cohaerentibus
1256 1318 1561 1372 aestimabit.
1589 1318 1696 1386 Ego
1715 1317 1765 1370 in
1789 1315 2074 1371 referendo

489 1409 731 1476 prolixus
752 1423 874 1463 esse
910 1424 1011 1460 non
1043 1408 1224 1474 debui,
1261 1422 1381 1460 cum
1412 1421 1547 1476 pene
1572 1407 1623 1460 in
1661 1407 1776 1473 ipso
1801 1405 2072 1461 actionum

488 1499 752 1554 vestibulo
775 1501 982 1569 repulsa
1012 1499 1216 1569 legibus
1241 1514 1401 1554 causa
1424 1498 1754 1554 constiterit.

1093 1695 1307 1752 EPIST.
1343 1695 1474 1750 LIII.

557 1892 610 1930 ι).
638 1889 932 1931 τηεουοειο
959 1890 1164 1930 εεειηιι
1195 1889 1316 1931 AUG.
1348 1889 1657 1929 SYIHACEUS
1678 1889 1849 1928 PREF.
1881 1888 1998 1928 UBB.

559 2053 616 2108 In
647 2053 824 2109 causis
851 2051 1268 2121 appellationum
1301 2049 1440 2105 malo
1471 2049 1560 2118 jus
1587 2049 1862 2119 potestatis
1888 2047 2076 2101 infrin-

489 2161 639 2215 gere,
671 2161 829 2214 quam
867 2143 1368 2209 iutcrpretationum
1408 2141 1567 2194 dubia
1602 2141 1908 2203 sustinere;
1940 2154 2075 2208 prm-

489 2240 676 2294 sertim
702 2239 951 2293 conscius
984 2236 1122 2289 haud
1157 2235 1351 2304 iniquae
1375 2232 1742 2303 jmlicationis,
1780 2231 1863 2286 cui
1892 2232 2076 2286 nonni-

490 2332 564 2386 hil
622 2331 839 2385 honoris
884 2329 1133 2394 nveniet,
1175 2329 1221 2381 si
1259 2327 1577 2381 aeternitatis
1621 2335 1820 2379 vestrae
1858 2323 2075 2378 oraculo

488 2421 803 2486 roborctur,
853 2420 912 2473 D.
970 2423 1280 2488 imperator.
1335 2416 1452 2472 Tuli
1501 2417 1664 2481 igitur
1706 2417 2073 2470 Constantium

487 2512 736 2568 Suariun
769 2521 970 2565 temere
995 2519 1398 2579 provocantem,
1429 2524 1550 2562 cum
1579 2523 1645 2562 ex
1682 2523 1828 2562 rescr
1851 2519 1942 2577 pto
1979 2525 2077 2560 nu-

487 2605 648 2657 minis
669 2605 830 2656 vestri
859 2611 1076 2664 statum,
1103 2616 1261 2670 quem
1291 2599 1594 2654 Theodosio
1619 2599 1827 2653 absenti
1853 2597 2073 2654 ademe-

487 2704 590 2755 rat,
622 2692 1020 2747 reforma~sem.
1077 2693 1216 2746 Mota
1256 2691 1400 2744 enim
1431 2701 1606 2744 vestra
1630 2689 1912 2744 clementia
1945 2704 2076 2760 sup-

490 2785 862 2853 plicationibus
908 2795 962 2839 et
1001 2784 1266 2854 querelis,
1311 2785 1456 2838 brevi
1499 2781 1746 2837 examine
1780 2783 1944 2852 jussit
1993 2784 2077 2838 in-

488 2879 625 2944 quiri
675 2895 742 2932 an
799 2878 1102 2932 Theodosio
1160 2887 1311 2933 extra
1376 2874 1687 2931 conﬂictum
1743 2877 1956 2942 locato,
2014 2891 2078 2932 ac

487 2971 570 3024 dei
615 2970 681 3025 de
707 2981 774 3026 ne
806 2970 965 3024 rebus
993 2969 1271 3024 excideret
1297 2977 1647 3038 provocante,
1678 2968 2071 3035 possessionem

489 3075 775 3128 corporum
807 3062 1152 3113 Consmnttus
1171 3072 1312 3114 esset
1339 3058 1609 3128 indeptus.
1642 3061 1792 3127 Alleg
1831 3068 1878 3110 Ia
1913 3060 2072 3130 igitur
2097 3039 2145 3104 (ἶ
2179 3039 2412 3120 debitam
2451 3066 2668 3120 silentio
2711 3066 2913 3120 violare
2956 3081 3060 3118 non
3111 3065 3258 3133 potui

491 3155 849 3221 pncceptione
876 3153 1074 3218 divina,
1111 3153 1284 3221 plIllIO
1314 3152 1673 3220 cogniionem
1717 3155 1878 3205 totius
1907 3167 2072 3220 nego.

493 3245 572 3308 tii,
606 3245 846 3312 quamvis
877 3244 1154 3312 speciatim
1179 3243 1306 3296 mihi
1335 3243 1732 3311 tranquillitatis
1763 3257 1952 3296 vesme
1983 3243 2076 3297 de-

495 3335 756 3403 legatione
779 3333 1104 3400 mandatam,
1147 3332 1209 3389 V.
1245 3332 1306 3386 C.
1351 3331 1532 3385 vicarii
1569 3334 1867 3400 prmseutiac
1902 3347 2078 3387 reser-

493 3427 611 3479 vavi
647 3426 948 3495 :siquidem
979 3425 1259 3478 videbatur
1288 3425 1400 3479 haec
1427 3439 1588 3480 causa
1623 3427 1839 3480 caeteris
1882 3440 2076 3496 provo-

493 3518 792 3571 cationibus
818 3532 940 3572 esse
973 3519 1278 3585 conjuncta,
1310 3532 1428 3585 quae
1463 3517 1526 3571 V.
1563 3516 1628 3571 C.
1677 3518 2076 3584 praedecessore

494 3625 615 3664 meo
648 3609 978 3680 negabanlur
1005 3608 1276 3674 admissai,
1295 3611 1584 3664 etalterum
1604 3626 1812 3664 mecum
1831 3626 2077 3678 sumpse-

497 3701 953 3770 ratcoguitorem.
999 3699 1226 3769 Dehinc,
1278 3701 1366 3754 ubi
1410 3717 1528 3756 cam
1585 3713 1821 3770 partem,
1862 3718 1983 3770 quze
2013 3701 2078 3755 ad

493 3793 636 3846 iIIIIIS
667 3794 924 3861 temporis
947 3793 1182 3862 judicent
1217 3794 1541 3862 pertinebat,
1569 3804 1750 3850 vestro
1789 3797 2080 3850 retinui~tis

493 3886 770 3954 examini,
804 3886 1178 3955 appellationis
1228 3886 1578 3956 inquisitione
1624 3885 1855 3940 discreta
1890 3927 1906 3951 ,
1957 3901 2077 3940 cum

493 3979 600 4046 jam
627 3977 935 4046 participem
955 3978 1145 4047 judicii
1181 3993 1283 4032 non
1311 3977 1592 4044 haberem,
1618 3980 1846 4033 turbata:
1872 3994 2084 4048 posscs-

494 4071 660 4124 sion's
690 4072 962 4140 querelam
995 4073 1254 4140 rescripto
1282 4071 1573 4126 obsecutus
1611 4072 1812 4126 audivi.
1857 4073 1922 4126 Et
1959 4075 2080 4143 quia

496 4162 858 4218 Theodosium
887 4164 1086 4232 judicio
1112 4181 1216 4219 non
1259 4165 1566 4222 interfuisse
1607 4167 1925 4234 constabat,
1976 4183 2083 4237 quo

499 4256 599 4309 sibi
631 4257 876 4323 demptas
904 4267 1126 4325 questus
1156 4267 1238 4311 est
1265 4257 1561 4324 facultates,
1604 4274 1701 4314 nec
1728 4261 1831 4314 ulla
1863 4276 2081 4330 precum

494 4349 772 4402 mendacia
794 4347 1137 4403 Constantius
1157 4350 1438 4418 detegebat
1462 4367 1474 4403 :
1495 4362 1780 4406 exsecutus
1802 4369 1916 4406 sum
1942 4350 2082 4406 circa

1659 198 1722 268 ρ.
1764 195 2078 253 auasuu:

2181 193 2568 251 .YMMACIIUS
3588 210 3666 268 38l

2786 308 3002 363 EPIST.
3035 310 3160 368 LIV.

2175 416 2260 454 DD.
2295 415 2589 454 Tueooosw
2623 415 2688 455 ετ
2713 416 2939 454 secanto
2969 418 3169 457 sampsa
3196 421 3306 462 sua.
3343 422 3603 472 sumentis
3627 434 3668 477 ν.

2755 486 2804 526 C.
2849 488 3020 525 PII/EF.
3063 489 3179 527 UBB.

2242 579 2441 633 Omnes
2471 580 2560 648 qui
2592 579 2656 633 ad
2682 580 3042 644 amplissimos
3069 582 3313 637 bonorum
3335 590 3504 655 gradus
3519 593 3674 661 judicio

2171 671 2472 725 clementiae
2497 681 2690 725 vestrm
2721 673 2803 726 vel
2830 671 3012 726 favore
3034 675 3378 742 provehimur,
3398 694 3576 737 summo
3592 700 3673 743 stu-

2173 762 2260 815 dio
2290 763 2546 816 debemus
2577 764 2704 816 eniti
2741 773 2796 816 ut
2827 766 3020 816 famam
3047 766 3220 818 sa'culi
3242 773 3588 836 suggestionum
3607 793 3672 830 τε.

2174 855 2331 906 ritate
2359 865 2622 918 tueamur,
2651 855 2712 912 D.
2749 854 3063 922 imperator.
3093 855 3238 922 Quod
3269 860 3399 912 enim
3426 877 3567 929 genus
3587 881 3678 932 gn.

2175 943 2260 996 tia:
2291 944 2564 998 beneficiis
2605 944 2904 1013 principum
2951 946 3299 1011 rependendae
3333 949 3513 1004 fortuna
3548 955 3679 1022 impar

2173 1035 2428 1100 inveniet,
2461 1036 2506 1088 si
2538 1035 2692 1088 fidem
2718 1037 2932 1090 deserat
2957 1053 3078 1106 quae
3105 1038 3216 1091 sola
3245 1041 3396 1093 munit
3420 1043 3680 1112 imperium?

2173 1124 2570 1193 Coutemplanti
2603 1126 2733 1180 mihi
2766 1127 2928 1195 igitur
2961 1130 3276 1194 rescriptum
3305 1135 3510 1186 numinis
3535 1142 3678 1202 vestri,

2174 1235 2282 1288 quo
2305 1233 2446 1272 arcae
2479 1219 2698 1272 vinaria:
2737 1219 2914 1274 debita
2959 1236 2985 1273 a
3029 1221 3278 1289 prafecto
3318 1225 3423 1292 ejus
3462 1233 3678 1297 temporis,

2175 1330 2280 1382 quo
2313 1326 2586 1369 contracta
2630 1317 2909 1381 dicuntur,
2950 1320 3064 1371 erui
3109 1319 3412 1384 ceusuistis,
3460 1321 3589 1376 silere
3622 1323 3682 1378 fas

2176 1421 2282 1460 non
2307 1406 2420 1469 fuit,
2440 1407 2564 1476 quid
2591 1419 2888 1472 temporum
2911 1419 3206 1462 vestrorum
3229 1423 3462 1478 caugruat
3480 1414 3680 1481 aequitati.

2175 1496 2292 1552 Jam
2321 1498 2548 1567 primum
2575 1507 2793 1567 stupere
2816 1515 2900 1553 me
2927 1500 3116 1566 fateor,
3145 1499 3338 1555 caelesti
3365 1503 3683 1559 mansuetudini

2177 1602 2369 1646 vestra:
2422 1593 2588 1646 totius
2631 1592 2779 1646 orbis
2812 1593 3039 1662 negotiis
3070 1604 3356 1662 occupatae,
3403 1595 3575 1648 litteras
3605 1594 3684 1648 divi

2101 1675 2147 1734 Β
2173 1683 2467 1738 Constantii
2496 1682 2564 1737 ita
2589 1697 2711 1737 esse
2739 1693 3031 1753 suggestas,
3059 1691 3118 1737 ut
3137 1685 3462 1738 comminatio
3482 1684 3566 1738 sub
3580 1699 3684 1738 con-

2176 1774 2382 1829 ditione
2406 1773 2720 1842 deprompta
2752 1775 2922 1828 IllSlal‘
2947 1775 3224 1842 cujusdam
3245 1774 3398 1828 debiti
3426 1774 3682 1829 duceretur:

2174 1864 2370 1920 dehinc
2393 1873 2477 1920 tae
2504 1881 2606 1918 .um
2637 1865 2867 1931 quodam
2907 1879 3034 1919 casu
3071 1866 3140 1920 de
3190 1879 3253 1921 ea
3300 1875 3438 1932 parte
3476 1865 3688 1935 rescripti,

2179 1973 2295 2024 quae
2323 1957 2534 2013 tenebat
2565 1958 2798 2012 officium
2822 1998 2838 2024 ,
2881 1970 2937 2012 ut
2977 1973 3207 2027 persona
3249 1956 3450 2026 judicis,
3492 1965 3688 2026 tauquam

2159 2051 2356 2114 vilior,
2383 2051 2747 2119 apparitorum
2792 2066 3012 2105 suormu
3055 2051 3366 2120 impunitate
3395 2062 3690 2119 premeretur:

2178 2144 2353 2206 tertio,
2377 2144 2516 2214 quod
2549 2158 2611 2198 ea
2650 2159 2857 2198 summa
2899 2143 3218 2208 solidorum,
3254 2157 3402 2210 quam
3436 2142 3630 2211 cognitio
3653 2153 3693 2196 et

2177 2237 2368 2292 relatio
2423 2238 2521 2291 viri
2570 2238 2794 2292 illustris
2843 2236 3258 2306 prtedeci-ssoris
3299 2236 3398 2290 mei
3434 2250 3492 2290 ex
3538 2234 3696 2303 majore

2179 2347 2332 2402 parte
2359 2332 2586 2386 solutam
2621 2332 2882 2401 probavit,
2933 2331 3151 2397 aerario,
3197 2340 3435 2400 tauquam
3471 2328 3617 2383 debita
3648 2335 3692 2381 et

2181 2427 2374 2480 intacta
2408 2425 2735 2494 depascitur.
2771 2431 2944 2492 Atque
2976 2425 3097 2479 ideo
3143 2424 3281 2478 inter
3312 2423 3462 2477 multa
3501 2435 3697 2476 curarum

2180 2517 2489 2571 summatim
2523 2517 2774 2570 nonnulla
2799 2517 3072 2570 tracmnda
3103 2522 3250 2569 sunt.
3286 2513 3504 2580 Namque
3536 2524 3582 2564 ιι
3610 2509 3699 2562 mil-

2181 2608 2249 2662 lia
2280 2622 2540 2662 θεαιςωί
2571 2607 2777 2660 solidos
2808 2622 2873 2661 ex
2921 2622 2987 2660 eo
3019 2621 3167 2660 anno
3207 2604 3294 2676 qui
3319 2603 3474 2673 Sergii
3498 2610 3545 2656 et
3567 2599 3700 2669 Nigri-

2182 2703 2324 2754 niani
2356 2704 2596 2771 sequitur
2623 2703 2981 2765 consulatum,
3025 2702 3196 2754 sacris
3239 2699 3510 2753 accessiste
3537 2696 3700 2749 thesau-

2181 2793 2277 2855 ris,
2311 2802 2363 2845 ct
2392 2792 2723 2860 prinfecturze
2747 2792 3044 2861 inquisitio,
3086 2786 3140 2847 et
3166 2793 3510 2846 discussurum
3534 2788 3699 2849 littera,

2180 2894 2235 2937 et
2259 2884 2320 2936 V.
2353 2884 2412 2938 C.
2450 2885 2867 2953 prmdecessm'is
2900 2886 2999 2938 mei
3037 2883 3241 2951 scripta
3275 2882 3566 2936 docuerunt.
3597 2877 3702 2930 Inter

2184 2975 2298 3028 haec
2321 2976 2479 3044 igitur
2507 2990 2610 3027 tam
2642 2976 2804 3028 multa
2830 2973 3026 3039 valida,
3056 2975 3218 3028 fidem
3260 2972 3536 3028 clementiae
3558 2977 3704 3022 vestra:

3308 3082 3319 3118 τ
3365 3079 3476 3117 cum
3519 3069 3704 3112 Vt‘SIl‘IIIII

2177 3172 2389 3226 quoque
2419 3173 2614 3210 nomen
2639 3157 2976 3211 adverterem
3009 3156 3166 3210 solita
3205 3156 3458 3221 «autione,
3483 3151 3703 3220 nequeju-

2177 3247 2310 3302 dicis
2341 3263 2531 3302 nomen
2562 3251 2799 3318 signasse
2841 3249 3101 3317 rescripto
3127 3291 3141 3312 ,
3181 3257 3236 3302 et
3271 3248 3559 3305 aestimasse,
3594 3240 3702 3310 quod

2177 3339 2580 3392 Convenicndus
2605 3339 2722 3394 luce
2750 3339 3040 3394 frueretur.
3077 3337 3210 3392 Nam
3239 3337 3494 3407 quomodo
3523 3337 3709 3387 c'etnen-

2181 3431 2249 3483 tia
2280 3441 2454 3484 vestra
2478 3432 2580 3483 vim
2614 3431 2810 3486 veteris
2835 3431 3270 3487 c-immiuationis
3295 3431 3344 3482 iu
3375 3437 3609 3483 mortuum
3647 3435 3708 3476 Ie-

2184 3524 2458 3588 tendissct,
2505 3539 2625 3579 cum
2665 3526 2908 3595 gravium
2961 3527 3123 3580 etiam
3168 3539 3428 3579 noxarum
3468 3533 3599 3589 poena
3631 3515 3712 3569 ﬁmi

2183 3619 2303 3670 vita:
2327 3619 2608 3672 solvatur?
2639 3620 2710 3672 At
2747 3633 2875 3672 vero
2905 3618 3004 3672 iste
3027 3626 3205 3673 terror
3231 3618 3336 3671 divi
3361 3609 3714 3685 prim-ipislitte-

2182 3710 2259 3768 vis
2278 3710 2718 3778 comprrliensus,
2740 3728 2806 3764 ne
2827 3711 3094 3766 viventem
3118 3711 3334 3778 quidem
3361 3714 3526 3777 posset
3544 3713 3709 3770 urgere.

2183 3800 2376 3854 Gravia
2406 3804 2548 3855 enim
2590 3802 2844 3871 subjectis
2876 3817 3017 3870 saepe
3050 3801 3392 3865 miniiamini,
3423 3793 3618 3852 acueudi
3644 3804 3714 3857 po-

2187 3891 2290 3945 tius
2335 3896 2517 3947 studio
2564 3909 2722 3963 quam
2757 3894 3006 3948 nocendi.
3042 3892 3152 3947 Hoc
3182 3894 3344 3948 etiam
3389 3891 3528 3944 divus
3552 3882 3713 3954 genitor

2188 3996 2331 4049 tuus,
2397 3986 2449 4039 in
2492 3987 2730 4038 omnium
2779 4001 2993 4054 semper
3039 3986 3235 4038 animis
3275 3993 3330 4040 et
3379 3996 3467 4035 ore
3510 3979 3713 4034 victurus.

2188 4077 2270 4143 pia
2295 4076 2411 4144 lege
2432 4076 2710 4128 constituit
2742 4093 2754 4130 :
2788 4077 2877 4144 qui
2909 4075 3234 4129 sententiam
3257 4085 3463 4152 quoque
3501 4067 3585 4121 sub
3605 4077 3717 4116 cont-

2187 4167 2477 4220 minationc
2499 4167 2891 4235 depromptam,
2913 4166 3102 4220 effectu
3131 4175 3293 4235 atque
3321 4157 3632 4218 exsecittione
3646 4165 3715 4204 va-

2187 4259 2385 4312 cuavit.
2439 4259 2586 4312 llauc
2625 4274 2754 4312 vero
2797 4258 3158 4312 conditionem
3183 4298 3198 4323 ,
3245 4272 3400 4326 quam
3437 4253 3573 4308 divus
3611 4243 3718 4299 Con-

2192 4353 2420 4406 stantius
2463 4349 2661 4417 adjecit
2707 4350 2898 4404 litteris
2941 4348 3088 4411 suis,
3131 4348 3301 4400 multa
3344 4357 3460 4415 qua:
3503 4350 3603 4410 post
3634 4333 3719 4387 iis“

497 4455 808 4508 germanum
838 4443 1214 4510 supplicatoris
1251 4444 1518 4498 han-edem
1549 4446 1774 4501 cmleste
1799 4448 2079 4514 judicium,
2118 4413 2166 4473 Ι)
2191 4442 2680 4496 suntsubrueruut.
2715 4441 2843 4494 Nam
2876 4441 3064 4494 eodem
3099 4440 3343 4508 pl‘llICIlle
3376 4437 3540 4489 adhuc
3574 4428 3718 4483 orbein

500 4532 788 4585 reformato
816 4543 978 4598 statu,
1016 4549 1174 4604 quem
1204 4534 1396 4589 claruit
1424 4549 1546 4590 mox
1585 4540 1854 4607 proposita
1898 4538 2084 4606 appel-

506 4626 702 4680 latione
742 4626 1062 4682 defensum:
1096 4629 1220 4682 licet
1260 4629 1437 4684 cultus
1489 4629 1734 4684 sobdilus
1778 4632 2082 4699 qumstioui,

502 4721 712 4773 libellos
736 4759 751 4783 .
799 4736 936 4788 quos
972 4721 1306 4776 Theodosius
1337 4721 1640 4790 publicavit,
1679 4724 1816 4790 apml
1852 4739 1908 4778 se
1943 4740 2087 4780 rese-

503 4812 647 4865 disse
678 4813 1078 4869 memoraverit.
1107 4813 1464 4867 Nihilominus
1499 4815 1754 4868 obediens
1784 4815 2082 4885 imperatis,

502 4906 660 4958 statui
694 4913 751 4958 ut
775 4905 908 4960 fides
927 4915 1198 4975 gestorum
1230 4907 1566 4973 superiorum
1595 4906 1659 4958 ad
1691 4908 1924 4976 Augusta
1957 4909 2088 4962 scri-

505 4995 590 5047 nia
641 4997 962 5050 mitteretur.
1013 4997 1147 5051 llinc
1175 5005 1290 5050 orta
1318 5007 1401 5050 est
1444 4999 1778 5066 provocatio,
1828 4997 1979 5066 cujus
2009 4999 2090 5053 vel

507 5087 712 5156 iustitia
757 5090 840 5141 νει
885 5091 1220 5144 contumacia
1267 5105 1422 5144 sacro
1475 5090 1807 5160 expendetur
1845 5093 2088 5145 arbitrio.

511 5181 717 5235 Interea
755 5181 1150 5236 constitutionis
1191 5200 1434 5248 memor,
1493 5188 1816 5251 sequesuari
1873 5185 2090 5238 mobilia

509 5275 820 5343 fructusque
871 5278 1124 5342 punct-pi,
1176 5293 1242 5330 ne
1298 5278 1456 5332 medii
1513 5279 1770 5348 temporis
1818 5277 2092 5347 usurpatio

509 5368 757 5422 abutatur
777 5367 1044 5423 indebitis.
1063 5371 1309 5424 Omnium
1332 5383 1604 5441 gestorum
1631 5372 1730 5425 lida
1753 5371 2090 5436 documenta,

512 5461 898 5527 supplementis
931 5465 1154 5529 partium
1182 5464 1422 5517 relationi
1455 5480 1516 5517 ex
1545 5480 1693 5518 more
1716 5465 1916 5518 sociata
1942 5475 2092 5528 sunt,

518 5557 571 5598 ut
604 5550 691 5602 diu
722 5549 995 5606 ﬂuctuanti
1039 5565 1214 5606 causa:
1262 5553 1473 5609 tandem
1521 5555 1768 5611 stabilem
1810 5557 2094 5612 terminum

519 5636 696 5695 divino
730 5654 822 5696 ore
849 5645 1074 5714 ponatis.

2190 4547 2430 4606 regente,
2458 4535 2522 4588 ad
2543 4535 2839 4589 Tertullum
2858 4534 3173 4588 Praefectum
3198 4533 3354 4588 Urbis
3379 4520 3722 4584 memorabilem

2189 4633 2362 4682 virum
2395 4627 2640 4697 migravit
2660 4629 2891 4690 exactio,
2923 4642 3042 4694 qua:
3073 4627 3116 4679 si
3144 4625 3374 4679 hominis
3397 4629 3608 4691 potestas
3627 4611 3722 4664 luis-

2190 4729 2312 4784 set,
2334 4721 2473 4773 circa
2499 4734 2695 4788 person
2715 4734 2784 4772 im
2815 4719 3005 4787 prioris
3035 4717 3230 4786 judicis
3261 4717 3510 4785 potuisset
3542 4709 3722 4762 lucrm-

2190 4812 2301 4867 Nec
2333 4814 2500 4866 multo
2544 4821 2663 4879 post
2705 4821 2968 4880 tempore,
3014 4813 3065 4864 in
3100 4808 3421 4879 Clytholiam
3469 4801 3723 4860 Maximum.

2193 4907 2308 4975 pari
2323 4907 2526 4958 honore
2549 4915 2673 4958 tunc
2696 4902 3152 4971 praeditum,tituli
3176 4901 3331 4954 istius
3354 4910 3476 4952 cu'a
3500 4887 3723 4948 convenit.

2199 4999 2326 5050 Divo
2356 4997 2517 5051 etiam
2550 5005 2767 5066 parente
2796 4995 3030 5048 numinis
3057 4995 3154 5057 tui,
3180 4993 3422 5046 Romana
3447 4989 3552 5057 jura
3578 4992 3626 5035 et
3646 4979 3726 5032 Im

2195 5090 2529 5153 moderante,
2562 5088 2826 5157 praifectis
2865 5101 2929 5140 ac
2955 5085 3349 5140 discussoribus
3376 5078 3605 5135 mandata
3633 5086 3725 5142 pro-

2196 5183 2368 5237 vincia
2399 5193 2511 5245 est,
2554 5191 2608 5235 et
2641 5195 2732 5249 per
2755 5182 2896 5235 vices
2928 5175 3409 5231 administrantium
3441 5166 3619 5240 publici
3654 5163 3722 5214 do-

2201 5273 2296 5327 biti
2343 5273 2579 5326 occurrit
2622 5272 2851 5325 exactio.
2902 5268 3196 5323 Novissime
3227 5270 3427 5321 relatus
3481 5264 3527 5314 in
3573 5255 3722 5312 corium

2200 5379 2488 5437 germanus
2509 5364 2810 5418 clementia:
2841 5373 2964 5423 tum,
3008 5375 3128 5414 cum
3156 5360 3328 5426 ipsum
3361 5355 3614 5413 Basilium,
3635 5357 3726 5398 cum

2202 5459 2424 5511 haberet
2466 5457 2792 5524 appositum,
2836 5454 2925 5524 qui
2970 5469 3000 5521 p
3038 5453 3208 5506 rsonis
3247 5449 3484 5518 judicuui
3529 5457 3618 5496 non
3655 5450 3725 5503 per

2204 5551 2409 5620 percit.
2444 5549 2836 5619 primiscrinios
2869 5546 3055 5600 urbani
3084 5543 3279 5608 ofﬁcii,
3325 5553 3542 5611 quorum
3568 5527 3728 5587 sollici-

2213 5643 2341 5701 tudo
2367 5657 2462 5713 per
2493 5640 2865 5696 successiones
2891 5637 3152 5710 exigenda
3199 5639 3496 5698 curaverat,
3539 5628 3608 5681 vel
3642 5619 3728 5676 sui.
