3948 6170
223 309 315 365 585

1475 307 1956 367 EPISTULARUM
1997 307 2201 364 LIBER
2248 307 2310 362 Χ.

3408 305 3513 363 386

230 447 393 505 vendo
444 445 669 508 nomini,
706 440 788 495 vel
843 439 1070 496 edenda:
1111 433 1306 489 rationi
1348 433 1473 488 fecit
1530 433 1814 488 obnoxios.
1846 434 1898 492 Δ
1925 431 2268 499 retinebit,et
2294 431 2595 498 plerosque,
2623 439 2680 483 ut
2703 426 3168 497 arbitrorjustiiis,
3195 439 3237 480 si
3261 429 3348 495 qui
3377 421 3540 485 forte‘

220 541 405 619 itaque
453 550 506 590 ei
553 550 583 588 a
612 533 673 587 ν.
699 530 762 587 C.
793 546 857 585 ac
889 527 1268 599 probatissimo
1301 523 1490 578 Anicio
1545 523 1733 589 Basso,
1763 529 1818 572 et

229 628 449 684 Aveiitio
476 628 588 680 viro
614 623 893 691 spectabili
932 621 1266 689 frequentata
1298 613 1560 683 cognitio,
1586 621 1643 666 et
1670 613 1818 663 so'u-

230 737 330 779 tam
364 723 624 792 majorem
657 728 862 788 partem
893 715 1058 770 debiti
1103 707 1481 778 deprehendit.
1505 716 1559 761 et
1591 707 1818 774 provin-

227 818 436 873 cialium
463 815 704 885 iudicum
753 810 953 880 reperit
991 807 1339 877 sponsionem
1394 820 1406 854 :
1451 815 1556 871 qua
1585 798 1821 868 professi

230 918 372 973 sunt,
422 906 469 960 si
509 903 773 959 urbanum
805 909 1040 955 cessaret
1069 896 1330 959 officium,
1358 908 1456 962 per
1485 906 1545 946 se
1572 892 1728 957 hujus
1759 889 1824 941 ti-

236 1002 328 1053 tuli
353 997 714 1066 integritatem
750 1007 908 1063 posse
938 989 1145 1043 sarciri.
1179 987 1305 1040 Hinc
1335 986 1517 1054 igitur,
1542 981 1584 1035 si
1618 980 1823 1048 legibus

230 1089 601 1152 conferantur,
633 1082 1002 1154 pronuntiabit
1022 1081 1301 1134 aeternitas
1329 1085 1505 1130 vestra
1537 1075 1588 1126 in
1621 1071 1827 1141 profes-

229 1188 384 1239 sione
408 1198 594 1238 verum
625 1195 748 1236 esse
777 1193 992 1241 nexum,
1017 1175 1071 1229 iii
1094 1171 1515 1228 comminatione
1539 1177 1826 1221 terrorem.

229 1281 392 1346 Quid,
422 1279 562 1348 quod
626 1275 864 1345 proxima
921 1268 1186 1339 apparitio
1231 1262 1489 1334 cogendis
1524 1258 1831 1329 provincia-

230 1385 350 1424 rum
378 1369 650 1438 judicibus
681 1365 919 1427 admota,
952 1376 1103 1430 spem
1135 1357 1332 1413 debitis
1363 1354 1616 1409 eruendis
1641 1352 1832 1405 fecisse

229 1467 570 1536 suggeritur;
606 1478 709 1516 non
737 1469 822 1516 est
852 1471 1030 1512 meum
1068 1457 1219 1507 famis
1258 1451 1459 1504 incerta
1503 1443 1718 1500 sectari.
1747 1443 1834 1495 ln-

229 1564 420 1618 venict
440 1562 622 1616 divina
643 1559 898 1625 majestas
929 1563 1016 1606 tua
1046 1565 1143 1605 cur
1176 1549 1302 1600 huic
1340 1540 1608 1598 exactioni
1640 1553 1832 1607 perpes

230 1673 363 1711 cura
403 1652 654 1710 defuerit.
702 1651 833 1704 Nam
864 1659 1110 1700 socerum
1143 1653 1322 1694 meum
1367 1634 1681 1690 clarissima:
1717 1645 1829 1683 me-

229 1745 429 1799 moriie
459 1745 630 1796 virum
657 1739 885 1794 Orfitum
919 1734 1048 1805 petit
1095 1732 1195 1784 ista
1228 1727 1433 1782 molitio
1481 1741 1494 1776 :
1529 1723 1682 1790 cujus
1725 1719 1832 1776 b33-

1922 525 2212 594 provinciis
2235 525 2426 578 vesti-is
2459 523 2599 578 male
2627 523 2775 576 abusi
2806 530 2951 576 sunt.
2977 519 3045 574 At
3068 533 3196 573 vero
3227 519 3514 586 posmritas

1924 614 2146 669 illustris
2167 615 2439 668 memoria:
2470 615 2566 668 viri
2587 613 2760 676 Orﬁti,
2784 611 2918 666 nihil
2947 628 3012 666 ex
3037 611 3129 664 illo
3159 610 3329 676 aliud,
3355 626 3513 678 quam

1922 709 2134 778 generis
2163 708 2371 776 insigne
2401 706 2663 777 quresivit.
2703 705 2832 759 Mea:
2865 716 3041 758 tamen
3076 701 3284 771 injuria:
3314 709 3397 754 est
3419 701 3521 754 ista

1925 801 2215 867 Suggestio.
2242 799 2372 852 Nam
2403 798 2644 852 tenuitati
2688 797 2832 850 illius
2879 796 3188 862 frequenter
3218 792 3518 858 exhaustae,

1927 905 2084 944 nemo
2132 899 2489 955 testamento,
2522 902 2680 943 nemo
2723 895 2963 940 nostrum
2992 885 3252 938 bonorum
3284 880 3523 933 aditiooe

1929 985 2207 1040 successit.
2242 983 2392 1038 Unde
2417 982 2667 1051 intelligit
2695 979 2984 1034 clementia
3016 985 3222 1041 vestra,
3251 972 3521 1043 quodnon

1929 1092 2076 1137 metu
2109 1080 2384 1134 familiaris
2405 1093 2600 1142 caiiszn,
2630 1090 2750 1144 quae
2772 1073 2976 1142 legibus
3009 1080 3122 1124 tuta
3146 1078 3250 1133 est,
3273 1066 3366 1121 sed
3391 1077 3524 1118 tein-

1934 1192 2118 1245 pornin
2142 1189 2327 1228 amore
2346 1172 2608 1228 sollicitor
2636 1186 2703 1224 ne
2727 1170 2791 1222 ad
2820 1167 3179 1221 innocentiam
3211 1165 3321 1217 fisci
3357 1163 3523 1216 vestri

1934 1267 2262 1322 infructuosa
2296 1274 2501 1319 tantum
2526 1268 2769 1316 recurrat
2810 1257 3026 1312 invidia.
3065 1255 3132 1308 Et
3161 1255 3277 1308 haec
3304 1251 3520 1321 quidem

1933 1360 2159 1424 cursim,
2185 1373 2252 1411 ne
2270 1356 2578 1410 mandatum
2603 1351 2873 1422 negotium
2899 1342 3397 1415 comperendinatio
3418 1341 3525 1396 dif-

1937 1450 2130 1512 ferret,
2165 1458 2366 1500 tantuin
2399 1460 2495 1515 pro
2547 1443 2790 1512 conjugis
2831 1455 2966 1494 mea:
3013 1437 3339 1491 Rusticiana:
3367 1434 3430 1488 C.
3461 1433 3524 1487 ιθ.

1937 1549 2085 1609 parte
2113 1537 2332 1607 quiesita
2366 1544 2492 1591 sunt
2521 1552 2535 1586 :
2569 1536 2720 1602 cujus
2749 1545 3004 1602 germana
3044 1528 3214 1582 multo
3253 1533 3528 1594 augustor

1938 1636 2279 1692 facultatibus
2307 1649 2368 1689 ex
2420 1631 2644 1685 Etruriae
2691 1627 2995 1698 longinquis
3022 1626 3214 1679 adesse
3261 1629 3528 1693 praecepta

1939 1746 2041 1792 est.
2076 1736 2324 1789 Vestrum
2356 1746 2481 1785 vero
2511 1728 2746 1783 salutare
2775 1740 2972 1780 numen
3002 1735 3190 1778 omnes
3221 1732 3528 1789 precantur.

233 1837 396 1890 redes
429 1834 490 1887 ν.
517 1834 579 1887 C.
619 1842 673 1886 et
699 1801 933 1885 illustris.
961 1825 1262 1880 ofticioruin
1296 1819 1552 1886 magister
1590 1814 1837 1882 ascripslt
1869 1801 1914 1860 Β
1944 1845 2011 1884 ne
2033 1827 2172 1898 quod
2203 1827 2271 1882 de
2301 1835 2380 1880 ιοι
2411 1822 2701 1894 provinciis
2728 1833 2825 1888 pro
2849 1816 3058 1886 majore
3084 1823 3235 1884 parte
3259 1811 3369 1881 jam
3401 1810 3529 1864 red-

231 1931 434 1986 littcris
465 1929 600 1994 suis,
625 1941 746 1981 cum
773 1937 875 1978 tua:
908 1915 1342 1975 mansuetudinis
1371 1907 1694 1966 verecundia
1720 1905 1839 1960 nul-

231 2025 350 2080 luni
400 2038 560 2078 sacro
601 2019 822 2075 oraculo
875 2030 1073 2072 noinen
1121 2009 1474 2081 expresserit.
1528 2004 1664 2072 Quid
1709 2016 1839 2072 ergo

232 2120 548 2175 existimem
580 2118 775 2170 merito
805 2113 948 2168 illius
971 2110 1191 2173 factum,
1227 2105 1316 2175 qui
1345 2101 1516 2170 major
1544 2097 1840 2152 honoribus

232 2228 399 2280 quam
449 2208 790 2265 facultatibus
818 2217 942 2260 ante
970 2218 1143 2259 annos
1183 2201 1294 2256 fere
1325 2196 1630 2268 quindecim
1677 2193 1838 2246 vitam

235 2301 487 2373 peregit?
521 2310 578 2355 ut
598 2297 944 2354 comminatio
977 2310 1120 2364 saepe
1163 2295 1298 2348 lecta
1322 2332 1336 2356 ,
1370 2303 1585 2358 semper
1616 2287 1839 2348 omissa,

233 2408 285 2450 et
316 2398 478 2450 novis
505 2401 626 2463 post
643 2393 852 2462 sepulta
882 2390 1135 2454 decretis,
1159 2401 1316 2457 quam
1342 2392 1517 2454 ii‘eque
1545 2382 1627 2436 lex
1651 2379 1842 2435 divalis

235 2492 501 2556 admittit,
552 2499 609 2545 et
636 2488 835 2543 solutio
865 2499 1070 2554 magna:
1101 2482 1268 2552 partis
1297 2477 1549 2541 exclusit,
1596 2480 1844 2541 resurgat

235 2589 284 2640 in
314 2594 625 2648 mortuum,
655 2598 776 2652 quae
800 2595 906 2635 non
933 2578 1034 2632 fuit
1054 2587 1178 2631 ante
1200 2573 1443 2631 viventi?
1468 2572 1546 2626 An
1578 2570 1716 2624 inea:
1745 2582 1842 2636 po-

235 2683 342 2736 tius
373 2677 725 2734 contumeliie
754 2689 943 2739 causa,
967 2682 1022 2726 et
1054 2670 1298 2724 ordinem
1329 2675 1407 2722 tot
1436 2671 1492 2718 ct
1516 2661 1700 2716 talium
1733 2668 1846 2713 sta-

237 2786 510 2841 tu‘oruin,
557 2781 612 2828 et
653 2771 762 2826 divi
797 2765 1039 2826 Gratiani
1096 2773 1366 2819 recentem
1402 2757 1840 2827 praeceptionem,

234 2877 290 2923 et
329 2840 708 2922 discussorum
751 2859 1116 2930 diligentiam,
1167 2865 1216 2909 et
1252 2850 1630 2921 praefectorum
1662 2840 1844 2912 cogni-

235 2961 445 3023 tiones,
475 2964 533 3011 et
562 2951 842 3010 relationis
866 2949 1026 3003 fidem
1051 2946 1204 3000 novis
1234 2936 1667 3012 suggestionibus
1698 2930 1842 2987 arbi-

237 3067 353 3112 trer
382 3049 663 3109 sauciari?
685 3047 880 3102 Testor
909 3040 1189 3098 custodem
1225 3033 1459 3091 numinis
1483 3029 1647 3086 vestri
1675 3028 1843 3081 Deum

237 3148 378 3203 nihil
435 3159 582 3211 esse,
631 3139 777 3211 quod
832 3136 1028 3207 injuria
1069 3134 1263 3203 dignus
1311 3128 1608 3185 existimer.
1652 3121 1846 3190 Quieto

237 3244 378 3299 mihi
409 3243 550 3297 hanc
575 3237 948 3309 prrefecturam
972 3231 1090 3285 sine
1113 3228 1221 3283 ulla
1245 3225 1529 3279 affectione
1559 3215 1844 3275 tribuistis.

241 3337 298 3392 Si
334 3347 510 3404 quem
548 3305 686 3385 forte
717 3324 928 3382 mordet
966 3319 1191 3386 invidia,
1238 3318 1282 3372 si
1312 3314 1538 3378 alicujus
1567 3305 1852 3364 desideriis

245 3431 396 3500 reip.
433 3438 619 3480 amore
656 3436 764 3477 non
794 3419 1086 3479 cessimus,
1116 3411 1316 3480 cogitet
1353 3405 1558 3476 privata
1590 3401 1714 3455 odia
1758 3397 1855 3451 ad-

242 3539 474 3582 versum
515 3522 660 3588 leges
687 3512 988 3572 exercenda
1019 3523 1125 3563 non
1151 3519 1296 3560 esse.
1337 3501 1618 3555 Postremo
1653 3508 1854 3561 cogno-

243 3627 392 3682 scat,
423 3615 472 3670 si
511 3612 632 3684 quis
654 3609 745 3666 ille
768 3614 870 3672 est,
898 3606 985 3659 ine
1028 3610 1285 3665 meo-que
1312 3589 1710 3646 successionem
1739 3582 1850 3636 cla-

243 3711 491 3769 rissima
514 3673 675 3776 atque
713 3695 1093 3755 illustrissimus
1121 3683 1394 3743 memoria:
1421 3679 1520 3733 viri
1551 3673 1727 3736 Orﬁti,
1755 3687 1854 3726 ne-

243 3822 358 3877 que
389 3768 605 3860 ratione
629 3795 791 3869 juris,
839 3804 1013 3860 neque
1042 3786 1305 3839 bonorum
1335 3774 1569 3830 aditione
1599 3768 1853 3835 coepisse.

245 3862 460 3973 Quaeso
498 3897 658 3967 igitur
704 3905 776 3946 ne
817 3889 870 3942 in
916 3878 1298 3941 contumeliam
1353 3868 1539 3941 judicii
1581 3862 1771 3928 vestri,
1803 3869 1858 3915 et

1345 3961 1378 3973 η
1511 3957 1525 3973 .
1605 3955 1732 3973 ﬂ;
1767 3951 1830 3973 ,ι

250 3951 397 4064 ἴοι-ἰ,
436 3995 494 4044 et
518 3951 862 4040 innocentia
895 3974 1038 4030 fraus
1070 3975 1311 4042 paretur.
1339 3957 1566 4030 Quando
1595 3955 1736 4010 enim
1766 3951 1860 4005 ab-

248 4055 512 4141 sentibus
566 4085 728 4146 atque
777 4065 1151 4140 ignorantibus
1201 4060 1346 4114 inter
1372 4055 1509 4110 alios
1555 4057 1703 4122 gesta
1760 4059 1860 4100 no-

250 4168 532 4230 cuerunt?
580 4165 712 4234 Quis
757 4173 992 4230 unquam
1045 4150 1368 4210 sententiam
1411 4142 1651 4199 numinis
1697 4135 1862 4192 vestri

254 4227 541 4321 inauditus
566 4227 814 4324 εἶσθβίιῖ
854 4227 1084 4318 Quando
1113 4237 1463 4298 comminatio
1503 4234 1569 4287 ad
1617 4227 1864 4284 hwredes

256 4367 441 4424 usque
479 4357 727 4420 porrecta
753 4342 874 4399 est?
916 4339 1076 4394 Certe
1108 4343 1164 4388 ut
1193 4333 1362 4402 ipsam
1392 4339 1608 4382 causam
1652 4323 1861 4390 loquar,

258 4413 391 4519 quae
442 4458 563 4512 me,
611 4454 676 4495 ac
723 4431 1149 4492 necessitudines
1207 4438 1354 4480 meas
1394 4421 1548 4477 vobis
1594 4413 1862 4489 propitiis,

262 4511 418 4594 nullo
443 4511 569 4605 jure
597 4526 895 4599 contingit,
939 4537 1063 4594 pars
1097 4517 1271 4588 major
1299 4515 1466 4570 debiti
1495 4511 1668 4566 soluta
1706 4521 1864 4562 mon-

265 4596 512 4684 strain}:
542 4623 596 4676 in
625 4596 962 4676 evidentibus
993 4611 1301 4668 nominibus
1345 4619 1472 4676 pars
1499 4600 1720 4658 resedit.
1761 4596 1868 4652 Cu-

261 4720 360 4788 jus
385 4713 568 4771 studio
601 4707 916 4766 absolvendi
945 4713 1072 4760 sunt
1099 4701 1392 4764 debitores,
1422 4706 1482 4750 ut
1523 4692 1869 4761 implicentur

269 4805 524 4866 innoxii?
550 4802 729 4872 Quare
767 4798 982 4853 insitam
1014 4791 1219 4849 divinis
1263 4787 1511 4843 sensibus
1538 4781 1734 4837 vesti-is
1771 4793 1869 4834 oro

266 4903 566 4974 justitiam,
599 4910 669 4950 ne
711 4892 1002 4947 adversum
1051 4885 1160 4940 divi
1191 4877 1436 4936 Gratiani
1463 4873 1868 4934 diffinitionem,

275 4963 565 5046 adversum
595 4984 858 5053 rescripta
897 4989 975 5035 tot
1008 4978 1332 5048 principum,
1362 4969 1453 5039 qui
1487 4964 1753 5038 praefectis
1778 4963 1874 5017 de-

273 5087 386 5140 bita
407 5080 643 5139 eruenda
672 5077 1021 5138 mandarunt,
1053 5071 1341 5124 adversum
1373 5060 1716 5121 relationem,
1748 5069 1870 5124 qua:

277 5183 584 5239 uberiorem
603 5187 871 5232 summam
892 5170 1076 5224 docuit
1097 5164 1422 5223 exsoluiam,
1449 5156 1716 5224 reliquom
1741 5164 1872 5205 vero

274 5278 574 5335 secundum
591 5283 857 5330 rectorum
876 5269 1084 5323 litteras
1097 5257 1521 5328 exsculpeiidum
1537 5254 1604 5306 ab
1620 5248 1873 5304 obnoxiis

277 5372 574 5430 intimavit;
598 5368 814 5438 ignaros
835 5359 1032 5431 negotii
1058 5365 1113 5411 et
1141 5364 1374 5425 paterna:
1405 5341 1732 5402 liiereditatis
1749 5340 1876 5393 alie-

277 5478 407 5526 nos,
447 5459 644 5527 pulsari
697 5455 989 5520 incongrua
1039 5443 1395 5502 conventiOne
1437 5435 1685 5508 patiaris;
1737 5443 1873 5485 neve

276 5552 593 5622 exemplum
610 5563 806 5603 novum
827 5546 944 5616 pius
961 5544 1030 5596 im
1042 5549 1252 5606 pcrator
1271 5535 1513 5597 induciis,
1535 5526 1874 5583 utsuccessio

278 5620 620 5714 optimatium
639 5638 805 5714 [num.
833 5638 932 5705 leg.
961 5627 1358 5703 Optiiziatumﬂ,
1379 5627 1466 5695 qui
1490 5625 1622 5691 reip.
1651 5620 1876 5688 praefue-

283 5745 433 5794 runt.
450 5735 513 5788 ad
539 5735 728 5793 liberos
752 5745 938 5785 secura
954 5742 1058 5780 non
1078 5730 1332 5777 transeat.
1359 5717 1548 5772 Multos
1565 5713 1680 5766 inec
1700 5707 1871 5762 forma

1939 1924 2135 1989 dituni,
2180 1919 2356 1973 adhuc
2399 1913 2631 1970 difiicilis
2676 1909 2938 1978 exsculpit
2967 1907 3196 1968 exactio,
3243 1901 3532 1957 senatoriae

1940 2013 2133 2067 domus
2177 2009 2449 2078 inopinata
2500 2004 2648 2058 Iabes
2691 2009 2942 2069 speretur
2994 2011 3152 2064 posse
3198 1993 3530 2064 persolvere.

1941 2109 2122 2165 Multis
2167 2102 2416 2160 nocuerit
2461 2101 2586 2166 ista.
2613 2094 2882 2156 conditio,
2931 2090 3023 2160 qui
3063 2087 3272 2157 reipub.
3308 2085 3535 2152 praefue-

1940 2213 2090 2262 runt.
2123 2202 2306 2272 Neque
2351 2197 2493 2252 enim
2537 2197 2628 2264 jus
2676 2191 2857 2249 fuerit,
2910 2195 2968 2240 ut
3015 2198 3122 2239 una
3154 2179 3350 2236 familia
3396 2194 3536 2233 novo

1942 2295 2276 2366 opprimatur
2322 2287 2593 2354 exemplo.
2639 2283 2832 2350 Quaeso
2887 2279 3048 2348 igitur
3098 2285 3155 2328 ut
3198 2281 3372 2343 gesta,
3416 2285 3537 2339 quin

1945 2364 2104 2441 fidem
2137 2381 2416 2438 relatiOiis
2445 2387 2730 2439 asserunt,
2780 2371 2966 2425 audire
2997 2366 3317 2438 dignemini,
3365 2364 3538 2432 leges-

1943 2498 2046 2552 que
2119 2476 2542 2549 perci-nseatis:
2607 2482 2832 2540 quarum
2898 2464 3214 2533 plerumque
3283 2456 3538 2512 duritiam

1946 2587 2044 2642 pro
2085 2569 2370 2625 clementia
2413 2575 2590 2619 vestra
2633 2561 2866 2614 decretis
2920 2553 3350 2610 moderatoribus
3404 2560 3539 2604 teni-

1947 2664 2195 2737 perastis.

2557 2721 2770 2778 EPIST.
2823 2716 2931 2774 LV.

1983 2839 2036 2879 Ι).
2078 2832 2372 2876 τηεουοειο
2409 2829 2616 2872 BEIPER
2654 2824 2776 2865 Αυο.
2817 2817 3127 2863 δῑιιιιλωιυε
3165 2814 3336 2854 PRSF.
3377 2813 3500 2852 “RB.

2023 2933 2272 2989 Felicitas
2323 2926 2537 2998 quidem
2589 2932 2770 2978 vestra
2823 2917 3123 2973 indefessas
3168 2913 3228 2968 P.
3256 2911 3324 2968 Β.
3354 2909 3540 2980 copias

1950 3025 2252 3096 pollicetur,
2287 3021 2348 3074 1).
2377 3019 2690 3086 imperator.
2723 3011 2828 3068 Sed
2869 3006 3305 3076 cautiojudicum
3343 3017 3540 3072 sugge-

1952 3095 2116 3173 renda
2149 3129 2256 3168 non
2285 3109 2508 3170 deserit,
2539 3115 2597 3162 ut
2623 3104 2900 3175 diligentia
2934 3101 3160 3164 muniat,
3189 3096 3332 3169 quod
3355 3095 3545 3150 melior

1955 3208 2162 3264 fortuna
2205 3201 2488 3273 promittit.
2525 3195 2804 3252 Frumenti
2854 3192 3202 3263 quotidianus
3231 3203 3360 3243 usus
3385 3187 3436 3240 iii
3469 3186 3546 3239 fa-

1953 3299 2044 3354 cili
2093 3307 2210 3361 est;
2252 3294 2356 3348 olei
2399 3299 2603 3345 tantum
2635 3287 2848 3358 species
2874 3284 3070 3338 victum
3116 3279 3285 3350 plebis
3314 3277 3546 3333 tenuiter

1955 3394 2164 3449 invecta
2192 3387 2466 3442 sollicitat.
2489 3382 2654 3453 Cujus
2677 3380 2756 3436 rei
2784 3379 2845 3434 ν.
2875 3378 2938 3432 C.
2967 3375 3119 3447 praef.
3151 3387 3400 3438 annonae,
3431 3388 3548 3441 par-

1955 3487 2087 3540 tium
2128 3495 2350 3537 suarum
2404 3476 2635 3546 diligens
2686 3480 2994 3537 exsecutor,
3043 3467 3377 3539 prietorianze
3429 3480 3550 3518 ani-

1957 3575 2214 3645 piissimae
2253 3568 2608 3642 praefectum,
2661 3574 2723 3619 ut
2779 3565 2895 3633 ipse
2940 3561 3154 3626 asserit,
3189 3558 3388 3612 dudum
3421 3555 3546 3609 fecit

1957 3665 2234 3732 indicium,
2284 3661 2460 3725 missis
2489 3659 2558 3714 de
2590 3671 2741 3713 more
2786 3653 3064 3718 brevibus,
3107 3665 3228 3721 qua;
3273 3645 3548 3718 angustias

1959 3755 2325 3826 patefacerent
2353 3748 2714 3806 conditorum.
2741 3745 2849 3802 Sed
2876 3746 3283 3820 ingravescente
3307 3739 3546 3801 defectu,

1958 3848 2108 3904 sileri
2139 3845 2278 3915 apud
2311 3842 2652 3899 clementiam
2686 3848 2921 3894 vestram
2949 3834 3139 3906 patria:
3167 3847 3293 3888 cura
3324 3845 3430 3886 non
3454 3831 3522 3884 de

1960 3940 2097 4007 buit,
2129 3937 2282 4007 cujus
2319 3950 2464 4006 spes,
2493 3941 2655 4002 atque
2685 3945 2816 4000 opes
2844 3929 3108 3983 bonorum
3140 3921 3440 3994 principum
3468 3923 3548 3975 fa-

1963 4045 2094 4086 vore
2118 4027 2482 4083 cumulantur.
2521 4023 2699 4090 Quare
2727 4035 2918 4075 omnes
2964 4017 3274 4087 suppliciter
3297 4027 3512 4068 oramus
3531 4052 3550 4076 ,

1963 4125 2010 4180 si
2057 4120 2382 4192 exspectatis
2432 4130 2644 4186 preces,
2699 4113 2789 4182 qui
2821 4121 2941 4165 vota
2995 4111 3236 4164 omnium
3275 4093 3552 4162 beneficiis

1966 4215 2304 4288 przevenitis;
2330 4221 2388 4268 ut
2410 4224 2569 4279 quam
2597 4205 2825 4276 primum
2853 4203 3062 4272 judices
3089 4200 3370 4254 Africanos
3391 4211 3556 4265 super

1966 4307 2068 4361 hac
2102 4305 2282 4374 specie
2312 4300 2569 4356 Romanis
2593 4295 2801 4350 horreis
2831 4289 3105 4346 inferenda
3137 4288 3350 4342 divinus
3372 4300 3555 4340 sermo

1967 4397 2280 4454 distimulct.
2309 4392 2442 4446 Nam
2468 4395 2752 4459 properato
2780 4398 2915 4452 Opus
2943 4395 3022 4435 est
3045 4421 3059 4444 ,
3085 4380 3394 4448 priusquam
3427 4375 3557 4429 reli-

1968 4505 2131 4564 quum
2183 4486 2430 4559 profliget
2456 4482 2705 4538 diuturna
2739 4475 3004 4548 pr.i-bitio.
3038 4472 3231 4528 Addite
3261 4474 3421 4541 igitur
3448 4469 3552 4523 hoc

1970 4597 2166 4641 munus
2207 4578 2438 4646 caeteris,
2467 4592 2585 4646 qua:
2630 4585 2886 4642 priestare
2914 4566 3238 4635 consuestis,
3281 4577 3336 4620 ut
3367 4575 3559 4619 cuncta

1971 4675 2154 4733 szeculi
2181 4674 2321 4730 bona
2346 4669 2460 4741 pari
2481 4667 2702 4723 atfluant
2731 4663 2988 4718 bonitate.

2578 4758 2793 4816 EPIST.
2825 4755 2958 4812 LVI.

2010 4881 2062 4919 Β.
2100 4873 2395 4916 τηεουοειο
2434 4869 2638 4910 SEIIPEB
2677 4866 2802 4907 Αυα.
2843 4858 3150 4902 ςγωιιλειιυε
3188 4857 3360 4896 PREF.
3404 4855 3524 4893 URB.

2049 4956 2174 5010 Dies
2215 4962 2513 5020 noctesque
2562 4946 2821 5000 sollicitor
2876 4951 2936 4995 ut
3004 4945 3255 5009 prompto
3303 4933 3564 5000 obsequio

1979 5048 2178 5103 divina:
2199 5042 2502 5100 clementiae.
2524 5049 2715 5093 vestra:
2738 5037 2882 5104 jiissa
2901 5042 3244 5103 promoveam
3267 5043 3282 5081 :
3302 5025 3564 5096 siquidem

1979 5160 2085 5198 non
2131 5141 2257 5194 licet
2296 5137 2452 5204 longa
2501 5126 3072 5198 comperendinatione
3104 5119 3307 5177 differri
3344 5115 3568 5188 justitia:

1979 5254 2041 5293 ac
2066 5235 2270 5306 legibus
2312 5231 2481 5284 amica
2512 5228 2750 5289 decreta,
2785 5223 2848 5287 Ι),
2883 5222 3195 5290 imperator.
3230 5212 3382 5268 Unde
3411 5217 3569 5264 cauto

1980 5343 2114 5398 opus
2143 5335 2222 5380 est
2266 5338 2336 5377 ne
2379 5317 2833 5375 existimationem
2881 5325 3057 5365 meam
3087 5323 3182 5379 per
3229 5302 3362 5358 alios
3411 5300 3570 5352 allata

1983 5419 2266 5493 praeceptis
2300 5415 2524 5470 tarditas
2553 5411 2889 5465 devenustet.
2923 5405 3055 5459 Nam
3084 5414 3205 5456 cum
3236 5396 3305 5451 de
3329 5392 3571 5449 Macedo-

1982 5518 2072 5572 nio
2111 5510 2326 5580 sequius
2355 5507 2422 5560 ile
2455 5519 2567 5574 rep.
2609 5503 2827 5560 merito,
2871 5497 3105 5563 itemque
3134 5487 3439 5547 Ammiano,
3472 5486 3572 5534 ilii-

1981 5609 2109 5662 dum
2170 5601 2298 5656 inihi
2349 5597 2610 5668 jiuliiiniii
2689 5588 2990 5661 pereiiiiitas
3045 5589 3221 5641 vestra
3279 5576 3571 5648 legaverit,

1984 5697 2320 5755 Aiiiiiiiaiiuiii
2340 5690 2553 5760 quidem
2577 5691 2942 5756 protectorum
2961 5668 3570 5740 attestationecogitovi,
