4048 6184
339 250 451 306 587

1564 239 1627 305 ρ.
1669 227 2020 291 AURELIUS
2057 227 2498 286 SYMMACIIUS.

3531 229 3633 284 388

343 375 466 413 rum
491 358 649 414 Urbis
670 356 848 411 vicina
862 355 1221 424 contingeret,
1250 353 1507 423 languore
1533 353 1936 414 consumptum.
1966 344 2019 400 Α
2049 340 2316 408 aerarium,
2347 341 2616 396 violentiae
2660 355 2872 409 quoque
2901 356 3117 396 causam
3149 341 3396 397 Venantii
3424 357 3487 398 ac
3540 344 3638 398 Ua-

344 453 425 506 De
477 451 793 508 Macedonio
843 450 992 502 varia
1037 449 1330 516 jactautur,
1373 458 1530 514 quem
1569 441 1676 510 iam
1728 437 1934 509 pridem

343 543 532 599 debuit
556 543 838 598 custodum
867 539 1170 594 sollicitudo
1203 537 1518 606 perducere.
1549 533 1746 600 ρυωεο
1776 529 1939 599 igitur

348 633 816 690 mansuetudinem
849 639 1104 696 vestram,
1139 645 1209 684 ne
1255 628 1382 681 milii
1432 625 1605 680 fraudi
1655 624 1726 677 sit
1763 635 1935 690 mora,

345 727 525 778 alieno
573 724 750 778 studio
797 730 890 776 aut
931 729 1146 788 torpore
1185 726 1456 773 contracta
1488 732 1503 772 :
1534 713 1804 783 simulque
1842 711 1940 766 de-

346 831 542 886 precor
593 827 651 870 ut
703 813 1030 870 venerabilis
1093 813 1367 866 mternitas
1433 817 1610 864 vestra
1667 805 1942 876 sigillatim

347 906 631 975 quaerenda
661 905 978 974 distinguat,
1025 904 1070 956 si
1101 904 1239 956 torte
1281 901 1620 970 designatum
1654 911 1808 952 reum
1848 909 1941 950 co-

347 1000 574 1070 gnitioni
602 1014 735 1053 mea;
768 997 1208 1066 prosequentium
1233 1008 1360 1047 cura
1396 990 1700 1046 tradiderit.

943 1088 1155 1142 lil‘lS'l‘.
1202 1085 1359 1142 LVI'.

387 1202 441 1240 Il.
482 1198 778 1238 Tui-3090610
817 1197 1020 1235 SEMPBR
1061 1196 1182 1234 AUC.
1225 1191 1536 1232 εῖδιιιΑοηυε
1574 1189 1742 1228 Mhi-2F.
1785 1187 1907 1226 UBB.

423 1275 532 1330 Solt
577 1273 814 1328 omnium
877 1271 1102 1339 potestis
1153 1279 1366 1324 anei-na.-
1405 1267 1565 1322 Urbis
1606 1276 1869 1330 expensas
1919 1275 1950 1314 a

351 1364 562 1419 defectu
594 1372 900 1432 sumptuum
935 1361 1228 1424 vndicat'e,
1256 1360 1315 1412 Ι).
1342 1358 1656 1424 imperator.
1691 1351 1950 1420 Majestati

352 1465 528 1509 autem
553 1463 742 1508 vestrae
765 1451 990 1505 subditae
1021 1458 1335 1522 petestaies,
1361 1457 1564 1500 tantum
1596 1441 1954 1497 medioerilius

354 1543 527 1600 Causis
579 1542 760 1596 valent
818 1541 957 1594 ferre
1015 1538 1332 1592 medicinam
1363 1575 1380 1601 ,
1467 1548 1777 1603 magnarum
1826 1546 1954 1586 vero

355 1649 534 1688 rerum
579 1632 720 1685 mole
757 1641 1097 1697 superantur.
1125 1630 1203 1683 Ad
1243 1643 1338 1680 vos
1371 1627 1531 1696 igitur
1573 1624 1822 1680 salutaria
1856 1639 1955 1676 nu-

2047 433 2265 487 tracliia:
2291 432 2574 500 professio,
2604 447 2666 487 ac
2689 434 3044 503 quorumdam
3091 435 3336 504 capitalis
3365 435 3641 491 damnatio

2045 523 2389 578 terminasset
2417 540 2430 588 ;
2465 523 2802 589 pronuntiavi
2833 523 3192 592 cognitionem
3237 525 3375 580 sacri
3405 539 3525 579 esse
3558 528 3643 595 ju-

2046 617 2173 671 dieii
2205 656 2220 682 ,
2252 627 2308 671 et
2344 617 2683 682 Venantium,
2709 632 2869 686 quem
2906 617 2969 669 V.
3005 617 3066 671 C.
3095 626 3150 671 et
3181 617 3404 672 illustris
3433 618 3646 672 ofticii-

2049 721 2166 760 rum
2213 706 2469 776 magister
2509 706 2748 775 jusserat
2812 706 3078 771 exhiberi,
3123 708 3308 761 censui
3363 708 3543 777 agenti
3596 710 3647 763 in

2049 796 2209 850 rebus
2239 795 2520 860 Decentio,
2553 813 2659 866 quo
2689 805 3051 866 prosequente
3085 806 3328 861 venerat,
3356 811 3479 852 esse
3518 798 3647 852 red-

2048 889 2304 944 dendum.
2335 887 2440 944 Sed
2470 904 2592 942 cum
2644 888 2889 942 Venantii
2921 889 3170 942 stratoris
3219 889 3460 943 illicitam
3492 904 3650 943 usur-

2051 989 2335 1047 petamque
2383 979 2627 1033 militiam
2661 979 2947 1034 Marcellus
2974 987 3266 1048 arguerat:
3298 978 3440 1048 quod
3485 979 3649 1034 decu-

2053 1070 2260 1123 rionmn
2289 1070 2557 1138 ascriptus
2585 1070 2732 1134 albo,
2760 1081 2816 1122 ut
2847 1079 2994 1138 gesta
3017 1071 3339 1132 docuerunt,
3360 1069 3646 1124 adversum

2054 1163 2200 1232 leges
2227 1163 2292 1218 ad
2325 1163 2557 1231 palatina
2580 1173 2756 1218 castra
2782 1164 3099 1230 transisset,
3123 1180 3232 1216 non
3261 1163 3418 1217 debui
3441 1164 3652 1233 objecta

2055 1257 2310 1322 reticere,
2338 1265 2398 1311 ut
2442 1257 2496 1310 in
2526 1271 2587 1310 ea
2621 1271 2712 1325 re,
2744 1271 2868 1321 quze
2895 1256 3112 1309 modum
3142 1255 3246 1309 mei
3276 1255 3653 1325 egrediebatur

2055 1348 2341 1415 examinis,
2375 1347 2650 1402 aeternitas
2673 1356 2852 1402 vestra
2887 1347 3017 1417 ipsis
3051 1346 3260 1416 legibus
3286 1361 3422 1416 quas
3473 1355 3654 1402 tuetur

2055 1438 2329 1508 augustior
2351 1437 2634 1508 judicaret.

2657 1529 2874 1585 EPIST.
2916 1529 3051 1584 LIX.

2096 1636 2148 1674 ι).
2188 1633 2484 1674 τιιεοιιοδιο
2521 1634 2725 1673 ειςωρειι
2765 1635 2890 1676 Δυϐ.
2931 1634 3244 1674 εῗδΙἊΑϐΙΙυΒ
3284 1636 3452 1675 ΡΒΞΡ.
3498 1637 3619 1678 una.

357 1724 498 1777 mina
521 1722 888 1785 convolamus,
917 1731 968 1773 et
996 1736 1150 1791 opem
1176 1721 1373 1789 largam
1409 1719 1466 1772 P.
1502 1718 1566 1771 Β.
1599 1718 1949 1786 imploramus
1986 1711 2028 1769 Β
2131 1710 2282 1764 Facit
2327 1711 2644 1780 plerumque
2690 1710 2852 1776 ratio,
2897 1719 2990 1764 aut
3022 1712 3230 1764 fortuna
3280 1725 3562 1766 causarum
3594 1723 3652 1765 ut

356 1815 546 1868 mrario
567 1855 584 1879 ,
628 1813 715 1866 cui
743 1812 848 1880 jam
881 1811 971 1865 diu
1001 1811 1277 1864 solitorum
1310 1809 1442 1863 nihil
1475 1807 1812 1878 vectigalium
1859 1805 1948 1859 de-

357 1916 521 1960 creta:
550 1904 838 1974 provinciae
875 1903 1236 1957 contulerunt.
1269 1901 1444 1971 Atque
1492 1901 1612 1954 ideo
1651 1898 1828 1968 justus
1872 1906 1954 1950 est

363 2008 540 2052 metus
571 2011 636 2049 ne
667 1995 1002 2049 cessantibus
1023 1995 1273 2048 subsidiis
1292 1993 1591 2048 necessaria
1614 1993 1950 2056 deserantur,

360 2105 481 2157 qua:
523 2087 776 2140 liac:enus
808 2100 1051 2154 personae
1081 2095 1288 2148 tenues,
1317 2085 1514 2146 alieno,
1545 2094 1601 2137 ut
1632 2092 1951 2152 queruntur,

360 2195 471 2234 tere
529 2179 845 2233 tolerarunt.
890 2176 1066 2245 Super
1114 2176 1228 2230 lizec
1277 2177 1434 2231 etiam
1469 2175 1795 2230 reverendus
1822 2173 1958 2227 ordo

359 2270 669 2334 consultus,
700 2285 820 2322 cum
853 2283 948 2336 per
981 2282 1041 2321 se
1088 2267 1289 2320 mederi
1320 2266 1533 2319 afﬂictis
1581 2266 1740 2318 rebus
1772 2263 1960 2334 ncqui-

367 2369 473 2422 ret,
497 2372 654 2427 opem
685 2370 877 2411 vestra:
911 2355 1263 2426 perennitatis
1289 2355 1482 2409 oratit.
1515 2355 1668 2408 Edita
1715 2355 1849 2406 ratio
1877 2361 1960 2406 est

363 2449 740 2520 vectigaLum,
779 2464 899 2519 qua:
946 2447 1329 2516 Hispanienses
1373 2457 1533 2516 atque
1563 2446 1961 2501 Alexandrinos

366 2542 621 2597 invehere
669 2539 854 2595 debuit
892 2549 1245 2593 commeatus.
1297 2536 1697 2606 Expensionum
1749 2549 1962 2605 quoque

367 2635 550 2688 titulos
593 2644 962 2701 competentes
1008 2633 1169 2685 officii
1201 2647 1328 2686 cura
1366 2630 1607 2700 digessit.
1649 2630 1873 2696 Quzeso,
1907 2637 1961 2681 ut

364 2725 632 2789 omnibus,
656 2740 774 2793 quae
800 2725 1106 2788 cohaerent,
1148 2723 1374 2777 libenter
1415 2721 1692 2789 inspectis,
1748 2719 1960 2772 utilitati

365 2815 589 2886 publica:
619 2817 774 2868 velox
805 2814 1102 2867 remedium
1126 2813 1408 2882 porrigatis
1435 2829 1447 2864 :
1479 2811 1788 2881 urgentibus
1820 2811 1963 2864 enim

365 2908 564 2970 causis,
614 2904 798 2976 negari
829 2921 934 2960 non
966 2915 1143 2974 potest
1174 2906 1343 2959 illatio
1373 2904 1636 2959 solemnis
1681 2903 1962 2972 impendii.

368 2999 548 3068 Quare
603 2995 740 3074 ferte,
787 2997 1026 3067 propitii,
1078 3006 1134 3050 ut
1181 2998 1388 3064 soletis,
1441 2997 1700 3051 auxilium
1731 3015 1744 3052 :
1773 3005 1827 3051 et
1875 2997 1964 3066 qui

2057 1803 2110 1858 in
2137 1802 2523 1856 Controversiis
2572 1802 2710 1855 alter
2753 1802 3035 1869 aequitate,
3087 1801 3222 1856 alter
3263 1801 3388 1870 jure
3435 1802 3654 1856 nitatur.

2057 1894 2211 1947 Tunc
2238 1893 2474 1946 humano
2502 1893 2716 1948 labante
2744 1893 2991 1962 Consilio,
3019 1893 3338 1949 deliberatio
3362 1896 3657 1965 cognitoris

2056 1982 2121 2036 ad
2152 1983 2455 2037 dementia:
2488 1993 2684 2038 vestr-.e
2715 1984 2946 2038 recurrit
2989 1985 3289 2052 oraculum,
3334 1985 3394 2040 D.
3429 1987 3660 2056 impr-ra-

2058 2085 2163 2128 tor.
2190 2074 2341 2141 Quod
2373 2076 2536 2129 etiam
2571 2075 2854 2143 praesentis
2901 2075 3100 2144 negotii
3139 2077 3369 2146 qualitas
3391 2076 3657 2147 dep0scit.

2059 2164 2192 2219 Nam
2233 2165 2379 2218 Musa
2406 2181 2576 2220 annos
2619 2180 2835 2236 egressa
2869 2167 3152 2237 legi'imos,
3199 2185 3320 2224 cum
3363 2170 3414 2223 in
3447 2180 3656 2240 partem

2060 2272 2240 2311 rerum
2256 2266 2594 2326 paternarum
2611 2257 2996 2330 Syntropliiuni
3010 2271 3325 2330 quereretur
3337 2263 3657 2326 admissum.

2061 2362 2217 2416 quem
2254 2348 2418 2402 veluti
2451 2347 2650 2402 adultae
2681 2365 2792 2403 sua:
2824 2351 3040 2404 fratrem
3073 2351 3232 2406 dolus
3259 2353 3470 2407 Acltolii
3501 2370 3658 2409 cura-

2064 2439 2199 2492 toris
2228 2440 2514 2503 asciverat,
2545 2440 2806 2510 integram
2834 2441 3230 2498 restitutionem
3253 2443 3600 2514 sull‘ragiojuc
3619 2447 3662 2500 is

2062 2531 2288 2601 accepit.
2312 2531 2417 2587 Sed
2461 2549 2514 2587 m
2542 2534 2645 2588 .ltis
2679 2535 3172 2603 provocationibus,
3203 2539 3472 2608 variisque
3495 2549 3658 2596 tracta

2058 2623 2298 2692 judiciis,
2343 2625 2479 2679 intra
2511 2635 2682 2680 metas
2704 2626 2837 2694 justi
2867 2629 3126 2696 temporis
3172 2630 3412 2699 nequivit
3438 2633 3661 2701 exsequi

2066 2715 2372 2783 propositas
2403 2717 2663 2770 actiones.
2699 2717 2765 2772 Ut
2797 2733 2885 2772 res
2913 2719 3186 2784 mouebat,
3214 2721 3468 2775 amissum
3499 2723 3664 2777 bene-

2068 2805 2243 2859 fit-ium
2293 2806 2532 2861 remedio
2579 2807 2992 2876 supplicationis
3022 2811 3329 2880 integravit.
3363 2811 3466 2867 Sed
3515 2813 3658 2866 idem

2068 2897 2349 2952 mulierum
2368 2913 2548 2964 casus,
2568 2900 2729 2953 etiam
2750 2902 2996 2970 rescripti
3017 2903 3348 2958 humanitate
3367 2902 3659 2958 fraudavit:

2069 2989 2337 3058 siquidem
2367 2992 2630 3044 mensium
2664 3002 2896 3062 quatuor
2925 2994 3088 3047 dilata
3113 2995 3416 3061 curriculis,
3450 3010 3663 3050 summo

370 3091 640 3145 mentibus
686 3072 789 3157 piis
834 3103 969 3142 nova
1020 3088 1080 3140 P.
1110 3086 1176 3140 It.
1207 3086 1462 3141 beneﬁcia
1507 3085 1750 3151 defertis,
1799 3087 1960 3140 etiam
1989 3072 2038 3137 Ο
2067 3080 2155 3136 die
2178 3081 2436 3151 temporis
2467 3083 2735 3150 impetrati
2768 3084 2970 3139 excidit
2998 3088 3264 3154 Cognitor,
3289 3101 3519 3157 eamque
3538 3102 3662 3143 suc-

367 3185 541 3252 prisca
571 3188 827 3234 servate:
875 3187 1036 3246 atque
1085 3177 1212 3232 Urbi
1255 3185 1452 3231 vestrae
1500 3189 1740 3230 annuere
1778 3175 1966 3244 digne-

367 3273 497 3328 mini
519 3312 534 3336 .
565 3281 622 3326 et
663 3270 806 3339 quod
841 3269 1224 3338 praetermissio
1266 3268 1536 3337 praeterita
1566 3267 1873 3338 suspendit,
1913 3275 1969 3323 et

368 3365 512 3435 quod
541 3363 749 3417 futurus
779 3375 906 3416 usus
934 3370 1213 3430 exspectat
1241 3360 1491 3415 feliciter.

953 3450 1171 3506 El‘IST.
1212 3447 1392 3506 LVIII.

402 3563 450 3603 D.
499 3554 796 3601 ’1⁸880005ῐο
833 3560 1039 3600 εειιρειι
1081 3560 1203 3600 AUC.
1243 3558 1552 3600 SYIHIACIIUS
1590 3558 1766 3598 PREF.
1807 3558 1930 3598 URB.

441 3637 498 3692 In
528 3637 756 3708 aegonis
776 3681 791 3706 ,
821 3646 1064 3706 tempore
1094 3650 1155 3690 ac
1177 3635 1510 3704 jtidiratione
1543 3635 1728 3700 finitis,
1753 3649 1968 3691 cessare

369 3745 580 3800 aequum
610 3738 694 3785 est
715 3731 886 3800 longa:
914 3728 1176 3783 orationis
1204 3743 1514 3792 excursum,
1548 3744 1615 3782 ne
1645 3737 1701 3782 et
1731 3728 1968 3782 numinis

370 3823 533 3880 vestri
558 3825 820 3878 salutares
845 3831 998 3876 actus
1025 3830 1214 3876 oneret
1239 3835 1421 3875 sermo
1453 3818 1727 3888 prolixior,
1757 3829 1810 3875 et
1849 3819 1968 3875 sine

371 3923 690 3984 argumento
746 3927 926 3967 rerum
1001 3911 1299 3981 loquacitas
1373 3925 1585 3966 morosa
1643 3909 1966 3980 diSpliceat,

372 4003 435 4059 Ι).
481 4004 792 4070 imperator.
841 4003 976 4057 Cum
1033 4003 1085 4057 in
1135 4002 1339 4072 judicio
1390 4001 1748 4057 moderatoris
1785 4002 1966 4071 Apuli,

374 4097 515 4154 inter
537 4097 870 4162 Marcellum,
893 4099 983 4166 qni
1007 4112 1066 4151 se
1089 4096 1358 4166 deiectum
1388 4095 1730 4167 possessione
1750 4107 1972 4165 questus

374 4197 478 4257 est,
505 4187 742 4258 itemque
771 4187 1089 4242 Venantium
1117 4196 1429 4252 stratorem,
1449 4197 1504 4242 ut
1528 4189 1641 4257 ipse
1663 4188 1969 4254 confirmat,

372 4279 598 4348 ejosque
642 4292 952 4348 germanam
984 4277 1340 4341 Batracliiam.
1384 4293 1545 4334 causa
1584 4278 1852 4334 violentia:
1891 4279 1972 4334 dis

375 4379 610 4436 ceretur,
646 4373 956 4438 provocatio
983 4385 1011 4423 a
1047 4373 1156 4425 reis
1187 4371 1489 4425 inconsulta
1523 4374 1807 4440 processit,
1831 4371 1970 4441 quod

2067 3187 2252 3227 cessor
2272 3175 2563 3228 adveniens
2585 3175 2863 3243 przemisso
2888 3176 3174 3231 interdvcto
3199 3187 3464 3246 potesmte
3489 3179 3666 3248 priva-

2067 3273 2238 3318 verat.
2269 3264 2398 3318 Post
2441 3268 2574 3331 tunc,
2606 3282 2726 3320 cum
2758 3267 2920 3321 vellet
2951 3268 3219 3324 infelicem
3248 3283 3425 3324 causa:
3456 3270 3663 3339 lapsum

2069 3355 2411 3425 reparatione
2462 3357 2697 3423 sarcire,
2756 3359 2973 3425 olijectu
3026 3358 3160 3428 legis
3206 3358 3666 3415 Constantininnzn

2069 3449 2288 3517 explosa
2317 3458 2429 3516 est,
2463 3467 2585 3520 qua:
2610 3460 2760 3505 extra
2788 3450 3033 3506 ordinem
3067 3453 3399 3522 temporibus
3424 3452 3664 3516 indultis.

2077 3540 2376 3611 longiorem
2411 3546 2625 3614 negavit
2660 3558 2971 3600 excursum.
3010 3543 3203 3601 Secuta
3235 3556 3314 3600 est
3361 3549 3668 3616 provocatio

2067 3631 2387 3702 iudicatum.
2421 3633 2524 3690 Ubi
2555 3646 2772 3689 ventum
2809 3636 2874 3689 ad
2906 3649 3077 3690 sacra:
3119 3637 3264 3692 sedis
3294 3653 3519 3693 examen
3539 3680 3552 3700 .
3579 3655 3668 3693 ea-

2073 3725 2194 3778 dem
2226 3725 2539 3778 constitutio
2567 3740 2596 3778 a
2629 3723 2886 3780 Faustino
2918 3725 3134 3782 hazrede
3162 3727 3372 3782 Acltolii
3403 3731 3668 3784 curatoris

2073 3831 2260 3871 rursus
2292 3816 2497 3886 ingesta
2537 3828 2654 3882 est;
2698 3831 2822 3886 pars
2863 3819 3258 3887 procuratoris,
3299 3819 3385 3873 cui
3429 3818 3669 3873 actiones

2076 3905 2223 3963 Musa
2258 3911 2644 3973 mandaverat,
2687 3925 2795 3963 non
2837 3924 2934 3963 suo
2971 3911 3102 3965 vitio
3147 3925 3362 3966 causam
3407 3913 3670 3967 cecidisse

2079 4001 2410 4068 temporibus
2449 4001 2798 4069 approbabat.
2839 4001 2920 4056 Ad
2971 4003 3070 4057 hoc
3108 4014 3389 4063 parentum
3433 4005 3669 4058 numinis

2077 4094 2240 4147 vestri
2283 4092 2533 4147 divorum
2580 4095 2876 4164 principum
2911 4097 3128 4165 protulit
3159 4101 3467 4150 sanctiones
3491 4139 3506 4161 ,
3549 4113 3669 4165 quae

2080 4185 2130 4238 in
2160 4201 2220 4238 cr
2248 4185 2482 4253 reliquas
2521 4191 2866 4255 exceptiones
2913 4189 3304 4257 reparationem
3332 4190 3670 4260 jurgantilms

2081 4278 2341 4343 tribuunt,
2368 4279 2410 4332 si
2441 4294 2534 4347 per
2562 4279 2894 4347 cognitorem
2919 4295 3074 4334 causa
3105 4280 3331 4336 labatur.
3355 4279 3489 4336 Cum
3514 4283 3671 4351 igitur

2079 4379 2136 4424 et
2166 4372 2216 4424 in
2246 4367 2629 4425 Constantiana
2654 4372 2768 4440 lege
2788 4416 2803 4440 ,
2832 4387 2934 4442 qua
2960 4374 3227 4442 reparatio
3251 4374 3506 4430 adimitur
3533 4387 3670 4430 tem-

377 4461 720 4528 proviucialis
765 4462 1030 4530 cognitor,
1065 4464 1357 4529 prmmissis
1388 4462 1580 4517 litteris
1624 4463 1688 4517 ad
1720 4464 1972 4518 vicariam
2002 4439 2054 4498 D
2084 4463 2303 4532 poribus
2351 4474 2501 4518 extra
2549 4462 2799 4518 ordinem
2849 4463 3019 4533 datis,
3066 4479 3222 4520 casus
3267 4467 3367 4521 iste
3409 4469 3672 4521 cessantis

377 4561 728 4621 potestatem,
763 4562 1073 4622 susceptum
1125 4556 1380 4608 retineret
1422 4570 1673 4610 examen.
1701 4553 1850 4611 Tunc
1881 4573 1975 4609 au-

378 4641 562 4694 ditorii
602 4641 740 4694 sacri
767 4641 955 4710 judex,
988 4644 1217 4696 rectoris
1246 4643 1405 4696 affatu
1432 4659 1594 4713 super
1617 4648 1975 4714 appellatione

378 4743 459 4786 est
488 4731 786 4796 consultus,
820 4743 870 4786 et
900 4732 1315 4801 praeiudicialem
1351 4737 1601 4789 nmlctam
1638 4747 1824 4792 statuat
1847 4755 1973 4806 pro-

379 4821 752 4876 vocationibus
800 4821 1166 4883 inferendam.
1213 4833 1268 4878 et
1298 4824 1468 4892 ipsum
1501 4829 1841 4895 quaesitorem
1870 4828 1976 4882 cri-

379 4913 511 4969 mini
541 4913 723 4978 dedit,
757 4928 878 4968 cum
909 4915 1256 4970 exsecutione
1284 4915 1552 4972 vindictae.
1580 4920 1706 4973 l’ost
1736 4917 1852 4974 haec
1880 4922 1977 4974 ob-

379 5007 711 5078 reptionibns
742 5007 972 5073 partium
999 5008 1252 5062 nonnulla
1280 5020 1429 5078 gesta
1453 5019 1600 5074 sunt,
1633 5010 1970 5080 utjttdicalio

376 5107 746 5153 consummata
776 5099 1096 5154 traheretur.
1135 5099 1266 5154 Nam
1306 5113 1361 5155 et
1405 5102 1486 5156 vir
1523 5103 1832 5173 speet-ibitis
1877 5103 1974 5158 de-

375 5205 563 5246 cessor
593 5203 762 5256 meus,
797 5207 918 5246 cum
951 5193 1201 5246 mulctam
1230 5194 1505 5252 didicisset
1523 5207 1788 5264 exactam,
1813 5215 1972 5268 quam

376 5282 600 5338 decreto
642 5283 782 5336 sacri
813 5282 1063 5338 auditorii
1091 5286 1376 5354 appellatio
1407 5288 1782 5358 praejudicialis
1813 5305 1978 5358 agnov

387 5387 432 5423 vi
459 5382 570 5438 rat,
623 5385 704 5428 sta
733 5376 811 5428 uit
837 5387 1052 5430 causam
1086 5377 1326 5430 criminis
1361 5379 1424 5432 ad
1457 5393 1517 5433 se
1566 5380 1764 5435 debere
1807 5389 1976 5436 trans-

386 5463 532 5520 ferri.
567 5467 630 5522 Et
649 5483 749 5538 ego
781 5469 921 5523 idem
955 5479 1204 5537 secutus,
1241 5485 1418 5538 partes
1446 5473 1498 5526 in
1529 5489 1754 5527 examen
1785 5475 1974 5529 aet-ivi.

387 5553 492 5609 Sed
535 5572 655 5612 cum
685 5569 739 5614 et
769 5572 978 5631 tempus
1008 5565 1366 5632 reparatimis
1395 5573 1542 5618 esset
1583 5579 1886 5630 emensum,
1921 5575 1975 5620 et

389 5659 598 5708 [mnam
615 5657 1012 5715 provocationis
1039 5665 1128 5709 aut
1153 5668 1489 5725 exspectaret
1512 5667 1606 5714 aut
1639 5659 1967 5728 sumpsisset

2080 4556 2454 4626 disceptatoris
2479 4573 2582 4610 non
2615 4555 2686 4610 sit
2711 4569 2990 4628 exceptus,
3023 4569 3076 4613 et
3104 4559 3400 4614 recentiora
3427 4561 3558 4616 scita
3591 4559 3670 4613 di-

2082 4669 2268 4706 vorum
2303 4652 2608 4718 Principum
2640 4651 2848 4707 cunctis
2891 4653 3119 4721 negotiis
3159 4654 3498 4723 reparatione
3543 4657 3670 4708 suli-

2082 4746 2359 4811 venerint,
2392 4744 2436 4799 si
2476 4745 2611 4800 forte
2637 4759 2664 4798 a
2691 4745 2872 4814 judice
2899 4745 3220 4800 deserantur
3251 4765 3264 4801 :
3301 4747 3468 4801 facilis
3509 4748 3560 4800 in
3590 4747 3669 4800 al—

2081 4851 2248 4892 teram
2283 4847 2485 4907 parteni
2511 4853 2632 4891 esse
2661 4853 2766 4891 non
2800 4839 2943 4907 potui
2969 4879 2986 4903 ,
3017 4840 3110 4895 sed
3134 4842 3274 4910 quod
3303 4857 3464 4896 unum
3497 4857 3671 4896 reme-

2081 4932 2226 4985 dium
2263 4933 2516 4985 convenit
2543 4931 2700 4985 rebus
2732 4931 3024 5001 ambiguis,
3064 4933 3328 4988 fortunam
3360 4935 3553 4990 curiosi
3587 4940 3672 4988 lti-

2080 5021 2329 5076 ctnmiois
2387 5023 2778 5092 angustissimis
2842 5024 3013 5092 legum
3079 5024 3315 5080 arbitriis
3363 5028 3672 5088 reservavi,

2081 5113 2244 5179 gestis
2270 5111 2518 5166 omnibus
2555 5112 2622 5166 de
2663 5127 2814 5169 more
2858 5113 3143 5180 subjectis,
3193 5126 3249 5169 ut
3290 5130 3474 5171 eorum
3510 5117 3670 5172 lectio

2084 5202 2456 5256 insinuationis
2482 5219 2614 5256 mea:
2643 5213 2847 5256 astruat
2876 5205 3172 5259 veritati-nt.

2689 5293 2902 5352 EPIST.
2945 5295 3057 5350 LX.

2157 5402 2206 5438 Ρ.
2239 5402 2532 5440 ’1⁵1ῐῖ⁵0008ῐύ
2561 5401 2764 5440 εειιριῖη
2797 5403 2918 5441 Αυο.
2952 5401 3259 5443 εγδιιιιιειιυε
3279 5405 3448 5442 ΡΠΕΓ.
3478 5405 3594 5443 ιῖελιι.

2159 5479 2374 5532 Urbium
2421 5480 2848 5548 populorumque
2896 5479 3214 5546 luctamina,
3265 5483 3514 5550 quoniam
3545 5489 3670 5534 s‘unt

2083 5573 2285 5641 majora
2332 5575 2594 5640 privatis,
2641 5573 2845 5640 judicio
2874 5573 3183 5643 augustiore
3226 5575 3490 5630 censenda
3521 5584 3666 5639 sunt,

2085 5665 2146 5718 Ι).
2181 5665 2489 5734 imperator.
2527 5662 2710 5720 Merito
2750 5663 3159 5720 Puteolanorum
3206 5680 3266 5722 ac
3315 5663 3670 5721 Terracinen-
