4048 6184
326 215 426 270 339

324 435 390 485 ad
418 441 626 480 sacrum
653 423 978 477 auditorium
1007 436 1072 474 ex
1100 418 1478 486 provocatione
1500 417 1767 487 migravit,
1786 430 1908 470 cum

288 492 674 591 ‘perspicerem
709 514 822 583 pari
872 513 1025 567 lance
1069 512 1351 576 libratam,
1383 509 1679 578 ntajeslatis
1717 518 1911 562 vestra:

324 611 541 664 arbitrio
562 605 854 662 reservavi.
881 604 976 658 Est
1001 612 1180 658 autem
1205 603 1272 658 de
1295 617 1402 670 quo
1423 601 1601 670 agitur
1625 599 1906 668 ejusmodi.

324 701 624 758 Puteolanis
688 696 1047 764 municipibus
1118 695 1272 750 divus
1316 692 1700 748 Constantinus
1760 707 1825 745 cr.
1874 707 1909 744 ιι

323 793 466 848 mod.
499 794 549 845 in
593 788 902 843 alimoniam
951 787 1180 841 civitatis
1208 785 1451 840 indulsit.
1484 785 1614 850 Quae
1644 797 1850 838 summa
1880 799 1909 837 a

322 887 448 938 divo
475 881 768 936 Constante
798 888 1014 947 regente
1059 893 1233 945 retnp.
1268 876 1440 931 media
1475 885 1624 942 parte
1671 874 1910 928 mutilata

321 987 422 1030 est.
473 975 601 1029 Post
625 988 781 1041 quem
810 970 1153 1025 Constantius
1201 985 1354 1040 aeque
1385 969 1590 1023 relatus
1616 970 1668 1022 in
1688 969 1910 1032 cretum,

322 1067 714 1136 supplicatione
759 1065 1034 1133 depositi,
1084 1078 1352 1118 annonam
1409 1061 1686 1118 Puteolani
1733 1061 1910 1128 populi

321 1173 427 1212 xxv
476 1157 623 1211 mod.
675 1156 972 1223 adjectione
1017 1155 1328 1208 cumulavit.
1384 1155 1558 1223 Atque
1600 1154 1669 1206 ita
1714 1151 1908 1206 factum

321 1258 405 1302 est
426 1292 442 1314 ,
466 1258 523 1301 ut
571 1247 613 1303 C
643 1246 688 1300 Μ
724 1246 868 1300 mod.
897 1246 1138 1313 ejusdem
1171 1245 1350 1314 populi
1400 1246 1574 1298 victus
1620 1243 1908 1310 acciperet.

323 1338 432 1392 Sed
465 1337 818 1391 divoJuliano
858 1336 1170 1389 moderante
1201 1350 1374 1402 remp.
1404 1349 1523 1388 cum
1555 1333 1736 1401 Lupus
1778 1348 1912 1387 con-

321 1428 491 1481 sulari
541 1427 660 1496 jure
695 1426 1001 1496 Campaniae
1052 1425 1387 1495 praesidens,
1445 1424 1912 1478 Terracineusium

322 1522 784 1590 contemplaretur
804 1521 1093 1590 angustius,
1125 1519 1268 1588 quod
1298 1519 1425 1572 nihil
1456 1519 1912 1574 subsidiidecreta

322 1612 526 1664 dudum
574 1611 767 1680 oppida
797 1609 1180 1673 conferebant;
1213 1625 1279 1664 ne
1325 1611 1605 1663 commoda
1636 1609 1698 1666 P.
1734 1612 1797 1663 li.
1830 1611 1912 1664 ci-

1575 199 2053 256 EP.ST0l.AllU.\l
2095 164 2295 253 Ltntiu
2342 201 2405 253 χ.

326 339 455 392 siuin
476 344 714 394 causam,
738 342 857 397 qua:
873 336 994 396 post
1015 325 1268 393 Campani
1298 323 1650 378 moderatoris
1677 337 1900 378 examen
1931 323 1982 380 Α

3498 212 3602 267 5:20

2585 318 2798 373 EI‘IST.
2833 321 2966 377 LXI.
3001 333 3023 360 ⁸

2015 427 2098 464 DD.
2133 425 2559 471 VALENTINIANO,
2595 427 2893 467 TIIEODOSIO
2929 432 2993 467 Ιεῖτ
3036 430 3261 470 ARCAllIO
3302 433 3424 474 SEII.
3475 438 3598 480 Αυο.

2465 497 2769 536 εγωιΑωιυε
2803 500 2969 538 ΡΒᾸΞΡ.
3005 501 3123 540 llRIl.

2085 591 2182 646 Ubi
2197 593 2428 660 primum
2453 597 3047 662 senatusamplissimus
3067 612 3198 666 sem;
3219 615 3384 668 erquc
3399 614 3598 671 vester,

2012 682 2232 734 Subacta
2286 683 2494 750 legibus
2538 686 2663 737 vitia
2693 689 2961 755 cognovit,
2986 700 3040 742 et
3068 703 3099 742 a
3145 692 3474 760 principibus
3503 695 3605 761 piis

2013 773 2145 826 vidit
2190 775 2402 843 purgari
2448 774 2642 829 famam
2685 782 3048 844 proximorum
3111 790 3444 851 temporum,
3477 786 3603 840 boni

2014 861 2195 916 s:rculi
2228 863 2602 917 auctoritatem
2652 878 2892 931 secutus,
2933 873 3170 925 evomuit
3219 874 3309 927 diu
3358 891 3604 944 pressum

2013 955 2278 1019 dolorem,
2309 965 2470 1023 atque
2496 960 2690 1012 iterum
2722 975 2809 1015 me
2836 965 3179 1030 querelarum
3209 981 3424 1022 suarum
3447 969 3608 1037 ju-sit

2013 1061 2133 1102 esse
2163 1048 2414 1116 legatum.
2438 1049 2536 1103 Cui
2567 1049 2688 1105 ideo
2715 1053 2821 1106 divi
2855 1056 3109 1124 principis
3139 1060 3396 1126 dem-gata
3429 1071 3510 1114 e~t
3537 1063 3604 1116 ab

2013 1135 2274 1206 improbis
2302 1138 2605 1206 audientia,
2653 1144 2776 1211 quia
2809 1159 2914 1197 non
2945 1159 3062 1199 erat
3098 1148 3303 1216 justitia
3333 1150 3604 1215 defutura,

2017 1228 2126 1282 DD.
2160 1230 2533 1299 imperatores.
2569 1231 2797 1288 Gemino
2829 1237 2988 1306 igitur
3016 1239 3228 1294 functus
3257 1243 3434 1297 officio
3464 1255 3519 1300 et
3547 1256 3609 1300 ut

2019 1319 2300 1385 prsefectus
2327 1331 2505 1376 vester
2533 1333 2681 1391 gesta
2707 1328 2916 1394 publica
2943 1344 3262 1400 prosequor,
3291 1346 3346 1387 et
3379 1347 3432 1386 ut
3467 1337 3608 1405 Ιιιεει-

2021 1416 2108 1460 tus
2137 1408 2333 1462 civium
2387 1413 2637 1467 mandata
2681 1421 3023 1472 commendo.
3069 1423 3222 1476 bulla
3253 1434 3336 1479 cst
3385 1427 3471 1481 hic
3499 1428 3610 1482 dis-

2017 1501 2198 1552 sensio
2223 1501 2587 1569 voluntatum;
2613 1507 2735 1571 quia
2756 1511 2864 1572 jam
2902 1514 3124 1567 credere
3154 1514 3400 1571 homines
3429 1521 3605 1576 desie-

2020 1604 2142 1646 rttnt
2189 1595 2484 1650 aulicorutu
2539 1614 2597 1650 se
2623 1601 2802 1653 studio
2849 1619 3142 1670 praestare,
3185 1610 3228 1662 si
3279 1610 3608 1678 discri-pent.

323 1707 486 1767 νῑιεε,
520 1718 640 1771 qua:
669 1701 896 1756 lavacris
924 1701 1148 1770 publicis
1178 1701 1339 1770 ligna,
1369 1700 1637 1755 etcalcem
1665 1715 1919 1768 reparari-
1950 1687 1994 1744 Β
2026 1685 2204 1737 Amari
2226 1726 2241 1750 ,
2285 1688 2421 1750 coli,
2467 1689 2611 1758 diligi
2633 1729 2650 1755 ,
2691 1693 2862 1759 majus
2902 1694 3126 1763 imperio
3161 1709 3261 1752 est.
3297 1701 3396 1766 Qui
3442 1704 3608 1765 ferat,

326 1795 408 1848 dis
439 1795 713 1850 manibus
757 1797 1155 1862 subministrat,
1205 1795 1415 1851 defectu
1433 1795 1610 1850 subito
1657 1796 1915 1850 exhausta

324 1889 732 1954 succumberet;
775 1905 843 1943 vu
873 1899 929 1944 et
957 1904 1052 1944 occ
1109 1889 1256 1943 mod.
1305 1887 1608 1943 Puteolanis
1637 1887 1918 1956 municipi-

326 1978 420 2031 bus
469 1978 796 2047 derogatos,
833 1976 1300 2032 'I‘erracini-nsium
1345 1976 1467 2032 usui
1515 1976 1820 2045 deputavit,
1865 1987 1918 2030 et

325 2067 678 2138 amplissimae
709 2068 1044 2136 praetorianae
1072 2071 1200 2121 Sede
1229 2077 1425 2122 statuta
1457 2075 1512 2120 et
1541 2066 1768 2119 diffinila
1795 2081 1921 2133 sug-

325 2161 516 2230 gessit.
552 2160 900 2215 Mamertinus
939 2160 989 2215 id
1036 2161 1292 2230 temporis
1338 2159 1671 2228 pnefecturte
1715 2161 1920 2214 honore

325 2252 590 2321 pollebat.
624 2250 675 2306 ls
717 2265 838 2306 cum
891 2251 1151 2321 diSposita
1197 2252 1534 2317 roborasset,
1572 2251 1921 2306 nihilominus

327 2344 612 2397 arbitrium
641 2345 916 2410 imperiale
945 2343 1230 2407 consuluit,
1276 2358 1447 2414 neque
1478 2343 1647 2398 ullum
1699 2357 1919 2412 respon-

324 2449 466 2500 sum,
501 2436 645 2503 quod
696 2452 761 2490 eo
793 2449 1036 2504 tempore
1063 2437 1208 2492 bello
1231 2437 1446 2492 Persico
1495 2447 1674 2492 rector
1713 2436 1920 2506 imperii

326 2526 639 2592 tenebatur,
671 2528 900 2596 accepit.
929 2529 992 2583 Et
1020 2528 1142 2583 hinc
1172 2543 1266 2599 per
1290 2529 1493 2598 aliquot
1525 2544 1694 2584 annos
1730 2543 1924 2584 cucur-

324 2619 394 2671 rit
426 2618 536 2669 ista
571 2618 837 2686 praebitio,
870 2619 1041 2674 donec
1066 2619 1314 2688 Capuana
1347 2620 1541 2689 legatio
1565 2619 1705 2688 apud
1737 2619 1920 2672 divum

325 2721 494 2778 atque
519 2709 775 2779 inclytum
798 2710 1458 2778 Gratianum,germanum
1481 2711 1712 2764 numinis
1733 2708 1918 2772 vestri,

323 2816 420 2853 sua
459 2812 671 2854 tantum
722 2801 915 2855 damna
947 2803 1264 2870 deplorans,
1296 2817 1418 2856 eum
1451 2802 1702 2856 frumenti
1736 2816 1923 2856 nume-

325 2908 446 2944 rum
481 2933 498 2952 ,
547 2907 707 2960 quem
739 2892 972 2948 Cerealis
995 2909 1057 2948 ex
1092 2896 1274 2947 multis
1300 2895 1523 2948 urbibus
1553 2895 1618 2950 ll.
1648 2895 1706 2948 P.
1739 2894 1922 2948 vendi-

325 2993 515 3044 carat,
564 2983 769 3037 restitui
809 2984 1056 3038 omnibus
1097 2986 1453 3052 impetrasset.
1485 2985 1590 3039 Sed
1635 2985 1921 3040 occasioiie

2022 1775 2256 1830 obfuisse
2309 1778 2444 1846 reip.
2504 1782 2707 1848 privata
2766 1787 3094 1840 certamina?
3153 1789 3340 1846 Merito
3389 1805 3610 1850 senatus

2024 1866 2147 1920 illos
2181 1868 2496 1937 insequitur,
2540 1873 2628 1941 qui
2655 1876 2944 1942 potentiam
2977 1891 3127 1932 suam
3172 1880 3326 1934 famae
3359 1884 3613 1955 principis

2027 1961 2398 2027 przrtulerunt.
2424 1963 2615 2019 Noster
2637 1976 2813 2021 autem
2840 1969 2988 2024 labor
3011 1987 3106 2039 pro
3125 1974 3409 2030 clementia
3438 1990 3612 2033 vestra

2024 2051 2173 2105 ducit
2201 2055 2476 2110 excubias.
2510 2057 2603 2111 Cui
2633 2061 2775 2112 enim
2805 2061 2973 2130 magis
3001 2064 3305 2118 Commodat
3332 2068 3474 2135 quod
3525 2069 3611 2122 in-

2024 2145 2208 2197 srituta
2251 2148 2512 2213 majorum
2542 2188 2559 2213 ,
2608 2150 2749 2218 quod
2785 2153 2968 2220 patriae
2989 2153 3107 2222 jura
3152 2171 3204 2210 et
3238 2158 3340 2211 fata
3373 2161 3614 2214 delendi-

2025 2252 2164 2302 mtts,
2198 2254 2358 2306 quam
2392 2249 2692 2310 temporum
2740 2244 2958 2314 glorias?
2997 2263 3119 2317 qua:
3166 2259 3276 2303 tum
3308 2261 3390 2305 est
3422 2255 3611 2323 major,

2023 2344 2143 2383 cum
2194 2332 2345 2386 vobis
2385 2345 2571 2389 contra
2615 2351 2817 2392 morem
2865 2353 3145 2406 parentum
3188 2343 3482 2415 iutelligitis
3537 2347 3614 2400 n.l

2027 2422 2214 2477 licere.
2240 2423 2550 2494 Repetimus
2576 2427 2737 2497 igitur
2753 2430 3067 2499 religionum
3107 2443 3324 2501 stutum,
3357 2442 3445 2506 qui
3473 2441 3611 2507 reip.

2025 2512 2113 2565 diu
2149 2515 2369 2580 profuit.
2421 2513 2581 2571 Certe
2619 2530 2970 2574 numerentur
3017 2523 3284 2590 principes
3333 2527 3616 2596 utriusijue

2025 2615 2187 2658 secta:
2239 2608 2568 2661 sententiae:
2601 2614 2875 2677 prosimus
2917 2627 3103 2666 eorum
3146 2620 3495 2671 caeremonias
3522 2635 3614 2687 pa-

2028 2705 2166 2750 trum
2209 2699 2404 2765 coluit,
2441 2702 2710 2756 recentior
2755 2719 2887 2766 non-
2913 2709 3166 2761 remoVit.
3205 2708 3261 2763 Si
3305 2712 3613 2779 exemplum

2027 2804 2131 2842 non
2163 2787 2293 2844 facit
2338 2792 2528 2861 religio
2559 2804 2822 2859 veterum,
2853 2797 3011 2850 faciat
3050 2799 3407 2854 dissimulatio
3438 2805 3612 2870 proxi-

2025 2896 2259 2935 morum.
2301 2883 2430 2949 Quis
2492 2883 2564 2938 ita
2615 2885 2898 2943 familiaris
2937 2901 3020 2944 est
3068 2891 3310 2946 barbaris
3355 2903 3413 2947 ut
3462 2910 3612 2950 aram

2031 2973 2280 3027 Victorize
2324 2990 2429 3028 non
2462 2978 2718 3046 requirat.
2753 2981 2907 3035 Cauti
2945 2981 3294 3050 imposterum
3323 3000 3529 3050 sumus,
3557 2997 3612 3042 et

323 3074 581 3140 rescrij
612 3089 731 3127 cum
773 3076 885 3129 sola
929 3092 1032 3129 χιχ
1055 3086 1109 3131 ει
1135 3092 1229 3130 γιιι
1259 3079 1525 3144 modium,
1566 3093 1686 3148 qua;
1716 3079 1920 3132 horreis
1949 3061 1995 3122 θ
2028 3066 2258 3120 tristium
2284 3083 2460 3122 rerum
2483 3079 2694 3124 Ostenta
2721 3072 2950 3128 vitamus
2974 3091 2986 3126 Ξ
3015 3075 3270 3130 reddatur
3293 3087 3496 3131 tantum
3518 3093 3613 3132 no-

322 3177 556 3221 :eternze
589 3167 745 3222 Urbis
767 3181 1137 3237 accesserant,
1172 3171 1577 3240 provincialium
1610 3185 1922 3240 recuperas-

323 3268 405 3313 set
439 3258 724 3327 alimonia,
756 3263 916 3315 etiam
942 3280 1009 3316 vu
1040 3273 1093 3317 et
1133 3279 1226 3320 I'CC
1261 3265 1405 3319 mod.
1438 3266 1712 3320 Puteolani
1751 3269 1923 3321 muni-

322 3353 485 3418 cipes
530 3349 1010 3407 Terracinensibus
1051 3355 1372 3410 abnuerunt.
1420 3356 1552 3411 Cum
1613 3359 1771 3427 igitur
1811 3360 1924 3414 lure

321 3455 495 3494 causa
545 3445 600 3494 in
641 3441 902 3511 judicium
957 3447 1282 3513 provinciale
1329 3449 1594 3514 venisset;
1627 3449 1693 3504 V.
1725 3450 1786 3504 C.
1815 3465 1922 3504 non

320 3533 671 3588 considerata
699 3550 924 3599 summa,
957 3553 1076 3607 (ιιιιε
1105 3541 1366 3607 rescripto
1410 3540 1517 3594 divi
1553 3541 1806 3610 principis
1839 3553 1921 3595 te-

322 3624 567 3678 nebatur
587 3665 603 3690 ,
647 3624 978 3694 judicatione
1004 3629 1238 3698 generali
1265 3629 1444 3684 omnia
1467 3628 1774 3684 Puteolanis
1805 3631 1925 3686 red-

322 3718 509 3772 nenda
553 3719 812 3776 decrevit.
847 3722 1042 3777 Verum
1076 3733 1195 3792 post
1240 3726 1656 3794 appellationem
1687 3727 1923 3795 cognitio

321 3811 589 3864 auditorii
614 3814 751 3866 sacri
784 3828 904 3868 cum
935 3815 1084 3869 illum
1117 3816 1370 3870 frumenti
1399 3817 1637 3881 modum,
1663 3816 1925 3886 quiCam-

324 3899 486 3967 panis
541 3900 715 3955 fuerat
763 3907 1074 3970 restitutus,
1113 3921 1140 3957 a
1176 3921 1248 3960 vn
1279 3916 1334 3960 et
1375 3923 1474 3962 ncc
1519 3907 1662 3961 mod.
1693 3923 1828 3977 quos
1855 3909 1924 3962 ob

325 3991 691 4046 necessitates
718 3991 872 4047 Urbis
898 4003 1113 4049 aeterna:
1139 3997 1326 4052 civitas
1347 3997 1748 4054 Terracineusis
1779 4014 1929 4055 acce-

328 4084 427 4148 pit,
461 4083 743 4138 decretum
771 4101 891 4140 esse
919 4089 1280 4156 perspiceret;
1315 4100 1564 4146 manente
1591 4091 1817 4148 decreto
1845 4092 1927 4146 di-

329 4173 469 4227 valis
513 4175 740 4240 oraculi,
775 4191 835 4230 ea
865 4178 1120 4240 subsidia,
1152 4195 1273 4249 quae
1297 4182 1708 4238 'ferracinenses
1725 4183 1926 4252 judicio

329 4262 464 4332 Lupi
499 4273 557 4318 et
578 4265 878 4321 Mamertini
911 4269 1148 4338 praefecti
1179 4273 1590 4330 conlirmatione
1619 4277 1922 4346 capiebant,

329 4368 430 4407 nec
447 4355 708 4409 roborare
731 4359 918 4424 potuit,
941 4374 1061 4414 cum
1090 4365 1330 4428 responsi
1354 4366 1491 4419 sacri
1521 4365 1661 4420 nulla
1688 4377 1926 4422 exstaret

2028 3159 2155 3213 mini
2190 3159 2380 3224 honor,
2403 3163 2492 3230 qui
2515 3163 2720 3216 numini
2747 3163 3154 3232 denegatusesu
3181 3168 3339 3222 Mul=a
3364 3170 3614 3226 Victorius

2023 3251 2184 3305 debet
2211 3252 2486 3308 aeternitas
2502 3263 2699 3321 vestra,
2727 3265 2780 3309 et
2801 3255 2975 3310 adhuc
3001 3258 3149 3323 plura
3177 3258 3412 3314 debebit.
3447 3261 3616 3317 Aver-

2024 3352 2211 3396 sentur
2241 3343 2380 3397 banc
2428 3354 2788 3413 potestatem,
2837 3347 3032 3416 quibus
3081 3350 3210 3404 nihil
3253 3352 3472 3420 profuit.
3507 3355 3617 3411 \los

2025 3435 2255 3489 amicum
2288 3436 2576 3506 triumphis
2598 3439 2950 3506 patrocinium
2981 3441 3147 3497 nolite
3176 3443 3447 3500 deserere.
3473 3447 3614 3501 Cun-

2025 3525 2126 3578 ctis
2158 3527 2392 3593 potentia
2423 3529 2523 3582 ista
2556 3531 2732 3582 votiva
2773 3538 2874 3584 est.
2923 3531 3094 3587 Nemo
3122 3534 3402 3590 colendam
3431 3548 3614 3607 neget,

2025 3633 2184 3687 quam
2217 3621 2497 3688 proftctur
2517 3625 2826 3693 optandam.
2853 3625 3004 3694 Quod
3027 3628 3070 3680 si
3097 3629 3252 3696 hujus
3282 3631 3476 3684 ominis
3507 3647 3611 3685 non

2024 3720 2169 3766 CSael
2205 3713 2346 3780 justa
2381 3714 2587 3781 vitatio,
2621 3716 2814 3771 saltem
2845 3723 3178 3773 ornamentis
3225 3723 3386 3774 curize
3434 3722 3616 3777 decuit

2024 3805 2305 3860 abstineri.
2341 3805 2618 3870 Prsestate,
2647 3824 2745 3861 oro
2774 3823 2889 3872 vos,
2922 3823 2978 3863 ut
3009 3827 3068 3864 ea
3098 3828 3216 3880 qure
3249 3827 3280 3879 p
3318 3813 3397 3866 eri
3428 3827 3613 3868 susce-

2026 3897 2202 3963 pimus
2228 3938 2242 3962 ,
2285 3911 2445 3952 senes
2492 3901 2720 3966 posteris
2760 3901 3146 3964 relinquamus.
3196 3901 3614 3957 Conspetudinis

2025 4003 2178 4040 amor
2207 4004 2431 4058 magnus
2468 4000 2572 4044 est.
2606 3990 2796 4044 Merito
2821 3991 2926 4044 divi
2960 3992 3264 4046 Constantis
3303 3993 3497 4048 laetum
3521 3994 3612 4048 diu

2026 4095 2132 4132 non
2163 4080 2330 4134 szeiit.
2364 4081 2554 4134 Omnia
2586 4082 2737 4135 vobis
2765 4085 3008 4151 exempla
3063 4086 3275 4139 vitanda
3308 4098 3426 4138 sunt
3447 4127 3462 4150 ,
3495 4102 3614 4154 qua:

2027 4186 2152 4225 mox
2193 4184 2398 4226 remota
2433 4175 2717 4229 didicistis.
2749 4175 3126 4231 Aiternhatem
3166 4193 3416 4232 curamus
3457 4179 3614 4232 fune

2025 4271 2080 4315 et
2101 4262 2334 4316 numinis
2384 4267 2583 4329 vestri,
2617 4282 2683 4320 ne
2712 4269 2838 4334 quid
2871 4268 3044 4320 futura
3073 4277 3200 4321 artas
3233 4271 3468 4322 inveniat
3495 4285 3614 4323 cor-

2029 4356 2327 4423 rigendum.
2360 4356 2457 4411 Ubi
2493 4357 2542 4409 in
2576 4356 2721 4422 leges
2750 4367 2955 4412 vestras
2993 4370 3046 4413 et
3086 4359 3243 4412 verba
3268 4360 3612 4429 jurabimus?

330 4443 661 4508 auctoritas;
696 4461 795 4500 nec
832 4450 1048 4505 demere
1073 4453 1298 4519 civitati,
1330 4471 1396 4508 ne
1427 4457 1654 4524 populus
1683 4458 1924 4512 unum]-
1951 4431 2004 4492 D
2028 4464 2129 4514 qua
2160 4448 2417 4516 religione
2444 4464 2595 4502 mens
2617 4451 2746 4503 falsa
2778 4453 3081 4511 terrebitur,
3119 4469 3184 4506 ne
3209 4453 3259 4506 in
3292 4457 3612 4511 testimoniis

336 4533 438 4587 bus
476 4544 697 4618 aeteran
727 4537 884 4594 Urbis
905 4540 1192 4608 obnoxius,
1217 4543 1376 4611 justis
1405 4546 1700 4600 commodis
1723 4548 1922 4618 indige-

330 4634 435 4678 ret.
470 4624 636 4694 Ergo,
663 4617 790 4682 utin
821 4630 985 4684 rebus
1007 4631 1182 4688 dubiis
1211 4635 1320 4688 lieri
1349 4636 1510 4698 solet,
1537 4637 1602 4690 ad
1623 4617 1923 4693 clementia:

329 4725 532 4769 vestras
561 4718 778 4774 salubre
804 4721 1066 4790 judicium
1106 4727 1489 4792 convolamus;
1529 4729 1652 4784 licet
1681 4731 1922 4785 defensio

329 4805 632 4861 Puteolana
661 4822 781 4880 post
807 4816 1124 4881 promissam
1164 4820 1478 4874 relationem
1512 4821 1776 4876 incassum
1804 4837 1923 4878 cre-

331 4897 533 4950 diderit
562 4904 980 4966 provocandum.
1011 4906 1308 4964 Prsestoest
1329 4921 1598 4979 gestorum
1630 4914 1919 4982 lldes,qu:e

332 4991 721 5053 perennitatem
761 5004 993 5050 vestram
1039 5002 1208 5064 possit
1247 5003 1476 5057 umnire.
1519 5005 1712 5070 Quieso
1757 5017 1918 5074 atque

331 5076 560 5132 obsecro
599 5093 653 5133 ut
684 5089 897 5152 negotio
940 5090 1106 5142 multa
1134 5101 1292 5146 artate
1325 5095 1531 5148 nutanti
1559 5096 1772 5150 tandem
1803 5105 1916 5150 sta-

332 5169 440 5221 bile
470 5175 763 5229 remedium
793 5177 1086 5233 deferatur.

2028 4540 2344 4593 mentiatur?
2371 4542 2556 4594 Omnia
2585 4542 2799 4610 quidem
2833 4543 2940 4597 Deo
2973 4539 3123 4612 plena
3157 4557 3303 4613 sunt,
3347 4561 3446 4600 nec
3473 4547 3613 4601 ullus

2028 4629 2246 4698 perfidis
2273 4640 2416 4685 tutus
2433 4643 2512 4685 est
2539 4633 2704 4686 locus.
2729 4633 2831 4687 Sed
2860 4634 3142 4702 plurimum
3165 4635 3302 4690 valet
3321 4637 3386 4689 ad
3411 4651 3611 4692 metum

2025 4722 2366 4791 delinquendi
2405 4725 2565 4777 etiam
2613 4727 2899 4792 jrzesentia
2953 4727 3227 4794 religionis
3276 4729 3472 4796 urgeri.
3519 4729 3610 4782 illa

2022 4829 2113 4866 ara
2147 4809 2492 4870 concordiam
2523 4826 2668 4872 tenet
2688 4819 2954 4883 omnium,
2988 4820 3076 4873 illa
3107 4836 3196 4873 ara
3223 4820 3382 4874 fidem
3412 4835 3610 4873 conve-

2025 4906 2101 4958 nit
2134 4907 2487 4975 singnlorum,
2522 4925 2692 4977 neque
2716 4910 2855 4961 aliud
2891 4912 3056 4978 magis
3090 4911 3460 4965 auctOritalem
3489 4909 3612 4963 facit

2024 5002 2305 5054 sententiis
2355 5001 2582 5063 nostris,
2644 5019 2802 5070 qttntn
2835 5004 2974 5067 quod
3021 5004 3196 5055 omnia
3225 5005 3373 5072 quasi
3402 5002 3612 5070 jurutus

2023 5093 2158 5145 ordo
2195 5093 2457 5145 decernit.
2500 5093 2705 5146 l’atcbit
2746 5110 2872 5162 ergo
2904 5109 2942 5146 si
2964 5095 3059 5146 des
3091 5095 3308 5161 profana
3341 5093 3609 5163 pcrjuriis,

2024 5197 2079 5239 et
2123 5184 2223 5237 hoc
2270 5185 2450 5252 inclyti
2496 5186 2761 5252 principes
2808 5185 3080 5254 probabile
3129 5185 3474 5253 judicabunt,
3518 5182 3610 5252 qui

403 5534 430 5558 δ
467 5523 598 5601 Vide
623 5524 753 5601 duas
798 5527 1052 5601 epistolas
1079 5542 1208 5601 quas
1237 5532 1593 5601 contra_ha_nc
1645 5528 1954 5599 Symmachi
1980 5532 2198 5600 scripsit
2247 5533 2304 5588 S.
2331 5535 2558 5592 antistes
2607 5536 3021 5593 Mediolanensis
3063 5534 3375 5592 Ambrosius
3402 5576 3416 5601 ,
3450 5539 3596 5586 ῑοιιιο

336 5602 536 5659 gostra:
564 5594 877 5652 l’atrolonize
906 5598 1068 5656 XVII.
1094 5594 1200 5652 eoi.
1224 5599 1488 5654 θυι-972.
1507 5599 1658 5653 Ευιτ.
