4048 6184
436 246 530 301 SOI

1651 231 1718 298 Q.
1759 223 2107 283 AllRELlUS
2147 223 2586 283 SYMMACIIUS.

3614 219 3720 280 393

438 365 772 414 sacramento
795 353 1008 424 publico
1038 323 1132 406 tuti
1164 348 1324 404 sunt?
1358 345 1463 401 Sed
1491 344 1648 399 divus
1680 339 2030 398 Constantius
2057 343 2108 400 Α
2137 346 2316 394 vetera
2363 337 2618 405 decerpta
2659 347 2804 393 sunt.
2865 337 3074 394 Etenim
3119 336 3221 393 sub
3262 335 3677 407 imperatoribus
3704 379 3723 407 ,

439 451 579 504 idem
632 446 824 502 fecisse
871 443 1087 498 dicitur.
1128 441 1331 494 Cmtera
1366 437 1545 507 potius
1599 435 1742 490 illius
1773 431 2030 504 principis

441 541 787 601 :emulemur;
836 536 924 606 qui
966 533 1095 588 nihil
1137 532 1241 585 tale
1278 539 1422 584 esset
1461 541 1787 597 aggressus,
1828 525 1872 579 si
1914 523 2032 592 quis

478 648 567 687 nte
593 647 651 687 se
683 632 820 684 alius
850 628 1137 683 deviasset.
1170 623 1403 692 Corrigit
1433 623 1576 675 enim
1606 629 1922 687 sequentem
1953 617 2032 668 la-

449 739 571 790 psus
597 721 810 789 prioris,
840 727 894 772 et
919 717 986 771 de
1009 715 1436 785 reprehensione
1465 708 1804 765 antecedenti
1827 721 2037 762 sexem-

451 816 520 881 pli
569 813 804 866 nascitur
831 809 1153 865 emendatio.
1186 807 1318 861 Fors
1352 805 1448 859 fuit
1481 814 1536 858 ut
1568 817 1758 872 parens
1789 801 1877 855 ille
1924 805 2038 855 c'e-

452 906 664 959 mcuthe
679 911 873 958 vestra:
892 903 943 954 in
963 915 1022 960 re
1043 899 1217 953 adhuc
1240 910 1374 950 nova
1398 912 1502 948 non
1520 902 1736 949 caveret
1756 891 2035 945 invidiam.

453 995 586 1048 Num
620 1004 793 1064 potest
813 994 980 1047 etiam
1011 989 1166 1043 nobis
1196 988 1384 1042 eadem
1435 985 1678 1040 defensio
1722 983 2034 1047 convenire,

453 1087 498 1140 si
529 1087 796 1140 imitemur
817 1083 956 1153 quod
983 1083 1194 1135 animus
1225 1077 1522 1146 improbat?
1555 1075 1792 1143 ACCipi.tt
1821 1072 2032 1127 aeterni-

459 1189 540 1230 tas
565 1183 740 1230 vestra
770 1174 870 1226 alia
903 1171 1141 1240 ejusdem
1175 1168 1431 1238 principis
1460 1167 1614 1228 facta,
1648 1178 1767 1234 qua:
1798 1164 1813 1217 i
1840 1193 1848 1213 ι
1883 1178 2038 1216 usum

459 1268 672 1337 dignius
717 1266 910 1320 trahat.
943 1263 1022 1316 Nil
1050 1262 1139 1315 ille
1181 1260 1450 1324 decerpsit
1477 1272 1746 1310 sacrarum
1778 1255 2040 1325 virginum

461 1356 783 1426 privilegiis,
831 1353 1069 1407 decrevit
1110 1350 1376 1403 nobilibus
1411 1346 1742 1408 sacerdotia,
1787 1344 2043 1397 Romanis

460 1447 796 1504 cxreuwuiis
819 1460 922 1498 non
956 1443 1166 1511 negavit
1197 1443 1463 1509 impensas
1487 1455 1500 1491 :
1524 1447 1576 1490 et
1606 1453 1697 1504 per
1723 1452 1909 1490 omnes
1931 1436 2044 1489 vias

463 1551 681 1596 nitentat
707 1538 861 1594 Urbis
881 1538 1056 1589 laetum
1105 1545 1319 1586 secutus
1350 1540 1627 1594 senatum,
1670 1529 1802 1583 vidit
1834 1527 2044 1598 placido

462 1647 559 1686 ore
603 1631 859 1695 delubra,
903 1628 1027 1695 legit
1057 1625 1307 1693 inscripta
1345 1623 1569 1691 faStigiis
1598 1621 1756 1676 deum
1794 1620 2040 1682 nomina,

2135 431 2222 498 qui
2250 431 2426 485 alieno
2453 429 2747 496 abstinent,
2785 429 2877 499 qui
2900 429 3161 484 resistunt
3207 427 3503 498 cupiditati,
3531 430 3597 484 ad
3627 444 3722 484 so-

2133 523 2238 578 lam
2267 521 2568 577 detrahitur
2594 521 2891 578 amittentis
2921 521 3194 590 injuriam,
3220 520 3363 592 quod
3395 521 3722 577 desiderium

2136 628 2240 669 nou
2270 623 2450 668 movet
2490 613 2807 669 auferetttis.
2835 614 3010 683 Agros
3036 613 3198 668 etiam
3223 612 3518 682 virginibus
3544 622 3598 668 et
3625 615 3722 668 nti-

2137 708 2325 762 nistris
2350 706 2713 763 deficientium
2741 709 3016 761 voluntate
3054 707 3256 776 legatos
3291 705 3450 761 fiscus
3471 714 3721 764 retentat.

2135 798 2245 853 Oro
2282 814 2378 853 vos
2417 799 2636 868 jUSlilitB
2677 798 2982 854 sacerdotes
3007 837 3023 862 ,
3054 807 3107 850 ut
3153 796 3280 852 Urbi
3331 807 3523 852 vestras
3550 799 3724 852 sacris

2140 891 2396 945 reddatur
2417 891 2620 960 privata
2645 890 2936 944 successio.
2959 888 3168 943 Dictent
3193 896 3504 942 testamenta
3526 888 3722 951 securi,

2140 993 2194 1038 et
2232 985 2408 1038 sciant
2452 983 2554 1036 sub
2585 982 2918 1050 principibus
2963 996 3068 1036 non
3120 981 3295 1034 avaris
3334 979 3527 1034 Stabile
3567 994 3724 1042 esse.

2141 1074 2282 1145 quod
2327 1073 2667 1143 scripserint.
2717 1074 2956 1128 Delectet
2985 1087 3080 1126 vos
3111 1074 3208 1124 ista
3255 1069 3478 1126 felicitas
3511 1073 3726 1140 generis

2144 1167 2382 1220 humani.
2439 1165 2615 1232 (Σαξρῆ
2659 1179 2834 1219 causae
2881 1164 3040 1231 hujus
3083 1163 3393 1230 exemplum
3439 1162 3728 1215 sollicitare

2145 1259 2459 1312 morientes.
2513 1257 2651 1326 Ergo
2702 1255 2955 1309 Rontanze
3005 1254 3295 1322 religiones
3342 1252 3444 1306 sub
3491 1253 3726 1304 ltomana

2141 1349 2260 1419 jura
2293 1363 2396 1402 non
2425 1348 2724 1417 pertinent?
2755 1346 2906 1412 Quod
2940 1360 3133 1399 nomen
3163 1342 3388 1413 accipiet
3428 1343 3625 1398 ablatio
3655 1342 3730 1396 fa-

2146 1441 2402 1494 cultatum
2431 1483 2444 1506 ,
2476 1457 2608 1510 quas
2634 1440 2773 1493 nulla
2807 1439 2914 1503 lex,
2939 1438 3117 1491 nullus
3137 1451 3293 1491 casus
3317 1435 3439 1490 fecit
3466 1435 3730 1490 caducas?

2147 1532 2375 1600 Capiunt
2418 1531 2585 1600 legata
2635 1531 2833 1595 liberti,
2882 1531 3052 1584 servis
3099 1538 3539 1584 testamentorum
3589 1529 3729 1593 justa

2149 1622 2430 1678 commoda
2457 1636 2560 1674 non
2604 1634 2886 1690 negantur.
2918 1620 3146 1674 Tantum
3191 1618 3395 1673 nobiles
3427 1618 3654 1686 virgines
3681 1627 3734 1673 et

466 1733 808 1792 percolllalus
863 1731 946 1774 εει
994 1717 1313 1786 ιειιιινιθνυηι
1373 1715 1643 1784 ολίεῖηθεν
1694 1712 1915 1766 miratus
1962 1722 2045 1766 est
2073 1704 2119 1764 ll
2149 1716 2386 1769 fatalium
2415 1711 3542 1780 sacrorumtuiuistriexcludunturprtediis
3565 1709 3735 1763 hmre—

462 1816 790 1872 conditores.
824 1815 1063 1880 Cumque
1093 1811 1224 1864 alias
1257 1808 1540 1877 religiones
1565 1808 1677 1877 ipse
1707 1814 2043 1874 sequeretur,

467 1909 561 1962 has
590 1907 823 1961 servavit
864 1904 1109 1970 imperio.
1155 1904 1296 1955 Snus
1325 1903 1467 1954 enim
1515 1900 1706 1967 cuique
1740 1914 1806 1952 m-
1831 1915 1874 1960 s,
1919 1913 2048 1952 suus

464 2005 658 2069 cuique
707 2001 840 2051 ritus
887 2005 988 2049 est.
1049 1995 1236 2046 Varius
1286 1991 1535 2045 custodes
1583 1990 1805 2044 urbibus
1845 1988 2050 2042 cunctis

470 2104 622 2144 mens
670 2089 846 2141 divina
878 2084 1170 2139 distribuit.
1206 2082 1273 2136 Ut
1312 2082 1504 2135 animae
1554 2079 1931 2144 nascentibus,
1979 2079 2049 2132 ita

469 2179 681 2249 pepulis
720 2177 925 2231 natales
969 2174 1113 2244 genii
1163 2171 1500 2225 dividuntur.
1541 2170 1761 2224 Accedit
1813 2170 2048 2235 utilitas,

467 2285 585 2339 quae
625 2281 856 2321 maxime
905 2265 1102 2316 homini
1139 2261 1270 2316 deos
1320 2260 1535 2315 asserit.
1579 2259 1710 2313 Nam
1739 2275 1860 2314 cum
1916 2259 2052 2313 ratio

468 2358 646 2416 omnis
672 2357 726 2412 in
753 2365 943 2425 operto
962 2355 1060 2418 sit;
1085 2352 1223 2407 unde
1253 2353 1480 2415 rectius,
1510 2366 1667 2421 quam
1701 2351 1767 2404 de
1795 2350 2052 2405 memoria

472 2457 633 2520 atque
661 2447 997 2503 documentis
1026 2461 1204 2500 rerum
1232 2445 1612 2508 secundarum,
1647 2443 1879 2512 cognitio
1909 2442 2055 2495 venit

472 2539 784 2596 numinum?
809 2539 925 2594 lam
955 2539 998 2593 si
1041 2539 1197 2607 longa
1229 2545 1360 2591 aetas
1405 2535 1779 2590 auctoritatem
1811 2533 2055 2604 religioni

473 2632 640 2699 facit,
681 2631 942 2686 servanda
991 2640 1074 2686 est
1115 2638 1193 2684 tot
1243 2628 1455 2684 saeculis
1486 2628 1658 2692 fides,
1707 2637 1762 2682 et
1800 2626 2056 2696 sequendi

472 2732 602 2779 sunt
634 2722 789 2778 nobis
827 2731 1076 2791 parentes
1096 2762 1114 2787 ,
1165 2720 1254 2790 qui
1306 2721 1476 2774 secuti
1507 2729 1630 2773 sunt
1655 2718 1879 2773 feliciter
1907 2731 2056 2772 suos.

474 2816 700 2871 Romam
728 2830 869 2870 nunc
893 2824 1138 2883 putemus
1157 2813 1435 2878 aSsistere,
1468 2821 1627 2880 atque
1660 2811 1744 2863 his
1780 2811 2056 2865 vobiscum

475 2924 638 2980 agere
677 2907 1036 2963 sermonibus.
1083 2905 1282 2974 Optimi
1309 2905 1612 2975 principes,
1639 2913 1817 2974 patres
1850 2907 2056 2973 patriae,

477 2998 800 3055 reveremini
844 3013 1014 3052 annos
1046 3011 1216 3063 meos,
1265 2997 1317 3050 in
1347 3012 1483 3066 quos
1514 3012 1599 3050 me
1634 2999 1753 3067 pius
1795 2996 1930 3050 ritus
1957 2995 2056 3049 ad-

2151 1805 2317 1860 ditate
2345 1805 2602 1874 qua’sitis.
2634 1803 2768 1869 Quid
2791 1803 2939 1871 juvat
2964 1803 3119 1857 saluti
3144 1802 3367 1871 publica:
3392 1810 3594 1854 castum
3617 1814 3735 1852 cor-

2154 1915 2254 1969 pus
2285 1899 2489 1964 dieare,
2521 1907 2575 1953 et
2603 1898 2808 1967 imperii
2837 1897 3185 1951 aeternitatem
3212 1893 3523 1950 etelestibus
3552 1893 3735 1948 fulcire

2155 1990 2445 2060 prmsidiis;
2477 1989 2643 2044 armis
2672 1989 2865 2043 vestris
2885 1997 3046 2055 atque
3072 1987 3172 2040 alis
3203 1986 3398 2040 vestris
3427 1987 3623 2039 amicas
3645 2001 3736 2052 ap-

2154 2083 2350 2152 plicare
2377 2082 2619 2144 virtutes,
2648 2095 2745 2149 pro
2766 2079 3013 2133 omnibus
3034 2078 3274 2133 efficacia
3297 2085 3415 2131 vota
3439 2077 3735 2147 suscipere.

2154 2176 2434 2241 etjuscum
2453 2172 2703 2227 omnibus
2718 2187 2819 2228 non
2839 2172 3072 2228 habere?
3089 2173 3268 2241 Itaque
3286 2171 3563 2226 meliorest
3579 2171 3736 2225 servi-

2157 2274 2261 2331 tus,
2287 2279 2407 2335 qua:
2432 2264 2736 2318 hominibus
2764 2263 3108 2332 impenditur.
3143 2263 3332 2331 Remp.
3359 2262 3620 2327 ludimus,
3650 2260 3738 2315 cui

2159 2371 2427 2426 nunquam
2450 2355 2687 2422 expedit,
2703 2365 2757 2408 ut
2777 2356 2976 2422 ingrata
2996 2354 3267 2409 sit.Nento
3299 2368 3384 2406 me
3402 2362 3549 2422 putet
3571 2353 3738 2406 solam

2157 2462 2374 2502 causam
2413 2446 2728 2517 religionum
2773 2447 2927 2501 tueri.
2961 2446 3037 2500 Ex
3082 2445 3386 2514 hujusmodi
3421 2444 3741 2499 facinoribus

2159 2549 2275 2595 orta
2293 2547 2419 2594 sunt
2437 2549 2626 2594 cuncta
2651 2538 2869 2592 humani
2887 2539 3098 2606 generis
3121 2535 3478 2592 incommoda.
3502 2535 3742 2589 Honora-

2159 2639 2308 2686 vcrat
2326 2630 2408 2684 lex
2429 2639 2706 2699 parentum
2728 2629 2958 2684 vestales
2976 2628 3230 2698 virgines.
3246 2642 3308 2681 ac
3325 2627 3598 2682 ministros
3614 2626 3735 2681 deo-

2162 2737 2280 2776 rum
2298 2721 2439 2775 victu
2453 2720 2684 2785 modico,
2704 2720 2970 2788 justisque
2990 2717 3305 2788 privilegiis.
3327 2707 3486 2772 Stetit
3508 2718 3743 2770 muneris

2164 2813 2320 2882 hujus
2367 2812 2646 2881 integritas
2676 2825 2844 2881 usque
2884 2811 2950 2864 ad
2982 2810 3278 2880 degeneres
3316 2806 3621 2877 trapezitas,
3654 2807 3742 2876 qui

2163 2904 2229 2958 ad
2263 2903 2563 2958 mercedem
2604 2901 2784 2956 vilium
2831 2900 3128 2970 bajulorum
3168 2903 3335 2955 sacrae
3368 2899 3626 2954 castitatis
3651 2897 3744 2951 ali-

2165 3008 2340 3051 menta
2371 3003 2663 3051 verterunt.
2697 2993 2892 3050 Secuta
2915 3003 2996 3049 est
3042 2995 3211 3049 fames
3250 2993 3480 3062 publica,
3511 3000 3566 3048 et
3594 3005 3745 3062 spem

477 3092 652 3157 duxit,
679 3099 740 3146 ut
766 3091 1248 3146 utar-caeremoniis
1272 3091 1428 3144 avitis
1459 3106 1473 3142 :
1517 3104 1689 3159 neque
1716 3090 1858 3144 enim
1891 3092 2060 3158 poeni-
2087 3070 2134 3134 (ἶ
2166 3088 2556 3160 provinciarum
2578 3089 2816 3144 omnium
2848 3087 3037 3142 messis
3061 3102 3200 3157 aegra
3223 3087 3451 3157 decepit.
3479 3086 3595 3142 Non
3622 3096 3747 3142 sunt

479 3190 579 3238 tet.
603 3181 788 3235 Vivam
809 3195 959 3234 more
989 3195 1134 3243 meo,
1165 3180 1285 3246 quia
1311 3178 1478 3234 libera
1507 3193 1646 3232 sum.
1678 3179 1775 3233 Hic
1802 3178 1978 3232 cultus
2003 3180 2057 3234 in

481 3273 627 3341 leges
671 3287 817 3324 meas
847 3269 1031 3325 orbem
1079 3269 1314 3339 redegit;
1361 3269 1475 3324 haec
1504 3284 1655 3323 sacra
1686 3270 2002 3325 Anniba’em
2027 3284 2059 3324 a

487 3361 790 3428 mteuibus,
832 3375 861 3414 a
907 3359 1173 3429 Capitolio
1197 3361 1440 3414 Senonas
1484 3359 1815 3429 repulerunt.
1847 3361 1928 3415 Ad
1957 3361 2062 3416 hoc

487 3469 621 3523 ergo
650 3463 860 3508 servata
888 3465 1006 3506 sum
1039 3461 1096 3506 ut
1137 3452 1374 3521 longaeva
1426 3450 1832 3522 reprehendar?
1865 3451 2062 3508 Videre

483 3544 642 3616 quale
679 3543 750 3597 sit
775 3542 918 3612 quod
948 3542 1330 3598 instituendum
1366 3552 1600 3613 putatur.
1630 3544 1759 3600 Sera
1803 3553 1978 3599 tamen
2008 3553 2064 3600 et

482 3634 867 3691 contumeliosa
917 3642 1002 3688 est
1050 3634 1352 3689 emendatio
1403 3635 1713 3690 senectutis.
1774 3633 1914 3704 Ergo
1960 3635 2063 3689 diis

484 3727 703 3797 patriis,
752 3725 858 3780 diis
905 3723 1230 3795 indigettbus
1271 3740 1457 3794 pacem
1505 3741 1778 3796 rogamus.
1827 3727 2064 3797 Equum

484 3827 596 3882 est,
622 3815 878 3888 quidquid
927 3831 1116 3870 omnes
1155 3817 1370 3883 colunt,
1417 3832 1583 3872 unum
1631 3819 1828 3888 putari.
1863 3816 2062 3874 Eadem

485 3921 788 3978 spectamus
837 3917 1014 3976 astra,
1058 3923 1342 3962 commune
1391 3909 1588 3963 coelum
1631 3919 1746 3974 est,
1787 3910 1928 3964 idem
1967 3925 2066 3965 nos

487 3999 718 4053 mundus
749 3999 989 4053 involvit.
1023 3999 1158 4065 Quid
1191 3999 1433 4065 interest,
1463 4015 1564 4069 qua
1583 4000 1810 4070 quisque
1837 3999 2067 4069 pruden-

488 4091 557 4144 tia
586 4105 770 4144 verum
800 4089 1071 4160 inqttirat?
1099 4089 1216 4145 Uno
1244 4089 1434 4144 itinere
1463 4105 1567 4144 non
1596 4100 1769 4160 potest
1801 4091 2067 4161 perveniri

487 4180 552 4235 ad
576 4191 683 4235 tam
727 4181 928 4250 grande
953 4191 1239 4235 secretum.
1284 4179 1390 4236 Sed
1421 4181 1537 4236 haec
1563 4184 1858 4237 otiosorum
1884 4183 2066 4252 dispu-

490 4271 620 4326 tatio
665 4280 769 4327 est.
821 4271 973 4326 Nunc
1019 4286 1234 4342 preces,
1286 4288 1391 4326 non
1442 4275 1737 4329 certamina
1769 4273 2063 4330 offerimus.

488 4362 698 4430 Quanto
724 4365 1010 4419 commodo
1037 4364 1174 4418 sacri
1202 4364 1377 4419 aerarii
1403 4365 1570 4420 vestri
1598 4366 1876 4421 vestalium
1903 4367 2066 4437 virgi-

2163 3182 2277 3237 hzec
2301 3182 2427 3237 vitia
2459 3191 2746 3237 terrarum.
2774 3180 2912 3236 Nihil
2957 3190 3262 3251 mputamus
3282 3182 3479 3236 austris
3502 3197 3517 3235 :
3537 3195 3635 3236 nec
3653 3197 3747 3234 ru-

2162 3271 2286 3341 bigo
2310 3271 2583 3342 segetibus
2609 3271 2796 3334 obfuit,
2831 3285 2930 3325 nec
2960 3284 3125 3325 avena
3179 3269 3357 3340 fruges
3388 3270 3617 3324 necavit.
3652 3270 3748 3323 Sa-

2161 3363 2384 3432 crilegio
2413 3376 2587 3416 annus
2613 3361 2842 3416 exaruit.
2873 3359 3104 3416 Necesse
3125 3360 3268 3414 enim
3298 3359 3396 3414 fuit
3420 3359 3595 3430 perire
3627 3375 3747 3411 om-

2164 3455 2341 3519 nibus,
2371 3451 2514 3523 quod
2544 3450 2892 3522 religionibus
2919 3450 3228 3522 negabatur.
3242 3450 3399 3506 Certe
3417 3450 3465 3506 si
3486 3459 3568 3506 est
3589 3449 3749 3519 hujus

2165 3547 2292 3603 mali
2329 3546 2545 3615 aliquod
2573 3544 2903 3615 exemplum,
2944 3545 3272 3615 imputemus
3313 3553 3510 3600 tantam
3553 3545 3747 3598 famem

2163 3639 2371 3695 vicibus
2400 3651 2682 3692 annorum.
2709 3637 2899 3692 Gravis
2931 3639 3068 3692 hanc
3097 3637 3432 3693 sterilitatem
3463 3650 3589 3691 aura
3613 3651 3748 3691 con-

2165 3729 2400 3785 etrinxit.
2428 3727 2786 3800 Sylvestribus
2813 3728 3045 3785 arbustis
3066 3729 3170 3783 vita
3196 3728 3526 3798 producitur,
3555 3737 3606 3783 et
3629 3743 3751 3782 rur-

2167 3839 2259 3878 sus
2288 3823 2354 3876 ad
2389 3822 2684 3877 Dodonaeas
2706 3821 2928 3876 arbores
2959 3820 3130 3891 plebis
3160 3822 3373 3876 rustica:
3416 3821 3594 3891 inopia
3621 3833 3751 3873 con-

2167 3916 2384 3970 volavit.
2417 3914 2554 3982 Quid
2587 3915 2692 3968 tale
2731 3913 2917 3983 proavi
2958 3912 3325 3980 pertulerunt,
3378 3927 3500 3967 cum
3536 3912 3753 3979 religio-

2168 4022 2292 4062 num
2322 4009 2596 4061 tniuistros
2641 4005 2811 4060 honor
2851 4003 3094 4073 publicus
3137 4003 3416 4073 pasceret?
3441 4003 3664 4070 Quando
3698 4003 3750 4056 in

2170 4115 2297 4154 usus
2327 4099 2599 4154 hominum
2630 4111 2889 4153 concussa
2918 4097 3188 4166 queri-us?
3208 4093 3422 4164 quando
3442 4094 3606 4148 vitlsze
3628 4102 3754 4146 sunt

2171 4191 2454 4246 herbarum
2505 4190 2747 4245 radices?
2768 4188 2980 4258 quando
3013 4189 3100 4242 alt-
3125 4201 3250 4242 rnus
3298 4186 3571 4255 regionum
3601 4183 3754 4239 defe-

2169 4291 2288 4337 ctus
2312 4283 2550 4337 deseruit
2579 4281 2878 4336 fecunditas
2906 4290 3112 4343 mutua,
3139 4293 3260 4332 cum
3297 4278 3493 4347 populo
3521 4285 3574 4331 et
3599 4277 3756 4344 virgi-

2175 4375 2332 4429 nibus
2371 4373 2541 4428 sacris
2566 4372 2863 4427 communis
2891 4381 3035 4426 esset
3064 4369 3313 4424 annona?
3335 4367 3760 4424 Commendabat

491 4470 616 4508 num
654 4455 1001 4526 praerogativa
1034 4459 1277 4511 detracta
1314 4457 1431 4511 est?
1471 4457 1583 4514 Sub
1621 4458 1934 4528 largissimis
1967 4462 2069 4514 im-
2095 4435 2149 4495 D
2175 4467 2318 4522 enim
2365 4474 2628 4521 terrarum
2663 4471 2953 4533 proventus
2991 4463 3163 4516 victus
3212 4461 3529 4525 antistitum,
3568 4469 3624 4515 et
3671 4473 3761 4512 re-

492 4546 829 4616 peratoribus
859 4548 1175 4618 denegatur,
1198 4548 1339 4619 quod
1367 4550 1664 4618 parcissimi
1689 4554 2070 4621 prtestiterunt.

494 4638 678 4692 Honor
705 4637 854 4692 solus
905 4639 1062 4693 estin
1091 4639 1181 4693 illo
1211 4641 1357 4694 velut
1396 4643 1663 4710 stipendio
1691 4645 1975 4702 castitatis.
2010 4644 2077 4701 Ut

495 4729 640 4784 vitta
663 4745 844 4785 earum
871 4731 1033 4800 capiti
1066 4731 1477 4800 dccusfaciunt,
1525 4738 1594 4789 ita
1625 4736 1831 4807 insigne
1862 4738 2077 4795 ducitur

2182 4559 2415 4615 medium
2462 4559 2630 4627 magis
2671 4571 2829 4628 quam
2869 4557 3086 4627 largitas
3115 4566 3249 4610 erat.
3289 4555 3372 4609 An
3405 4554 3623 4608 dubium
3653 4563 3758 4615 est,

2177 4667 2391 4724 semper
2415 4667 2510 4722 pro
2530 4651 2681 4719 copia
2711 4649 2946 4705 omnium
2978 4649 3180 4714 datum,
3209 4647 3351 4717 quod
3394 4661 3534 4701 nunc
3579 4646 3758 4714 inOpia

2177 4744 2414 4798 omnium
2439 4739 2758 4797 vindicavit?
2785 4740 2933 4794 Dicet
2955 4738 3166 4808 aliquis,
3193 4747 3464 4807 sumptum
3491 4735 3761 4806 publicam

494 4821 782 4879 sacerdOtii
811 4835 1035 4877 vacasse
1064 4823 1398 4880 muneribus.
1439 4824 1646 4881 Nudum
1677 4827 2086 4896 quodammodo
2179 4833 2498 4903 denegatum
2527 4832 2717 4887 alienae
2737 4831 3008 4901 religionis
3037 4829 3340 4899 impendiis.
3372 4828 3523 4883 Absit
3545 4842 3575 4882 a
3609 4827 3766 4882 bonis

494 4929 692 4969 nomen
723 4913 1071 4968 immunitatis
1103 4916 1398 4985 requirunt,
1423 4918 1675 4986 quoniam
1705 4929 2018 4988 paupertate
2044 4937 2072 4975 a

499 5005 778 5075 dispendio
809 5016 936 5060 tutas
955 5015 1100 5060 sunt.
1127 5007 1306 5077 Itaque
1328 5011 1559 5079 amplius
1590 5011 1733 5065 laudi
1769 5027 1952 5067 earum
1983 5014 2077 5068 tri-

499 5095 700 5163 huttut,
739 5097 831 5167 qui
871 5097 1072 5167 aliquid
1114 5099 1192 5154 rei
1238 5099 1558 5154 detrahunt;
1606 5101 1871 5172 siquidem
1915 5105 2076 5160 saluti

499 5191 726 5260 publicae
772 5190 942 5244 dicata
985 5190 1260 5262 virginitas
1308 5195 1502 5248 creSttit
1527 5196 1754 5262 merito,
1787 5211 1906 5250 cum
1931 5208 2079 5254 cat-ct

502 5283 742 5352 praemio.
793 5283 982 5338 Absint
1022 5288 1088 5340 ab
1117 5287 1290 5341 tmarii
1331 5289 1493 5342 vestri
1529 5289 1758 5356 puritate
1790 5290 1888 5346 ista
1927 5307 2078 5346 euin-

504 5377 717 5445 pendia.
743 5376 926 5430 Fiscus
955 5377 1213 5432 bonorum
1245 5381 1564 5450 principum,
1593 5397 1697 5435 nun
1741 5383 2079 5437 sacerdotum

504 5469 712 5524 damnis
732 5510 748 5535 ,
779 5470 871 5525 sed
909 5471 1138 5525 hostium
1169 5473 1352 5539 spoliis
1381 5481 1656 5542 augeatur.
1709 5474 1963 5530 Ullumnc
1997 5477 2080 5530 lu-

507 5576 653 5612 crum
678 5571 992 5631 compensat
1013 5562 1263 5616 invidiam
1286 5565 1382 5617 iEt
1404 5565 1524 5633 quia
1548 5566 1771 5620 avaritia
1800 5567 1850 5621 itt
1877 5577 2085 5622 vestros

511 5664 690 5704 mores
712 5666 815 5706 non
841 5653 1002 5714 cadit,
1029 5653 1129 5708 hac
1152 5655 1458 5710 tuisct'iorcs
1482 5665 1600 5710 sunt
1625 5656 1820 5724 quibus
1845 5659 2080 5717 subsidia

2183 4922 2513 4994 principibus
2541 4924 2640 4976 ista
2675 4923 2961 4989 sententia,
2993 4931 3051 4976 ut
3079 4921 3218 4990 quod
3254 4921 3315 4976 de
3346 4919 3616 4975 communi
3647 4920 3765 4988 quio

2180 5015 2404 5072 busdam
2433 5016 2686 5071 tributum
2713 5025 2815 5083 est,
2841 5015 2894 5068 in
2915 5012 3037 5084 jure
3063 5011 3174 5067 fisci
3195 5026 3313 5068 esse
3339 5011 3598 5067 \ideatur.
3631 5010 3768 5064 Nam

2183 5124 2302 5164 cum
2329 5107 2546 5177 respub.
2577 5107 2644 5163 de
2671 5106 2895 5176 singulis
2923 5113 3165 5171 constet,
3196 5105 3335 5176 quod
3371 5105 3439 5158 ab
3460 5119 3522 5158 ea
3552 5105 3772 5174 profici-

2185 5201 2374 5266 scitur,
2406 5199 2466 5253 fit
2488 5213 2672 5252 rursus
2703 5197 2974 5268 pr0prium
3016 5197 3372 5268 singulorum.
3401 5196 3592 5252 Omnia
3622 5198 3773 5267 regi-

2188 5295 2282 5358 tis,
2333 5293 2428 5349 sed
2479 5307 2633 5349 suum
2682 5292 2876 5361 cuique
2930 5291 3180 5358 servatis,
3223 5290 3446 5358 plusque
3484 5290 3626 5358 apud
3676 5307 3774 5343 vos

2179 5387 2386 5458 justitia
2444 5401 2601 5455 quam
2641 5385 2850 5441 licentia
2880 5386 3037 5438 valet.
3065 5382 3342 5438 Consulite
3372 5392 3520 5438 certe
3554 5383 3774 5437 munifi-

2187 5482 2414 5536 centiam
2455 5497 2712 5547 chtram,
2763 5493 2829 5532 an
2877 5477 2991 5534 hinc
3029 5477 3236 5552 publica
3278 5479 3406 5533 velit
3451 5477 3772 5539 existimari,

2187 5587 2304 5642 qua:
2327 5573 2378 5626 iu
2402 5571 2536 5626 alios
2563 5572 2930 5628 transtulistis.
2965 5574 3143 5629 Semel
3192 5572 3379 5626 honori
3408 5569 3566 5626 Uthis
3596 5569 3776 5620 deiata

2188 5662 2496 5733 compendia
2521 5662 2768 5720 desistunt
2798 5680 2915 5722 ese
2944 5664 3318 5729 tribuentium;
3344 5670 3394 5719 et
3418 5662 3554 5732 quod
3585 5674 3611 5712 a
3642 5660 3760 5728 ιιι-ζει
